4070 6366
333 393 475 461 1493

1214 403 1749 468 EPISTOLARUM
1781 409 1927 472 LIB.
1968 412 2034 473 ν.
2075 437 2144 446 -
2181 414 2418 476 EPIST-
2453 418 2747 481 CCLXXI.

3469 410 3494 474 l
3508 412 3604 475 19-5

333 529 452 586 ρων
473 514 754 586 προτόνων
779 517 994 589 ἔχουσα.
1030 516 1232 589 Πρώην
1266 519 1368 590 μὲν
1426 521 1535 592 γὰρ
1565 521 1920 592 εὐαγγελικδν
1952 573 1955 585 ,

2045 542 2132 581 um
2177 529 2326 598 prius
2382 529 2656 588 memoriae
2706 533 2974 606 majorum
3032 543 3154 586 sese
3205 534 3419 600 gerunt.
3461 525 3604 582 Olim

338 605 438 661 καὶ
459 606 826 664 άποστολικὺν
863 609 1304 680 πολιτευομένων
1340 609 1456 681 βίον
1481 609 1589 664 τῶν
1622 611 1721 682 τὴν
1764 613 1924 684 ίερω-

337 695 508 769 σύν-ην
527 699 906 772 ὲστεμμένων,
952 701 1236 773 είκότωςή
1269 700 1538 774 ἱερωσύνη
1571 705 1636 774 τῇ
1673 702 1922 778 βασιλείᾳ.

331 779 408 855 ἦν
436 785 670 860 φοϐερά’
701 788 801 843 νῦν
841 788 900 844 δὲ
925 791 959 861 ἡ
994 789 1242 860 βασιλεία
1275 792 1342 862 τῇ
1384 791 1684 863 ἱερωσύνῃυ
1719 792 1922 864 μᾶλλον

334 874 398 928 ,δὲ
440 875 542 930 οὐκ
575 877 738 950 αὐτῇ,
765 879 903 934 ἀλλὰ
928 883 1042 944 τοῖς
1075 879 1326 952 ἱερᾶσθαι
1351 877 1458 953 μὲν
1479 880 1718 948 δοκοῦσι,
1745 883 1813 938 δι’
1845 877 1922 941 ὧν

333 965 400 1019 δὲ
433 967 768 1038 πράττουσιν
795 971 968 1041 αὐτὴν
1001 969 1308 1042 ὑϐρίζουσι.
1350 971 1442 1025 Διό
1465 989 1558 1042 μοι
1575 972 1724 1028 δοκεῖ
1759 975 1853 1029 καὶ
1885 977 1920 1049 ἡ

326 1053 594 1128 βασιλεία
614 1060 841 1126 είκότως
867 1064 1044 1116 ποιεῖν
1059 1077 1072 1091 ⁸
1100 1063 1163 1116 οὒ
1189 1061 1300 1134 γὰρ
1317 1063 1419 1134 τὴν
1442 1064 1746 1139 ἱερωσύνην
1767 1065 1926 1140 ὑϐρί-

341 1166 436 1205 σαι
464 1153 850 1224 προειρημένη,
875 1155 942 1225 ἢν
973 1153 1272 1220 ὲκθειάζει,
1297 1154 1416 1209 ἀλλ’
1440 1155 1725 1230 ἐκδικῆσαι
1765 1158 1923 1232 669t-

337 1239 604 1397 ζρέιένην,
649 1243 781 1308 τοὺς
803 1244 869 1299 οὐ
911 1245 1141 1312 δεόντως
1175 1247 1314 1319 αὐτῇ
1347 1247 1666 1319 χρωμένους
1706 1266 1920 1322 σωφρφ

339 1349 372 1384 ν
432 1349 502 1388 ει.

339 1349 502 1388 νιςει.

731 1535 891 1591 Σεθι.
928 1567 998 1580 --
1031 1537 1198 1610 nam
1228 1537 1542 1614 ΔιΑιςοΝᾳ

2025 617 2174 672 enim
2232 633 2358 674 cum
2407 623 2776 693 evangelicam
2835 633 2891 678 et
2931 619 3290 692 apostolicam
3347 618 3608 674 ducerem

2027 708 2194 762 vitam
2242 711 2334 781 qui
2378 712 2549 768 sacris
2599 713 2710 770 rite
2751 715 3144 784 operabantur,
3175 711 3376 768 merito
3441 709 3604 782 regiae

2029 795 2279 867 dignitati
2341 811 2502 855 erant
2548 803 2791 857 terrori:
2828 817 2976 858 nunc
3020 817 3153 858 vero
3205 809 3400 858 contra
3448 799 3599 871 regia

2029 885 2288 957 maiestas
2313 890 2605 946 sacerdoti.
2644 891 2737 948 Vel
2765 893 2946 964 petius
2983 909 3092 950 non
3130 892 3257 964 ipsi,
3285 892 3381 950 sed
3409 891 3495 958 iis,
3515 892 3609 961 qui

2029 981 2343 1036 sacerdotes
2391 981 2612 1052 quidem
2667 983 2940 1050 videntur,
2989 983 3148 1040 iactis
3201 993 3383 1040 autem
3436 983 3607 1039 statui

2031 1081 2156 1128 sunt
2178 1071 2380 1143 injnrii.
2405 1073 2574 1131 Recte
2593 1075 2778 1145 itaque
2801 1077 3096 1134 consulunt
3124 1085 3400 1148 aguntque
3426 1087 3608 1145 reges.

2030 1162 2148 1220 Non
2177 1165 2321 1220 enim
2367 1166 2734 1222 sacerdotium
2785 1167 2984 1224 laedere
3039 1168 3376 1239 propositum
3401 1177 3485 1224 est
3517 1166 3607 1232 iis,

2029 1257 2175 1328 quod
2207 1258 2456 1330 religiose
2478 1259 2576 1330 ipsi
2609 1268 2988 1328 revereantur,
3007 1261 3101 1316 sed
3125 1260 3403 1316 vindicare
3426 1259 3611 1316 laesam

2033 1347 2352 1417 dignitatem
2403 1351 2471 1407 ab
2521 1350 2610 1420 iis,
2660 1352 2752 1423 qui
2811 1363 2924 1409 non
2975 1350 3158 1408 debite
3206 1351 3616 1416 administrant,

2033 1447 2304 1512 satagunt.

2335 1549 2610 1609 CCLXIX.
2635 1553 2945 1610 --ΗΕΙᾸᾸΞ
3001 1549 3318 1612 DIACONO.

341 1623 472 1679 Pati
512 1627 756 1696 adversa,
793 1629 1030 1686 salutare
1053 1633 1264 1702 corpori
1317 1635 1627 1704 animque.
1659 1631 1894 1717 (Confer.
1923 1640 2076 1707 epist.
2113 1641 2230 1717 ⁸254-
2255 1653 2304 1698 et
2331 1643 2482 1714 260.)
2525 1664 2544 1697 ι
2570 1648 2611 1701 Α
2649 1646 2874 1704 Domino
2902 1646 3244 1717 eorripimur,
3281 1661 3344 1700 ne
3373 1660 3486 1699 cum
3513 1645 3610 1699 hac

1110 1729 1113 1732 -
1179 1754 1182 1757 .
1617 1707 1813 1758 ntundo
1845 1707 2160 1766 damnemur
2187 1713 2256 1768 ⁸³.
2299 1733 2318 1766 ι

419 1805 496 1860 Οὐ
524 1806 653 1872 τοὺς
694 1807 1008 1876 πταίοντας,
1045 1803 1093 1866 ὦ
1137 1811 1258 1880 τᾶν,
1287 1811 1382 1866 καὶ
1427 1810 1824 1884 κολαζομένους
1851 1815 1941 1869 ὲν-

2112 1821 2525 1894 Delinquentes,
2557 1824 2692 1880 heus
2733 1825 2830 1880 tul
2873 1833 2928 1880 et
2957 1823 3012 1879 in
3059 1825 3162 1880 hac
3199 1823 3308 1878 vita
3345 1821 3594 1894 castigati

342 1897 524 1952 ταῦθα
553 1898 774 1972 θρηνεῖν
802 1901 932 1974 χρὴ,
961 1902 1100 1958 ἀλλὰ
1125 1905 1254 1967 τοὺς
1273 1905 1588 1977 ἀτιμωρητὶ
1609 1905 1925 1970 πταίοντας.

349 1991 563 2062 Ὠσπερ
593 1991 704 2064 γὰρ
738 1993 799 2048 οὐ
845 1995 908 2048 τὸ
945 1999 1121 2062 νοσεῖν
1167 1995 1361 2062 δεινὸν,
1394 1996 1534 2052 ἀλλὰ
1577 1997 1638 2051 τὺ
1668 1996 1930 2052 νοσοῦντα

343 2081 647 2152 θεραπείαν
697 2084 774 2156 μὴ
811 2086 1168 2158 προσίεσθαι·
1219 2088 1340 2143 οὐδὲ
1371 2089 1432 2144 τὸ
1469 2089 1618 2161 ἔχειν
1658 2089 1932 2160 σηπεδόνα

339 2171 564 2244 θρήνων
598 2173 772 2242 ἄξιον,
803 2175 939 2232 ἀλλά
975 2177 1038 2232 τδ
1069 2177 1264 2250 ἔχοντα
1295 2179 1373 2251 μὴ
1410 2179 1702 2235 ἀπολαύειν
1755 2183 1932 2254 ἰατρι-

342 2263 453 2332 κῆς
490 2263 687 2336 τέχνης
743 2265 794 2338 (6
836 2266 944 2340 γὰρ
959 2267 1308 2340 ’τεμνόμενος
1341 2271 1436 2324 καὶ
1481 2271 1770 2342 καιόμενος
1797 2269 1933 2342 πρὸς

343 2352 653 2426 θεραπείαν
687 2355 883 2422 ὁδεύει,
911 2357 1011 2430 τὴν
1039 2359 1146 2413 ἀπὸ
1181 2360 1280 2431 τῆς
1313 2359 1610 2433 ἀλγηδόνος
1638 2360 1935 2434 θεραπείαν

345 2446 816 2518 καρπωσάμενος)
834 2464 847 2478 ·
866 2447 1012 2504 οὕτω
1037 2451 1131 2506 καὶ
1159 2451 1254 2505 ἐπὶ
1276 2451 1387 2506 τῶν
1415 2453 1606 2525 ψυχῶν
1631 2453 1936 2510 διακεῖσθαι

343 2538 479 2610 χρή.
511 2539 576 2592 Ai
608 2539 710 2611 μὲν
748 2541 857 2614 γὰρ
886 2541 1250 2616 κολαζόμεναι
1282 2545 1541 2612 ἐνταῦθα,
1575 2549 1716 2622 πρὸς
1744 2547 1936 2617 ὑγείαν

342 2629 634 2684 ἕλκονται⁸
677 2633 736 2688 αί
773 2633 830 2688 δὲ
867 2635 1178 2709 ἁτιμωρητὶ
1207 2637 1522 2705 πταίουσαι,
1574 2641 1654 2704 είς
1695 2640 1936 2712 ἀναλγη-

347 2719 472 2775 σίαν
501 2721 805 2782 ὁδεύουσιν.
820 2752 832 2762 ·

703 2834 824 2892 Σο’.
858 2866 932 2877 -·
969 2838 1234 2912 ΕΡΜΙΝῼ
1270 2840 1565 2897 ΚΟΜΗΤΙ.

2026 1912 2340 1984 deplorandi
2373 1930 2482 1972 non
2524 1925 2675 1984 sunt,
2697 1917 2793 1973 sed
2839 1917 2932 1986 qui
2977 1915 3232 1986 impuniti
3269 1915 3494 1970 abeunt.
3536 1911 3612 1969 Ut

2025 2005 2172 2062 enim
2201 2021 2305 2063 non
2333 2015 2444 2064 tam
2467 2007 2753 2064 molestum
2774 2016 2860 2064 est
2890 2016 3180 2079 aegrotare,
3213 2020 3379 2078 quam
3424 2003 3616 2061 morbo

2037 2099 2301 2155 medelam
2329 2114 2436 2156 non
2459 2098 2680 2165 all‘erri;
2729 2098 2893 2172 σει
2946 2113 3010 2155 ac
3063 2112 3239 2168 neque
3292 2107 3620 2170 putrescens

2039 2191 2194 2247 ulcus
2217 2190 2473 2248 lamentis
2503 2191 2846 2260 sitdiguum,
2879 2190 2974 2247 sed
3024 2191 3206 2262 potius
3259 2187 3562 2246 remedium
3586 2201 3618 2242 a

2040 2283 2252 2340 medico
2281 2297 2387 2339 non
2417 2283 2666 2340 adhiberi
2707 2301 2722 2340 :
2757 2281 2850 2354 qui
2877 2281 3024 2339 enim
3069 2288 3291 2338 secatur
3347 2279 3617 2350 uriturve,

2043 2375 2112 2430 ad
2137 2374 2474 2430 curationem
2509 2381 2788 2444 properat,
2811 2372 3058 2430 dolorum
3110 2378 3470 2442 percepturus
3501 2383 3620 2424 me-

2043 2463 2218 2520 delam
2251 2481 2266 2520 :
2296 2463 2438 2520 idem
2476 2463 2675 2520 animis
2698 2463 2990 2521 usuvenire
3041 2461 3470 2518 existimandum
3511 2467 3617 2515 est.

2041 2555 2174 2624 Qua:
2223 2556 2370 2612 enim
2408 2556 2497 2614 hic
2540 2569 2717 2627 pmna:
2767 2554 3140 2626 suppliciaque
3185 2553 3510 2620 tolerantur,
3551 2552 3623 2607 ad

2037 2647 2267 2704 salutem
2301 2649 2622 2716 traducunt;
2672 2659 2732 2704 at
2773 2649 2998 2718 impune
3037 2647 3130 2718 qui
3183 2645 3382 2710 ierunt,
3414 2644 3450 2700 ii
3506 2643 3622 2700 fere

2041 2738 2170 2795 mali
2197 2739 2279 2796 sui
2303 2754 2524 2796 sensum
2563 2740 2840 2796 amittunt.

2323 2841 2578 2899 CCLXX.
2627 2869 2700 2888 --
2736 2839 3049 2898 lIERMlNO
3085 2839 3336 2897 COMI'I‘I.

775 2925 1114 2985 Tentationes
1143 2931 1381 3000 exemplo
1411 2932 1512 2988 Job
1539 2934 1703 2990 saluti
1731 2950 1861 2991 esse.
1905 2935 2144 3004 (Confer.
2175 2935 2326 3004 epist.
2350 2935 2444 3002 59,
2479 2934 2572 3000 68,
2605 2933 2694 3000 τί,
2719 2934 2810 3000 87,
2847 2932 2916 2989 96
2944 2942 2994 2988 et
3018 2930 3168 3002 226.)

421 3038 500 3092 Οὐ
525 3037 748 3102 πάντως
775 3039 843 3094 τὰ
867 3040 1010 3095 αὐτὰ
1031 3040 1182 3113 πάθη
1202 3042 1302 3106 τὰς
1322 3043 1496 3108 αὑτὰς
1516 3043 1673 3114 ῥίζας
1695 3043 1930 3116 ἔχουσιν,

345 3130 470 3184 οὐδὲ
510 3133 681 3186 πᾶσαι
711 3133 768 3187 αἱ
797 3133 1052 3198 κολάσεις
1098 3135 1335 3191 ἐνταῦθα
1354 3137 1418 3191 ἐκ
1443 3135 1936 3208 πλημμελημάτων

345 3221 446 3286 τὰς
477 3222 768 3288 ὑποθέσεις
811 3223 1056 3294 ἔχουσινο
1085 3223 1202 3279 ἀλλ’
1234 3226 1284 3280 οἱ
1329 3225 1430 3294 μὲν
1461 3227 1531 3280 δι’
1559 3227 1940 3300 ἁμαρτήματα

351 3308 701 3378 κολάζονται,
753 3314 802 3366 οἱ
848 3313 906 3367 δὲ
952 3313 1042 3368 διὰ
1085 3314 1148 3368 τὸ
1173 3315 1574 3386 δοκιμασθῆναι
1609 3317 1934 3388 πάσχουσιν,

346 3401 416 3457 ἵν’
466 3403 514 3455 oi
585 3402 686 3474 μὲν
723 3403 902 3472 δίκας,
935 3406 984 3459 οῑ
1031 3405 1091 3459 δὲ
1134 3406 1357 3477 δοκίμια
1393 3406 1494 3476 τῆς
1539 3408 1744 3480 ἀρετῆς
1774 3408 1932 3463 δοῖεν.

345 3491 623 3565 Καθάπερ
659 3493 769 3566 γάρ
817 3497 850 3566 ἠ
899 3495 1178 3566 βασανῖτις
1219 3497 1369 3562 λίθος
1413 3499 1507 3552 τὸν
1559 3499 1761 3570 χρυσὸν
1793 3500 1938 3555 δοκιο

349 3583 542 3657 μάζει,
575 3585 636 3650 ἐξ
679 3581 747 3659 ἦς
779 3587 929 3641 λίθου
966 3581 1122 3660 οἶμαι
1155 3589 1254 3642 καὶ
1282 3589 1344 3642 τὸ
1375 3589 1763 3661 βασανίζεσθαι
1798 3593 1935 3648 ὠνο-

348 3677 862 3748 ματοπεποιῆσθαι·
921 3679 1064 3733 οὕτω
1112 3680 1208 3734 καὶ
1257 3679 1308 3734 οἱ
1355 3681 1656 3752 πειρασμοὶ
1691 3682 1820 3745 τοὺς
1860 3680 1939 3736 δι-

347 3768 544 3832 καίους
589 3769 924 3840 ἐλέγχουσιν,
968 3770 1044 3834 ὡς
1078 3770 1173 3825 καὶ
1199 3771 1276 3842 τῷ
1329 3771 1450 3826 Ἰὼϐ
1497 3772 1720 3844 ἐρρέθηο
1763 3793 1782 3825 ι
1819 3773 1937 3828 Οἴει

351 3877 421 3932 με
459 3859 640 3924 ἄλλως
677 3877 760 3914 σοι
786 3854 1276 3934 κεχρηματικέναι,
1311 3862 1344 3934 ἢ
1376 3861 1465 3918 ἴνα
1493 3863 1832 3938 ἀναφανείης
1857 3864 1939 3919 δί-

347 3968 544 4018 καιος;
587 3971 608 4006 ι
665 3955 728 4006 Ui
775 3953 834 4008 δὲ
885 3953 1102 4024 ἀνόητοι
1149 3955 1261 4009 ἀπὸ
1306 3954 1415 4010 τῶν
1472 3957 1798 4028 πειρασμῶν
1846 3959 1940 4013 καὶ

348 4044 482 4107 τοὺς
532 4041 684 4114 βίους
730 4043 841 4098 τῶν
875 4045 1286 4116 πειραζομένων
1319 4047 1719 4105 διαϐάλλουσιν.
1761 4051 1940 4126 Ὅπερ

349 4136 452 4190 καὶ
479 4135 530 4188 oi
551 4134 650 4188 τοῦ
694 4133 814 4188 Ἰὼϐ
850 4135 1014 4204 φίλοι,
1057 4136 1153 4191 καὶ
1183 4138 1212 4191 ὀ
1233 4137 1452 4210 Σεμεεὶ,
1480 4139 1573 4194 καὶ
1596 4141 1648 4194 ol
1673 4141 1942 4214 βάρϐαροι

353 4225 716 4281 πεπόνθασιν.
767 4227 828 4280 Οἱ
873 4225 972 4298 μὲν
1007 4225 1116 4298 γὰρ
1153 4227 1341 4298 ἔλεγον
1372 4227 1450 4300 τῷ
1481 4229 1714 4302 άοιδίμῳ
1743 4247 1941 4300 στεφα-

351 4319 478 4394 νίτῃ
514 4317 595 4390 τῷ
649 4320 830 4373 πᾶσαν
871 4317 966 4372 τοῦ
1017 4318 1266 4373 διαϐόλου
1323 4321 1662 4392 συγκόψαντι
1707 4322 1807 4394 τὴν
1851 4321 1940 4376 δύ-

2113 3045 2444 3106 Aﬂ'ectiones
2475 3045 2676 3104 eadem
2729 3044 2948 3101 radices
2991 3043 3198 3100 habent
3249 3056 3358 3098 non
3401 3041 3624 3098 omnino

2042 3137 2282 3204 easdem,
2315 3147 2376 3194 ut
2421 3152 2600 3210 neque
2624 3151 2802 3208 pinnae
2829 3135 2920 3192 hic
2945 3148 3136 3192 omnes
3165 3149 3232 3190 ex
3264 3143 3506 3205 peccatis
3531 3133 3624 3189 ha-

2039 3231 2172 3287 bent
2201 3228 2510 3300 originem:
2545 3229 2641 3286 sed
2675 3227 2766 3284 alii
2797 3229 2869 3284 ob
2897 3226 3130 3284 crimina
3172 3226 3492 3296 puniuntur,
3529 3225 3620 3280 alii

2041 3336 2194 3387 vero,
2229 3329 2288 3377 ut
2327 3321 2628 3392 probentur
2677 3319 3157 3390 explorenturque,
3200 3317 3324 3374 ideo
3347 3317 3622 3388 castigan-

2042 3421 2146 3467 tur.
2181 3410 2255 3466 Illi
2279 3411 2498 3482 quidem
2538 3417 2594 3466 ut
2619 3423 2808 3480 poenas
2845 3409 2994 3476 dent,
3023 3407 3076 3463 hi
3131 3422 3262 3466 vero
3309 3415 3370 3464 ut
3407 3407 3624 3464 virtutis

2039 3501 2169 3554 dent
2197 3499 2493 3571 Specimen.
2527 3497 2995 3568 Quemadmodum
3051 3498 3187 3569 lapis
3226 3499 3376 3554 enim
3421 3496 3624 3568 Lydius

2041 3588 2356 3661 βασανίτης,
2386 3589 2922 3658 explorator,.dictus,
2950 3587 3092 3658 quod
3113 3600 3304 3642 aurum
3325 3584 3572 3653 exploret
3603 3603 3620 3640 ι

2041 3681 2185 3738 unde
2231 3689 2288 3736 et
2311 3679 2561 3736 Graecum
2587 3679 2811 3736 verbum
2863 3675 3250 3750 βασανίζεσθαι
3280 3691 3379 3748 pro
3419 3675 3623 3731 exami-

2043 3789 2172 3829 nare
2207 3781 2259 3828 et
2290 3771 2566 3842 explorare
2595 3769 2898 3826 derivatum
2929 3787 2945 3825 :
2993 3771 3074 3826 sic
3107 3779 3164 3826 et
3197 3769 3330 3840 ipsae
3361 3766 3611 3852 tentatio-

2041 3879 2139 3922 nes
2183 3865 2360 3936 iustos
2411 3865 2712 3922 ostendunt
2768 3877 2835 3920 ac
2894 3862 3144 3932 probant,
3202 3870 3266 3917 ut
3307 3858 3408 3916 Job
3438 3857 3620 3914 dixit:

2047 3973 2068 4008 ι
2110 3955 2278 4012 Putas
2298 3969 2384 4011 me
2408 3955 2572 4011 aliter
2593 3955 2940 4024 respondisse
2963 3953 3060 4010 tibi
3089 3967 3250 4024 quam
3275 3961 3334 4006 ut
3361 3962 3624 4020 appareas

2037 4045 2220 4118 justus
2246 4045 2327 4102 ὀἳ
2363 4065 2384 4100 ι
2426 4044 2750 4118 insipientes
2801 4060 2932 4103 vero
2983 4043 3055 4100 ob
3094 4041 3420 4100 tentatioues
3458 4039 3623 4094 vitam

2043 4137 2258 4195 illorum
2287 4139 2378 4209 qui
2409 4147 2688 4196 tentantur
2708 4137 3088 4202 criminantur,
3109 4144 3171 4190 ut
3197 4142 3250 4190 et
3275 4132 3434 4188 amici
3456 4132 3625 4202 ipsius

2041 4231 2166 4300 Job,
2186 4240 2245 4289 et
2273 4231 2478 4298 Semei,
2527 4246 2592 4287 ac
2629 4229 2845 4286 barbari
2880 4226 3152 4282 fecerunt.
3190 4221 3271 4278 Illi
3313 4221 3458 4280 enim
3500 4221 3624 4277 illu-

2041 4323 2142 4378 stri
2189 4322 2432 4390 athletae,
2466 4323 2558 4393 qui
2599 4336 2815 4378 omnem
2861 4318 3121 4378 daemonis
3153 4317 3316 4388 fregit
3343 4317 3624 4385 impetum,

351 4427 542 4481 ναμιν·
582 4428 602 4462 ι
653 4411 769 4464 Οὐκ
803 4407 928 4474 ἄξια
953 4401 1028 4463 ὧν
1059 4411 1388 4482 ἡμάρτηκας
1421 4413 1870 4484 panormi-(mam;
1911 4434 1932 4468 ι

2043 4414 2299 4470 dixerunt
2340 4432 2355 4470 :
2406 4433 2426 4466 ι
2497 4413 2691 4471 Nonne
2746 4413 2908 4482 digne
2959 4411 3030 4468 ob
3069 4417 3290 4482 peccata
3328 4406 3625 4498 ﬂagellatus

364 4504 426 4559 ὀ
470 4503 529 4557 δὲ
577 4502 904 4572 ἀνδροφόνον
951 4502 1140 4557 ἐκάλει
1171 4501 1260 4556 τὸν
1307 4503 1634 4574 πραότατου,
1680 4504 1789 4559 ἀπὸ
1836 4507 1935 4577 τῆς

356 4595 650 4666 συμφορᾶς
683 4593 890 4666 ταύτην
919 4593 1102 4664 φέρων
1131 4594 1264 4665 περὶ
1298 4593 1466 4648 αὐτοῦ
1507 4594 1834 4667 τὴνηψῆφον.
1873 4597 1938 4652 Oi

355 4687 416 4742 δὲ
465 4686 658 4758 ἐπειδὴ
691 4687 720 4740 ὁ
753 4685 870 4757 ἔχις
909 4684 1024 4756 (75)
1071 4684 1172 4754 τῆς
1213 4684 1398 4756 χειρὸς
1447 4683 1626 4756 εἴχετο
1676 4687 1776 4757 τῆς
1808 4689 1943 4742 άποτ-

357 4777 640 4848 στολικῆς,
677 4776 952 4845 ἔφασκον⁸
992 4795 1010 4829 ι
1045 4775 1273 4840 Πάντως
1304 4778 1497 4844 φονεύς
1525 4778 1941 4850 ὲστινόάνθρω-

358 4887 464 4934 πος
501 4863 678 4934 οὗτος,
713 4869 772 4924 ὃν
803 4867 1142 4924 διασωθέντα
1185 4865 1250 4922 ἐκ
1281 4869 1382 4940 τῆς
1432 4867 1766 4941 θαλάττηςή
1819 4869 1942 4942 δίκη

361 4964 464 5034 ζῇν
495 4962 596 5016 οὐκ
626 4961 829 5016 εἴασεν.
869 4979 888 5013 ι

647 5105 660 5116 ,
778 5054 944 5108 sua.
993 5083 1064 5093 --
1108 5053 1530 5125 suamnam.

2047 4519 2110 4562 es
2143 4505 2236 4561 '7?
2278 4523 2297 4559 ι
2333 4505 2516 4563 Semel
2543 4521 2671 4562 vero
2696 4503 3044 4560 mitissimum
3078 4499 3334 4556 Davidem
3367 4497 3626 4554 inclamat

2049 4609 2108 4652 ut
2165 4597 2516 4662 luunicidam,
2565 4593 2892 4654 calamitatis
2929 4593 3048 4650 hoc
3102 4589 3288 4648 ferens
3333 4587 3624 4657 judicium.

2045 4689 2270 4744 Barbari
2299 4704 2430 4746 vero
2485 4689 2563 4760 (in
2597 4687 2773 4744 Melita
2808 4685 3028 4758 insula),
3061 4697 3184 4741 cum
3230 4683 3422 4754 anguis
3471 4679 3626 4736 Pauli

2046 4795 2266 4836 manum
2305 4779 2774 4850 apprehendisset,
2799 4778 3116 4850 jactarunt:
3159 4791 3180 4826 ι
3216 4772 3413 4844 Utique
3446 4771 3626 4828 homi-

2047 4870 2168 4926 cida
2201 4879 2286 4926 est
2309 4871 2396 4926 hic
2421 4870 2582 4926 homo
2610 4890 2625 4928 :
2682 4871 2774 4940 qui
2804 4885 2927 4926 cum
2951 4866 3187 4924 evaserit
3226 4879 3258 4922 e
3303 4863 3464 4932 mari,
3494 4862 3630 4920 ultio

2051 4978 2156 5018 non
2190 4963 2320 5020 sinit
2348 4979 2472 5020 eum
2503 4965 2684 5020 vivere
2713 4965 2778 5019 ³⁸.
2821 4982 2842 5017 ι

2405 5055 2680 5112 CCLXXI.
2697 5086 2770 5098 —
2791 5051 3276 5111 TIIEOGNOSTO.

361 5147 595 5212 Diuitiw,
626 5149 812 5212 honor,
837 5157 886 5202 et
923 5148 1207 5216 prudentia
1239 5147 1494 5210 humana,
1520 5147 2394 5289 ardui:[gzuﬁliﬁﬁfteegaaflat
2425 5148 2532 5204 Dea
2568 5148 2850 5218 conﬁdere.
2884 5145 3062 5218 (Cani.
3091 5146 3242 5216 epist.
3286 5146 3342 5210 5,
3366 5143 3434 5200 50
3457 5153 3502 5196 et
3535 5142 3624 5207 58,

434 5331 626 5394 Οὐδὲν,
659 5321 705 5382 ὦ
746 5327 1042 5398 θαυμάσιε,
1085 5327 1115 5380 ὁ
1151 5323 1406 5390 πλοῦτος,
1439 5323 1543 5378 κᾶν
1588 5323 1752 5389 πολὺς
1852 5324 1946 5378 καὶ

361 5420 632 5512 πάντοθεν
659 5419 926 5492 ἐπιρρέῃ·
969 5418 1118 5472 οὐδὲν
1159 5417 1219 5474 τὸ
1260 5415 1501 5506 ἀξίωμα,
1529 5415 1632 5470 κᾶν
1664 5415 1942 5487 βασιλικὸν

2123 5325 2360 5389 ῡῖνίιίαι,
2394 5327 2476 5381 vir
2513 5328 2859 5395 admirande,
2902 5327 3002 5384 etsi
3056 5324 3260 5390 multm,
3289 5329 3343 5378 et
3386 5318 3626 5390 undique

2051 5415 2352 5481 aﬂlucntcs,
2390 5418 2522 5472 nihil
2555 5430 2696 5484 sunt,
2735 5435 2908 5489 neque
2939 5417 3198 5488 dignitas,
3226 5428 3293 5472 ne
3337 5413 3483 5484 regia
3511 5411 3633 5486 qui-

439 5577 486 5610 "
513 5575 680 5632 lCor.
718 5585 795 5638 XI,
828 5570 920 5626 32.
1009 5569 1052 5601 ⁸⁸
1080 5567 1180 5625 Joh
1216 5583 1412 5634 xum,
1439 5567 1527 5624 52.
1606 5567 1651 5601 θ’
1683 5568 1814 5626 ibid.
1891 5570 1934 5602 ⁸⁸
1959 5569 2078 5626 Act.
2119 5586 2310 5635 XXVIII,
2346 5572 2398 5627 4.

1469 5684 1706 5741 ῩΛΗΙᾹΞ
1745 5685 2128 5744 LECTIONES
2169 5688 2256 5743 ET
2299 5688 2533 5746 NOTAE.

439 5825 554 5900 (75)
587 5825 688 5883 Pro
711 5825 738 5878 ὁ
769 5823 882 5896 ἔχις
909 5824 1066 5882 ambo
1089 5821 1244 5880 codd.
1272 5821 1469 5880 habent
1504 5823 1534 5893 ἡ
1562 5821 1694 5893 ἔχις.
1733 5821 1941 5879 Possm.
