  <div class='ocr_page' id='page_1' title='image "/cluster/home/n/w/nwhite01/storage/ocr_20150623/78/coo.31924054869791/756.png"; bbox 0 0 4070 6368; ppageno 0'>
   <div class='ocr_carea' id='block_1_1' title="bbox 378 376 2863 454">
    <p class='ocr_par' dir='ltr' id='par_1_1' title="bbox 378 376 2863 454">
     <span class='ocr_line' id='line_1_1' title="bbox 378 376 2863 454; baseline 0.005 -13"><span class='ocrx_word' id='word_1_1' title='bbox 378 376 517 442; x_wconf 70' lang='grc'><strong>1497</strong></span> <span class='ocrx_word' id='word_1_2' title='bbox 1208 380 1748 445; x_wconf 75' lang='lat' dir='ltr'><strong>EPISTOLARUM</strong></span> <span class='ocrx_word' id='word_1_3' title='bbox 1782 382 1929 447; x_wconf 91' lang='lat' dir='ltr'><strong>LIB.</strong></span> <span class='ocrx_word' id='word_1_4' title='bbox 1968 385 2036 449; x_wconf 86' lang='lat' dir='ltr'><strong>V.</strong></span> <span class='ocrx_word' id='word_1_5' title='bbox 2075 411 2145 423; x_wconf 88' lang='grc'><strong>--</strong></span> <span class='ocrx_word' id='word_1_6' title='bbox 2180 386 2418 451; x_wconf 78' lang='lat' dir='ltr'><strong>EPIST.</strong></span> <span class='ocrx_word' id='word_1_7' title='bbox 2454 391 2863 454; x_wconf 81' lang='lat' dir='ltr'><strong>CCLXXVIII.</strong></span> 
     </span>
    </p>
   </div>
   <div class='ocr_carea' id='block_1_2' title="bbox 3505 398 3640 467">
    <p class='ocr_par' dir='ltr' id='par_1_2' title="bbox 3505 398 3640 467">
     <span class='ocr_line' id='line_1_2' title="bbox 3505 398 3640 467; baseline 0.03 -4"><span class='ocrx_word' id='word_1_8' title='bbox 3505 398 3640 467; x_wconf 73' lang='grc'><strong>1498</strong></span> 
     </span>
    </p>
   </div>
   <div class='ocr_carea' id='block_1_3' title="bbox 374 485 1963 576">
    <p class='ocr_par' dir='ltr' id='par_1_3' title="bbox 374 485 1960 576">
     <span class='ocr_line' id='line_1_3' title="bbox 374 485 1960 576; baseline 0.004 -32"><span class='ocrx_word' id='word_1_9' title='bbox 374 493 488 554; x_wconf 73' lang='grc' dir='ltr'><strong>τοῖς</strong></span> <span class='ocrx_word' id='word_1_10' title='bbox 533 487 629 542; x_wconf 77' lang='grc' dir='ltr'><strong>τοῦ</strong></span> <span class='ocrx_word' id='word_1_11' title='bbox 676 485 856 576; x_wconf 65' lang='grc' dir='ltr'><strong>πάντα</strong></span> <span class='ocrx_word' id='word_1_12' title='bbox 897 487 999 544; x_wconf 80' lang='grc' dir='ltr'><strong>ὅσα</strong></span> <span class='ocrx_word' id='word_1_13' title='bbox 1033 489 1313 561; x_wconf 84' lang='grc' dir='ltr'><strong>βούλονται</strong></span> <span class='ocrx_word' id='word_1_14' title='bbox 1362 493 1457 547; x_wconf 73' lang='grc' dir='ltr'><strong>καὶ</strong></span> <span class='ocrx_word' id='word_1_15' title='bbox 1484 493 1741 549; x_wconf 83' lang='grc' dir='ltr'><strong>δύνανται</strong></span> <span class='ocrx_word' id='word_1_16' title='bbox 1783 500 1960 550; x_wconf 80' lang='grc' dir='ltr'><strong>ποιεῖν</strong></span> 
     </span>
    </p>
   </div>
   <div class='ocr_carea' id='block_1_4' title="bbox 2064 485 3636 576">
    <p class='ocr_par' dir='ltr' id='par_1_4' title="bbox 2068 499 3636 576">
     <span class='ocr_line' id='line_1_4' title="bbox 2068 499 3636 576; baseline 0.006 -24"><span class='ocrx_word' id='word_1_17' title='bbox 2068 507 2434 570; x_wconf 86' lang='lat' dir='ltr'><strong>testatemque</strong></span> <span class='ocrx_word' id='word_1_18' title='bbox 2469 499 2685 566; x_wconf 40' lang='lat' dir='ltr'><strong>ferierit,</strong></span> <span class='ocrx_word' id='word_1_19' title='bbox 2717 517 3053 572; x_wconf 60' lang='lat' dir='ltr'><strong>quacunque</strong></span> <span class='ocrx_word' id='word_1_20' title='bbox 3079 501 3209 557; x_wconf 86' lang='lat' dir='ltr'><strong>libet</strong></span> <span class='ocrx_word' id='word_1_21' title='bbox 3232 511 3511 576; x_wconf 83' lang='lat' dir='ltr'><strong>potestque</strong></span> <span class='ocrx_word' id='word_1_22' title='bbox 3541 523 3636 576; x_wconf 82' lang='lat' dir='ltr'><strong>pa-</strong></span> 
     </span>
    </p>
   </div>
   <div class='ocr_carea' id='block_1_5' title="bbox 374 571 1963 660">
    <p class='ocr_par' dir='ltr' id='par_1_5' title="bbox 374 571 1958 650">
     <span class='ocr_line' id='line_1_5' title="bbox 374 571 1958 650; baseline 0.003 -18"><span class='ocrx_word' id='word_1_23' title='bbox 374 576 644 644; x_wconf 85' lang='grc' dir='ltr'><strong>δεδωκὼς,</strong></span> <span class='ocrx_word' id='word_1_24' title='bbox 694 571 851 644; x_wconf 73' lang='grc' dir='ltr'><strong>οὗτος</strong></span> <span class='ocrx_word' id='word_1_25' title='bbox 896 580 1299 650; x_wconf 85' lang='grc' dir='ltr'><strong>καταγέλαστος</strong></span> <span class='ocrx_word' id='word_1_26' title='bbox 1328 582 1503 647; x_wconf 72' lang='grc' dir='ltr'><strong>ἔσται,</strong></span> <span class='ocrx_word' id='word_1_27' title='bbox 1546 582 1615 637; x_wconf 81' lang='grc' dir='ltr'><strong>τὰ</strong></span> <span class='ocrx_word' id='word_1_28' title='bbox 1637 584 1746 638; x_wconf 82' lang='grc' dir='ltr'><strong>τῶν</strong></span> <span class='ocrx_word' id='word_1_29' title='bbox 1781 584 1958 639; x_wconf 71' lang='grc' dir='ltr'><strong>ἄλλων</strong></span> 
     </span>
    </p>
   </div>
   <div class='ocr_carea' id='block_1_6' title="bbox 2064 571 3638 660">
    <p class='ocr_par' dir='ltr' id='par_1_6' title="bbox 2065 571 3638 660">
     <span class='ocr_line' id='line_1_6' title="bbox 2065 571 3638 660; baseline 0.006 -16"><span class='ocrx_word' id='word_1_30' title='bbox 2065 591 2260 656; x_wconf 80' lang='lat' dir='ltr'><strong>trandi,</strong></span> <span class='ocrx_word' id='word_1_31' title='bbox 2304 592 2394 647; x_wconf 91' lang='lat' dir='ltr'><strong>bic</strong></span> <span class='ocrx_word' id='word_1_32' title='bbox 2439 593 2798 660; x_wconf 85' lang='lat' dir='ltr'><strong>perridiculos</strong></span> <span class='ocrx_word' id='word_1_33' title='bbox 2844 571 3060 658; x_wconf 85' lang='lat' dir='ltr'><strong>evadet,</strong></span> <span class='ocrx_word' id='word_1_34' title='bbox 3115 571 3347 649; x_wconf 83' lang='lat' dir='ltr'><strong>aliorum</strong></span> <span class='ocrx_word' id='word_1_35' title='bbox 3381 571 3638 653; x_wconf 31' lang='lat' dir='ltr'><strong>siverr-ata</strong></span> 
     </span>
    </p>
   </div>
   <div class='ocr_carea' id='block_1_7' title="bbox 375 667 1963 755">
    <p class='ocr_par' dir='ltr' id='par_1_7' title="bbox 375 667 1958 755">
     <span class='ocr_line' id='line_1_7' title="bbox 375 667 1958 755; baseline 0.006 -33"><span class='ocrx_word' id='word_1_36' title='bbox 375 667 723 740; x_wconf 88' lang='grc' dir='ltr'><strong>πειρώμενος</strong></span> <span class='ocrx_word' id='word_1_37' title='bbox 769 670 1037 755; x_wconf 84' lang='grc' dir='ltr'><strong>διορθοῦν.</strong></span> <span class='ocrx_word' id='word_1_38' title='bbox 1070 672 1279 727; x_wconf 82' lang='grc' dir='ltr'><strong>Ταυτδν</strong></span> <span class='ocrx_word' id='word_1_39' title='bbox 1322 674 1429 746; x_wconf 75' lang='grc' dir='ltr'><strong>γὰρ</strong></span> <span class='ocrx_word' id='word_1_40' title='bbox 1478 678 1638 738; x_wconf 77' lang='grc' dir='ltr'><strong>ποιεῖ,</strong></span> <span class='ocrx_word' id='word_1_41' title='bbox 1672 674 1863 747; x_wconf 81' lang='grc' dir='ltr'><strong>ὥσπερ</strong></span> <span class='ocrx_word' id='word_1_42' title='bbox 1890 675 1958 731; x_wconf 82' lang='grc' dir='ltr'>ἂν</span> 
     </span>
    </p>
   </div>
   <div class='ocr_carea' id='block_1_8' title="bbox 2064 667 3640 755">
    <p class='ocr_par' dir='ltr' id='par_1_8' title="bbox 2064 682 3640 755">
     <span class='ocr_line' id='line_1_8' title="bbox 2064 682 3640 755; baseline 0.003 -18"><span class='ocrx_word' id='word_1_43' title='bbox 2064 682 2343 749; x_wconf 76' lang='lat' dir='ltr'><strong>corrigere</strong></span> <span class='ocrx_word' id='word_1_44' title='bbox 2371 683 2587 738; x_wconf 75' lang='lat' dir='ltr'><strong>audeat.</strong></span> <span class='ocrx_word' id='word_1_45' title='bbox 2620 683 2848 739; x_wconf 81' lang='lat' dir='ltr'><strong>Perinde</strong></span> <span class='ocrx_word' id='word_1_46' title='bbox 2875 689 3018 739; x_wconf 90' lang='lat' dir='ltr'><strong>enim</strong></span> <span class='ocrx_word' id='word_1_47' title='bbox 3059 685 3207 748; x_wconf 70' lang='lat' dir='ltr'><strong>facit,</strong></span> <span class='ocrx_word' id='word_1_48' title='bbox 3234 699 3397 755; x_wconf 77' lang='lat' dir='ltr'><strong>atque</strong></span> <span class='ocrx_word' id='word_1_49' title='bbox 3429 687 3475 742; x_wconf 89' lang='lat' dir='ltr'><strong>si</strong></span> <span class='ocrx_word' id='word_1_50' title='bbox 3523 703 3640 742; x_wconf 86' lang='lat' dir='ltr'><strong>me-</strong></span> 
     </span>
    </p>
   </div>
   <div class='ocr_carea' id='block_1_9' title="bbox 374 759 1963 841">
    <p class='ocr_par' dir='ltr' id='par_1_9' title="bbox 374 759 1957 838">
     <span class='ocr_line' id='line_1_9' title="bbox 374 759 1957 838; baseline 0.006 -26"><span class='ocrx_word' id='word_1_51' title='bbox 374 759 433 813; x_wconf 80' lang='lat' dir='ltr'><strong>sl&#39;</strong></span> <span class='ocrx_word' id='word_1_52' title='bbox 460 777 541 824; x_wconf 88' lang='grc' dir='ltr'><strong>τις</strong></span> <span class='ocrx_word' id='word_1_53' title='bbox 577 761 762 834; x_wconf 86' lang='grc' dir='ltr'><strong>ίατρὺς</strong></span> <span class='ocrx_word' id='word_1_54' title='bbox 790 761 971 816; x_wconf 74' lang='grc' dir='ltr'><strong>ἕλκεσι</strong></span> <span class='ocrx_word' id='word_1_55' title='bbox 998 761 1180 833; x_wconf 83' lang='grc' dir='ltr'><strong>βρύων</strong></span> <span class='ocrx_word' id='word_1_56' title='bbox 1207 764 1276 818; x_wconf 82' lang='grc' dir='ltr'><strong>τά</strong></span> <span class='ocrx_word' id='word_1_57' title='bbox 1295 764 1402 817; x_wconf 82' lang='grc' dir='ltr'><strong>τῶν</strong></span> <span class='ocrx_word' id='word_1_58' title='bbox 1432 764 1602 829; x_wconf 82' lang='grc' dir='ltr'><strong>πέλας</strong></span> <span class='ocrx_word' id='word_1_59' title='bbox 1635 765 1957 838; x_wconf 81' lang='grc' dir='ltr'><strong>θεραπεύειν</strong></span> 
     </span>
    </p>
   </div>
   <div class='ocr_carea' id='block_1_10' title="bbox 2064 759 3641 841">
    <p class='ocr_par' dir='ltr' id='par_1_10' title="bbox 2064 771 3641 841">
     <span class='ocr_line' id='line_1_10' title="bbox 2064 771 3641 841; baseline 0.008 -16"><span class='ocrx_word' id='word_1_60' title='bbox 2064 771 2220 826; x_wconf 86' lang='lat' dir='ltr'><strong>dicus</strong></span> <span class='ocrx_word' id='word_1_61' title='bbox 2252 774 2375 841; x_wconf 83' lang='lat' dir='ltr'><strong>quis</strong></span> <span class='ocrx_word' id='word_1_62' title='bbox 2402 773 2674 830; x_wconf 79' lang='lat' dir='ltr'><strong>ulceribus</strong></span> <span class='ocrx_word' id='word_1_63' title='bbox 2697 786 2912 831; x_wconf 85' lang='lat' dir='ltr'><strong>scatens</strong></span> <span class='ocrx_word' id='word_1_64' title='bbox 2946 776 3171 832; x_wconf 74' lang='lat' dir='ltr'><strong>aliorum</strong></span> <span class='ocrx_word' id='word_1_65' title='bbox 3200 792 3392 833; x_wconf 84' lang='lat' dir='ltr'><strong>curare</strong></span> <span class='ocrx_word' id='word_1_66' title='bbox 3422 778 3641 838; x_wconf 83' lang='lat' dir='ltr'><strong>morbos</strong></span> 
     </span>
    </p>
   </div>
   <div class='ocr_carea' id='block_1_11' title="bbox 375 852 1963 929">
    <p class='ocr_par' dir='ltr' id='par_1_11' title="bbox 375 852 705 926">
     <span class='ocr_line' id='line_1_11' title="bbox 375 852 705 926; baseline 0.009 -21"><span class='ocrx_word' id='word_1_67' title='bbox 375 852 705 926; x_wconf 66' lang='grc' dir='ltr'><strong>ἐπιχειροίη.</strong></span> 
     </span>
    </p>
   </div>
   <div class='ocr_carea' id='block_1_12' title="bbox 2064 852 2346 929">
    <p class='ocr_par' dir='ltr' id='par_1_12' title="bbox 2064 860 2346 929">
     <span class='ocr_line' id='line_1_12' title="bbox 2064 860 2346 929; baseline 0 -14"><span class='ocrx_word' id='word_1_68' title='bbox 2064 860 2346 929; x_wconf 83' lang='lat' dir='ltr'><strong>suscipiat.</strong></span> 
     </span>
    </p>
   </div>
   <div class='ocr_carea' id='block_1_13' title="bbox 714 960 1963 1035">
    <p class='ocr_par' dir='ltr' id='par_1_13' title="bbox 714 960 1621 1035">
     <span class='ocr_line' id='line_1_13' title="bbox 714 960 1621 1035; baseline 0.001 -17"><span class='ocrx_word' id='word_1_69' title='bbox 714 960 892 1031; x_wconf 71' lang='lat' dir='ltr'><strong>qu&#39;.</strong></span> <span class='ocrx_word' id='word_1_70' title='bbox 926 992 999 1003; x_wconf 91' lang='lat'><strong><em>—</em></strong></span> <span class='ocrx_word' id='word_1_71' title='bbox 1029 964 1294 1035; x_wconf 77' lang='grc' dir='ltr'><strong>ΕΡΜΙΝῼ</strong></span> <span class='ocrx_word' id='word_1_72' title='bbox 1325 964 1621 1019; x_wconf 82' lang='grc' dir='ltr'><strong>ΚΟΜΗΤῙ.</strong></span> 
     </span>
    </p>
   </div>
   <div class='ocr_carea' id='block_1_14' title="bbox 2064 960 3385 1035">
    <p class='ocr_par' dir='ltr' id='par_1_14' title="bbox 2330 970 3385 1029">
     <span class='ocr_line' id='line_1_14' title="bbox 2330 970 3385 1029; baseline 0.002 -2"><span class='ocrx_word' id='word_1_73' title='bbox 2330 970 2654 1027; x_wconf 76' lang='lat' dir='ltr'><strong>CCLXXVI.</strong></span> <span class='ocrx_word' id='word_1_74' title='bbox 2679 1001 2754 1013; x_wconf 89' lang='lat'>—</span> <span class='ocrx_word' id='word_1_75' title='bbox 2780 971 3092 1028; x_wconf 75' lang='lat' dir='ltr'><strong>HERMINO</strong></span> <span class='ocrx_word' id='word_1_76' title='bbox 3128 973 3385 1029; x_wconf 74' lang='lat' dir='ltr'><strong>COMlTi.</strong></span> 
     </span>
    </p>
   </div>
   <div class='ocr_carea' id='block_1_15' title="bbox 380 1057 3640 1143">
    <p class='ocr_par' dir='ltr' id='par_1_15' title="bbox 380 1057 3640 1143">
     <span class='ocr_line' id='line_1_15' title="bbox 380 1057 3640 1143; baseline 0.004 -32"><span class='ocrx_word' id='word_1_77' title='bbox 380 1057 457 1112; x_wconf 81' lang='lat' dir='ltr'><strong>De</strong></span> <span class='ocrx_word' id='word_1_78' title='bbox 499 1067 779 1129; x_wconf 76' lang='lat' dir='ltr'><strong>grassante</strong></span> <span class='ocrx_word' id='word_1_79' title='bbox 832 1059 1100 1126; x_wconf 73' lang='lat' dir='ltr'><strong>Simonia,</strong></span> <span class='ocrx_word' id='word_1_80' title='bbox 1163 1075 1256 1114; x_wconf 78' lang='lat' dir='ltr'><strong>seu</strong></span> <span class='ocrx_word' id='word_1_81' title='bbox 1302 1058 1591 1143; x_wconf 69' lang='lat' dir='ltr'><strong>sacerdotii</strong></span> <span class='ocrx_word' id='word_1_82' title='bbox 1638 1062 2039 1143; x_wconf 31' lang='lat' dir='ltr'><strong>nult‘dinatioue.</strong></span> <span class='ocrx_word' id='word_1_83' title='bbox 2101 1065 2211 1143; x_wconf 77' lang='lat' dir='ltr'><strong>(De_</strong></span> <span class='ocrx_word' id='word_1_84' title='bbox 2245 1083 2356 1143; x_wconf 64' lang='lat' dir='ltr'><strong>quq</strong></span> <span class='ocrx_word' id='word_1_85' title='bbox 2401 1068 2585 1143; x_wconf 64' lang='lat' dir='ltr'><strong>etiib.</strong></span> <span class='ocrx_word' id='word_1_86' title='bbox 2632 1084 2673 1136; x_wconf 84' lang='grc' dir='ltr'><strong>ι,</strong></span> <span class='ocrx_word' id='word_1_87' title='bbox 2730 1070 2884 1139; x_wconf 85' lang='lat' dir='ltr'><strong>epist.</strong></span> <span class='ocrx_word' id='word_1_88' title='bbox 2937 1070 3039 1125; x_wconf 73' lang='grc'><strong>149</strong></span> <span class='ocrx_word' id='word_1_89' title='bbox 3073 1079 3121 1123; x_wconf 85' lang='lat' dir='ltr'><strong>et</strong></span> <span class='ocrx_word' id='word_1_90' title='bbox 3173 1070 3296 1133; x_wconf 81' lang='grc'><strong>151,</strong></span> <span class='ocrx_word' id='word_1_91' title='bbox 3334 1081 3381 1125; x_wconf 89' lang='lat' dir='ltr'><strong>et</strong></span> <span class='ocrx_word' id='word_1_92' title='bbox 3414 1071 3507 1127; x_wconf 74' lang='lat' dir='ltr'><strong>lib.</strong></span> <span class='ocrx_word' id='word_1_93' title='bbox 3556 1086 3640 1139; x_wconf 86' lang='grc' dir='ltr'><strong>ιιι,</strong></span> 
     </span>
    </p>
   </div>
   <div class='ocr_carea' id='block_1_16' title="bbox 1508 1133 2479 1207">
    <p class='ocr_par' dir='ltr' id='par_1_16' title="bbox 1508 1133 2479 1207">
     <span class='ocr_line' id='line_1_16' title="bbox 1508 1133 2479 1207; baseline 0.008 -23"><span class='ocrx_word' id='word_1_94' title='bbox 1508 1133 1664 1199; x_wconf 74' lang='lat' dir='ltr'><strong>epist.</strong></span> <span class='ocrx_word' id='word_1_95' title='bbox 1704 1133 1831 1196; x_wconf 67' lang='lat'><strong>394,</strong></span> <span class='ocrx_word' id='word_1_96' title='bbox 1865 1142 1915 1188; x_wconf 78' lang='lat' dir='ltr'><strong>et</strong></span> <span class='ocrx_word' id='word_1_97' title='bbox 1958 1136 2101 1204; x_wconf 65' lang='lat' dir='ltr'><strong>inira</strong></span> <span class='ocrx_word' id='word_1_98' title='bbox 2126 1133 2284 1206; x_wconf 76' lang='lat' dir='ltr'><strong>epist.</strong></span> <span class='ocrx_word' id='word_1_99' title='bbox 2326 1138 2479 1207; x_wconf 77' lang='lat'><strong>593.)</strong></span> 
     </span>
    </p>
   </div>
   <div class='ocr_carea' id='block_1_17' title="bbox 448 1237 1957 1309">
    <p class='ocr_par' dir='ltr' id='par_1_17' title="bbox 448 1237 1957 1309">
     <span class='ocr_line' id='line_1_17' title="bbox 448 1237 1957 1309; baseline 0 -16"><span class='ocrx_word' id='word_1_100' title='bbox 448 1237 558 1293; x_wconf 72' lang='grc' dir='ltr'><strong>Καὶ</strong></span> <span class='ocrx_word' id='word_1_101' title='bbox 584 1238 633 1292; x_wconf 85' lang='lat' dir='ltr'><strong>oi</strong></span> <span class='ocrx_word' id='word_1_102' title='bbox 665 1238 1070 1309; x_wconf 78' lang='grc' dir='ltr'><strong>πιπράσκοντες</strong></span> <span class='ocrx_word' id='word_1_103' title='bbox 1095 1238 1191 1291; x_wconf 76' lang='grc' dir='ltr'><strong>καὶ</strong></span> <span class='ocrx_word' id='word_1_104' title='bbox 1228 1238 1278 1291; x_wconf 82' lang='lat' dir='ltr'><strong>oi</strong></span> <span class='ocrx_word' id='word_1_105' title='bbox 1322 1237 1708 1308; x_wconf 79' lang='grc' dir='ltr'><strong>ἀγοράζοντες,</strong></span> <span class='ocrx_word' id='word_1_106' title='bbox 1748 1239 1827 1303; x_wconf 86' lang='grc' dir='ltr'><strong>ὡς</strong></span> <span class='ocrx_word' id='word_1_107' title='bbox 1862 1240 1957 1309; x_wconf 85' lang='grc' dir='ltr'><strong>γέ-</strong></span> 
     </span>
    </p>
   </div>
   <div class='ocr_carea' id='block_1_18' title="bbox 374 1328 1957 1402">
    <p class='ocr_par' dir='ltr' id='par_1_18' title="bbox 374 1328 1957 1402">
     <span class='ocr_line' id='line_1_18' title="bbox 374 1328 1957 1402; baseline 0 -18"><span class='ocrx_word' id='word_1_108' title='bbox 374 1346 620 1402; x_wconf 86' lang='grc' dir='ltr'><strong>γραφας.</strong></span> <span class='ocrx_word' id='word_1_109' title='bbox 644 1329 743 1398; x_wconf 84' lang='grc' dir='ltr'><strong>τὴν</strong></span> <span class='ocrx_word' id='word_1_110' title='bbox 790 1328 1111 1399; x_wconf 74' lang='grc' dir='ltr'>ἱερωσύνην,</span> <span class='ocrx_word' id='word_1_111' title='bbox 1155 1328 1412 1399; x_wconf 84' lang='grc' dir='ltr'><strong>μέγιστον</strong></span> <span class='ocrx_word' id='word_1_112' title='bbox 1453 1329 1576 1382; x_wconf 86' lang='grc' dir='ltr'><strong>καθ’</strong></span> <span class='ocrx_word' id='word_1_113' title='bbox 1621 1331 1831 1384; x_wconf 76' lang='grc' dir='ltr'><strong>ἑαυτῶν</strong></span> <span class='ocrx_word' id='word_1_114' title='bbox 1863 1332 1957 1384; x_wconf 74' lang='grc' dir='ltr'><strong>ἐκ·</strong></span> 
     </span>
    </p>
   </div>
   <div class='ocr_carea' id='block_1_19' title="bbox 375 1416 1948 1495">
    <p class='ocr_par' dir='ltr' id='par_1_19' title="bbox 375 1416 1948 1495">
     <span class='ocr_line' id='line_1_19' title="bbox 375 1416 1948 1495; baseline 0.003 -21"><span class='ocrx_word' id='word_1_115' title='bbox 375 1423 606 1493; x_wconf 81' lang='grc' dir='ltr'><strong>φέρουσι</strong></span> <span class='ocrx_word' id='word_1_116' title='bbox 624 1421 843 1491; x_wconf 77' lang='grc' dir='ltr'><strong>δεῖγμα,</strong></span> <span class='ocrx_word' id='word_1_117' title='bbox 862 1416 931 1495; x_wconf 85' lang='grc' dir='ltr'><strong>ἦς</strong></span> <span class='ocrx_word' id='word_1_118' title='bbox 953 1421 1132 1492; x_wconf 77' lang='grc' dir='ltr'><strong>έχουσι</strong></span> <span class='ocrx_word' id='word_1_119' title='bbox 1154 1422 1282 1493; x_wconf 74' lang='grc' dir='ltr'><strong>περὶ</strong></span> <span class='ocrx_word' id='word_1_120' title='bbox 1301 1421 1395 1475; x_wconf 82' lang='grc' dir='ltr'><strong>τοῦ</strong></span> <span class='ocrx_word' id='word_1_121' title='bbox 1424 1422 1750 1493; x_wconf 81' lang='grc' dir='ltr'><strong>πράγματος</strong></span> <span class='ocrx_word' id='word_1_122' title='bbox 1769 1422 1948 1493; x_wconf 82' lang='grc' dir='ltr'><strong>δόξης.</strong></span> 
     </span>
    </p>
   </div>
   <div class='ocr_carea' id='block_1_20' title="bbox 2130 1240 3644 1317">
    <p class='ocr_par' dir='ltr' id='par_1_20' title="bbox 2130 1240 3644 1317">
     <span class='ocr_line' id='line_1_20' title="bbox 2130 1240 3644 1317; baseline 0.005 -19"><span class='ocrx_word' id='word_1_123' title='bbox 2130 1240 2196 1298; x_wconf 79' lang='lat' dir='ltr'><strong>Et</strong></span> <span class='ocrx_word' id='word_1_124' title='bbox 2224 1247 2519 1301; x_wconf 85' lang='lat' dir='ltr'><strong>vemlentes</strong></span> <span class='ocrx_word' id='word_1_125' title='bbox 2544 1255 2595 1301; x_wconf 89' lang='lat' dir='ltr'><strong>et</strong></span> <span class='ocrx_word' id='word_1_126' title='bbox 2631 1256 2895 1311; x_wconf 81' lang='lat' dir='ltr'><strong>ementes,</strong></span> <span class='ocrx_word' id='word_1_127' title='bbox 2931 1256 2989 1302; x_wconf 92' lang='lat' dir='ltr'><strong>ut</strong></span> <span class='ocrx_word' id='word_1_128' title='bbox 3020 1249 3085 1302; x_wconf 83' lang='lat' dir='ltr'><strong>ad</strong></span> <span class='ocrx_word' id='word_1_129' title='bbox 3114 1263 3200 1303; x_wconf 90' lang='lat' dir='ltr'><strong>me</strong></span> <span class='ocrx_word' id='word_1_130' title='bbox 3239 1250 3522 1317; x_wconf 75' lang='lat' dir='ltr'><strong>scripsisti,</strong></span> <span class='ocrx_word' id='word_1_131' title='bbox 3554 1266 3644 1305; x_wconf 86' lang='lat' dir='ltr'><strong>sa-</strong></span> 
     </span>
    </p>
   </div>
   <div class='ocr_carea' id='block_1_21' title="bbox 2059 1337 3644 1410">
    <p class='ocr_par' dir='ltr' id='par_1_21' title="bbox 2059 1337 3644 1410">
     <span class='ocr_line' id='line_1_21' title="bbox 2059 1337 3644 1410; baseline 0.003 -19"><span class='ocrx_word' id='word_1_132' title='bbox 2059 1337 2383 1404; x_wconf 82' lang='lat' dir='ltr'><strong>cerdotium,</strong></span> <span class='ocrx_word' id='word_1_133' title='bbox 2436 1338 2468 1391; x_wconf 93' lang='lat' dir='ltr'><strong>ii</strong></span> <span class='ocrx_word' id='word_1_134' title='bbox 2502 1353 2752 1407; x_wconf 84' lang='lat' dir='ltr'><strong>magnum</strong></span> <span class='ocrx_word' id='word_1_135' title='bbox 2799 1348 2986 1394; x_wconf 62' lang='lat' dir='ltr'><strong>emrtua</strong></span> <span class='ocrx_word' id='word_1_136' title='bbox 3046 1354 3104 1393; x_wconf 88' lang='lat' dir='ltr'><strong>se</strong></span> <span class='ocrx_word' id='word_1_137' title='bbox 3150 1339 3312 1410; x_wconf 61' lang='grc'><strong>643</strong></span> <span class='ocrx_word' id='word_1_138' title='bbox 3360 1342 3644 1407; x_wconf 78' lang='lat' dir='ltr'><strong>proferunt</strong></span> 
     </span>
    </p>
   </div>
   <div class='ocr_carea' id='block_1_22' title="bbox 2058 1430 3641 1498">
    <p class='ocr_par' dir='ltr' id='par_1_22' title="bbox 2058 1430 3641 1498">
     <span class='ocr_line' id='line_1_22' title="bbox 2058 1430 3641 1498; baseline 0.003 -18"><span class='ocrx_word' id='word_1_139' title='bbox 2058 1438 2432 1496; x_wconf 82' lang='lat' dir='ltr'><strong>argumentum</strong></span> <span class='ocrx_word' id='word_1_140' title='bbox 2491 1442 2601 1483; x_wconf 74' lang='lat' dir='ltr'><strong>sua:</strong></span> <span class='ocrx_word' id='word_1_141' title='bbox 2635 1444 2797 1498; x_wconf 85' lang='lat' dir='ltr'><strong>quam</strong></span> <span class='ocrx_word' id='word_1_142' title='bbox 2830 1430 2897 1481; x_wconf 82' lang='lat' dir='ltr'><strong>de</strong></span> <span class='ocrx_word' id='word_1_143' title='bbox 2928 1430 3030 1483; x_wconf 83' lang='lat' dir='ltr'><strong>hoc</strong></span> <span class='ocrx_word' id='word_1_144' title='bbox 3061 1431 3277 1497; x_wconf 79' lang='lat' dir='ltr'><strong>negotio</strong></span> <span class='ocrx_word' id='word_1_145' title='bbox 3302 1432 3493 1482; x_wconf 83' lang='lat' dir='ltr'><strong>habent</strong></span> <span class='ocrx_word' id='word_1_146' title='bbox 3524 1430 3641 1498; x_wconf 83' lang='lat' dir='ltr'><strong>Opi-</strong></span> 
     </span>
    </p>
   </div>
   <div class='ocr_carea' id='block_1_23' title="bbox 376 1515 1963 1591">
    <p class='ocr_par' dir='ltr' id='par_1_23' title="bbox 376 1515 1958 1587">
     <span class='ocr_line' id='line_1_23' title="bbox 376 1515 1958 1587; baseline 0.001 -17"><span class='ocrx_word' id='word_1_147' title='bbox 376 1518 455 1570; x_wconf 86' lang='grc' dir='ltr'><strong>Ού</strong></span> <span class='ocrx_word' id='word_1_148' title='bbox 486 1516 594 1587; x_wconf 80' lang='grc' dir='ltr'><strong>γὰρ</strong></span> <span class='ocrx_word' id='word_1_149' title='bbox 641 1516 708 1569; x_wconf 81' lang='grc' dir='ltr'><strong>ἂν</strong></span> <span class='ocrx_word' id='word_1_150' title='bbox 740 1515 1070 1586; x_wconf 78' lang='grc' dir='ltr'><strong>ἐτόλμησαν,</strong></span> <span class='ocrx_word' id='word_1_151' title='bbox 1117 1517 1168 1569; x_wconf 85' lang='grc' dir='ltr'><strong>οἱ</strong></span> <span class='ocrx_word' id='word_1_152' title='bbox 1204 1516 1304 1587; x_wconf 81' lang='grc' dir='ltr'><strong>μὲν</strong></span> <span class='ocrx_word' id='word_1_153' title='bbox 1339 1517 1615 1587; x_wconf 83' lang='grc' dir='ltr'><strong>πωλῆσαι,</strong></span> <span class='ocrx_word' id='word_1_154' title='bbox 1652 1519 1703 1571; x_wconf 84' lang='lat' dir='ltr'><strong>oi</strong></span> <span class='ocrx_word' id='word_1_155' title='bbox 1734 1517 1792 1571; x_wconf 75' lang='grc' dir='ltr'><strong>δὲ</strong></span> <span class='ocrx_word' id='word_1_156' title='bbox 1825 1520 1958 1587; x_wconf 85' lang='grc' dir='ltr'><strong>ἀγο-</strong></span> 
     </span>
    </p>
   </div>
   <div class='ocr_carea' id='block_1_24' title="bbox 2064 1515 3640 1591">
    <p class='ocr_par' dir='ltr' id='par_1_24' title="bbox 2064 1520 3640 1591">
     <span class='ocr_line' id='line_1_24' title="bbox 2064 1520 3640 1591; baseline 0.003 -17"><span class='ocrx_word' id='word_1_157' title='bbox 2064 1520 2257 1574; x_wconf 89' lang='lat' dir='ltr'><strong>nionis.</strong></span> <span class='ocrx_word' id='word_1_158' title='bbox 2292 1520 2506 1591; x_wconf 82' lang='lat' dir='ltr'><strong>Alioqui</strong></span> <span class='ocrx_word' id='word_1_159' title='bbox 2547 1538 2651 1576; x_wconf 90' lang='lat' dir='ltr'><strong>non</strong></span> <span class='ocrx_word' id='word_1_160' title='bbox 2705 1532 2889 1577; x_wconf 79' lang='lat' dir='ltr'><strong>essnnt</strong></span> <span class='ocrx_word' id='word_1_161' title='bbox 2939 1522 3055 1575; x_wconf 85' lang='lat' dir='ltr'><strong>ausi</strong></span> <span class='ocrx_word' id='word_1_162' title='bbox 3097 1536 3279 1575; x_wconf 86' lang='lat' dir='ltr'><strong>emere</strong></span> <span class='ocrx_word' id='word_1_163' title='bbox 3320 1534 3375 1574; x_wconf 86' lang='lat' dir='ltr'><strong>et</strong></span> <span class='ocrx_word' id='word_1_164' title='bbox 3405 1524 3640 1578; x_wconf 84' lang='lat' dir='ltr'><strong>vendere</strong></span> 
     </span>
    </p>
   </div>
   <div class='ocr_carea' id='block_1_25' title="bbox 379 1604 1962 1679">
    <p class='ocr_par' dir='ltr' id='par_1_25' title="bbox 379 1604 1962 1679">
     <span class='ocr_line' id='line_1_25' title="bbox 379 1604 1962 1679; baseline 0.002 -20"><span class='ocrx_word' id='word_1_165' title='bbox 379 1605 545 1675; x_wconf 83' lang='grc' dir='ltr'><strong>ράσαι</strong></span> <span class='ocrx_word' id='word_1_166' title='bbox 577 1604 810 1674; x_wconf 82' lang='grc' dir='ltr'><strong>πρᾶγμα</strong></span> <span class='ocrx_word' id='word_1_167' title='bbox 836 1604 998 1671; x_wconf 84' lang='grc' dir='ltr'><strong>θεῖον,</strong></span> <span class='ocrx_word' id='word_1_168' title='bbox 1030 1605 1125 1659; x_wconf 77' lang='grc' dir='ltr'><strong>καὶ</strong></span> <span class='ocrx_word' id='word_1_169' title='bbox 1149 1606 1178 1659; x_wconf 82' lang='grc' dir='ltr'><strong>ὃ</strong></span> <span class='ocrx_word' id='word_1_170' title='bbox 1211 1605 1457 1676; x_wconf 77' lang='grc' dir='ltr'><strong>πολιτείᾳ</strong></span> <span class='ocrx_word' id='word_1_171' title='bbox 1480 1606 1679 1679; x_wconf 85' lang='grc' dir='ltr'><strong>ἀρίστῃ</strong></span> <span class='ocrx_word' id='word_1_172' title='bbox 1703 1607 1798 1660; x_wconf 74' lang='grc' dir='ltr'><strong>καὶ</strong></span> <span class='ocrx_word' id='word_1_173' title='bbox 1836 1609 1962 1679; x_wconf 76' lang='grc' dir='ltr'><strong>τρό-</strong></span> 
     </span>
    </p>
   </div>
   <div class='ocr_carea' id='block_1_26' title="bbox 373 1695 1963 1769">
    <p class='ocr_par' dir='ltr' id='par_1_26' title="bbox 373 1695 1963 1769">
     <span class='ocr_line' id='line_1_26' title="bbox 373 1695 1963 1769; baseline 0.002 -19"><span class='ocrx_word' id='word_1_174' title='bbox 373 1713 503 1760; x_wconf 90' lang='grc' dir='ltr'><strong>ποις</strong></span> <span class='ocrx_word' id='word_1_175' title='bbox 522 1695 701 1767; x_wconf 81' lang='grc' dir='ltr'><strong>ὀρθοῖς</strong></span> <span class='ocrx_word' id='word_1_176' title='bbox 735 1699 1110 1767; x_wconf 81' lang='grc' dir='ltr'><strong>χρεωστεῖται.</strong></span> <span class='ocrx_word' id='word_1_177' title='bbox 1140 1697 1337 1751; x_wconf 80' lang='grc' dir='ltr'><strong>Κανὼν</strong></span> <span class='ocrx_word' id='word_1_178' title='bbox 1367 1698 1476 1769; x_wconf 80' lang='grc' dir='ltr'><strong>γὰρ</strong></span> <span class='ocrx_word' id='word_1_179' title='bbox 1504 1698 1598 1751; x_wconf 79' lang='grc' dir='ltr'><strong>τοῦ</strong></span> <span class='ocrx_word' id='word_1_180' title='bbox 1636 1700 1963 1769; x_wconf 80' lang='grc' dir='ltr'><strong>πράγματος</strong></span> 
     </span>
    </p>
   </div>
   <div class='ocr_carea' id='block_1_27' title="bbox 2060 1609 3640 1680">
    <p class='ocr_par' dir='ltr' id='par_1_27' title="bbox 2060 1609 3640 1680">
     <span class='ocr_line' id='line_1_27' title="bbox 2060 1609 3640 1680; baseline -0.003 -15"><span class='ocrx_word' id='word_1_181' title='bbox 2060 1626 2173 1665; x_wconf 88' lang='lat' dir='ltr'><strong>rem</strong></span> <span class='ocrx_word' id='word_1_182' title='bbox 2210 1613 2473 1677; x_wconf 75' lang='lat' dir='ltr'><strong>divinam,</strong></span> <span class='ocrx_word' id='word_1_183' title='bbox 2508 1627 2627 1678; x_wconf 66' lang='lat' dir='ltr'><strong>qua:</strong></span> <span class='ocrx_word' id='word_1_184' title='bbox 2660 1613 2880 1680; x_wconf 71' lang='lat' dir='ltr'><strong>optimm</strong></span> <span class='ocrx_word' id='word_1_185' title='bbox 2905 1611 3130 1665; x_wconf 78' lang='lat' dir='ltr'><strong>debetur</strong></span> <span class='ocrx_word' id='word_1_186' title='bbox 3157 1609 3640 1674; x_wconf 85' lang='lat' dir='ltr'><strong>administrationi,</strong></span> 
     </span>
    </p>
   </div>
   <div class='ocr_carea' id='block_1_28' title="bbox 2064 1702 3645 1773">
    <p class='ocr_par' dir='ltr' id='par_1_28' title="bbox 2064 1702 3645 1773">
     <span class='ocr_line' id='line_1_28' title="bbox 2064 1702 3645 1773; baseline -0.001 -17"><span class='ocrx_word' id='word_1_187' title='bbox 2064 1704 2334 1771; x_wconf 86' lang='lat' dir='ltr'><strong>rectisque</strong></span> <span class='ocrx_word' id='word_1_188' title='bbox 2366 1703 2633 1757; x_wconf 81' lang='lat' dir='ltr'><strong>moribus.</strong></span> <span class='ocrx_word' id='word_1_189' title='bbox 2652 1702 2855 1773; x_wconf 82' lang='lat' dir='ltr'><strong>Regula</strong></span> <span class='ocrx_word' id='word_1_190' title='bbox 2880 1704 3024 1756; x_wconf 89' lang='lat' dir='ltr'><strong>enim</strong></span> <span class='ocrx_word' id='word_1_191' title='bbox 3052 1702 3214 1769; x_wconf 86' lang='lat' dir='ltr'><strong>hujus</strong></span> <span class='ocrx_word' id='word_1_192' title='bbox 3242 1703 3316 1756; x_wconf 86' lang='lat' dir='ltr'><strong>rei</strong></span> <span class='ocrx_word' id='word_1_193' title='bbox 3356 1710 3459 1763; x_wconf 85' lang='lat' dir='ltr'><strong>est,</strong></span> <span class='ocrx_word' id='word_1_194' title='bbox 3487 1709 3645 1767; x_wconf 76' lang='lat' dir='ltr'><strong>aptus</strong></span> 
     </span>
    </p>
   </div>
   <div class='ocr_carea' id='block_1_29' title="bbox 374 1785 1963 1862">
    <p class='ocr_par' dir='ltr' id='par_1_29' title="bbox 374 1785 1959 1860">
     <span class='ocr_line' id='line_1_29' title="bbox 374 1785 1959 1860; baseline 0.003 -20"><span class='ocrx_word' id='word_1_195' title='bbox 374 1787 410 1856; x_wconf 86' lang='grc' dir='ltr'><strong>ὴ</strong></span> <span class='ocrx_word' id='word_1_196' title='bbox 443 1785 818 1859; x_wconf 77' lang='grc' dir='ltr'><strong>ἐπιτηδειότης</strong></span> <span class='ocrx_word' id='word_1_197' title='bbox 837 1786 932 1840; x_wconf 81' lang='grc' dir='ltr'><strong>τοῦ</strong></span> <span class='ocrx_word' id='word_1_198' title='bbox 956 1787 1347 1857; x_wconf 78' lang='grc' dir='ltr'><strong>λαμϐάνοντος,</strong></span> <span class='ocrx_word' id='word_1_199' title='bbox 1376 1790 1427 1842; x_wconf 84' lang='grc' dir='ltr'><strong>εί</strong></span> <span class='ocrx_word' id='word_1_200' title='bbox 1452 1790 1526 1860; x_wconf 82' lang='grc' dir='ltr'><strong>μὴ</strong></span> <span class='ocrx_word' id='word_1_201' title='bbox 1558 1790 1807 1857; x_wconf 80' lang='grc' dir='ltr'><strong>παίγνιον</strong></span> <span class='ocrx_word' id='word_1_202' title='bbox 1826 1791 1959 1844; x_wconf 80' lang='grc' dir='ltr'><strong>αὐτὸ</strong></span> 
     </span>
    </p>
   </div>
   <div class='ocr_carea' id='block_1_30' title="bbox 2064 1785 3644 1862">
    <p class='ocr_par' dir='ltr' id='par_1_30' title="bbox 2064 1790 3644 1862">
     <span class='ocr_line' id='line_1_30' title="bbox 2064 1790 3644 1862; baseline -0.003 -15"><span class='ocrx_word' id='word_1_203' title='bbox 2064 1802 2122 1847; x_wconf 85' lang='grc' dir='ltr'><strong>ιιι</strong></span> <span class='ocrx_word' id='word_1_204' title='bbox 2144 1793 2215 1845; x_wconf 86' lang='lat' dir='ltr'><strong>sit</strong></span> <span class='ocrx_word' id='word_1_205' title='bbox 2253 1793 2343 1862; x_wconf 86' lang='lat' dir='ltr'><strong>qui</strong></span> <span class='ocrx_word' id='word_1_206' title='bbox 2374 1793 2619 1861; x_wconf 85' lang='lat' dir='ltr'><strong>suscipit,</strong></span> <span class='ocrx_word' id='word_1_207' title='bbox 2650 1794 2750 1845; x_wconf 92' lang='lat' dir='ltr'><strong>nisi</strong></span> <span class='ocrx_word' id='word_1_208' title='bbox 2784 1793 2994 1845; x_wconf 85' lang='lat' dir='ltr'><strong>ludicra</strong></span> <span class='ocrx_word' id='word_1_209' title='bbox 3019 1792 3265 1860; x_wconf 70' lang='lat' dir='ltr'><strong>quazdant</strong></span> <span class='ocrx_word' id='word_1_210' title='bbox 3315 1807 3400 1844; x_wconf 88' lang='lat' dir='ltr'><strong>res</strong></span> <span class='ocrx_word' id='word_1_211' title='bbox 3443 1790 3644 1843; x_wconf 86' lang='lat' dir='ltr'><strong>habea-</strong></span> 
     </span>
    </p>
   </div>
   <div class='ocr_carea' id='block_1_31' title="bbox 375 1872 1959 1954">
    <p class='ocr_par' dir='ltr' id='par_1_31' title="bbox 375 1872 1959 1954">
     <span class='ocr_line' id='line_1_31' title="bbox 375 1872 1959 1954; baseline 0.003 -24"><span class='ocrx_word' id='word_1_212' title='bbox 375 1872 520 1930; x_wconf 75' lang='grc' dir='ltr'><strong>εἶναι</strong></span> <span class='ocrx_word' id='word_1_213' title='bbox 548 1878 835 1949; x_wconf 78' lang='grc' dir='ltr'><strong>ἡγήσαιτο.</strong></span> <span class='ocrx_word' id='word_1_214' title='bbox 882 1878 1019 1932; x_wconf 88' lang='grc' dir='ltr'><strong>Ποία</strong></span> <span class='ocrx_word' id='word_1_215' title='bbox 1048 1875 1144 1933; x_wconf 80' lang='grc' dir='ltr'><strong>οὖν</strong></span> <span class='ocrx_word' id='word_1_216' title='bbox 1174 1880 1529 1935; x_wconf 80' lang='grc' dir='ltr'><strong>ἀποκείσεται</strong></span> <span class='ocrx_word' id='word_1_217' title='bbox 1565 1882 1808 1954; x_wconf 88' lang='grc' dir='ltr'><strong>τιμωρία</strong></span> <span class='ocrx_word' id='word_1_218' title='bbox 1845 1885 1959 1947; x_wconf 83' lang='grc' dir='ltr'><strong>τοῖς</strong></span> 
     </span>
    </p>
   </div>
   <div class='ocr_carea' id='block_1_32' title="bbox 378 1967 1953 2044">
    <p class='ocr_par' dir='ltr' id='par_1_32' title="bbox 378 1967 1953 2044">
     <span class='ocr_line' id='line_1_32' title="bbox 378 1967 1953 2044; baseline 0.004 -23"><span class='ocrx_word' id='word_1_219' title='bbox 378 1967 669 2031; x_wconf 70' lang='grc' dir='ltr'><strong>παίζουσιν</strong></span> <span class='ocrx_word' id='word_1_220' title='bbox 698 1969 757 2022; x_wconf 78' lang='grc' dir='ltr'><strong>ὲν</strong></span> <span class='ocrx_word' id='word_1_221' title='bbox 798 1968 861 2022; x_wconf 82' lang='grc' dir='ltr'><strong>οὐ</strong></span> <span class='ocrx_word' id='word_1_222' title='bbox 896 1972 1169 2033; x_wconf 84' lang='grc' dir='ltr'><strong>παικτοῖς.</strong></span> <span class='ocrx_word' id='word_1_223' title='bbox 1201 1972 1236 2040; x_wconf 78' lang='grc' dir='ltr'><strong>ἠ</strong></span> <span class='ocrx_word' id='word_1_224' title='bbox 1267 1969 1335 2041; x_wconf 81' lang='grc' dir='ltr'><strong>σὴ</strong></span> <span class='ocrx_word' id='word_1_225' title='bbox 1378 1970 1445 2024; x_wconf 84' lang='grc' dir='ltr'><strong>ἂν</strong></span> <span class='ocrx_word' id='word_1_226' title='bbox 1471 1971 1638 2043; x_wconf 84' lang='grc' dir='ltr'><strong>είδείη</strong></span> <span class='ocrx_word' id='word_1_227' title='bbox 1672 1974 1953 2044; x_wconf 80' lang='grc' dir='ltr'><strong>φρόνησις.</strong></span> 
     </span>
    </p>
   </div>
   <div class='ocr_carea' id='block_1_33' title="bbox 376 2054 1959 2133">
    <p class='ocr_par' dir='ltr' id='par_1_33' title="bbox 376 2054 1959 2133">
     <span class='ocr_line' id='line_1_33' title="bbox 376 2054 1959 2133; baseline 0.004 -21"><span class='ocrx_word' id='word_1_228' title='bbox 376 2059 552 2117; x_wconf 85' lang='grc' dir='ltr'><strong>Πάλαι</strong></span> <span class='ocrx_word' id='word_1_229' title='bbox 585 2060 684 2127; x_wconf 80' lang='grc' dir='ltr'><strong>μὲν</strong></span> <span class='ocrx_word' id='word_1_230' title='bbox 711 2054 806 2114; x_wconf 79' lang='grc' dir='ltr'><strong>οὖν</strong></span> <span class='ocrx_word' id='word_1_231' title='bbox 850 2060 944 2113; x_wconf 73' lang='grc' dir='ltr'><strong>ἐπὶ</strong></span> <span class='ocrx_word' id='word_1_232' title='bbox 976 2060 1085 2114; x_wconf 83' lang='grc' dir='ltr'><strong>τῶν</strong></span> <span class='ocrx_word' id='word_1_233' title='bbox 1148 2062 1424 2133; x_wconf 77' lang='grc' dir='ltr'><strong>Ἐϐραίων</strong></span> <span class='ocrx_word' id='word_1_234' title='bbox 1483 2065 1550 2117; x_wconf 75' lang='grc' dir='ltr'><strong>ὲκ</strong></span> <span class='ocrx_word' id='word_1_235' title='bbox 1582 2064 1776 2133; x_wconf 84' lang='grc' dir='ltr'><strong>γένους</strong></span> <span class='ocrx_word' id='word_1_236' title='bbox 1824 2082 1959 2120; x_wconf 86' lang='grc' dir='ltr'><strong>κατ-</strong></span> 
     </span>
    </p>
   </div>
   <div class='ocr_carea' id='block_1_34' title="bbox 374 2150 1960 2227">
    <p class='ocr_par' dir='ltr' id='par_1_34' title="bbox 374 2150 1960 2227">
     <span class='ocr_line' id='line_1_34' title="bbox 374 2150 1960 2227; baseline 0.002 -21"><span class='ocrx_word' id='word_1_237' title='bbox 374 2150 652 2221; x_wconf 87' lang='grc' dir='ltr'><strong>αγομένης</strong></span> <span class='ocrx_word' id='word_1_238' title='bbox 675 2151 776 2222; x_wconf 84' lang='grc' dir='ltr'><strong>τῆς</strong></span> <span class='ocrx_word' id='word_1_239' title='bbox 821 2152 1139 2222; x_wconf 77' lang='grc' dir='ltr'><strong>ἱερωσύνης,</strong></span> <span class='ocrx_word' id='word_1_240' title='bbox 1186 2154 1498 2225; x_wconf 77' lang='grc' dir='ltr'><strong>ἐμέμφοντο</strong></span> <span class='ocrx_word' id='word_1_241' title='bbox 1540 2156 1744 2221; x_wconf 78' lang='grc' dir='ltr'><strong>πολλοὶ,</strong></span> <span class='ocrx_word' id='word_1_242' title='bbox 1792 2156 1861 2211; x_wconf 82' lang='grc' dir='ltr'><strong>δι’</strong></span> <span class='ocrx_word' id='word_1_243' title='bbox 1893 2157 1960 2227; x_wconf 78' lang='grc' dir='ltr'><strong>ἢν</strong></span> 
     </span>
    </p>
   </div>
   <div class='ocr_carea' id='block_1_35' title="bbox 374 2243 1958 2319">
    <p class='ocr_par' dir='ltr' id='par_1_35' title="bbox 374 2243 1958 2319">
     <span class='ocr_line' id='line_1_35' title="bbox 374 2243 1958 2319; baseline 0.003 -22"><span class='ocrx_word' id='word_1_244' title='bbox 374 2244 559 2297; x_wconf 77' lang='grc' dir='ltr'><strong>αἰτίαν</strong></span> <span class='ocrx_word' id='word_1_245' title='bbox 606 2244 684 2313; x_wconf 84' lang='grc' dir='ltr'><strong>τῷ</strong></span> <span class='ocrx_word' id='word_1_246' title='bbox 735 2243 918 2310; x_wconf 83' lang='grc' dir='ltr'><strong>γένει,</strong></span> <span class='ocrx_word' id='word_1_247' title='bbox 966 2243 1084 2298; x_wconf 84' lang='grc' dir='ltr'><strong>ἀλλ’</strong></span> <span class='ocrx_word' id='word_1_248' title='bbox 1135 2245 1195 2297; x_wconf 88' lang='grc' dir='ltr'><strong>ού</strong></span> <span class='ocrx_word' id='word_1_249' title='bbox 1256 2248 1323 2316; x_wconf 83' lang='grc' dir='ltr'><strong>τῇ</strong></span> <span class='ocrx_word' id='word_1_250' title='bbox 1377 2248 1543 2316; x_wconf 81' lang='grc' dir='ltr'><strong>ἀρετῇ</strong></span> <span class='ocrx_word' id='word_1_251' title='bbox 1597 2247 1958 2319; x_wconf 80' lang='grc' dir='ltr'><strong>ἀπενεμήθηο</strong></span> 
     </span>
    </p>
   </div>
   <div class='ocr_carea' id='block_1_36' title="bbox 372 2334 1961 2411">
    <p class='ocr_par' dir='ltr' id='par_1_36' title="bbox 372 2334 1961 2411">
     <span class='ocr_line' id='line_1_36' title="bbox 372 2334 1961 2411; baseline 0.003 -22"><span class='ocrx_word' id='word_1_252' title='bbox 372 2336 564 2405; x_wconf 67' lang='grc' dir='ltr'><strong>ἐπειδὴ</strong></span> <span class='ocrx_word' id='word_1_253' title='bbox 605 2334 662 2388; x_wconf 84' lang='grc' dir='ltr'><strong>δὲ</strong></span> <span class='ocrx_word' id='word_1_254' title='bbox 705 2337 800 2389; x_wconf 81' lang='grc' dir='ltr'><strong>καὶ</strong></span> <span class='ocrx_word' id='word_1_255' title='bbox 844 2336 939 2389; x_wconf 73' lang='grc' dir='ltr'><strong>ἐπὶ</strong></span> <span class='ocrx_word' id='word_1_256' title='bbox 972 2336 1033 2389; x_wconf 82' lang='grc' dir='ltr'><strong>τὸ</strong></span> <span class='ocrx_word' id='word_1_257' title='bbox 1064 2336 1274 2406; x_wconf 79' lang='grc' dir='ltr'><strong>βέλτιον</strong></span> <span class='ocrx_word' id='word_1_258' title='bbox 1308 2338 1717 2411; x_wconf 78' lang='grc' dir='ltr'><strong>μετεκοσμήθη.</strong></span> <span class='ocrx_word' id='word_1_259' title='bbox 1746 2340 1841 2393; x_wconf 76' lang='grc' dir='ltr'><strong>καὶ</strong></span> <span class='ocrx_word' id='word_1_260' title='bbox 1879 2341 1961 2404; x_wconf 87' lang='grc' dir='ltr'><strong>είς</strong></span> 
     </span>
    </p>
   </div>
   <div class='ocr_carea' id='block_1_37' title="bbox 372 2427 1958 2501">
    <p class='ocr_par' dir='ltr' id='par_1_37' title="bbox 372 2427 1958 2501">
     <span class='ocr_line' id='line_1_37' title="bbox 372 2427 1958 2501; baseline -0.001 -17"><span class='ocrx_word' id='word_1_261' title='bbox 372 2429 475 2501; x_wconf 79' lang='grc' dir='ltr'><strong>τὴν</strong></span> <span class='ocrx_word' id='word_1_262' title='bbox 519 2430 719 2501; x_wconf 79' lang='grc' dir='ltr'><strong>ἀρετὴν</strong></span> <span class='ocrx_word' id='word_1_263' title='bbox 761 2427 1154 2499; x_wconf 81' lang='grc' dir='ltr'><strong>μετεκομίσθη,</strong></span> <span class='ocrx_word' id='word_1_264' title='bbox 1206 2429 1470 2499; x_wconf 80' lang='grc' dir='ltr'><strong>μειζόνως</strong></span> <span class='ocrx_word' id='word_1_265' title='bbox 1510 2432 1873 2500; x_wconf 85' lang='grc' dir='ltr'><strong>παροινεϊται,</strong></span> <span class='ocrx_word' id='word_1_266' title='bbox 1925 2428 1958 2499; x_wconf 79' lang='grc' dir='ltr'>ἢ</span> 
     </span>
    </p>
   </div>
   <div class='ocr_carea' id='block_1_38' title="bbox 369 2516 1961 2594">
    <p class='ocr_par' dir='ltr' id='par_1_38' title="bbox 369 2516 1961 2594">
     <span class='ocr_line' id='line_1_38' title="bbox 369 2516 1961 2594; baseline -0.001 -19"><span class='ocrx_word' id='word_1_267' title='bbox 369 2522 462 2575; x_wconf 79' lang='grc' dir='ltr'><strong>ὅτε</strong></span> <span class='ocrx_word' id='word_1_268' title='bbox 491 2521 586 2575; x_wconf 74' lang='grc' dir='ltr'><strong>καὶ</strong></span> <span class='ocrx_word' id='word_1_269' title='bbox 616 2521 849 2574; x_wconf 77' lang='grc' dir='ltr'><strong>ἐλάττων</strong></span> <span class='ocrx_word' id='word_1_270' title='bbox 881 2516 968 2590; x_wconf 81' lang='grc' dir='ltr'><strong>ἦν,</strong></span> <span class='ocrx_word' id='word_1_271' title='bbox 989 2521 1083 2574; x_wconf 77' lang='grc' dir='ltr'><strong>καὶ</strong></span> <span class='ocrx_word' id='word_1_272' title='bbox 1106 2519 1182 2592; x_wconf 84' lang='grc' dir='ltr'><strong>τῷ</strong></span> <span class='ocrx_word' id='word_1_273' title='bbox 1208 2521 1356 2589; x_wconf 81' lang='grc' dir='ltr'><strong>γένει</strong></span> <span class='ocrx_word' id='word_1_274' title='bbox 1384 2522 1827 2594; x_wconf 83' lang='grc' dir='ltr'><strong>ἀπεκεκλήρωτο.</strong></span> <span class='ocrx_word' id='word_1_275' title='bbox 1859 2521 1961 2574; x_wconf 92' lang='grc' dir='ltr'><strong>Τό-</strong></span> 
     </span>
    </p>
   </div>
   <div class='ocr_carea' id='block_1_39' title="bbox 371 2607 1962 2685">
    <p class='ocr_par' dir='ltr' id='par_1_39' title="bbox 371 2607 1962 2685">
     <span class='ocr_line' id='line_1_39' title="bbox 371 2607 1962 2685; baseline -0.001 -18"><span class='ocrx_word' id='word_1_276' title='bbox 371 2631 435 2667; x_wconf 85' lang='grc' dir='ltr'><strong>τε</strong></span> <span class='ocrx_word' id='word_1_277' title='bbox 463 2613 561 2684; x_wconf 83' lang='grc' dir='ltr'><strong>μὲν</strong></span> <span class='ocrx_word' id='word_1_278' title='bbox 593 2613 704 2684; x_wconf 86' lang='grc' dir='ltr'><strong>γὰρ</strong></span> <span class='ocrx_word' id='word_1_279' title='bbox 730 2615 779 2666; x_wconf 89' lang='grc' dir='ltr'><strong>εί</strong></span> <span class='ocrx_word' id='word_1_280' title='bbox 808 2613 903 2666; x_wconf 71' lang='grc' dir='ltr'><strong>καὶ</strong></span> <span class='ocrx_word' id='word_1_281' title='bbox 925 2609 1065 2685; x_wconf 76' lang='grc' dir='ltr'>ἦσάν</span> <span class='ocrx_word' id='word_1_282' title='bbox 1091 2629 1237 2675; x_wconf 88' lang='grc' dir='ltr'><strong>τινες</strong></span> <span class='ocrx_word' id='word_1_283' title='bbox 1262 2612 1497 2679; x_wconf 81' lang='grc' dir='ltr'><strong>ἀνάξιοι,</strong></span> <span class='ocrx_word' id='word_1_284' title='bbox 1529 2612 1666 2667; x_wconf 89' lang='grc' dir='ltr'><strong>ἀλλά</strong></span> <span class='ocrx_word' id='word_1_285' title='bbox 1696 2607 1839 2684; x_wconf 81' lang='grc' dir='ltr'><strong>ἦσαν</strong></span> <span class='ocrx_word' id='word_1_286' title='bbox 1868 2614 1962 2668; x_wconf 79' lang='grc' dir='ltr'><strong>καὶ</strong></span> 
     </span>
    </p>
   </div>
   <div class='ocr_carea' id='block_1_40' title="bbox 372 2702 1962 2777">
    <p class='ocr_par' dir='ltr' id='par_1_40' title="bbox 372 2702 1962 2777">
     <span class='ocr_line' id='line_1_40' title="bbox 372 2702 1962 2777; baseline -0.001 -17"><span class='ocrx_word' id='word_1_287' title='bbox 372 2704 621 2777; x_wconf 75' lang='grc' dir='ltr'><strong>ἄριστοι·</strong></span> <span class='ocrx_word' id='word_1_288' title='bbox 654 2704 714 2757; x_wconf 82' lang='grc' dir='ltr'><strong>τὸ</strong></span> <span class='ocrx_word' id='word_1_289' title='bbox 738 2704 794 2758; x_wconf 75' lang='grc' dir='ltr'><strong>δὲ</strong></span> <span class='ocrx_word' id='word_1_290' title='bbox 824 2705 1103 2775; x_wconf 83' lang='grc' dir='ltr'><strong>χρήμασιν</strong></span> <span class='ocrx_word' id='word_1_291' title='bbox 1147 2702 1403 2757; x_wconf 81' lang='grc' dir='ltr'><strong>ὠνεῖσθαι</strong></span> <span class='ocrx_word' id='word_1_292' title='bbox 1429 2704 1711 2768; x_wconf 77' lang='grc' dir='ltr'><strong>παντελῶς</strong></span> <span class='ocrx_word' id='word_1_293' title='bbox 1746 2704 1962 2774; x_wconf 84' lang='grc' dir='ltr'><strong>ἀπηγό-</strong></span> 
     </span>
    </p>
   </div>
   <div class='ocr_carea' id='block_1_41' title="bbox 375 2792 1959 2866">
    <p class='ocr_par' dir='ltr' id='par_1_41' title="bbox 375 2792 1959 2866">
     <span class='ocr_line' id='line_1_41' title="bbox 375 2792 1959 2866; baseline 0 -19"><span class='ocrx_word' id='word_1_294' title='bbox 375 2811 568 2866; x_wconf 79' lang='grc' dir='ltr'><strong>ρευτο’</strong></span> <span class='ocrx_word' id='word_1_295' title='bbox 615 2796 733 2847; x_wconf 75' lang='grc' dir='ltr'><strong>νυνὶ</strong></span> <span class='ocrx_word' id='word_1_296' title='bbox 762 2793 830 2848; x_wconf 84' lang='grc' dir='ltr'><strong>δι’</strong></span> <span class='ocrx_word' id='word_1_297' title='bbox 857 2795 945 2847; x_wconf 86' lang='grc' dir='ltr'><strong>ὅτε</strong></span> <span class='ocrx_word' id='word_1_298' title='bbox 984 2793 1081 2847; x_wconf 69' lang='grc' dir='ltr'><strong>καὶ</strong></span> <span class='ocrx_word' id='word_1_299' title='bbox 1128 2792 1220 2845; x_wconf 73' lang='grc' dir='ltr'><strong>ἐπὶ</strong></span> <span class='ocrx_word' id='word_1_300' title='bbox 1243 2793 1304 2845; x_wconf 71' lang='grc' dir='ltr'><strong>τὸ</strong></span> <span class='ocrx_word' id='word_1_301' title='bbox 1346 2795 1595 2863; x_wconf 84' lang='grc' dir='ltr'><strong>κρεῖττον</strong></span> <span class='ocrx_word' id='word_1_302' title='bbox 1645 2793 1959 2857; x_wconf 76' lang='grc' dir='ltr'><strong>ἐπιδέδωκε,</strong></span> 
     </span>
    </p>
   </div>
   <div class='ocr_carea' id='block_1_42' title="bbox 375 2883 1962 2960">
    <p class='ocr_par' dir='ltr' id='par_1_42' title="bbox 375 2883 1962 2960">
     <span class='ocr_line' id='line_1_42' title="bbox 375 2883 1962 2960; baseline -0.003 -19"><span class='ocrx_word' id='word_1_303' title='bbox 375 2887 474 2941; x_wconf 74' lang='grc' dir='ltr'><strong>καὶ</strong></span> <span class='ocrx_word' id='word_1_304' title='bbox 496 2890 564 2960; x_wconf 78' lang='grc' dir='ltr'><strong>τῇ</strong></span> <span class='ocrx_word' id='word_1_305' title='bbox 586 2886 754 2958; x_wconf 81' lang='grc' dir='ltr'><strong>ἀρετῇ</strong></span> <span class='ocrx_word' id='word_1_306' title='bbox 778 2884 1123 2957; x_wconf 82' lang='grc' dir='ltr'><strong>ἀπενεμήθη,</strong></span> <span class='ocrx_word' id='word_1_307' title='bbox 1161 2883 1427 2956; x_wconf 81' lang='grc' dir='ltr'><strong>μειζόνως</strong></span> <span class='ocrx_word' id='word_1_308' title='bbox 1456 2884 1839 2956; x_wconf 77' lang='grc' dir='ltr'><strong>κατεπατήθη.</strong></span> <span class='ocrx_word' id='word_1_309' title='bbox 1867 2884 1962 2949; x_wconf 82' lang='grc' dir='ltr'><strong>Τίς</strong></span> 
     </span>
    </p>
   </div>
   <div class='ocr_carea' id='block_1_43' title="bbox 374 2973 1963 3049">
    <p class='ocr_par' dir='ltr' id='par_1_43' title="bbox 374 2973 1963 3049">
     <span class='ocr_line' id='line_1_43' title="bbox 374 2973 1963 3049; baseline -0.001 -18"><span class='ocrx_word' id='word_1_310' title='bbox 374 2979 486 3049; x_wconf 89' lang='grc' dir='ltr'><strong>γάρ</strong></span> <span class='ocrx_word' id='word_1_311' title='bbox 508 2977 619 3031; x_wconf 85' lang='grc' dir='ltr'><strong>τῶν</strong></span> <span class='ocrx_word' id='word_1_312' title='bbox 653 2975 893 3049; x_wconf 87' lang='grc' dir='ltr'><strong>ἀρίστων</strong></span> <span class='ocrx_word' id='word_1_313' title='bbox 920 2973 1146 3040; x_wconf 78' lang='grc' dir='ltr'><strong>ἀξιώσει</strong></span> <span class='ocrx_word' id='word_1_314' title='bbox 1174 2974 1525 3040; x_wconf 83' lang='grc' dir='ltr'><strong>κολακεῦσαι,</strong></span> <span class='ocrx_word' id='word_1_315' title='bbox 1567 2974 1709 3029; x_wconf 83' lang='grc' dir='ltr'><strong>ὥστε</strong></span> <span class='ocrx_word' id='word_1_316' title='bbox 1758 2975 1963 3047; x_wconf 85' lang='grc' dir='ltr'><strong>ταύτης</strong></span> 
     </span>
    </p>
   </div>
   <div class='ocr_carea' id='block_1_44' title="bbox 373 3065 1963 3140">
    <p class='ocr_par' dir='ltr' id='par_1_44' title="bbox 373 3065 1963 3140">
     <span class='ocr_line' id='line_1_44' title="bbox 373 3065 1963 3140; baseline -0.002 -18"><span class='ocrx_word' id='word_1_317' title='bbox 373 3071 591 3140; x_wconf 84' lang='grc' dir='ltr'><strong>τυχεῖν;</strong></span> <span class='ocrx_word' id='word_1_318' title='bbox 628 3067 662 3139; x_wconf 81' lang='grc' dir='ltr'>ἢ</span> <span class='ocrx_word' id='word_1_319' title='bbox 694 3068 779 3131; x_wconf 86' lang='grc' dir='ltr'><strong>τίς</strong></span> <span class='ocrx_word' id='word_1_320' title='bbox 820 3065 1086 3137; x_wconf 83' lang='grc' dir='ltr'><strong>τολμήσει</strong></span> <span class='ocrx_word' id='word_1_321' title='bbox 1113 3068 1391 3137; x_wconf 86' lang='grc' dir='ltr'><strong>χρήμασιν</strong></span> <span class='ocrx_word' id='word_1_322' title='bbox 1412 3065 1731 3124; x_wconf 79' lang='grc' dir='ltr'><strong>ὠνήσασθαι</strong></span> <span class='ocrx_word' id='word_1_323' title='bbox 1770 3068 1963 3138; x_wconf 84' lang='grc' dir='ltr'><strong>χρῆμα</strong></span> 
     </span>
    </p>
   </div>
   <div class='ocr_carea' id='block_1_45' title="bbox 2064 1883 3644 1955">
    <p class='ocr_par' dir='ltr' id='par_1_45' title="bbox 2064 1883 3644 1955">
     <span class='ocr_line' id='line_1_45' title="bbox 2064 1883 3644 1955; baseline -0.001 -16"><span class='ocrx_word' id='word_1_324' title='bbox 2064 1895 2170 1939; x_wconf 88' lang='lat' dir='ltr'><strong>tur.</strong></span> <span class='ocrx_word' id='word_1_325' title='bbox 2200 1886 2298 1940; x_wconf 81' lang='lat' dir='ltr'><strong>Cui</strong></span> <span class='ocrx_word' id='word_1_326' title='bbox 2326 1887 2470 1939; x_wconf 90' lang='lat' dir='ltr'><strong>enim</strong></span> <span class='ocrx_word' id='word_1_327' title='bbox 2501 1900 2674 1955; x_wconf 60' lang='lat' dir='ltr'><strong>pana:</strong></span> <span class='ocrx_word' id='word_1_328' title='bbox 2695 1885 2963 1939; x_wconf 82' lang='lat' dir='ltr'><strong>obnoxius</strong></span> <span class='ocrx_word' id='word_1_329' title='bbox 3002 1886 3249 1937; x_wconf 84' lang='lat' dir='ltr'><strong>videatur</strong></span> <span class='ocrx_word' id='word_1_330' title='bbox 3280 1883 3470 1936; x_wconf 87' lang='lat' dir='ltr'><strong>ludens</strong></span> <span class='ocrx_word' id='word_1_331' title='bbox 3500 1883 3553 1934; x_wconf 91' lang='lat' dir='ltr'><strong>in</strong></span> <span class='ocrx_word' id='word_1_332' title='bbox 3583 1895 3644 1937; x_wconf 86' lang='lat' dir='ltr'><strong>re</strong></span> 
     </span>
    </p>
   </div>
   <div class='ocr_carea' id='block_1_46' title="bbox 2062 1970 3643 2043">
    <p class='ocr_par' dir='ltr' id='par_1_46' title="bbox 2062 1970 3643 2043">
     <span class='ocr_line' id='line_1_46' title="bbox 2062 1970 3643 2043; baseline -0.003 -15"><span class='ocrx_word' id='word_1_333' title='bbox 2062 1990 2168 2029; x_wconf 86' lang='lat' dir='ltr'><strong>non</strong></span> <span class='ocrx_word' id='word_1_334' title='bbox 2198 1975 2429 2038; x_wconf 85' lang='lat' dir='ltr'><strong>ludicra,</strong></span> <span class='ocrx_word' id='word_1_335' title='bbox 2467 1986 2554 2028; x_wconf 92' lang='lat' dir='ltr'><strong>tua</strong></span> <span class='ocrx_word' id='word_1_336' title='bbox 2606 1990 2712 2027; x_wconf 90' lang='lat' dir='ltr'><strong>non</strong></span> <span class='ocrx_word' id='word_1_337' title='bbox 2757 1976 2970 2043; x_wconf 79' lang='lat' dir='ltr'><strong>ignorat</strong></span> <span class='ocrx_word' id='word_1_338' title='bbox 3012 1974 3302 2041; x_wconf 73' lang='lat' dir='ltr'><strong>sapientia.</strong></span> <span class='ocrx_word' id='word_1_339' title='bbox 3339 1970 3480 2026; x_wconf 86' lang='lat' dir='ltr'><strong>Olim</strong></span> <span class='ocrx_word' id='word_1_340' title='bbox 3520 1971 3643 2038; x_wconf 89' lang='lat' dir='ltr'><strong>qui-</strong></span> 
     </span>
    </p>
   </div>
   <div class='ocr_carea' id='block_1_47' title="bbox 2061 2060 3641 2134">
    <p class='ocr_par' dir='ltr' id='par_1_47' title="bbox 2061 2060 3641 2134">
     <span class='ocr_line' id='line_1_47' title="bbox 2061 2060 3641 2134; baseline -0.002 -17"><span class='ocrx_word' id='word_1_341' title='bbox 2061 2065 2182 2118; x_wconf 87' lang='lat' dir='ltr'><strong>dem</strong></span> <span class='ocrx_word' id='word_1_342' title='bbox 2242 2080 2363 2119; x_wconf 91' lang='lat' dir='ltr'><strong>cum</strong></span> <span class='ocrx_word' id='word_1_343' title='bbox 2406 2066 2546 2134; x_wconf 86' lang='lat' dir='ltr'><strong>apud</strong></span> <span class='ocrx_word' id='word_1_344' title='bbox 2588 2063 2850 2118; x_wconf 68' lang='lat' dir='ltr'><strong>Hebraeos</strong></span> <span class='ocrx_word' id='word_1_345' title='bbox 2890 2063 3246 2118; x_wconf 85' lang='lat' dir='ltr'><strong>sacerdotalis</strong></span> <span class='ocrx_word' id='word_1_346' title='bbox 3281 2063 3515 2128; x_wconf 78' lang='lat' dir='ltr'><strong>dignitas</strong></span> <span class='ocrx_word' id='word_1_347' title='bbox 3550 2060 3641 2115; x_wconf 90' lang='lat' dir='ltr'><strong>nni</strong></span> 
     </span>
    </p>
   </div>
   <div class='ocr_carea' id='block_1_48' title="bbox 2061 2155 3644 2227">
    <p class='ocr_par' dir='ltr' id='par_1_48' title="bbox 2061 2155 3644 2227">
     <span class='ocr_line' id='line_1_48' title="bbox 2061 2155 3644 2227; baseline -0.004 -16"><span class='ocrx_word' id='word_1_348' title='bbox 2061 2167 2224 2211; x_wconf 79' lang='lat' dir='ltr'><strong>certa:</strong></span> <span class='ocrx_word' id='word_1_349' title='bbox 2260 2157 2476 2211; x_wconf 76' lang='lat' dir='ltr'><strong>familia:</strong></span> <span class='ocrx_word' id='word_1_350' title='bbox 2520 2158 2793 2227; x_wconf 73' lang='lat' dir='ltr'><strong>assignato</strong></span> <span class='ocrx_word' id='word_1_351' title='bbox 2863 2164 3028 2219; x_wconf 87' lang='lat' dir='ltr'><strong>esset,</strong></span> <span class='ocrx_word' id='word_1_352' title='bbox 3081 2155 3492 2209; x_wconf 86' lang='lat' dir='ltr'><strong>murmurabant</strong></span> <span class='ocrx_word' id='word_1_353' title='bbox 3536 2166 3644 2205; x_wconf 88' lang='lat' dir='ltr'><strong>non</strong></span> 
     </span>
    </p>
   </div>
   <div class='ocr_carea' id='block_1_49' title="bbox 2064 2239 3642 2316">
    <p class='ocr_par' dir='ltr' id='par_1_49' title="bbox 2064 2239 3642 2316">
     <span class='ocr_line' id='line_1_49' title="bbox 2064 2239 3642 2316; baseline -0.003 -16"><span class='ocrx_word' id='word_1_354' title='bbox 2064 2248 2246 2316; x_wconf 83' lang='lat' dir='ltr'><strong>pauci,</strong></span> <span class='ocrx_word' id='word_1_355' title='bbox 2277 2262 2377 2300; x_wconf 90' lang='lat' dir='ltr'><strong>cur</strong></span> <span class='ocrx_word' id='word_1_356' title='bbox 2402 2246 2475 2300; x_wconf 90' lang='lat' dir='ltr'><strong>illi</strong></span> <span class='ocrx_word' id='word_1_357' title='bbox 2515 2247 2670 2316; x_wconf 86' lang='lat' dir='ltr'><strong>stirpi</strong></span> <span class='ocrx_word' id='word_1_358' title='bbox 2705 2247 2885 2316; x_wconf 86' lang='lat' dir='ltr'><strong>potius</strong></span> <span class='ocrx_word' id='word_1_359' title='bbox 2911 2260 2975 2301; x_wconf 84' lang='lat' dir='ltr'><strong>ac</strong></span> <span class='ocrx_word' id='word_1_360' title='bbox 3019 2244 3205 2314; x_wconf 77' lang='lat' dir='ltr'><strong>generi</strong></span> <span class='ocrx_word' id='word_1_361' title='bbox 3242 2258 3401 2312; x_wconf 89' lang='lat' dir='ltr'><strong>quam</strong></span> <span class='ocrx_word' id='word_1_362' title='bbox 3457 2239 3642 2296; x_wconf 84' lang='lat' dir='ltr'><strong>virtuti</strong></span> 
     </span>
    </p>
   </div>
   <div class='ocr_carea' id='block_1_50' title="bbox 2063 2335 3639 2407">
    <p class='ocr_par' dir='ltr' id='par_1_50' title="bbox 2063 2335 3639 2407">
     <span class='ocr_line' id='line_1_50' title="bbox 2063 2335 3639 2407; baseline -0.001 -15"><span class='ocrx_word' id='word_1_363' title='bbox 2063 2339 2301 2392; x_wconf 80' lang='lat' dir='ltr'><strong>daretur.</strong></span> <span class='ocrx_word' id='word_1_364' title='bbox 2336 2337 2628 2407; x_wconf 80' lang='lat' dir='ltr'><strong>Postquam</strong></span> <span class='ocrx_word' id='word_1_365' title='bbox 2657 2354 2784 2391; x_wconf 87' lang='lat' dir='ltr'><strong>vero</strong></span> <span class='ocrx_word' id='word_1_366' title='bbox 2802 2339 2914 2406; x_wconf 86' lang='lat' dir='ltr'><strong>jam</strong></span> <span class='ocrx_word' id='word_1_367' title='bbox 2940 2338 3327 2396; x_wconf 77' lang='lat' dir='ltr'><strong>sacerdotium,</strong></span> <span class='ocrx_word' id='word_1_368' title='bbox 3347 2347 3403 2389; x_wconf 82' lang='lat' dir='ltr'><strong>ct</strong></span> <span class='ocrx_word' id='word_1_369' title='bbox 3424 2335 3639 2406; x_wconf 77' lang='lat' dir='ltr'><strong>dignius</strong></span> 
     </span>
    </p>
   </div>
   <div class='ocr_carea' id='block_1_51' title="bbox 2062 2426 3643 2497">
    <p class='ocr_par' dir='ltr' id='par_1_51' title="bbox 2062 2426 3643 2497">
     <span class='ocr_line' id='line_1_51' title="bbox 2062 2426 3643 2497; baseline -0.001 -15"><span class='ocrx_word' id='word_1_370' title='bbox 2062 2443 2204 2491; x_wconf 86' lang='lat' dir='ltr'><strong>esse,</strong></span> <span class='ocrx_word' id='word_1_371' title='bbox 2231 2438 2285 2482; x_wconf 87' lang='lat' dir='ltr'><strong>et</strong></span> <span class='ocrx_word' id='word_1_372' title='bbox 2306 2429 2519 2482; x_wconf 89' lang='lat' dir='ltr'><strong>virtutis</strong></span> <span class='ocrx_word' id='word_1_373' title='bbox 2555 2428 2738 2485; x_wconf 82' lang='lat' dir='ltr'><strong>haberi</strong></span> <span class='ocrx_word' id='word_1_374' title='bbox 2773 2431 2908 2485; x_wconf 82' lang='lat' dir='ltr'><strong>ratio</strong></span> <span class='ocrx_word' id='word_1_375' title='bbox 2937 2430 3126 2497; x_wconf 78' lang='lat' dir='ltr'><strong>(&#39;(Bpil,</strong></span> <span class='ocrx_word' id='word_1_376' title='bbox 3171 2430 3377 2495; x_wconf 84' lang='lat' dir='ltr'><strong>majore</strong></span> <span class='ocrx_word' id='word_1_377' title='bbox 3407 2426 3643 2481; x_wconf 78' lang='lat' dir='ltr'><strong>afﬁcitur</strong></span> 
     </span>
    </p>
   </div>
   <div class='ocr_carea' id='block_1_52' title="bbox 2064 2517 3644 2589">
    <p class='ocr_par' dir='ltr' id='par_1_52' title="bbox 2064 2517 3644 2589">
     <span class='ocr_line' id='line_1_52' title="bbox 2064 2517 3644 2589; baseline -0.001 -17"><span class='ocrx_word' id='word_1_378' title='bbox 2064 2517 2258 2585; x_wconf 85' lang='lat' dir='ltr'><strong>injuria</strong></span> <span class='ocrx_word' id='word_1_379' title='bbox 2296 2534 2455 2588; x_wconf 88' lang='lat' dir='ltr'><strong>quam</strong></span> <span class='ocrx_word' id='word_1_380' title='bbox 2489 2535 2610 2574; x_wconf 88' lang='lat' dir='ltr'><strong>cunt</strong></span> <span class='ocrx_word' id='word_1_381' title='bbox 2643 2519 2927 2589; x_wconf 81' lang='lat' dir='ltr'><strong>ignobilius</strong></span> <span class='ocrx_word' id='word_1_382' title='bbox 2955 2529 3120 2585; x_wconf 85' lang='lat' dir='ltr'><strong>esset,</strong></span> <span class='ocrx_word' id='word_1_383' title='bbox 3172 2534 3234 2572; x_wconf 87' lang='lat' dir='ltr'><strong>ac</strong></span> <span class='ocrx_word' id='word_1_384' title='bbox 3273 2518 3426 2585; x_wconf 87' lang='lat' dir='ltr'><strong>stirpi</strong></span> <span class='ocrx_word' id='word_1_385' title='bbox 3474 2518 3644 2571; x_wconf 71' lang='lat' dir='ltr'><strong>incre-</strong></span> 
     </span>
    </p>
   </div>
   <div class='ocr_carea' id='block_1_53' title="bbox 2064 2608 3639 2677">
    <p class='ocr_par' dir='ltr' id='par_1_53' title="bbox 2064 2608 3639 2677">
     <span class='ocr_line' id='line_1_53' title="bbox 2064 2608 3639 2677; baseline -0.003 -14"><span class='ocrx_word' id='word_1_386' title='bbox 2064 2609 2320 2663; x_wconf 82' lang='lat' dir='ltr'><strong>ditariutn</strong></span> <span class='ocrx_word' id='word_1_387' title='bbox 2354 2628 2368 2664; x_wconf 87' lang='lat'><strong>:</strong></span> <span class='ocrx_word' id='word_1_388' title='bbox 2394 2609 2492 2664; x_wconf 90' lang='lat' dir='ltr'><strong>etsi</strong></span> <span class='ocrx_word' id='word_1_389' title='bbox 2518 2610 2663 2664; x_wconf 90' lang='lat' dir='ltr'><strong>enim</strong></span> <span class='ocrx_word' id='word_1_390' title='bbox 2687 2624 2817 2664; x_wconf 86' lang='lat' dir='ltr'><strong>tunc</strong></span> <span class='ocrx_word' id='word_1_391' title='bbox 2844 2609 3086 2664; x_wconf 90' lang='lat' dir='ltr'><strong>nonnulli</strong></span> <span class='ocrx_word' id='word_1_392' title='bbox 3117 2608 3406 2677; x_wconf 86' lang='lat' dir='ltr'><strong>eoindigui</strong></span> <span class='ocrx_word' id='word_1_393' title='bbox 3432 2614 3639 2668; x_wconf 88' lang='lat' dir='ltr'><strong>essent,</strong></span> 
     </span>
    </p>
   </div>
   <div class='ocr_carea' id='block_1_54' title="bbox 2062 2697 3638 2772">
    <p class='ocr_par' dir='ltr' id='par_1_54' title="bbox 2062 2697 3638 2772">
     <span class='ocr_line' id='line_1_54' title="bbox 2062 2697 3638 2772; baseline -0.003 -17"><span class='ocrx_word' id='word_1_394' title='bbox 2062 2711 2220 2756; x_wconf 80' lang='lat' dir='ltr'><strong>erant</strong></span> <span class='ocrx_word' id='word_1_395' title='bbox 2269 2713 2446 2757; x_wconf 85' lang='lat' dir='ltr'><strong>tamen</strong></span> <span class='ocrx_word' id='word_1_396' title='bbox 2509 2711 2564 2758; x_wconf 88' lang='lat' dir='ltr'><strong>et</strong></span> <span class='ocrx_word' id='word_1_397' title='bbox 2602 2704 2816 2771; x_wconf 79' lang='lat' dir='ltr'><strong>Optimi,</strong></span> <span class='ocrx_word' id='word_1_398' title='bbox 2882 2704 3107 2772; x_wconf 89' lang='lat' dir='ltr'><strong>pecunia</strong></span> <span class='ocrx_word' id='word_1_399' title='bbox 3167 2715 3295 2754; x_wconf 85' lang='lat' dir='ltr'><strong>vero</strong></span> <span class='ocrx_word' id='word_1_400' title='bbox 3348 2697 3638 2753; x_wconf 88' lang='lat' dir='ltr'><strong>nundinari</strong></span> 
     </span>
    </p>
   </div>
   <div class='ocr_carea' id='block_1_55' title="bbox 2062 2791 3646 2859">
    <p class='ocr_par' dir='ltr' id='par_1_55' title="bbox 2062 2791 3646 2859">
     <span class='ocr_line' id='line_1_55' title="bbox 2062 2791 3646 2859; baseline -0.004 -11"><span class='ocrx_word' id='word_1_401' title='bbox 2062 2794 2286 2848; x_wconf 86' lang='lat' dir='ltr'><strong>ontnino</strong></span> <span class='ocrx_word' id='word_1_402' title='bbox 2321 2797 2544 2847; x_wconf 84' lang='lat' dir='ltr'><strong>vetitum</strong></span> <span class='ocrx_word' id='word_1_403' title='bbox 2579 2804 2721 2848; x_wconf 84' lang='lat' dir='ltr'><strong>erat.</strong></span> <span class='ocrx_word' id='word_1_404' title='bbox 2773 2791 2926 2848; x_wconf 85' lang='lat' dir='ltr'><strong>Nunc</strong></span> <span class='ocrx_word' id='word_1_405' title='bbox 2970 2808 3099 2846; x_wconf 80' lang='lat' dir='ltr'><strong>vero</strong></span> <span class='ocrx_word' id='word_1_406' title='bbox 3136 2807 3258 2846; x_wconf 87' lang='lat' dir='ltr'><strong>cntn</strong></span> <span class='ocrx_word' id='word_1_407' title='bbox 3292 2802 3347 2843; x_wconf 87' lang='lat' dir='ltr'><strong>et</strong></span> <span class='ocrx_word' id='word_1_408' title='bbox 3380 2799 3646 2859; x_wconf 64' lang='lat' dir='ltr'><strong>prsestan—</strong></span> 
     </span>
    </p>
   </div>
   <div class='ocr_carea' id='block_1_56' title="bbox 2067 2882 3641 2944">
    <p class='ocr_par' dir='ltr' id='par_1_56' title="bbox 2067 2882 3641 2944">
     <span class='ocr_line' id='line_1_56' title="bbox 2067 2882 3641 2944; baseline -0.006 -4"><span class='ocrx_word' id='word_1_409' title='bbox 2067 2887 2175 2940; x_wconf 84' lang='lat' dir='ltr'><strong>tius</strong></span> <span class='ocrx_word' id='word_1_410' title='bbox 2209 2884 2577 2940; x_wconf 87' lang='lat' dir='ltr'><strong>sacerdotium</strong></span> <span class='ocrx_word' id='word_1_411' title='bbox 2612 2888 2683 2940; x_wconf 88' lang='lat' dir='ltr'><strong>sit</strong></span> <span class='ocrx_word' id='word_1_412' title='bbox 2710 2886 2895 2938; x_wconf 87' lang='lat' dir='ltr'><strong>datum</strong></span> <span class='ocrx_word' id='word_1_413' title='bbox 2954 2894 3010 2938; x_wconf 87' lang='lat' dir='ltr'><strong>et</strong></span> <span class='ocrx_word' id='word_1_414' title='bbox 3054 2884 3240 2936; x_wconf 81' lang='lat' dir='ltr'><strong>virtuti</strong></span> <span class='ocrx_word' id='word_1_415' title='bbox 3303 2882 3641 2944; x_wconf 82' lang='lat' dir='ltr'><strong>attributum,</strong></span> 
     </span>
    </p>
   </div>
   <div class='ocr_carea' id='block_1_57' title="bbox 2065 2969 3644 3045">
    <p class='ocr_par' dir='ltr' id='par_1_57' title="bbox 2065 2969 3644 3045">
     <span class='ocr_line' id='line_1_57' title="bbox 2065 2969 3644 3045; baseline -0.006 -14"><span class='ocrx_word' id='word_1_416' title='bbox 2065 2976 2240 3045; x_wconf 88' lang='lat' dir='ltr'><strong>tnagis</strong></span> <span class='ocrx_word' id='word_1_417' title='bbox 2268 2978 2655 3031; x_wconf 84' lang='lat' dir='ltr'><strong>cootemuitur.</strong></span> <span class='ocrx_word' id='word_1_418' title='bbox 2683 2976 2816 3042; x_wconf 85' lang='lat' dir='ltr'><strong>Quis</strong></span> <span class='ocrx_word' id='word_1_419' title='bbox 2842 2977 2985 3030; x_wconf 85' lang='lat' dir='ltr'><strong>enim</strong></span> <span class='ocrx_word' id='word_1_420' title='bbox 3036 2976 3118 3027; x_wconf 91' lang='lat' dir='ltr'><strong>vir</strong></span> <span class='ocrx_word' id='word_1_421' title='bbox 3154 2974 3329 3028; x_wconf 91' lang='lat' dir='ltr'><strong>bonus</strong></span> <span class='ocrx_word' id='word_1_422' title='bbox 3379 2969 3644 3025; x_wconf 82' lang='lat' dir='ltr'><strong>assentari</strong></span> 
     </span>
    </p>
   </div>
   <div class='ocr_carea' id='block_1_58' title="bbox 2064 3063 3647 3138">
    <p class='ocr_par' dir='ltr' id='par_1_58' title="bbox 2064 3063 3647 3138">
     <span class='ocr_line' id='line_1_58' title="bbox 2064 3063 3647 3138; baseline -0.006 -15"><span class='ocrx_word' id='word_1_423' title='bbox 2064 3069 2246 3135; x_wconf 82' lang='lat' dir='ltr'><strong>vellet,</strong></span> <span class='ocrx_word' id='word_1_424' title='bbox 2284 3078 2346 3123; x_wconf 91' lang='lat' dir='ltr'><strong>ut</strong></span> <span class='ocrx_word' id='word_1_425' title='bbox 2381 3070 2471 3123; x_wconf 92' lang='lat' dir='ltr'><strong>illo</strong></span> <span class='ocrx_word' id='word_1_426' title='bbox 2497 3070 2739 3138; x_wconf 88' lang='lat' dir='ltr'><strong>potiatur</strong></span> <span class='ocrx_word' id='word_1_427' title='bbox 2760 3068 2784 3122; x_wconf 85' lang='lat'><strong>?</strong></span> <span class='ocrx_word' id='word_1_428' title='bbox 2807 3079 2899 3121; x_wconf 87' lang='lat' dir='ltr'><strong>aut</strong></span> <span class='ocrx_word' id='word_1_429' title='bbox 2920 3069 3043 3137; x_wconf 87' lang='lat' dir='ltr'><strong>quis</strong></span> <span class='ocrx_word' id='word_1_430' title='bbox 3075 3069 3210 3120; x_wconf 83' lang='lat' dir='ltr'><strong>ausit</strong></span> <span class='ocrx_word' id='word_1_431' title='bbox 3251 3063 3471 3133; x_wconf 77' lang='lat' dir='ltr'><strong>pecunia</strong></span> <span class='ocrx_word' id='word_1_432' title='bbox 3506 3076 3647 3115; x_wconf 82' lang='lat' dir='ltr'><strong>nter-</strong></span> 
     </span>
    </p>
   </div>
   <div class='ocr_carea' id='block_1_59' title="bbox 375 3128 1963 3231">
    <p class='ocr_par' dir='ltr' id='par_1_59' title="bbox 375 3128 1961 3229">
     <span class='ocr_line' id='line_1_59' title="bbox 375 3128 1961 3229; baseline -0.004 -14"><span class='ocrx_word' id='word_1_433' title='bbox 375 3128 630 3229; x_wconf 56' lang='grc' dir='ltr'><strong>ἀγγέλοις</strong></span> <span class='ocrx_word' id='word_1_434' title='bbox 651 3128 934 3229; x_wconf 52' lang='grc' dir='ltr'><strong>’πρέπονξ</strong></span> <span class='ocrx_word' id='word_1_435' title='bbox 970 3128 1033 3211; x_wconf 52' lang='lat' dir='ltr'><strong>lii</strong></span> <span class='ocrx_word' id='word_1_436' title='bbox 1305 3152 1450 3211; x_wconf 75' lang='grc' dir='ltr'><strong>οὗτοι</strong></span> <span class='ocrx_word' id='word_1_437' title='bbox 1483 3154 1607 3209; x_wconf 72' lang='grc' dir='ltr'><strong>οὔτε</strong></span> <span class='ocrx_word' id='word_1_438' title='bbox 1645 3128 1961 3209; x_wconf 61' lang='grc' dir='ltr'><strong>κολακεύειν</strong></span> 
     </span>
    </p>
   </div>
   <div class='ocr_carea' id='block_1_60' title="bbox 2064 3128 3646 3231">
    <p class='ocr_par' dir='ltr' id='par_1_60' title="bbox 2065 3128 3646 3231">
     <span class='ocr_line' id='line_1_60' title="bbox 2065 3128 3646 3231; baseline -0.007 -15"><span class='ocrx_word' id='word_1_439' title='bbox 2065 3161 2178 3216; x_wconf 85' lang='lat' dir='ltr'><strong>cari</strong></span> <span class='ocrx_word' id='word_1_440' title='bbox 2205 3128 2320 3215; x_wconf 79' lang='lat' dir='ltr'><strong>rem</strong></span> <span class='ocrx_word' id='word_1_441' title='bbox 2348 3128 2713 3231; x_wconf 65' lang='lat' dir='ltr'><strong>ipsisangelis</strong></span> <span class='ocrx_word' id='word_1_442' title='bbox 2744 3128 3001 3228; x_wconf 75' lang='lat' dir='ltr'><strong>dignam?</strong></span> <span class='ocrx_word' id='word_1_443' title='bbox 3030 3159 3213 3225; x_wconf 82' lang='lat' dir='ltr'><strong>Quare</strong></span> <span class='ocrx_word' id='word_1_444' title='bbox 3252 3128 3517 3223; x_wconf 75' lang='lat' dir='ltr'><strong>siquidem</strong></span> <span class='ocrx_word' id='word_1_445' title='bbox 3553 3166 3646 3206; x_wconf 90' lang='lat' dir='ltr'><strong>ne-</strong></span> 
     </span>
    </p>
   </div>
   <div class='ocr_carea' id='block_1_61' title="bbox 374 3244 1958 3317">
    <p class='ocr_par' dir='ltr' id='par_1_61' title="bbox 374 3244 1958 3317">
     <span class='ocr_line' id='line_1_61' title="bbox 374 3244 1958 3317; baseline -0.004 -12"><span class='ocrx_word' id='word_1_446' title='bbox 374 3249 638 3317; x_wconf 80' lang='grc' dir='ltr'><strong>ἀξιοῦσιν,</strong></span> <span class='ocrx_word' id='word_1_447' title='bbox 664 3247 788 3302; x_wconf 75' lang='grc' dir='ltr'><strong>οὔτε</strong></span> <span class='ocrx_word' id='word_1_448' title='bbox 818 3247 1090 3317; x_wconf 79' lang='grc' dir='ltr'><strong>ἀγοράσαι</strong></span> <span class='ocrx_word' id='word_1_449' title='bbox 1117 3245 1411 3317; x_wconf 84' lang='grc' dir='ltr'><strong>τολμῶσιν·</strong></span> <span class='ocrx_word' id='word_1_450' title='bbox 1453 3245 1562 3299; x_wconf 78' lang='grc' dir='ltr'><strong>εἰσὶ</strong></span> <span class='ocrx_word' id='word_1_451' title='bbox 1600 3244 1668 3312; x_wconf 79' lang='grc' dir='ltr'><strong>δ’,</strong></span> <span class='ocrx_word' id='word_1_452' title='bbox 1696 3244 1771 3307; x_wconf 83' lang='grc' dir='ltr'><strong>ὡς</strong></span> <span class='ocrx_word' id='word_1_453' title='bbox 1797 3244 1958 3315; x_wconf 77' lang='grc' dir='ltr'><strong>ἔφης,</strong></span> 
     </span>
    </p>
   </div>
   <div class='ocr_carea' id='block_1_62' title="bbox 371 3335 1965 3409">
    <p class='ocr_par' dir='ltr' id='par_1_62' title="bbox 371 3335 1965 3409">
     <span class='ocr_line' id='line_1_62' title="bbox 371 3335 1965 3409; baseline -0.004 -13"><span class='ocrx_word' id='word_1_454' title='bbox 371 3345 424 3397; x_wconf 84' lang='grc' dir='ltr'><strong>οἱ</strong></span> <span class='ocrx_word' id='word_1_455' title='bbox 456 3340 771 3403; x_wconf 80' lang='grc' dir='ltr'><strong>κολακείαις</strong></span> <span class='ocrx_word' id='word_1_456' title='bbox 817 3340 909 3394; x_wconf 81' lang='grc' dir='ltr'><strong>καὶ</strong></span> <span class='ocrx_word' id='word_1_457' title='bbox 933 3340 1179 3409; x_wconf 85' lang='grc' dir='ltr'><strong>χρήμασι</strong></span> <span class='ocrx_word' id='word_1_458' title='bbox 1211 3337 1310 3408; x_wconf 75' lang='grc' dir='ltr'><strong>τὴν</strong></span> <span class='ocrx_word' id='word_1_459' title='bbox 1340 3335 1642 3407; x_wconf 84' lang='grc' dir='ltr'><strong>ίερωσύνην</strong></span> <span class='ocrx_word' id='word_1_460' title='bbox 1673 3336 1965 3407; x_wconf 81' lang='grc' dir='ltr'><strong>προπίνον-</strong></span> 
     </span>
    </p>
   </div>
   <div class='ocr_carea' id='block_1_63' title="bbox 374 3421 1964 3503">
    <p class='ocr_par' dir='ltr' id='par_1_63' title="bbox 374 3421 1964 3503">
     <span class='ocr_line' id='line_1_63' title="bbox 374 3421 1964 3503; baseline -0.006 -16"><span class='ocrx_word' id='word_1_461' title='bbox 374 3449 468 3496; x_wconf 85' lang='grc' dir='ltr'><strong>τες</strong></span> <span class='ocrx_word' id='word_1_462' title='bbox 512 3434 583 3503; x_wconf 84' lang='grc' dir='ltr'><strong>(οἱ</strong></span> <span class='ocrx_word' id='word_1_463' title='bbox 617 3431 826 3501; x_wconf 82' lang='grc' dir='ltr'><strong>μυρίων</strong></span> <span class='ocrx_word' id='word_1_464' title='bbox 868 3428 1009 3494; x_wconf 79' lang='grc' dir='ltr'><strong>ἄξιοι</strong></span> <span class='ocrx_word' id='word_1_465' title='bbox 1034 3428 1190 3497; x_wconf 71' lang='grc' dir='ltr'><strong>δῆλον</strong></span> <span class='ocrx_word' id='word_1_466' title='bbox 1216 3429 1297 3481; x_wconf 80' lang='grc' dir='ltr'><strong>ὅτι</strong></span> <span class='ocrx_word' id='word_1_467' title='bbox 1321 3426 1664 3497; x_wconf 84' lang='grc' dir='ltr'><strong>τιμωριῶν),</strong></span> <span class='ocrx_word' id='word_1_468' title='bbox 1691 3421 1837 3480; x_wconf 75' lang='grc' dir='ltr'><strong>οὗτοι</strong></span> <span class='ocrx_word' id='word_1_469' title='bbox 1869 3425 1964 3479; x_wconf 77' lang='grc' dir='ltr'><strong>καὶ</strong></span> 
     </span>
    </p>
   </div>
   <div class='ocr_carea' id='block_1_64' title="bbox 376 3515 1959 3591">
    <p class='ocr_par' dir='ltr' id='par_1_64' title="bbox 376 3515 1959 3591">
     <span class='ocr_line' id='line_1_64' title="bbox 376 3515 1959 3591; baseline -0.004 -13"><span class='ocrx_word' id='word_1_470' title='bbox 376 3522 714 3579; x_wconf 80' lang='grc' dir='ltr'><strong>κολακεῦσαι</strong></span> <span class='ocrx_word' id='word_1_471' title='bbox 767 3521 863 3574; x_wconf 77' lang='grc' dir='ltr'><strong>καὶ</strong></span> <span class='ocrx_word' id='word_1_472' title='bbox 914 3520 1189 3591; x_wconf 81' lang='grc' dir='ltr'><strong>ἀγοράσαι</strong></span> <span class='ocrx_word' id='word_1_473' title='bbox 1239 3518 1342 3571; x_wconf 81' lang='grc' dir='ltr'><strong>οὐκ</strong></span> <span class='ocrx_word' id='word_1_474' title='bbox 1385 3515 1452 3571; x_wconf 79' lang='grc' dir='ltr'>ἂν</span> <span class='ocrx_word' id='word_1_475' title='bbox 1511 3518 1959 3587; x_wconf 79' lang='grc' dir='ltr'><strong>παραιτήσοιντο.</strong></span> 
     </span>
    </p>
   </div>
   <div class='ocr_carea' id='block_1_65' title="bbox 373 3607 1960 3684">
    <p class='ocr_par' dir='ltr' id='par_1_65' title="bbox 373 3607 1960 3684">
     <span class='ocr_line' id='line_1_65' title="bbox 373 3607 1960 3684; baseline -0.005 -15"><span class='ocrx_word' id='word_1_476' title='bbox 373 3616 551 3684; x_wconf 81' lang='grc' dir='ltr'><strong>Λόγος</strong></span> <span class='ocrx_word' id='word_1_477' title='bbox 571 3613 753 3667; x_wconf 88' lang='grc' dir='ltr'><strong>τοίνυν</strong></span> <span class='ocrx_word' id='word_1_478' title='bbox 787 3612 1086 3682; x_wconf 78' lang='grc' dir='ltr'><strong>περιφοιτᾷ</strong></span> <span class='ocrx_word' id='word_1_479' title='bbox 1130 3610 1271 3663; x_wconf 83' lang='grc' dir='ltr'><strong>κατὰ</strong></span> <span class='ocrx_word' id='word_1_480' title='bbox 1297 3608 1404 3679; x_wconf 80' lang='grc' dir='ltr'><strong>γῆν</strong></span> <span class='ocrx_word' id='word_1_481' title='bbox 1435 3607 1529 3661; x_wconf 72' lang='grc' dir='ltr'><strong>καὶ</strong></span> <span class='ocrx_word' id='word_1_482' title='bbox 1561 3607 1852 3670; x_wconf 76' lang='grc' dir='ltr'><strong>θάλατταν,</strong></span> <span class='ocrx_word' id='word_1_483' title='bbox 1876 3608 1960 3661; x_wconf 83' lang='grc' dir='ltr'><strong>ὅτι</strong></span> 
     </span>
    </p>
   </div>
   <div class='ocr_carea' id='block_1_66' title="bbox 374 3699 1962 3774">
    <p class='ocr_par' dir='ltr' id='par_1_66' title="bbox 374 3699 1962 3774">
     <span class='ocr_line' id='line_1_66' title="bbox 374 3699 1962 3774; baseline -0.005 -14"><span class='ocrx_word' id='word_1_484' title='bbox 374 3706 554 3766; x_wconf 72' lang='grc' dir='ltr'><strong>οὐδεὶς</strong></span> <span class='ocrx_word' id='word_1_485' title='bbox 581 3704 694 3758; x_wconf 82' lang='grc' dir='ltr'><strong>τῶν</strong></span> <span class='ocrx_word' id='word_1_486' title='bbox 722 3699 780 3757; x_wconf 83' lang='grc' dir='ltr'><strong>εὖ</strong></span> <span class='ocrx_word' id='word_1_487' title='bbox 814 3702 1073 3774; x_wconf 84' lang='grc' dir='ltr'><strong>βιούντων</strong></span> <span class='ocrx_word' id='word_1_488' title='bbox 1099 3701 1284 3755; x_wconf 82' lang='grc' dir='ltr'><strong>λοιπὸν</strong></span> <span class='ocrx_word' id='word_1_489' title='bbox 1309 3703 1388 3764; x_wconf 84' lang='grc' dir='ltr'><strong>είς</strong></span> <span class='ocrx_word' id='word_1_490' title='bbox 1418 3699 1722 3772; x_wconf 76' lang='grc' dir='ltr'><strong>ἱερωσύνην</strong></span> <span class='ocrx_word' id='word_1_491' title='bbox 1743 3715 1962 3771; x_wconf 82' lang='grc' dir='ltr'><strong>προχει-</strong></span> 
     </span>
    </p>
   </div>
   <div class='ocr_carea' id='block_1_67' title="bbox 380 3792 1963 3870">
    <p class='ocr_par' dir='ltr' id='par_1_67' title="bbox 380 3792 1963 3870">
     <span class='ocr_line' id='line_1_67' title="bbox 380 3792 1963 3870; baseline -0.004 -19"><span class='ocrx_word' id='word_1_492' title='bbox 380 3798 726 3870; x_wconf 81' lang='grc' dir='ltr'><strong>ρισθήσεται,</strong></span> <span class='ocrx_word' id='word_1_493' title='bbox 770 3798 871 3850; x_wconf 83' lang='grc' dir='ltr'><strong>ούκ</strong></span> <span class='ocrx_word' id='word_1_494' title='bbox 920 3796 1111 3868; x_wconf 68' lang='grc' dir='ltr'><strong>ἐπειδὴ</strong></span> <span class='ocrx_word' id='word_1_495' title='bbox 1158 3795 1287 3858; x_wconf 76' lang='grc' dir='ltr'><strong>τοὺς</strong></span> <span class='ocrx_word' id='word_1_496' title='bbox 1331 3794 1517 3859; x_wconf 84' lang='grc' dir='ltr'><strong>ἀξίους</strong></span> <span class='ocrx_word' id='word_1_497' title='bbox 1581 3793 1681 3847; x_wconf 77' lang='grc' dir='ltr'><strong>οὐκ</strong></span> <span class='ocrx_word' id='word_1_498' title='bbox 1735 3792 1851 3863; x_wconf 80' lang='grc' dir='ltr'><strong>ἔχει</strong></span> <span class='ocrx_word' id='word_1_499' title='bbox 1900 3793 1963 3846; x_wconf 81' lang='grc' dir='ltr'><strong>τὸ</strong></span> 
     </span>
    </p>
   </div>
   <div class='ocr_carea' id='block_1_68' title="bbox 380 3882 1969 3959">
    <p class='ocr_par' dir='ltr' id='par_1_68' title="bbox 380 3882 1969 3959">
     <span class='ocr_line' id='line_1_68' title="bbox 380 3882 1969 3959; baseline -0.004 -18"><span class='ocrx_word' id='word_1_500' title='bbox 380 3890 636 3959; x_wconf 77' lang='grc' dir='ltr'><strong>πρᾶγμα,</strong></span> <span class='ocrx_word' id='word_1_501' title='bbox 682 3886 801 3942; x_wconf 75' lang='grc' dir='ltr'><strong>ἀλλῖ</strong></span> <span class='ocrx_word' id='word_1_502' title='bbox 844 3886 1034 3957; x_wconf 72' lang='grc' dir='ltr'><strong>ἐπειδὴ</strong></span> <span class='ocrx_word' id='word_1_503' title='bbox 1056 3886 1118 3939; x_wconf 78' lang='grc' dir='ltr'><strong>ού</strong></span> <span class='ocrx_word' id='word_1_504' title='bbox 1156 3886 1316 3957; x_wconf 91' lang='grc' dir='ltr'><strong>μόνον</strong></span> <span class='ocrx_word' id='word_1_505' title='bbox 1344 3884 1423 3955; x_wconf 85' lang='grc' dir='ltr'><strong>τῷ</strong></span> <span class='ocrx_word' id='word_1_506' title='bbox 1453 3883 1564 3937; x_wconf 86' lang='grc' dir='ltr'><strong>τῶν</strong></span> <span class='ocrx_word' id='word_1_507' title='bbox 1594 3883 1806 3937; x_wconf 83' lang='grc' dir='ltr'><strong>πολλῶν</strong></span> <span class='ocrx_word' id='word_1_508' title='bbox 1835 3882 1969 3955; x_wconf 90' lang='grc' dir='ltr'><strong>κρύ-</strong></span> 
     </span>
    </p>
   </div>
   <div class='ocr_carea' id='block_1_69' title="bbox 378 3974 1969 4050">
    <p class='ocr_par' dir='ltr' id='par_1_69' title="bbox 378 3974 1969 4050">
     <span class='ocr_line' id='line_1_69' title="bbox 378 3974 1969 4050; baseline -0.004 -17"><span class='ocrx_word' id='word_1_509' title='bbox 378 3995 609 4033; x_wconf 87' lang='grc' dir='ltr'><strong>πτονται</strong></span> <span class='ocrx_word' id='word_1_510' title='bbox 648 3979 864 4050; x_wconf 86' lang='grc' dir='ltr'><strong>πλήθει,</strong></span> <span class='ocrx_word' id='word_1_511' title='bbox 914 3977 1050 4031; x_wconf 88' lang='grc' dir='ltr'><strong>ἀλλά</strong></span> <span class='ocrx_word' id='word_1_512' title='bbox 1097 3977 1195 4030; x_wconf 78' lang='grc' dir='ltr'><strong>καὶ</strong></span> <span class='ocrx_word' id='word_1_513' title='bbox 1262 3975 1572 4047; x_wconf 77' lang='grc' dir='ltr'><strong>μισοῦνται,</strong></span> <span class='ocrx_word' id='word_1_514' title='bbox 1608 3976 1704 4028; x_wconf 78' lang='grc' dir='ltr'><strong>καὶ</strong></span> <span class='ocrx_word' id='word_1_515' title='bbox 1748 3974 1969 4028; x_wconf 70' lang='grc' dir='ltr'><strong>ἐπιδου-</strong></span> 
     </span>
    </p>
   </div>
   <div class='ocr_carea' id='block_1_70' title="bbox 380 4066 1969 4140">
    <p class='ocr_par' dir='ltr' id='par_1_70' title="bbox 380 4066 1969 4140">
     <span class='ocr_line' id='line_1_70' title="bbox 380 4066 1969 4140; baseline -0.003 -17"><span class='ocrx_word' id='word_1_516' title='bbox 380 4070 649 4137; x_wconf 88' lang='grc' dir='ltr'><strong>λεύονται,</strong></span> <span class='ocrx_word' id='word_1_517' title='bbox 678 4074 773 4125; x_wconf 79' lang='grc' dir='ltr'><strong>καὶ</strong></span> <span class='ocrx_word' id='word_1_518' title='bbox 810 4069 1311 4140; x_wconf 73' lang='grc' dir='ltr'><strong>έξοστρακίζονται,</strong></span> <span class='ocrx_word' id='word_1_519' title='bbox 1335 4067 1412 4132; x_wconf 82' lang='grc' dir='ltr'><strong>ὡς</strong></span> <span class='ocrx_word' id='word_1_520' title='bbox 1434 4067 1544 4123; x_wconf 84' lang='grc' dir='ltr'><strong>τῶν</strong></span> <span class='ocrx_word' id='word_1_521' title='bbox 1576 4066 1787 4121; x_wconf 84' lang='grc' dir='ltr'><strong>πολλῶν</strong></span> <span class='ocrx_word' id='word_1_522' title='bbox 1817 4066 1969 4135; x_wconf 72' lang='grc' dir='ltr'><strong>ἐλέγ-</strong></span> 
     </span>
    </p>
   </div>
   <div class='ocr_carea' id='block_1_71' title="bbox 381 4163 993 4237">
    <p class='ocr_par' dir='ltr' id='par_1_71' title="bbox 381 4163 993 4237">
     <span class='ocr_line' id='line_1_71' title="bbox 381 4163 993 4237; baseline -0.002 -18"><span class='ocrx_word' id='word_1_523' title='bbox 381 4181 569 4237; x_wconf 87' lang='grc' dir='ltr'><strong>χοντες</strong></span> <span class='ocrx_word' id='word_1_524' title='bbox 597 4163 711 4236; x_wconf 88' lang='grc'><strong>(78)</strong></span> <span class='ocrx_word' id='word_1_525' title='bbox 738 4164 832 4217; x_wconf 84' lang='grc' dir='ltr'><strong>τὸν</strong></span> <span class='ocrx_word' id='word_1_526' title='bbox 857 4163 993 4233; x_wconf 89' lang='grc' dir='ltr'><strong>βίον.</strong></span> 
     </span>
    </p>
   </div>
   <div class='ocr_carea' id='block_1_72' title="bbox 860 4251 1468 4325">
    <p class='ocr_par' dir='ltr' id='par_1_72' title="bbox 860 4251 1468 4325">
     <span class='ocr_line' id='line_1_72' title="bbox 860 4251 1468 4325; baseline -0.005 -17"><span class='ocrx_word' id='word_1_527' title='bbox 860 4255 1022 4309; x_wconf 72' lang='lat' dir='ltr'><strong>2oz&#39;.</strong></span> <span class='ocrx_word' id='word_1_528' title='bbox 1046 4281 1118 4297; x_wconf 80' lang='grc'><strong>.-</strong></span> <span class='ocrx_word' id='word_1_529' title='bbox 1145 4253 1232 4325; x_wconf 74' lang='lat' dir='ltr'><strong>Tn</strong></span> <span class='ocrx_word' id='word_1_530' title='bbox 1265 4251 1468 4324; x_wconf 78' lang='grc' dir='ltr'><strong>ΑΥΤῼ.</strong></span> 
     </span>
    </p>
   </div>
   <div class='ocr_carea' id='block_1_73' title="bbox 2060 3242 3647 3321">
    <p class='ocr_par' dir='ltr' id='par_1_73' title="bbox 2060 3242 3647 3321">
     <span class='ocr_line' id='line_1_73' title="bbox 2060 3242 3647 3321; baseline -0.004 -18"><span class='ocrx_word' id='word_1_531' title='bbox 2060 3266 2167 3321; x_wconf 87' lang='lat' dir='ltr'><strong>que</strong></span> <span class='ocrx_word' id='word_1_532' title='bbox 2218 3252 2426 3305; x_wconf 83' lang='lat' dir='ltr'><strong>adulari</strong></span> <span class='ocrx_word' id='word_1_533' title='bbox 2466 3251 2654 3316; x_wconf 86' lang='lat' dir='ltr'><strong>velint,</strong></span> <span class='ocrx_word' id='word_1_534' title='bbox 2709 3265 2883 3316; x_wconf 90' lang='lat' dir='ltr'><strong>neque</strong></span> <span class='ocrx_word' id='word_1_535' title='bbox 2939 3242 3353 3321; x_wconf 77' lang='lat' dir='ltr'><strong>[sacerdotium]</strong></span> <span class='ocrx_word' id='word_1_536' title='bbox 3411 3245 3647 3298; x_wconf 75' lang='lat' dir='ltr'><strong>mulcant</strong></span> 
     </span>
    </p>
   </div>
   <div class='ocr_carea' id='block_1_74' title="bbox 2061 3337 3645 3406">
    <p class='ocr_par' dir='ltr' id='par_1_74' title="bbox 2061 3337 3645 3406">
     <span class='ocr_line' id='line_1_74' title="bbox 2061 3337 3645 3406; baseline -0.007 -9"><span class='ocrx_word' id='word_1_537' title='bbox 2061 3356 2243 3397; x_wconf 89' lang='lat' dir='ltr'><strong>emere</strong></span> <span class='ocrx_word' id='word_1_538' title='bbox 2273 3354 2289 3394; x_wconf 89' lang='lat'><strong>:</strong></span> <span class='ocrx_word' id='word_1_539' title='bbox 2314 3350 2440 3394; x_wconf 86' lang='lat' dir='ltr'><strong>sunt</strong></span> <span class='ocrx_word' id='word_1_540' title='bbox 2475 3355 2624 3406; x_wconf 80' lang='lat' dir='ltr'><strong>vero,</strong></span> <span class='ocrx_word' id='word_1_541' title='bbox 2659 3340 2736 3393; x_wconf 86' lang='lat' dir='ltr'><strong>uti</strong></span> <span class='ocrx_word' id='word_1_542' title='bbox 2784 3339 3007 3399; x_wconf 87' lang='lat' dir='ltr'><strong>scribis.</strong></span> <span class='ocrx_word' id='word_1_543' title='bbox 3035 3337 3431 3391; x_wconf 82' lang='lat' dir='ltr'><strong>adulationibus</strong></span> <span class='ocrx_word' id='word_1_544' title='bbox 3462 3343 3514 3386; x_wconf 77' lang='lat' dir='ltr'><strong>ct</strong></span> <span class='ocrx_word' id='word_1_545' title='bbox 3548 3348 3645 3399; x_wconf 80' lang='lat' dir='ltr'><strong>pe-</strong></span> 
     </span>
    </p>
   </div>
   <div class='ocr_carea' id='block_1_75' title="bbox 2062 3424 3648 3500">
    <p class='ocr_par' dir='ltr' id='par_1_75' title="bbox 2062 3424 3648 3500">
     <span class='ocr_line' id='line_1_75' title="bbox 2062 3424 3648 3500; baseline -0.007 -14"><span class='ocrx_word' id='word_1_546' title='bbox 2062 3433 2237 3487; x_wconf 88' lang='lat' dir='ltr'><strong>cuniis</strong></span> <span class='ocrx_word' id='word_1_547' title='bbox 2268 3432 2632 3485; x_wconf 85' lang='lat' dir='ltr'><strong>sacerdotium</strong></span> <span class='ocrx_word' id='word_1_548' title='bbox 2683 3431 3036 3500; x_wconf 78' lang='lat' dir='ltr'><strong>propitiantes</strong></span> <span class='ocrx_word' id='word_1_549' title='bbox 3080 3429 3240 3497; x_wconf 81' lang='lat' dir='ltr'><strong>{quos</strong></span> <span class='ocrx_word' id='word_1_550' title='bbox 3272 3426 3419 3479; x_wconf 88' lang='lat' dir='ltr'><strong>mille</strong></span> <span class='ocrx_word' id='word_1_551' title='bbox 3441 3424 3648 3494; x_wconf 84' lang='lat' dir='ltr'><strong>suppli-</strong></span> 
     </span>
    </p>
   </div>
   <div class='ocr_carea' id='block_1_76' title="bbox 2061 3516 3645 3589">
    <p class='ocr_par' dir='ltr' id='par_1_76' title="bbox 2061 3516 3645 3589">
     <span class='ocr_line' id='line_1_76' title="bbox 2061 3516 3645 3589; baseline -0.005 -14"><span class='ocrx_word' id='word_1_552' title='bbox 2061 3520 2160 3575; x_wconf 90' lang='lat' dir='ltr'><strong>ciis</strong></span> <span class='ocrx_word' id='word_1_553' title='bbox 2182 3520 2375 3589; x_wconf 87' lang='lat' dir='ltr'><strong>dignos</strong></span> <span class='ocrx_word' id='word_1_554' title='bbox 2407 3535 2527 3574; x_wconf 88' lang='lat' dir='ltr'><strong>esse</strong></span> <span class='ocrx_word' id='word_1_555' title='bbox 2562 3524 2820 3587; x_wconf 86' lang='lat' dir='ltr'><strong>constat),</strong></span> <span class='ocrx_word' id='word_1_556' title='bbox 2855 3519 2942 3572; x_wconf 90' lang='lat' dir='ltr'><strong>isti</strong></span> <span class='ocrx_word' id='word_1_557' title='bbox 2977 3516 3209 3577; x_wconf 85' lang='lat' dir='ltr'><strong>adulari.</strong></span> <span class='ocrx_word' id='word_1_558' title='bbox 3237 3525 3290 3569; x_wconf 90' lang='lat' dir='ltr'><strong>et</strong></span> <span class='ocrx_word' id='word_1_559' title='bbox 3314 3530 3496 3567; x_wconf 87' lang='lat' dir='ltr'><strong>emere</strong></span> <span class='ocrx_word' id='word_1_560' title='bbox 3537 3529 3645 3567; x_wconf 91' lang='lat' dir='ltr'><strong>non</strong></span> 
     </span>
    </p>
   </div>
   <div class='ocr_carea' id='block_1_77' title="bbox 2067 3606 3648 3677">
    <p class='ocr_par' dir='ltr' id='par_1_77' title="bbox 2067 3606 3648 3677">
     <span class='ocr_line' id='line_1_77' title="bbox 2067 3606 3648 3677; baseline -0.008 -10"><span class='ocrx_word' id='word_1_561' title='bbox 2067 3614 2420 3667; x_wconf 88' lang='lat' dir='ltr'><strong>recusabunt.</strong></span> <span class='ocrx_word' id='word_1_562' title='bbox 2452 3611 2817 3677; x_wconf 83' lang='lat' dir='ltr'><strong>Quamobrem</strong></span> <span class='ocrx_word' id='word_1_563' title='bbox 2848 3623 3028 3665; x_wconf 83' lang='lat' dir='ltr'><strong>sermo</strong></span> <span class='ocrx_word' id='word_1_564' title='bbox 3055 3619 3195 3660; x_wconf 87' lang='lat' dir='ltr'><strong>terra</strong></span> <span class='ocrx_word' id='word_1_565' title='bbox 3227 3606 3472 3672; x_wconf 87' lang='lat' dir='ltr'><strong>marique</strong></span> <span class='ocrx_word' id='word_1_566' title='bbox 3500 3617 3648 3671; x_wconf 80' lang='lat' dir='ltr'><strong>Spar-</strong></span> 
     </span>
    </p>
   </div>
   <div class='ocr_carea' id='block_1_78' title="bbox 2067 3694 3647 3773">
    <p class='ocr_par' dir='ltr' id='par_1_78' title="bbox 2067 3694 3647 3773">
     <span class='ocr_line' id='line_1_78' title="bbox 2067 3694 3647 3773; baseline -0.006 -16"><span class='ocrx_word' id='word_1_567' title='bbox 2067 3705 2233 3773; x_wconf 83' lang='lat' dir='ltr'><strong>gitur,</strong></span> <span class='ocrx_word' id='word_1_568' title='bbox 2265 3705 2465 3757; x_wconf 91' lang='lat' dir='ltr'><strong>nemini</strong></span> <span class='ocrx_word' id='word_1_569' title='bbox 2500 3713 2648 3757; x_wconf 87' lang='lat' dir='ltr'><strong>recte</strong></span> <span class='ocrx_word' id='word_1_570' title='bbox 2676 3702 2875 3756; x_wconf 85' lang='lat' dir='ltr'><strong>viventi</strong></span> <span class='ocrx_word' id='word_1_571' title='bbox 2910 3701 2975 3752; x_wconf 86' lang='lat' dir='ltr'><strong>ad</strong></span> <span class='ocrx_word' id='word_1_572' title='bbox 3004 3697 3363 3753; x_wconf 85' lang='lat' dir='ltr'><strong>sacerdotium</strong></span> <span class='ocrx_word' id='word_1_573' title='bbox 3396 3694 3502 3764; x_wconf 76' lang='lat' dir='ltr'><strong>iam</strong></span> <span class='ocrx_word' id='word_1_574' title='bbox 3531 3694 3647 3748; x_wconf 83' lang='lat' dir='ltr'><strong>2di-</strong></span> 
     </span>
    </p>
   </div>
   <div class='ocr_carea' id='block_1_79' title="bbox 2068 3785 3645 3864">
    <p class='ocr_par' dir='ltr' id='par_1_79' title="bbox 2068 3785 3645 3864">
     <span class='ocr_line' id='line_1_79' title="bbox 2068 3785 3645 3864; baseline -0.009 -14"><span class='ocrx_word' id='word_1_575' title='bbox 2068 3805 2181 3850; x_wconf 92' lang='lat' dir='ltr'><strong>tum</strong></span> <span class='ocrx_word' id='word_1_576' title='bbox 2227 3808 2435 3864; x_wconf 84' lang='lat' dir='ltr'><strong>patere,</strong></span> <span class='ocrx_word' id='word_1_577' title='bbox 2482 3810 2586 3849; x_wconf 90' lang='lat' dir='ltr'><strong>non</strong></span> <span class='ocrx_word' id='word_1_578' title='bbox 2628 3795 2770 3862; x_wconf 83' lang='lat' dir='ltr'><strong>quod</strong></span> <span class='ocrx_word' id='word_1_579' title='bbox 2816 3793 2960 3860; x_wconf 84' lang='lat' dir='ltr'><strong>digni</strong></span> <span class='ocrx_word' id='word_1_580' title='bbox 3001 3801 3148 3844; x_wconf 87' lang='lat' dir='ltr'><strong>tanto</strong></span> <span class='ocrx_word' id='word_1_581' title='bbox 3189 3788 3363 3841; x_wconf 83' lang='lat' dir='ltr'><strong>desint</strong></span> <span class='ocrx_word' id='word_1_582' title='bbox 3413 3785 3645 3849; x_wconf 82' lang='lat' dir='ltr'><strong>muneri,</strong></span> 
     </span>
    </p>
   </div>
   <div class='ocr_carea' id='block_1_80' title="bbox 2065 3876 3645 3955">
    <p class='ocr_par' dir='ltr' id='par_1_80' title="bbox 2065 3876 3645 3955">
     <span class='ocr_line' id='line_1_80' title="bbox 2065 3876 3645 3955; baseline -0.008 -13"><span class='ocrx_word' id='word_1_583' title='bbox 2065 3886 2159 3942; x_wconf 83' lang='lat' dir='ltr'><strong>sed</strong></span> <span class='ocrx_word' id='word_1_584' title='bbox 2190 3886 2333 3955; x_wconf 88' lang='lat' dir='ltr'><strong>quod</strong></span> <span class='ocrx_word' id='word_1_585' title='bbox 2376 3901 2481 3940; x_wconf 92' lang='lat' dir='ltr'><strong>non</strong></span> <span class='ocrx_word' id='word_1_586' title='bbox 2515 3885 2676 3938; x_wconf 89' lang='lat' dir='ltr'><strong>modo</strong></span> <span class='ocrx_word' id='word_1_587' title='bbox 2710 3885 2759 3936; x_wconf 94' lang='lat' dir='ltr'><strong>in</strong></span> <span class='ocrx_word' id='word_1_588' title='bbox 2792 3882 3137 3936; x_wconf 73' lang='lat' dir='ltr'><strong>multitudine</strong></span> <span class='ocrx_word' id='word_1_589' title='bbox 3166 3880 3506 3941; x_wconf 74' lang='lat' dir='ltr'><strong>delitescant,</strong></span> <span class='ocrx_word' id='word_1_590' title='bbox 3547 3876 3645 3930; x_wconf 89' lang='lat' dir='ltr'><strong>sed</strong></span> 
     </span>
    </p>
   </div>
   <div class='ocr_carea' id='block_1_81' title="bbox 2064 3966 3647 4041">
    <p class='ocr_par' dir='ltr' id='par_1_81' title="bbox 2064 3966 3647 4041">
     <span class='ocr_line' id='line_1_81' title="bbox 2064 3966 3647 4041; baseline -0.009 -7"><span class='ocrx_word' id='word_1_591' title='bbox 2064 3987 2118 4034; x_wconf 90' lang='lat' dir='ltr'><strong>et</strong></span> <span class='ocrx_word' id='word_1_592' title='bbox 2159 3977 2317 4032; x_wconf 91' lang='lat' dir='ltr'><strong>invisi</strong></span> <span class='ocrx_word' id='word_1_593' title='bbox 2353 3977 2461 4031; x_wconf 89' lang='lat' dir='ltr'><strong>sint</strong></span> <span class='ocrx_word' id='word_1_594' title='bbox 2488 3986 2540 4031; x_wconf 89' lang='lat' dir='ltr'><strong>et</strong></span> <span class='ocrx_word' id='word_1_595' title='bbox 2566 3976 2924 4030; x_wconf 86' lang='lat' dir='ltr'><strong>traducantur</strong></span> <span class='ocrx_word' id='word_1_596' title='bbox 2970 3982 3133 4041; x_wconf 84' lang='lat' dir='ltr'><strong>atque</strong></span> <span class='ocrx_word' id='word_1_597' title='bbox 3166 3970 3524 4037; x_wconf 69' lang='lat' dir='ltr'><strong>expelluntur,</strong></span> <span class='ocrx_word' id='word_1_598' title='bbox 3563 3966 3647 4020; x_wconf 90' lang='lat' dir='ltr'><strong>ni-</strong></span> 
     </span>
    </p>
   </div>
   <div class='ocr_carea' id='block_1_82' title="bbox 2067 4061 3423 4139">
    <p class='ocr_par' dir='ltr' id='par_1_82' title="bbox 2067 4061 3423 4139">
     <span class='ocr_line' id='line_1_82' title="bbox 2067 4061 3423 4139; baseline -0.006 -15"><span class='ocrx_word' id='word_1_599' title='bbox 2067 4069 2265 4124; x_wconf 88' lang='lat' dir='ltr'><strong>mirum</strong></span> <span class='ocrx_word' id='word_1_600' title='bbox 2286 4068 2429 4139; x_wconf 88' lang='lat' dir='ltr'><strong>quod</strong></span> <span class='ocrx_word' id='word_1_601' title='bbox 2463 4071 2752 4122; x_wconf 89' lang='lat' dir='ltr'><strong>multorum</strong></span> <span class='ocrx_word' id='word_1_602' title='bbox 2792 4068 2959 4121; x_wconf 83' lang='lat' dir='ltr'><strong>vitam</strong></span> <span class='ocrx_word' id='word_1_603' title='bbox 2991 4061 3423 4133; x_wconf 78' lang='lat' dir='ltr'><strong>reprebeudant.‘</strong></span> 
     </span>
    </p>
   </div>
   <div class='ocr_carea' id='block_1_83' title="bbox 2508 4245 3207 4308">
    <p class='ocr_par' dir='ltr' id='par_1_83' title="bbox 2508 4245 3207 4308">
     <span class='ocr_line' id='line_1_83' title="bbox 2508 4245 3207 4308; baseline -0.013 0"><span class='ocrx_word' id='word_1_604' title='bbox 2508 4249 2853 4308; x_wconf 73' lang='lat' dir='ltr'><strong>CULXXVII.</strong></span> <span class='ocrx_word' id='word_1_605' title='bbox 2883 4278 2953 4289; x_wconf 92' lang='lat'><strong>-—</strong></span> <span class='ocrx_word' id='word_1_606' title='bbox 2978 4245 3207 4302; x_wconf 71' lang='grc' dir='ltr'><strong>Ειοιῖιι.</strong></span> 
     </span>
    </p>
   </div>
   <div class='ocr_carea' id='block_1_84' title="bbox 1530 4332 2501 4419">
    <p class='ocr_par' dir='ltr' id='par_1_84' title="bbox 1530 4332 2501 4419">
     <span class='ocr_line' id='line_1_84' title="bbox 1530 4332 2501 4419; baseline 0.006 -18"><span class='ocrx_word' id='word_1_607' title='bbox 1530 4345 1688 4401; x_wconf 83' lang='lat' dir='ltr'><strong>Hosti</strong></span> <span class='ocrx_word' id='word_1_608' title='bbox 1720 4362 1941 4415; x_wconf 78' lang='lat' dir='ltr'><strong>parcens</strong></span> <span class='ocrx_word' id='word_1_609' title='bbox 1964 4332 2079 4403; x_wconf 76' lang='lat' dir='ltr'><strong>vere</strong></span> <span class='ocrx_word' id='word_1_610' title='bbox 2109 4349 2501 4419; x_wconf 75' lang='lat' dir='ltr'><strong>magnanimus.</strong></span> 
     </span>
    </p>
   </div>
   <div class='ocr_carea' id='block_1_85' title="bbox 456 4430 1963 4515">
    <p class='ocr_par' dir='ltr' id='par_1_85' title="bbox 456 4438 1963 4515">
     <span class='ocr_line' id='line_1_85' title="bbox 456 4438 1963 4515; baseline -0.007 -13"><span class='ocrx_word' id='word_1_611' title='bbox 456 4447 623 4512; x_wconf 85' lang='grc' dir='ltr'><strong>Ἰσθι,</strong></span> <span class='ocrx_word' id='word_1_612' title='bbox 676 4438 722 4498; x_wconf 84' lang='grc' dir='ltr'><strong>ὧ</strong></span> <span class='ocrx_word' id='word_1_613' title='bbox 777 4441 1075 4515; x_wconf 77' lang='grc' dir='ltr'><strong>θαυμάσιε,</strong></span> <span class='ocrx_word' id='word_1_614' title='bbox 1157 4442 1233 4506; x_wconf 82' lang='grc' dir='ltr'><strong>ὡς</strong></span> <span class='ocrx_word' id='word_1_615' title='bbox 1311 4440 1471 4505; x_wconf 83' lang='grc' dir='ltr'><strong>δόξαν</strong></span> <span class='ocrx_word' id='word_1_616' title='bbox 1558 4438 1963 4510; x_wconf 74' lang='grc' dir='ltr'><strong>μεγαλοψυχίας</strong></span> 
     </span>
    </p>
   </div>
   <div class='ocr_carea' id='block_1_86' title="bbox 2064 4430 3650 4515">
    <p class='ocr_par' dir='ltr' id='par_1_86' title="bbox 2143 4430 3650 4508">
     <span class='ocr_line' id='line_1_86' title="bbox 2143 4430 3650 4508; baseline -0.007 -13"><span class='ocrx_word' id='word_1_617' title='bbox 2143 4443 2315 4508; x_wconf 81' lang='lat' dir='ltr'><strong>Scito,</strong></span> <span class='ocrx_word' id='word_1_618' title='bbox 2355 4443 2436 4495; x_wconf 83' lang='lat' dir='ltr'><strong>vir</strong></span> <span class='ocrx_word' id='word_1_619' title='bbox 2457 4439 2798 4500; x_wconf 87' lang='lat' dir='ltr'><strong>admirande,</strong></span> <span class='ocrx_word' id='word_1_620' title='bbox 2843 4433 3304 4504; x_wconf 78' lang='lat' dir='ltr'><strong>magnanimitatis</strong></span> <span class='ocrx_word' id='word_1_621' title='bbox 3330 4442 3382 4487; x_wconf 85' lang='lat' dir='ltr'><strong>te</strong></span> <span class='ocrx_word' id='word_1_622' title='bbox 3425 4430 3650 4503; x_wconf 75' lang='lat' dir='ltr'><strong>gloriam</strong></span> 
     </span>
    </p>
   </div>
   <div class='ocr_carea' id='block_1_87' title="bbox 381 4530 1963 4612">
    <p class='ocr_par' dir='ltr' id='par_1_87' title="bbox 381 4530 1963 4612">
     <span class='ocr_line' id='line_1_87' title="bbox 381 4530 1963 4612; baseline -0.008 -17"><span class='ocrx_word' id='word_1_623' title='bbox 381 4540 606 4612; x_wconf 70' lang='grc' dir='ltr'><strong>ἐκτήσω</strong></span> <span class='ocrx_word' id='word_1_624' title='bbox 662 4534 859 4608; x_wconf 71' lang='grc' dir='ltr'><strong>ἐχθροῦ</strong></span> <span class='ocrx_word' id='word_1_625' title='bbox 938 4534 1303 4604; x_wconf 78' lang='grc' dir='ltr'><strong>φεισάμενοςο</strong></span> <span class='ocrx_word' id='word_1_626' title='bbox 1366 4532 1462 4587; x_wconf 72' lang='grc' dir='ltr'><strong>καὶ</strong></span> <span class='ocrx_word' id='word_1_627' title='bbox 1490 4530 1636 4584; x_wconf 77' lang='grc' dir='ltr'><strong>τοῦτ’</strong></span> <span class='ocrx_word' id='word_1_628' title='bbox 1699 4530 1833 4585; x_wconf 76' lang='grc' dir='ltr'><strong>αὐτὸ</strong></span> <span class='ocrx_word' id='word_1_629' title='bbox 1865 4531 1963 4599; x_wconf 76' lang='grc' dir='ltr'><strong>μὲν</strong></span> 
     </span>
    </p>
   </div>
   <div class='ocr_carea' id='block_1_88' title="bbox 380 4621 1966 4702">
    <p class='ocr_par' dir='ltr' id='par_1_88' title="bbox 380 4621 1966 4702">
     <span class='ocr_line' id='line_1_88' title="bbox 380 4621 1966 4702; baseline -0.008 -14"><span class='ocrx_word' id='word_1_630' title='bbox 380 4634 512 4696; x_wconf 78' lang='grc' dir='ltr'><strong>τοὺς</strong></span> <span class='ocrx_word' id='word_1_631' title='bbox 545 4632 673 4694; x_wconf 84' lang='grc' dir='ltr'><strong>σοὺς</strong></span> <span class='ocrx_word' id='word_1_632' title='bbox 699 4628 942 4702; x_wconf 76' lang='grc' dir='ltr'><strong>ἀκριϐῶς</strong></span> <span class='ocrx_word' id='word_1_633' title='bbox 963 4627 1327 4698; x_wconf 77' lang='grc' dir='ltr'><strong>ἐπιστάμενος</strong></span> <span class='ocrx_word' id='word_1_634' title='bbox 1354 4625 1588 4697; x_wconf 79' lang='grc' dir='ltr'><strong>τρόπους</strong></span> <span class='ocrx_word' id='word_1_635' title='bbox 1641 4621 1966 4692; x_wconf 77' lang='grc' dir='ltr'><strong>προύλεγον,</strong></span> 
     </span>
    </p>
   </div>
   <div class='ocr_carea' id='block_1_89' title="bbox 382 4714 1968 4793">
    <p class='ocr_par' dir='ltr' id='par_1_89' title="bbox 382 4714 1968 4793">
     <span class='ocr_line' id='line_1_89' title="bbox 382 4714 1968 4793; baseline -0.008 -15"><span class='ocrx_word' id='word_1_636' title='bbox 382 4724 462 4787; x_wconf 78' lang='grc' dir='ltr'><strong>ὡς</strong></span> <span class='ocrx_word' id='word_1_637' title='bbox 514 4721 652 4793; x_wconf 84' lang='grc' dir='ltr'><strong>μετά</strong></span> <span class='ocrx_word' id='word_1_638' title='bbox 697 4722 759 4775; x_wconf 84' lang='grc' dir='ltr'><strong>τὸ</strong></span> <span class='ocrx_word' id='word_1_639' title='bbox 814 4718 1183 4793; x_wconf 83' lang='grc' dir='ltr'><strong>χειρώσασθαι</strong></span> <span class='ocrx_word' id='word_1_640' title='bbox 1236 4715 1399 4781; x_wconf 76' lang='grc' dir='ltr'><strong>δείξει</strong></span> <span class='ocrx_word' id='word_1_641' title='bbox 1461 4714 1968 4787; x_wconf 70' lang='grc' dir='ltr'><strong>μεγαλοφροσύνην,</strong></span> 
     </span>
    </p>
   </div>
   <div class='ocr_carea' id='block_1_90' title="bbox 386 4804 1974 4883">
    <p class='ocr_par' dir='ltr' id='par_1_90' title="bbox 386 4804 1974 4883">
     <span class='ocr_line' id='line_1_90' title="bbox 386 4804 1974 4883; baseline -0.008 -13"><span class='ocrx_word' id='word_1_642' title='bbox 386 4817 483 4871; x_wconf 78' lang='grc' dir='ltr'><strong>καὶ</strong></span> <span class='ocrx_word' id='word_1_643' title='bbox 503 4814 714 4883; x_wconf 63' lang='grc' dir='ltr'><strong>ἐλέγξει</strong></span> <span class='ocrx_word' id='word_1_644' title='bbox 744 4813 869 4875; x_wconf 76' lang='grc' dir='ltr'><strong>τοὺς</strong></span> <span class='ocrx_word' id='word_1_645' title='bbox 905 4808 1311 4883; x_wconf 68' lang='grc' dir='ltr'><strong>μικροψύχουςο</strong></span> <span class='ocrx_word' id='word_1_646' title='bbox 1344 4804 1485 4880; x_wconf 77' lang='grc' dir='ltr'><strong>ἦσαν</strong></span> <span class='ocrx_word' id='word_1_647' title='bbox 1512 4807 1571 4860; x_wconf 86' lang='grc' dir='ltr'><strong>δὲ</strong></span> <span class='ocrx_word' id='word_1_648' title='bbox 1607 4806 1658 4859; x_wconf 82' lang='grc' dir='ltr'><strong>οἱ</strong></span> <span class='ocrx_word' id='word_1_649' title='bbox 1679 4805 1974 4860; x_wconf 78' lang='grc' dir='ltr'><strong>ἀπιστοῦν-</strong></span> 
     </span>
    </p>
   </div>
   <div class='ocr_carea' id='block_1_91' title="bbox 384 4897 1972 4973">
    <p class='ocr_par' dir='ltr' id='par_1_91' title="bbox 384 4897 1972 4973">
     <span class='ocr_line' id='line_1_91' title="bbox 384 4897 1972 4973; baseline -0.008 -12"><span class='ocrx_word' id='word_1_650' title='bbox 384 4924 499 4973; x_wconf 81' lang='grc' dir='ltr'><strong>τες,</strong></span> <span class='ocrx_word' id='word_1_651' title='bbox 553 4906 752 4969; x_wconf 82' lang='grc' dir='ltr'><strong>οἵτινες</strong></span> <span class='ocrx_word' id='word_1_652' title='bbox 814 4905 880 4957; x_wconf 79' lang='grc' dir='ltr'><strong>ἐκ</strong></span> <span class='ocrx_word' id='word_1_653' title='bbox 940 4903 1047 4956; x_wconf 85' lang='grc' dir='ltr'><strong>τῶν</strong></span> <span class='ocrx_word' id='word_1_654' title='bbox 1105 4900 1227 4955; x_wconf 84' lang='grc' dir='ltr'><strong>καθ’</strong></span> <span class='ocrx_word' id='word_1_655' title='bbox 1269 4899 1495 4963; x_wconf 78' lang='grc' dir='ltr'><strong>ἑαυτοὺς</strong></span> <span class='ocrx_word' id='word_1_656' title='bbox 1544 4899 1639 4951; x_wconf 74' lang='grc' dir='ltr'><strong>καὶ</strong></span> <span class='ocrx_word' id='word_1_657' title='bbox 1689 4897 1815 4968; x_wconf 71' lang='grc' dir='ltr'><strong>περὶ</strong></span> <span class='ocrx_word' id='word_1_658' title='bbox 1861 4897 1972 4949; x_wconf 85' lang='grc' dir='ltr'><strong>τῶν</strong></span> 
     </span>
    </p>
   </div>
   <div class='ocr_carea' id='block_1_92' title="bbox 385 4988 1970 5068">
    <p class='ocr_par' dir='ltr' id='par_1_92' title="bbox 385 4988 1970 5068">
     <span class='ocr_line' id='line_1_92' title="bbox 385 4988 1970 5068; baseline -0.009 -14"><span class='ocrx_word' id='word_1_659' title='bbox 385 4999 562 5054; x_wconf 81' lang='grc' dir='ltr'><strong>ἄλλων</strong></span> <span class='ocrx_word' id='word_1_660' title='bbox 613 4996 972 5068; x_wconf 64' lang='grc' dir='ltr'><strong>ψηφίζοντσν</strong></span> <span class='ocrx_word' id='word_1_661' title='bbox 1011 4995 1162 5066; x_wconf 83' lang='grc' dir='ltr'><strong>ὅμως</strong></span> <span class='ocrx_word' id='word_1_662' title='bbox 1211 4991 1273 5046; x_wconf 82' lang='grc' dir='ltr'><strong>τὸ</strong></span> <span class='ocrx_word' id='word_1_663' title='bbox 1325 4991 1479 5055; x_wconf 84' lang='grc' dir='ltr'><strong>τέλος</strong></span> <span class='ocrx_word' id='word_1_664' title='bbox 1532 4988 1755 5056; x_wconf 76' lang='grc' dir='ltr'><strong>ἔδειξεν,</strong></span> <span class='ocrx_word' id='word_1_665' title='bbox 1802 4988 1878 5052; x_wconf 86' lang='grc' dir='ltr'><strong>ὡς</strong></span> <span class='ocrx_word' id='word_1_666' title='bbox 1909 4988 1970 5041; x_wconf 85' lang='grc' dir='ltr'><strong>ού</strong></span> 
     </span>
    </p>
   </div>
   <div class='ocr_carea' id='block_1_93' title="bbox 384 5081 1970 5163">
    <p class='ocr_par' dir='ltr' id='par_1_93' title="bbox 384 5081 1970 5163">
     <span class='ocr_line' id='line_1_93' title="bbox 384 5081 1970 5163; baseline -0.009 -17"><span class='ocrx_word' id='word_1_667' title='bbox 384 5093 709 5163; x_wconf 80' lang='grc' dir='ltr'><strong>διήμαρτον.</strong></span> <span class='ocrx_word' id='word_1_668' title='bbox 745 5090 840 5142; x_wconf 88' lang='grc' dir='ltr'><strong>Ὃν</strong></span> <span class='ocrx_word' id='word_1_669' title='bbox 861 5087 969 5158; x_wconf 79' lang='grc' dir='ltr'><strong>γὰρ</strong></span> <span class='ocrx_word' id='word_1_670' title='bbox 992 5086 1133 5140; x_wconf 73' lang='grc' dir='ltr'><strong>ἑλεῖν</strong></span> <span class='ocrx_word' id='word_1_671' title='bbox 1166 5083 1533 5147; x_wconf 82' lang='grc' dir='ltr'><strong>ὲσπούδασας,</strong></span> <span class='ocrx_word' id='word_1_672' title='bbox 1569 5081 1705 5135; x_wconf 78' lang='grc' dir='ltr'><strong>ἑλὼν</strong></span> <span class='ocrx_word' id='word_1_673' title='bbox 1726 5081 1970 5151; x_wconf 78' lang='grc' dir='ltr'><strong>ἀφῆκας,</strong></span> 
     </span>
    </p>
   </div>
   <div class='ocr_carea' id='block_1_94' title="bbox 390 5172 1977 5254">
    <p class='ocr_par' dir='ltr' id='par_1_94' title="bbox 390 5172 1977 5254">
     <span class='ocr_line' id='line_1_94' title="bbox 390 5172 1977 5254; baseline -0.008 -17"><span class='ocrx_word' id='word_1_674' title='bbox 390 5184 484 5237; x_wconf 85' lang='grc' dir='ltr'><strong>ἶνα</strong></span> <span class='ocrx_word' id='word_1_675' title='bbox 515 5183 593 5254; x_wconf 82' lang='grc' dir='ltr'><strong>μὴ</strong></span> <span class='ocrx_word' id='word_1_676' title='bbox 610 5180 845 5251; x_wconf 81' lang='grc' dir='ltr'><strong>ἀσθενὴς</strong></span> <span class='ocrx_word' id='word_1_677' title='bbox 870 5177 1210 5250; x_wconf 85' lang='grc' dir='ltr'><strong>νομισθείης,</strong></span> <span class='ocrx_word' id='word_1_678' title='bbox 1240 5174 1377 5231; x_wconf 81' lang='grc' dir='ltr'><strong>ἀλλὰ</strong></span> <span class='ocrx_word' id='word_1_679' title='bbox 1407 5173 1630 5238; x_wconf 81' lang='grc' dir='ltr'><strong>δυνατὸς</strong></span> <span class='ocrx_word' id='word_1_680' title='bbox 1657 5175 1752 5226; x_wconf 80' lang='grc' dir='ltr'><strong>καὶ</strong></span> <span class='ocrx_word' id='word_1_681' title='bbox 1790 5172 1977 5243; x_wconf 84' lang='grc' dir='ltr'><strong>φιλάν-</strong></span> 
     </span>
    </p>
   </div>
   <div class='ocr_carea' id='block_1_95' title="bbox 389 5273 628 5346">
    <p class='ocr_par' dir='ltr' id='par_1_95' title="bbox 389 5273 628 5346">
     <span class='ocr_line' id='line_1_95' title="bbox 389 5273 628 5346; baseline -0.004 -19"><span class='ocrx_word' id='word_1_682' title='bbox 389 5273 419 5327; x_wconf 82' lang='grc' dir='ltr'><strong>θ</strong></span> <span class='ocrx_word' id='word_1_683' title='bbox 428 5289 628 5346; x_wconf 86' lang='grc' dir='ltr'><strong>ρωπος.</strong></span> 
     </span>
    </p>
   </div>
   <div class='ocr_carea' id='block_1_96' title="bbox 916 5376 1454 5446">
    <p class='ocr_par' dir='ltr' id='par_1_96' title="bbox 916 5376 1454 5446">
     <span class='ocr_line' id='line_1_96' title="bbox 916 5376 1454 5446; baseline -0.002 -15"><span class='ocrx_word' id='word_1_684' title='bbox 916 5378 1174 5432; x_wconf 63' lang='lat' dir='ltr'><strong>soun—</strong></span> <span class='ocrx_word' id='word_1_685' title='bbox 1205 5376 1454 5446; x_wconf 69' lang='lat' dir='ltr'><strong>nstro.</strong></span> 
     </span>
    </p>
   </div>
   <div class='ocr_carea' id='block_1_97' title="bbox 2069 4524 3653 4598">
    <p class='ocr_par' dir='ltr' id='par_1_97' title="bbox 2069 4524 3653 4598">
     <span class='ocr_line' id='line_1_97' title="bbox 2069 4524 3653 4598; baseline -0.006 -13"><span class='ocrx_word' id='word_1_686' title='bbox 2069 4541 2424 4585; x_wconf 90' lang='lat' dir='ltr'><strong>consecutum</strong></span> <span class='ocrx_word' id='word_1_687' title='bbox 2474 4531 2615 4585; x_wconf 77' lang='lat' dir='ltr'><strong>hosti</strong></span> <span class='ocrx_word' id='word_1_688' title='bbox 2669 4526 2943 4598; x_wconf 86' lang='lat' dir='ltr'><strong>parcendo</strong></span> <span class='ocrx_word' id='word_1_689' title='bbox 2994 4526 3183 4595; x_wconf 89' lang='lat' dir='ltr'><strong>:quod</strong></span> <span class='ocrx_word' id='word_1_690' title='bbox 3221 4533 3276 4577; x_wconf 88' lang='lat' dir='ltr'><strong>et</strong></span> <span class='ocrx_word' id='word_1_691' title='bbox 3318 4524 3494 4592; x_wconf 75' lang='lat' dir='ltr'><strong>ipsum</strong></span> <span class='ocrx_word' id='word_1_692' title='bbox 3533 4533 3653 4577; x_wconf 88' lang='lat' dir='ltr'><strong>tuos</strong></span> 
     </span>
    </p>
   </div>
   <div class='ocr_carea' id='block_1_98' title="bbox 2069 4614 3653 4688">
    <p class='ocr_par' dir='ltr' id='par_1_98' title="bbox 2069 4614 3653 4688">
     <span class='ocr_line' id='line_1_98' title="bbox 2069 4614 3653 4688; baseline -0.005 -12"><span class='ocrx_word' id='word_1_693' title='bbox 2069 4632 2324 4676; x_wconf 88' lang='lat' dir='ltr'><strong>accurate</strong></span> <span class='ocrx_word' id='word_1_694' title='bbox 2376 4637 2556 4677; x_wconf 87' lang='lat' dir='ltr'><strong>mores</strong></span> <span class='ocrx_word' id='word_1_695' title='bbox 2614 4622 2864 4688; x_wconf 75' lang='lat' dir='ltr'><strong>cegnitos</strong></span> <span class='ocrx_word' id='word_1_696' title='bbox 2913 4618 3117 4671; x_wconf 88' lang='lat' dir='ltr'><strong>babeus</strong></span> <span class='ocrx_word' id='word_1_697' title='bbox 3160 4614 3541 4686; x_wconf 65' lang='lat' dir='ltr'><strong>prmdiserant,</strong></span> <span class='ocrx_word' id='word_1_698' title='bbox 3595 4623 3653 4668; x_wconf 86' lang='grc' dir='ltr'><strong>ιιι</strong></span> 
     </span>
    </p>
   </div>
   <div class='ocr_carea' id='block_1_99' title="bbox 2069 4708 3646 4783">
    <p class='ocr_par' dir='ltr' id='par_1_99' title="bbox 2069 4708 3646 4783">
     <span class='ocr_line' id='line_1_99' title="bbox 2069 4708 3646 4783; baseline -0.008 -15"><span class='ocrx_word' id='word_1_699' title='bbox 2069 4714 2281 4783; x_wconf 84' lang='lat' dir='ltr'><strong>agendo</strong></span> <span class='ocrx_word' id='word_1_700' title='bbox 2310 4715 2631 4768; x_wconf 75' lang='lat' dir='ltr'><strong>Ostenileres</strong></span> <span class='ocrx_word' id='word_1_701' title='bbox 2668 4726 2937 4766; x_wconf 83' lang='lat' dir='ltr'><strong>summam</strong></span> <span class='ocrx_word' id='word_1_702' title='bbox 2970 4708 3411 4779; x_wconf 77' lang='lat' dir='ltr'><strong>generositatem,</strong></span> <span class='ocrx_word' id='word_1_703' title='bbox 3443 4714 3499 4759; x_wconf 87' lang='lat' dir='ltr'><strong>et</strong></span> <span class='ocrx_word' id='word_1_704' title='bbox 3543 4719 3646 4773; x_wconf 83' lang='lat' dir='ltr'><strong>pu-</strong></span> 
     </span>
    </p>
   </div>
   <div class='ocr_carea' id='block_1_100' title="bbox 2069 4798 3655 4873">
    <p class='ocr_par' dir='ltr' id='par_1_100' title="bbox 2069 4798 3655 4873">
     <span class='ocr_line' id='line_1_100' title="bbox 2069 4798 3655 4873; baseline -0.006 -13"><span class='ocrx_word' id='word_1_705' title='bbox 2069 4805 2370 4860; x_wconf 79' lang='lat' dir='ltr'><strong>sillanimes</strong></span> <span class='ocrx_word' id='word_1_706' title='bbox 2409 4819 2688 4873; x_wconf 86' lang='lat' dir='ltr'><strong>argueres.</strong></span> <span class='ocrx_word' id='word_1_707' title='bbox 2725 4802 2895 4856; x_wconf 87' lang='lat' dir='ltr'><strong>Erant</strong></span> <span class='ocrx_word' id='word_1_708' title='bbox 2938 4810 3120 4854; x_wconf 81' lang='lat' dir='ltr'><strong>autem</strong></span> <span class='ocrx_word' id='word_1_709' title='bbox 3155 4799 3244 4867; x_wconf 87' lang='lat' dir='ltr'><strong>qui</strong></span> <span class='ocrx_word' id='word_1_710' title='bbox 3287 4798 3336 4851; x_wconf 94' lang='lat' dir='ltr'><strong>id</strong></span> <span class='ocrx_word' id='word_1_711' title='bbox 3381 4812 3487 4851; x_wconf 89' lang='lat' dir='ltr'><strong>non</strong></span> <span class='ocrx_word' id='word_1_712' title='bbox 3534 4810 3655 4850; x_wconf 86' lang='lat' dir='ltr'><strong>cre-</strong></span> 
     </span>
    </p>
   </div>
   <div class='ocr_carea' id='block_1_101' title="bbox 2071 4888 3647 4963">
    <p class='ocr_par' dir='ltr' id='par_1_101' title="bbox 2071 4888 3647 4963">
     <span class='ocr_line' id='line_1_101' title="bbox 2071 4888 3647 4963; baseline -0.004 -14"><span class='ocrx_word' id='word_1_713' title='bbox 2071 4897 2294 4961; x_wconf 85' lang='lat' dir='ltr'><strong>debant,</strong></span> <span class='ocrx_word' id='word_1_714' title='bbox 2331 4897 2363 4949; x_wconf 94' lang='lat' dir='ltr'><strong>ii</strong></span> <span class='ocrx_word' id='word_1_715' title='bbox 2396 4895 2606 4949; x_wconf 76' lang='lat' dir='ltr'><strong>scilicet</strong></span> <span class='ocrx_word' id='word_1_716' title='bbox 2642 4895 2735 4963; x_wconf 86' lang='lat' dir='ltr'><strong>qui</strong></span> <span class='ocrx_word' id='word_1_717' title='bbox 2767 4893 3069 4962; x_wconf 79' lang='lat' dir='ltr'><strong>es_seipsis</strong></span> <span class='ocrx_word' id='word_1_718' title='bbox 3103 4893 3171 4953; x_wconf 86' lang='lat' dir='ltr'><strong>de</strong></span> <span class='ocrx_word' id='word_1_719' title='bbox 3213 4890 3336 4945; x_wconf 84' lang='lat' dir='ltr'><strong>aliis</strong></span> <span class='ocrx_word' id='word_1_720' title='bbox 3359 4888 3647 4959; x_wconf 72' lang='lat' dir='ltr'><strong>indicant:</strong></span> 
     </span>
    </p>
   </div>
   <div class='ocr_carea' id='block_1_102' title="bbox 2071 4980 3655 5050">
    <p class='ocr_par' dir='ltr' id='par_1_102' title="bbox 2071 4980 3655 5050">
     <span class='ocr_line' id='line_1_102' title="bbox 2071 4980 3655 5050; baseline -0.005 -11"><span class='ocrx_word' id='word_1_721' title='bbox 2071 4985 2250 5039; x_wconf 84' lang='lat' dir='ltr'><strong>exitus</strong></span> <span class='ocrx_word' id='word_1_722' title='bbox 2307 4996 2485 5039; x_wconf 86' lang='lat' dir='ltr'><strong>tamen</strong></span> <span class='ocrx_word' id='word_1_723' title='bbox 2543 4994 2880 5050; x_wconf 81' lang='lat' dir='ltr'><strong>eventusque</strong></span> <span class='ocrx_word' id='word_1_724' title='bbox 2923 4981 3163 5036; x_wconf 84' lang='lat' dir='ltr'><strong>ostendit.</strong></span> <span class='ocrx_word' id='word_1_725' title='bbox 3224 4994 3309 5034; x_wconf 89' lang='lat' dir='ltr'><strong>me</strong></span> <span class='ocrx_word' id='word_1_726' title='bbox 3356 4996 3460 5033; x_wconf 90' lang='lat' dir='ltr'><strong>non</strong></span> <span class='ocrx_word' id='word_1_727' title='bbox 3495 4980 3655 5031; x_wconf 78' lang='lat' dir='ltr'><strong>aber-</strong></span> 
     </span>
    </p>
   </div>
   <div class='ocr_carea' id='block_1_103' title="bbox 2070 5065 3658 5144">
    <p class='ocr_par' dir='ltr' id='par_1_103' title="bbox 2070 5065 3658 5144">
     <span class='ocr_line' id='line_1_103' title="bbox 2070 5065 3658 5144; baseline -0.008 -12"><span class='ocrx_word' id='word_1_728' title='bbox 2070 5094 2244 5134; x_wconf 80' lang='lat' dir='ltr'><strong>rasse.</strong></span> <span class='ocrx_word' id='word_1_729' title='bbox 2272 5077 2442 5144; x_wconf 86' lang='lat' dir='ltr'><strong>Quem</strong></span> <span class='ocrx_word' id='word_1_730' title='bbox 2483 5076 2628 5131; x_wconf 87' lang='lat' dir='ltr'><strong>enim</strong></span> <span class='ocrx_word' id='word_1_731' title='bbox 2683 5089 2876 5144; x_wconf 72' lang='lat' dir='ltr'><strong>capere</strong></span> <span class='ocrx_word' id='word_1_732' title='bbox 2918 5072 3200 5136; x_wconf 85' lang='lat' dir='ltr'><strong>studuisti,</strong></span> <span class='ocrx_word' id='word_1_733' title='bbox 3252 5081 3467 5141; x_wconf 86' lang='lat' dir='ltr'><strong>captum</strong></span> <span class='ocrx_word' id='word_1_734' title='bbox 3494 5065 3658 5121; x_wconf 80' lang='lat' dir='ltr'><strong>dimi-</strong></span> 
     </span>
    </p>
   </div>
   <div class='ocr_carea' id='block_1_104' title="bbox 2070 5161 3655 5238">
    <p class='ocr_par' dir='ltr' id='par_1_104' title="bbox 2070 5161 3655 5238">
     <span class='ocr_line' id='line_1_104' title="bbox 2070 5161 3655 5238; baseline -0.008 -13"><span class='ocrx_word' id='word_1_735' title='bbox 2070 5169 2211 5233; x_wconf 87' lang='lat' dir='ltr'><strong>sisti,</strong></span> <span class='ocrx_word' id='word_1_736' title='bbox 2268 5184 2335 5224; x_wconf 88' lang='lat' dir='ltr'><strong>ne</strong></span> <span class='ocrx_word' id='word_1_737' title='bbox 2385 5168 2669 5225; x_wconf 86' lang='lat' dir='ltr'><strong>imbecillis</strong></span> <span class='ocrx_word' id='word_1_738' title='bbox 2704 5165 3055 5238; x_wconf 86' lang='lat' dir='ltr'><strong>judicareris,</strong></span> <span class='ocrx_word' id='word_1_739' title='bbox 3094 5166 3192 5220; x_wconf 80' lang='lat' dir='ltr'><strong>sed</strong></span> <span class='ocrx_word' id='word_1_740' title='bbox 3241 5174 3432 5233; x_wconf 84' lang='lat' dir='ltr'><strong>potens</strong></span> <span class='ocrx_word' id='word_1_741' title='bbox 3464 5169 3519 5215; x_wconf 86' lang='lat' dir='ltr'><strong>et</strong></span> <span class='ocrx_word' id='word_1_742' title='bbox 3553 5161 3655 5214; x_wconf 90' lang='lat' dir='ltr'><strong>bu-</strong></span> 
     </span>
    </p>
   </div>
   <div class='ocr_carea' id='block_1_105' title="bbox 2073 5275 2287 5316">
    <p class='ocr_par' dir='ltr' id='par_1_105' title="bbox 2073 5275 2287 5316">
     <span class='ocr_line' id='line_1_105' title="bbox 2073 5275 2287 5316; baseline -0.014 0"><span class='ocrx_word' id='word_1_743' title='bbox 2073 5275 2287 5316; x_wconf 86' lang='lat' dir='ltr'><strong>manus.</strong></span> 
     </span>
    </p>
   </div>
   <div class='ocr_carea' id='block_1_106' title="bbox 2484 5362 3237 5423">
    <p class='ocr_par' dir='ltr' id='par_1_106' title="bbox 2484 5362 3237 5423">
     <span class='ocr_line' id='line_1_106' title="bbox 2484 5362 3237 5423; baseline -0.009 0"><span class='ocrx_word' id='word_1_744' title='bbox 2484 5365 2849 5423; x_wconf 76' lang='lat' dir='ltr'><strong>CCLXXVIII.</strong></span> <span class='ocrx_word' id='word_1_745' title='bbox 2883 5395 2953 5405; x_wconf 91' lang='lat'><strong>-</strong></span> <span class='ocrx_word' id='word_1_746' title='bbox 2988 5362 3237 5421; x_wconf 83' lang='lat' dir='ltr'><strong>PETRO.</strong></span> 
     </span>
    </p>
   </div>
   <div class='ocr_carea' id='block_1_107' title="bbox 721 5456 3333 5539">
    <p class='ocr_par' dir='ltr' id='par_1_107' title="bbox 721 5456 3333 5539">
     <span class='ocr_line' id='line_1_107' title="bbox 721 5456 3333 5539; baseline -0.008 -11"><span class='ocrx_word' id='word_1_747' title='bbox 721 5471 830 5528; x_wconf 86' lang='lat' dir='ltr'><strong>Cur</strong></span> <span class='ocrx_word' id='word_1_748' title='bbox 861 5472 1144 5527; x_wconf 78' lang='lat' dir='ltr'><strong>sacerdotii</strong></span> <span class='ocrx_word' id='word_1_749' title='bbox 1176 5472 1404 5539; x_wconf 82' lang='lat' dir='ltr'><strong>dignitas</strong></span> <span class='ocrx_word' id='word_1_750' title='bbox 1431 5467 1638 5539; x_wconf 80' lang='lat' dir='ltr'><strong>regibus</strong></span> <span class='ocrx_word' id='word_1_751' title='bbox 1667 5466 1965 5523; x_wconf 78' lang='lat' dir='ltr'><strong>veneranda</strong></span> <span class='ocrx_word' id='word_1_752' title='bbox 1998 5466 2194 5536; x_wconf 86' lang='lat' dir='ltr'><strong>passim</strong></span> <span class='ocrx_word' id='word_1_753' title='bbox 2229 5462 2511 5518; x_wconf 71' lang='lat' dir='ltr'><strong>exstiterit.</strong></span> <span class='ocrx_word' id='word_1_754' title='bbox 2547 5460 2726 5534; x_wconf 75' lang='lat' dir='ltr'><strong>(Conf.</strong></span> <span class='ocrx_word' id='word_1_755' title='bbox 2752 5461 2903 5531; x_wconf 85' lang='lat' dir='ltr'><strong>epist.</strong></span> <span class='ocrx_word' id='word_1_756' title='bbox 2941 5460 3048 5515; x_wconf 77' lang='lat'><strong>568</strong></span> <span class='ocrx_word' id='word_1_757' title='bbox 3071 5468 3116 5512; x_wconf 89' lang='lat' dir='ltr'><strong>et</strong></span> <span class='ocrx_word' id='word_1_758' title='bbox 3150 5456 3333 5524; x_wconf 83' lang='lat' dir='ltr'><strong>alias.)</strong></span> 
     </span>
    </p>
   </div>
   <div class='ocr_carea' id='block_1_108' title="bbox 465 5559 1968 5637">
    <p class='ocr_par' dir='ltr' id='par_1_108' title="bbox 465 5559 1968 5637">
     <span class='ocr_line' id='line_1_108' title="bbox 465 5559 1968 5637; baseline -0.005 -18"><span class='ocrx_word' id='word_1_759' title='bbox 465 5566 539 5621; x_wconf 77' lang='grc' dir='ltr'><strong>Σὺ</strong></span> <span class='ocrx_word' id='word_1_760' title='bbox 577 5565 674 5637; x_wconf 78' lang='grc' dir='ltr'><strong>μὲν</strong></span> <span class='ocrx_word' id='word_1_761' title='bbox 719 5563 1040 5637; x_wconf 77' lang='grc' dir='ltr'><strong>θαυμάζεις,</strong></span> <span class='ocrx_word' id='word_1_762' title='bbox 1083 5563 1150 5616; x_wconf 85' lang='grc' dir='ltr'><strong>δι’</strong></span> <span class='ocrx_word' id='word_1_763' title='bbox 1216 5565 1283 5634; x_wconf 73' lang='grc' dir='ltr'><strong>ἢν</strong></span> <span class='ocrx_word' id='word_1_764' title='bbox 1326 5561 1506 5616; x_wconf 78' lang='grc' dir='ltr'><strong>αἰτίαν</strong></span> <span class='ocrx_word' id='word_1_765' title='bbox 1561 5562 1657 5616; x_wconf 72' lang='grc' dir='ltr'><strong>ἐπὶ</strong></span> <span class='ocrx_word' id='word_1_766' title='bbox 1706 5559 1808 5632; x_wconf 74' lang='grc' dir='ltr'><strong>μὲν</strong></span> <span class='ocrx_word' id='word_1_767' title='bbox 1861 5560 1968 5614; x_wconf 85' lang='grc' dir='ltr'><strong>τῶν</strong></span> 
     </span>
    </p>
   </div>
   <div class='ocr_carea' id='block_1_109' title="bbox 2146 5550 3657 5625">
    <p class='ocr_par' dir='ltr' id='par_1_109' title="bbox 2146 5550 3657 5625">
     <span class='ocr_line' id='line_1_109' title="bbox 2146 5550 3657 5625; baseline -0.007 -12"><span class='ocrx_word' id='word_1_768' title='bbox 2146 5557 2362 5613; x_wconf 77' lang='lat' dir='ltr'><strong>Miraris</strong></span> <span class='ocrx_word' id='word_1_769' title='bbox 2400 5565 2454 5610; x_wconf 92' lang='lat' dir='ltr'><strong>tu</strong></span> <span class='ocrx_word' id='word_1_770' title='bbox 2477 5556 2697 5625; x_wconf 86' lang='lat' dir='ltr'><strong>quidem</strong></span> <span class='ocrx_word' id='word_1_771' title='bbox 2726 5570 2824 5610; x_wconf 90' lang='lat' dir='ltr'><strong>cur</strong></span> <span class='ocrx_word' id='word_1_772' title='bbox 2852 5552 2991 5625; x_wconf 84' lang='lat' dir='ltr'><strong>apud</strong></span> <span class='ocrx_word' id='word_1_773' title='bbox 3021 5550 3257 5622; x_wconf 82' lang='lat' dir='ltr'><strong>majores</strong></span> <span class='ocrx_word' id='word_1_774' title='bbox 3289 5552 3535 5604; x_wconf 83' lang='lat' dir='ltr'><strong>sincerus</strong></span> <span class='ocrx_word' id='word_1_775' title='bbox 3572 5557 3657 5603; x_wconf 80' lang='lat' dir='ltr'><strong>est</strong></span> 
     </span>
    </p>
   </div>
   <div class='ocr_carea' id='block_1_110' title="bbox 1531 5675 2587 5737">
    <p class='ocr_par' dir='ltr' id='par_1_110' title="bbox 1531 5675 2587 5737">
     <span class='ocr_line' id='line_1_110' title="bbox 1531 5675 2587 5737; baseline -0.004 -3"><span class='ocrx_word' id='word_1_776' title='bbox 1531 5677 1765 5735; x_wconf 66' lang='lat' dir='ltr'><strong>VARIA‘J</strong></span> <span class='ocrx_word' id='word_1_777' title='bbox 1808 5676 2191 5737; x_wconf 81' lang='lat' dir='ltr'><strong>LECTIONES</strong></span> <span class='ocrx_word' id='word_1_778' title='bbox 2230 5675 2316 5732; x_wconf 83' lang='lat' dir='ltr'><strong>ET</strong></span> <span class='ocrx_word' id='word_1_779' title='bbox 2358 5675 2587 5731; x_wconf 65' lang='grc' dir='ltr'><strong>ΝΟΤᾸΖ.</strong></span> 
     </span>
    </p>
   </div>
   <div class='ocr_carea' id='block_1_111' title="bbox 467 5794 1963 5871">
    <p class='ocr_par' dir='ltr' id='par_1_111' title="bbox 467 5795 1963 5871">
     <span class='ocr_line' id='line_1_111' title="bbox 467 5795 1963 5871; baseline 0.001 -20"><span class='ocrx_word' id='word_1_780' title='bbox 467 5800 581 5871; x_wconf 82' lang='lat'><strong>(78)</strong></span> <span class='ocrx_word' id='word_1_781' title='bbox 614 5799 715 5856; x_wconf 76' lang='lat' dir='ltr'><strong>Pro</strong></span> <span class='ocrx_word' id='word_1_782' title='bbox 751 5800 1064 5869; x_wconf 69' lang='grc' dir='ltr'><strong>ἐλέγχοντες</strong></span> <span class='ocrx_word' id='word_1_783' title='bbox 1094 5798 1249 5853; x_wconf 87' lang='lat' dir='ltr'><strong>codd.</strong></span> <span class='ocrx_word' id='word_1_784' title='bbox 1302 5795 1417 5856; x_wconf 79' lang='lat' dir='ltr'><strong>Vat.</strong></span> <span class='ocrx_word' id='word_1_785' title='bbox 1458 5800 1563 5853; x_wconf 75' lang='lat'><strong>650</strong></span> <span class='ocrx_word' id='word_1_786' title='bbox 1604 5808 1657 5855; x_wconf 88' lang='lat' dir='ltr'><strong>et</strong></span> <span class='ocrx_word' id='word_1_787' title='bbox 1694 5798 1802 5854; x_wconf 84' lang='lat' dir='ltr'><strong>Alt.</strong></span> <span class='ocrx_word' id='word_1_788' title='bbox 1834 5799 1963 5854; x_wconf 81' lang='lat' dir='ltr'><strong>serit</strong></span> 
     </span>
    </p>
   </div>
   <div class='ocr_carea' id='block_1_112' title="bbox 2064 5794 2673 5871">
    <p class='ocr_par' dir='ltr' id='par_1_112' title="bbox 2064 5794 2673 5866">
     <span class='ocr_line' id='line_1_112' title="bbox 2064 5794 2673 5866; baseline -0.005 -14"><span class='ocrx_word' id='word_1_789' title='bbox 2064 5806 2075 5852; x_wconf 77' lang='grc' dir='ltr'><strong>ι</strong></span> <span class='ocrx_word' id='word_1_790' title='bbox 2097 5795 2431 5866; x_wconf 73' lang='grc' dir='ltr'><strong>ἐλέγχονται.</strong></span> <span class='ocrx_word' id='word_1_791' title='bbox 2463 5794 2673 5849; x_wconf 74' lang='lat' dir='ltr'><strong>Possm.</strong></span> 
     </span>
    </p>
   </div>
  </div>
