4070 6436
521 412 654 480 1499

1740 413 1800 474 S.
1842 410 2134 474 ISIDORI
2173 409 2612 474 ΡΕΙᾸΙΞΙΟΊἾΕ

3618 412 3638 473 1
3649 412 3740 474 δυο

518 528 587 583 ab
611 526 859 583 omnibus
886 524 1058 582 honos
1084 524 1459 581 sacerdotibus
1490 522 1731 589 habitus,
1756 522 1923 596 644
1960 537 2101 579 nunc

2208 525 2488 595 προγόνων
2517 521 2816 594 εἰλικρινὴς
2840 519 2977 594 τιμὴ
3013 517 3165 591 παρὰ
3195 516 3406 573 πάντων
3434 517 3541 583 τοῖς
3564 520 3741 593 ἐπτεμ.

518 632 650 673 vero
672 617 954 687 prudentia
976 616 1118 686 pleni
1143 616 1390 671 homines
1419 624 1605 686 aperte
1638 630 1733 671 eos
1794 617 2092 684 reprehen-

520 708 672 765 dant.
703 707 811 762 Alii
855 722 1041 763 coram
1081 707 1298 776 quidem
1346 714 1684 772 reverentur,
1722 705 1939 761 occulte
1966 720 2095 762 vero

522 798 901 853 criminantur.
935 798 1003 852 Et
1031 797 1120 852 alii
1160 798 1378 867 quidem
1410 796 1647 865 fugiunt,
1679 796 1770 852 alii
1810 811 1940 852 vero
1965 797 2096 867 ipsis

520 886 941 953 adblandientes,
989 903 1097 957 quo
1127 887 1303 941 moliri
1345 886 1450 941 illis
1476 887 1701 943 insidias
1749 897 1970 958 queant,
2001 888 2098 943 ob-

522 987 773 1032 trectant.
799 977 999 1034 Verum
1025 979 1076 1032 id
1100 993 1199 1048 ego
1221 977 1355 1032 nihil
1379 977 1569 1038 miror.
1584 978 1720 1033 Cum
1741 980 1885 1034 enim
1908 979 2095 1034 eadem

520 1083 642 1122 cum
681 1068 813 1136 ipsis
847 1083 952 1122 non
993 1077 1177 1137 agant,
1205 1081 1305 1121 nec
1335 1067 1523 1121 eadem
1558 1068 1720 1123 etiam
1752 1082 2098 1138 consequun-

523 1167 612 1212 tur
642 1178 655 1214 :
684 1159 776 1213 sed
806 1158 912 1214 illis
949 1158 1225 1213 contraria
1280 1158 1585 1224 molientes,
1624 1158 1899 1214 contraria
1935 1172 2098 1229 espe-

524 1249 756 1302 riuntur.
792 1248 992 1304 Contra
1025 1248 1170 1303 enim
1196 1249 1574 1303 admirandum
1609 1255 1777 1312 esset,
1814 1248 1858 1303 si
1888 1248 1980 1318 qui
2016 1248 2097 1303 ni-

522 1340 598 1394 hil
630 1355 725 1408 par
757 1341 1051 1408 majoribus
1081 1350 1264 1411 agant,
1298 1356 1482 1411 parem
1519 1355 1646 1395 cum
1698 1340 1806 1396 illis
1832 1340 2097 1396 honorem

522 1440 1009 1500 consequerentur.
1035 1430 1117 1485 Ab
1151 1432 1256 1486 illis
1288 1430 1582 1501 majoribus
1606 1432 1770 1486 etiam
1812 1440 2099 1500 peccantes

523 1531 677 1585 reges
697 1517 1131 1587 castigabantur,
1166 1520 1233 1572 ab
1260 1519 1344 1573 his
1368 1534 1435 1573 ne
1461 1520 1657 1590 privati
1713 1521 1929 1591 quidem
1964 1535 2100 1590 opu-

523 1606 781 1663 lentiores
825 1626 839 1663 :
881 1609 1125 1675 quiniino
1184 1609 1230 1664 si
1280 1610 1364 1664 vel
1413 1625 1703 1678 pauperem
1748 1611 1985 1680 aliquem
2032 1611 2100 1665 ad

526 1696 734 1768 frugem
791 1699 1070 1755 meliorem
1120 1715 1378 1756 revocare
1410 1702 1765 1768 contendant,
1811 1702 2102 1758 exsibilan-

526 1797 636 1854 tur,
685 1797 739 1843 ut
777 1790 870 1859 qui
909 1791 1102 1845 iisdem
1152 1806 1295 1861 saepe
1357 1793 1503 1847 vitiis
1549 1794 1688 1861 capti
1721 1802 1993 1857 tenentur,
2031 1794 2102 1848 ob

2200 616 2382 687 μένοις
2430 616 2534 686 τὴν
2590 614 2888 687 ἱερωσύνην
2969 612 3291 683 ἁπενέμετο,
3352 610 3444 664 νῦν
3485 610 3540 664 δέ
3573 612 3622 664 οῑ
3656 614 3743 682 μὲν

2197 707 2544 779 φρονήματος
2590 706 2997 779 ἐμπλησθέντες
3058 704 3307 775 φανερῶς
3358 702 3550 766 αὐτοὺς
3606 720 3745 775 κωμ-

2195 797 2452 868 ῳδοῦσινο
2479 799 2529 850 oi
2557 796 2615 851 δέ
2651 797 2795 852 κατὰ
2843 796 3132 871 πρόσωπον
3165 793 3458 860 αἰδοῦνται,
3492 794 3658 866 λάθρα
3696 797 3747 850 δὲ

2198 887 2503 954 κακίζουσι.
2547 888 2659 943 Καὶ
2684 889 2736 941 oi
2771 887 2869 959 μὲν
2899 887 3211 957 φεύγουσιν,
3241 888 3289 940 οί
3309 886 3367 939 δὲ
3390 886 3565 939 καίτοι
3599 886 3746 940 κολα-

2198 975 2449 1039 κεύοντες
2480 976 2699 1037 αὐτοὺς,
2746 974 2837 1028 διὰ
2864 974 2927 1028 τὺ
2951 974 3049 1028 καὶ
3075 972 3448 1027 ἐπιϐουλεύειν
3483 972 3745 1039 δύνασθαι,

2196 1062 2563 1135 διασύρουσιν.
2627 1062 2770 1130 Ἐγὼ
2814 1063 2873 1118 δὲ
2915 1064 2978 1117 ού
3019 1061 3178 1116 τοῦτο
3231 1059 3516 1131 θαυμαζω.
3548 1062 3622 1114 Οὐ
3651 1062 3746 1133 γὰρ

2198 1154 2268 1206 τὰ
2295 1154 2435 1207 αὐτὰ
2471 1152 2702 1215 ἐκείνοις
2739 1152 3073 1225 πράττοντες
3114 1151 3224 1205 τῶν
3261 1150 3439 1205 αὐτῶν
3472 1152 3532 1204 οὐ
3569 1153 3750 1222 τυγχά-

2199 1261 2402 1310 νουσιν,
2432 1243 2573 1299 mat
2616 1244 2878 1300 τάναντία
2923 1244 3153 1308 ἐκείνοις
3204 1242 3631 1312 ἐπιτηδεύοντες,
3651 1244 3747 1298 τῶν

2200 1336 2458 1390 ἐναντίων
2495 1335 2817 1406 πειρῶνται.
2866 1335 3191 1390 Τούναντίον
3215 1335 3322 1406 γὰρ
3355 1334 3420 1387 ἂν
3472 1330 3540 1405 ἦν
3563 1335 3747 1405 θαυμα-

2203 1429 2346 1494 στὸν,
2371 1431 2421 1483 εί
2446 1429 2611 1500 μηδὲν
2633 1428 2912 1492 ποιοῦντες
2928 1427 3038 1482 τῶν
3054 1428 3335 1498 προγόνων
3358 1427 3493 1492 ἴσον,
3513 1427 3602 1480 καὶ
3623 1426 3741 1501 [τῆς]

2200 1522 2371 1592 αὐτῆς
2397 1520 2565 1591 τιμῆς
2592 1519 2822 1583 ἐκείνοις
2841 1518 3160 1590 ἐτύγχανον.
3205 1517 3334 1572 Ἐπὶ
3363 1516 3464 1587 μὲν
3490 1517 3595 1588 γὰρ
3617 1519 3742 1572 ἐκεί·-

2201 1628 2307 1666 νων
2346 1612 2442 1665 καὶ
2498 1611 2737 1681 βασιλεῖς
2790 1608 3077 1672 πταίοντες
3122 1607 3570 1680 ἐσωφρονίζοντο,
3601 1608 3750 1661 ἐπὶδέ

2199 1702 2406 1756 τούτων
2448 1702 2570 1755 οὐδὲ
2603 1700 2811 1755 ἰδιῶται
2860 1698 3108 1754 πλούσιοι
3137 1716 3151 1729 ·
3202 1699 3312 1752 κᾶν
3346 1696 3665 1770 σωφρονίσαι
3701 1697 3752 1751 δέ

2204 1812 2328 1849 τινα
2363 1795 2578 1865 πένητα
2628 1794 3072 1866 ἐπιχειρήσωσιν,
3126 1791 3499 1857 ὀνειδίζονται,
3557 1790 3628 1853 ὡς
3673 1791 3755 1843 ἐπὶ

524 1895 645 1949 qua:
670 1880 805 1935 alios
850 1883 1051 1936 audent
1097 1884 1518 1950 reprehendere.
1569 1882 1931 1949 Quamobrem
1969 1883 2098 1939 olim

2208 1890 2320 1949 τοῖς
2396 1886 2580 1949 αὐτοῖς
2637 1884 2856 1949 ἁλόντες
2905 1884 3193 1949 πολλάκις,
3257 1884 3344 1952 ἐφ’
3397 1879 3479 1946 οἷς
3538 1882 3754 1945 ἐκείνους

522 1971 778 2027 sacerdos
805 1972 999 2041 populo
1020 1983 1137 2027 erat
1162 1974 1561 2039 formidabilis;
1603 1989 1744 2030 nunc
1784 1984 1970 2031 contra
2003 1992 2102 2045 po-

525 2061 679 2132 pulus
714 2064 910 2117 terrori
945 2074 1028 2119 est
1060 2066 1352 2119 sacerdoti.
1427 2106 1433 2112 .

707 2186 1032 2244 CCLXXIX.
1059 2220 1131 2230 ——
1162 2190 1531 2246 HERACLIDI
1562 2192 1912 2250 EPISCOPO.

2213 1976 2542 2046 σωφρονίσαι
2583 1975 2971 2047 τετολμήκασι.
3013 1975 3216 2047 Διόπερ
3270 1973 3461 2045 πρώην
3511 1974 3602 2045 μὲν
3647 1969 3758 2044 ἦνὸ

2214 2065 2392 2136 ἱερεὺς
2423 2066 2498 2135 τῷ
2530 2063 2645 2136 λαῷ
2680 2064 2931 2137 φοϐερὸς,
2970 2064 3065 2119 νῦν
3089 2065 3146 2118 δέ
3179 2066 3208 2119 ὁ
3254 2064 3384 2128 λαὸς
3408 2063 3483 2135 τῷ
3520 2066 3664 2135 ίερεῖ.

2448 2194 2612 2248 Συθν.
2650 2224 2721 2235 -
2748 2193 3153 2265 ΗΡΑΚΛΕΙΔῌ
3179 2190 3552 2263 summm.

1337 2285 1597 2340 Blandius
1625 2287 1905 2356 agendum,
1934 2302 2076 2342 more
2115 2287 2325 2353 medici,
2349 2288 2404 2342 in
2438 2286 2646 2342 delictis
2678 2287 2977 2353 puniendis.

597 2386 848 2457 Magnum
883 2389 1125 2458 profecto
1173 2391 1432 2446 delictum
1474 2403 1577 2460 est,
1622 2396 1783 2449 venia
1816 2404 1995 2450 tamen
2026 2395 2106 2449 di~

528 2493 714 2546 gnum.
744 2478 1072 2549 Castiganda
1124 2481 1306 2552 itaque
1339 2483 1589 2546 audacia,
1633 2484 1911 2555 animique
1934 2483 2104 2541 conﬂ-

528 2570 728 2634 dentia,
758 2571 931 2625 danda
973 2572 1322 2627 nihilominus
1347 2574 1522 2629 venia.
1548 2573 1799 2631 Fortasse
1848 2576 1993 2630 enim
2038 2576 2105 2629 ad

527 2662 957 2716 emendationem
984 2664 1357 2733 medelamque
1395 2665 1566 2720 tendit
1607 2668 1848 2722 morbus.
1880 2665 2108 2734 Quando

530 2761 587 2806 et
641 2754 1075 2821 praestantissimi
1133 2755 1496 2820 mediei,eum
1554 2757 1721 2812 multa
1765 2759 1844 2813 eis
1886 2758 2109 2813 vulnera

532 2843 994 2913 mgritudinesque
1023 2860 1145 2900 sese
1173 2844 1429 2911 offerunt,
1472 2863 1577 2902 non
1624 2857 1827 2903 tantam
1858 2849 2113 2905 adhibent

532 2948 741 2997 curam,
765 2945 1024 3003 quantum
1052 2952 1263 2991 summa
1295 2952 1383 2993 ars
1407 2940 1673 3009 exposcit,
1711 2940 1804 2995 sed
1847 2950 2110 3008 quantum

535 3025 716 3080 ferunt
740 3026 1038 3083 laborantis
1069 3030 1233 3095 vires,
1276 3046 1343 3084 ne
1388 3031 1512 3085 dum
1552 3032 1770 3086 vulnera
1800 3047 1995 3087 curare
2030 3033 2110 3087 ni-

537 3126 744 3186 tuntur,
779 3129 1129 3189 a‘grotantem
1173 3136 1203 3175 e
1236 3124 1410 3175 medio
1437 3122 1645 3177 tollant.

979 3229 1278 3285 CCLXXX.
1312 3262 1376 3270 —
1409 3232 1659 3288 PETRO.

2282 2394 2445 2465 Μέγα
2492 2394 2592 2468 μὲν
2644 2393 2810 2459 ὅντως
2861 2393 2925 2447 τὺ
2977 2395 3251 2465 πταῖσμα,
3302 2391 3416 2448 ἀλλ’
3453 2390 3512 2445 οὐ
3545 2388 3765 2459 συγγνώ-

2215 2504 2322 2559 μης
2344 2486 2528 2556 μεῖζον
2547 2502 2560 2517 ·
2584 2485 2663 2539 διὸ
2687 2485 2794 2557 χρὴ
2843 2483 3068 2539 κολάσαι
3099 2484 3199 2555 μὲν
3228 2483 3336 2556 τὴν
3364 2482 3622 2553 ἐτοιμίαν,
3655 2496 3767 2547 συγ-

2212 2579 2437 2650 γνώμην
2465 2577 2524 2631 δέ
2558 2578 2760 2646 νεῖμαι.
2801 2576 2954 2647 Τάχα
2987 2593 3107 2640 πως
3128 2575 3221 2629 ἐπὶ
3251 2573 3553 2646 θεραπείαν
3584 2570 3766 2626 ὁδεύσει

2212 2670 2273 2725 τὸ
2298 2669 2472 2734 πάθος
2492 2686 2505 2701 ο
2534 2669 2658 2722 ἐπε)⁸
2687 2669 2781 2722 καὶ
2827 2668 2877 2721 oi
2909 2666 3018 2722 τῶν
3048 2666 3249 2738 ίατρῶν
3282 2663 3523 2735 ἄριστοι,
3564 2662 3681 2716 ὅταν
3700 2676 3769 2722 τις

2208 2761 2382 2815 πολλὰ
2412 2760 2740 2831 περικέηται
2772 2757 3088 2830 τραύματα,
3126 2756 3188 2811 οὐ
3213 2755 3495 2826 τοσαύτην
3534 2753 3771 2820 ἐπάγουσι

2209 2846 2532 2925 θεραπείαν,
2571 2853 2704 2923 ὅσην
2760 2852 2983 2906 ἀπαιτεῖ
3027 2849 3127 2920 τῆς
3180 2847 3391 2919 τέχνης
3442 2848 3476 2918 ἡ
3519 2842 3768 2916 ἀκρίϐεια,

2208 2946 2323 2999 ἀλλ’
2352 2946 2483 3015 ὅσην
2512 2942 2667 3013 φέρει
2691 2941 2785 2995 τού
2822 2941 3125 3012 κάμνοντος
3156 2940 3193 3011 ἡ
3219 2938 3480 3009 δύναμις,
3512 2936 3594 2990 ἵνα
3631 2933 3697 3005 μὴ
3713 2931 3773 2985 τὰ

2208 3036 2500 3108 τραύματα
2544 3033 3003 3107 θεραπεύσαντες,
3066 3033 3158 3087 τὸν
3229 3032 3518 3102 κάμνοντα
3566 3024 3771 3098 διαφθεί-

2220 3144 2404 3200 ρωσιν.

2753 3236 2878 3289 ΣΠν.
2907 3264 2973 3277 --
2998 3234 3245 3304 ΠΕΤΡῼ.

533 3319 737 3375 Bonum
787 3336 880 3388 pro
913 3323 1050 3376 malo
1096 3324 1422 3394 rependendo
1454 3326 1628 3395 gratia
1677 3327 1870 3391 initur;
1902 3327 2460 3470 tszilcrcag’ljgi‘zesaign)“
2487 3345 2730 3400 congeres
2769 3344 2929 3397 supra
2959 3337 3113 3396 caput
3137 3325 3274 3394 ejus.
3300 3343 3327 3378 ι
3358 3323 3530 3395 (Rom.
3574 3337 3664 3385 stt,
3692 3320 3766 3376 εο.

2056 3436 2069 3450 .
2106 3416 2258 3468 epist.
2302 3416 2392 3454 κο.

602 3499 715 3557 Etsi
746 3510 932 3556 notum
956 3502 1207 3557 omnibus
1230 3502 1446 3559 exsistit
1479 3504 1733 3560 amentia:
1774 3520 1929 3561 reum
1954 3513 2119 3576 atque

530 3591 652 3646 odio
681 3593 887 3647 ebrium
919 3595 1290 3649 adversarium
1321 3610 1444 3650 esse
1469 3603 1644 3663 tuum,
1673 3596 1761 3651 illa
1791 3605 1969 3651 tamen
1985 3596 2119 3651 eli‘u-

534 3681 598 3735 tit
629 3697 750 3750 quae
782 3684 825 3737 si
861 3692 1054 3752 potens
1090 3693 1234 3739 esset
1281 3694 1693 3755 exsequeretur.
1734 3684 1930 3740 Verum
1963 3702 2033 3741 ne
2067 3686 2117 3740 id

530 3780 583 3826 te
618 3776 817 3840 turbet,
851 3790 1026 3845 neque
1060 3775 1259 3831 bellum
1283 3777 1550 3846 suscipito
1582 3776 1961 3846 implacabile;
1988 3777 2116 3846 quin

530 3866 708 3933 potius
747 3867 883 3922 bene
918 3868 1174 3923 merendo
1216 3869 1393 3938 ipsum
1441 3871 1716 3925 invertere
1758 3871 1936 3925 stude.
1997 3870 2109 3925 Etsi

530 3960 674 4013 enim
721 3958 834 4012 fera
866 3967 1008 4013 esset
1033 3958 1291 4028 omnique
1317 3959 1505 4016 durior
1533 3972 1707 4032 petra,
1740 3970 1916 4019 tamen
1949 3962 2113 4019 bene-

533 4052 654 4107 flcio
687 4049 862 4106 victus
899 4059 1011 4117 tuo,
1037 4051 1222 4107 odium
1249 4061 1432 4123 ponet.

778 4244 1106 4300 CCLXXXI.
1139 4275 1210 4286 —
1242 4244 1471 4302 PETRO
1504 4246 1854 4305 MONACIIO.

2288 3510 2352 3562 El
2400 3510 2498 3563 καὶ⁵
2551 3510 2683 3562 πᾶσι
2739 3507 2897 3578 δῆλόν
2946 3509 3116 3571 ἐστιν,
3169 3506 3252 3559 ὅτι
3314 3504 3499 3560 ἄνοιαν
3530 3499 3768 3572 ὀφλισκίι⁸

2217 3618 2321 3653 νων
2345 3600 2478 3671 (79),
2507 3600 2603 3654 καὶ
2632 3600 2739 3653 ὑπὸ
2768 3599 2867 3669 τῆς
2890 3597 3093 3668 ἔχθρας
3123 3595 3346 3666 μεθύων
3379 3597 3407 3648 ὀ
3431 3593 3518 3658 σὸς
3539 3591 3772 3653 διάδικος,

2215 3693 2364 3763 ὅμως
2414 3691 2634 3746 ἐκλαλεῖ
2661 3689 2855 3755 ταῦτα,
2903 3688 2939 3742 ἃ.
2966 3687 3217 3758 δυνηθεὶς
3258 3686 3479 3753 πράξει.
3538 3682 3686 3736 Ἀλλά
3720 3696 3771 3733 σε

2213 3781 2375 3836 τοῦτο
2411 3781 2486 3854 μὴ
2514 3783 2859 3853 ταραττέτω,
2894 3780 3031 3852 μηδέ
3055 3780 3137 3843 είς
3176 3777 3238 3832 τὸ
3264 3778 3614 3833 ἀδιάλλακτον
3642 3791 3766 3845 χειρ-

2216 3872 2525 3942 αγωγείτω,
2566 3871 2701 3945 ἀλλᾲ
2728 3871 2821 3925 καὶ
2847 3872 2929 3934 είς
2970 3869 3031 3923 τὸ
3060 3865 3120 3923 εὖ
3158 3871 3335 3923 ποιεῖν
3364 3868 3526 3922 αὑτὸν
3570 3880 3772 3937 προτρε-

2219 3963 2425 4018 πέσθω.
2472 3965 2535 4018 Εἰ
2568 3962 2677 4035 γὰρ
2722 3962 2911 4036 θηρίον
2953 3960 3061 4033 εἴη,
3098 3961 3195 4015 καὶ
3241 3960 3446 4024 παντὸς
3472 3957 3617 4012 λίθου
3645 3958 3774 4009 ἀνοι-

2211 4054 2556 4127 σθητότερος,
2600 4052 2716 4107 ἀλλ’
2773 4055 2922 4125 ὅμως
2968 4050 3240 4116 αἰδεσθεὶς
3289 4050 3389 4122 τὴν
3446 4046 3768 4118 εὐεργεσίαν,

2210 4146 2502 4200 κατάθοιτο
2530 4144 2630 4213 τὴν
2656 4144 2750 4216 ἐχθ
2758 4162 2881 4217 ραν.

2416 4255 2587 4308 sum.
2621 4284 2691 4294 -
2732 4251 2964 4324 [terra
2986 4251 3099 4323 (80)
3137 4251 3576 4305 MONAZONTI.

532 4351 824 4423 Scriptura:
858 4354 1029 4407 oratio
1082 4351 1318 4418 humilis,
1349 4353 1439 4433 sed
1489 4370 1645 4433 utens
1674 4356 1939 4433 profundo
1974 4374 1993 4411 :
2037 4359 2269 4433 liumnna
2316 4371 2495 4416 autem
2530 4362 2790 4433 sapientia
2827 4362 2972 4415 culta
3002 4360 3189 4424 verbis,
3224 4374 3382 4417 sensu
3417 4376 3592 4417 cassa.
3624 4358 3776 4425 Quare

1412 4422 1544 4477 hanc
1567 4423 1664 4492 illi,
1689 4434 1742 4477 ut
1761 4422 2010 4482 ancillam
2033 4428 2290 4498 dominw,
2316 4433 2567 4488 inservire
2586 4422 2794 4502 it'quum
2813 4441 2910 4489 est.

602 4551 807 4606 Divinas
834 4550 1194 4622 philosophiae
1232 4553 1410 4609 oratio
1454 4555 1507 4609 in
1536 4555 1710 4610 sacris
1743 4554 1971 4612 Litteris
2008 4558 2107 4612 hu-

2285 4562 2396 4633 Τῆς
2427 4561 2577 4625 θείας
2609 4562 2859 4633 σοφίαςή
2902 4563 3000 4633 μὲν
3050 4561 3197 4627 λέξις
3234 4563 3401 4633 πεζὴ,
3447 4562 3481 4633 ἡ
3535 4559 3700 4613 ἔννοια
3729 4553 3776 4607 δὲ

532 4643 674 4698 milis
727 4643 945 4713 quidem
968 4653 1075 4712 est,
1112 4659 1308 4700 sensus
1345 4658 1475 4699 vero
1512 4646 1786 4714 sublimis,
1837 4649 2108 4719 planeque

531 4733 796 4790 caelestis.
838 4734 1204 4790 Externorum
1265 4749 1401 4791 sane
1455 4738 1787 4804 scriptorum
1836 4738 2114 4809 splendida

531 4835 616 4882 est
640 4826 838 4892 oratio,
883 4841 967 4881 res
996 4841 1123 4882 vero
1161 4826 1306 4881 humi
1341 4826 1499 4894 repit.
1541 4827 1596 4881 Si
1628 4828 1749 4897 quis
1782 4829 1947 4899 igitur
1974 4831 2116 4885 illius

531 4915 710 4975 valeat
738 4920 996 4988 consequi
1022 4933 1240 4983 sensus,
1282 4918 1442 4989 hujus
1489 4932 1617 4973 vero
1657 4919 1869 4976 dicendi
1896 4922 2112 4990 elegan-

533 5010 687 5075 tiam,
713 5024 794 5062 εισι
838 5008 929 5063 ille
974 5010 1409 5079 sapientissimus
1453 5010 1739 5066 trahentur.
1791 5012 2115 5083 Eloquentia

532 5100 676 5156 enim
709 5101 1126 5155 instrumentum
1157 5116 1276 5156 esse
1297 5110 1466 5171 queat
1493 5102 1733 5158 caelestis
1758 5104 2026 5168 scienti-.9,
2058 5106 2101 5159 si

532 5194 583 5248 ei
615 5193 891 5248 utaniina:
932 5206 1130 5259 corpus
1164 5192 1515 5262 subjiciatur,
1545 5201 1689 5249 etut
1736 5194 1848 5266 lyra
1893 5196 2112 5268 lyristae,

533 5283 698 5357 645
729 5284 861 5339 nihil
918 5281 1136 5353 quidem
1174 5284 1425 5354 privatim
1490 5283 1773 5353 innovatis,
1807 5288 1901 5341 sed
1952 5288 2117 5342 inter-

2213 4651 2601 4723 οὐρανομήκης
2626 4669 2640 4684 ·
2675 4652 2779 4722 τῆς
2807 4652 2864 4705 δέ
2886 4652 3087 4718 ἔξωθεν
3104 4651 3338 4724 λαμπρὰ
3361 4651 3463 4723 μὲν
3505 4652 3536 4721 ἡ
3574 4648 3774 4719 φράσις,

2213 4742 2557 4815 χαμαιπετὴς
2589 4742 2701 4814 δὲὴ
2734 4743 2955 4815 πρᾶξις.
3000 4742 3062 4796 Εἰ
3085 4743 3142 4796 δέ
3166 4760 3249 4807 τις
3283 4740 3545 4815 δυνηθείη
3570 4738 3663 4808 τῆς
3692 4731 3776 4805 μὲν

2214 4834 2358 4905 ἔχειν
2386 4835 2485 4905 τὴν
2517 4833 2746 4900 ἔννοιαν,
2770 4835 2867 4904 τῆς
2892 4834 2949 4886 δὲ
2986 4833 3085 4905 τὴν
3118 4834 3342 4907 φράσιν,
3391 4830 3691 4902 σοφώτατος
3722 4822 3776 4876 ἂν

2215 4922 2439 4985 δικαίως
2500 4921 2750 4994 κριθείηο
2801 4921 3026 4976 δύναται
3070 4922 3179 4991 γὰρ
3236 4921 3473 4993 ὄργανον
3513 4913 3647 4970 εἶναι
3692 4909 3775 4978 τῆς

2219 5013 2594 5084 ύπερκοσμίου
2633 5011 2880 5083 σοφίαςὴ
2914 5012 3239 5080 εύγλωττία,
3277 5013 3325 5065 εί
3350 5008 3605 5076 καθάπερ
3641 5000 3775 5069 σῶμα

2219 5108 2364 5179 ψυχῇ
2405 5106 2709 5173 ύποκέοιτο,
2742 5105 2775 5177 ἢ
2811 5104 3000 5175 ὥσπερ
3034 5103 3173 5174 λύρα
3204 5100 3450 5175 λυρῳδῷ,
3508 5096 3666 5169 μηδὲν

2220 5176 2430 5248 οἴκοθεν
2456 5176 2857 5266 καινοτομοῢσα
2896 5192 3182 5266 νεώτερον,
3229 5189 3613 5265 ἐρμηνεύουσα
3638 5182 3690 5236 δὲ
3717 5176 3774 5230 τὰ

2222 5287 2571 5359 οὐρανομήκη
2610 5286 2830 5358 ἐκείνης
2860 5287 3133 5357 νοήματα·
3165 5288 3211 5340 εί
3235 5286 3282 5338 δ’
3325 5279 3666 5351 ἀντιστρέφοι
3691 5270 3772 5341 τὴν

1683 5396 1914 5496 vanos
1954 5439 2337 5497 caenosas
2378 5440 2463 5495 ετ
2504 5439 2737 5497 ΝοτΛι.

607 5596 719 5668 (79)
755 5596 1224 5668 ngostlieniemn
1263 5607 1365 5654 est.
1402 5598 1701 5664 παράνοιαν
1739 5600 2103 5668 ὀφλισκάνειν,

538 5675 675 5738 orat.
710 5667 761 5738 in
796 5665 1002 5723 Timom
1017 5680 1156 5721 atem
1192 5684 1204 5718 :
1247 5667 1359 5738 Ἐξ
1401 5668 1635 5738 ἑκάστου
1667 5665 1869 5722 τούτων
1917 5671 2110 5738 ἡλίκην

543 5733 607 5809 ᾷν
631 5733 942 5809 ὠφληκότες
988 5738 1292 5809 παράνοιαν
1328 5734 1451 5809 ἦτε*
1492 5736 1724 5809 Quantae
1780 5733 2002 5809 insanin:
2048 5733 2110 5790 (ib

542 5802 832 5858 hominibus
864 5802 1271 5872 damnaremini,
1311 5802 1426 5863 cum
1468 5806 1698 5873 desipere
1729 5826 1814 5864 t‘os
1843 5808 2113 5875 jttdicuva

2218 5601 2321 5652 rint
2345 5600 2578 5654 homines
2603 5601 2655 5653 in
2689 5615 2995 5670 unoquoque
3023 5598 3247 5670 Iterum?
3276 5597 3550 5670 SCIlOTT.__
3576 5658 3586 5670 ,

2280 5670 2394 5739 (80)
2425 5652 2541 5740 Non
2564 5652 2779 5740 ξΠέτρῳ
2806 5652 2920 5725 ’δοιί
2954 5669 3145 5740 Πρέμῳ
3189 5670 3323 5724 hanc
3371 5658 3608 5719 inscribit
3644 5652 3767 5711 cod.

2218 5738 2385 5793 Vatir.
2412 5739 2533 5795 650.
2564 5739 2769 5794 Possm.
