4070 6422
365 413 504 483 1501
1213 424 1754 487 EPISTOLARUM
1792 426 1943 488 LIB.

2028 431 2053 491 ’.
2087 455 2158 464 -
2183 429 2426 497 EPIST.
2461 432 2830 496 CCLXXXV.
3497 433 3635 503 1502

350 529 535 598 τάξιν,
569 529 666 583 καὶ
697 525 976 584 δουλεύειν
1003 529 1319 602 ὀφείλουσα,
1351 536 1631 607 ἡγεῖσθαι,
1663 536 1865 607 μᾶλλον
1890 538 1947 592 δὲ

2052 549 2278 611 pretans
2300 540 2443 598 illius
2465 543 2852 600 meditationes
2909 562 2923 598 :
2961 543 3044 600 sin
3089 545 3336 602 ordinem
3378 547 3521 604 bunc
3547 551 3635 606 in-

351 621 643 694 τυραννεῖν
664 621 756 676 οἵα
786 639 846 676 τε
885 617 1028 678 εἶναι
1063 627 1295 698 νομίζοι,
1363 625 1850 699 ἐξοστρακισθῆναι
1879 628 1946 684 ἂν

2055 643 2254 700 vertat,
2290 642 2346 688 et
2383 647 2506 689 cum
2550 635 2746 690 debeat
2793 637 3021 705 servire,
3072 652 3266 708 regere
3320 647 3414 694 aut
3455 642 3635 710 potius

349 711 444 785 εἴη
474 712 682 771 δικαία.

2053 725 2324 796 imperare
2362 725 2500 792 vult,
2555 741 2770 796 aequum
2803 737 2887 783 est
2921 737 2980 783 ut
3012 729 3336 800 expellatur.

712 839 881 896 me.
911 869 984 882 -
1014 843 1242 916 Bonan
1273 845 1588 922 MthAXt).
2300 851 2319 909 ‹

2300 850 2652 909 CCLXXXII.
2686 885 2756 896 —
2793 853 3017 911 BOETO
3049 853 3405 913 MONACHO.

923 958 1025 1014 Dei
1061 961 1327 1018 voluntate
1349 963 1484 1034 justi
1507 967 1562 1021 in
1597 969 1793 1024 mundo
1815 987 1951 1040 ηερε
1977 970 2297 1042 afﬂiguntur.
2326 967 2564 1042 (Confer.
2596 947 2754 1041 epist.
2794 971 2828 1026 6
2855 980 2905 1026 et
2933 972 3047 1044 86.)

419 1084 516 1157 Μὴ
547 1084 853 1158 θορυϐείτω
879 1107 940 1144 σε
963 1089 1285 1166 τὸπολλοὺς
1307 1095 1418 1150 τῶν
1440 1097 1749 1168 φιλαρέτων
1772 1101 1943 1172 μυρία

2119 1101 2264 1157 Cave
2285 1100 2575 1158 conturbet
2605 1109 2660 1158 te
2687 1101 2832 1172 quod
2872 1101 3024 1156 multi
3064 1102 3217 1172 probi
3251 1103 3392 1158 mala
3421 1103 3629 1160 inﬁnita

345 1175 588 1232 ἐνταῦθα
643 1179 879 1252 πάσχειν
933 1181 1106 1250 δεινά,
1165 1184 1284 1238 ἀλλ’
1335 1189 1417 1252 είς
1457 1187 1666 1244 ἔννοιαν
1717 1191 1900 1262 ἀγέτω
1922 1233 1939 1262 ,

2048 1184 2487 1262 patiantur;'sed
2529 1193 2584 1248 in
2619 1203 2860 1250 mentem
2891 1209 3122 1262 revoca,
3155 1195 3296 1250 idem
3337 1197 3500 1250 etiam
3537 1211 3627 1251 re-

345 1268 427 1323 ὅτι
456 1269 554 1324 καὶ
582 1273 630 1325 oi
681 1273 792 1327 τῶν
829 1275 924 1328 ἐπὶ
957 1275 1066 1347 γῆς
1115 1277 1384 1350 βασιλέων
1429 1281 1594 1351 φίλοι,
1643 1275 1792 1340 οὗτοι
1832 1287 1936 1357 μά-

2045 1299 2170 1354 gum
2201 1283 2396 1340 amicis
2422 1283 2735 1340 usuvenire.
2772 1282 2839 1338 Hi
2869 1283 3012 1338 enim
3043 1284 3096 1339 in
3119 1283 3260 1339 bello
3281 1285 3626 1356 potissimum

343 1359 506 1415 λιστα
557 1365 1114 1434 παρακινδυνεύουσιν
1161 1371 1221 1423 ὲν
1277 1370 1561 1442 πολέμοις,
1621 1375 1716 1428 καὶ
1765 1375 1937 1448 τραύ-

2046 1373 2462 1444 periclitantur,
2502 1375 2887 1446 accipiuntque
2931 1375 3188 1440 vulnera,
3245 1375 3444 1446 quibus
3491 1374 3629 1446 erigi

345 1467 499 1524 ματα
520 1454 725 1526 ἔχουσι,
761 1457 832 1511 δι’
851 1451 928 1512 ὧν
953 1461 1024 1514 τὰ
1049 1461 1290 1534 τρόπαια
1333 1463 1595 1536 ἔστησαν,
1628 1466 1941 1538 ἀποδημίας

2039 1463 2218 1520 solent
2253 1473 2473 1535 tropaea,
2498 1474 2556 1520 et
2583 1465 2636 1520 in
2665 1464 2994 1535 longinquas
3013 1460 3337 1534 ablegantur
3355 1464 3625 1533 regiones.

343 1559 408 1595 τε
433 1545 658 1616 μακρὰς
698 1547 1031 1606 στέλλονται.
1078 1551 1140 1604 El
1163 1551 1220 1607 δὲ
1243 1554 1304 1608 οὐ
1335 1556 1630 1630 καταδέχῃ,
1657 1557 1830 1614 ἐννόει
1857 1559 1940 1614 ὅτι

2037 1554 2192 1623 Quod
2220 1555 2270 1610 si
2309 1569 2417 1611 non
2451 1555 2626 1626 capis,
2658 1555 2836 1624 cogita
2869 1561 2924 1610 et
2955 1566 3076 1610 esse
3119 1553 3394 1622 justorum
3427 1553 3627 1608 multos

341 1632 452 1720 είσί
480 1650 630 1700 τινες
655 1637 752 1692 καίΙ
785 1640 896 1694 τῶν
919 1639 1148 1698 δικαίων
1187 1645 1473 1700 κάνταῦθα
1510 1646 1937 1720 εὐημεροῦντες.

2037 1645 2280 1717 perbelle
2311 1646 2400 1702 hic
2433 1653 2655 1718 agentes
2683 1660 2748 1701 ac
2787 1644 2992 1715 quiete.
3049 1643 3238 1714 Itaque
3272 1644 3316 1699 si
3349 1641 3628 1698 oﬂ‘endant

339 1719 512 1778 Ὥστε
561 1727 612 1780 εί
653 1729 1074 1796 σκανδαλίζουσί
1111 1751 1194 1802 σε,
1229 1735 1324 1790 ἅτε
1355 1719 1752 1812 ἀσθενέστερον
1779 1739 1933 1807 ὄντα,

2033 1735 2182 1792 velut
2209 1735 2623 1793 imbecilliorem
2655 1735 2746 1807 qui
2783 1735 2838 1790 in
2875 1735 3270 1791 tentationilrus
3336 1743 3484 1799 sunt,
3515 1733 3627 1790 eri-

339 1813 390 1865 οξ
440 1815 501 1866 ὲν
542 1821 898 1888 πειρασμοῖς,
933 1823 1393 1895 οίκοδομείτωσάν
1427 1844 1484 1881 σε
1516 1830 1566 1882 οἱ
1619 1830 1679 1882 ὲν
1728 1829 1932 1885 ἀνέσει.

2033 1839 2164 1900 gant
2192 1829 2468 1901 tranquilli
2499 1848 2512 1884 :
2547 1837 2602 1885 et
2625 1830 2672 1886 si
2729 1826 3006 1884 offendant
3051 1827 3142 1898 qui
3178 1827 3236 1882 in
3270 1825 3532 1881 vitiorum
3563 1825 3630 1880 li-

339 1901 456 1957 Καὶ
483 1906 533 1960 εί
577 1907 992 1976 σκανδαλίςουσί
1023 1930 1083 1966 σε
1108 1915 1159 1967 οἱ
1196 1917 1254 1968 ὲν
1292 1917 1477 1970 ἀνέσει
1508 1916 1619 1972 τῶν
1653 1906 1930 1992 πονηρῶν,

2036 1921 2215 1976 centia
2245 1930 2558 1988 versantur,
2585 1921 2875 1976 emendem
2908 1929 2960 1975 te
2987 1920 3078 1990 qui
3123 1917 3300 1990 poenis
3331 1927 3387 1973 et
3413 1915 3625 1988 suppli-

337 1993 689 2067 ὸρθούτωσάν
729 2017 790 2056 σε
819 2004 868 2058 oi
914 2005 974 2059 ὲν
1001 2005 1223 2062 κολάσει
1259 2009 1355 2064 καὶ
1387 2011 1704 2084 τιμωρίαις.

914 2005 974 2059 ὲν
1001 2005 1223 2062 κολάσει
1259 2009 1355 2064 καὶ
1387 2011 1704 2084 τιμωρίαις.
2041 2011 2142 2066 ciis
2177 2007 2504 2064 alﬁciuntur.

551 2130 717 2187 ΣΠΡ.
764 2163 838 2174 -
865 2135 1196 2211 ΘΕΟΔΟΣΙῼ
1228 2141 1688 2217 ΣΧΟΛΑΣΤΙΚῼ.
2111 2140 2158 2196 Ο

2111 2137 2492 2196 CCLXXXIII.
2527 2169 2597 2183 --
2625 2137 3020 2196 THEODOSIO
3052 2135 3551 2194 SCHOLASTICO.

1165 2249 1454 2322 Virtutum,
1481 2257 1836 2328 vitiorumque
1867 2254 2080 2312 nomina
2115 2271 2147 2308 a
2177 2252 2359 2307 multis
2381 2251 2806 2320 confunduntur.

405 2375 546 2430 Λίαν
586 2376 856 2448 θαυμάζω
915 2380 1026 2434 τῶν
1091 2385 1184 2436 καὶ
1232 2384 1302 2438 τὰ
1349 2387 1656 2459 πράγματα
1711 2389 1808 2443 καὶ
1863 2387 1935 2442 τὰ

2107 2385 2278 2442 Valde
2312 2384 2562 2456 equidem
2604 2397 2698 2441 eos
2727 2383 2998 2451 admiror,
3045 2384 3143 2455 qui
3175 2389 3232 2439 et
3285 2397 3374 2440 res
3431 2391 3488 2440 et
3527 2399 3625 2441 no-
3697 2435 3699 2438 .

333 2467 581 2540 ὀνόματα
612 2470 976 2540 συγχεόντων.
1011 2473 1104 2538 Et;
1125 2475 1379 2531 τοσοῦτον
1412 2478 1516 2550 γὰρ
1547 2479 1742 2550 σοφίας
1764 2479 1934 2552 ἥκου-

2034 2475 2180 2535 mina
2205 2474 2567 2530 confundunt.
2607 2473 2687 2530 Eo
2719 2474 2865 2530 enim
2896 2474 3142 2531 scientiae
3170 2483 3390 2532 ventum
3417 2483 3522 2542 est,
3556 2485 3615 2531 ut

339 2576 454 2625 σιν,
481 2561 559 2627 ὡς
583 2562 684 2634 τὴν
713 2563 813 2636 μὲν
842 2567 1161 2639 παρρησίαν
1187 2569 1576 2642 ἀναισχυντίαν
1592 2571 1799 2641 καλεῖν,
1835 2573 1934 2646 τὴν

2035 2565 2247 2621 dicendi
2281 2563 2587 2621 libertatem
2610 2563 2997 2635 impudentiam
3015 2563 3337 2632 nominent;
3367 2573 3621 2620 etcoutra

329 2650 388 2705 δὲ
413 2651 804 2724 ἀναισχυντίαν
832 2659 1172 2730 παρρησίαν,
1217 2663 1340 2716 κατ’
1376 2661 1544 2734 ἄμφω
1589 2663 1936 2736 ἁμαρτάνον-

2037 2655 2426 2726 impudentiam
2457 2655 2710 2725 loquendi
2749 2663 2941 2710 vocent
2966 2653 3310 2722 libertatem,
3365 2654 3621 2725 utrinque

329 2759 446 2806 τες.
479 2743 654 2799 Τοῦτο
685 2745 797 2819 γὰρ
847 2747 1072 2820 δρῶσιν,
1102 2751 1136 2823 ἦ
1186 2752 1274 2807 ἵνα
1328 2752 1428 2826 τὴν
1459 2756 1773 2828 παρρησίαν
1805 2751 1928 2812 tm-

2037 2754 2332 2803 errautes:
2369 2745 2532 2816 idque
2565 2745 2776 2800 faciunt
2804 2756 2863 2801 ut
2890 2745 2976 2802 vel
3012 2747 3266 2816 loquendi
3306 2745 3617 2802 libertatem

333 2835 687 2906 στομίσωσιν,
707 2837 740 2910 ἢ
759 2838 845 2893 ἵνα
858 2839 958 2912 τὴν
976 2841 1366 2914 ἀναισχυντίαν
1385 2846 1466 2910 είς
1487 2845 1710 2918 μείζονα
1731 2848 1932 2906 κακίαν
2029 2853 2124 2895 ore
2145 2839 2329 2894 clauso
2369 2847 2426 2894 et
2455 2840 2708 2894 obturato
2748 2837 3026 2895 rel‘renent
3048 2881 3062 2906 ,
3097 2839 3184 2894 vel
3228 2847 3287 2893 ut
3335 2838 3622 2908 impuden-

329 2925 851 3002 παιδοτριϐήσωσιν,
886 2933 986 2986 οὐκ
1029 2933 1315 3009 είδότες,ἢ
1349 2937 1553 3002 εἰδότες
1587 2939 1709 3010 μὲν,
1749 2958 1932 3014 παρα-

2033 2932 2162 2987 tiam
2192 2931 2258 2985 ad
2291 2930 2552 3002 majorem
2578 2931 2881 3002 nequitiam
2909 2929 3092 3001 pueris
3127 2929 3426 2998 instillent;
3459 2931 3620 3002 idque

327 3018 675 3092 λογιζόμενοι
709 3021 768 3076 δὲ
791 3023 1040 3091 ἑαυτοὺς,
1079 3026 1161 3082 ὅτι
1193 3029 1552 3100 ἀναισχυντία
1583 3031 1683 3102 μέν
1705 3032 1858 3087 ἐστιν
1895 3033 1930 3105 ἡ

2029 3025 2336 3080 nescientes
2351 3023 2436 3078 vel
2465 3023 2701 3080 scientes
2719 3024 2960 3094 quidem,
2981 3023 3077 3079 sed
3105 3023 3314 3094 seipsos
3333 3021 3616 3105 fallentes:

327 3111 427 3165 ἐπὶ
451 3113 568 3177 τοῖς
606 3114 912 3186 αἰσχίστοις
952 3117 1184 3172 πάθεσιν
1223 3119 1448 3191 ἀναιδὴς
1478 3121 1741 3192 φλυαρία,
1786 3103 1929 3196 παῤ-λ

2029 3115 2174 3184 quod
2207 3115 2540 3183 impudentia
2569 3115 2787 3185 quidem
2813 3115 2887 3170 sit
2911 3115 2977 3169 de
3009 3113 3257 3184 turpibus
3276 3103 3617 3184 passionibus

330 3201 501 3273 ρησία
537 3197 596 3257 δὲ
633 3205 668 3277 ἡ
695 3205 790 3258 ἐπὶ
817 3207 935 3271 τοῖς
979 3207 1290 3274 καλλίστοις
1325 3209 1591 3282 εὖτολμος
1633 3212 1922 3282 ἀπολογία.

2028 3206 2394 3262 inverecunda
2430 3207 2676 3276 nugatio,
2714 3205 2943 3262 libertas
2983 3222 3111 3262 vero
3151 3207 3365 3262 dicendi
3423 3222 3611 3262 rerum

329 3293 458 3367 Χρὴ
493 3291 588 3351 οὖν
619 3273 696 3368 μὴ
727 3299 854 3361 ταῖς
884 3297 996 3353 τῶν
1029 3300 1446 3373 διεφθαρμένων
1491 3273 1744 3374 ﬁdem;
1796 3273 1926 3358 έπε-

2029 3295 2360 3366 optimarum
2405 3273 2582 3349 audax
2621 3293 2892 3350 defensio.
2957 3295 3076 3351 Non
3125 3297 3306 3366 itaque
3346 3299 3617 3368 corruptis

330 3384 494 3454 σθαι,
523 3387 662 3442 ἀλλὰ
687 3391 757 3460 τῇ
799 3389 909 3446 τῶν
967 3393 1314 3463 πραγμάτων
1353 3393 1606 3466 ἀληθείᾳ.
1643 3395 1780 3449 Οὐδὲ
1814 3397 1926 3468 γάρ

2033 3387 2441 3443 assentiendum
2487 3385 2870 3455 opinionibus,
2919 3387 3014 3443 sed
3063 3403 3244 3443 rerum
3295 3389 3477 3458 potius
3525 3388 3614 3444 in-

327 3481 474 3534 κατά
523 3480 834 3552 ἀνθρώπων
892 3484 1058 3556 μόνον
1095 3484 1408 3549 ὁπλίζουσιν
1463 3486 1514 3540 oi
1551 3485 1786 3542 τοιοῦτοι
1823 3487 1924 3553 τὰς

2029 3477 2328 3534 sistendum
2356 3476 2593 3532 veritati.
2657 3475 2773 3532 Non
2804 3479 2949 3534 enim
2993 3479 3049 3534 lii
3103 3479 3157 3533 in
3200 3479 3451 3536 homines
3473 3481 3613 3538 dun-

325 3569 598 3640 γλώττας,
620 3573 759 3628 ἀλλά
781 3575 878 3629 καὶ
900 3576 1046 3634 κατά
1064 3576 1164 3648 τῆς
1187 3576 1337 3640 θείας
1352 3576 1658 3649 δυνάμεως.
1680 3579 1794 3650 Τὴν
1810 3579 1921 3651 γὰρ

2031 3578 2180 3625 taxat
2234 3569 2447 3640 linguas
2501 3577 2728 3636 acuunt,
2777 3569 2874 3624 sed
2916 3579 2972 3625 et
3021 3568 3076 3624 in
3108 3569 3350 3625 divinum
3379 3569 3610 3629 Numen.

329 3662 722 3734 μακροθυμίαν
737 3666 911 3738 αὐτῆς
956 3668 1220 3740 ἀμέλειαν
1269 3669 1780 3743 προσαγορεύοντες
1815 3671 1920 3726 οὐκ

2028 3659 2521 3730 Longanimitatem
2547 3658 2694 3714 enim
2717 3657 2814 3714 Dei
2850 3657 3235 3730 negligentiam
3266 3659 3611 3731 interpretari

326 3755 684 3828 ἐρυθριῶσιν.
719 3759 886 3814 οὐδὲν
907 3755 1002 3814 οὖν
1034 3760 1372 3832 θαυμαστὸν,
1409 3765 1459 3816 εί
1488 3761 1732 3833 ὀνόματα
1758 3763 1921 3834 ἀμεί-

2021 3767 2131 3807 non
2159 3751 2512 3808 erubescunt.
2557 3749 2698 3819 Quid
2741 3752 2940 3808 mirum
2971 3753 3136 3824 igitur
3173 3753 3220 3810 si
3250 3754 3472 3810 nomina
3523 3755 3611 3811 isti

325 3847 520 3903 δουσιν
547 3850 598 3904 οἱ
628 3851 950 3924 πάντολμοι,
991 3853 1154 3908 ὁπότε
1182 3855 1276 3908 καὶ
1307 3855 1388 3918 είς
1409 3854 1642 3927 οὐρανὸν
1667 3853 1740 3910 τὰ
1785 3855 1920 3928 βέλη

2022 3845 2270 3902 audaculi
2288 3852 2624 3916 permutant,
2651 3860 2776 3902 cum
2811 3854 2867 3902 et
2910 3845 2965 3901 in
2993 3845 3192 3902 coelum
3213 3847 3425 3918 jaciant
3469 3848 3615 3905 tela?

327 3937 634 4011 πέμπουσι.
1104 3943 1111 3951 ’
1835 3967 1842 3973 ·

609 4052 774 4106 ΣΠΔ¹.
821 4083 893 4094 —
938 4055 1162 4126 ΠΡῙΜῼ
1209 4056 1635 4113 MONAZONTI.
1703 4086 1706 4089 ·

2255 4046 2640 4106 CCLXXXIV.
2675 4077 2748 4090 -—
2785 4047 3004 4106 Ριιιιιιο
3032 4049 3391 4107 ΜΟΝΔΟΗΟ*

440 4167 624 4224 Virtus
653 4184 743 4238 spe
776 4170 984 4240 prtemii
1003 4171 1312 4239 sustinetur,
1347 4171 1439 4227 sed
1475 4183 1522 4226 et
1552 4173 1666 4241 ipsa
1706 4173 1870 4228 uirtus
1907 4167 2008 4226 sibi
2037 4157 2316 4236 prtémium
2348 4179 2412 4218 ac
2442 4179 2660 4220 merces.
2690 4162 2872 4236 (ϐοαί.
2900 4165 3054 4235 epist.
3083 4163 3175 4234 63,
3206 4165 3331 4233 130,
3355 4163 3510 4239 ἥδ.)

406 4297 467 4352 '0
493 4297 762 4370 στέφανον
791 4299 1267 4372 ἐπαγγελλόμενος
1289 4300 1388 4374 τὴν
1406 4302 1610 4374 ἀρετὴν
1633 4301 1916 4364 ἀσκοῦντι,

2095 4292 2198 4362 Qui
2227 4307 2485 4350 coronam
2521 4293 2792 4364 promittit
2821 4293 3078 4350 virtutem
3110 4295 3381 4364 aperanti,
3413 4295 3608 4366 duplex

319 4390 418 4444 δύο
450 4392 739 4462 χαρίζεται
780 4391 992 4464 δωρεάς
1025 4407 1040 4422 ⁸
1073 4393 1204 4464 μίαν
1247 4392 1348 4463 μὲν
1391 4391 1492 4464 τὴν
1541 4395 1761 4466 πρᾶξιν,
1797 4394 1920 4447 ἑτέ-

2022 4393 2246 4458 praestat
2278 4385 2558 4456 praemium
2580 4425 2596 4452 ,
2621 4386 2852 4442 alterum
2881 4387 3062 4456 operis
3101 4386 3271 4458 ipsius
3303 4386 3482 4458 (cujus
3513 4404 3610 4458 per

321 4481 440 4554 ραν
461 4477 520 4538 δὲ
543 4483 641 4556 τὴν
669 4485 927 4556 ἀμοιϐήν.
973 4485 1130 4554 Ἐμοὶ
1158 4485 1268 4556 γὰρ
1297 4486 1391 4540 καὶ
1418 4489 1447 4540 ὁ
1471 4481 1638 4550 ἆθλος
1661 4485 1846 4551 αὐτὸς,
1867 4485 1918 4539 εί

2021 4478 2443 4550 promissionem
2485 4493 2650 4534 causa
2684 4479 2823 4548 est),
2857 4478 3089 4534 alterum
3126 4479 3600 4535 remunerationis.

318 4575 417 4630 καὶ
463 4574 725 4640 ὲπίπονός
774 4577 915 4643 ἐστι,
963 4575 1058 4629 τοῦ
1113 4574 1352 4629 ἐπάθλου
1379 4575 1479 4646 οὐχ
1516 4570 1684 4648 ἦττον
1735 4573 1916 4643 δωρεὰ

2017 4569 2205 4642 Neque
2280 4569 2424 4626 enim
2486 4584 2624 4640 opus
2677 4569 2851 4640 ipsum
2907 4569 3021 4626 sive
3066 4569 3282 4626 virtutis
3333 4579 3607 4626 certamen

317 4662 462 4721 εἷναι
515 4666 684 4732 δοκεῖ,
731 4669 848 4737 εἴγε
895 4668 929 4738 ἡ
980 4667 1078 4738 μὲν
1131 4666 1304 4738 ἀρετὴ
1353 4666 1611 4732 ὑπόθεσίς
1666 4668 1784 4720 ἐστι
1810 4665 1904 4720 τοῦ

2054 4659 2232 4718 tmetsi
2253 4658 2582 4716 laboriosum
2615 4658 2708 4724 sit,
2731 4659 2910 4714 minus
2930 4658 3213 4729 praemium
3237 4658 3455 4715 videtur
3483 4674 3608 4718 esse
3655 4698 3661 4705 -

318 4756 614 4828 στεφάνου,
637 4759 664 4812 ὁ
693 4757 750 4813 δὲ
779 4759 1044 4830 στέφανος
1067 4759 1126 4813 οὗ
1157 4759 1360 4816 δίδοται
1387 4760 1517 4814 ἀνευ
1551 4759 1778 4832 ἀρετῆς.

2016 4751 2206 4808 bravio
2231 4750 2371 4822 ipso,
2404 4763 2526 4806 cum
2565 4757 2621 4803 et
2645 4749 2818 4805 virtus
2852 4749 2964 4818 ipsa
2992 4751 3202 4820 prtemii
3236 4765 3404 4808 causa
3432 4751 3507 4808 sit
3551 4761 3607 4809 et

2019 4857 2255 4910 coronae,
2291 4855 2468 4912 neque
2499 4843 2615 4897 haec
2647 4841 2764 4896 sine
2799 4842 2998 4898 virtute
3027 4842 3364 4900 conferatur.

600 4955 770 5012 ΣΠΕ¹.
808 4987 878 4998 --
915 4959 1146 5014 ΩΡΙΩΝΙ
1171 4958 1600 5016 ΜΟΝΑΖΟΝἹΊ.
2121 4953 2207 5026 ϐἀ

2121 4953 2290 5027 646
2333 4951 2688 5009 CCLxxxv.
2724 4983 2794 4997 --
2830 4950 3068 5010 ORIONI
3113 4943 3469 5014 MONAGHO.

1059 5069 1286 5128 Prtestat
1314 5089 1418 5128 non
1448 5072 1666 5140 bellare,
1697 5088 1857 5143 quam
1887 5073 2140 5128 subsidiis
2169 5071 2288 5126 niti.
2319 5068 2503 5142 (ϐοαί.
2534 5069 2690 5141 epist.
2715 5067 2866 5140 484.)

387 5201 534 5258 Πολὺ
573 5200 980 5273 ἀσφαλέστερόν
1031 5201 1150 5255 ἐστι
1191 5199 1253 5255 τὸ
1306 5201 1384 5274 μὴ
1415 5201 1771 5274 πολεμεῖσθαι
1807 5201 1906 5256 τοῦ

2091 5201 2257 5258 Multo
2280 5201 2530 5258 securius
2563 5207 2645 5256 est
2686 5198 2830 5256 bello
2863 5214 2972 5255 non
3025 5202 3240 5272 premi,
3273 5217 3432 5272 quam
3469 5218 3601 5274 sup-

315 5293 760 5367 συμμαχεῖσθαι·
826 5293 888 5348 τὸ
945 5293 1044 5365 μὲν
1109 5293 1220 5365 γὰρ
1283 5293 1516 5366 ἡσυχίαν
1569 5295 1906 5368 ἀπράγμονα

2017 5285 2193 5366 petias
2234 5295 2304 5350 ab
2334 5293 2458 5350 aliis
2497 5293 2790 5363 accipere:
2857 5292 2992 5349 illud
3032 5295 3178 5351 enim
3224 5295 3422 5366 quietis
3455 5303 3600 5354 tran-

313 5387 450 5459 ἐχει,
485 5386 547 5440 τὸ
576 5385 632 5440 δὲ
669 5383 972 5454 ἀναγκάζει
1005 5384 1383 5456 συμπολεμεῖν
1430 5387 1544 5449 τοῖς
1573 5385 1904 5458 βοηθήσασι,

2013 5384 2406 5455 quillitatisque
2450 5385 2666 5454 plenum
2693 5392 2817 5449 est,
2865 5383 2971 5440 hoc
2993 5400 3122 5440 vero
3152 5399 3257 5440 una
3287 5400 3409 5440 cum
3441 5387 3596 5442 auxi-

314 5479 414 5536 καὶ
437 5481 490 5534 εί
517 5478 720 5542 ἀδίκως
761 5477 1073 5548 πολεμοῖεν.
1126 5475 1396 5540 Πολλάκις
1417 5475 1527 5548 γάρ
1547 5477 1900 5548 ἀδικούμενοί

2009 5475 2271 5532 liantibus
2300 5491 2542 5547 pugnare
2562 5476 2725 5546 cogit,
2750 5477 2852 5532 etsi
2887 5486 3127 5548 pugnent
3158 5476 3374 5546 injuste.
3414 5477 3597 5549 Saepe-

311 5586 460 5634 τινες
499 5567 822 5640 συμμαχίαν
876 5565 1302 5622 ἐπεκαλέσαντοο
1352 5562 1421 5640 ἧς
1473 5567 1568 5620 καὶ
1625 5569 1902 5639 τυχόντες,

2007 5583 2237 5624 numero
2267 5569 2414 5624 enim
2446 5565 2642 5636 injuria
2671 5566 2846 5622 affecti
2877 5569 3098 5638 quidam
3131 5570 3402 5624 sociorum
3436 5585 3591 5640 opem

316 5663 435 5724 τοῖς
502 5658 900 5732 συμμαχήσασι
991 5657 1216 5721 δικαίως
1293 5657 1742 5728 πολεμουμένοις,
1843 5657 1902 5709 οὐ

2003 5660 2376 5724 advocarunt,
2411 5671 2573 5728 quam
2622 5659 2766 5712 nacti
2794 5697 2808 5722 ,
2852 5659 3014 5712 etiam
3060 5657 3422 5714 auxiliaribus
3477 5659 3591 5716 suis

311 5754 536 5818 δικαίως
569 5753 858 5826 ἀμύνουσι,
895 5751 1052 5823 χάριν
1092 5751 1277 5806 ἄδικον
1313 5751 1436 5807 ἀντὶ
1478 5749 1693 5818 δικαίας
1731 5753 1904 5806 ἐκτιν-

2005 5751 2144 5806 ιιεΙΙο
2171 5749 2320 5820 justo
2359 5749 2576 5820 petitis,
2612 5765 2718 5804 non
2759 5749 2906 5820 jus:e
2938 5759 3295 5816 succurrunt,
3333 5751 3589 5822 injustam

310 5848 519 5910 νύντες.

2007 5857 2102 5913 pro
2135 5843 2280 5912 justa
2315 5840 2546 5908 gratiam
2585 5841 2958 5910 rependentcs.
