4070 6376
555 350 693 415 1507
1724 337 1788 399 s.
1824 334 2119 398 ISIDORI
2155 331 2595 395 PELUSIOTxE
3661 338 3777 403 πως

553 474 614 515 se
655 455 832 529 pascit
880 451 1286 526 pulchritudine
1312 494 1328 520 ,
1362 449 1558 506 merito
1591 447 1931 520 puniendum
1976 447 2147 501 inter-

2178 451 2220 505 Α
2254 442 2521 496 ἑστιῶσαν
2581 441 2803 513 ἑαυτὴν,
2864 440 3116 496 κολάσειν
3171 440 3389 508 είκότως
3434 446 3716 521 ἠπείλησεν
3753 460 3779 509 6

562 547 805 603 minatur
825 547 897 612 ’⁵,
928 545 997 600 ab
1038 546 1156 615 ipso
1189 558 1291 600 uos
1334 542 1480 598 malo
1510 539 1789 611 animique
1822 536 2144 606 impotentia

2251 532 2472 604 Σωτὴρ,
2505 533 2850 605 πραγμάτων
2877 535 3025 607 ἡμᾶς
3073 533 3428 591 ἀπαλλάττων
3466 539 3557 593 καὶ
3590 542 3783 616 itm};-

553 637 829 693 abdueens
849 675 866 703 ,
909 650 978 691 ne
1017 650 1118 705 per
1147 632 1336 690 oculos
1363 629 1708 702 pulchritudo
1740 627 1965 683 illabens
1994 639 2146 679 men-

2246 622 2366 685 νίας
2406 621 2605 692 πολλῆς
2631 639 2645 654 ’
2689 624 2777 676 ἵνα
2915 623 2978 676 τὸ
3022 624 3221 688 κάλλος
3259 624 3344 678 διὰ
3391 627 3495 681 τῶν
3522 629 3788 705 ὀφθαλμῶν

560 737 668 783 tem
705 727 918 797 redigat
948 727 1003 781 in
1032 726 1351 782 servitutem
1373 764 1388 787 ,
1420 721 1687 777 etauimae
1713 716 2147 789 opportunitates

2246 713 2463 785 είσρυὲν
2499 714 2590 767 τὸν
2611 713 2736 769 νοῦν
2762 715 3272 788 καταδουλώσηταιο
3306 717 3480 772 καὶτὰ
3510 720 3686 792 καίρια
3701 726 3788 796 τῆς

564 831 953 886 praeoccupans
977 855 993 881 ,
1019 815 1286 870 rationem
1324 813 1516 868 doceat
1542 808 1752 865 aifectui
1789 807 2006 870 cedere,
2038 817 2146 874 quo

2248 805 2427 877 ψυχῆς
2452 806 2895 875 προκαταλαῶν,
2929 808 3023 862 τὸν
3062 807 3322 880 λογισμὸν
3346 811 3505 883 πείσῃ
3548 813 3623 885 τῷ
3648 816 3791 872 πάθει

557 907 930 963 invalescente
977 913 1167 961 curatu
1211 902 1463 969 ditiicile,
1516 916 1587 957 ue
1627 899 1803 955 dicam
1842 894 2145 952 insanabile

2249 898 2680 969 παραχωρῆσαν
2732 892 2795 953 οὗ
2835 898 3234 970 κρατηθέντος,
3290 900 3556 966 δυσίατον,
3604 905 3685 958 ἵνα
3728 908 3793 981 μὴ

555 997 651 1050 ﬁat
685 996 912 1050 malum.
974 995 1117 1050 Cave
1152 994 1317 1064 igitur
1358 1006 1428 1047 ne
1466 990 1744 1045 violentus
1785 986 2014 1042 affectus
2044 998 2142 1038 vo-

2246 990 2390 1060 λέγω
2431 991 2673 1057 ἀνίατον,
2708 990 2916 1060 γίνεται
2965 992 3027 1045 τὸ
3069 993 3261 1048 κακόν.
3297 992 3564 1048 Φυλάττου
3613 998 3793 1063 τοίνυν,

557 1088 782 1156 luptatis
818 1087 1065 1142 animum
1101 1099 1396 1156 aggressus
1443 1098 1551 1138 non
1597 1078 1986 1152 impossibilem
2017 1076 2141 1147 qui-

2238 1083 2389 1146 ὅπως
2426 1083 2499 1153 μὴ
2530 1083 2590 1135 τὸ
2616 1084 2937 1154 τυραννικὸν
2971 1084 3142 1148 πάθος
3198 1086 3297 1156 τῆς
3330 1086 3518 1158 ἡδονῆς
3549 1091 3789 1160 χειρωσά-

553 1179 676 1234 dem
696 1216 714 1244 ,
744 1178 840 1234 sed
885 1175 1253 1249 perdimcllem
1283 1175 1350 1231 ad
1384 1172 1688 1229 curandum
1720 1169 1967 1226 morbum
2003 1181 2142 1223 con-

2244 1191 2406 1245 μενον
2435 1175 2533 1247 τὴν
2579 1174 2781 1246 ψυχὴν,
2817 1176 3078 1230 ἀδύνατον
3110 1177 3209 1248 μὲν
3257 1177 3526 1249 οὐδαμῶς,
3564 1179 3792 1236 δύσκολον

556 1269 715 1325 citet.
2088 1272 2091 1275 ’
2246 1265 2303 1318 δὲ
2328 1266 2498 1336 αὐτῆς
2527 1267 2918 1339 κατασκευάσῃ
2937 1267 3038 1337 τὴν
3058 1266 3379 1339 θεραπείαν.

1043 1373 1291 1432 CCXCII.
1326 1404 1398 1416 —-
1432 1371 1667 1429 EIDEM.

2734 1371 2895 1439 2w.
2929 1403 2995 1413 —
3026 1372 3116 1442 To
3145 1372 3349 1444 Αγτςι.

1527 1486 1547 1519 ι
1589 1465 1804 1537 Dih’gite
1844 1465 2088 1519 inimicos
2123 1473 2338 1519 vestros.
2373 1482 2391 1515 ι
2420 1463 2638 1534 (Mam.
2687 1479 2742 1528 v,
2769 1463 2883 1536 44.)

628 1601 747 1658 Etsi
804 1600 980 1657 solent
1030 1599 1280 1655 homines
1338 1596 1390 1651 in
1453 1595 1775 1667 gravissima
1826 1595 2142 1651 calamitate

2320 1591 2383 1644 Εἰ
2417 1590 2475 1643 δὲ
2527 1590 2639 1663 (85)
2689 1592 2891 1656 πάντες
2939 1590 3196 1647 εἰώθασιν
3253 1591 3314 1645 έν
3367 1593 3486 1656 ταῖς
3541 1591 3795 1657 ἀσπόνδοις

559 1691 687 1747 illud
727 1692 937 1748 cunctis
993 1688 1303 1753 anteferre,
1355 1689 1398 1743 si
1444 1688 1585 1759 quod
1620 1687 1837 1752 volunt,
1882 1685 2139 1756 consequi

2193 1745 2221 1759 λ
2251 1685 2558 1754 συμφοραῖς
2604 1685 3002 1756 προτιμότερον
3051 1685 3205 1753 ἄγειν
3249 1683 3312 1736 τὸ
3344 1686 3524 1754 τυχεῖν
3570 1676 3640 1737 ὧν
3668 1686 3800 1739 αὐτοὶ

557 1783 802 1854 possint;
842 1784 1026 1838 hostes
1060 1795 1188 1836 vero
1221 1788 1346 1835 voto
1380 1745 1715 1834 frustrentur
1743 1783 1842 1834 suo
1875 1796 1888 1833 :
1917 1778 2010 1833 sed
2051 1777 2144 1848 qui

2202 1745 2574 1845 3potiit-ovante,
2613 1745 2660 1847 ἢ¹
2698 1745 2925 1840 ’τὸ-τοὺς
2974 1745 3268 1846 πολεμίους
3312 1768 3385 1829 ὧν
3415 1745 3699 1848 ’θρέγονται
3741 1777 3809 1831 δι-

558 1869 763 1929 Cbristi
793 1887 892 1927 nos
919 1884 1037 1927 esse
1071 1869 1363 1940 discipulos
1395 1868 1716 1941 gloriamur,
1751 1884 1860 1923 non
1892 1877 2137 1923 nostrum

2242 1869 2539 1937 αμαρτεῖν·
2582 1867 2699 1922 ἀλλ’
2746 1870 2906 1939 ἡμεῖς
2942 1869 2992 1921 οἱ
3034 1869 3130 1923 τοῦ
3176 1867 3418 1940 Χριστοῦ
3454 1869 3810 1940 σεμνυνόμενοι

562 1964 723 2019 modo
751 1962 1102 2019 commodum
1125 2001 1140 2026 ,
1193 1964 1284 2017 sed
1330 1972 1385 2017 et
1407 1977 1594 2018 eorum
1627 1976 1657 2015 τι
1687 1960 1884 2031 quibus
1922 1960 2151 2015 disside-

2258 1953 2399 2014 εἶναι
2432 1958 2707 2030 μαθηταὶ,
2748 1960 2822 2032 μὴ
2849 1961 2911 2013 τὸ
2939 1960 3150 2015 ἑαυτῶν
3181 1960 3463 2033 συμφέρον
3489 1961 3661 2030 μόνον,
3693 1960 3813 2015 ἀλλὰ

561 2069 687 2111 mus
720 2070 1029 2125 quaeramus
1064 2053 1287 2109 bonum.
1341 2053 1443 2120 Qui
1474 2052 1619 2107 enim
1652 2053 1900 2122 proximo
1926 2053 2149 2121 prodest

2247 2052 2342 2105 καὶ
2375 2050 2488 2122 (86)
2520 2050 2629 2106 τῶν
2660 2052 2796 2123 πρὸς
2823 2054 2973 2125 ἡμᾶς
2994 2053 3411 2126 διαφερομένων
3432 2052 3693 2124 ζητῶμεν.
3737 2053 3814 2105 Ἐν

561 2146 683 2216 (etsi
732 2145 1049 2201 incredibile
1099 2145 1151 2200 id
1185 2143 1457 2214 videatur)
1510 2144 1613 2200 sibi
1666 2144 1872 2213 pariter
1898 2145 2145 2214 prodest.

2246 2142 2358 2215 γὰρ
2378 2144 2457 2215 τῷ
2487 2145 2822 2217 συμφέροντι
2847 2145 2956 2199 τῶν
2980 2146 3151 2210 πέλας
3196 2145 3288 2217 (εί
3318 2147 3417 2199 καὶ
3450 2145 3737 2217 παράδοξον
3764 2145 3817 2198 τὸ

2244 2235 2680 2309 λεχθησόμενον)
2733 2238 2829 2292 καὶ
2880 2237 2944 2291 τὸ
2972 2238 3244 2309 ἡμέτερον
3286 2238 3723 2310 συμπεριέχεται.

755 2300 759 2305 ’
820 2344 1095 2401 ccxcm.
1134 2376 1206 2386 —
1243 2304 1520 2401 tsmouo
1554 2342 1874 2399 DlACONO.
2307 2300 2342 2308 ”

2586 2348 2745 2413 Σμιπι.
2778 2378 2846 2388 -
2877 2348 3144 2419 ΙΣΙΔΩΡῼ
3174 2348 3506 2420 maxum.

1009 2455 1206 2512 Sancta
1237 2456 1516 2525 Scriptura
1555 2454 1624 2510 ad
1660 2472 1842 2511 sensus
1870 2457 2077 2526 quidem
2123 2462 2294 2517 varias
2334 2465 2565 2536 torqueri
2605 2475 2792 2534 potest,
2829 2466 3024 2519 veritas
3054 2476 3228 2522 tamen
3256 2483 3392 2521 una.

632 2585 869 2643 Tametsi
916 2584 1171 2654 plurima,
1214 2593 1275 2638 ut
1304 2583 1520 2650 scribis,
1550 2584 1713 2639 verba
1755 2594 1960 2640 sanctae
1999 2583 2153 2640 Scri-

2330 2597 2394 2667 Εί
2429 2597 2525 2651 καὶ
2552 2597 2744 2664 πολλὰ,
2765 2598 2841 2662 ὡς
2880 2598 3037 2670 ἔφης,
3069 2599 3292 2671 ῥήματα
3333 2598 3443 2652 τῶν
3473 2598 3633 2669 ἱερῶν
3653 2595 3823 2665 λογίων

562 2688 734 2747 pturrc
747 2676 815 2730 ad
840 2674 986 2730 illmu
1005 2690 1163 2744 quem
1188 2674 1310 2745 quis
1332 2673 1472 2729 volet
1490 2688 1706 2729 sensum
1733 2674 1873 2730 trahi
1900 2682 2148 2745 possunt,

2262 2688 2399 2761 πρὸς
2425 2690 2562 2759 ὅπερ
2592 2689 2658 2744 ἄν
2698 2707 2781 2754 τις
2820 2690 2950 2761 θέλῃ
2984 2691 3486 2763 παρακρουόμενος
3507 2730 3520 2755 ,
3543 2689 3715 2742 ἕλκειν
3742 2687 3819 2742 καὶ

565 2781 740 2838 eaque
769 2768 1098 2834 detorquere
1132 2768 1203 2820 sit
1243 2763 1425 2833 facile,
1460 2765 1665 2821 veritas
1696 2775 1875 2821 tamen
1898 2807 1913 2832 ,
1943 2780 2040 2822 eos
2062 2767 2155 2837 qui

2257 2779 2544 2851 βιάζεσθαι
2575 2780 2759 2852 ῥᾴδιόν
2787 2782 2970 2834 ἐστιν’
2998 2781 3113 2835 ἀλλ’
3149 2783 3183 2852 ἡ
3217 2780 3461 2852 ἀλήθεια
3494 2781 3701 2834 πάντων
3733 2778 3818 2832 τῶν

567 2858 840 2914 malitiose
873 2858 988 2911 lucc
1008 2857 1090 2913 vel
1116 2871 1488 2927 corrumpere,
1520 2857 1604 2913 vel
1635 2858 1775 2913 male
1805 2857 2154 2928 interpretari

2253 2871 2579 2944 κακούργως
2622 2873 2763 2928 αὐτὰ
2795 2874 2828 2945 ἢ
2859 2872 3239 2945 παραποιῆσαι
3265 2913 3281 2940 ,
3323 2874 3358 2945 ἢ
3405 2870 3826 2945 παρερμηνεῢσαι

570 2949 808 3014 audent,
838 2946 1010 3003 vincit
1047 2962 1112 3003 ac
1147 2958 1387 3016 superat.

2256 2965 2656 3037 τολμησάντων
2691 2967 2787 3020 καὶ
2817 2967 3144 3038 περιγέγονε
3172 3007 3188 3032 ,
3232 2968 3343 3021 καὶ
3372 2966 3728 3038 περιγίνεται,
3746 2962 3826 3015 καὶ

2178 3076 2221 3135 ς,
2254 3058 2561 3131 περιέσται.

810 3165 1083 3223 CCXCIV.
1120 3196 1193 3208 --
1233 3165 1536 3223 EUTONIO
1573 3164 1893 3222 DIACONO.
2208 3164 2220 3170 ’

2208 3164 2220 3170 ·
2573 3171 2727 3237 zu.
2761 3201 2831 3210 —
2861 3170 3159 3242 amomo
3191 3169 3534 3242 ΔΙΑΚΟΝῼ.

1875 3252 2071 3310 Gloria:
2100 3255 2302 3314 invidia
2330 3276 2525 3316 comes.

633 3363 886 3435 lgnorare
929 3364 1060 3419 mihi
1098 3364 1299 3436 videris
1331 3363 1718 3421 excellentibus
1778 3364 1939 3420 rebus
1990 3365 2159 3435 gestis

2342 3371 2601 3440 Ἀγνοεῖς,
2642 3371 2719 3436 ὡς
2748 3371 2946 3436 ἔοικεν,
2976 3374 3059 3427 ὅτι
3091 3374 3212 3437 ταῖς
3237 3373 3550 3446 ὑπεροχαῖς
3577 3371 3681 3426 τῶν
3707 3368 3828 3441 πρά-

563 3455 823 3512 obvenire
862 3455 1121 3510 invidiam
1148 3457 1358 3521 solere,
1389 3472 1552 3526 quam
1585 3458 1676 3526 qui
1713 3455 1850 3511 clari
1892 3465 2018 3511 sunt
2050 3472 2153 3513 no-

2257 3465 2396 3532 ξεων
2450 3463 2871 3536 ὲπισυμὸαίνειν
2913 3464 3108 3521 εἴωθεν
3155 3468 3185 3519 ὁ
3238 3466 3483 3535 φθόνος⁶
3526 3465 3623 3520 καὶ
3661 3463 3829 3519 τοῦτον

570 3546 734 3603 minis
765 3545 1003 3617 eﬂ‘ugere
1031 3555 1328 3617 nequeunt,
1356 3548 1710 3617 quamobrem
1743 3548 2056 3603 conturbari
2083 3548 2159 3603 vi-

2256 3558 2355 3613 οὐκ
2394 3557 2543 3612 ἔστιν
2588 3560 2851 3627 ἐκφυγεῖν
2903 3558 3029 3623 τοὺς
3080 3558 3362 3631 λαμπρῶς
3398 3555 3824 3630 ἀνακηρυττομέ-

567 3641 734 3694 deris.
791 3639 1015 3693 Discens
1045 3639 1212 3709 igitur
1243 3639 1379 3703 hoc,
1412 3639 1619 3694 turbari
1661 3639 1870 3694 desine.
1914 3639 2146 3694 Praestat

2251 3667 2394 3717 νους,
2431 3650 2526 3705 καὶ
2561 3649 2649 3704 διὰ
2681 3649 2839 3704 τοῦτο
2869 3651 3051 3715 ἔοικας
3103 3650 3536 3723 τεθορυϐἧσθαι.
3560 3649 3725 3705 Τοῦτο
3753 3644 3831 3701 οὖν

563 3729 709 3784 enim
741 3729 944 3783 virtute
973 3728 1229 3798 pratditos
1251 3730 1572 3799 reprehendi
1619 3732 1686 3786 ab
1709 3731 1775 3786 iis
1797 3731 1887 3801 qui
1917 3730 2147 3801 probum

2260 3740 2470 3814 μαθὼν,
2495 3742 2842 3813 ἀπαλλάγηθι
2861 3743 2952 3796 τοῦ
2979 3742 3236 3814 θορύϐουο
3263 3744 3497 3815 ἄμεινον
3527 3743 3636 3815 γὰρ
3653 3739 3830 3814 ἀρετὴν

565 3837 688 3878 esse
734 3823 1005 3876 neminem
1054 3821 1315 3891 cupiunt,
1368 3838 1531 3893 quam
1583 3823 1985 3894 improbitatem
2030 3837 2149 3876 am-

2260 3835 2547 3907 μετιόντας
2603 3836 3037 3906 κακηγορεῖσθαι
3079 3835 3234 3908 παρὰ
3285 3837 3402 3890 τῶν
3458 3837 3668 3909 μηδένα
3715 3829 3830 3888 εἶναι

566 3915 881 3987 plexantes,
925 3911 1173 3982 plausum
1211 3916 1407 3970 mereri
1447 3915 1590 3985 apud
1620 3931 1716 3972 eos
1744 3916 1838 3986 qui
1875 3923 2029 3970 recto
2052 3927 2146 3970 ca-

2259 3926 2605 3998 βουλομένων
2631 3928 2939 3998 εὐδόκιμον,
2964 3927 2997 3999 ἢ
3030 3929 3232 3984 κακίαν
3268 3929 3697 4001 ἀσπαζομένους
3722 3942 3830 3997 κρο-

562 4017 686 4064 rent
712 4007 778 4062 de
812 4004 969 4061 rebus
997 4004 1206 4074 judicio
1222 4051 1236 4069 ,

2256 4013 2467 4074 τεϊσθαι
2495 4020 2649 4091 παρὰ
2676 4020 2786 4074 τῶν
2815 4022 2915 4093 τὴν
2944 4020 3111 4093 ὀρθὴν
3144 4021 3253 4076 τῶν
3276 4022 3640 4095 πραγμάτων
3672 4020 3828 4090 κρίσιν

2263 4109 2338 4180 μὴ
2373 4109 2745 4180 κεκτημένων.

894 4237 1062 4310 649
1100 4240 1349 4298 CCXCV.
1373 4274 1444 4284 —
1462 4238 1886 4301 lSCHYlllONI.

1791 4238 1886 4297 Νι,
2699 4216 2860 4286 Σιιιηγ.
2897 4247 2969 4259 --
3006 4218 3398 4274 ιΣΧΥΡιΩΝιο

1199 4335 1279 4391 De
1307 4335 1526 4393 lectione
1556 4345 1756 4394 sanctae
1784 4335 2080 4408 Scriptum
2104 4350 2123 4390 :
2148 4346 2254 4387 non
2275 4325 2435 4395 hujus
2456 4326 2581 4378 vitio
2613 4324 2874 4394 improbos
2910 4323 3028 4394 ﬁeri
3057 4322 3195 4395 (87).

638 4446 698 4502 Si
727 4445 948 4516 quidem
971 4460 1163 4503 omnes
1186 4448 1277 4516 qui
1297 4462 1509 4503 sacram
1536 4458 1775 4505 tractant
1807 4449 2145 4521 Seripturam
2178 4454 2223 4510 D

2324 4460 2389 4513 Ei
2425 4458 2524 4529 μὲν
2558 4458 2759 4521 πάντες
2786 4457 2836 4509 οί
2870 4458 2988 4522 ταῖς
3025 4457 3277 4528 Γραφαῖς
3306 4459 3691 4531 ὡμιληκότες,
3721 4455 3836 4526 πρὸς

568 4536 635 4591 ad
657 4535 775 4606 ejus
800 4551 1047 4591 normam
1094 4537 1445 4595 instituerent
1487 4540 1675 4606 vitam,
1722 4549 1812 4595 tua
1850 4542 2144 4611 quamdam

2249 4549 2350 4620 τὴν
2382 4547 2609 4601 ἐκείνων
2663 4547 2954 4617 εἰσήγησιν
2987 4548 3410 4617 κατεστήσαντο
3432 4550 3533 4603 τὸν
3565 4549 3700 4621 βίον,
3739 4541 3836 4613 εἶχέ

567 4627 833 4683 rationem
861 4628 1088 4684 haberet
1131 4630 1332 4685 oratio.
1372 4630 1431 4686 Si
1466 4646 1597 4687 vero
1630 4632 1808 4700 multi,
1857 4646 1994 4701 quos
2023 4647 2145 4703 ego,

2260 4639 2357 4694 σού
2400 4655 2521 4692 τινα
2561 4636 2720 4704 λόγον
2740 4638 2770 4690 ὁ
2805 4637 2964 4704 λόγος
2984 4652 2999 4667 ο
3031 4638 3080 4690 εί
3105 4638 3163 4691 δὲ
3193 4638 3389 4692 πολλοὶ
3420 4638 3521 4705 οὓς
3561 4637 3680 4694 οῖδα
3706 4636 3836 4704 ἐγὼ.

569 4723 624 4772 ιιι
655 4731 870 4786 quoque
897 4716 1135 4774 fortasse
1156 4721 1424 4784 novimus,
1456 4722 1905 4778 commonitiones
1930 4722 2152 4778 laudant

2253 4731 2383 4794 ἴσως
2404 4729 2460 4783 δὲ
2488 4727 2587 4782 καὶ
2612 4728 2798 4791 αὐτὸς,
2827 4727 2928 4790 τὰς
2946 4728 3306 4798 παραινέσεις
3336 4730 3595 4802 ᾄδοντες,
3621 4732 3679 4784 ὲν
3707 4725 3837 4797 μέσῳ

569 4806 713 4862 inter
733 4808 954 4873 multos,
981 4810 1245 4881 religione
1279 4812 1449 4876 ducti,
1474 4814 1745 4868 contraria
1763 4828 1990 4886 qumque
2010 4815 2147 4870 clam

2253 4820 2663 4885 ὲκθειάζοντες,
2706 4822 2815 4874 πᾶν
2853 4820 3163 4875 τούναντίον
3217 4821 3407 4893 λάθρα
3440 4822 3741 4893 τολμῶσιν,
3789 4816 3837 4869 οὗ

568 4899 769 4955 audent
809 4901 1050 4971 aggredi,
1079 4917 1182 4957 non
1230 4915 1521 4975 propterea
1550 4920 1738 4962 sacras
1769 4908 2149 4963 accusabimus

2248 4909 2339 4965 διὰ
2383 4910 2541 4963 τοῦτο
2575 4910 2672 4973 τὰς
2702 4910 2927 4981 Γραφὰς
2957 4910 3306 4982 γραφόμεθα.
3340 4913 3609 4983 Ἔφησαν
3639 4910 3712 4982 μὴ
3748 4906 3836 4963 ἁδι-

568 4988 825 5047 thteras.
862 4988 1024 5046 Jubet
1063 4994 1207 5048 enim
1256 5004 1443 5053 sancta
1481 4998 1769 5067 Scriptura
1813 4997 1932 5052 laedi
1977 5000 2148 5053 nemi-

2254 5005 2372 5055 κεῖν
2399 5043 2413 5067 ,
2456 5003 2552 5056 καὶ
2600 5002 2784 5056 πολλοὶ
2826 5001 3095 5058 ἀδικοῦσι.
3146 5003 3211 5056 Τί
3248 5002 3425 5058 τοῦτο
3458 5006 3603 5077 πρὸς
3649 5000 3830 5061 αὐτάςὶ

640 5164 687 5195 ⁷⁵
720 5162 913 5218 Matth.
953 5179 1004 5228 ν,
1047 5165 1140 5220 28.

1670 5300 1904 5355 VARle
1946 5298 2326 5357 LEG'I'IONES
2366 5302 2455 5357 ET
2485 5304 2714 5360 NOTAE.

643 5452 755 5541 βξ)
783 5452 899 5541 Pro
920 5454 969 5507 ει
995 5452 1054 5507 δὲ
1097 5452 1257 5506 codd.
1304 5450 1426 5506 Vat.
1473 5452 1578 5507 650
1629 5464 1687 5509 et
1732 5457 1841 5510 Alt.
1885 5457 2157 5511 habentei
2194 5460 2201 5465 ’
2266 5460 2458 5541 inquit,
2500 5462 2709 5541 uirtutis
2749 5473 3244 5541 estmrmarnenlum
3269 5482 3291 5532 ;
3340 5477 3393 5523 et
3449 5468 3721 5541 sceleratis
3761 5482 3847 5520 ne-

573 5523 922 5607 *“§;£°.83'"-
1024 5592 1038 5607 .
1204 5588 1230 5601 ..
1499 5591 1511 5602 .
1813 5592 1894 5607 ,.

2263 5523 2740 5607 φιξιξίειιὶιιιιιίιέε.
2789 5533 2951 5607 ξιιιιιι
3004 5535 3195 5591 Junius
3243 5523 3397 5593 cent.
3439 5554 3493 5592 Iv
3545 5538 3755 5607 adagio,
3799 5546 3847 5588 et

783 5592 1048 5675 [ψει-καὶ
1076 5600 1132 5675 et
1162 5588 1461 5675 19v
1493 5591 1740 5675 inserunt
1766 5593 1848 5675 τό.
1877 5592 1952 5675 In.
2091 5666 2103 5675 _
2253 5588 2580 5675 emblemate
2624 5603 2695 5655 35
2730 5618 2745 5656 :
2787 5588 3493 5675 Scripluroiprnvisﬁsicn,
3540 5588 3843 5675 ἢῗὲέωὶυηι

642 5658 754 5733 (87)
786 5663 878 5733 Sic
905 5672 960 5717 et
990 5664 1056 5733 de
1089 5661 1157 5733 S._
1182 5658 1460 5733 Scriptura
1492 5659 1550 5712 Β.
1595 5660 1766 5733 Grcg.
1805 5663 2057 5718 Nazianz.
2091 5666 2145 5720 in
2255 5669 2419 5721 bonis.
2440 5667 2677 5725 SCﬂttT'l‘.

642 5674 754 5733 (B7)
786 5674 878 5718 Sic
905 5674 960 5717 et
990 5674 1056 5715 ue
1089 5674 1149 5714 δ.
1182 5674 1460 5780 δρηριιιινι
1492 5674 1550 5712 ιι.
1595 5674 1757 5727 urcg.
1805 5674 2057 5718 l‘lttztanz.
2091 5674 2141 5720 in

573 5740 710 5786 orat.
738 5748 753 5786 ι
784 5729 1116 5788 Steliteutica
1146 5729 1199 5782 iu
1241 5727 1304 5783 ,ιιι
1332 5730 1510 5782 ianum
1554 5730 1896 5801 παραϐάτην,
1934 5733 2141 5801 Probis,
