4070 6366
287 319 423 388 1509
1190 285 1728 380 iiPISTOLARUM
1767 313 1912 374 Lm.
1939 315 2008 375 v.
2047 315 2373 380 —EPlST.
2408 318 2726 383 CCXCVII.

287 431 544 501 Ἔγραψα
559 431 668 502 ἐγὼ
683 432 918 504 Ζωσίμῳ
938 431 1240 501 ἀποστῆναι
1261 429 1360 498 τῆς
1381 423 1686 494 ἀσελγείας·
1710 423 1870 488 αὐτὸς

1981 441 2126 490 nem,
2199 429 2355 482 multi
2409 439 2590 487 tamen
2645 432 2865 490 lmdunt.
2909 435 3049 503 Quid
3112 439 3215 496 hoc
3266 445 3333 496 ad
3387 447 3554 499 eam?

282 524 341 577 δὲ
389 523 554 579 πλέον
585 524 982 594 ἐγκαλινδεῖται
1011 523 1091 595 τῷ
1126 521 1374 594 βορϐόρῳ
1393 535 1409 551 ·
1439 517 1493 570 τί
1540 517 1699 570 τοῦτο
1732 516 1870 585 πρός

1979 515 2186 588 Scripsi
2229 517 2446 574 Zosimo
2497 523 2565 576 ab
2615 522 2841 594 impuris
2883 528 3184 584 abstineret
3214 529 3551 597 libidinibus,

285 614 420 686 ἐμάς
447 614 614 670 Οὐδὲν
641 613 782 686 πλὴν
822 615 870 668 εί
911 614 987 686 μὴ
1016 613 1115 684 τὴν
1139 609 1377 682 ἀθυμίαν
1399 607 1545 661 εἴποι
1570 622 1654 670 τις
1677 603 1760 658 ἀν.

1977 607 2094 677 ipse
2121 623 2247 664 vero
2272 609 2324 663 in
2362 611 2472 665 luto
2510 614 2683 682 magis
2716 615 3002 672 volutatur.
3024 617 3166 685 Quid
3193 623 3294 675 hoc
3320 622 3388 675 ad
3426 626 3549 678 me?

1976 697 2119 752 Nihil
2149 697 2416 768 profecto,
2448 701 2552 756 nisi
2583 703 2628 758 si
2669 704 3052 764 demissionem
3081 709 3250 765 animi
3278 710 3550 782 quispiam

1973 787 2195 845 dixerit.

3416 330 3554 396 1510

603 887 870 958 21,¢.-
891 886 1095 960 sum
1137 885 1512 956 entzxonn.

2223 879 2500 940 CCXCVI.
2555 913 2624 926 -—
2658 885 2912 945 ALPHiO
2941 890 3292 950 EPISCOPO.

415 979 490 1036 De
516 981 681 1036 variis
726 981 998 1036 hominum
1043 979 1289 1052 ingeniis.
1319 975 1501 1047 (Conf.
1546 977 1698 1046 epist.
1704 966 1954 1095 [:(I’ifal‘ib;
1961 982 2220 1110 (magum
2257 970 2414 1029 Notis
2447 971 2510 1030 C.
2553 973 2768 1033 Ritters.
2815 992 2861 1034 et
2893 997 3042 1050 supr.
3088 985 3240 1052 epist.
3288 983 3417 1040 288.

355 1143 490 1197 Λίαν
514 1141 801 1212 θαυμάζω,
829 1143 978 1207 ὅπως
997 1141 1058 1196 οὐ
1087 1143 1200 1206 τοῖς
1232 1141 1418 1204 αὐτοῖς
1447 1137 1696 1211 χαίρουσι
1728 1135 1868 1189 πάν--

2044 1099 2214 1190 Vaide
2237 1137 2488 1206 equidem
2525 1099 2716 1206 miror,
2747 1142 2838 1213 qui
2875 1143 2964 1198 ﬁat
3009 1149 3150 1211 quod
3199 1163 3305 1204 non
3361 1165 3552 1207 omnes

281 1251 374 1295 τες
408 1231 719 1304 ἄνθρωποι·
767 1231 884 1288 ἀλλ’
912 1234 961 1286 oi
991 1232 1089 1303 μὲν
1123 1229 1631 1301 συγγινωσκόμενοι
1665 1228 1751 1296 ἐφ’
1789 1219 1870 1289 οἷς

1971 1219 2161 1277 iisdem
2192 1225 2530 1284 delectentur
2586 1231 2768 1296 rebus,
2808 1233 2902 1287 sed
2951 1235 3170 1304 quidam
3213 1239 3427 1295 veniam
3455 1241 3554 1297 de-

283 1324 594 1388 πταίουσιν,
646 1324 729 1388 εις
775 1323 1001 1394 ἀρετὴν,
1049 1325 1099 1376 οί
1151 1321 1209 1376 δὲ
1248 1323 1329 1386 εἰς
1359 1321 1560 1375 κακίαν
1589 1319 1872 1388 παιδοτρι-

1971 1315 2224 1372 lictorum
2270 1319 2451 1386 adepti
2515 1320 2704 1376 virtuti
2761 1322 2889 1377 dant
2941 1338 3183 1395 Operam,
3217 1327 3308 1383 alii
3354 1341 3544 1386 contra

285 1415 529 1470 ϐοῦνται·
553 1417 647 1470 καὶ
671 1418 783 1480 τοῖς
809 1416 958 1486 μὲνὴ
989 1414 1298 1487 χρηστότης
1323 1414 1591 1485 σωτήριον
1616 1410 1872 1479 εὑρίσκε-

1977 1407 2032 1460 in
2081 1409 2652 1481 vitiisperseverant.
2719 1413 2832 1470 Illis
2877 1416 3098 1486 quidem
3150 1417 3457 1491 benignitas
3483 1423 3554 1478 ad

284 1525 378 1562 ται
414 1507 690 1580 βοήθημα,
723 1509 836 1570 τοῖς
858 1506 916 1560 δὲ
938 1505 1185 1578 ὀλέθριον
1211 1507 1540 1578 δηλητήριον
1564 1521 1580 1536 ·
1602 1504 1730 1568 τοὺς
1762 1502 1862 1574 μὲν

1973 1497 2208 1552 salutem
2243 1504 2682 1572 consequendam
2716 1503 2919 1559 auxilio
2955 1514 3060 1572 est,
3095 1506 3214 1563 aliis
3255 1518 3443 1564 contra
3469 1520 3556 1566 est

285 1599 398 1670 γάρ
424 1598 678 1669 ῥώννυσι,
699 1599 826 1663 τοὺς
859 1597 914 1651 δὲ
941 1597 1146 1652 ἐκλύει·
1173 1599 1302 1663 τοὺς
1327 1598 1426 1668 μὲν
1457 1597 1718 1658 δυσωπεῖ,
1755 1594 1864 1650 τῶν

1972 1590 2158 1647 exitio.
2193 1591 2316 1648 Illos
2352 1594 2592 1660 roborat,
2619 1597 2720 1652 hos
2750 1608 2980 1652 enervat
3013 1617 3028 1654 :
3065 1599 3188 1657 illos
3213 1603 3418 1672 pudore
3458 1619 3550 1659 οι·-
3597 1650 3604 1658 .

284 1691 340 1745 δὲ
385 1691 481 1744 καὶ
517 1689 580 1744 τὸ
628 1689 892 1762 ἐρυθριᾷν
928 1693 1409 1762 προσαφαιρεῖται.
1451 1688 1592 1742 Ἀλλ’
1637 1687 1759 1742 οὐδέ
1785 1687 1866 1758 τῷ

283 1780 612 1852 παραπόδας
639 1779 992 1834 ἀπαιτεῖσθαι
1018 1780 1174 1845 δίκας
1200 1820 1216 1845 ,
1249 1780 1454 1844 πάντες
1488 1777 1692 1850 ὁμοίως
1723 1779 1868 1849 ὠφε-

283 1869 526 1925 λοῦνται.
565 1870 628 1924 Οἱ
667 1869 767 1941 μὲν
801 1869 912 1941 γὰρ
941 1868 1018 1930 ὼς
1052 1871 1423 1941 ἀπάνθρωπον
1457 1868 1618 1922 τοῦτο
1645 1867 1868 1923 αἰτιῶν-

281 1978 399 2016 ται·
438 1962 490 2016 σί
526 1961 586 2016 δέ
616 1961 768 2032 φόϐῳ
799 1961 936 2032 μὲν,
969 1963 1030 2016 οὐ
1068 1961 1219 2033 πόθῳ
1247 1960 1329 2026 δὲ,
1369 1959 1477 2014 τῶν
1521 1958 1709 2015 κακῶν
1763 1960 1870 2013 ἀπ-

281 2053 519 2124 έχονται.
555 2053 666 2106 Καὶ
709 2053 758 2106 oi
810 2051 910 2123 μὲν
960 2051 1393 2122 φιλονεικοῦντες
1441 2054 1507 2123 τῇ
1541 2051 1698 2123 δίκη,
1749 2051 1868 2105 ἀδι-

1975 1689 2090 1746 nat,
2116 1681 2240 1738 aliis
2271 1698 2402 1738 vero
2456 1685 2710 1740 ruborem
2745 1687 2942 1742 aufert.
2989 1687 3185 1744 Verum
3239 1705 3348 1746 non
3409 1694 3554 1763 quod

1969 1774 2154 1829 statim
2177 1790 2349 1846 paena:
2373 1777 2680 1848 exigantur,
2705 1779 2910 1836 idcirco
2929 1795 3118 1838 omnes
3139 1783 3397 1840 similiter
3422 1800 3550 1842 cor-

1971 1867 2240 1938 riguntur.
2295 1869 2476 1939 Aliqui
2551 1870 2695 1924 enim
2751 1879 2810 1926 ut
2860 1871 3215 1927 inhumanum
3265 1876 3394 1945 quid
3445 1876 3550 1932 hoc

1969 1967 2246 2013 accusant.
2271 1959 2376 2014 Alii
2403 1974 2531 2015 vero
2549 1971 2694 2016 metu
2714 1961 2956 2030 quidem,
2979 1978 3087 2018 non
3115 1978 3322 2031 amore,
3348 1981 3378 2020 a
3405 1966 3551 2021 vitiis

1969 2051 2266 2119 abstinent,
2336 2059 2392 2108 et
2451 2052 2538 2107 isti
2573 2053 2790 2122 quidem
2835 2053 3058 2122 iustitiae
3100 2054 3428 2133 reluctantes
3473 2057 3553 2112 in-

279 2147 405 2198 κεῖν
431 2143 734 2216 πειρῶνται
757 2159 772 2174 ·
808 2145 856 2198 oi
887 2143 944 2198 δὲ
974 2143 1171 2198 παθεῖν
1201 2144 1496 2214 φεύγοντες
1516 2183 1532 2210 ,
1573 2144 1635 2196 ού
1665 2141 1868 2214 δρῶσιν

1969 2139 2105 2212 iuria
2127 2141 2264 2197 alios
2289 2151 2558 2198 conantur
2587 2141 2968 2198 aﬂicere.‘Alii
3009 2145 3120 2216 pati
3174 2145 3401 2215 injurias
3453 2163 3543 2202 re-

277 2235 320 2291 ἃ
339 2235 474 2309 δρᾷν
500 2235 786 2290 ἐθέλωσιν·
817 2235 1077 2306 ἀμείνους
1107 2236 1205 2308 μὲν
1231 2236 1386 2300 ὅντες
1417 2235 1528 2289 τῶν
1554 2235 1689 2306 μηδὲ
1716 2235 1870 2307 φόϐῳ

279 2323 773 2396 σωφρονιζομένων
792 2366 808 2392 ,
851 2324 1270 2397 καταδεέστεροι
1304 2325 1364 2378 δέ
1391 2324 1500 2380 τῶν
1531 2324 1682 2397 πόθῳ
1718 2325 1868 2379 εὐδο-

275 2412 621 2484 κιμούντων,
663 2413 892 2485 πλέονῆ
932 2414 1057 2468 ὅσον
1105 2413 1261 2468 αὐτοὶ
1300 2414 1561 2484 ἀμείνους
1604 2415 1714 2468 είσὶ
1750 2414 1866 2468 τῶν

279 2504 424 2576 μηδὲ
450 2505 550 2576 τὴν
571 2505 726 2576 δίκην
751 2503 1084 2560 δεδοικότων.
1101 2506 1165 2559 Οἱ
1195 2505 1293 2576 μὲν
1313 2505 1422 2578 γάρ
1445 2507 1545 2578 τὴν
1574 2505 1864 2578 τιμωρίαν,

275 2596 399 2650 οίδὲ
422 2595 522 2668 τὴν
546 2597 820 2669 σωτηρίαν
839 2596 1122 2668 φεύγουσι·
1138 2597 1290 2652 καὶοί
1316 2598 1416 2668 μὲν
1429 2599 1490 2652 τὸ
1511 2598 1586 2670 μὴ
1602 2597 1785 2652 δοῦναι
1799 2596 1870 2651 δί-

277 2701 406 2755 κην,
424 2687 476 2739 οἱ
487 2685 546 2738 δὲ
559 2685 620 2739 τὸ
630 2685 813 2740 δοῦναι
830 2685 1140 2742 διώκουσιν.
1157 2685 1315 2740 Ἐπεὶ
1333 2687 1514 2741 τοίνυν
1537 2687 1591 2741 τί
1614 2687 1868 2760 ποιητέον

271 2777 416 2848 ἔφης
428 2777 488 2830 ἐν
497 2775 736 2850 τοσαύτῃ
752 2776 1032 2848 συγχύσει,
1050 2777 1295 2849 ἀκριϐῶς
1314 2779 1413 2850 μὲν
1429 2779 1530 2832 οὐκ
1545 2779 1654 2849 ἔχω
1665 2778 1864 2848 λέγειν.

284 2868 349 2922 '0
377 2869 490 2940 γὰρ
513 2868 612 2932 τάς
629 2869 858 2942 καρδίας
880 2869 1202 2942 ἐμϐατεύων
1231 2866 1342 2925 οἶδε
1362 2885 1376 2898 ·
1401 2870 1542 2943 πλὴν
1571 2869 1670 2936 ὡς,
1690 2871 1867 2942 ἔγωγε

269 2957 472 3035 οἶμαι,
506 2963 614 3036 χρὴ
657 2965 750 3018 ἐπὶ
793 2964 893 3034 μὲν
935 2964 1049 3028 τοῖς
1102 2965 1322 3036 μικροῖς
1370 2963 1784 3035 ἁμαρτήμασιν,
1816 2963 1866 3016 εί

1967 2243 2222 2290 cusantes
2272 2249 2380 2290 non
2421 2233 2628 2290 faciunt
2677 2249 2798 2305 quae
2837 2235 3018 2292 facere
3047 2237 3270 2305 vellent,
3300 2239 3550 2294 meliores

1967 2326 2184 2396 quidem
2225 2327 2310 2383 bis
2337 2327 2670 2383 exsisteutes
2701 2328 2791 2398 qui
2821 2343 2890 2384 ne
2925 2338 3070 2384 metu
3117 2329 3334 2399 quidem
3363 2331 3541 2386 adacti

1971 2425 2337 2489 temperantes
2390 2418 2530 2474 ﬁunt
2585 2433 2650 2474 ac
2688 2419 3051 2486 continentes,
3089 2427 3239 2476 tanto
3293 2420 3380 2476 bis
3419 2421 3552 2476 infe—

1969 2511 2145 2566 riores
2203 2511 2294 2582 qui
2351 2510 2621 2567 desiderio
2651 2511 2868 2568 virtutis
2929 2513 3055 2567 boui
3107 2513 3295 2569 haberi
3341 2511 3547 2580 volunt,

1965 2610 2174 2673 quanto
2224 2601 2479 2658 meliores
2523 2600 2591 2658 iis
2631 2602 2722 2672 qui
2781 2615 2850 2657 ne
2892 2603 3156 2674 supplicia
3181 2603 3400 2674 quidem
3437 2621 3552 2660 mc-

1971 2700 2149 2748 tuunt.
2201 2690 2282 2746 illi
2339 2691 2484 2747 enim
2541 2690 2890 2761 supplicium,
2933 2693 2984 2746 hi
3033 2705 3163 2748 vero
3207 2693 3436 2748 salutem
3465 2689 3554 2746 l‘u-

1967 2782 2144 2853 giunt.
2198 2781 2264 2836 Et
2297 2782 2372 2836 illi
2421 2782 2637 2852 quidem
2681 2797 2748 2837 ne
2778 2783 2907 2837 deut
2937 2797 3150 2851 paruas,
3185 2784 3240 2838 lti
3272 2797 3404 2838 vero
3439 2783 3549 2852 pati

1969 2884 2251 2948 exoptant.
2284 2875 2514 2943 Quando
2555 2874 2720 2944 igitur
2755 2874 2885 2944 quid
2918 2874 3059 2928 iacto
3081 2875 3156 2929 sit
3179 2889 3316 2944 opus
3353 2873 3408 2928 in
3444 2873 3548 2928 hoc

1971 2985 2158 3026 rerum
2181 2977 2326 3024 statu
2349 2965 2575 3038 quaeris,
2615 2979 2725 3020 non
2753 2979 2970 3035 possum
3023 2965 3276 3035 equidem
3298 2969 3553 3020 accurate

273 3057 381 3126 μὲν
433 3055 792 3120 λανθάνοντες
840 3054 1181 3127 βελτιοῦνται
1205 3097 1221 3122 ,
1269 3055 1408 3128 μηδέ
1459 3055 1661 3110 εἰδέναι
1701 3071 1900 3145 προσ-⁴

1971 3066 2174 3120 dicere.
2209 3057 2368 3114 Novit
2403 3055 2491 3112 ille
2515 3055 2606 3126 qui
2636 3055 2799 3111 corda
2824 3061 3102 3109 scrutatur
3137 3054 3278 3110 Deus
3316 3075 3330 3111 :
3365 3064 3546 3110 tamen

270 3147 584 3202 ποιεῖσθαι·
619 3149 670 3201 εί
716 3147 774 3202 δέ
801 3149 883 3212 είς
920 3147 984 3201 τὸ
1018 3149 1200 3219 χεῖρον
1239 3149 1570 3218 τρέπονται,
1605 3147 1744 3219 μετὰ
1771 3147 1864 3202 τὸν

1969 3167 2025 3213 ιιι
2055 3153 2310 3226 equidem
2347 3149 2604 3214 arbitror,
2645 3160 2809 3216 parva
2841 3145 2996 3212 vitia,
3033 3146 3077 3202 si
3109 3145 3326 3202 occulte
3357 3159 3544 3202 emen—

268 3237 503 3310 ιλεγχον
530 3237 626 3292 καὶ
657 3237 756 3312 τὴν
787 3237 1016 3310 μετρίαν
1044 3237 1389 3309 ἐπιτίμησιν,
1415 3239 1752 3310 συγγνώμην
1779 3238 1866 3293 νέο

1969 3251 2185 3314 dentur,
2220 3245 2384 3302 etiam
2413 3248 2540 3297 sunt
2581 3239 2994 3295 dissimulanda.
3031 3239 3088 3294 Si
3117 3253 3249 3294 vero
3294 3238 3351 3294 in
3388 3239 3546 3294 dete-

273 3345 432 3400 μειν,
483 3328 580 3384 ἐπὶ
617 3329 675 3384 δὲ
718 3331 832 3393 τοῖς
891 3327 1154 3399 μεγάλοις
1213 3327 1420 3398 ταύτην
1467 3328 1864 3399 ταμιεύεσθαι,

1976 3341 2090 3395 rius
2115 3337 2245 3392 vitia
2281 3342 2504 3404 vergant
2526 3341 2648 3400 post
2679 3331 3078 3400 correptionem
3113 3338 3168 3385 et
3209 3329 3550 3384 moderatam

270 3422 376 3476 καὶ
413 3421 772 3494 σωφρονίζειν
809 3421 934 3485 τοὺς
962 3420 1257 3484 πταίοντας
1287 3460 1302 3486 ,
1340 3421 1436 3474 καὶ
1464 3420 1732 3492 χωρισμῴ
1770 3421 1866 3474 καὶ

1974 3428 2338 3500 punitionem,
2399 3421 2556 3477 venia
2592 3429 2676 3477 est
2741 3420 2938 3476 danda.
2992 3419 3049 3474 lu
3091 3420 3304 3492 magnis
3359 3429 3542 3474 autem
3619 3488 3624 3493 ι

271 3513 575 3586 ἐπιτιμία,
610 3513 718 3578 ἓως
783 3514 848 3568 ἂν
901 3513 1308 3584 μετανοήσωσι,
1375 3513 1470 3566 καὶ
1537 3513 1658 3566 τότε
1710 3530 1872 3584 προσ-

1969 3518 2202 3590 peccatis
2239 3516 2378 3568 lianc
2406 3525 2690 3566 reservare
2712 3517 2767 3565 et
2802 3519 3090 3580 peccantes
3131 3517 3346 3576 oportet
3375 3509 3542 3563 corri-

280 3605 483 3663 ίεσθαι.
1712 3616 1722 3622 ’
1905 3621 1921 3638 ·
1963 3624 2112 3679 gere,
2153 3606 2350 3679 partim
2412 3603 2532 3660 illos
2577 3601 2948 3672 segregando,
2998 3601 3196 3672 partim
3267 3598 3544 3672 puniendo

1963 3701 2137 3757 donec
2161 3697 2506 3766 resipiscam,
2534 3708 2597 3749 ac
2636 3703 2764 3748 tunc
2791 3694 3110 3765 recipiendi.

565 3791 722 3860 ΣιιΖν.
752 3823 822 3834 -
856 3794 1060 3848 ιοΣΗΦ
1099 3791 1573 3865 ΠΡΕΣΒΥΤΕΡῼ.

2131 3785 2424 3846 CCXCVII.
2457 3815 2527 3826 -——
2551 3783 2856 3844 JOSEPHO
2889 3782 3369 3842 PRESBYTERO.

1471 3884 1782 3942 Sacer-datio
1806 3903 1910 3944 non
1938 3882 2364 3958 superbiendum.

349 3977 416 4032 Εί
445 3976 547 4048 μὲν
567 3977 628 4032 τὺ
655 3977 765 4033 τῶν
785 3978 962 4034 άλλων
989 3979 1090 4033 οὐκ
1119 3974 1216 4032 οἷδ’
1254 3979 1404 4043 ὅπως
1441 3977 1864 4049 προκεκρίσθαι,

2045 3976 2101 4030 Si
2154 3984 2441 4046 propterea
2499 3970 2643 4042 quod
2712 3969 2837 4028 aliis
2905 3970 3093 4026 nescio
3146 3967 3419 4040 quomodo
3473 3970 3554 4024 sis

271 4067 380 4122 καὶ
425 4068 507 4130 είς
554 4066 858 4140 ίερωσύνην
888 4067 1328 4138 κατατετάχθαι,
1365 4066 1608 4140 ἐφύσησὲ
1645 4085 1741 4136 σε,
1771 4069 1868 4125 καὶ

1969 4065 2245 4140 praelatus,
2282 4071 2339 4118 et
2382 4063 2436 4117 in
2468 4061 2762 4118 sacerdotii
2807 4061 3053 4116 ordinem
3085 4067 3417 4130 assumptus.
3467 4061 3550 4115 id-

274 4158 431 4230 μέγα
470 4161 688 4230 φρονεῖν
728 4159 1168 4230 παρεσκεύασεν,
1209 4160 1286 4224 ὼς
1329 4160 1465 4232 μηδὲ
1495 4163 1622 4226 τοὺς
1660 4163 1718 4216 ἐν
1755 4164 1869 4226 τοῖς

275 4248 554 4320 ὑπηκόοις
583 4247 874 4314 τελοῦντας
915 4249 1038 4321 μὲν,
1085 4249 1511 4318 εὐδοκιμοῦντας
1553 4250 1610 4304 δὲ
1641 4251 1864 4322 ζηλοῦν,

272 4339 421 4396 ἐλεῶ
451 4357 510 4393 σε
547 4341 646 4412 τῆς
680 4340 889 4404 ἀνοίας.
917 4341 980 4394 Εἰ
1009 4341 1066 4394 δὲ
1098 4340 1201 4394 ούκ
1232 4339 1403 4405 ἀξιοῖς
1437 4340 1573 4410 πρὸς
1605 4342 1867 4408 ἐλάττους

273 4435 437 4507 δρᾷν,
485 4433 770 4490 καὶτοῦτο
801 4433 936 4488 αὐτὸ
973 4433 1310 4488 δεινότατον·
1353 4435 1403 4487 εἰ
1441 4432 1552 4488 τῶν
1587 4433 1864 4501 τοσοῦτον,

275 4525 358 4591 ὡς
389 4528 518 4592 οίει,
544 4527 886 4598 λειπομένων
925 4529 993 4600 τῇ
1035 4525 1163 4598 ἀξίᾳ
1187 4526 1390 4597 χείρων
1432 4525 1492 4578 ἐν
1522 4525 1636 4590 τοῖς
1683 4525 1868 4598 ἔργοις

275 4617 548 4686 φανείης·
607 4615 702 4671 καὶ
755 4609 830 4671 ὧν
875 4619 1118 4689 κρατεῖν⁶
1161 4617 1315 4673 οὐδὲν
1360 4616 1470 4688 ἡγῇ
1526 4613 1863 4684 θαυμαστὸν,

272 4708 490 4762 τούτων
517 4707 787 4780 ἡττᾶσθαι
815 4706 1010 4774 δόξεις.
1043 4709 1154 4762 Καὶ
1187 4708 1293 4781 μὴν
1315 4710 1366 4762 εί
1403 4709 1676 4764 κάκείνων
1699 4708 1865 4782 ρᾳθυ-

1965 4162 2114 4218 circo
2145 4156 2448 4228 superbiae,
2489 4154 2770 4225 altumque
2820 4154 3023 4223 sapias,
3074 4151 3242 4224 650
3281 4162 3338 4208 ut
3370 4166 3547 4220 neque

1963 4266 2058 4310 eos
2083 4251 2176 4320 qui
2201 4249 2348 4304 inter
2379 4246 2656 4315 subjectos
2687 4247 2911 4317 quidem
2943 4246 3168 4314 imperio
3214 4255 3426 4314 parent,
3455 4247 3551 4300 sed

1970 4342 2123 4414 probi
2149 4341 2281 4407 sint,
2308 4347 2364 4393 et
2389 4337 2562 4409 gloria
2600 4337 2758 4403 clari,
2797 4337 3048 4404 imiteris,
3087 4336 3162 4390 tui
3209 4349 3296 4392 me
3321 4337 3548 4390 demen-

1974 4435 2043 4491 tis
2075 4432 2318 4488 miseret.
2374 4429 2430 4484 Si
2487 4445 2620 4486 vero
2652 4446 2718 4486 ne
2748 4430 2988 4499 digneris
3012 4428 3231 4498 quidem
3263 4425 3551 4482 inferiores

1969 4535 2022 4583 te
2055 4529 2348 4598 respicere,
2399 4535 2564 4597 atque
2605 4524 2835 4594 idipsqu
2879 4521 3037 4590 longe
3069 4519 3474 4590 gravissimum,
3503 4519 3550 4574 si

1965 4619 2033 4675 iis
2055 4620 2146 4690 qui
2185 4629 2493 4688 tantopere,
2527 4627 2585 4672 ut
2613 4624 2792 4686 putas,
2819 4613 2916 4668 tibi
2955 4612 3224 4683 dignitate
3254 4609 3550 4665 inferiores

1968 4722 2114 4774 sunt.
2152 4713 2204 4768 in
2228 4713 2486 4782 operibus
2515 4708 2759 4764 deterior
2781 4721 3068 4777 apparens,
3106 4713 3162 4760 et
3203 4704 3402 4774 quibus
3445 4703 3550 4756 im-

280 4799 420 4871 μίας
461 4799 616 4853 ἔπνει
656 4801 684 4854 ὁ
712 4800 846 4870 βίος,
880 4799 941 4853 σὲ
970 4800 1070 4854 οὐκ
1103 4799 1212 4853 ἔδει
1246 4801 1347 4870 τὴν
1379 4802 1508 4874 περὶ
1534 4802 1634 4874 τὴν
1664 4802 1868 4875 ἀρετὴν

1969 4815 2161 4870 perare
2183 4801 2318 4857 nihil
2348 4801 2543 4856 mirum
2591 4798 2768 4864 ducis,
2815 4798 2886 4852 ab
2921 4796 2990 4851 iis
3011 4794 3258 4866 superari
3289 4793 3552 4850 videaris.

277 4888 602 4960 ἐπιμέλειαν
623 4889 908 4960 προέσθαι.
934 4890 1009 4942 Τὸ
1031 4889 1143 4962 γάρ
1170 4889 1336 4961 μέσον
1362 4891 1499 4963 πρὸς
1515 4893 1761 4956 ἐκείνους
1785 4910 1867 4947 σοι

1975 4888 2088 4946 Etsi
2113 4889 2257 4945 enim
2281 4889 2392 4944 vita
2421 4889 2636 4944 illorum
2672 4886 2898 4958 ignaviae
2914 4885 3071 4956 plena
3089 4891 3258 4948 esset,
3291 4893 3343 4938 te
3374 4891 3555 4939 tamen

274 4982 383 5035 οὐκ
409 4980 593 5050 ὀλίγον
624 4980 872 5052 ὑπάρχον
912 4980 1178 5054 ἀφῃρεῖτο
1211 4983 1310 5053 τὴν
1341 4982 1700 5056 συγγνώμην.
1729 4987 1790 5040 Ei
1810 4985 1869 5040 δὲ

1980 4996 2084 5036 non
2109 4980 2400 5052 oportebat
2439 4979 2664 5036 virtutis
2697 4978 2936 5034 studium
2981 4976 3364 5033 intermittere.
3419 4972 3557 5029 Nam

277 5075 485 5126 ἐκεῖνοι
532 5073 634 5141 μὲν
673 5073 1046 5146 λαμπρότεροι
1098 5075 1196 5128 καὶ
1244 5074 1670 5149 εὐδοκιμὼτεροί
1704 5078 1865 5143 εἰσιν,

279 5167 465 5220 καίτοι
514 5165 620 5219 τὸν·
653 5165 994 5238 ἡγησόμενον
1041 5166 1144 5220 ούκ
1197 5164 1414 5238 ἔχοντες,
1439 5205 1454 5232 ,
1492 5171 1556 5222 σὺ
1609 5167 1667 5222 δὲ
1711 5167 1869 5235 (ἀλλ’

1975 5073 2321 5129 intervallum
2351 5071 2495 5143 quod
2551 5072 2692 5126 inter
2743 5078 2796 5126 te
2852 5078 2908 5124 et
2945 5067 3071 5124 illos
3103 5067 3392 5124 intercedit
3447 5081 3552 5120 non

1969 5166 2248 5234 exiguum,
2278 5163 2489 5221 veniam
2520 5163 2613 5219 tibi
2640 5163 2891 5232 denegat.
2947 5160 3004 5216 Si
3035 5175 3166 5216 vero
3195 5159 3270 5215 illi
3297 5157 3557 5214 clariores

279 5255 438 5309 οὐδὲν
486 5255 750 5328 βούλομαι
788 5255 1052 5329 δυσχερὲς
1087 5256 1308 5328 εἰπεῖν)
1341 5256 1437 5314 θέα
1469 5252 1526 5312 οἵ
1556 5259 1786 5331 τελευτᾷ
1812 5259 1873 5312 τὸ

1971 5253 2422 5324 probatioresque
2475 5253 2588 5308 sint
2634 5267 2702 5308 ac
2755 5253 2896 5308 duce
2939 5261 3224 5316 carentes,
3263 5260 3318 5306 tu
3367 5257 3544 5302 tamen

282 5348 478 5430 κακόν.

600 5526 768 5595 Tur.
801 5555 870 5566 --
898 5523 1202 5598 armum
1231 5527 1554 5598 AIAKONn.

1973 5346 2123 5413 (nolo
2143 5346 2290 5402 enim
2315 5345 2445 5416 quid
2472 5345 2692 5418 gravius
2713 5342 2917 5414 dicere)
2945 5340 3231 5399 considera
3260 5351 3554 5412 quemnam

1979 5433 2142 5491 linem
2171 5433 2371 5488 malum
2414 5433 2518 5489 hoc
2551 5432 2807 5502 reperiet.

2189 5524 2508 5582 CCXCVIII.
2547 5553 2620 5564 —
2669 5521 2974 5581 EUTONIO
3022 5515 3343 5576 DIACONO.

1143 5618 1319 5676 Virtus
1351 5620 1630 5674 calumnia:
1661 5620 1909 5675 obnoxia.
1947 5619 2124 5692 (Conf.
2153 5619 2306 5688 epist.
2329 5617 2438 5674 ‘29.!
2465 5626 2516 5672 et
2551 5617 2704 5690 5H.)

353 5717 450 5788 Μὴ
481 5716 669 5789 νόμιζε
709 5715 788 5788 τῷ
837 5717 1030 5773 ἀσκεῖν
1057 5714 1278 5788 ἀρετὴν,
1319 5715 1420 5781 τάς
1446 5714 1699 5780 διαϐολὰς
1732 5713 1850 5770 δια-

2028 5715 2177 5772 Cave
2212 5715 2491 5772 existimes
2509 5713 2768 5773 virtutem
2799 5709 3107 5769 exercendo
3137 5716 3189 5766 le
3219 5706 3552 5768 calumniam
