4070 6398
569 340 704 409 1511

1718 333 1780 395 S.
1817 333 2113 395 ISIDORI
2150 333 2590 398 PELUSIOTIE

3658 340 3782 410 1512

566 454 774 509 evitare
807 461 986 520 posse.
1011 445 1246 501 Maxime
1264 442 1409 499 enim
1438 438 1513 494 illi
1554 437 1770 493 insidiis
1798 447 1855 493 et
1906 439 2150 495 dicteriis
2178 492 2183 502 ,

2261 440 2559 511 κρούεσθαι
2581 456 2596 472 ·
2640 442 2875 514 μάλιστα
2915 443 3024 517 γὰρ
3046 445 3095 498 οἰ
3121 445 3347 500 τοιοῦτοι
3375 446 3778 512 ἐπιϐουλεύοντσι

557 550 891 611 appetuntur
936 554 1146 597 eorum,
1200 534 1316 605 qui,
1359 532 1500 602 quod
1547 530 1802 583 virtutem
1849 543 1957 583 non
1984 543 2147 585 exer-

560 645 743 694 ceant,
787 646 889 685 nec
922 630 1218 697 quidquam
1251 626 1472 680 honoris
1502 622 1721 686 habent,
1757 620 2142 686 illisinvident,

560 726 651 794 qui
680 722 896 776 virtutis
934 721 1156 772 nomine
1202 718 1560 771 honorantur.
1602 712 1792 767 Melius
1844 714 2025 782 itaque
2061 720 2146 767 est

561 815 744 868 vit-tuti
768 814 976 864 deditos
1003 824 1267 876 generose
1300 808 1443 859 ferre
1476 806 1904 858 obtrectatorum
1928 803 2144 857 calum-

562 904 704 971 nias,
731 916 889 970 quam
924 911 1143 968 propter
1171 899 1433 952 invidiam
1461 911 1491 949 a
1528 897 1729 949 virtute
1762 895 2085 949 desciscere.

845 1009 1122 1066 CCXCIX.
1161 1037 1236 1049 —-
1263 1005 1576 1062 HERMINO
1606 1002 1861 1061 COMITI.

2256 534 2411 604 παρὰ
2438 533 2547 588 τῶν
2575 536 2742 606 τιμὴν
2790 536 2890 607 μὲν
2913 539 3013 591 οὔκ
3042 538 3294 608 ἐχόντων,
3324 538 3409 594 διὰ
3429 540 3487 594 τδ
3523 542 3591 615 μὴ
3616 545 3783 599 ἀσκεῖν

2256 621 2486 694 ἀρετὴν,
2521 627 2635 689 τοῖς
2667 626 2723 679 δὲ
2752 628 2848 681 ἀπ’
2879 627 3083 702 ἀρετῆς
3114 632 3436 702 τιμωμένοις
3460 632 3781 702 φθονούντων.

2252 715 2511 783 Ἄμεινον
2534 718 2713 771 τοίνυν
2737 721 3065 788 ἀσκοῦντας,
3096 725 3358 792 γενναίως
3382 726 3559 797 φερειν
3580 728 3668 791 τὰς
3689 728 3783 782 τῶν

2251 805 2540 875 βασκάνων
2567 813 2922 882 κακοηθείας,
2951 815 2984 888 ἢ
3019 815 3079 869 τὸ
3110 814 3421 885 φθονεῖσθαι
3449 821 3786 890 παραιτουμέ-

2250 915 2376 963 νους
2411 900 2615 973 ἀρετῆς
2649 905 3003 974 ἀφίστασθαι.

2607 1015 2765 1083 mea
2795 1048 2866 1058 -
2901 1018 3168 1092 ΕΡΜΙΝῼ
3190 1022 3480 1076 ΚΟΜΗΊῚ.

1629 1099 1860 1164 Quinam
1892 1096 1999 1153 veri
2025 1101 2390 1166 apostolorum
2420 1124 2771 1167 successores.

630 1203 801 1259 Miror
846 1215 979 1255 sane
1032 1197 1294 1269 quosdam
1342 1195 1457 1265 qui,
1524 1193 1822 1263 magistrali
1887 1202 2149 1262 occupata

562 1290 846 1357 cathedra,
879 1290 1092 1343 beatum
1124 1287 1338 1356 quidem
1381 1282 1603 1336 Paulum
1646 1282 1983 1335 admirantur
2029 1299 2043 1336 :
2084 1297 2148 1337 ea

565 1394 740 1437 tamen
768 1385 837 1435 oh
874 1397 993 1449 qua:
1031 1380 1118 1432 ille
1149 1379 1219 1432 sit
1268 1375 1623 1428 admirandus
1677 1389 1782 1426 non
1840 1382 2138 1428 sectantur.

563 1474 657 1530 Ille
682 1475 906 1537 etenim,
936 1485 994 1525 ut
1024 1472 1176 1536 signa
1208 1470 1456 1522 omittam
1488 1476 1543 1520 et
1567 1466 1790 1537 iejunia,
1835 1475 1891 1520 et
1942 1466 2147 1536 vigilias

564 1582 627 1621 ac
656 1566 1046 1619 sollicitudines
1074 1564 1465 1625 ardentemque
1499 1562 1673 1613 zelum
1700 1596 1716 1622 ,
1758 1572 1880 1610 cum
1919 1557 2151 1611 inlirmis

566 1657 1024 1719 inlirntultls,cuttt
1052 1649 1436 1706 scandalizatis
1456 1648 1573 1701 aliis
1588 1660 1738 1701 ustus
1763 1659 1851 1701 est
1873 1646 1944 1700 ".
1970 1647 2150 1713 Quare

2321 1200 2600 1275 Θαυμάξω
2615 1249 2630 1274 ,
2661 1207 2781 1272 πῶς
2807 1208 2898 1262 τὸν
2921 1209 3136 1265 Παῦλον
3165 1210 3528 1281 θαυμάζοντές
3552 1231 3687 1273 τινες
3702 1215 3794 1270 τῶν

2248 1295 2344 1351 νῦν
2384 1297 2473 1351 τὸν
2519 1298 2901 1354 διδασκαλικὸν
2945 1302 3134 1373 Θρόνον
3168 1305 3616 1374 ὲπανηρημένων,
3644 1306 3704 1359 δι’
3731 1301 3792 1360 ὧν

2251 1389 2565 1462 θαυμαστὸς
2594 1394 2810 1461 ἐγένετο
2826 1396 3031 1456 ἐκεῖνος
3056 1396 3157 1449 οὐκ
3186 1395 3548 1463 ὲξετάσουσιν.
3590 1398 3791 1464 Ἐκεῖνος

2251 1482 2361 1553 γὰρ
2392 1482 2502 1552 (ἵνα
2522 1484 2591 1537 τὰ
2611 1487 2816 1554 σημεῖα
2848 1486 3032 1557 πειρῶ,
3062 1487 3272 1550 καὶτὰς
3305 1489 3574 1559 νηστείας,
3608 1488 3786 1552 καὶτὰς

2254 1575 2568 1646 ἀγρυπνίας
2601 1578 2698 1630 καὶ
2721 1579 3032 1649 φροντίδας,
3069 1581 3166 1632 καὶ
3190 1577 3284 1632 τὸν
3327 1579 3708 1650 πεπυρωμένον
3725 1579 3794 1648 ζῆ-

2254 1666 2380 1720 λονο
2421 1668 2503 1721 ὅτι
2550 1685 2609 1721 τε
2656 1671 2768 1732 τοῖς
2817 1670 3074 1723 ἀσθενέσι
3124 1670 3476 1741 συνησθένει,
3518 1671 3609 1723 καὶ
3649 1670 3796 1723 ἄλλων

585 1761 719 1802 esea
753 1762 912 1813 quam
955 1746 1019 1797 ad
1052 1742 1345 1810 discipulos
1383 1741 1699 1793 concionem
1748 1738 1935 1793 habuit
1969 1740 2151 1793 clarus

2260 1759 2765 1831 σκανδαλιζομὲνων
2788 1762 2952 1826 αὐτὸς
2985 1738 3307 1833 ὲπυροῦτο),
3332 1764 3424 1832 ἀφ’
3444 1757 3508 1835 ἦς
3542 1761 3800 1832 πεποίηται

580 1839 775 1890 merito
821 1834 1159 1900 exintinsqne
1191 1848 1312 1885 csse
1352 1829 1901 1899 apparuit.Aitenim
1946 1846 1960 1885 :
2002 1830 2150 1883 «Ar-

569 1941 788 2001 gentum
841 1936 896 1981 et
930 1942 1121 1979 aurum
1163 1934 1256 1979 aut
1302 1935 1505 1977 vestem
1548 1922 1745 1976 nullius
1802 1921 2087 1990 concupivi
2133 1937 2148 1976 :

570 2035 665 2073 vos
685 2019 837 2073 scitis
875 2018 1133 2087 quoniam
1177 2015 1242 2067 ad
1290 2029 1355 2066 ea
1391 2027 1511 2081 quae
1552 2012 1680 2064 mihi
1718 2024 1855 2078 Opus
1900 2019 2058 2064 erant
2100 2016 2155 2063 et

570 2110 654 2164 his
687 2108 775 2176 qui
803 2122 1009 2160 mecum
1040 2115 1189 2167 sunt,
1216 2105 1663 2157 ministraverunt
1688 2114 1881 2154 manus
1901 2099 2100 2153 istae".
2129 2116 2149 2149 ι

571 2198 635 2252 lli
674 2212 800 2252 vero
864 2195 1026 2267 (absit
1068 2206 1125 2247 ut
1172 2194 1301 2263 quid
1356 2193 1574 2262 gravius
1620 2187 1912 2260 proferam)
1952 2189 2157 2258 seipsos

573 2299 723 2344 tanto
749 2289 999 2343 conferre
1028 2288 1144 2340 viro
1184 2303 1288 2339 non
1313 2286 1661 2361 erubescunt,
1689 2297 1855 2352 seque
1895 2280 2012 2348 ejus
2040 2293 2159 2334 esse

572 2383 809 2438 aSseclas
841 2382 1085 2451 iactant;
1138 2395 1242 2432 non
1278 2379 1527 2448 ignorant
1568 2386 1746 2429 tamen
1782 2374 1925 2445 quod
1975 2375 2153 2439 ipsum

572 2476 1030 2530 admirenturnon
1060 2471 1306 2525 imitandi
1339 2469 1466 2534 ﬁne,
1490 2469 1584 2524 sed
1624 2477 1683 2522 ut
1712 2466 1881 2521 divini
1919 2465 2157 2520 hominis

576 2573 880 2620 sectatores
919 2571 1236 2631 appareant,
1275 2575 1380 2614 non
1415 2575 1481 2613 ex
1512 2559 1626 2614 suis
1659 2559 1939 2631 operibus,
1963 2558 2056 2613 sed
2087 2555 2158 2611 ob

571 2670 635 2714 ea
665 2670 832 2728 opera
860 2656 1003 2711 illius
1024 2668 1146 2726 qua
1176 2652 1536 2707 admirantur.

1112 2954 1264 3012 CCC.
1287 2985 1355 2997 --
1373 2952 1613 3010 EIDEM.

2251 1853 2593 1925 δημηγορίας
2630 1854 2766 1924 πρὸς
2803 1856 2930 1917 τοὺς
2972 1856 3275 1925 φοιτητὰς,
3324 1854 3569 1925 λαμπρὸς
3605 1855 3802 1915 εἰκότως

2255 1947 2351 2000 καὶ
2381 1944 2745 2016 περίϐλεπτος
2770 1946 3084 2016 ἀπεφάνθη.
3110 1948 3258 2016 Ἔφη
3289 1946 3420 2018 γὰρ,
3451 1964 3470 1998 ι
3518 1944 3802 2015 Ἀργυρίου,

2257 2037 2291 2108 ἢ
2330 2038 2576 2108 χρυσίου,
2606 2037 2638 2109 ἢ
2671 2039 2996 2110 ἱματισμοῦ,
3038 2040 3259 2104 οὐδενὸς
3292 2041 3321 2093 ὑ
3334 2039 3448 2110 μῶν
3477 2037 3802 2106 ἐπεθύμησαι

2258 2130 2412 2184 αὐτοὶ
2436 2148 2460 2197 1
2477 2130 2756 2193 tvdmtets,
2789 2131 2871 2185 ὅτι
2901 2133 3023 2194 ταῖς
3059 2133 3278 2202 χρείαις
3310 2148 3433 2201 μου,
3459 2130 3550 2184 καὶ
3575 2131 3679 2191 τοίς
3699 2122 3804 2180 οὖσι

2264 2219 2381 2292 μετ’
2419 2220 2555 2290 ἐμοῦ
2589 2222 2943 2294 ὑπηρέτησαν
2982 2224 3038 2276 αἱ
3071 2224 3255 2293 χεῖρες
3311 2215 3489 2275 αὗται.
3533 2239 3551 2270 ι
3583 2215 3728 2272 οὗτοι
3758 2215 3807 2269 δὲ

2261 2314 2280 2385 (
2307 2312 2424 2367 ἀλλ’
2460 2313 2613 2366 οὐδὲν
2646 2313 2911 2383 βούλομαι
2933 2313 3194 2383 δυσχερὲς
3220 2315 3429 2384 εἰπεῖν)
3457 2313 3554 2365 οὐκ
3571 2306 3806 2381 ἐρυθριῶ-

2264 2420 2351 2459 σιν
2380 2405 2608 2469 ἑαυτοὺς
2645 2403 2874 2475 τοιούτῳ
2904 2403 3356 2475 παραϐάλλοντες
3422 2404 3591 2473 ἀνδρὶ,
3622 2401 3707 2455 καὶ
3732 2398 3813 2467 (ptis

2257 2513 2480 2561 σκοντες
2513 2498 2728 2551 ἐκείνου
2758 2494 2898 2551 εἶναι
2928 2498 3196 2569 διάδοχοι.
3227 2497 3378 2550 Ἀλλ’
3413 2497 3472 2549 οὐ
3506 2493 3812 2552 λανθάνουσι,

2250 2588 2343 2644 διὰ
2368 2587 2527 2644 τοῦτο
2550 2591 2764 2663 ’ἐκεῖνον
2786 2589 3179 2660 θαυμάζοντες,
3206 2590 3318 2659 οὐχ
3356 2589 3443 2641 ἶνα
3480 2588 3812 2657 μιμήσωνταιο

2253 2679 2369 2735 ἀλλ’
2385 2679 2472 2734 ἵνα
2499 2680 2647 2735 θείου
2667 2681 2860 2752 ἀνδρὸς
2886 2680 3120 2752 διάδοχοι
3142 2680 3497 2752 νομισθέντες
3519 2673 3811 2746 τιμηθῶσινο

2266 2772 2370 2829 οὐκ
2416 2773 2509 2842 ἀφ’
2540 2766 2618 2827 ὧν
2656 2774 2811 2826 αὐτοὶ
2838 2774 3203 2845 πράττουσιν,
3239 2772 3368 2827 ἀλλ’
3418 2769 3508 2840 ἀφ’
3539 2761 3612 2823 ὧν
3641 2765 3814 2824 ἐκεῖνος

2269 2862 2488 2936 πράξας
2528 2862 2887 2934 θαυμάζεται.

2787 2953 2867 3008 T'.
2891 2982 2958 2996 -ο
2990 2956 3076 3028 ro
3110 2954 3333 3025 nm.

785 3048 1055 3108 Samuelis
1084 3046 1351 3116 prophetae
1384 3046 1681 3115 exemplum
1712 3053 1862 3117 urget
1898 3056 2090 3104 contra
2132 3050 2304 3105 malos
2337 3048 2641 3117 episcopos;
2680 3057 2859 3115 estque
2898 3064 3022 3117 pars
3051 3049 3355 3117 superioris
3395 3042 3638 3116 epistolis.

648 3147 707 3203 Si
753 3162 784 3202 a
837 3144 1006 3200 Paulo
1046 3141 1398 3204 dissentiant,
1446 3140 1511 3194 de
1554 3155 1661 3209 quo
1721 3138 1981 3198 Servator
2013 3145 2090 3199 ait
2141 3161 2157 3202 :

2345 3143 2413 3197 Εἰ
2441 3141 2521 3213 τῷ
2550 3141 2749 3213 Παύλῳ
2778 3141 3175 3214 παραχωροῦσι
3215 3140 3319 3194 διὰ
3349 3140 3410 3194 τὸ
3447 3137 3710 3211 εἰρηκέναι
3735 3132 3818 3188 τὸν

582 3260 603 3294 ι
637 3239 745 3296 Vas
765 3238 1049 3293 electionis
1073 3234 1206 3288 mihi
1238 3242 1320 3287 est
1343 3234 1443 3286 istc
1464 3231 1530 3295 ⁷⁸,
1570 3250 1589 3283 ι
1635 3234 1765 3301 quid
1812 3234 1877 3288 dc
1910 3234 2179 3290 Santnele'

571 3332 698 3402 j—ure
732 3332 933 3393 dicent,
961 3328 1012 3381 in
1040 3342 1146 3395 quo
1175 3323 1559 3394 rempublicam
1593 3324 2008 3379 administrante
2038 3338 2163 3392 per-

577 3422 772 3478 fectam
837 3419 1038 3473 nullam
1106 3416 1360 3468 virtutem
1423 3412 1775 3467 desiderant?
1842 3414 2004 3485 εει
2067 3415 2163 3469 Ει-

577 3513 722 3566 enim
758 3509 991 3566 subditis
1022 3507 1187 3562 etiam
1218 3505 1331 3559 suis
1348 3504 1611 3573 judicium
1636 3505 1705 3560 de
1738 3519 1798 3559 se
1819 3505 2087 3575 permisit,
2111 3515 2166 3559 et

577 3605 776 3673 cuique
821 3602 917 3673 qui
963 3612 1227 3655 accusare
1284 3596 1469 3662 vellet,
1514 3596 1683 3651 libere
1755 3598 2045 3663 concessit,
2107 3605 2162 3651 et

577 3697 756 3752 citaus
784 3710 940 3750 suum
974 3701 1373 3753 accusatorem,
1405 3703 1472 3741 an
1520 3689 1751 3743 subditis
1782 3688 2014 3758 injurius
2044 3703 2157 3742 rem

580 3787 815 3856 alicujus
852 3796 1106 3851 tanquam
1137 3784 1390 3853 princeps
1424 3779 1847 3847 concupivisset,
1892 3779 2159 3847 injuriave

578 3879 816 3947 aliquem
847 3876 1139 3936 aﬂ‘ccisset,
1170 3887 1199 3926 a
1248 3870 1463 3925 nemine
1502 3870 1794 3923 damnatus
1835 3879 2167 3939 est,,neque

578 3967 962 4019 convictusest
990 3962 1042 4014 in
1076 3961 1140 4013 iis
1173 3960 1354 4023 rebus,
1388 3958 1439 4011 in
1470 3958 1667 4027 quibus
1685 3958 1821 4014 tales
1841 3958 2165 4028 reprehendi

583 4056 778 4110 merito
808 4060 1203 4109 consueverunt
1224 4051 1291 4102 ".

791 4174 961 4231 CCCI.
1001 4204 1072 4216 -—
1101 4172 1377 4229 HIERACI
1406 4174 1571 4231 VIRO
1602 4169 1916 4228 CLARISS.

2282 3240 2536 3312 Σωτῆρα,
2580 3255 2599 3290 ι
2658 3236 2862 3301 Σκεῦος
2908 3236 3142 3307 ἐκλογῆς
3192 3236 3284 3308 μοί
3346 3238 3489 3290 ἐστιν
3524 3229 3697 3294 οὗτος
3734 3225 3823 3284 »τί

2264 3333 2422 3402 φαῖεν
2457 3330 2551 3383 καὶ
2583 3329 2714 3400 περὶ
2761 3327 2857 3381 τοῦ
2892 3326 3148 3398 Σαμουὴλ
3172 3367 3186 3390 ,
3230 3326 3343 3381 τοῦ
3380 3328 3437 3380 ὲν
3466 3325 3667 3397 χρόνοις
3695 3318 3823 3373 πολι-

2263 3421 2602 3491 τευσαμένου
2650 3420 2786 3491 μηδὲ
2825 3420 3038 3474 τελείαν
3089 3419 3431 3473 ἀπαιτοῦσιν
3466 3418 3698 3489 ἀρετήνς
3730 3408 3822 3464 Καὶ

2265 3512 2376 3584 γὰρ
2418 3513 2668 3574 κάκεῖνος
2699 3514 2811 3574 τοῖς
2851 3511 3116 3581 ὑπηκόοις
3161 3511 3261 3572 τὴν
3292 3512 3439 3582 -περί
3468 3506 3629 3562 αὐτοῦ
3668 3504 3825 3575 ψῆφον

2266 3604 2587 3678 ἐπιτρέψας,
2606 3605 2700 3657 καὶ
2715 3601 3196 3673 προκαλεσάμενος
3214 3602 3320 3655 τὸν
3351 3601 3663 3671 βουλόμενον
3686 3596 3822 3661 ὲλέγ-

2269 3695 2383 3761 ξαι,
2423 3698 2471 3748 εἰ
2518 3695 2864 3765 ἐπιθυμήσας
2917 3695 3064 3758 τινὸς
3125 3695 3200 3756 ὡς
3231 3694 3433 3765 ἄρχων
3470 3692 3685 3763 ἠδίκησε
3721 3687 3826 3747 τοὺς

2264 3792 2623 3864 ἀρχομένους,
2670 3791 2764 3843 ὑπ’
2798 3790 3012 3854 οὐδενὸς
3063 3789 3368 3861 ἐνεκλήθη,
3398 3788 3522 3844 οὔτε
3554 3784 3720 3848 ἑάλω,
3757 3774 3823 3847 ιφ’

2263 3877 2463 3953 οἷσπερ
2496 3882 2735 3954 συνεχῶς
2760 3877 2906 3937 οὗτοι
2942 3881 3276 3939 ἁλίσκονται.

2556 4174 2681 4229 τΑν.
2707 4199 2778 4212 --
2797 4173 3036 4227 IEPAKI
3068 4173 3573 4247 ΛΑΜΠΡΟΤΑΤῼ.

725 4271 808 4328 Eat
835 4273 1089 4328 wsonomi
1122 4284 1318 4342 etymo,
1363 4291 1383 4325 ι
1424 4272 1831 4342 Dispensatores
1872 4268 2245 4343 mysteriorum
2274 4269 2392 4326 Dei.
2425 4289 2444 4323 ι
2485 4269 2693 4343 (I_Cor.
2728 4287 2800 4338 tv,
2826 4270 2907 4343 2.)
2962 4267 3252 4326 Eusebium
3299 4273 3390 4326 hic
3420 4281 3478 4326 ut
3515 4267 3709 4326 Pelusii

1878 4337 2317 4408 ψευδεπίσκοπον
2348 4337 2570 4412 arguit.)

654 4441 711 4496 Si
748 4439 923 4494 dictus
959 4451 1295 4504 mconomns,
1340 4435 1484 4506 quod
1525 4434 1670 4489 domi
1714 4434 1924 4505 singula
1973 4434 2163 4488 distri-

2340 4439 2405 4492 El
2434 4438 2720 4510 οἰκονόμος
2774 4439 2990 4510 εἴρηται
3026 4437 3177 4511 παρὰ
3206 4438 3270 4493 τὸ
3326 4440 3549 4512 ἑκάστῳ
3575 4438 3634 4492 τὸ
3660 4432 3833 4490 οἰκεῖον

578 4538 731 4599 boat,
771 4534 853 4588 vel
888 4536 1031 4603 quod
1067 4547 1166 4602 pro
1190 4533 1457 4601 dignitate
1512 4530 1654 4585 domi
1690 4529 1886 4599 cuique
1932 4529 2161 4594 dividat,

580 4630 780 4684 merito
820 4636 876 4680 tu
912 4629 1127 4695 quidem
1156 4625 1464 4688 admiraris,
1512 4638 1610 4677 cur
1642 4622 1775 4677 nihil
1803 4622 1995 4677 horum
2050 4620 2164 4675 En-

581 4720 766 4773 sebtns
789 4719 972 4781 faciat,
1006 4715 1103 4771 sed
1144 4731 1265 4769 cum
1290 4714 1646 4784 populivorus
1675 4713 1768 4777 sit,
1815 4714 1881 4767 ad
1913 4711 2166 4782 populum

579 4825 744 4864 verna
776 4809 957 4862 facere
988 4809 1168 4872 audet,
1199 4807 1417 4874 inopum
1458 4807 1599 4859 bona
1642 4804 2029 4865 intervertens,
2063 4818 2156 4857 os-

583 4913 689 4967 que
704 4898 915 4965 aperire
935 4910 1224 4967 aggressus
1244 4896 1312 4950 ad
1335 4904 1578 4950 sanctam
1607 4892 1948 4964 Scriptorum
1979 4893 2167 4962 legen-

584 4993 714 5045 dam
749 4990 1019 5044 clausum.

721 5094 930 5152 CCCII.
957 5122 1032 5136 -
1065 5092 1442 5151 DOROTHEO
1479 5091 1791 5149 οιριιιιεε.
1834 5090 2019 5149 νιιιο.

2268 4528 2546 4600 νέμειν,“ἢ
2579 4528 2732 4603 παρά
2760 4530 2822 4583 τδ
2853 4531 3071 4600 ἑκάστῳ
3112 4530 3220 4585 τῶν
3251 4533 3312 4585 ὲν
3340 4532 3423 4604 τῷ
3452 4533 3587 4601 οἴκῳ
3622 4528 3679 4582 τὸ
3716 4522 3832 4596 πρὸς

2266 4619 2425 4686 ἀξίαν
2480 4620 2706 4690 νέμειν·
2775 4622 3002 4684 εἰκότως
3057 4620 3389 4692 θαυμάζεις,
3434 4622 3554 4686 πῶς
3602 4617 3834 4675 Εύσέὁιος

2270 4708 2442 4781 μηδὲν
2477 4708 2690 4763 τοιοῦτο
2723 4710 3211 4782 διαπραττόμενος,
3246 4711 3391 4767 ἀλλὰ
3432 4714 3529 4768 καὶ
3562 4707 3834 4781 δημοὸόρος

2268 4801 2364 4865 ὢν,
2399 4800 2481 4854 ἔτι
2516 4801 2610 4853 καὶ
2637 4801 2975 4874 δημηγορεῖν
3007 4803 3206 4875 τολμᾷ,
3236 4806 3307 4858 τά
3344 4806 3449 4878 μὲν
3477 4804 3588 4858 τῶν
3613 4799 3834 4869 πενήτων

2270 4889 2749 4963 σφετεριζόμενος,
2796 4894 2973 4964 στόμα
3022 4896 3077 4950 δὲ
3130 4898 3340 4962 ἀνοῖξαι
3401 4892 3696 4969 ἐπιχειρῶν
3746 4882 3833 4940 ὕπδ

2268 4981 2378 5038 τῶν
2408 4983 2643 5056 Γραφῶν
2667 4983 3075 5054 κεκλεισμένον.

2520 5093 2642 5146 re.
2680 5124 2748 5138 -
2774 5094 3081 5168 ΔΩΡΟΘΕῼ
3113 5096 3619 5172 ΛΑΜΠΡΟΤΑΤῼ.

1395 5185 1575 5253 Huius
1604 5197 1650 5239 et
1685 5185 1885 5255 futura
1911 5187 2033 5240 vita
2060 5184 2468 5240 dissimilitudo.
2498 5184 2677 5255 (σοιτί.
2708 5187 2863 5255 epist.
2893 5186 3002 5241 222
3028 5187 3047 5259 )

651 5276 1115 5348 Quemadmodum
1137 5274 1524 5331 dissimiiitudo
1549 5291 1669 5343 quae
1690 5275 1850 5329 vitam
1876 5275 2167 5330 comitatur

2349 5276 2563 5347 Ὥσπερ
2591 5278 2625 5346 ή
2654 5277 2941 5348 ἀνωμαλία
2971 5279 3004 5349 ἡ
3029 5279 3088 5332 ὲν
3116 5278 3253 5352 τῷδε
3305 5281 3387 5353 τῷ
3440 5282 3544 5355 βίῳ
3568 5281 3843 5353 χορεύουσα

486 5386 489 5393 ·
585 5372 908 5443 aqtmlitatie
942 5370 1153 5426 videtur
1180 5366 1509 5433 dil‘erentia,
1543 5369 1624 5424 sic
1653 5378 1708 5423 et
1747 5370 1799 5422 in
1827 5366 2006 5422 futuro
2042 5368 2147 5422 vita

2260 5367 2356 5438 τῆς
2393 5366 2637 5432 ἰσότητος
2666 5363 2805 5422 εἶναι
2846 5368 2995 5424 δοκεῖ
3049 5370 3283 5444 διαφορά
3328 5374 3470 5447 (88),
3514 5374 3658 5428 οὕτω
3688 5371 3775 5426 καὶ
3815 5369 3845 5436 ἡ

655 5485 703 5519 ’⁸
732 5484 774 5540 ΙΙ
804 5484 932 5541 Cor.
966 5498 1047 5548 ιι,
1079 5483 1168 5541 99.
1246 5482 1291 5515 ⁷⁷
1324 5483 1449 5537 Act.
1481 5497 1573 5546 xx,
1613 5481 1702 5539 55.
1779 5482 1828 5514 ⁷³
1855 5487 1974 5539 Act.
2014 5498 2092 5545 ιτ,
2123 5481 2183 5551 15

2290 5482 2335 5515 ”¹⁹
2366 5479 2538 5551 lReg.
2568 5498 2668 5548 xu,
2693 5482 2749 5551 3,
2773 5483 2848 5553 ις
2880 5484 3052 5541 Eccli.
3095 5502 3239 5553 xm,
3270 5487 3357 5540 i6.

1088 5664 1095 5681 ἱ
1729 5592 1963 5649 VARUE
2005 5591 2395 5651 LECTIONES
2432 5595 2525 5651 ΕΤ
2559 5595 2798 5653 ΝΟΤΕ.

657 5702 770 5784 (ξε)
804 5704 910 5784 Ιξςο
964 5704 1195 5784 διαφορὰ
1231 5704 1389 5760 codd.
1442 5702 1566 5759 Vat.
1606 5702 1711 5758 650
1780 5715 1834 5759 ct
1875 5704 1978 5760 Alt.
2046 5703 2183 5775 legut

2280 5704 2583 5782 διαφθορά·
2631 5721 2687 5766 et
2741 5725 2882 5769 vers.
2943 5725 3068 5783 pen.
3130 5727 3216 5784 ep.
3269 5710 3483 5768 ἐκεῖθεν
3544 5714 3749 5768 mutant
3794 5711 3841 5769 In

592 5768 789 5828 ἐκεῖσε.
826 5773 1033 5829 Poseiu.
