4070 6380
300 386 444 458 I513

1182 387 1724 450 EPISTOLARUM
1766 388 1915 447 LIB.
1956 387 2024 448 V.
2063 410 2127 421 -
2185 386 2428 449 EPIS‘I‘.
2470 386 2719 461 CCCVL

3442 385 3581 460 ιιιι

294 508 361 563 ιν
389 506 470 579 τῷ
500 504 753 579 μέλλοντι
794 503 958 561 αίῶνι
975 473 1265 576 ἀνισότης.
1296 505 1370 558 Ού
1411 504 1519 577 γὰρ
1553 504 1753 569 πάντες
1782 503 1892 558 τῶν
1923 520 1936 567 Α

1995 508 2199 559 aeterna
2224 503 2330 560 erit
2348 503 2700 577 ineqaalitas.
2728 500 2849 561 Non
2871 503 3017 562 enim
3033 503 3225 563 eadem
3244 517 3435 567 omnes
3457 524 3581 569 con-

295 597 484 654 αὐτῶν
529 595 955 652 ἀπολαύσονται.
992 596 1129 650 Οὐδὲ
1172 595 1283 668 γάρ
1309 595 1519 650 δίκαιον
1550 597 1664 657 τοῖς
1703 596 1781 667 μὴ
1834 594 1895 650 τὸ

2002 602 2320 665 sequentur.
2360 593 2614 667 Iniquum
2636 594 2781 653 enim
2813 605 2964 655 esset
3003 604 3067 654 ut
3100 595 3173 656 iis
3208 598 3305 671 qui
3342 598 3586 674 disparia

296 689 416 744 ῖσον
472 687 807 763 πεποιηκόσι
853 685 917 740 τὺ
973 684 1086 740 ἴσον
1137 684 1587 757 ἀπονεμηθῆναι·
1647 682 1893 755 ίσότητός

1994 695 2308 755 gesserunt,
2360 685 2589 759 aequalia
2624 687 2935 747 tribuantur
2966 704 2983 745 :
3027 690 3355 763 aqualitatis
3406 700 3493 751 est
3525 702 3584 750 et

303 782 429 834 ἔστι
461 778 560 835 καὶ
590 778 948 851 δικαιοσύνης
977 776 1276 845 ἀπόδειξις,
1290 774 1431 833 Ἀλλ’
1466 779 1502 850 ἡ
1539 777 1638 849 μὲν
1659 775 1895 832 ἐνταῦθα

1988 776 2217 848 iustitiae
2234 780 2647 838 demonstratio.
2678 780 2881 840 Verum
2906 784 2955 842 si
2976 798 3085 857 qua
3099 783 3191 842 hic
3211 783 3582 858 inaequalitas,

294 869 589 942 ἀνωμαλία
622 870 857 942 μελέτης
875 870 971 926 καὶ
999 869 1317 942 γυμνασίας
1344 869 1511 924 ἕνεκα
1550 867 1900 943 συγκεχώρη.

293 980 393 1018 ται
413 978 428 994 ⁸
470 964 505 1034 ἡ
535 963 593 1017 δὲ
631 963 868 1032 ἐκεῖθεν,
903 963 1254 1036 δικαιοσύνης
1280 963 1467 1019 ἕνεκεν
1493 964 1587 1018 καὶ
1608 964 1901 1036 εὐδοκιμή-

293 1070 438 1122 σεως
467 1056 782 1128 γενήσεται.

828 1157 949 1216 τιτι.
989 1192 1061 1203 -
1094 1162 1347 1234 namq.

1999 871 2381 931 sollicitudinis
2419 874 2938 948 exercitationisque
2981 876 3160 950 gratia
3192 877 3303 949 ﬁt;
3337 878 3413 937 ibi
3450 892 3583 936 vero

1995 960 2224 1030 iustitiae
2256 975 2320 1019 ac
2342 963 2593 1035 probatas
2619 964 2941 1037 vitae'gratia
2977 967 3328 1026 retribuetur.

2458 1161 2679 1228 CCClll.
2731 1202 2801 1214 --
2853 1167 3107 1229 PAULO.

1241 1256 1351 1314 Deo
1388 1256 1456 1315 0.
1487 1252 1566 1314 Μ.
1597 1276 1693 1329 pro
1725 1260 1970 1318 omnibus
2002 1264 2155 1321 rebus
2185 1264 2404 1337 agenda:
2433 1268 2644 1337 gratia.

380 1372 474 1429 Ἕν
499 1374 627 1440 ταῖς
658 1370 794 1448 πρὸς
825 1375 889 1429 τὸ
919 1376 1076 1430 Θεῖον
1106 1378 1482 1450 εὐχαριστίαις
1526 1378 1633 1451 χρὴ
1680 1378 1892 1442 πάντας

2063 1378 2379 1437 Gratiarum
2413 1382 2483 1437 ad
2514 1381 2686 1438 Deum
2717 1380 2989 1436 actionem
3022 1374 3233 1438 referre
3261 1393 3364 1451 pro
3395 1382 3577 1438 omni~

293 1468 735 1536 συνεισενεγκεῖν
768 1464 798 1518 ὃ
823 1465 1048 1539 ἔχομεν,
1079 1467 1272 1541 ἐπειδὴ
1314 1470 1417 1523 οὐκ
1438 1468 1637 1540 ἔχομεν
1658 1468 1688 1522 δ
1713 1485 1895 1538 χρεω-

1994 1472 2096 1527 bus
2127 1486 2249 1542 quas
2272 1472 2537 1529 habemus
2578 1473 2858 1529 convenit.
2897 1471 3085 1545 Neque
3114 1472 3261 1530 enim
3307 1480 3573 1544 quantum

292 1558 535 1631 στοῦμεν
550 1575 567 1590 ·
600 1557 655 1612 τί
691 1558 802 1631 γὰρ
828 1561 927 1614 καὶ
950 1561 1416 1633 προσενέγκοιμεν
1435 1559 1588 1627 ἀξιον
1608 1560 1688 1631 τῷ
1707 1560 1893 1631 πάσης

1992 1560 2271 1629 debemus,
2296 1576 2610 1634 possumus.
2649 1561 2791 1629 Quid
2823 1562 2970 1619 enim
3007 1562 3342 1635 condignum
3382 1561 3581 1621 afera-

288 1650 535 1723 ἀμοιϐἦς
561 1650 866 1721 κρείττονις

838 1764 958 1818 ma
995 1795 1065 1806 —
1098 1765 1345 1839 ΠΕΤΡῼ.

1995 1662 2105 1715 tur,
2146 1650 2234 1707 cui
2265 1650 2404 1707 nihil
2435 1665 2543 1707 non
2582 1650 2856 1709 debetur?

2470 1756 2700 1816 CCCIV.
2734 1786 2803 1803 -
2829 1756 3084 1817 PETRO.

1051 1848 1361 1912 Periculose
1390 1857 1659 1926 laborant,
1690 1859 1781 1928 qui
1806 1854 1945 1911 male
1969 1860 2183 1926 agentes
2223 1850 2346 1907 boui
2373 1851 2540 1907 videri
2568 1851 2811 1919 cupiunt.

363 1968 438 2022 Τὸ
460 1968 627 2036 ἄδοξα
656 1970 989 2042 πράττοντα,
1025 1969 1239 2038 ἔνδοξον
1264 1970 1447 2025 δοκεῖν
1486 1965 1648 2037 εἶναι,
1678 1969 1891 2034 πολλοῖς
1925 1962 1936 2018 1

2070 1962 2230 2036 Optat
2255 1963 2473 2035 quidem
2497 1962 2659 2035 vulgo
2691 1962 2987 2034 gloriosum
3036 1959 3238 2032 videri,
3274 1964 3370 2035 qui
3402 1964 3579 2037 turpia

290 2061 397 2131 μὲν
419 2061 887 2132 εύκταῖον,σοφοῖς
908 2061 966 2116 δὲ
994 2063 1095 2116 οὐκ
1118 2061 1411 2133 ¹ἐράσμιον.
1454 2061 1523 2115 Ἢ
1550 2061 1659 2132 γὰρ
1684 2059 1885 2129 ἔξωθεν

286 2153 420 2221 δόξα
458 2154 559 2226 τὴν
598 2154 752 2209 ενδον
783 2153 1003 2222 ἀδοξίαν
1031 2158 1246 2228 νευροῖ·
1278 2154 1375 2210 καὶ
1400 2156 1464 2209 τὸ
1493 2155 1672 2209 δοκεῖν
1700 2154 1881 2224 ύγιαί-

287 2259 405 2298 νειν
436 2242 535 2298 τοῦ
582 2243 755 2310 ὅντως
807 2244 1077 2316 ύγιαίνειν
1107 2246 1411 2317 φαντασίαν
1441 2245 1732 2318 ἐμποιοῦν,
1761 2245 1885 2300 οὐδὲ

284 2332 593 2408 θεραπείαν
628 2336 959 2409 προσίεσθαι
999 2341 1290 2412 συγχωρεῖ.

790 2533 914 2593 τεν.
947 2570 1017 2580 -
1045 2538 1134 2613 Tn
1169 2541 1372 2613 ΑΥΤῼ.

1992 2064 2209 2127 patrat;
2270 2054 2547 2126 sapientes
2586 2062 2777 2110 contra
2823 2054 2879 2111 id
2924 2063 3271 2112 aversantur.
3319 2054 3578 2114 Extrema

1989 2150 2136 2205 enim
2156 2147 2351 2219 gloria,
2381 2147 2653 2204 internam
2708 2147 3035 2205 corroborat
3081 2146 3462 2217 ignominiam,
3518 2160 3582 2205 ut

1986 2240 2272 2312 persuasio
2330 2237 2400 2294 de
2467 2236 2796 2304 valetudine,
2855 2239 3188 2312 ingenerans
3256 2242 3577 2313 opinionem

1987 2343 2154 2389 certe
2222 2331 2520 2398 sanitatis,‘
2566 2331 2908 2389 curationem
2967 2342 3228 2404 appetere
3281 2349 3394 2392 non
3461 2347 3592 2407 per-

1988 2426 2177 2479 mittit.

2485 2533 2689 2591 CCCV.
2719 2565 2787 2578 —
2835 2526 3071 2592 EIDEH.

1112 2631 1250 2689 Bene
1273 2635 1366 2705 qui
1392 2633 1572 2701 latuit,
1602 2633 1728 2689 bene
1768 2632 1919 2687 vixit.
1956 2627 2072 2701 (Sic
2105 2627 2255 2695 epist.
2293 2625 2419 2694 108,
2453 2626 2581 2693 562,
2615 2626 2768 2699 563.)

365 2734 587 2811 Ὠσπερ
617 2738 734 2808 εἴγε
762 2741 870 2813 χρὴ
895 2732 1034 2806 δ’λως
1070 2740 1490 2814 ἐναδρύνεσθαι,
1542 2741 1645 2797 ούκ
1682 2740 1776 2827 ἐπὶ
1803 2740 1882 2812 τῷ

283 2830 553 2903 πράττειν
582 2830 768 2897 ἁπλῶς
797 2831 834 2887 ἀ
866 2831 943 2905 μὴ
962 2833 1044 2887 δεῖ
1066 2834 1177 2905 ,χρὴ
1205 2832 1595 2906 σεμνύνεσθαι,
1630 2831 1747 2889 ἀλλ’
1787 2830 1884 2887 ἐπὶ

290 2922 371 2994 τῷ
404 2923 668 2994 πράττειν
699 2923 736 2979 ἃ
765 2928 871 2997 χρὴ
893 2941 905 2954 ’
933 2925 1048 2980 ἐστι
1078 2926 1191 2998 γὰρ
1219 2925 1467 2999 ἀπραξία
1519 2925 1775 3000 πράξεως
1801 2916 1886 2982 al-

289 3016 591 3088 ρετωτέρα.
624 3015 786 3071 Οὕτω
822 3017 917 3072 καὶ
948 3019 1042 3072 ἐπὶ
1075 3016 1152 3090 τῷ
1190 3017 1399 3084 ἀδοξεῖν
1434 3017 1623 3085 ἁπλῶς
1654 3020 1719 3074 ού
1774 3014 1884 3092 χρὴ

283 3106 602 3173 λυπεῖσθαι,
651 3108 767 3164 ἀλλ’
796 3110 887 3163 ἐπὶ
938 3110 1019 3182 τῷ
1062 3110 1288 3176 δικαίως
1328 3108 1569 3178 ἀδοξεῖν·
1626 3111 1882 3185 ἔστιγὰρ

283 3198 476 3267 ἀδοξία
506 3198 664 3273 δόξης
690 3200 1094 3272 ἀσφαλεστέρα.

759 3396 898 3469 Τςῖι.
938 3435 1005 3446 -
1032 3398 1384 3473 emanare.

2060 2735 2133 2795 Ut
2164 2737 2211 2792 si
2236 2736 2578 2806 gloriandum
2622 2746 2742 2804 est,
2799 2748 2908 2793 non
2947 2738 3015 2795 de
3072 2737 3140 2795 iis
3178 2734 3404 2797 omnino
3455 2734 3578 2812 quae

1988 2826 2142 2886 nefas
2171 2828 2247 2885 sit
2275 2843 2463 2900 agere,
2512 2829 2608 2885 liat
2663 2831 2983 2911 ostentatio,
3040 2831 3134 2888 sed
3180 2831 3248 2888 de
3297 2831 3365 2889 iis
3395 2835 3579 2904 potius

1988 2933 2110 2991 quas
2140 2934 2305 2992 agere
2333 2929 2568 2992 oportet.
2609 2920 2709 2978 Est
2743 2923 2891 2978 enim
2940 2922 3178 2995 optanda
3205 2924 3580 2996 tranquillitas

1986 3015 2168 3086 potius
2197 3028 2362 3085 quam
2401 3014 2697 3086 negotium.
2728 3013 2819 3073 Sic
2843 3023 2900 3072 et
2924 3015 3173 3087 ignotum
3203 3030 3327 3075 esse
3354 3018 3583 3077 omnino

1992 3103 2282 3163 dolendum
2335 3120 2441 3164 non
2502 3115 2610 3173 est,
2653 3105 2763 3165 imo
2807 3109 3054 3180 ignotum
3104 3122 3226 3167 esse
3283 3100 3580 3181 optandum

1989 3198 2250 3255 maxime.
2298 3195 2498 3254 Tutius
2535 3207 2620 3256 est
2671 3199 2816 3255 enim
2868 3200 3134 3273 ignorari,
3190 3215 3353 3273 quam
3420 3202 3574 3258 fama

1910 3273 1958 3336 Β
1988 3291 2276 3348 celebrari.

2297 3390 2468 3473 852
2511 3400 2738 3459 CCCVI.
2762 3433 2835 3444 —-
2867 3394 3285 3463 THEODOSIO.

775 3491 985 3549 Luxum
1017 3496 1379 3559 temperantia:
1418 3495 1697 3551 aduersum
1726 3493 2059 3567 fugiendum,
2099 3511 2191 3548 nec
2217 3494 2359 3565 vulgi
2383 3494 2583 3561 iudicio
2605 3511 2685 3550 res
2708 3496 3086 3563 ponderanda.

365 3603 434 3660 Ἦ
459 3604 665 3677 τρυφὴ,
698 3606 733 3676 ὴ
766 3607 951 3676 πάσης
978 3606 1273 3670 ἀκολασίας
1303 3608 1397 3660 καὶ
1423 3607 1609 3679 μήτηρ
1636 3607 1733 3661 καὶ
1754 3622 1880 3678 τρο-

281 3696 408 3767 φὸς,
433 3697 567 3751 ὅταν
618 3694 878 3769 τραπέζῃ
929 3696 1235 3771 πληθούσῃ,
1276 3699 1371 3752 καὶ
1416 3697 1693 3762 παντοίοις
1727 3698 1881 3769 δψοις

280 3789 383 3843 καὶ
411 3786 690 3860 ἡδύσμασι
726 3787 981 3861 κομώσῃ,
1008 3789 1109 3861 τὴν
1139 3790 1238 3860 μὲν
1272 3789 1464 3858 γεῦσιν
1487 3790 1595 3844 τῶν
1625 3791 1879 3863 δρώντων

281 3880 428 3953 πρὸς
472 3879 1029 3953 ἐπιθυμίαν-κινήσῃ,
1074 3880 1167 3935 τὸν
1195 3881 1251 3935 δὲ
1282 3881 1408 3936 νοῦν
1436 3882 1547 3936 τῶν
1579 3870 1878 3955 ἀρουμένων

280 3972 648 4044 ὲπιϐρίθουσα
675 3973 987 4046 χρήσασθαί
1008 3991 1132 4028 τινα
1164 3974 1459 4049 ἀναπείσῃ,
1483 3974 1545 4027 τὸ
1569 3973 1876 4047 τηνικαῦτα

280 4064 549 4134 ναυάγιον
597 4064 748 4136 αύτῷ
780 4064 1055 4137 προξενεῖ,
1103 4066 1183 4129 είς
1215 4066 1311 4119 τδν
1349 4065 1512 4136 βυθὸν
1537 4065 1647 4120 τῶν
1684 4054 1877 4121 παθῶν

279 4155 771 4211 καταποντίσασα·
832 4156 1106 4227 φυλάττου
1156 4158 1337 4211 τοίνυν
1380 4146 1611 4230 ταύτην,
1657 4159 1752 4212 καὶ
1781 4158 1880 4231 τὴν

278 4246 625 4319 αὐτάρκειαν
658 4246 796 4318 τίμα
820 4260 834 4281 ο
864 4242 925 4301 εὖ
956 4244 1133 4313 εἰδὼς,
1159 4247 1244 4301 ὅτι
1275 4245 1400 4302 οὔτε
1428 4248 1488 4301 τὸ
1514 4249 1740 4321 αἰσχρὸν
1766 4246 1878 4304 οἶόν

279 4357 344 4393 τε
400 4337 607 4409 ἀγαθὸν
657 4337 918 4406 γενέσθαι
946 4341 1016 4410 τῇ
1047 4336 1156 4392 τῶν
1203 4339 1552 4410 πραττόντων
1586 4339 1878 4411 συμφωνίᾳ

282 4429 690 4503 κοσμούμενον,
717 4429 822 4484 κᾶν
853 4431 1056 4494 πάντες
1083 4430 1314 4504 ῥήτορες
1337 4431 1432 4483 καὶ
1464 4431 1719 4498 σοφισταὶ
1747 4446 1877 4483 συν-

2049 3604 2233 3661 Luxus
2264 3606 2447 3663 omnis
2471 3607 2905 3678 intemperantiae
2931 3617 3107 3666 mater
3151 3620 3238 3667 est
3264 3617 3323 3667 et
3358 3610 3576 3678 nutrix,

1980 3696 2070 3750 uhi
2100 3710 2287 3752 mensa
2314 3694 2536 3765 referta,
2563 3704 2619 3753 et
2636 3696 2948 3756 omniiariis
2970 3699 3218 3759 obsoniis
3246 3709 3411 3773 atque
3437 3717 3573 3760 con-

1977 3788 2235 3844 dimentis
2290 3793 2549 3858 superba,
2607 3799 2827 3862 gustum
2870 3793 3091 3862 quidem
3130 3794 3472 3861 intuentium,
3498 3799 3567 3851 ad

1976 3881 2340 3950 appetendum
2386 3882 2779 3952 commoverit,
2832 3883 3103 3940 utentium
3162 3893 3294 3943 vero
3332 3896 3573 3945 mentem

1985 3986 2331 4044 praegravans
2352 3973 2419 4029 ad
2454 3973 2714 4030 utendum
2741 3976 3055 4048 quempiam
3102 3974 3408 4048 induerit,
3445 3991 3577 4037 tunc

1987 4064 2329 4137 naufragium
2383 4066 2484 4134 ipsi
2540 4076 2739 4138 parat,
2802 4069 2861 4125 in
2931 4064 3264 4141 profundum
3308 4073 3576 4132 malarum

1980 4156 2329 4213 all‘ectionum
2406 4159 2752 4232 denter-gens.
2824 4158 3039 4218 Lusum
3116 4160 3305 4236 itaque
3372 4166 3575 4231 devita,

1977 4258 2268 4304 contentus
2312 4263 2379 4304 eo
2421 4251 2568 4320 quod
2620 4261 2705 4308 est
2744 4253 2884 4308 satis
2920 4269 2935 4307 :
2989 4254 3158 4322 probe
3218 4265 3572 4327 perspectum

1979 4339 2186 4393 habens
2208 4339 2353 4408 quod
2377 4350 2535 4411 turpe
2555 4350 2663 4408 est,
2693 4341 2899 4397 bonum
2918 4339 3059 4399 efﬁci
3081 4356 3361 4413 nunquam
3387 4358 3573 4414 posse,

1975 4445 2243 4487 consensu
2268 4445 2466 4490 causas
2496 4435 2775 4505 agentium
2806 4444 3159 4503 exornatum,
3192 4436 3297 4493 etsi
3321 4446 3576 4494 oratores

278 4525 689 4593 αγωνίξωνται·
747 4522 872 4577 οὔτε
902 4522 965 4576 τὸ
994 4522 1161 4576 καλὸν
1192 4523 1584 4593 μεταπεσεῖται
1612 4524 1693 4587 είς
1716 4524 1876 4577 τούνδ
1912 4521 1936 4577 ῐ

1986 4536 2175 4579 omnes
2240 4534 2409 4596 atque
2467 4524 2724 4597 sophistae
2777 4524 3046 4584 laudando
3080 4528 3434 4584 contendant.
3481 4527 3576 4585 Sic

284 4614 492 4680 αντίον,
539 4612 645 4667 κᾶν
689 4606 771 4677 εἷς
804 4613 987 4684 μόνος,
1037 4611 1242 4683 μᾶλλον
1271 4612 1329 4666 δὲ
1356 4611 1480 4683 μηδ’
1508 4607 1589 4676 εἷς
1614 4613 1871 4684 φαίνηται

278 4705 479 4759 τούτου
506 4706 767 4777 ἐραστής.
797 4705 1005 4776 Παρεὶς
1030 4706 1214 4758 τοίνυν
1251 4705 1353 4776 τὴν
1386 4705 1496 4761 τῶν
1527 4705 1741 4761 πολλῶν
1768 4706 1874 4779 ψῆ-

278 4813 407 4867 φον,
447 4796 622 4868 αὐτῆς
653 4795 780 4868 ἔχου
810 4795 911 4869 τῆς
939 4795 1175 4868 ἀρετῆς·
1210 4797 1306 4849 καὶ
1340 4796 1519 4851 πάντα
1564 4799 1663 4868 μὲν
1704 4798 1871 4866 ποίει,

279 4889 380 4945 καὶ
419 4887 638 4960 μυρίοις
685 4887 987 4959 ὀφθαλμοῖς
1017 4886 1086 4941 τά
1118 4886 1263 4942 κατά
1299 4889 1497 4943 σαυτὸν
1523 4890 1869 4961 περισκόπει,

275 4981 433 5044 ὅπως
453 4978 693 5051 μηδεμία
717 4978 871 5050 παρά
895 4976 990 5033 σοῦ
1014 4981 1123 5043 τοῖς,
1156 4977 1328 5043 πέλας
1352 4980 1648 5061 ἐπιφύηται
1675 4982 1871 5053 βλάϐη,

275 5071 362 5142 τῷ
391 5072 579 5126 πᾶσαν
627 5071 930 5126 σκανδάλου
969 5071 1130 5145 ῥίζαν
1183 5070 1495 5143 ἐκτέμνειν.
1552 5072 1616 5128 Εἰ
1645 5068 1706 5129 δὲ
1729 5073 1876 5130 οὕτω

280 5181 381 5218 σου
407 5163 782 5235 διακειμένου,
808 5165 955 5229 τινες
985 5163 1099 5218 τῶν
1127 5164 1295 5237 μηδὲν
1342 5165 1443 5237 μὲν
1474 5165 1680 5235 ἀγαθὸν
1700 5178 1875 5240 πρατο

273 5255 506 5325 τόντων,
550 5258 664 5320 τοῖς
708 5256 769 5314 δὲ
808 5257 1118 5329 πράττουσι
1159 5256 1501 5329 φθονούντων
1547 5261 1872 5333 κατηγορῶ

228 5392 234 5397 .
280 5361 337 5404 σι
369 5346 508 5422 (89),
549 5348 627 5420 μὴ
664 5347 811 5403 δίδου
842 5347 1043 5403 σαυτὸν
1087 5347 1305 5403 ἔκδοτον
1346 5352 1413 5422 τῇ
1445 5342 1692 5424 ἀθυμίςει⁹
1733 5352 1871 5409 ἀλλά

277 5440 380 5497 καὶ
401 5438 611 5513 ταύτην
633 5438 901 5511 γενναίως
926 5437 1150 5510 ἔνεγκον
1167 5439 1262 5495 τοῦ
1284 5440 1499 5513 ἐχθροῦ·
1515 5442 1617 5514 τὴν
1643 5443 1877 5514 προσσοι

1981 4631 2084 4673 nec
2118 4619 2319 4675 bonum
2359 4635 2479 4677 cum
2513 4619 2657 4676 malo
2705 4621 2979 4687 convenit,
3033 4620 3141 4678 etsi
3176 4636 3337 4688 unus,
3387 4636 3452 4679 ac
3505 4640 3575 4680 ne

1981 4722 2125 4767 unus
2178 4712 2398 4783 quidem
2440 4711 2566 4768 boni
2619 4726 2815 4769 amans
2877 4712 3267 4785 studiosusque
3313 4715 3572 4773 exsistat.

1980 4801 2271 4859 Multorum
2303 4803 2491 4876 itaque
2537 4804 2720 4862 valere
2743 4803 2898 4875 iussa
2937 4804 3197 4878 opinione
3239 4807 3429 4883 virtuti
3471 4810 3572 4883 ipsi

1981 4896 2224 4961 haereas,
2285 4898 2580 4969 omniaque
2629 4905 2851 4970 satage,
2908 4909 3072 4971 teque
3120 4899 3303 4971 ipsum
3353 4913 3573 4960 centum

1984 4989 2355 5062 contemplare
2383 4991 2577 5062 oculis,
2626 5007 2696 5050 ne
2733 5008 2839 5065 qua
2890 4993 2988 5051 tibi
3028 5008 3062 5051 a
3109 4996 3377 5069 proximis
3409 4998 3574 5056 obve-

1987 5076 2102 5135 niat
2154 5076 2469 5156 calamitas,
2530 5094 2591 5139 ut
2661 5097 2884 5149 omnem
2946 5084 3270 5146 oﬂensionis
3333 5089 3571 5147 radicem

1982 5172 2293 5229 exscindas.
2327 5171 2385 5229 Si
2427 5188 2557 5231 vero
2591 5183 2644 5231 te
2675 5175 2750 5232 ita
2776 5175 3032 5235 allectum
3066 5178 3233 5251 aliqui
3262 5196 3449 5238 eorum
3480 5185 3572 5254 qui

1981 5264 2117 5321 nihil
2179 5262 2308 5323 boni
2367 5276 2557 5339 agunt,
2615 5268 2716 5326 sed
2765 5270 2906 5328 bene
2950 5273 3237 5344 agentibus
3304 5272 3573 5341 invident,

1980 5368 2263 5423 accusent,
2299 5359 2543 5415 animum
2574 5375 2642 5417 ne
2673 5361 3035 5435 despondeas,
3093 5363 3191 5423 sed
3234 5363 3380 5421 hunc
3404 5378 3573 5436 gene-

1985 5458 2111 5504 rose
2136 5446 2286 5506 feras
2308 5450 2516 5509 inimici
2548 5451 3118 5529 insultnm,;co¢itans
3151 5469 3279 5515 eum
3325 5455 3431 5513 ista
3462 5469 3574 5514 non

1390 5549 1625 5656 vanum
1666 5564 2057 5661 moriones
2084 5602 2174 5659 ET
2203 5603 2439 5664 noras.

357 5758 469 5845 (89)
512 5754 641 5845 “Pro
714 5758 1087 5833 κατηγοροῦσι
1164 5761 1415 5818 scribunt
1497 5760 1658 5819 iidem
1724 5777 1936 5836 κακηγο

1986 5765 2139 5836 οὖσι,
2203 5777 2259 5826 et
2310 5783 2455 5830 vers.
2486 5777 2612 5844 post
2666 5769 2701 5828 3
2738 5769 3004 5845 χρήσαιτο
3080 5778 3283 5843 augent
3361 5780 3575 5843 praepo-

280 5830 393 5886 sito
419 5833 467 5888 ι.
512 5831 724 5887 l’osstu.

604 5926 879 5987 ΡΑτιιοι..
930 5928 1049 5988 (in.
1104 5926 1439 5987 LXXVIII.

3176 5929 3253 5989 58
