4070 6408
449 424 587 494 tsts

1678 411 2047 476 SJSIDORI
2086 411 2522 473 PELUSlOTAi

3552 415 3675 483 Illo)

441 541 728 614 prudentia
754 539 913 605 tollit,
945 551 1063 607 quae
1102 533 1274 590 tristia
1306 545 1532 604 quaeque
1565 527 1846 586 moderate
1877 527 2019 582 terre

2144 525 2405 599 βαρύτητα
2433 523 2520 578 διά
2551 524 2650 594 τῆς
2685 525 3019 595 φρονήσεως,
3064 521 3306 592 μετρίως
3336 524 3509 596 φέρειν
3525 531 3664 588 δυνά-

443 635 612 690 novit.
646 632 911 688 Malorum
951 628 1095 684 enim
1126 641 1248 696 qua:
1277 627 1329 680 in
1378 633 1563 679 nostra
1605 626 1870 692 potestate
1913 632 2018 672 non
2064 637 2078 652 ο

442 734 591 790 sunt,
637 722 901 779 medicina
938 727 1020 774 est
1057 733 1120 773 ea
1154 731 1272 787 quae
1304 716 1361 772 in
1405 723 1593 771 nostra
1627 723 1710 770 est
1752 717 2023 781 potestate

445 815 788 887 philosophia
818 831 832 869 :
860 825 1032 881 eaque
1077 808 1324 864 dissolvit
1371 809 1535 873 mala,
1568 821 1687 877 quae
1730 801 2022 860 indissolu-

444 907 576 964 bilia
615 907 951 962 viderentur.
983 901 1264 958 Fortitudo
1291 900 1344 956 in
1385 901 1642 970 gravibus
1675 897 2027 964 molestisque

442 1003 656 1059 exsistit
693 1001 880 1067 rebus;
935 998 991 1053 in
1027 995 1279 1052 secundis
1304 1008 1436 1051 vero
1464 993 1611 1063 (nam
1643 1001 1698 1048 et
1741 990 1823 1046 hae
1853 990 2026 1046 inter.

445 1098 570 1152 dum
609 1093 872 1164 probandi
919 1105 1084 1148 causa
1134 1084 1520 1157 immittuntur)
1560 1083 1726 1141 animi
1768 1091 1856 1138 est
1887 1095 2026 1151 opus

445 1187 836 1260 magnitudine.
1546 1165 1552 1169 ’

925 1288 1182 1346 -ΟΟΟΧν,
1216 1318 1284 1328 -
1309 1286 1539 1343 EIDEM.

2128 635 2289 690 μενος
2314 617 2382 671 τά
2410 616 2650 688 λυπηρά.
2680 616 2856 678 Ἴασις
2893 615 3001 686 γάρ
3031 613 3138 667 τῶν
3161 613 3260 667 οὐκ
3283 616 3366 684 ἐφ’
3403 619 3527 688 ἡμῖν
3557 623 3589 693 ή
3615 627 3668 677 ὲν

2126 711 2257 781 ἡμῖν
2287 706 2596 776 φιλοσοφία.
2631 706 2743 760 Καὶ
2776 704 2928 770 λύσις
2976 705 3086 759 τῶν
3144 706 3469 774 ἀναγκαίων,
3492 713 3538 764 εί
3585 717 3668 767 καὶ

2127 797 2250 852 καθ’
2281 797 2450 851 ἑαυτά
2484 795 2656 851 ἀλυτά
2681 811 2826 849 τισιν
2853 794 3032 860 ἔδοξεν
3069 789 3237 861 εἶναι,
3267 798 3301 866 ἠ
3342 799 3398 852 ὲν
3442 800 3534 868 μὲν
3569 807 3671 866 τοῖς

2127 890 2318 952 δεινοῖς
2349 889 2562 960 ἀνδρία,
2598 890 2657 941 ἐν
2709 886 2768 940 δὲ
2818 889 2936 950 τοῖς
2979 886 3174 954 δεξιοῖς
3223 887 3338 958 (καὶ
3383 889 3487 960 γάρ
3516 891 3675 947 ταῦτα

2128 979 2450 1050 δοκιμασίας
2471 979 2656 1032 ἕνεκεν
2679 976 2938 1042 πολλάκις
2962 975 3189 1047 δίδοται)
3233 977 3612 1049 μεγαλοψυχία.

2625 1272 2770 1327 TIE’.
2799 1300 2871 1310 —
2891 1272 2980 1344 Tn
3006 1273 3206 1343 arm.

1067 1382 1312 1436 Divinum
1338 1380 1595 1434 auxilium
1627 1377 1885 1448 quomodo
1909 1367 2322 1444 implorandum.
2359 1365 2538 1437 (Cani.
2581 1368 2731 1434 epist.
2777 1364 2906 1430 527,
2933 1364 3081 1434 457.)

517 1496 622 1564 Qui
672 1497 822 1565 cupit
877 1494 1084 1551 auxilio
1134 1491 1490 1560 insuperabili
1537 1490 1678 1556 frui,
1731 1504 1794 1544 ea
1841 1487 2028 1558 exigat

448 1598 661 1660 oportet
690 1603 811 1658 qua:
858 1587 1096 1658 postulat
1129 1587 1379 1656 aequitas,
1427 1592 1486 1637 ut
1517 1582 1792 1652 petitionis
1833 1589 2028 1635 natura

452 1678 713 1734 auxilium
765 1678 1026 1732 attrahat.
1079 1675 1150 1730 lis
1199 1675 1346 1729 enim
1383 1673 1476 1743 qui
1530 1686 1626 1740 per
1667 1669 1896 1724 ironiam
1937 1677 2034 1722 aut

452 1769 736 1824 avaritiam
767 1769 896 1822 illud
925 1766 1242 1836 implorant,
1273 1779 1381 1818 non
1413 1761 1643 1826 accedit,
1686 1762 1778 1815 sed
1817 1760 1881 1814 iis
1914 1759 2036 1829 qui-

451 1863 552 1917 bus
587 1860 780 1930 injuria
820 1867 1012 1930 sponte
1041 1857 1188 1912 illata
1218 1866 1301 1912 est
1339 1854 1568 1910 accedit.

924 2034 1196 2093 CCCXVI.
1229 2063 1302 2076 --
1326 2031 1562 2090 PRIMO.

2119 1476 2126 1480 ”
2201 1478 2305 1531 Τὸν
2329 1476 2592 1548 μέλλοντα
2621 1477 3048 1547 ἀπολαύεινζτῆς
3069 1478 3338 1548 ἀηττήτου
3372 1477 3688 1549 συμμαχίας,

2131 1565 2359 1622 τοιαῦτα
2414 1569 2586 1620 αἰτεῖν
2633 1566 2761 1639 χρὴ,
2816 1567 2852 1622 ἃ
2911 1568 3010 1621 καὶ
3049 1568 3139 1622 τὸν
3178 1566 3272 1620 τοῦ
3310 1567 3515 1620 δικαίου
3548 1567 3693 1637 λόγον

2134 1658 2270 1730 ἔχει,
2302 1658 2389 1710 ἵνα
2415 1659 2482 1728 τῇ
2518 1655 2678 1724 φύσει
2709 1658 2808 1727 τῆς
2838 1659 3109 1729 αἰτήσεως
3139 1656 3240 1728 τὴν
3275 1657 3448 1728 ῥοπὴν
3475 1657 3695 1710 ἐπισπά-

2139 1747 2472 1816 σηται-τοῖς
2519 1745 2626 1816 γὰρ
2694 1745 2754 1812 ἐξ
2793 1746 3079 1816 είρωνείας
3115 1747 3212 1800 καὶ⁹
3262 1747 3353 1800 διὰ
3402 1746 3696 1811 πλεονεξίας

2139 1837 2398 1892 καλοῦσιν
2429 1837 2528 1890 οὐκ
2565 1837 2825 1909 ἐπιφοιτᾷ
2851 1839 2884 1908 ή
2911 1835 3268 1910 ἀὺτοκλήτως
3299 1840 3413 1903 τοῖς
3434 1839 3700 1909 ἀδικουμέ-

2139 1947 2250 1995 νοις
2289 1930 2651 2000 ὲπιφοιτῶσα.

2655 2021 2820 2090 Τις.
2860 2053 2922 2066 -
2958 2024 3199 2095 nPIMa.

1581 2125 1700 2181 Vita
1725 2127 1934 2190 piorum
1967 2115 2333 2194 afﬂictionibus
2362 2116 2608 2171 obnoxia.

524 2244 680 2313 Quod
725 2243 863 2297 dicis
902 2240 1222 2311 quaestionis
1253 2239 1521 2310 indigere,
1557 2239 1698 2294 idem
1741 2235 2031 2293 solutionis

455 2351 641 2400 causa,
693 2350 813 2390 mea
860 2334 1077 2404 quidem
1126 2333 1417 2394 sententia,
1462 2331 1697 2388 videtur.
1737 2328 1839 2396 Qui
1886 2326 2031 2382 enim

456 2427 661 2482 mundo
709 2423 1116 2480 renuntiaverit
1160 2421 1294 2478 nihil
1342 2422 1562 2486 mirare,
1599 2419 1933 2476 tribulationi
1971 2433 2036 2472 ac

460 2519 854 2574 tentationibus
901 2515 1195 2571 obnoxium
1235 2530 1376 2571 esse.
1434 2514 1523 2569 Ait
1563 2514 1707 2568 enim
1739 2511 2037 2566 Christus:

453 2610 617 2682 655
653 2628 672 2662 ι
702 2607 1131 2664 Tribulationem
1161 2608 1214 2661 in
1251 2607 1355 2661 hoc
1389 2605 1590 2660 mundo
1625 2604 1892 2658 habebitis
1915 2601 1984 2658 ⁸⁸.
2015 2620 2035 2654 s

455 2702 566 2755 Cur
613 2699 796 2768 itaque
826 2696 1142 2752 certaminis
1174 2693 1432 2765 praefecto
1479 2695 1553 2748 ita
1605 2693 1859 2762 loquente
1885 2690 2040 2761 quie-

465 2802 570 2845 tem
617 2788 905 2860 postulas?
947 2786 1100 2841 Tunc
1135 2786 1280 2842 enim
1317 2785 1519 2840 oﬂ’endi
1568 2793 1688 2838 erat
1733 2797 1950 2852 aequum
1997 2781 2044 2835 si

467 2889 656 2937 contra
697 2889 860 2949 atque
883 2880 1042 2943 dixit,
1077 2877 1425 2948 contigisset.
1463 2877 1558 2931 Sin
1593 2891 1660 2931 ex
1688 2874 2046 2944 consequenti

463 2972 646 3028 omnia
672 2971 951 3033 eveniunt,
969 2982 1089 3034 cur,
1117 2981 1320 3038 quaeso,
1353 2963 1768 3022 scandalizarisi
1791 2963 2048 3032 Quisquis

460 3064 605 3121 enim
637 3060 956 3118 certaminis
985 3067 1226 3130 tempore
1253 3057 1424 3114 otium
1455 3057 1803 3128 quietemque
1828 3056 2042 3125 quaerit,

464 3171 661 3212 corona
681 3153 990 3220 fraudatur,
1012 3151 1549 3223 opportunitatesque
1579 3150 1797 3204 amittit.

625 3258 924 3319 cccxvu.
956 3288 1026 3300 -
1051 3257 1348 3316 ueneno
1383 3254 1864 3331 annumnec.

2209 2226 2350 2279 Αὐτὸ
2387 2226 2568 2289 τοῦτο,
2619 2225 2647 2278 ὃ
2673 2224 2779 2296 φὴς
2809 2223 2983 2278 αἴτιον
3015 2218 3154 2278 εἶναι
3185 2225 3490 2296 ζητήσεως,
3517 2223 3706 2288 λύσεώς

2139 2318 2256 2370 ὲστι
2278 2316 2411 2388 παρ’
2451 2317 2576 2386 ἐμοὶ
2609 2318 2770 2387 κριτῇ
2821 2315 3016 2371 αίτιον.
3047 2315 3113 2368 Et
3151 2314 3259 2386 γάρ
3314 2315 3707 2385 ἀποταξάμενος

2137 2409 2216 2479 τῷ
2249 2410 2459 2480 κόσμῳ,
2509 2408 2685 2478 θλίψει
2739 2409 3083 2479 περιεπάρης
3115 2408 3210 2463 καὶ
3256 2410 3606 2479 πειρασμοῖς,
3642 2409 3711 2478 μὴ

2138 2501 2428 2572 θαυμάσῃς
2451 2518 2464 2532 ’
2495 2503 2523 2554 ὁ
2549 2500 2659 2571 γὰρ
2692 2499 2929 2572 Χριστὸς
2959 2495 3134 2566 εἷπεν,
3172 2519 3191 2552 ι
3238 2501 3439 2570 anew
3478 2499 3622 2568 ἕξετε
3658 2501 3711 2551 ἐν

2141 2591 2220 2662 τῷ
2241 2591 2433 2661 κόσμῳ
2459 2589 2656 2660 τούτῳ.
2691 2609 2709 2642 ι
2758 2589 2884 2654 Πῶς
2932 2589 3112 2644 τοίνυν
3161 2590 3350 2662 ζητεῖς
3383 2591 3581 2655 ἄνεσιν,
3629 2588 3714 2642 τοῦ

2139 2682 2480 2752 ἀγωνοθέτου
2554 2681 2713 2735 τοῦτο
2764 2681 3048 2748 είπόντος;
3104 2682 3238 2734 Τότε
3294 2681 3410 2754 γὰρ
3463 2681 3604 2745 εἰκὸς
3653 2676 3715 2750 ἦν

2145 2769 2621 2837 σκανδαλίζεσθαι,
2657 2770 2988 2825 είτὰναντία
3011 2764 3086 2824 ὧν
3115 2767 3271 2825 εἶπεν
3317 2771 3542 2838 ἐγίνετο.
3581 2769 3714 2824 Είδὲ

2140 2865 2286 2920 κατά
2333 2861 2656 2917 ἀκολουθίαν
2723 2862 2900 2916 πάντα
2958 2861 3271 2933 προϐαίνει,
3342 2861 3486 2924 τίνος
3543 2860 3718 2912 ἕνεκεν

2144 2958 2508 3032 σκανδαλίζῃς
2551 2958 2610 3012 '0
2644 2956 2754 3028 γὰρ
2785 2958 2842 3011 ἐν
2868 2957 2946 3029 τῷ
2981 2955 3160 3029 καιρῷ
3187 2956 3299 3011 τῶν
3337 2956 3719 3028 παλαισμάτων

2105 3119 2129 3132 ι
2147 3051 2332 3106 ἄνεσιν
2361 3051 2661 3122 ἐπιζητῶν,
2691 3051 2785 3105 καὶ
2833 3052 3218 3121 ἀστεφάνωτος
3260 3052 3439 3122 μένει,
3477 3051 3568 3106 καὶ
3597 3063 3718 3118 συγ-

2075 3149 2121 3210 C
2152 3145 2268 3218 χέει
2297 3147 2423 3209 τοὺς
2456 3146 2701 3214 καιρούς.

2415 3257 2560 3310 Τ1Ζ’.
2601 3286 2671 3298 -
2703 3258 2944 3329 ΩΦΕΛΙῼ
2977 3257 3466 3328 ΓΡΑΜΜΛΤΙΚῼ.

1057 3350 1348 3408 Puerorum
1380 3351 1448 3401 ad
1477 3350 1720 3404 virtutem
1751 3349 2218 3418 uerecundiamque
2245 3347 2579 3416 informatio.
2615 3348 2846 3418 (Confer.
2879 3351 3032 3418 epist.
3064 3350 3142 3420 9.)

537 3464 770 3520 Assidue
791 3501 807 3529 ,
836 3462 921 3516 vir
945 3460 1317 3522 disertissime,
1352 3473 1550 3528 pueros
1577 3458 1668 3528 qui
1702 3466 1752 3512 te
1791 3455 2046 3528 frequen-

466 3567 585 3617 tant
617 3558 684 3613 de
707 3556 912 3612 virtuts
940 3569 1004 3610 ac
1022 3553 1357 3609 verecundia
1387 3566 1482 3608 seu
1528 3551 1795 3607 modestia
1842 3549 2070 3618 ample-'

464 3651 663 3706 ctenda
710 3649 958 3712 hortare,
987 3655 1044 3703 et
1095 3645 1209 3701 hac
1253 3643 1322 3700 de
1372 3644 1578 3714 scripto
1623 3643 1708 3698 his
1752 3641 1866 3698 fere
1916 3655 2050 3696 usus

466 3742 670 3806 verbis,
695 3740 818 3808 lege
851 3755 866 3794 :
901 3737 1316 3803 Adolescentes,
1345 3750 1451 3791 non
1485 3736 1555 3790 sit
1585 3734 1737 3790 vobis
1761 3749 1928 3804 grave
1968 3733 2051 3788 di-

471 3831 630 3888 cendi
679 3831 783 3885 arti
818 3827 1154 3894 incumbere,
1200 3827 1332 3895 quin
1367 3825 1544 3895 potius
1581 3832 1904 3879 ornamento
1937 3822 2053 3878 fore

473 3923 657 3979 ducite
696 3922 942 3977 moribus
973 3934 1136 3990 quam
1181 3919 1401 3988 optimis
1427 3918 1618 3974 imbui.
1647 3917 1876 3971 Animus
1904 3915 2052 3970 enim

475 4033 504 4070 a
531 4015 677 4070 vitiis
711 4027 879 4084 purus
904 4012 1175 4068 sinceram
1206 4019 1362 4082 parat
1401 4011 1710 4066 scientiam.
1760 4009 1827 4062 Et
1852 4007 2050 4078 quibus

472 4105 803 4163 verecundia
826 4103 1000 4172 adest,
1021 4103 1075 4157 in
1091 4101 1512 4158 hisverecundia
1535 4100 1793 4154 virtutum
1813 4099 2051 4154 maxima

475 4197 748 4254 elucescit.
785 4194 1063 4266 Siquidem
1094 4203 1148 4250 et
1180 4192 1535 4265 temperantia
1564 4191 1712 4248 vitiis
1735 4198 1905 4256 caret,
1933 4205 2053 4262 qua:

477 4289 645 4347 etiam
686 4287 808 4344 illos
839 4287 932 4358 qui
969 4287 1140 4358 ipsam
1181 4286 1580 4356 amplectuntur
1617 4286 1868 4342 castitate
1893 4300 2054 4340 exor-

478 4392 619 4438 nat:
654 4395 773 4451 qute
815 4378 1043 4448 reliquis
1101 4376 1377 4433 antecellit
1417 4376 1707 4432 virtutibus
1757 4376 2056 4445 pulchritu-

2220 3458 2500 3529 Συνεχῶς,
2534 3452 2581 3512 ὧ
2614 3458 3014 3530 ὲλλογιμῶτατε
3035 3501 3048 3525 ,
3078 3462 3189 3523 τοῖς
3221 3461 3454 3528 φοιτῶσι
3489 3459 3636 3513 παισὶ
3663 3457 3724 3509 τὰ

2149 3551 2278 3622 περὶ
2318 3551 2519 3622 ἀρετῆς
2555 3552 2649 3605 καὶ
2691 3552 3044 3623 σωφροσύνης
3081 3553 3383 3623 παραίνει,
3413 3554 3507 3607 καὶ
3544 3549 3722 3620 ἀναγί-

2149 3658 2323 3696 νωσκε
2369 3642 2779 3714 συγγράμματα
2814 3642 2988 3710 λέγων
3015 3659 3027 3673 ·
3055 3638 3125 3696 Ὦ
3167 3644 3392 3709 παῖδες,
3439 3644 3576 3698 ἔστω
3609 3642 3729 3712 ὑμῖν

2154 3734 2230 3806 μὴ
2269 3735 2429 3798 πόνος
2475 3733 2635 3802 μόνος
2679 3737 2706 3787 ὁ
2746 3736 2874 3807 περὶ
2904 3735 3130 3804 λόγους,
3171 3736 3312 3790 ἀλλά
3357 3737 3451 3792 καὶ
3487 3736 3726 3806 κύσμοςό

2155 3827 2283 3897 περὶ
2310 3824 2544 3896 τρόπους
2577 3825 2640 3878 τὸ
2676 3827 3014 3895 σπούδασμα.
3055 3828 3215 3900 Ψυχὴ
3245 3829 3360 3900 γὰρ
3391 3829 3606 3901 καθαρά
3637 3845 3728 3881 κα-

2153 3917 2280 3980 κίας
2319 3916 2570 3970 παιδείαν
2600 3915 2867 3988 εἰλικρινῆ
2901 3919 3220 3990 προσίεται,
3255 3922 3356 3974 καὶ
3391 3921 3523 3992 παρ’
3565 3915 3644 3982 οἷς
3670 3920 3729 3971 ἂν

2155 4010 2190 4078 ἡ
2233 4008 2556 4080 σωφροσύνη
2593 4009 2786 4082 λάμπῃ
2814 4010 2875 4064 τὸ
2908 4011 3017 4064 τῶν
3054 4011 3265 4081 ἀρετῶν
3299 4011 3650 4084 τιμιώτατον.
3674 4009 3729 4061 Ei

2155 4104 2262 4174 γὰρ
2283 4103 2378 4156 καὶ
2407 4103 2728 4173 σωφροσύνη
2773 4104 2882 4156 πᾶν
2911 4101 2973 4155 τὸ
3008 4104 3401 4175 ἀναμάρτητον
3421 4147 3436 4172 ,
3477 4102 3612 4158 ἀλλὰ
3654 4101 3730 4153 νέ-

2161 4211 2352 4265 μουσιν
2400 4195 2572 4266 αὐτῆς
2613 4194 2711 4266 τὴν
2757 4196 3128 4266 προσηγορίαν
3171 4191 3230 4250 εὖ
3267 4195 3554 4260 ποιοῦντές
3599 4207 3730 4254 τινες

2155 4287 2235 4356 τῷ
2275 4287 2375 4358 τῆς
2421 4287 2643 4355 ἁγνείας
2687 4288 3010 4358 πράγματι,
3053 4290 3425 4359 κοσμιωτάτῳ
3468 4287 3610 4351 ὄντι,
3649 4288 3732 4336 καὶ

2159 4379 2480 4450 ἐξοχωτάτῳ
2507 4378 2614 4432 τῶν
2645 4377 2843 4434 ἀλλων.
2890 4378 3115 4442 Τούτοις
3159 4379 3252 4432 καὶ
3288 4382 3326 4450 ἠ
3371 4379 3538 4450 σοφία
3573 4391 3733 4430 συνοι-

478 4475 625 4530 dine.
658 4471 792 4528 Cum
825 4472 912 4527 his
944 4471 1210 4542 sapientia
1253 4469 1484 4527 habitat.
1515 4469 1626 4526 [Iac
1652 4469 1832 4539 itaque
1854 4469 1990 4524 duce
2013 4469 2045 4522 si

2165 4473 2323 4543 κήσει
2347 4487 2360 4500 ·
2394 4470 2460 4524 ἂν
2486 4470 2608 4542 γὰρ,
2631 4471 2860 4542 ἡγεμόνι
2890 4469 3127 4544 χρῆσθαι
3159 4469 3294 4541 πρὸς
3327 4471 3547 4526 ἅπαντα
3575 4466 3734 4536 ταύτῃ

481 4567 549 4621 ad
581 4566 765 4621 omnia
799 4565 875 4620 uti
906 4563 1205 4630 volueritis,
1239 4579 1334 4619 vos
1377 4563 1592 4633 quidem
1621 4562 1721 4618 viri
1746 4559 2053 4618 cmciemiui

481 4658 669 4728 optimi
701 4672 764 4712 ac
799 4655 1064 4712 fortunati
1093 4670 1108 4709 :
1141 4670 1240 4725 ego
1267 4669 1484 4725 quoque
1509 4670 1539 4708 a
1570 4663 1722 4710 recta
1757 4660 1937 4708 vestra
1967 4653 2058 4708 in-

481 4749 764 4814 stitutione
797 4764 904 4804 non
956 4750 1136 4805 minus
1179 4764 1343 4818 quam
1385 4750 1476 4819 qui
1533 4762 1628 4803 vos
1667 4757 1922 4816 parentes
1969 4760 2062 4816 ge-

484 4849 738 4904 nuerunt,
777 4839 886 4894 imo
911 4839 1171 4916 majorem
1207 4840 1373 4894 etiam
1409 4839 1632 4910 gloriam
1664 4853 1986 4909 consequar.

707 4946 1024 5004 CCCXVIII.
1059 4977 1130 4988 --
1165 4947 1441 5006 ISIDORO
1480 4946 1833 5003 EPISCOPO.

2159 4565 2226 4634 τῇ
2280 4563 2448 4634 ἀρετῇ
2502 4560 2805 4632 θελήσητε,
2849 4561 3008 4631 ὑμεῖς
3056 4561 3155 4631 μὲν
3197 4559 3500 4631 γενήσεσθε
3556 4557 3730 4627 ἄνδρες

2160 4655 2357 4725 ἀγαθοὶ
2403 4654 2498 4708 καὶ
2539 4654 2836 4725 μακάριοι,
2873 4651 2984 4721 ἐγὼ
3011 4654 3068 4707 δὲ
3098 4653 3183 4721 ἐφ’
3218 4653 3348 4723 ὑμῖν
3393 4653 3456 4706 οὐ
3496 4644 3734 4722 (seton?)

2160 4749 2318 4820 οἵπερ
2347 4746 2672 4817 ἐγέννησαν,
2706 4745 2914 4816 ἀμείνω
2933 4745 3090 4812 δόξαν
3119 4745 3512 4816 καρπώσομαι.

2471 4943 2624 4997 TIH’.
2672 4973 2733 4984 —
2765 4939 3028 5013 ΙΣΙΔΩΡῼ
3065 4943 3438 5014 ΕΠΙΣΚΟΠῼ.

1529 5040 1786 5097 Veritatis
1828 5040 2089 5106 laudatio,
2119 5038 2380 5095 mendacii
2417 5035 2708 5104 turpitudo.

556 5133 671 5188 Sibi
717 5142 902 5188 notam
947 5133 1277 5202 ignominiae,
1305 5149 1338 5190 ο
1373 5135 1614 5206 sapiens,
1653 5137 1898 5204 inurunt,
1947 5146 2001 5193 et
2031 5151 2064 5193 ιι

484 5239 634 5285 recta
676 5226 930 5282 excidere
960 5227 1172 5282 ratione
1203 5228 1474 5296 videntur,
1511 5229 1601 5298 qui
1645 5229 1908 5300 sapientis
1936 5243 2062 5286 esse

2259 5132 2536 5194 Ἐαυτοῖς,
2584 5121 2630 5182 ὦ
2676 5128 2840 5196 σοφὲ,
2880 5128 3097 5193 ἀδοξίαν
3143 5125 3608 5199 προστρίὸονται,
3656 5120 3743 5176 καὶ

2170 5224 2232 5278 τὸ
2273 5219 2625 5292 ὲξεστηκὲναι
2662 5218 2774 5270 τῶν
2810 5217 2986 5290 ὀρθῶν
3015 5217 3291 5288 λογισμῶν
3324 5216 3740 5283 ὑποφαίνουσιν,

485 5318 724 5375 hominis
762 5319 965 5374 ducunt
1013 5332 1316 5388 repugnare
1356 5320 1450 5385 iis,
1490 5335 1610 5389 quae
1647 5321 1786 5376 bene
1828 5336 2045 5390 vereque

2171 5318 2222 5371 οί
2273 5316 2365 5369 καὶ
2395 5313 2456 5366 τὸ
2501 5315 2613 5375 τοῖς
2641 5309 2818 5382 ὀρθῶς
2862 5310 3174 5382 λεγομένοις
3209 5307 3518 5378 ἀντιλέγειν
3565 5303 3743 5372 σοφίαν

485 5413 629 5466 dicta
677 5418 822 5466 sunt.
877 5409 1040 5480 Atqui
1100 5425 1312 5465 summa
1348 5411 1652 5480 sapientia,
1697 5413 1900 5469 veritas
1949 5421 2064 5481 est,

487 5502 810 5574 εἰει-ιριὶρίιοιο
831 5501 1180 5572 breviterque
1215 5501 1447 5570 prolata.
1480 5501 1819 5559 Mendacium
1845 5515 2060 5572 contra,

556 5619 602 5651 '°
627 5617 784 5675 Joan.
821 5633 934 5685 ινι,
965 5617 1058 5676 35.

2174 5406 2314 5464 εἶναι
2359 5407 2593 5476 οἰόμενοι
2615 5421 2628 5435 ο
2674 5403 2838 5472 σοφὸν
2875 5403 2984 5475 γάρ
3027 5401 3295 5474 τάληθὲς,
3344 5400 3582 5472 μάλιστα
3625 5396 3744 5448 ὅταν

2170 5501 2378 5558 ἁπλοῦν
2482 5499 2576 5552 καὶ
2606 5497 2901 5569 σύντομον·
2941 5497 3114 5552 δεινὸν
3139 5496 3235 5552 καὶ
3265 5493 3378 5570 (95)
3416 5494 3480 5550 τὸ
3521 5487 3708 5564 ψεῦδος
3725 5518 3745 5550 ν

1596 5701 1830 5757 VARIE
1870 5699 2252 5757 LECTIONES
2290 5699 2376 5755 ET
2416 5700 2644 5761 NOTAE.

570 5822 686 5895 (9'5)
714 5825 822 5879 l’ru
869 5827 1037 5880 δεινὸν
1083 5827 1174 5881 καὶ
1222 5827 1381 5880 iidem
1432 5827 1591 5878 codd.
1621 5859 1625 5863 -
1656 5822 1838 5890 Iugum
1890 5822 2045 5890 μωρὰ

2144 5821 2178 5875 ί.
2220 5820 2425 5874 Ρυεειιι.
