4070 6392
381 393 514 462 152i

379 517 488 572 κᾶν
512 514 777 590 δεινότητι
802 516 896 572 καὶ
920 513 1244 588 καλλιεπεία
1271 514 1400 588 δοκῇ
1433 513 1832 588 κεκοσμῆσθαι.

665 718 812 774 ΤΙΘν.
847 749 918 762 --
953 719 1162 775 ΗΡΩΝΙ
1199 715 1670 791 ΠΡΕΣΒΥΤΕΡῼ.

1247 394 1788 459 EPISTOLARUM
1824 396 1974 460 LIB.
2013 395 2080 462 ν.
2105 421 2178 436 ·-·
2207 399 2448 462 EPIST.
2497 401 2856 464 CCCXXIII.

3503 401 3641 468 1522

1989 533 2038 590 Α
2069 515 2272 571 malum
2305 516 2433 588 quid
2477 517 2795 584 admodum,
2839 515 2940 573 etsi
2966 511 3301 586 "gravissima
3347 505 3657 576 disertim".
3707 517 3713 525 ’

2066 621 2260 678 maque
2302 617 2546 664 comatur
2571 603 2840 676 oratione,
2870 604 3102 665 exsistit.
3363 679 3367 686 '

2263 715 2641 774 CCCXIX.~—
2669 716 2923 775 llERONl
2959 719 3438 780 PRESBYTERO.

1082 812 1334 882 Aspectus
1377 811 1656 866 mulierum
1708 809 2056 881 periculosus.
2095 807 2276 880 (ϐοαί.
2316 809 2473 878 epist.
2502 809 2594 876 65,
2638 809 2762 877 175,
2790 809 2943 884 291.)

459 919 622 975 Ἴσθω
669 936 764 973 σου
809 921 969 976 τοῦτο
999 923 1033 992 ἢ
1069 919 1366 993 φρόνησις,
1414 919 1464 974 εί
1505 918 1787 991 ἀγέρωχος
1827 917 1965 988 γυνὴ

383 1009 832 1082 καλλωπιζομένη
880 1011 1073 1084 καλοίη
1105 1011 1244 1083 πρὸς
1280 1009 1480 1080 ἑαυτὴν
1519 1011 1646 1074 τοὺς
1690 1008 1964 1080 ὁρῶντας,

382 1100 491 1155 κᾶν
537 1101 612 1171 μὴ
654 1100 750 1174 ἕλῃ
788 1101 890 1174 τὴν
921 1101 1032 1174 (94)
1080 1101 1442 1169 ἀπαντῶντα,
1484 1099 1641 1172 δίκην
1676 1099 1890 1154 δίδωσιν
1928 1101 1964 1171 ἡ

384 1191 602 1249 ἑλοῦσα.
637 1193 711 1247 Τὸ
745 1193 856 1264 γὰρ
899 1193 1127 1249 κώνειον
1158 1193 1530 1249 κατεσκεύασε
1549 1233 1566 1260 ,
1609 1193 1704 1248 καὶ
1735 1191 1830 1246 τὸν
1869 1209 1970 1246 κυ-

387 1283 566 1338 κεῶνα
593 1284 825 1357 ἐκέρασε
843 1325 860 1352 ,
890 1286 986 1340 καὶ
1019 1287 1122 1359 τὴν
1160 1285 1356 1341 κύλικα
1387 1286 1759 1358 προσήγαγεν,
1791 1285 1842 1339 εἰ
1870 1283 1967 1339 καὶ

387 1375 464 1444 μὴ
495 1373 692 1446 εὑρέθη
722 1375 752 1427 ὁ
789 1377 979 1432 πίνων.
1021 1378 1098 1431 Οὐ
1139 1376 1250 1449 γὰρ
1281 1376 1392 1432 ἀπὸ
1434 1374 1544 1431 τῶν
1593 1375 1968 1446 ἀποτελεσμά-

383 1481 492 1518 των
509 1503 523 1527 ,
557 1465 673 1520 ἀλλ’
713 1467 823 1522 ἀπὸ
849 1467 956 1523 τῶν
981 1467 1428 1540 ἐπιχειρημάτων
1457 1467 1526 1522 τὰ
1559 1465 1862 1538 πράγματα
1889 1465 1970 1531 ὡς

383 1552 456 1608 τά
480 1553 651 1610 πολλὰ
676 1557 942 1628 κρίνεται.
1005 1575 1021 1586 ⁸

699 1663 832 1718 TK'.
864 1694 939 1706 —-
981 1665 1284 1739 ΕΥΤΟΝΙῼ
1316 1665 1638 1737 ΔῙΑΚΟΝῼ.

2135 919 2252 976 Non
2294 921 2515 993 ignoras
2557 935 2664 992 qua
2713 936 2772 977 es
2802 924 3085 994 prudentia
3127 923 3414 994 praeditus,
3456 920 3648 978 forma

2063 1011 2471 1084 pulchritudine
2506 1018 2803 1066 tumentem
2829 1011 3108 1069 mulierem
3145 1013 3189 1068 si
3219 1020 3530 1082 spectantes
3568 1009 3640 1066 ad
3737 1041 3740 1044 ~

2065 1103 2380 1170 se.aliiciat,
2423 1102 2642 1158 tametsi
2679 1116 2790 1158 non
2822 1103 3000 1174 capiat
3025 1101 3240 1170 obvios,
3273 1099 3524 1168 daturam
3559 1099 3645 1154 ta-

2066 1209 2190 1250 men
2235 1207 2428 1264 pinnas
2467 1192 2640 1262 quasi.
2663 1192 2940 1264 cepisset:
2975 1207 3243 1250 venenum
3289 1193 3434 1249 enim
3463 1189 3649 1262 propi-

2065 1281 2238 1348 navit,
2295 1280 2624 1350 miscuitque
2675 1279 2956 1350 poculum,
3007 1277 3342 1348 calicemque
3399 1273 3646 1347 protulit,

2073 1373 2177 1430 etsi
2225 1388 2332 1429 non
2388 1371 2590 1444 reperit
2635 1371 2728 1442 qui
2783 1369 3016 1427 biberet.
3075 1369 3194 1425 Non
3240 1368 3384 1424 enim
3427 1363 3650 1434 impleta

2075 1465 2260 1530 modo,
2303 1463 2399 1521 sed
2439 1471 2495 1520 et
2523 1470 2732 1520 tentata
2769 1460 2980 1533 ﬂagitia
3024 1468 3085 1517 ut
3123 1458 3416 1532 plurimum
3443 1453 3650 1528 judicio

2075 1553 2472 1626 expenduntur.

2331 1661 2584 1722 CCCXL
2613 1691 2688 1705 —
2713 1657 3019 1719 EUTONIO
3067 1654 3392 1716 DlACONO.

602 1751 680 1809 De
702 1752 940 1822 Zosinw,
979 1759 1284 1826 ceterisque
1305 1759 1395 1830 qui
1423 1757 1518 1814 Dei
1549 1757 1951 1830 longanimitate
1987 1757 2366 1816 obnubantur.
2399 1756 2577 1828 Supra
2601 1770 2738 1828 sape
2766 1755 2831 1810 de
2862 1753 3058 1833 eisdem
3081 1751 3153 1807 ad
3175 1749 3438 1806 eumdem.

455 1855 590 1917 οἴδα
631 1863 714 1918 ὅτι
752 1865 1084 1936 κρειττόνων
1125 1867 1160 1940 ἥ
1190 1867 1313 1924 καθ’
1344 1869 1573 1933 ἑαυτοὺς
1609 1870 1974 1942 τετυχήκασιν

2148 1869 2274 1926 Seio
2292 1867 2581 1941 dignitates
2591 1881 2752 1938 supra
2769 1864 3021 1921 meritum
3033 1867 3355 1919 consecutos
3368 1863 3654 1930 propterea

386 1951 714 2026 ἀξιωμάτων
733 1971 749 1990 ο
801 1956 891 2010 διά
927 1955 1086 2012 τοῦτο
1117 1957 1459 2031 πλημμελεῖν
1487 1959 1659 2023 ἀδεῶς
1700 1959 1932 2032 οἰόμενοι
1951 1999 1968 2026 ,

383 2042 541 2098 οὐδὲν
569 2043 757 2117 ἓτερον
775 2089 789 2112 ,
825 2046 859 2118 ἢ
891 2046 990 2120 τὴν
1020 2047 1172 2104 θείαν
1203 2049 1614 2122 φιλανθρωπίαν
1637 2050 1735 2120 τὴν
1770 2051 1972 2116 παντὸς

385 2134 615 2212 ἐπαίνου
643 2138 962 2210 κρείττονα,
1001 2139 1258 2195 ὑπόθεσιν
1304 2141 1409 2194 τῶν
1441 2141 1659 2196 οἰκείων
1691 2143 1972 2212 πταισμά-

389 2241 500 2278 των
520 2224 814 2298 ὁρίζονται,
847 2227 985 2301 ὅπερ
1003 2229 1126 2284 οὐδὲ
1156 2232 1330 2286 εἰπεῖν
1363 2232 1542 2303 θέμις.
1589 2231 1728 2286 Ἀλλ’
1755 2233 1818 2286 οὐ
1845 2233 1972 2296 τοὺς

391 2313 790 2386 εὖφρονοῦντας
816 2314 958 2371 οὕτω
989 2317 1291 2374 διακεῖσθαι
1322 2321 1448 2394 χρὴ,
1473 2321 1593 2375 οὐδὲ
1622 2323 1703 2386 είς
1729 2321 1830 2393 τὴν
1866 2321 1970 2374 αὐ-

389 2405 491 2474 τὴν
542 2406 772 2472 ἐκείνοις
819 2408 1066 2466 ἐλαύνειν
1117 2411 1314 2484 μανίαν
1335 2453 1352 2478 ,
1390 2413 1527 2467 άλλὰ
1564 2414 1685 2468 τότε
1735 2412 1972 2483 μάλιστα

394 2497 718 2562 σπουδάζειν
733 2501 800 2572 τῇ
814 2505 946 2573 τιμῇ
973 2501 1338 2574 συμϐαίνοντα
1359 2503 1698 2575 παρέχεσθαι
1716 2503 1810 2559 τὸν
1833 2503 1969 2575 βίον,

392 2585 491 2640 καὶ
523 2587 598 2652 ὡς
622 2589 897 2660 ἐνδέχεται
926 2591 1341 2664 λαμπρύνεσθαι
1371 2597 1485 2660 τοῖς
1508 2593 1724 2665 ἔργοιςο
1759 2595 1847 2650 ῐνα
1877 2593 1973 2650 καὶ

391 2675 641 2745 γλῶτταν
671 2679 921 2753 εὔφημον
942 2725 958 2748 ,
1000 2685 1094 2738 καὶ
1131 2685 1372 2740 διάνοιαν
1400 2685 1721 2758 εὐγνώμονα
1759 2685 1974 2757 ἔχοντες

393 2767 520 2832 τοὺς
559 2769 700 2824 κατὰ
728 2770 828 2842 τῆς
879 2771 1034 2837 θείας
1081 2775 1466 2848 μακροθυμίας
1515 2775 1836 2842 ὁπλίζοντας
1875 2773 1976 2838 τὰς

391 2855 640 2926 γλώττας
667 2861 1130 2936 ὲπιστομίζωμεν.

661 2965 841 3024 TKA'.
873 3000 945 3012 —-
975 2971 1209 3028 lEPAKl
1243 2972 1712 3046 ΠΡΕΣΒΥΤΕΡῼ.

2076 1961 2396 2032 delinquere
2446 1957 2722 2026 audacter,
2773 1955 2917 2026 quod
2959 1953 3277 2010 existiment
3324 1948 3461 2005 nihil
3505 1946 3654 2004 aliud

2077 2068 2239 2124 quam
2295 2051 2531 2108 divinam
2588 2047 3021 2120 benignitatem,
3079 2057 3202 2116 qua
3249 2040 3460 2098 laudari
3519 2037 3653 2096 satis

2076 2157 2182 2198 non
2228 2141 2416 2212 possit,
2445 2139 2614 2212 656
2639 2143 3018 2210 argumentum
3067 2147 3292 2191 suorum
3342 2144 3468 2198 esse
3516 2127 3653 2184 deli-

2075 2241 2310 2296 ctorum,
2341 2229 2487 2301 quod
2517 2229 2671 2284 nefas
2715 2233 2800 2284 est
2842 2225 3047 2282 dicere.
3079 2223 3152 2279 At
3205 2235 3311 2278 non
3344 2220 3420 2276 ita
3448 2217 3653 2276 sentire

2075 2323 2230 2377 decet
2255 2319 2551 2389 sapientes,
2582 2331 2682 2374 nec
2715 2317 2772 2372 in
2793 2315 3042 2372 eamdem
3067 2328 3128 2370 se
3150 2311 3440 2368 immittere
3461 2321 3650 2365 amen-

2073 2414 2234 2480 tiam,
2279 2411 2374 2468 sed
2425 2421 2537 2466 tum
2579 2411 2815 2466 maxime
2857 2407 2992 2464 dare
3031 2419 3280 2476 operam,
3321 2411 3384 2458 ut
3427 2401 3654 2457 honeste

2076 2505 2188 2560 vita
2219 2503 2572 2574 transigatur,
2606 2509 2774 2571 utque
2812 2504 2960 2556 recte
3003 2497 3158 2554 factis
3195 2510 3316 2552 eam
3358 2493 3652 2560 illustrent,

2075 2601 2138 2649 ut
2165 2602 2223 2648 et
2248 2591 2487 2660 linguam
2515 2589 2747 2659 benigne
2773 2587 3106 2657 loquentem,
3141 2592 3484 2663 mentemque
3506 2586 3656 2636 recte

2075 2683 2399 2740 sentientem
2441 2679 2726 2744 habentes,
2761 2693 2949 2734 eorum
2994 2691 3089 2733 ora
3137 2676 3410 2746 obturem,
3451 2671 3547 2744 qui
3597 2669 3654 2725 in

2078 2773 2174 2830 Dei
2203 2771 2666 2844 longanimitatem
2694 2769 2912 2840 linguas
2941 2774 3222 2824 acuerunt.

2254 2969 2532 3029 CCCXXI.
2567 2999 2640 3012 —
2678 2965 2961 3025 HIERACI
2997 2961 3475 3024 PBESBYTEBO.

1095 3065 1375 3122 Sacerdoti
1400 3067 1618 3122 vitanda
1641 3065 1924 3134 scandala,
1953 3074 2012 3122 ut
2043 3072 2093 3122 et
2126 3064 2276 3137 epist.
2299 3080 2410 3136 seq.
2439 3063 2626 3134 lib..tt,
2655 3063 2814 3135 epist.
2850 3061 2968 3118 l2l.

468 3171 586 3227 Ούκ
617 3171 760 3248 ἴσην,
793 3167 840 3230 ὧ
873 3177 1135 3251 μακάριε,
1183 3177 1292 3252 πρὸ
1319 3178 1414 3235 τοῦ
1461 3180 1762 3261 ἱερωσύνης
1807 3179 2000 3254 ἡξιῶο¹

2144 3175 2264 3235 Non
2293 3193 2504 3250 parem,
2547 3193 2582 3234 ο
2610 3179 2770 3247 bone,
2803 3186 2927 3234 ante
2954 3183 3008 3232 et
3031 3181 3155 3246 post
3185 3173 3437 3245 adeptum
3467 3185 3656 3261 sacer-

397 3261 558 3328 σθαι,
591 3264 686 3318 καὶ
718 3264 858 3336 μετὰ
888 3267 949 3322 τὸ
979 3268 1314 3342 ἀξιωθῆναι,
1351 3271 1401 3325 εί
1431 3272 1750 3344 πταίσωμεν
1769 3313 1785 3342 ,
1816 3273 1973 3345 δίκην

394 3352 674 3425 δώσομεν,
713 3355 850 3412 ἀλλὰ
877 3358 1058 3431 πολλῷ
1091 3361 1445 3434 πικροτέραν,
1478 3363 1542 3417 Ol
1574 3362 1685 3436 γὰρ
1730 3363 1866 3436 μηδὲ
1893 3361 1973 3436 τῷ

395 3444 500 3516 τῆς
538 3447 704 3519 τιμῆς
748 3449 1003 3523 τοιαύτης
1048 3451 1313 3522 ἠξιῶσθαι
1357 3452 1758 3524 βελτιωθέντες,
1802 3455 1974 3528 ἀργα-

391 3535 662 3609 λεώτερον
707 3539 906 3595 δίκαιοι
948 3539 1014 3596 ἂν
1043 3537 1154 3596 εῐεν
1195 3541 1542 3609 κολάζεσθαι.
1586 3545 1840 3616 Γίγνεται
1865 3544 1975 3621 γὰρ

393 3628 626 3776 ἒίιὲζιως
675 3631 736 3686 τὸ
781 3633 880 3706 τῆς
914 3633 1082 3706 τιμῆς
1133 3633 1363 3707 μέγεθος
1411 3635 1658 3709 μείζονος
1705 3637 1978 3710 τιμωρίας

432 3737 469 3776 φ
533 3738 632 3776 ιον.

398 3720 632 3792 ἑφόδιον.

865 3816 1039 3874 TKB’.
1074 3847 1144 3900 τ
1169 3820 1260 3892 Tn
1291 3819 1498 3893 arm.

2080 3269 2286 3328 (lotium
2319 3269 2370 3328 si
2395 3268 2788 3342 delinquemus,
2833 3281 3047 3340 pinnam
3085 3265 3317 3332 luemus,
3345 3262 3440 3321 sed
3487 3260 3658 3319 multo

2081 3362 2438 3419 acerbiorem.
2467 3361 2604 3418 Nam
2621 3347 2713 3432 qui
2745 3375 2816 3417 ne
2843 3361 2950 3417 ista
2979 3359 3196 3432 quidem
3231 3355 3456 3413 honoris
3484 3353 3664 3426 digni-

2082 3461 2194 3509 tate
2227 3453 2424 3509 redditi
2465 3461 2594 3508 sunt
2638 3451 2914 3522 meliores,
2948 3465 3160 3523 aequum
3202 3457 3288 3504 est
3315 3461 3411 3504 eos
3439 3445 3658 3518 gravius

2080 3531 2437 3616 punirifEst
2480 3546 2626 3602 enim
2672 3545 2868 3602 merito
2915 3544 3031 3618 ipsa
3081 3540 3306 3600 honoris
3345 3539 3663 3614 magnitudo

2082 3636 2334 3710 supplicii
2364 3637 2587 3712 majoris
2617 3637 2854 3696 occasio.

2539 3824 2840 3884 CCCXXll.
2875 3852 2948 3866 —
2973 3821 3202 3881 EIDEM.

1293 3909 1646 3966 Sacerdotuut
1671 3911 1917 3982 graviora
1949 3929 2063 3972 esse
2088 3933 2247 3990 quam
2271 3916 2530 3974 [uicorum
2552 3915 2768 3974 delicta.

469 4013 682 4090 Ὠσπερ
723 4016 783 4072 ὲν
819 4017 931 4090 νηῒ,
969 4019 1099 4076 ὅταν
1135 4020 1238 4092 μὲν
1280 4021 1484 4094 ναύτης
1525 4021 1791 4094 σφαλείη,
1841 4023 1977 4096 βρας

396 4111 554 4182 χεῖαν
582 4113 680 4184 τὴν
715 4111 922 4186 βλάϐην
949 4117 1060 4180 τοῖς
1097 4113 1434 4186 σύμπλέουσι
1473 4115 1629 4188 φέρει
1650 4155 1668 4184 ,
1700 4117 1828 4172 ὅταν
1858 4117 1918 4172 δὲ
1949 4121 1979 4173 ὁ

399 4201 776 4276 κυϐερνήτης,
815 4204 994 4260 κοινὸν
1031 4199 1254 4278 ὄλεθρον
1283 4206 1712 4279 παρασκευάζει,
1742 4207 1884 4263 οὕτω
1909 4209 1980 4266 τὰ

402 4295 504 4365 μὲν
531 4294 641 4349 τῶν
677 4295 932 4368 ὑπηκόων
961 4297 1305 4368 πταίσματα,
1327 4297 1429 4352 οὐκ
1453 4299 1534 4362 είς
1561 4297 1633 4362 τὸ,
1647 4297 1826 4354 κοινὸν
1849 4317 1978 4354 τοσ-

397 4387 558 4442 οὖτον
580 4427 594 4454 ,
620 4388 744 4442 ὅσον
783 4389 864 4452 είς
891 4389 1089 4454 αὐτοὺς
1121 4390 1276 4462 φέρει
1297 4389 1396 4462 τὴν
1419 4389 1624 4462 βλάϐην
1647 4406 1661 4422 ·
1686 4389 1754 4446 τά
1782 4390 1840 4446 δὲ
1867 4391 1976 4447 τῶν

398 4479 720 4554 ἱερωμένων
750 4481 832 4546 si;
860 4481 1070 4546 πάντας
1101 4482 1430 4551 ἀφικνεῖται.

859 4589 1033 4644 TKI".
1074 4620 1144 4632 —
1184 4589 1274 4662 Tn
1316 4589 1521 4662 ΑΥΤῼ.

2162 4028 2233 4086 Ut
2300 4030 2354 4086 in
2395 4030 2616 4101 navigio
2645 4029 2690 4084 si
2719 4027 2841 4098 quis
2871 4035 3034 4082 nauta
3065 4023 3362 4094 delinquat,
3393 4020 3570 4078 minus
3601 4019 3657 4075 id

2085 4123 2465 4194 navigantibus
2493 4120 2652 4177 allert
2683 4120 3114 4183 incommodum;
3155 4115 3202 4174 si
3236 4127 3366 4170 vero
3388 4112 3660 4184 guberna-

2086 4222 2192 4280 tor,
2233 4227 2573 4268 communem
2625 4217 2877 4282 procurat
2926 4208 3242 4273 interitum;
3291 4204 3358 4259 ad
3409 4201 3658 4258 eumdem

2085 4299 2311 4359 moduni
2348 4303 2684 4360 subditorum
2719 4309 2939 4373 peccata
2980 4315 3088 4356 non
3138 4307 3248 4353 tam
3302 4295 3445 4360 aliis,
3493 4306 3655 4364 quam

2085 4405 2186 4448 suo
2223 4392 2324 4462 ipsi
2353 4393 2513 4462 capiti
2547 4392 2744 4448 malum
2769 4398 3076 4447 arcessunt.
3101 4388 3171 4444 At
3203 4383 3545 4443 sacerdotum
3571 4381 3656 4436 vi-

2010 4515 2056 4571 ι)
2087 4485 2160 4540 tia
2188 4483 2242 4540 in
2267 4499 2459 4541 omnes
2482 4483 2731 4548 exemplo
2763 4483 3090 4538 redundant.

2527 4592 2848 4650 cccxxx".
2879 4621 2950 4632 —
2979 4553 3224 4646 ElDEM.

1077 4681 1423 4738 Sacerdotum
1451 4693 1528 4740 est
1555 4683 1889 4742 subditorum
1916 4697 2176 4762 satagere.
2201 4687 2475 4760 Hajorum
2496 4690 2686 4746 delicta
2714 4689 2979 4761 graviora.

469 4789 535 4848 El
589 4793 776 4865 μόλις,
831 4787 880 4848 ὧ
934 4793 1142 4863 ἀγαθὲ,
1192 4792 1588 4862 κατορθοῦντες
1633 4795 1684 4848 οἱ
1721 4795 1820 4868 τὴν
1875 4797 1976 4870 τῆς

397 4884 702 4957 ἱερωσύνης
751 4885 1076 4956 ἐστεμμένοι
1107 4883 1452 4957 λειτουργίαν
1499 4883 1780 4958 ὠφελῆσαι
1817 4886 1979 4960 δυνη-

399 4977 545 5031 θεῖεν
586 4978 667 5048 (οί
698 4977 809 5047 γὰρ
840 4979 1132 5050 ἀρχόμενοι
1173 4975 1244 5032 τὰ
1289 4975 1390 5049 μὲν
1427 4976 1832 5050 κατορθώματα
1875 4977 1979 5036 κᾶν

401 5068 617 5137 μεγάλα
651 5065 708 5142 ᾖ,
738 5067 999 5139 βραδέως,
1039 5067 1110 5122 τὰ
1135 5067 1192 5121 δὲ
1221 5065 1542 5137 πταίσματα
1579 5067 1683 5122 κᾶν
1717 5068 1892 5140 μικρὰ
1918 5065 1977 5144 ᾖ,

399 5161 567 5228 ὀξέως
616 5158 880 5232 ὁρῶσιν),
925 5161 975 5214 oi
1022 5159 1284 5232 ῥᾳθύμως
1310 5157 1532 5226 ζῶντες,
1575 5158 1670 5214 καὶ
1709 5161 1980 5232 μηδεμίαν

395 5251 510 5306 τῶν
529 5251 786 5322 ὑπηκόων
813 5250 1124 5322 ποιούμενοι
1151 5251 1428 5324 πρόνοιαν,
1465 5249 1624 5304 ποίαν
1656 5251 1760 5305 οὐκ
1790 5253 1981 5310 ἐνστά-

399 5343 553 5407 ζουσι
579 5342 692 5416 (95)
735 5342 934 5398 κακίαν
975 5346 1088 5407 τοῖς
1129 5341 1320 5413 ὥσπερ
1350 5340 1648 5410 ἀπολογίαν
1687 5341 1835 5414 ἔχειν
1869 5346 1978 5400 olo-

402 5433 588 5504 μένοις
627 5432 736 5488 τῶν
769 5432 987 5488 οἰκείων
1031 5435 1388 5505 πταισμάτων
1434 5431 1502 5487 τὰ
1529 5429 1642 5484 τῶν
1688 5434 1974 5507 ἡγεμόνων

2155 4797 2213 4855 Si
2248 4798 2333 4856 vix
2365 4799 2599 4863 tandem,
2627 4797 2767 4854 boue
2789 4797 2892 4861 vir,
2919 4803 3064 4849 recte
3101 4789 3229 4862 quid
3261 4803 3329 4846 ac
3353 4803 3474 4844 cum
3503 4785 3659 4843 laude

2085 4899 2309 4963 agentes
2344 4888 2438 4960 qui
2477 4888 2652 4944 sacris
2699 4894 2827 4943 sunt
2874 4882 3069 4940 initiati
3134 4879 3394 4952 prodesse
3451 4884 3658 4949 queant

2084 4980 2308 5054 (subditi
2351 4980 2495 5037 enim
2540 4987 2689 5036 recte
2715 4977 2930 5050 quidem
2965 4981 3154 5048 gesta,
3172 4973 3421 5044 quamvis
3465 4983 3658 5040 magna

2079 5072 2212 5139 sint,
2260 5085 2368 5127 non
2413 5081 2525 5127 tam
2570 5071 2714 5138 cito;
2750 5075 2970 5140 peccata
3007 5081 3138 5122 vero
3183 5063 3399 5122 tametsi
3432 5060 3658 5118 minima

2077 5162 2346 5219 citissime
2388 5159 2876 5231 animadvertunt),
2903 5157 3240 5230 negligentes
3285 5155 3553 5218 viventes,
3602 5157 3660 5204 et

2077 5253 2280 5309 nullam
2309 5254 2648 5309 subditorum
2685 5265 2871 5308 curam
2900 5249 3182 5320 gerentes,
3211 5260 3374 5320 quam
3413 5257 3521 5298 non
3555 5240 3656 5296 in-

2075 5345 2280 5402 stillant
2309 5345 2708 5416 improbitatem
2739 5345 2805 5401 iis
2828 5345 2920 5415 qui
2951 5342 3296 5414 propriorum
3327 5334 3650 5392 delictorum

2083 5438 2228 5492 velut
2262 5437 2630 5494 defensionem
2676 5435 2874 5493 habere
2915 5449 2976 5493 se
3000 5437 3195 5506 putant
3226 5437 3446 5501 peccata
3489 5434 3658 5494 suP°"

1499 5549 1732 5652 vanis;
1769 5590 2156 5650 LECTIONES
2197 5593 2285 5648 ET
2329 5593 2564 5652 norm.

477 5737 595 5882 (943
620 5739 782 5795 [idem
812 5739 910 5813 τὴν
939 5743 992 5798 in
1021 5745 1112 5799 τὸν
1139 5757 1366 5805 mutant.
1399 5747 1612 5804 Possm.

477 5807 573 5878 (95
623 5809 730 5868 Pro
771 5811 1090 5878 ἑνστάζουσι
1129 5817 1286 5875 ambo
1333 5820 1488 5874 codd.
1541 5821 1604 5873 hu

475 5807 595 5882 (95)
623 5809 730 5868 Pro
771 5807 1090 5878 ἐνστάζουσι
1129 5817 1286 5875 ambo
1333 5820 1488 5874 codd.
1541 5821 1738 5874 habent
1785 5817 2119 5886 ἐνστάξουσι.
2159 5817 2234 5873 lo.
