4070 6366
301 365 436 432 1529

1157 361 1694 426 EPISTOLARUM
1729 358 1878 420 LIB.
1916 357 2073 420 ν.-
2104 355 2341 416 EPIST.
2400 355 2796 419 CCCXXXVI.

3427 347 3566 414 1530

303 484 530 556 μηδενὸς
575 481 676 554 μὲν
711 481 1021 556 δεομένους,
1065 481 1153 538 διὰ
1195 482 1254 537 δὲ
1305 477 1747 553 φιλοχρηματίαν
1791 475 1879 530 ἀεὶ
1906 479 1950 537 Α

2001 473 2199 546 |uidem
2243 470 2475 542 indigos.
2509 469 2688 536 Quare
2713 469 2948 525 habendi
2975 469 3278 541 cupiditate
3312 470 3567 540 accipere

305 576 402 646 μὲν
429 575 726 646 λαμϐάνειν
759 573 1160 640 σπουδάζοντας
1180 615 1196 642 ,
1243 571 1507 646 παρέχειν
1550 570 1610 626 δὲ
1654 570 1716 624 οὐ
1749 568 1878 640 βου-

302 665 578 736 λομένους.
621 664 762 728 Τοὺς
793 665 893 736 μὲν
935 664 1046 736 γὰρ
1079 665 1136 719 ἐν
1162 663 1323 736 χρείᾳ
1349 663 1716 734 τυγχάνοντας
1735 703 1752 726 ,
1780 660 1880 714 οὐκ

252 803 262 819 ,
303 758 502 814 ἄτοπον
545 757 706 828 χάριν
739 757 933 822 αίτεῖν,
965 755 1094 820 τούς
1131 773 1194 811 τε
1240 753 1504 828 παρέχειν
1547 751 1882 824 δυναμένους

305 849 496 912 αἰτεῖν,
532 845 902 902 ἀτοπώτατον.
950 845 1044 919 Δίς
1075 844 1152 917 ('5)
1204 843 1318 917 γὰρ
1353 843 1730 916 ἁμαρτάνουσι
1781 842 1884 912 μέ-

305 958 468 1010 γιστα
485 980 503 1006 ,
534 939 594 994 ἓν
620 939 739 1012 μὲν,
769 937 926 993 αὐτο)⁸
953 937 1042 994 διὰ
1065 936 1230 992 πόθον
1255 937 1553 1010 ἀκόρεστον
1581 933 1882 998 αἰτοῦντες⁸

308 1031 492 1102 ἕτερον
531 1031 590 1084 δὲ
612 1069 628 1096 ,
678 1031 774 1084 καὶ
821 1031 934 1094 τοῖς
973 1029 1144 1094 δντως
1183 1029 1460 1100 δεομένοις
1503 1025 1886 1090 ἀποκλείοντες

308 1123 434 1185 τοὺς
475 1121 574 1192 τῆς
621 1119 1034 1191 φιλανθρωπίας
1075 1118 1328 1190 λιμέναςο
1385 1115 1736 1174 ἀναλίσκουσι
1778 1115 1890 1188 γάρ

209 1231 214 1234 ·
309 1211 494 1276 κακῶς
527 1210 596 1265 τὰ
619 1208 802 1274 καλῶς
829 1209 1050 1281 δοθῆναι
1075 1208 1381 1280 ὀφείλοντα.

605 1383 776 1440 TAI”.
790 1414 863 1426 —
885 1385 1230 1456 ΠΑΛΛΑΔΙῼ
1265 1385 1591 1458 ΔῙΑΚΟΝῼ.

1985 582 2204 639 semper
2228 565 2556 623 beneﬁcium
2615 574 2889 636 satagunt,
2921 567 3054 620 dare
3107 575 3288 619 autem
3353 563 3564 618 nolunt.

1987 659 2090 728 Qui
2148 673 2276 715 vero
2318 658 2497 728 inopia
2552 657 2824 722 laborant,
2852 659 3110 714 beneﬁcia
3150 656 3428 727 postulare
3456 670 3566 710 non

1987 749 2284 808 absurdum
2317 758 2422 805 est.
2451 751 2520 803 At
2546 748 2639 818 qui
2673 748 2804 803 dare
2846 749 2969 804 aliis
3011 759 3242 820 possunt
3291 745 3569 820 postulare

1987 843 2058 900 ab
2087 841 2236 910 aliis,
2267 841 2320 897 id
2350 837 2824 913 absurdissimum.
2858 839 2947 896 Bis
2994 841 3140 896 enim
3187 849 3421 908 peccant
3442 851 3570 909 gra-

1989 935 2241 999 vissime,
2279 931 2450 989 semel
2475 931 2695 1002 quidem
2725 925 3027 1003 “exigentes
3063 931 3389 988 beneﬁcium
3422 930 3571 985 inss-

1995 1024 2165 1080 tiabili
2193 1023 2518 1094 cupiditate,
2550 1023 2748 1078 deinde
2777 1023 2902 1092 quia
2952 1038 3139 1078 revera
3196 1023 3566 1092 indigentibus

1994 1113 2351 1170 humanitatis
2379 1111 2643 1168 claudunt
2664 1127 2730 1168 ac
2759 1111 3126 1167 beneﬁcentiae
3179 1123 3414 1183 portmn.
3435 1109 3574 1165 Male

1993 1205 2136 1262 enim
2197 1214 2526 1262 consumunt
2581 1218 2702 1274 quae
2757 1205 2986 1261 honeste
3031 1205 3160 1260 dare
3214 1205 3344 1260 aliis
3404 1219 3572 1275 opor-

1996 1298 2168 1355 lebat.

2193 1387 2564 1445 CCCXXXlll.
2583 1421 2656 1432 -—
2671 1389 3014 1447 PALLADIO
3060 1387 3377 1446 DIACONO.

723 1475 796 1530 In
825 1475 1088 1548 beneﬁciis
1110 1474 1302 1531 dandis
1336 1473 1608 1531 laudanda
1632 1485 1708 1531 est
1736 1475 1980 1533 voluntas
2001 1497 2023 1535 :
2047 1496 2113 1536 ea:
2142 1476 2346 1546 animo,
2376 1497 2480 1536 non
2511 1497 2580 1538 ea;
2603 1491 2786 1538 eventu
2805 1481 3182 1553 judicandum.

382 1581 526 1646 Τοὺς
551 1582 848 1654 εὐεργέτας
868 1585 931 1640 οὐ
962 1583 1122 1656 μόνον
1145 1584 1239 1656 ἀφ’
1269 1579 1346 1640 ὧν
1372 1583 1741 1658 ἠδυνήθησαν,
1762 1583 1901 1638 ἀλλὰ

312 1675 410 1729 καὶ
458 1675 554 1746 ἀφ’
584 1668 661 1730 ὧν
694 1675 1076 1749 ἠϐουλήθησαν
1127 1677 1249 1749 μὲν,
1296 1678 1399 1732 οὐκ
1427 1676 1774 1750 ἠδυνήθησαν
1799 1676 1858 1730 δὲ
1880 1713 1898 1740 ,

2080 1590 2151 1648 Ut
2179 1592 2410 1648 beneﬁci
2437 1607 2544 1648 non
2597 1594 2757 1650 modo
2798 1593 3057 1650 laudandi
3111 1601 3238 1648 sunt
3277 1591 3331 1647 in
3365 1591 3432 1648 iis
3456 1607 3578 1662 qua:

2003 1698 2112 1738 non
2135 1691 2430 1754 potuerunt
2451 1684 2606 1752 dare,
2637 1686 2730 1741 sed
2759 1685 2926 1740 etiam
2960 1685 3015 1741 in
3039 1685 3111 1742 iis
3139 1699 3260 1756 qnse
3285 1683 3579 1740 voluerunt

311 1768 670 1838 ἀνυμνεῖσθαι
699 1769 848 1842 χρὴ,
895 1771 990 1826 καὶ
1021 1771 1222 1826 ειδέναι
1261 1771 1359 1842 μὲν
1392 1772 1579 1834 αὐτοῖς
1609 1770 1770 1842 χάριν
1799 1769 1893 1840 ἀφ’
1927 1782 1950 1839 ι

2001 1777 2206 1849 largiri.
2242 1793 2346 1834 nec
2367 1784 2686 1848 potuerunt,
2719 1777 3076 1849 habendaque
3101 1778 3168 1833 iis
3197 1777 3375 1848 gratia
3421 1775 3490 1832 de
3514 1775 3583 1829 iis

243 1862 258 1878 ‘
311 1853 388 1914 ὧν
408 1859 705 1931 ἠθέλησαν,
735 1861 796 1916 τὸ
835 1862 912 1934 μὴ
944 1863 1265 1937 δεδυνῆσθαι
1289 1863 1346 1918 δὲ
1380 1863 1454 1936 μή
1485 1862 1786 1918 αἰτιᾶσθαι.
1833 1863 1896 1918 '0

313 1951 423 2023 γὰρ
448 1951 524 2024 μή
548 1951 657 2006 ἀπὸ
679 1955 778 2025 τῆς
797 1955 1194 2026 προαιρέσεως,
1225 1955 1341 2011 ἀλλ’
1358 1957 1467 2011 ἀπὸ
1490 1957 1590 2026 τῆς
1613 1956 1898 2022 ἐκϐάσεως

312 2044 385 2099 τὰ
433 2043 739 2116 πράγματα
784 2047 1009 2118 κρίνων,
1057 2048 1385 2112 ἀπαίδευτός
1433 2050 1550 2104 ἐστι
1577 2087 1594 2115 ,
1647 2051 1743 2104 καὶ
1788 2049 1900 2104 τῶν

313 2137 656 2208 πραγμάτων
683 2138 747 2193 οὒ
775 2138 1038 2209 γινώσκει
1069 2140 1170 2213 τήν
1213 2139 1400 2210 φύσιν,
1442 2140 1544 2212 τὴν
1583 2141 1647 2195 οὐ
1681 2140 1902 2207 πάντως

313 2228 381 2296 τῇ
417 2224 668 2298 βουλήσει
701 2227 998 2301 ἑπομένην,
1036 2229 1154 2284 ἀλλ’
1199 2228 1314 2284 ἔσθ’
1345 2229 1436 2284 ὂτε
1482 2229 1580 2285 καὶ
1626 2231 1900 2285 ἐναντιου-

317 2319 516 2390 μένην.

449 2427 614 2484 τΑΔν.
646 2459 719 2470 -
743 2401 1263 2488 insomnem
1292 2433 1772 2506 ΓΡΑΜΜΔἸἹΚῼ.

1998 1885 2118 1943 quae
2149 1879 2277 1927 sunt
2305 1871 2484 1927 conati
2519 1872 2704 1942 :quod
2733 1886 2869 1928 vero
2905 1886 3014 1927 non
3053 1869 3330 1939 potuerint
3354 1867 3580 1922 minime

1999 1963 2253 2034 culpandi
2275 1971 2426 2020 sunt.
2466 1961 2561 2018 Est
2588 1963 2736 2020 enim
2782 1962 3022 2018 hominis
3048 1959 3284 2032 imperiti
3313 1959 3382 2014 ab
3409 1972 3580 2014 even-

2001 2063 2082 2122 tu,
2113 2069 2222 2110 non
2278 2067 2310 2108 a
2358 2053 2590 2110 consilio
2653 2068 2743 2110 res
2780 2053 3050 2124 judicare,
3099 2067 3164 2108 ac
3209 2066 3278 2107 ne
3328 2061 3580 2106 naturam

1999 2145 2216 2216 quidem
2241 2145 2584 2216 negotiorum
2616 2145 2790 2210 novit,
2823 2159 2945 2216 qua:
2965 2144 3034 2200 ad
3083 2142 3417 2198 voluntatem
3475 2153 3583 2194 non

2001 2237 2226 2295 omnino
2254 2235 2466 2294 ﬂuunt:
2496 2237 2606 2294 imo
2633 2251 2775 2308 saepe
2801 2249 2992 2294 contra
3029 2236 3250 2294 cadunt.

2010 2437 2384 2496 CCCXXXIV.
2402 2469 2474 2480 —
2489 2431 3066 2496 AGATHODIEMONI
3097 2429 3590 2508 GRAMMATICO.

674 2521 855 2580 Tarda
879 2526 1040 2581 etiam
1065 2527 1279 2598 ingenia
1303 2526 1552 2583 discendo
1579 2543 1880 2598 processum
1914 2529 2140 2602 faciunt.
2171 2530 2294 2588 Non
2337 2547 2401 2588 ex
2423 2533 2608 2602 quovis
2632 2531 2774 2602 ligno
2797 2531 2857 2600 ﬁt
2899 2517 3220 2586 Mercurius.

399 2631 466 2684 Ἥ
509 2631 790 2696 παίδευσις
833 2633 928 2689 τὸν
956 2633 1056 2707 μὲν
1095 2634 1244 2702 ὀξὺν,
1285 2637 1453 2708 ἄκρον
1487 2639 1675 2692 ’ποιεῖ’
1707 2639 1798 2694 τὸν
1840 2639 1900 2694 δὲ

2075 2640 2306 2698 Acutum
2331 2642 2551 2714 quidem
2589 2641 2862 2714 ingenium
2915 2639 3182 2696 institutio
3215 2653 3279 2695 ac
3307 2635 3592 2708 disciplina

319 2719 528 2792 βραδὺν
578 2722 842 2794 ἀμείνονά
884 2739 1002 2789 πως
1049 2725 1248 2780 ἑαυτοῦ
1297 2727 1642 2799 καθίστησιν.
1693 2729 1906 2801 Ὥσπερ

2005 2735 2279 2806 provehit,
2310 2736 2525 2792 tardum
2579 2751 2708 2792 vero
2733 2737 2914 2808 seipso
2941 2735 3115 2792 reddit
3151 2733 3454 2788 meliorem.
3489 2729 3591 2786 Ut-

317 2815 432 2887 γὰρ
455 2814 517 2868 οὐ
559 2815 762 2880 πάντες
789 2816 840 2870 οί
870 2817 930 2870 ὲν
957 2815 1348 2887 παιδοτριϐίοις
1378 2817 1454 2890 (4)
1500 2820 1908 2892 γυμνασθέντες

2007 2842 2115 2898 que
2144 2842 2251 2883 non
2279 2841 2470 2883 omnes
2493 2827 2584 2898 qui
2613 2828 2665 2883 in
2705 2827 3004 2899 gymnasiis
3031 2832 3380 2887 exercentur,
3409 2820 3590 2876 athle-.

317 2906 558 2979 ἀθληταὶ
610 2905 1002 2963 ἀποτελοῦνται
1019 2949 1035 2977 ,
1087 2909 1262 2975 οὕτως
1307 2910 1428 2964 οὐδὲ
1491 2912 1692 2976 πάντες
1739 2915 1789 2967 oi
1851 2915 1910 2967 ὲν

2013 2927 2082 2972 tte
2114 2916 2351 2974 absoluti
2379 2915 2554 2984 (lunt;
2601 2917 2676 2972 ita
2712 2931 2812 2972 nec
2847 2929 3038 2971 omnes
3091 2913 3305 2970 scholas
3335 2910 3598 2980 frequen-

324 2999 603 3072 μουσείοις
647 3001 1006 3073 φοιτήσαντες
1050 3003 1310 3075 ῥήτορες·
1356 3004 1482 3068 ταῖς
1507 3003 1618 3076 γὰρ
1657 3005 1909 3076 εὐφυΐαις

2012 3015 2192 3064 tantes
2219 3016 2470 3064 oratores
2489 3007 2751 3064 evadunt.
2777 3007 3008 3078 Optimae
3029 3014 3236 3061 natura:
3255 3017 3319 3059 ac
3349 3001 3598 3056 facultati

321 3092 424 3146 καὶ
445 3094 566 3157 ταῖς
590 3093 884 3165 δυνάμεσιν
912 3095 970 3148 αί
996 3093 1219 3164 μελέται
1248 3095 1680 3168 προσομιλοῦσαι
1709 3097 1914 3168 ἄκρους
1941 3109 1950 3154 t

2013 3097 2204 3168 juncta
2258 3099 2441 3155 studia
2488 3113 2734 3155 summos
2782 3097 3091 3166 perﬁciunt.
3123 3096 3182 3152 Si
3242 3109 3372 3150 vero
3427 3105 3605 3162 neque

323 3185 707 3242 ἀποτελοῦσιν.
740 3187 802 3241 Ei
825 3187 884 3242 δὲ
913 3189 1053 3260 μήτε
1078 3187 1272 3260 ἀλκήν,
1311 3189 1449 3260 μήτε
1479 3187 1713 3256 εὐφυΐαν
1729 3185 1916 3260 εὔρω-

324 3296 435 3343 σιν,
471 3279 700 3335 ἀσκοῦσι
725 3281 826 3352 μὲν
848 3281 956 3335 τῶν
986 3279 1086 3352 μὲν
1112 3281 1214 3346 τὰς
1241 3280 1422 3352 ψυχὰς
1444 3321 1460 3348 ,
1485 3279 1598 3334 τῶν
1619 3279 1676 3334 δὲ
1705 3279 1773 3334 τὰ
1806 3279 1916 3334 σώ-

325 3391 499 3442 ματα,
531 3376 594 3430 οὐ
631 3376 739 3448 μὴν
775 3375 1055 3446 ἀοιδίμους
1080 3375 1282 3439 αὐτοὺς
1313 3374 1766 3447 δημιουργοῦσιν.

631 3468 802 3522 ΤΛΕ’.
835 3497 909 3508 -—
943 3467 1208 3540 ΙΣΙΔΩΡῼ
1239 3467 1610 3540 ΕΠΙΣΚΟΠῼ.

2019 3191 2207 3256 robur,
2237 3205 2420 3262 neque
2447 3200 2658 3247 naturae
2709 3190 3064 3261 aptitudinem
3121 3187 3422 3250 inveniant,
3442 3197 3602 3240 exer-

2015 3291 2143 3338 cent
2196 3283 2417 3354 quidem
2477 3283 2690 3338 animos
2769 3282 3166 3352 quorumdam,
3221 3277 3450 3332 aliorum
3501 3287 3600 3330 ve-

2017 3389 2078 3430 ro
2107 3387 2326 3444 corpus,
2357 3373 2602 3429 celebres
2635 3382 2814 3427 tamen
2847 3373 2998 3441 ipsos
3019 3384 3123 3423 non
3155 3368 3404 3422 reddunt.

2226 3463 2456 3521 CCCXX
2467 3462 2579 3518 XV.
2603 3493 2672 3504 —
2692 3459 2970 3517 lSlDOiiO
3029 3455 3384 3514 EPISCOPO.

583 3582 604 3616 ι
645 3562 828 3618 Estote
853 3563 1096 3634 perfecti,
1127 3563 1268 3618 sicut
1315 3560 1486 3618 Pater
1525 3571 1691 3617 uerter
1734 3560 1980 3617 calcatis.
2013 3577 2035 3613 ι
2073 3557 2288 3632 (Matth.
2312 3575 2369 3626 ν,
2395 3557 2514 3628 48.)
2557 3557 2888 3612 Imitationis
2919 3555 3082 3618 ratio,
3110 3553 3355 3621 inferior.

414 3658 633 3730 Ἐπειδὴ
659 3659 887 3724 είκότως
910 3658 1151 3739 νομίζων
1171 3658 1272 3730 τήν
1306 3657 1457 3713 θείαν
1484 3657 1689 3730 ἀρετήν
1722 3656 1917 3728 ἀνέφι-

325 3766 460 3806 κτον
505 3751 602 3805 καὶ⁸
659 3751 959 3824 ἀμίμητον,
1010 3751 1296 3824 γέγραφας
1347 3751 1668 3822 θαυμάζων,
1722 3747 1839 3814 πῶς
1890 3751 1919 3804 ὁ

327 3841 526 3914 Σωτὴρ
567 3844 664 3898 καὶ
688 3842 782 3897 τὸν
821 3842 1044 3916 Πατέρα
1076 3844 1177 3898 καὶ
1214 3843 1405 3900 ἑαυτὸν
1435 3841 1724 3917 μιμεῖσθαι
1768 3845 1921 3916 ἡμᾶς

329 3933 794 4007 παρακελεύεται.
824 3935 996 4006 Φημὶ,
1021 3936 1105 3990 ὅτι
1133 3935 1360 4001 είκότως
1385 3937 1457 3990 τὰ
1479 3937 1784 4009 πράγματα
1811 3933 1920 3990 ἀπὸ

2095 3653 2230 3711 Cum
2263 3651 2832 3724 incomprehensibilis
2857 3651 2930 3705 sit
2989 3651 3152 3714 Deus;
3173 3657 3333 3718 atque
3359 3645 3604 3702 inimita-

2024 3746 2172 3810 bilis,
2209 3745 2464 3802 admirari
2509 3752 2570 3800 te
2607 3743 2827 3808 scribis,
2853 3757 2953 3798 cur
3008 3741 3261 3796 Salvator
3302 3747 3358 3795 et
3387 3737 3602 3792 Patrem

2025 3839 2326 3901 caelestem,
2361 3845 2418 3892 et
2452 3849 2574 3892 sese
2605 3836 2672 3890 ad
2701 3833 3026 3890 imitandum
3050 3829 3412 3904 proposuerit.
3440 3825 3604 3898 Equi-

2026 3931 2149 3986 dem
2219 3929 2523 4002 reSpondeo
2579 3943 2668 3985 res
2749 3927 2876 3998 jure
2945 3925 3152 3995 optimo
3206 3937 3236 3976 a
3310 3919 3609 3989 majoribus

328 4027 444 4081 τῶν
477 4027 740 4097 μειζόνων
779 4027 1051 4099 λαμὸάνει
1094 4029 1165 4084 τὰ
1193 4018 1614 4100 παραδείγματα
1636 4070 1652 4096 ,
1697 4027 1786 4083 ἵνα
1817 4026 1920 4082 κᾶν

2025 4020 2272 4093 exempla
2313 4033 2532 4092 capere,
2586 4027 2648 4075 ut
2699 4017 2890 4075 saltem
2948 4015 3127 4070 minus
3190 4021 3606 4080 consequamur.

331 4118 431 4172 τοῦ
459 4119 740 4184 ἐλάττονος
771 4098 1121 4192 ἐφικοίμεθα.
1157 4121 1224 4176 Εί
1267 4122 1380 4196 γὰρ
1423 4098 1519 4176 καὶ
1564 4121 1842 4193 ἀμίμητος
1885 4119 1920 4190 ἠ

2026 4111 2288 4180 Quamvis
2337 4111 2487 4166 enim
2537 4107 2881 4166 inimitabilia
2933 4105 3028 4163 Dei
3088 4103 3265 4159 virtus
3322 4108 3424 4167 est,
3459 4098 3608 4156 illam

332 4211 646 4284 Δεσποτική
696 4212 870 4284 ἀρετή
896 4253 913 4278 ,
958 4191 1076 4268 ἀλλ’
1113 4209 1210 4268 οὖν
1250 4191 1315 4284 γε
1347 4191 1482 4270 δταν
1513 4191 1656 4268 κατά
1677 4191 1924 4284 δύναμιν

2027 4215 2326 4276 tamenpro
2383 4204 2530 4260 virili
2591 4201 2802 4258 imitari
2866 4207 3150 4264 conantes,
3182 4197 3250 4251 ab
3307 4191 3612 4248 imitatione

337 4281 1303 4376 μιμεῖσθαι-αὐτὴν*σπουδάζωμεν,
1343 4303 1444 4374 τῆς
1484 4304 1775 4375 μιμήσεως
1821 4281 1942 4356 οὒκ’

2025 4311 2135 4352 non
2163 4297 2534 4352 discedemus.
2572 4292 2645 4349 Ut
2696 4291 2789 4363 qui
2845 4289 3090 4346 scribere
3133 4297 3332 4356 pueros
3386 4281 3608 4344 docent,
3682 4291 3686 4294 ·

334 4370 881 4467 ἁπολειφθησόμεθα.
961 4370 1194 4468 ’Ὠσπερ⁷
1223 4370 1333 4468 γάρ
1396 4370 1448 4451 οἱ
1485 4370 1925 4468 ’γραμματισταὶ

2001 4398 2002 4406 ‘
2031 4396 2249 4458 arrepto
2277 4387 2420 4458 stylo
2446 4386 2634 4458 pueris
2657 4399 2824 4456 quam
2873 4378 3320 4468 elegantissimos
3361 4373 3610 4468 praescri-

334 4458 844 4558 λαμϐάνοντες’τψ
882 4458 1162 4558 γραφίδα,
1191 4458 1312 4550 τοῖς.
1331 4487 1492 4540 παισὶ
1724 4483 1922 4540 πολλοῦ

2029 4479 2164 4535 bunt
2203 4479 2574 4540 characteres,
2605 4463 3030 4528 etsi'inleriores
3065 4466 3176 4522 sint
3225 4463 3280 4517 in
3307 4458 3613 4558 imitatione

335 4545 436 4630 τοῦ
465 4545 704 4640 κάλλους
715 4577 787 4632 τὰ
800 4545 1059 4650 ’στοίχεία
1085 4545 1412 4651 γράφουσιν,
1446 4545 1672 4632 ἴνίκᾶν
1703 4577 1842 4648 πρὸς
1864 4577 1925 4631 τὺ

2031 4569 2201 4628 futuri
2233 4585 2250 4624 :
2284 4569 2360 4625 ita
2383 4576 2438 4625 et
2463 4566 2644 4622 divina
2674 4563 2849 4635 gratia
2898 4557 3123 4614 virtutis
3179 4551 3336 4610 nobis
3363 4545 3612 4651 exempla

339 4637 770 4741 καταδεέστερον
813 4637 1008 4724 έλθωῇσι
1195 4637 1513 4742 μιμήσεως,
1558 4667 1702 4724 οὕτω
1888 4671 1922 4742 ἠ

2032 4661 2334 4738 proposuit,
2359 4669 2422 4716 ut
2479 4670 2737 4730 tanquam
2793 4655 2938 4728 quod
2995 4657 3162 4724 queat
3224 4637 3611 4714 comprehendi

340 4758 464 4813 Θεία
498 4761 660 4832 χάρις
689 4761 1064 4834 ὑποδείγματα
1091 4765 1224 4835 ἡμῖν
1255 4763 1458 4834 ἀρετῆς
1487 4761 1824 4834 προῦθηκεν,
1854 4761 1922 4817 ἶν’

2028 4757 2328 4814 imitemur.
2375 4753 2536 4825 661
2582 4750 2662 4806 Ne
2700 4749 2872 4821 igitur
2924 4745 3067 4818 quod
3115 4751 3328 4796 summa
3385 4744 3615 4835 qumque

340 4847 424 4912 ὡς
460 4827 682 4919 ὲςρικτδν
712 4827 1245 4926 μιμησωμεθα.”Μή
1289 4827 1472 4910 τοίνῦν
1515 4827 1579 4908 τὸ
1623 4827 1702 4926 μή
1743 4827 1931 4926 ἄκρως

2032 4848 2243 4906 imitari
2268 4862 2376 4902 non
2404 4846 2701 4918 possimus,
2731 4842 2788 4899 id
2821 4855 2922 4896 nos
2961 4841 3267 4894 absterreat
3289 4829 3367 4926 ab.
3387 4827 3477 4926 iis,
3496 4837 3618 4926 qua:

340 4917 608 4996 δύνασθαι
653 4917 972 5015 sese...)
1016 4945 1112 5000 τοῦ
1157 4917 1510 5018 ινέεχομένου
1551 4917 1704 5018 sed;
1729 4917 1930 5000 ἀπόσοέ

2037 4941 2296 5012 consequi
2319 4941 2582 5004 valemus,
2617 4937 2728 4992 imo
2758 4947 3012 5000 magnum
3055 4927 3188 4984 illud
3238 4917 3618 5018 nobis__vi_dea-

342 5031 518 5086 ϐείτω
537 5073 554 5100 ,
585 5011 900 5090 animum
941 5037 1180 5109 μάλιστα
1210 5011 1359 5108 μέγα
1375 5039 1508 5110 ἡμῖν
1543 5011 1838 5108 ᾦαινέσθω.
1872 5035 1934 5090 τδ

2030 5045 2141 5104 tur,
2167 5011 2316 5106 quod
2342 5033 2493 5106 digni
2523 5032 2698 5089 simus
2725 5027 2916 5095 habiti,
2944 5025 3027 5081 vel
3049 5039 3114 5080 ex
3173 5029 3328 5090 parte
3377 5011 3616 5070 divinam

343 5121 620 5193 ἠξιῶσθαι
652 5125 896 5198 μερικῶς
936 5129 1225 5199 μιμήσεως
1251 5125 1401 5191 θείας
1424 5128 1633 5191 εἰκόνος
1657 5126 1812 5192 ὲντδς
1839 5141 1936 5196 γε·

2032 5127 2238 5185 imitari
2261 5127 2574 5198 imaginem.

347 5211 561 5272 νέσθαι.
1203 5261 1206 5263 Α

804 5308 988 5376 TACT.
1018 5317 1091 5351 -ι
1131 5308 1504 5381 ΓΕΝΝΔΔΙῼ..

2387 5305 2762 5366 CCCXXX".
2792 5333 2862 5346 —
2891 5295 3266 5360 GENNADIO.

951 5401 1031 5456 Dc
1053 5401 1240 5474 gloria
1273 5403 1583 5470 cupiditate,
1612 5401 1689 5457 uel
1720 5408 2041 5471 contemptu.
2079 5401 2240 5476 Vulgi
2257 5403 2526 5474 judicium
2556 5399 3016 5458 contemnendum.
3207 5485 3210 5486 ν
3375 5479 3386 5486 ι
3426 5478 3436 5486 .
3552 5472 3584 5486 __

314 5494 328 5505 ’
424 5498 490 5554 Εἰ
528 5499 621 5554 καὶ
649 5497 954 5571 παράδοξόν
983 5515 1066 5555 σοι
1089 5495 1228 5554 εἶναι
1262 5498 1406 5568 δόξει
1429 5498 1490 5554 τὸ
1511 5499 1932 5571 λεχθησόμενον,

2115 5500 2227 5556 Etsi
2267 5499 2413 5571 quod
2457 5499 2635 5556 dicam
2683 5496 2995 5568 paradoson
3028 5489 3123 5546 tibi
3167 5485 3342 5541 visum
3375 5478 3442 5535 iri
3484 5478 3620 5531 satis

1456 5606 1695 5664 VARIA‘]
1731 5605 2116 5664 LECTIONES
2156 5607 2245 5664 ET
2285 5607 2518 5666 NOTJE.

431 5721 818 5792 (3)]idem61;
851 5679 1065 5776 mutant
1098 5722 1148 5792 in
1184 5721 1536 5792 860.P055trt.
1764 5789 1779 5792 _
1896 5787 1943 5792 __
2041 5779 2046 5785 .

432 5787 512 5862 (4)
544 5793 650 5849 Pro
675 5791 1080 5866 ,παιδοτριϐίοις
1140 5791 1301 5847 iidem
1355 5791 1599 5850 scribunt
1657 5787 1950 5862 παιδοτμίεε

2001 5788 2140 5844 nlo.
2772 5841 2776 5847 ,
2856 5830 2860 5836 .
