4070 6376
590 362 727 428 1535
1781 351 1843 412 S.
1884 348 2178 410 ISIDORT
2216 348 2654 410 DELUSIOTAE
3659 358 3774 427 1536

585 472 943 544 quorumdam
1003 467 1238 538 nequitia
1318 480 1436 520 eam
1493 463 1635 519 male
1691 463 1939 529 accipiat.
2020 460 2192 527 Quid,

2190 466 2233 522 Α
2263 460 2381 513 ἀλλ’
2409 459 2514 512 ὑπὸ
2540 460 2641 529 τῆς
2669 461 2825 512 ἐνίων
2852 459 3117 530 πονηρίας
3160 458 3327 532 αὐτὴν
3354 461 3575 529 κακίζει.
3604 469 3663 522 Τί
3687 479 3776 543 γάρ

589 567 732 619 enim
766 564 852 618 illa
884 562 1081 631 iniuSte
1109 561 1253 630 egit,
1286 560 1328 613 si
1360 558 1616 613 Zosimus
1646 565 1695 611 et
1729 555 1936 621 Maron,
1972 566 2025 609 ut
2057 556 2159 618 ais,

2262 551 2447 621 ἐκείνη
2483 552 2760 623 ἠδίκησεν,
2800 554 2848 604 εί
2879 551 3146 621 Ζώσιμος,
3197 552 3290 604 καὶ
3334 553 3548 625 Μάρων,
3574 557 3642 621 ὡς
3667 563 3775 631 φὴς,

593 669 754 727 atque
813 654 1133 709 Eustathius
1196 668 1302 707 non
1355 649 1600 705 audenda
1660 647 1944 710 audentes,
2005 654 2062 699 et
2103 658 2163 700 se

2267 642 2358 696 καὶ
2393 641 2690 727 Εύστάθιος
2741 639 3024 711 ἁτύλμητα
3061 640 3388 711 τολμῶντες,
3435 647 3780 716 σεμνυνόμενοί

588 747 858 815 jactantes
904 746 968 799 de
1012 746 1097 806 iis,
1128 757 1355 813 quorum
1392 740 1597 809 pudere
1625 752 1725 807 par
1747 745 1915 799 esset,
1945 749 2163 790 omnes-

2262 748 2320 784 τε
2348 730 2433 799 ἐφ’
2455 726 2538 793 οἷς
2579 729 3012 799 ἐπαισχύνεσθαι
3059 730 3267 783 δίκαιον
3289 745 3303 759 ο
3339 731 3540 796 πάντας
3581 751 3634 788 τε
3661 736 3779 789 ἀπο-

591 852 697 907 que
727 837 942 906 flagitiis
974 836 1286 889 nobilitatos
1314 833 1696 890 obscurantes,
1722 835 1781 883 et
1803 827 1897 896 qui
1929 840 1994 879 ne
2022 825 2164 878 inter

2264 821 2571 892 κρύψαντες
2625 820 2865 907 τοὺς-(7)
2915 820 3085 889 κακία
3134 818 3507 890 βεὸοημένους,
3555 825 3641 877 καὶ
3668 825 3785 897 μηδὲ

590 905 759 983 lairos
805 905 1030 997 quidem
1089 940 1209 980 esse
1261 923 1539 985 deberent,
1573 912 1626 974 in
1658 919 1806 973 clero
1842 914 2165 971 videantur!

2264 912 2322 964 ὲν
2350 912 2461 973 τοῖς
2481 909 2689 973 λαϊκοῖς
2731 905 2870 963 εἶναι
2923 911 3227 979 όςρείλοντες
3252 911 3333 975 εἰς
3379 911 3569 982 κλῆρον
3595 914 3784 969 δοκοῦσί

589 1022 698 1074 Cur
740 1036 843 1073 non
874 1020 943 1072 ob
974 1027 1123 1072 recte
1183 1015 1323 1069 facta
1370 1014 1574 1068 clerum
1617 1011 1911 1080 praedicas,
1955 1010 2049 1063 sed
2094 1006 2163 1063 ob

2262 1020 2353 1067 τες
2408 1002 2506 1055 Διὰ
2561 1002 2613 1054 τί
2646 1001 2703 1055 δὲ
2737 1001 2811 1071 μὴ
2874 1001 2983 1055 ἀπὸ
3038 1003 3146 1056 τῶν
3192 1002 3585 1073 κατορθούντων
3642 1007 3786 1077 αὐτὴν

592 1111 789 1165 delicta
835 1109 1113 1164 traducis?
1153 1108 1462 1176 viderisque
1502 1106 1806 1175 speciosam
1841 1109 2163 1156 consecutus

2262 1091 2679 1164 ἀνακηρύττεις,
2708 1091 2824 1144 ἀλλ’
2861 1092 2969 1145 ἀπὸ
3015 1092 3123 1145 τῶν
3166 1093 3463 1148 πταιόντων
3513 1095 3784 1166 διασύρειςς

594 1204 856 1270 quietem,
884 1202 1025 1272 quod
1057 1210 1281 1271 prepter
1314 1201 1434 1255 illos
1460 1200 1526 1253 ad
1564 1198 1956 1254 divinissimam
1984 1195 2163 1266 philo-

2264 1183 2360 1236 καὶ
2383 1181 2559 1245 δοκεῖς
2604 1180 2960 1252 εὐπρόσωπον
3008 1181 3279 1254 ρᾳθυμίαν
3313 1183 3686 1254 τεθηρευκέναι
3711 1188 3788 1241 τοῦ

591 1293 834 1360 sophian)
864 1294 1191 1348 contendere
1220 1292 1494 1362 nequeas?
1519 1290 1575 1346 Si
1605 1305 1671 1345 ex
1702 1290 1768 1344 iis
1785 1306 1904 1359 quae
1934 1289 2162 1358 liqueat,

2269 1274 2343 1345 μὴ
2373 1273 2633 1326 δύνασθαι
2681 1273 2749 1327 δι’
2800 1273 2999 1337 αὐτοὺς
3068 1277 3134 1346 τῇ
3202 1274 3449 1348 θειοτάτῃ
3502 1276 3834 1347 προσελθεῖν.

589 1383 914 1437 sententiam
949 1381 1089 1438 ferre
1119 1398 1224 1435 non
1255 1381 1405 1447 libet,
1441 1382 1711 1451 negotium
1733 1395 1827 1450 per
1847 1395 1906 1434 se
1923 1378 2166 1449 expende

2266 1362 2554 1434 φιλοσοφίᾳ
2582 1379 2597 1429 ;
2638 1364 2687 1416 εί
2718 1362 2775 1416 δὲ
2813 1363 2873 1417 οὺ
2911 1363 3091 1432 βούλει
3125 1364 3233 1418 άπὸ
3282 1364 3388 1419 τῶν
3418 1365 3787 1437 διαλαμπόντων

589 1482 754 1543 atque
784 1475 1001 1544 explora
1024 1515 1040 1541 ,
1080 1475 1395 1545 videbisque
1430 1474 1588 1528 laude
1625 1474 1864 1543 dignum,
1914 1480 1969 1524 ut
1996 1481 2050 1525 et
2082 1471 2164 1525 di-

2264 1454 2364 1525 τὴν
2388 1454 2567 1524 ψῆφον
2595 1456 2869 1526 ἐνεργεῖν,
2924 1455 3055 1509 αὐτὸ
3109 1456 3171 1509 τὸ
3225 1459 3454 1528 πρᾶγμα
3496 1457 3612 1512 καθ’
3659 1461 3786 1513 ἑαυύ

592 1566 881 1619 sertissimi
918 1575 1190 1628 oratOres,
1236 1566 1302 1620 de
1330 1565 1421 1619 illo
1452 1565 1615 1618 verba
1650 1561 1846 1617 facturi
1881 1568 2167 1616 vereantur

2269 1542 2556 1613 βασάνισον
2585 1559 2599 1573 ·
2636 1545 2730 1598 καὶ
2766 1544 2886 1615 δψει
2912 1545 3044 1599 αὐτὸ
3072 1546 3347 1602 τοσούτων
3369 1548 3597 1603 ἐπαίνων
3645 1549 3788 1615 ἄξιον,

588 1656 754 1710 etiam
785 1657 993 1716 laudem
1028 1657 1145 1726 ejus
1174 1667 1485 1719 contexere,
1520 1672 1637 1726 qua:
1669 1655 1839 1722 major
1868 1662 1970 1719 est,
2005 1666 2164 1722 quam

2267 1637 2342 1700 ὡς
2371 1637 2618 1701 καὶτοὺς
2647 1638 2767 1691 λίαν
2813 1640 3282 1711 ῥητορικωτάτους
3332 1642 3719 1713 ἀπαγορεῦσαι,
3759 1644 3796 1695 εί

587 1755 648 1801 ιιι
688 1762 939 1803 sermone
977 1758 1138 1816 queat
1172 1749 1451 1818 explicari.
1505 1748 1660 1814 Quod
1690 1746 1734 1801 si
1767 1759 1943 1815 neque
1993 1744 2164 1811 ipsum

2201 1803 2239 1818 ﬂ
2266 1728 2504 1801 δεήσειεν
2531 1728 2694 1782 αὐτοῦ
2725 1730 3000 1800 ἐγκώμιον
3037 1730 3259 1801 ὑφῆναι.
3289 1730 3490 1795 Μεῖζον
3510 1732 3613 1803 γάρ
3655 1732 3797 1791 ἐστιν.

586 1838 790 1893 clerum
870 1854 1061 1895 censes
1125 1842 1564 1910 explorandum,
1642 1824 1817 1906 neque
1885 1836 1952 1890 de
2011 1835 2165 1889 bonis

2201 1803 2239 1857 Β
2267 1821 2301 1892 ἢ
2330 1821 2406 1884 ὡς
2436 1821 2501 1875 ἂν
2525 1820 2665 1892 λόγῳ
2696 1838 2776 1884 τις
2806 1821 2969 1874 εἴποι.
3014 1821 3075 1874 Εἰ
3101 1821 3160 1875 δὲ
3196 1821 3340 1892 μήτε
3363 1822 3492 1876 αὐτὸ
3529 1822 3601 1893 (8)
3634 1821 3802 1886 ἐξετά-

586 1931 917 1985 sententlam
970 1946 1071 2001 pro
1111 1931 1231 2001 ipso
1280 1931 1494 1994 tuleris,
1541 1929 1637 1985 sed
1676 1930 1745 1983 ob
1805 1926 2161 1998 quorumdam

2268 1929 2442 1976 σειας,
2474 1913 2611 1983 μήτε
2648 1914 2712 1965 ὲκ
2737 1912 2846 1966 τῶν
2872 1913 3176 1985 εὐδοκίμων
3213 1914 3367 1987 αὐτῷ
3396 1913 3685 1985 ψηφίσαιο,’
3707 1916 3804 1968 ἀλλ’

582 2031 831 2090 peccata,
883 2022 1086 2077 audeas
1129 2022 1412 2087 damnare,
1447 2035 1553 2075 non
1595 2018 1744 2089 juste
1795 2017 2012 2117 feceris‘
2063 2031 2162 2069 nec

2266 2004 2332 2058 ὲκ
2363 2003 2470 2057 τῶν
2499 2004 2798 2057 πταιόντων
2830 2004 3056 2058 κακίσαι
3103 2005 3460 2077 τολμήσειας,
3498 2005 3615 2060 οὔτε
3643 2006 3806 2060 δίκαια

2272 2098 2387 2117 __,!
2410 2113 2551 2117 ..-,μ-
2609 2093 2725 2117 -P,__
2768 2096 2946 2117 -?-_!_..
3005 2098 3064 2117 ππ
3120 2097 3168 2117 θὶ
3210 2099 3327 2117 ιη-.
3368 2116 3377 2117 κ
3436 2099 3577 2117 Ἀνθκ
3628 2097 3787 2117 ’νηηκ

583 2110 800 2165 merito.
836 2110 894 2165 Si
924 2126 1058 2167 vero
1094 2110 1223 2166 illud
1254 2111 1545 2165 admittens
1589 2107 1887 2176 indigneris
1932 2093 2035 2159 illis
2064 2105 2155 2172 qui

2267 2098 2572 2168 ποιήσειας,
2604 2093 2727 2148 οὕτε
2765 2096 2971 2150 εἰκότα.
3005 2098 3067 2149 El
3116 2097 3173 2150 δὲ
3205 2099 3387 2151 ἐκεῖνο
3426 2097 3807 2169 ἀποδεχόμενος,

582 2216 689 2255 non
737 2201 920 2256 debito
948 2203 1108 2257 modo
1158 2201 1252 2257 illo
1287 2209 1547 2266 utantur,
1599 2200 1860 2270 sapientis
1911 2212 1976 2251 ac
2031 2211 2162 2266 pru-

2268 2186 2629 2258 ἀγανακτοίης
2660 2186 2801 2239 κατὰ
2833 2186 2943 2239 τῶν
2977 2189 3037 2241 οὐ
3067 2187 3300 2253 δεόντως
3347 2189 3493 2260 αύτῷ
3524 2190 3808 2261 χρωμένων,

580 2292 758 2347 dentis
801 2293 905 2347 viri
964 2293 1178 2349 Iaudem
1207 2292 1457 2356 auferes,
1489 2291 1915 2362 delinquentium
1945 2301 2163 2345 errores

2270 2280 2605 2351 εὐγνώμονος
2630 2280 2725 2333 καὶ
2752 2280 3013 2351 φρονίμου
3045 2281 3239 2353 ἀνδρὸς
3266 2283 3517 2346 ἀποίσεις
3547 2283 3712 2347 δόξαν,
3744 2280 3807 2351 τῷ

581 2385 648 2437 ad
683 2385 962 2455 uegetium
1008 2384 1272 2451 divinum,
1323 2395 1381 2440 et
1423 2385 1629 2455 justum
1664 2398 1771 2437 nou
1805 2382 2087 2442 vertendo,
2116 2387 2171 2433 rt

2273 2372 2348 2444 μὴ
2381 2372 2451 2426 τὰ
2478 2370 2589 2425 τῶν
2636 2371 2937 2424 πταιόντων
2986 2371 3443 2444 πλημμελήματα
3493 2375 3570 2436 εἰς
3606 2373 3809 2444 πρᾶγμα

583 2476 848 2531 ultionem
905 2478 1288 2547 rousequcndo
1334 2488 1558 2547 propter
1613 2474 1905 2531 amentiam
1955 2471 2168 2526 illorum

2268 2462 2493 2535 τρέπειν
2528 2462 2671 2516 θεῖον
2718 2463 2813 2516 καὶ
2860 2462 3087 2530 δίκαιον,
3136 2465 3231 2518 καὶ
3277 2464 3609 2536 ἐκδικήσεως
3656 2466 3811 2535 τυχεῖν

581 2567 674 2636 qui
711 2567 985 2639 illegitime
1016 2569 1149 2624 illud
1194 2570 1603 2639 aggrediuntur.

2268 2554 2358 2610 διὰ
2386 2555 2484 2626 τὴν
2515 2552 2624 2607 τῶν
2646 2553 2979 2624 παρανόμως
3004 2555 3135 2608 αὐτὸ
3162 2557 3464 2625 μετιόντων
3495 2558 3788 2628 παράνοιαν.

685 2678 1004 2735 CCCXLIII.
1036 2710 1106 2721 —
1136 2679 1514 2736 THEODORO
1548 2672 2054 2735 SCIIOLASTICO.

1997 2672 2054 2728 ο,
2503 2660 2685 2717 'th".
2714 2694 2781 2704 —
2811 2663 3114 2735 ΘΕΟΔΩΡῼ
3144 2640 3604 2736 ΣΧΟΛΑΣΊἿΚῼ.

1236 2778 1249 2789 ’
1430 2775 1595 2829 Bonis
1619 2790 1757 2840 stupe
1787 2788 1881 2826 cur
1912 2769 2050 2827 male
2078 2767 2147 2820 sit
2176 2776 2195 2815 :
2223 2760 2399 2829 major
2422 2764 2481 2812 ut
2520 2756 2693 2825 gloria
2724 2756 2987 2812 obveniat.

657 2864 896 2924 Virtutes
947 2884 1135 2925 eorum
1190 2869 1281 2941 qui
1337 2870 1390 2924 in
1445 2870 1788 2925 calamitates
1847 2867 2161 2922 inciderunt

2339 2855 2402 2908 Αί
2438 2852 2538 2922 μὲν
2558 2849 2666 2903 τῶν
2695 2852 3137 2921 περιπιπτόντων
3166 2854 3290 2914 ταῖς
3324 2852 3624 2924 συμφοραῖς
3650 2848 3812 2921 ἀρεταὶ

580 2956 807 3013 allectus
834 2957 1010 3014 solent
1035 2959 1444 3029 conduplicare.
1495 2960 1718 3029 Indigna
1744 2959 1888 3013 enim
1942 2957 2011 3011 iis
2040 2970 2160 3025 quae

2267 2944 2336 3000 τά
2370 2943 2520 3013 πάθη
2569 2942 2942 3006 διπλασιάζειν
2994 2941 3239 2998 εἰώθασι.
3296 2944 3392 3015 Τῷ
3421 2945 3530 3015 γὰρ
3553 2942 3731 3006 ἀνάξια
3754 2934 3815 2993 ὧν

581 3068 702 3107 cum
720 3052 879 3109 laude
896 3061 1183 3122 gesserunt
1211 3050 1487 3122 patiendo,
1518 3051 1796 3105 audientes
1820 3057 2157 3118 comparant,

2208 3087 2237 3147 Β
2270 3035 2641 3109 κατώρθωσαν
2689 3034 3018 3089 πεπονθέναι
3058 3037 3188 3098 τοὺς
3242 3034 3631 3108 ἀκροωμένους
3662 3048 3815 3101 παρα-

2281 3145 2360 3147 ᾲημ
2390 3126 2572 3147 λείμμ,
2643 3127 2859 3147 η---ρ-ᾼκ-
2889 3144 2902 3147 -
2960 3126 3244 3147 1e__\,-_n-_'
3278 3145 3343 3147 .,,,
3402 3126 3578 3147 \_',_--_
3644 3124 3713 3147 1-1
3736 3122 3813 3147 --.Α

580 3153 643 3200 ut
695 3146 929 3199 maximo
976 3142 1165 3199 dolore
1221 3143 1567 3212 impleantur.
1619 3141 1757 3198 Hinc
1796 3153 1852 3198 et
1891 3142 2169 3212 tragoediae

2209 3122 2237 3147 "
2271 3126 2592 3193 σκευάζουσι
2640 3127 2903 3199 μεγίστης
2957 3126 3352 3199 ἐμπλησθῆναι
3402 3126 3599 3198 λύπης.
3635 3124 3717 3177 Διὸ
3736 3122 3816 3176 καὶ

579 3236 1115 3292 commiseratiouem
1173 3235 1377 3311 eiulatu
1417 3236 1713 3299 concitant,
1764 3236 1889 3289 dum
1936 3235 2169 3305 optimos

2268 3219 2326 3273 αῖ
2358 3217 2657 3290 τραγῳδίαι
2678 3218 2768 3273 τὸν
2792 3213 2975 3273 οἶκτον
3000 3218 3392 3290 διεγείρουσιν,
3420 3220 3546 3273 ὅταν
3573 3218 3816 3288 ἀνήκεστα

583 3328 929 3384 intoleranda
978 3328 1244 3397 patientes
1299 3307 1581 3383 inducunt.
1641 3325 1747 3382 Sed
1798 3328 1897 3382 ista
1950 3327 2167 3397 quidem

2269 3310 2609 3375 πεπονθότας
2636 3310 2765 3375 τοὺς
2795 3310 3051 3383 ἀρίστους
3104 3311 3445 3379 εἰσάγουσιν.
3495 3309 3647 3364 ’Δλλὰ
3671 3307 3818 3362 ταῦτα

581 3420 726 3492 apud
776 3420 895 3475 illos
923 3396 1290 3488 celebrentur,
1343 3420 1433 3490 qui
1487 3422 1749 3477 hactenus
1783 3420 1888 3476 hoc
1929 3396 2168 3485 modulo,

2271 3398 2371 3471 μὲν
2409 3401 2540 3470 παρ’
2579 3398 2809 3463 ἐκείνοις
2875 3397 3230 3468 θρυλλείσθω,
3263 3404 3385 3465 τοῖς
3432 3401 3535 3464 ἕως
3562 3399 3667 3453 τῶν
3710 3396 3815 3469 τῇδε

582 3512 817 3565 humana
850 3513 1073 3584 negotia
1101 3512 1419 3567 metiuntur.
1456 3510 1709 3581 Ignorant
1737 3513 1881 3566 enim
1908 3514 1976 3567 ob
1999 3527 2060 3567 ea
2099 3526 2159 3567 se

2267 3492 2578 3563 νομίζουσιν
2603 3485 2741 3544 εἶναι
2771 3489 2841 3544 τὰ
2868 3490 3190 3562 ἀνθρώπινα
3221 3494 3551 3566 πράγματα.
3580 3491 3817 3563 Δελήθασι

582 3604 787 3669 dolere,
813 3612 1035 3674 prepter
1061 3619 1181 3675 qua:
1210 3603 1383 3659 lmtari
1409 3605 1616 3660 deceat.
1648 3602 1816 3679 664
1837 3601 1949 3663 Nos
1978 3611 2158 3661 autem

2274 3583 2386 3659 γὰρ
2440 3584 2524 3655 ἐφ’
2584 3577 2668 3650 οἷς
2722 3582 2948 3657 ἥδεσθαι
3011 3585 3293 3656 προσῆκον
3342 3583 3435 3659 ἦν,
3493 3585 3585 3639 ἐπὶ
3638 3581 3817 3642 τούτοις

579 3695 673 3763 qui
705 3694 771 3749 ad
805 3694 948 3749 aliud
986 3695 1108 3753 vitae
1149 3694 1456 3755 institutum
1509 3675 1939 3754 mentis'oculos
1969 3699 2163 3754 merito

2269 3678 2585 3750 ἀχθόμενοι.
2632 3678 2828 3747 Ἡμεῖς
2878 3676 2936 3730 δὲ
2981 3677 3032 3729 oi
3065 3675 3201 3748 πρὸς
3231 3676 3405 3749 ἄλλην
3435 3678 3551 3748 βίου
3579 3675 3818 3731 κατάστα-

578 3785 887 3859 dirigitt'tus,
947 3798 1098 3846 certo
1153 3790 1358 3845 scimus
1413 3791 1644 3861 probos,
1696 3791 1747 3846 si
1799 3789 1929 3861 quid
2001 3804 2166 3861 grave

2270 3784 2358 3822 σιν
2398 3767 2461 3822 τὸ
2503 3765 2659 3838 ὄμμα
2708 3765 2811 3838 τῆς
2858 3765 3041 3836 ψυχῆς
3087 3767 3321 3832 εἰκότως
3360 3767 3649 3831 τείνοντες,
3688 3767 3812 3835 ἴσμεν

582 3854 905 3949 patiantur,
1023 3854 1444 3953 haudquaquam
1510 3854 2031 3946 commiseratione:
2069 3880 2165 3937 sed

2269 3857 2534 3929 ἀκρισῶς,
2561 3859 2643 3912 ὅτι
2675 3858 2736 3911 οὐ
2761 3856 2856 3911 τοῦ
2881 3856 3264 3923 ταλανίζεσθαι
3295 3861 3348 3914 oi
3381 3860 3661 3941 φιλάρετοι
3687 3854 3816 3922 ἄξιοι,

581 3947 776 4028 Iaustis
805 3947 1076 4027 ominibus
1109 3947 1483 4043 ac—pra-aconio
1506 3974 1696 4043 dignos
1719 3988 1859 4029 esse.
1892 3972 2161 4028 Illustrio-

2267 3950 2397 4003 ὅταν
2442 3967 2493 4002 τι
2535 3948 2750 4003 πάθωσι
2795 3947 2987 4014 δεινὸν,
3015 3949 3153 4003 ἀλλὰ
3171 3948 3264 4003 τοῦ
3300 3951 3703 4022 μακαρίζεσθαι
3741 3947 3818 4001 καὶ

583 4075 674 4117 res
729 4062 874 4118 enim
964 4061 1096 4133 ipsis
1175 4039 1242 4117 ad
1294 4039 1948 4134 virtutem‘apparantur
2010 4062 2163 4117 home

2268 4039 2757 4111 ἀνακηρύττεσθαι.
2776 4041 3169 4112 Λαμπρότεροι
3192 4041 3305 4115 γὰρ
3324 4043 3517 4108 αὐτοῖς
3536 4044 3626 4098 διὰ
3645 4041 3820 4095 τούτων

580 4151 999 4210 existimationis
1020 4167 1252 4210 coronas.

2270 4130 2772 4197 κατασκευάζονται
2798 4131 2849 4183 oi
2880 4130 2981 4202 τῆς
3001 4131 3417 4203 εὐδοκιμήσεως
3445 4133 3716 4203 στέφανοι.

776 4239 1098 4299 CCCXLIV.
1121 4271 1193 4283 —-
1224 4240 1562 4299 ASCLEPIO
1592 4240 1981 4297 SOPIIISTIE'.

2562 4223 2740 4278 TMA'.
2769 4250 2843 4264 --
2866 4221 3220 4294 ΑΣΚΛΗΠΙῼ
3241 4225 3561 4299 ΣΟΦΙΣΤῌ.

1254 4351 1257 4353 ‘
1676 4336 1749 4393 De
1781 4336 2043 4400 Sophist
2067 4338 2308 4394 oratione
2344 4338 2757 4406 liberejudicat.

653 4448 782 4521 Legi
809 4463 968 4520 quam
988 4447 1055 4504 ad
1079 4461 1163 4503 me
1177 4448 1481 4504 orationem
1512 4447 1734 4514 misisti,
1757 4456 1813 4502 et
1827 4447 2152 4518 elegantiam
2192 4436 2234 4491 Ι)

2215 4438 2234 4491 )
2348 4449 2687 4520 ’Δνεγνώσθη
2712 4467 2807 4503 σου
2842 4452 2873 4505 ό
2902 4449 3079 4520 λόγος,
3110 4451 3170 4504 ὃν
3226 4467 3318 4521 μοι
3359 4450 3703 4511 ἀπέστειλας.
3733 4445 3822 4499 Καὶ

585 4556 704 4598 sum
739 4540 1059 4613 admiratus.
1092 4537 1208 4594 Non
1235 4538 1474 4595 fefellisti
1518 4552 1603 4593 me
1646 4536 1899 4593 adulandi
1933 4535 2165 4591 artiﬁcio

2262 4538 2603 4610 θαυμασθεὶς
2651 4542 2752 4613 τῆς
2790 4540 3117 4612 δεινότητος,
3145 4541 3247 4594 οὐκ
3293 4540 3497 4606 ἔλαθες
3555 4537 3747 4609 κλέψας
3774 4534 3822 4587 τὸ

583 4633 900 4701 occultans,
941 4642 1003 4689 ut
1056 4633 1238 4702 specie
1285 4630 1499 4687 consilii
1549 4630 1834 4700 scripsisse
1882 4628 2162 4683 videreris.

2263 4631 2652 4686 κολακευτικὸν
2722 4630 2804 4701 τῷ
2871 4630 3053 4685 δοκεῖν
3104 4630 3431 4703 συμϐουλῆς
3498 4630 3822 4703 προσχήματι

586 4725 726 4782 Nam
791 4741 915 4782 cum
944 4724 1278 4781 adulationis
1324 4722 1633 4794 opinionem
1688 4721 1885 4776 haheat
1927 4719 2167 4775 laudatio

2264 4722 2734 4795 συγγεγραφέναι.
2787 4721 3008 4794 Ἐπειδὴ
3052 4722 3162 4795 γὰρ
3186 4721 3350 4789 δόξαν
3408 4722 3699 4782 κολακείας
3727 4719 3822 4791 ἔχει

587 4815 913 4886 potentium,
982 4815 1126 4870 aliud
1165 4822 1542 4885 argumentum
1593 4811 1817 4879 finxisti,
1870 4810 2014 4865 aliud
2051 4819 2166 4863 tra-

2262 4812 2325 4866 τὺ
2354 4814 2596 4867 ἐπαινεῖν
2624 4812 2752 4877 τοὺς
2790 4813 3003 4883 μεγάλα
3040 4812 3397 4883 δυναμένους,
3453 4815 3626 4885 ἄλλην
3658 4810 3824 4867 ὑπόθε-

585 4907 772 4967 ctaSti.
804 4906 940 4962 Nam
971 4908 1124 4979 quasi
1146 4907 1433 4963 ostendere
1449 4905 1634 4960 volens
1659 4917 1880 4959 causam
1907 4904 1976 4958 ob
2001 4917 2162 4973 quam

2270 4921 2355 4958 σιν
2401 4904 2729 4976 πεποίηκας,
2759 4905 2853 4958 καὶ
2880 4904 3048 4975 ἀλλην
3098 4906 3366 4977 εἰργάσω.
3417 4907 3510 4972 Ὠς
3545 4905 3655 4978 γὰρ
3680 4901 3819 4966 δεῖξαι

588 5000 757 5071 aptus
792 5010 938 5058 esset
963 5003 1030 5057 ad
1052 5002 1446 5073 imperandum,
1478 4998 1552 5055 ita
1585 4997 1948 5054 laudationem
1981 4995 2161 5050 absol-

2269 4994 2592 5067 βουλόμενος
2652 4995 2751 5069 τὴν
2810 4994 3011 5063 αἰτίαν,
3074 4995 3142 5050 δι’
3184 4995 3272 5068 ’ἢν
3328 4998 3645 5080 ἐπιτήδειός
3705 4997 3818 5080 ἐστιν

586 5095 739 5152 visti.
770 5094 1004 5151 Mentem
1030 5095 1213 5164 itaque
1241 5108 1348 5148 non
1377 5092 1729 5147 admittentes
1755 5101 1930 5144 artem
1961 5100 2153 5142 sumus

2265 5088 2540 5160 ⁴Ιιγεῐσθαι,
2590 5086 2842 5141 obtrudi)
2876 5086 3151 5159 ἐγκώμιον
3187 5079 3545 5159 ἐπλήρωσας.
3578 5087 3686 5159 Τὴν

588 5186 865 5244 admirati.
2270 5196 2377 5252 μην
2415 5175 2508 5235 οὖν
2539 5180 2640 5234 οὐκ
2667 5178 3059 5248 ἀποδεξάμενοι
3080 5179 3178 5250 τὴν
3209 5179 3411 5252 τέχνην
3438 5178 3826 5253 ἐθαυμάσαμεν.

757 5275 1049 5335 CCCXLV.
1080 5306 1149 5359 5-
1194 5274 1465 5330 DANIELI
1509 5270 1989 5331 PRESBYTERO.

2511 5270 2692 5324 TME’.
2721 5298 2795 5309 --
2821 5269 3084 5323 ΔΑΝΙΗΛ
3128 5270 3353 5324 ΠΡΕΣΒ
3365 5271 3612 5343 ΥΤΕΡῼ.

1003 5367 1147 5434 Quid
1172 5368 1229 5423 in
1259 5364 1544 5438 Evangelia
1570 5366 1639 5421 sit
1673 5381 1889 5437 regnum
1921 5363 2014 5418 Dei
2038 5373 2084 5416 et
2112 5377 2325 5431 regnum
2358 5360 2627 5417 calorum.
2649 5359 2825 5431 (Couf.
2854 5361 3003 5431 epist.
3041 5360 3167 5425 206,
3202 5359 3296 5415 lib.
3330 5361 3447 5434 tu.)

655 5460 797 5533 Quia
843 5476 1171 5534 cognoscere
1219 5462 1418 5517 avebas
1472 5459 1601 5529 quid
1653 5460 1724 5515 sit
1767 5459 1821 5513 iu
1870 5456 2160 5526 Evangelio

2353 5453 2569 5525 Ἐπειδὴ
2596 5450 2870 5525 ἐζήτησας
2898 5451 3114 5524 μαθεῖν,
3133 5450 3189 5505 τί
3218 5450 3337 5507 ἐστι
3358 5453 3657 5517 ,βασιλεία
3681 5445 3836 5510 Θεοῦ,

1658 5574 1895 5632 VARUE
1933 5571 2318 5631 LECTIONES
2353 5571 2443 5627 ET
2480 5569 2713 5628 ΝΟΤιλΕ.

672 5697 751 5766 l7)
790 5698 939 5754 Inter
986 5699 1110 5763 τοὺς
1155 5708 1210 5755 et
1256 5694 1427 5765 κακίᾳ
1488 5703 1711 5766 uterque
1761 5695 1929 5751 codex
1980 5692 2170 5748 inserit

2282 5760 2296 5766 Α
2350 5688 2426 5766 (8)
2463 5688 2610 5743 Inter
2639 5687 2770 5741 αὐτὸ
2808 5686 3214 5766 θιρξετάσειας
3250 5685 3417 5766 iidem
3451 5656 3838 5766 ί-ηίξηιιιεηικςς

674 5741 720 5755 ..
998 5741 1109 5763 ...η
1157 5741 1210 5755 ν.
1259 5741 1426 5765 ..απτ
1489 5741 1710 5766 κως-.-
1765 5741 1929 5751 πη.-
1982 5741 2168 5748 .-.---.-

598 5741 950 5824 hahl’ossttt.

2278 5741 2436 5814 ἑαυτδ
2462 5741 2689 5815 ὲῐῐτετε.
2717 5741 2839 5827 post
2864 5758 2918 5827 ι,
2940 5741 3212 5822 ’ἀποίσεις
3227 5754 3481 5813 scribunt
3516 5748 3748 5805 ἀποίσει.
3771 5741 3838 5798 In.
