4070 6364
256 361 392 428 1537

1067 353 1607 420 EPISTOLARUM
1644 351 1792 412 LIB.
1833 350 1900 412 V.
1933 373 2005 384 --
2031 349 2272 412 EPIST.
2336 350 2677 412 CCCXLIX.

3388 344 3525 414 1538

253 475 354 530 καὶ
404 473 701 539 βασιλεία
746 469 1044 542 οὐρανῶν,
1092 467 1540 532 άντιεπιστέλλω,
1577 466 1662 518 ὅτι
1702 465 1847 526 τινὲς
1875 468 1903 524 Α

1958 479 2168 534 regnum
2210 457 2335 527 Dei,"
2353 474 2407 518 et
2439 481 2653 534 regnum
2689 461 2959 529 caelorum,
3013 461 3316 532 respondeo
3361 473 3528 530 quos-

257 566 362 637 μέν
407 565 614 618 οἴονται
660 563 778 632 τὴν
806 563 914 616 τοῦ
943 561 1092 616 Θεοῦ
1133 560 1356 632 μείζονα
1382 555 1522 612 εἶναι
1557 555 1652 610 καὶ
1697 553 1840 608 θειο-

253 655 441 727 τέραν,
473 655 575 726 τὴν
593 655 650 710 δὲ
674 654 795 710 τῶν
822 651 1100 723 οὐρανῶν
1143 652 1402 705 ἐλάττονα
1432 649 1528 705 καὶ
1580 646 1840 702 καταδεε-

255 747 476 820 στέραν.
515 749 678 813 Τινές
698 748 756 802 δέ
783 764 916 818 φασι
949 746 1080 818 μίαν
1111 743 1280 816 αὐτὴν
1307 737 1472 798 οὖσαν
1507 740 1632 796 καθ’
1662 738 1842 812 ὕπαρ-

254 838 362 908 ξιν,
423 839 698 914 διαφόρως
741 837 1188 910 ἐκπεφωνῆσθαι,
1239 835 1369 889 ποτέ
1425 831 1526 906 μὲν
1581 831 1692 886 ἀπὸ
1747 830 1843 886 τοῦ

1948 556 2073 610 dam
2102 555 2312 625 Opinari
2347 555 2437 610 Dei
2470 571 2681 627 regnum
2708 555 2884 626 majus
2915 568 3037 610 esse
3063 564 3230 624 tuque
3267 550 3528 617 divinius,

1951 645 2201 700 cwiorum
2235 660 2386 710 vero,
2417 646 2594 701 minus
2621 655 2784 717 atque
2807 645 3035 701 inferius
3061 645 3176 700 illo.
3212 643 3367 699 Alios
3394 657 3529 698 vero

1956 735 2229 794 aﬁirmare
2258 753 2424 793 unum
2461 752 2581 792 esse
2614 739 2864 809 idemque
2889 753 3134 810 regnum,
3165 738 3380 792 diverse
3403 735 3532 791 licet

1960 829 2282 898 eﬂ‘erantur,
2329 833 2600 887 interdum
2630 845 2662 886 a
2693 832 2800 886 Deo
2832 841 3092 901 regnante
3131 829 3356 896 ibidem,
3394 842 3533 883 nou-

257 930 640 1004 βασιλεύοντος
667 930 826 999 Θεοῦ,
871 930 1002 984 ποτέ
1029 929 1084 982 δὲ
1121 927 1230 982 ἀπὸ
1261 924 1370 980 τῶν
1407 921 1842 995 βασιλευομένων

1958 937 2226 992 nunquam
2266 923 2334 977 ab
2382 920 2608 992 angelis,
2657 921 2852 992 quibus
2882 921 3179 992 imperatur
3205 919 3312 976 illo
3340 931 3529 990 regno,

256 1025 508 1095 ἀγγέλων
534 1042 593 1080 τε
617 1025 712 1079 καί¹
737 1025 910 1094 άγίων
941 1022 1256 1094 κληθεῖσαν.

504 1132 705 1200 TMG”.
724 1161 796 1172 —-
819 1131 1071 1202 ΖΩΣΙΜῼ
1118 1127 1589 1198 ΠΡΕΣΒΥΤΕΡῼ.

1949 1023 2005 1070 et
2035 1030 2064 1069 α
2088 1013 2292 1070 sanctis
2315 1013 2623 1070 hominibus
2647 1013 2725 1069 sic
2759 1013 3077 1083 nuncupari.

2118 1121 2441 1180 CCCXLVI.
2467 1153 2531 1162 —
2561 1121 2818 1178 ZOSIMO
2870 1121 3352 1180 PRESBYTERO.

1335 1221 1416 1278 Ad
1447 1223 1636 1277 bonam
1659 1225 1882 1274 mentem
1905 1216 2119 1278 inuitat.
2153 1233 2186 1272 a
2216 1216 2458 1273 libidine.

328 1335 396 1388 Et
426 1331 521 1388 καὶ
571 1333 642 1388 τά
693 1333 780 1404 ἐφ’
823 1325 1022 1404 οἷσπερ
1071 1331 1234 1396 ἁλοὺς
1288 1330 1482 1404 πρώην
1513 1330 1838 1401 ἐκολάσθης,

255 1422 433 1476 νοσῶν
455 1421 790 1496 ἀγριώτερον
813 1417 970 1486 αὖθις
1000 1422 1294 1494 ἐφωράθης
1319 1439 1334 1453 ·
1369 1421 1506 1476 ἀλλά
1533 1438 1598 1491 γε
1625 1423 1674 1474 εί
1699 1420 1840 1474 παύ-

2022 1329 2089 1386 Ει
2118 1331 2164 1386 si
2182 1347 2410 1403 quorum
2433 1332 2714 1388 convictus
2737 1331 2887 1386 fuisti
2905 1345 3096 1402 ptenas
3112 1345 3280 1400 nuper
3295 1329 3532 1394 dederis,

1942 1423 2164 1493 gravius
2189 1430 2454 1494 aegrotare
2487 1438 2548 1480 es
2590 1424 2787 1478 iterum
2829 1423 3231 1493 deprehensus,
3263 1436 3450 1477 verum
3485 1423 3536 1480 si

260 1532 377 1568 σοιο
407 1514 508 1586 τῆς
541 1515 762 1586 μανίας,
810 1515 1113 1586 θεραπείας
1151 1514 1314 1587 τεύξῃ
1345 1530 1359 1545 ·
1396 1517 1444 1569 εί
1482 1515 1538 1569 δῖε
1579 1513 1840 1586 δυσχερές

1958 1513 2190 1568 insanire
2221 1514 2456 1578 desines,
2489 1513 2753 1568 medelam
2789 1513 3162 1583 consequeris.
3193 1510 3289 1566 Sin
3321 1511 3536 1566 diliicile

259 1619 343 1656 σοι
371 1601 521 1656 δοκεῖ
546 1603 609 1656 τὸ
632 1603 1000 1674 άποφοιτῆσαι
1044 1602 1142 1673 τῆς
1192 1603 1416 1669 κακίας,
1461 1601 1840 1674 χαλεπώτερον

1958 1605 2040 1662 .ibi
2075 1606 2323 1662 videatur
2374 1607 2443 1661 ab
2483 1606 2832 1678 improbitate
2886 1605 3206 1672 discedere,
3265 1602 3538 1658 difﬁcilius

258 1689 401 1749 εἶναι
443 1694 652 1762 δοξάτω
685 1694 748 1749 τὸ
798 1697 898 1766 τῆς
937 1693 1214 1758 κολάσεως
1267 1693 1514 1766 μέγεθος.
1556 1693 1619 1746 Et
1661 1693 1708 1746 δ’
1743 1691 1844 1746 οὐκ

1959 1699 2085 1768 quid
2115 1713 2238 1754 esse
2266 1697 2582 1754 existimato
2631 1697 2878 1768 supplicii
2932 1698 3276 1768 gravitatem.
3303 1693 3457 1762 Quod
3489 1693 3539 1750 si

255 1786 362 1840 οἴει
395 1785 745 1851 κολάζεσθαι,
773 1786 942 1842 ἐννόει
972 1786 1098 1850 τοὺς
1119 1785 1238 1840 ἐκεῖ
1258 1783 1842 1858 τιμωρηθησομένους.
1879 1800 1903 1854 ε

1958 1807 2056 1846 non
2086 1801 2248 1860 putes
2301 1802 2353 1846 te
2385 1791 2714 1862 puniendum
2747 1805 2887 1856 esse,
2936 1790 3114 1860 cogita
3157 1789 3223 1844 de
3253 1789 3318 1844 iis
3347 1789 3437 1859 qui
3465 1787 3540 1843 ibi

261 1879 326 1933 Εἰ
353 1879 402 1933 δ’
431 1880 684 1944 ἀπιστεῖς
705 1881 820 1944 τοῖς
857 1879 1061 1945 ἐκεῖσε,
1091 1877 1189 1932 θέα
1211 1879 1339 1944 τοὺς
1369 1877 1651 1933 κάνταῦθα
1681 1876 1846 1932 κολα-

1958 1890 2215 1936 mternum
2281 1881 2691 1936 cruciabuntur.
2749 1877 2902 1945 Quod
2955 1878 3001 1933 si
3059 1892 3166 1932 non
3224 1877 3415 1932 credas
3466 1874 3540 1928 ibi

261 1970 516 2038 σθέντας,
569 1972 664 2026 καὶ
703 1969 1104 2044 κολαζομένους
1133 1986 1150 2003 ·
1184 1971 1280 2027 καὶ
1327 1971 1625 2042 ἀνένεγκον
1657 1971 1722 2024 ἐκ
1749 1967 1844 2024 τοῦ

1958 1973 2280 2029 cruciandos
2323 1972 2378 2027 in
2409 1971 2576 2026 altera
2607 1971 2754 2039 vita,
2784 1971 2908 2026 vide
2955 1971 3008 2025 in
3046 1978 3189 2047 terra
3240 1968 3458 2039 punitos
3485 1975 3543 2024 et

258 2062 428 2134 βυθοῦ
458 2065 558 2138 τῆς
589 2064 898 2134 ἀσελγείας.

1958 2066 2280 2138 puniendos,
2303 2073 2358 2120 et
2391 2067 2580 2135 pedem
2611 2063 2744 2121 etl‘er
2767 2079 2834 2118 ex
2864 2064 3124 2119 barathro
3152 2060 3414 2118 libidinis.

567 2173 744 2228 TMZ’.
783 2201 854 2214 —
880 2173 1144 2247 ΔΛΥΠΙῼ
1176 2174 1548 2246 ΕΠΙΣΚΟΠῼ.

2199 2175 2376 2234 CCCX
2389 2173 2544 2230 LVII.
2569 2205 2639 2219 —-
2671 2173 2904 2230 ADIPlO
2940 2171 3298 2229 EPISCOPO.

1410 2265 1667 2321 Ἀπόνοια
1692 2267 1832 2322 unde
1854 2267 1996 2324 dicta
2017 2279 2066 2326 et
2093 2269 2390 2324 Νουθεσία.

341 2374 568 2448 Ἐπειδὴ
597 2377 690 2430 καὶ
723 2378 758 2450 ἡ
791 2376 1024 2432 ἀπόνοια
1059 2380 1162 2450 τῆς
1215 2377 1564 2451 συμμετρίας
1605 2377 1701 2431 καὶ
1753 2376 1849 2431 τοῦ

2025 2377 2478 2451 Quandoquidem
2503 2378 2754 2450 ἀπόνοια,
2788 2377 2840 2434 id
2863 2385 2946 2434 est
2973 2378 3272 2442 amentia,a
3303 2375 3460 2432 modo
3487 2384 3543 2432 et

261 2470 478 2533 δέοντος
521 2469 856 2535 ἐκπεσοῦσα,
885 2471 980 2525 καὶ
1028 2471 1156 2540 ἄπο,
1202 2470 1474 2538 τουτέστι,
1520 2470 1719 2540 πόρῤω
1747 2467 1856 2524 τοῦ

1958 2469 2144 2528 debito'
2189 2471 2480 2536 excedens,
2522 2480 2578 2527 et
2603 2470 2712 2526 ἀπὸ
2738 2470 2834 2526 τοῦ
2868 2469 2994 2534 νοῦ,
3042 2469 3095 2524 id
3143 2477 3260 2534 est,
3283 2467 3470 2538 procul
3506 2485 3541 2522 α

260 2561 376 2617 νοῦ
403 2561 712 2632 γινομένη,
737 2561 803 2614 δι’
838 2559 867 2615 ὃ
895 2564 988 2616 καὶ⁵
1014 2563 1244 2618 ἀπόνοια
1261 2561 1502 2633 λέγεται,
1535 2559 1853 2624 ἀλαζονείαν

1958 2573 2126 2618 mente
2166 2565 2458 2631 exsistens,
2518 2564 2664 2620 unde
2715 2573 2772 2620 et
2815 2563 3044 2618 ἀπόνοια
3077 2561 3280 2617 Graecis
3341 2559 3543 2617 dicitur
3599 2565 3613 2574 ’

264 2651 584 2727 ἐργάζεται,
603 2652 702 2725 τὴν
727 2653 1019 2708 νουθεσίαν·
1037 2654 1448 2728 παραληπτέον,
1469 2655 1617 2727 ἥπερ
1637 2653 1854 2726 εἴρηται

1958 2655 2274 2726 superbiant
2326 2657 2488 2725 parit.
2580 2655 2896 2722 Νουθεσία,
2960 2655 3012 2710 id
3063 2665 3195 2720 est,
3251 2651 3542 2707 admonitio

263 2747 420 2818 παρὰ
451 2743 552 2818 τὴν
589 2745 684 2798 τοῦ
711 2744 804 2800 νοῦ
841 2745 1010 2802 θέσιν.
1063 2747 1218 2820 Τάχα
1271 2765 1390 2812 πως
1439 2746 1774 2811 ἀκούσαντες
1801 2746 1852 2800 oi

1959 2746 2261 2802 adhibenda
2285 2755 2368 2802 est
2397 2761 2519 2817 qua:
2540 2746 2704 2802 etiam
2725 2747 2864 2802 dicta
2880 2745 3086 2802 Crat-cis
3103 2760 3134 2800 a
3157 2745 3352 2800 montis
3373 2754 3541 2800 statu.

257 2836 518 2905 τοιοῦτοι,
577 2835 796 2892 ἔνθεσθε
877 2839 1128 2910 καρδίαν,
1187 2841 1266 2906 εἰς
1343 2837 1852 2912 ταπεινοφροσύνην

1962 2837 2126 2894 Forte
2155 2839 2246 2909 qui
2297 2839 2526 2894 audiunt
2576 2838 2734 2906 tales,
2771 2839 2898 2894 hinc
2943 2853 3037 2892 cor
3063 2838 3128 2892 ad
3178 2835 3541 2892 humilitatem

259 2929 517 3002 ἁσμένως
551 2929 866 3001 βαδίσωσιν.

1964 2941 2156 2983 secure
2178 2927 2494 2997 disponunt.

548 3039 738 3096 TMH'.
769 3072 842 3084 --
871 3041 1204 3116 ΔΡΠΟΚΡᾼ
1235 3043 1549 3115 meum.

2034 3036 2200 3110 665
2229 3035 2594 3096 CCCXLVIII.
2619 3069 2688 3083 —
2713 3036 3111 3095 IIARPOCRE
3148 3033 3473 3093 BllETORl.

1029 3155 1108 3212 De
1138 3157 1594 3228 docentis‘oﬂicio.
1627 3155 1784 3229 (Sup.
1816 3155 1966 3224 epist.
2001 3149 2132 3213 215,
2160 3149 2290 3214 235,
2311 3149 2440 3212 265,
2471 3149 2601 3216 265,
2631 3147 2780 3222 290.)

333 3261 464 3327 Τοῖς
485 3263 756 3336 δυσηνίοις
791 3262 1065 3336 μαθηταῖς
1091 3264 1192 3335 (9),
1216 3258 1262 3318 ὧ
1293 3266 1550 3335 σοφιστά,
1583 3264 1676 3318 τὸν
1699 3264 1851 3336 χαλιο
1877 3250 1903 3308 (

2031 3257 2326 3328 Discipulis
2387 3257 2770 3323 refractariis,
2814 3273 2848 3312 o
2902 3257 3170 3326 sophista,
3211 3259 3358 3315 velut
3391 3259 3550 3330 equis

259 3355 354 3410 νὺν
379 3355 478 3410 τοῦ
514 3354 680 3426 φόϐου
719 3355 909 3428 ὥσπερ
934 3355 1138 3420 πώλοις
1171 3355 1410 3428 ἔμϐαλλε
1439 3374 1454 3389 ·
1494 3356 1590 3410 καὶ
1633 3354 1854 3409 ἐπιστό-

265 3448 394 3518 μιζε
449 3447 672 3514 αὐτοὺς,
725 3448 948 3504 ἐπειδὰν
975 3446 1258 3520 άγέρωχόν
1293 3465 1346 3502 τι
1400 3449 1496 3501 καὶ
1543 3446 1696 3519 παρὰ
1751 3445 1880 3517 τὴν*

265 3538 424 3610 ὴνίαν
462 3539 779 3611 πράττοιεν,
810 3540 899 3594 ῖνα
928 3541 1024 3594 καὶ
1068 3541 1116 3594 οἱ
1149 3539 1354 3611 εὐήνιοι
1409 3537 1572 3592 πλέον
1619 3539 1853 3592 ἐπιδοῖεν

264 3632 404 3704 πρὸς
434 3629 660 3703 ἀρετήν.
689 3632 764 3686 Τὸ
791 3631 902 3706 γάρ
936 3631 1046 3687 τῶν
1077 3631 1258 3686 αὐτῶν
1293 3629 1582 3696 ἀξιοῦσθαι
1611 3631 1740 3693 τοὺς
1777 3629 1854 3701 μὴ

263 3724 336 3777 τά
365 3723 509 3778 αὐτὰ
542 3712 906 3796 πράττοντας,
937 3723 1290 3779 ἀτοπώτατόν
1309 3725 1448 3785 ἐστι,
1477 3723 1572 3776 καὶ
1596 3725 1663 3794 τῇ
1684 3723 1852 3792 ἀρετῇ

264 3815 550 3886 ἐμπόδιον.
579 3814 677 3878 Et;
714 3813 958 3886 ἀθυμίαν
985 3815 1095 3888 γάρ
1117 3814 1406 3886 ἐμϐάλλων
1438 3813 1566 3878 τοὺς
1593 3813 1854 3886 ἀρίστους

265 3905 481 3976 ναρκᾷν
507 3903 947 3975 παρασκευάζει.
983 3904 1214 3976 Τρόπων
1233 3898 1326 3956 οὖν
1355 3901 1578 3972 μᾶλλον,
1616 3901 1651 3973 ἢ
1681 3899 1854 3969 λόγων

266 3994 579 4066 ἡγούμενος
629 3993 772 4050 εἶναι
818 3994 1016 4050 σαυτὸν
1053 3995 1372 4067 παιδευτὴν,
1413 3994 1628 4047 δείκνυε
1669 3993 1856 4056 αὐτοῖς

266 4087 580 4158 ἀρχέτυπόν
607 4105 732 4143 τινα
764 4087 1090 4159 χαρακτῆρα
1113 4087 1206 4140 τὸν
1243 4087 1440 4140 σαυτοῦ
1478 4087 1592 4158 βίον
1614 4104 1628 4118 ο
1650 4086 1711 4139 οὐ
1745 4087 1854 4158 γὰρ

263 4181 302 4240 .6
330 4179 491 4250 λόγος
522 4179 800 4244 τοσοῦτον,
827 4180 952 4234 ὅσον
975 4181 1003 4234 ὁ
1031 4179 1143 4250 βίος
1171 4179 1251 4242 είς
1284 4178 1486 4250 ἀρετὴν
1511 4179 1714 4248 ἐνάγει.

735 4286 918 4343 mea
949 4316 1022 4328 —
1043 4287 1132 4358 Τῼ
1179 4286 1382 4357 arm.

1961 3349 2241 3404 indomitis
2271 3350 2487 3403 frenum
2523 3349 2735 3404 timoris
2761 3348 2944 3417 injice,
2976 3357 3140 3418 atque
3169 3367 3264 3406 eos
3289 3352 3546 3418 capistra.

1961 3439 2054 3495 ubi
2092 3441 2222 3509 quid
2271 3441 2532 3506 insolens,
2588 3451 2642 3495 et
2683 3452 2880 3512 praeter
2936 3442 3175 3497 habenas
3227 3445 3459 3511 egi-rint,
3491 3453 3550 3499 ut

1963 3530 2133 3587 frenis
2175 3531 2279 3586 rite
2330 3523 2610 3600 parentes,
2655 3533 2776 3602 plus
2809 3535 2874 3586 ad
2919 3535 3173 3586 virtutem
3236 3537 3544 3604 proliciaut.

1960 3621 2097 3676 Nam
2125 3623 2312 3678 eadem
2343 3623 2582 3678 tribuere
2611 3625 2674 3678 iis
2697 3624 2789 3694 qui
2842 3640 2946 3678 non
2993 3626 3180 3678 eadem
3216 3637 3401 3694 agunt,
3453 3628 3550 3678 ab-

1961 3713 2337 3766 surdissimum
2357 3722 2457 3777 est,
2486 3713 2808 3783 virtutisque
2830 3715 3296 3783 impedimentum.
3319 3715 3548 3769 Animos

1961 3805 2102 3858 cnim
2137 3804 2480 3882 optimorum
2501 3803 2761 3872 dejiciens
2793 3821 2856 3860 ac
2891 3819 3245 3874 pl’OSiCl‘ilClla‘
3273 3816 3545 3886 torporem

1964 3897 2187 3952 inducit.
2230 3897 2598 3952 institutorem
2647 3897 2812 3968 igitur
2849 3909 2899 3952 te
2934 3900 3108 3967 potius
3143 3917 3350 3953 motum
3387 3917 3546 3968 quam

1963 4003 2276 4044 sermonum
2307 4004 2430 4044 esse
2459 3999 2628 4056 ratus,
2655 4000 2796 4044 tuam
2833 3991 2934 4045 illis
2972 3991 3134 4044 vitam
3175 3995 3414 4046 ostende.
3455 4008 3548 4047 ve-

1962 4081 2044 4134 lut
2073 4081 2427 4152 archetypum
2478 4081 2593 4135 sive
2623 4081 2920 4150 exemplar.
2977 4081 3094 4136 Non
3148 4086 3291 4138 enim
3341 4093 3546 4136 tantum

1962 4171 2162 4238 oratio,
2195 4182 2456 4242 quantum
2488 4176 2592 4226 vita
2617 4175 2680 4226 ad
2715 4176 2964 4228 virtutem
2995 4175 3162 4230 ducit.

2424 4282 2740 4340 CCCXLIX.
2767 4315 2838 4327 —
2869 4285 3095 4342 EIDEM.

1496 4394 1768 4450 Erubescit
1805 4395 2056 4451 laudatus
2097 4395 2333 4450 Immitis.

343 4505 469 4560 Ὀτι
550 4505 690 4576 πρὸς
769 4505 898 4569 τοὺς
962 4503 1216 4568 ἐπαίνους
1295 4503 1556 4576 ἐρυθριᾷν
1611 4505 1854 4572 πέφυκα,

2034 4503 2114 4557 Ad
2145 4502 2332 4558 laudes
2354 4503 2678 4558 erubescere
2707 4519 2792 4558 me
2815 4514 3008 4558 natura
3030 4503 3226 4568 solere,
3254 4505 3420 4574 probe
3457 4515 3542 4559 tua

273 4600 427 4673 μάλα
480 4597 727 4671 ἀκριϐῶς
773 4593 885 4652 οἵδέ
941 4613 1035 4652 σου
1076 4598 1110 4668 ἡ
1139 4596 1443 4662 παίδευσις.
1513 4596 1707 4650 Ἦνίκα
1750 4593 1903 4668 γᾶρ¹

1969 4593 2120 4648 novit
2169 4594 2478 4665 prudentia.
2515 4593 2648 4649 Cum
2683 4595 2824 4649 enim
2874 4611 3165 4650 occurrere
3214 4597 3366 4650 nobis
3417 4613 3543 4652 cum

273 4671 418 4764 μετὰ
448 4690 556 4745 τῶν
596 4689 708 4744 σῶν
757 4687 1029 4760 φοιτητῶν
1071 4691 1314 4760 ἐντυχεῖν
1347 4691 1482 4760 ἡμῖν
1515 4686 1862 4759 κατηξίωσας

1972 4685 2080 4741 tuis
2131 4671 2470 4742 auditoribus
2513 4687 2762 4758 dignatus
2815 4703 2874 4742 es
2935 4699 2988 4742 et
3038 4689 3165 4757 quid
3211 4689 3550 4760 interrogare

268 4781 372 4836 καὶ
403 4779 678 4853 ἐρωτῆσαί
709 4797 762 4834 τι
787 4779 898 4833 τῶν
925 4779 1086 4851 ιερῶν
1131 4779 1366 4852 Γραφῶν
1391 4778 1718 4850 ἠϐουλήθης,
1747 4777 1859 4847 ἐγὼ

1965 4793 1996 4831 e
2027 4779 2201 4832 sacris
2236 4778 2455 4833 Litteris
2487 4779 2724 4842 voluisti,
2757 4795 2856 4849 ego
2903 4796 3030 4834 vero
3065 4781 3174 4834 dixi
3221 4782 3396 4850 quoad
3431 4784 3549 4852 ejus

265 4871 330 4927 δὲ
360 4867 518 4927 εἷπον
541 4871 616 4936 ὡς
649 4865 838 4926 οἷόντε
863 4867 954 4944 ἦν’
983 4871 1045 4924 τὸ
1075 4871 1376 4943 τηνικαῦτα
1407 4871 1535 4942 παρ’
1568 4870 1723 4941 ὑμῶν
1760 4869 1860 4940 μὲν

1965 4865 2081 4921 fieri
2113 4867 2306 4937 potuit,
2333 4877 2460 4922 tunc
2483 4867 2702 4936 plausus
2724 4887 2752 4920 ει
2787 4868 2937 4924 vobis
2969 4870 3237 4938 processit
3265 4868 3550 4942 laudisque

266 4963 470 5037 κρότος
498 4961 611 5036 (10)
637 4962 954 5035 ἐξεφοίτησε
983 4961 1078 5016 καὶ
1109 4961 1336 5015 ἐπαίνου
1377 4959 1582 5034 ῥόθιον.
1623 4955 1773 5030 Ἐγῶ
1797 4959 1856 5014 δὲ

1965 4959 2196 5016 sonitus.
2223 4957 2512 5015 Perculsus
2541 4969 2716 5014 tamen
2750 4959 2824 5014 ita
2856 4957 2931 5015 fui
2959 4961 3265 5032 roboreque
3292 4960 3547 5027 snlfusns,

266 5051 420 5108 οὕτω
465 5049 819 5122 κατεπλάγην
878 5049 976 5104 καὶ
1029 5047 1383 5120 ἠρυθρίασα,
1443 5046 1521 5112 ὡς
1567 5047 1662 5102 ἐπὶ
1721 5047 1856 5102 πολὺ

1968 5059 2028 5103 ut
2065 5049 2152 5105 diu
2179 5050 2428 5120 stupidus
2457 5049 2734 5107 haeserim.
2794 5049 2904 5106 Cur
2952 5051 3118 5124 igitur
3153 5053 3338 5110 laudes
3387 5055 3548 5110 ador-

268 5143 486 5218 ἀχανὴς
549 5144 752 5214 μεῖναι.
817 5140 885 5195 Τί
926 5139 1126 5212 δήποτε
1184 5139 1366 5193 τοίνυν
1427 5137 1688 5200 ἐπαίνους
1731 5153 1862 5191 συν-

1969 5155 2132 5208 nans,
2171 5155 2294 5212 qua:
2318 5142 2515 5199 merita
2571 5153 2760 5200 nostra
2783 5143 2943 5218 longe
2990 5146 3278 5215 excedant,
3311 5146 3550 5218 misisti?

267 5237 412 5304 θεὶς,
443 5233 624 5306 πολλῷ
664 5233 765 5306 τὴν
791 5233 1072 5307 ἡμετέραν
1103 5231 1504 5304 ὑπερϐαίνοντα
1532 5229 1692 5296 ἀξίαν
1728 5229 1863 5283 ἐπέ-ι
1911 5282 1919 5289 ,

267 5329 496 5394 mm;
511 5346 528 5398 ς

1374 5481 1612 5541 VABIE
1652 5483 2043 5544 LECTIONES
2076 5486 2166 5544 ET
2203 5486 2442 5556 NOTAE,

347 5646 428 5721 (9)
452 5644 555 5703 Pro
589 5645 860 5718 μαθηταῖς
903 5645 1064 5704 iidem
1098 5643 1260 5701 codd.
1301 5645 1506 5702 habent
1549 5648 1860 5718 φοιτηταῖς.

259 5719 598 5865 “(smine
623 5787 818 5861 κρότος
837 5789 994 5848 codd.
1027 5787 1152 5846 Vat.
1174 5789 1280 5847 650
1308 5796 1362 5846 et
1381 5785 1488 5845 Alt.
1509 5746 1692 5857 legunt
1709 5787 1852 5858 ,κρό-

1965 5664 2074 5774 pout
2087 5659 2152 5773 etl
2169 5665 2313 5708 vers.
2341 5659 2522 5723 antep.
2567 5650 2728 5720 epist.
2763 5647 3017 5714 ἐπαίνους
3060 5656 3116 5705 et
3160 5646 3385 5705 ἐπαίνου
3421 5665 3542 5706 mu-

1987 5734 2054 5774 au
2087 5761 2098 5774 .
2157 5735 2212 5774 ι).
