4070 6366
323 353 462 424 i5“
1203 356 1742 420 EPISTULARUM
1781 357 1930 418 LIB.

1996 357 2040 418 Ῑ.
2057 383 2126 394 -
2145 357 2382 418 EPIST.
2426 355 2714 420 CCCLIX.
3467 349 3603 416 1512

325 468 736 544 μακροθυμίαν,
793 469 896 544 τὴν
949 468 1152 542 μικρῦν
1185 469 1436 542 ὕστερον,
1473 472 1523 524 ei
1578 469 1656 542 μὴ
1713 487 1913 540 γνωσι-

2022 469 2132 526 tius
2179 469 2521 528 tolerantiam
2573 469 2940 534 admiremini.
2983 483 3104 538 quae
3132 475 3254 538 post
3296 468 3455 540 paulo
3497 469 3601 523 ιιὶεἱ

323 562 635 634 paxque“,
685 563 947 628 τοιαύτας
1007 561 1170 617 αὑτὸν
1229 563 1672 637 είσπραξομένην
1727 563 1905 632 δίκας,

2016 561 2106 618 ille
2131 563 2424 634 κεῖμαι-ξι
2475 571 2654 620 tantus
2703 563 2848 618 brevi
2889 575 3083 632 paenae
3146 560 3352 631 exiget.
3405 568 3464 614 ut
3511 559 3601 628 qui

321 652 403 716 ὡς
433 653 560 719 τοὺς
627 655 725 712 νῦν
778 652 1188 721 καταόοῶντας,
1240 653 1340 728 τὴν
1394 655 1694 711 ἀδέκαστον
1739 655 1912 728 αὐτῆς

2018 669 2165 710 nunc
2229 653 2558 721 acclamant,
2605 653 2984 726 incorruptum
3045 653 3166 724 ejus
3193 653 3304 708 sint
3337 649 3601 722 judicium

319 744 666 820 ἀνακηρύξαι
685 747 888 820 ψῆφον.
2017 743 2385 814 ρτωιίίοιιιιιιὶ.

727 859 900 918 TNZ'.
920 893 992 907 -
1024 858 1181 917 ἸὉΙΣ
1210 859 1486 918 ΛΥἸῸΙΣ.

2476 859 2765 918 CCCLVIL
2788 891 2861 902 —
2884 859 3141 917 ιιεοΕιι.

1425 973 1548 1030 Non
1573 982 1650 1029 est
1686 974 1824 1030 idem
1850 961 2062 1045 jubere,
2103 987 2152 1033 et
2191 979 2512 1048 permittere.

395 1088 512 1144 Οὐκ
539 1088 656 1144 ἔστι
684 1093 882 1147 ταυτὸν
909 1093 1208 1162 κελεύειν,
1237 1093 1332 1148 καὶ
1354 1090 1441 1163 μὴ
1481 1091 1768 1148 κωλύειν·
1791 1089 1912 1146 οὐδὲ

2090 1087 2352 1146 Diﬂ'rrttnt
2386 1104 2518 1147 sane
2537 1091 2728 1162 jubere
2753 1099 2807 1147 et
2827 1091 3146 1161 permittere,
3173 1099 3232 1146 ut
3258 1097 3314 1148 et
3347 1090 3606 1149 ordinare

324 1181 680 1251 χειροτονεῖν,
716 1181 813 1234 καὶ
852 1183 1180 1254 συγχωρεῖν.
1231 1182 1306 1236 To
1353 1180 1451 1252 μὲν
1475 1181 1588 1250 γὰρ
1638 1180 1715 1245 ὡς
1767 1179 1908 1245 δέον,

2021 1196 2181 1237 manu
2233 1183 2512 1252 imposita,
2553 1192 2610 1239 et
2648 1183 2907 1239 tolerare.
2967 1179 3101 1238 Illud
3142 1182 3287 1238 enim
3333 1191 3419 1238 est
3462 1183 3605 1252 quod

323 1271 576 1341 γίνεσθαι
626 1273 1063 1344 προστάττεται·
1097 1274 1159 1328 τὸ
1182 1274 1241 1330 δὲ
1261 1273 1353 1328 διὰ
1379 1272 1479 1345 τὴν
1509 1273 1606 1327 τοῦ
1646 1271 1908 1338 αὐτεξουο

2015 1283 2229 1340 oportet
2257 1273 2398 1342 ﬂeri,
2428 1275 2645 1346 jubere;
2667 1275 2772 1330 hoc
2797 1288 2931 1330 vero
2950 1283 3174 1345 propter
3203 1275 3416 1330 arbitrii
3441 1275 3607 1332 liber-

325 1363 446 1420 σίου
475 1365 819 1439 προαίρεσιν,
910 1367 974 1422 τὸ
1001 1367 1341 1439 ἀνθρώπινον
1364 1364 1704 1438 κεκόσμηται
1731 1366 1910 1437 γένος,

2019 1371 2207 1433 tatem,
2239 1381 2346 1436 qua
2373 1367 2632 1438 praeditus
2679 1367 2844 1422 homo
2891 1375 2996 1432 est,
3049 1365 3380 1436 permittere.
3433 1367 3609 1424 Nolite

325 1461 716 1534 συγχωρείται.
757 1460 852 1531 Μὴ
892 1460 1074 1515 τοίνυν
1130 1461 1239 1516 τῶν
1269 1457 1649 1532 ἀγοραζόντων
1695 1459 1796 1530 τὴν
1834 1461 1914 1513 is-

2022 1456 2192 1527 igitur
2229 1474 2346 1524 eos,
2372 1461 2462 1528 qui
2511 1460 2817 1540 sacerdotia
2863 1468 3180 1516 mercantur
3222 1459 3526 1524 absolvere,
3553 1469 3609 1514 et

326 1549 584 1622 ρωσύνην
635 1551 923 1622 ἀφέμενοι,
959 1551 1052 1606 τὸν
1097 1551 1488 1624 συγχωροῦντα
1542 1549 1810 1606 αἱτιᾶσθε.
1850 1551 1914 1605 El

2021 1561 2146 1602 eum
2178 1549 2270 1618 qui
2295 1551 2514 1605 eosdem
2575 1550 2789 1611 tolerat.
2829 1563 3116 1606 accusare.
3147 1548 3427 1621 Siquidem
3461 1551 3606 1603 ettim

326 1639 432 1710 μὲν
463 1640 574 1712 γὰρ
604 1641 898 1706 ἀνεύθυνος
933 1636 1002 1714 ἦν
1045 1643 1080 1713 ἡ
1109 1643 1276 1715 ἀρχὴ,
1315 1641 1542 1704 είκότως
1595 1639 1915 1712 ἐδυσχεραί-

2023 1639 2312 1696 reddendis
2337 1641 2641 1698 rationibus
2672 1641 2942 1698 obnoxius
2987 1657 3092 1696 non
3143 1649 3291 1697 esset
3319 1641 3607 1712 ιηειεῖειτο-

323 1746 469 1786 νετε.
501 1731 566 1800 Et
587 1731 645 1786 δὲ
673 1731 948 1805 τοσαύτην
965 1735 1281 1788 ἀπαιτείται
1307 1731 1409 1804 τὴν
1456 1731 1614 1803 δίκην
1646 1732 1675 1784 ό
1707 1730 1914 1809 ταύτην

2023 1739 2131 1798 tus,
2162 1733 2359 1788 merito
2399 1733 2774 1806 indignemini.
2809 1733 2866 1791 Si
2903 1749 3037 1791 vero
3067 1743 3338 1792 tantarum
3377 1733 3611 1805 postule-

324 1820 552 1891 διέπων,
592 1824 717 1878 ὅσον
772 1825 869 1880 καὶ
919 1828 1020 1898 τὴν
1048 1823 1222 1897 τιμὴν
1257 1823 1405 1896 ἔσχε,
1451 1823 1913 1895 καταθρηνεῐσθαι

2019 1838 2104 1883 tur
2127 1839 2409 1897 pinnarum
2443 1827 2552 1894 ille,
2587 1827 2676 1897 qui
2719 1841 2814 1884 cas
2853 1827 3156 1898 dispensat,
3198 1837 3465 1897 quantum
3511 1827 3610 1880 Ita-

324 1913 396 1968 ἂν
427 1914 513 1987 είη
539 1915 770 1984 δίκαιος,
817 1918 900 1972 ὅτι
934 1919 1002 1990 τῇ
1046 1917 1169 1991 θεία
1205 1915 1565 1990 μακροθυμίᾳ
1603 1915 1684 1982 είς
1715 1915 1914 1981 κακίας

2021 1919 2139 1974 buit
2179 1918 2464 1986 honorem,
2497 1919 2678 1990 potius
2707 1918 3098 1988 deplorandus.
3120 1919 3262 1992 Quod
3308 1919 3489 1976 divina
3519 1919 3618 1974 bo-

325 2005 539 2075 ὲφόδιον
569 2009 942 2081 ὲπεχρήσατο.

2022 2012 2192 2067 nitate
2215 2011 2282 2066 ad
2310 2010 2509 2066 malum
2543 2009 2614 2066 sit
2635 2011 2860 2067 abusus.

573 2120 754 2174 TNH'.
780 2151 851 2162 —
891 2123 1143 2194 ΖΟΣΙΜῼ
1183 2118 1662 2192 ΠΡΕΣΒΥΤΕΡῼ.

2189 2119 2510 2191 CCCLVIH.
2546 2152 2620 2163 —
2648 2119 2904 2178 ZOSIMO
2939 2107 3429 2176 PRESBYTERO.

493 2224 762 2288 Honorum
791 2233 1023 2290 virorum
1060 2236 1352 2290 acerbiores
1383 2233 1810 2302 reprehensiones
1841 2250 1946 2290 non
1987 2234 2168 2306 inique
2201 2235 2468 2306 ferendas.
2498 2232 2739 2306 (Confer.
2771 2233 2929 2298 epist.
2975 2230 3098 2297 578,
3131 2231 3260 2298 448,
3293 2231 3448 2297 466.)

400 2343 464 2398 Ei
521 2343 618 2400 καὶ
654 2345 802 2418 πέρα
824 2345 938 2417 (ii)
996 2345 1092 2400 τοῦ
1137 2345 1352 2410 δέοντος
1391 2345 1586 2418 πρώην
1628 2345 1787 2417 ὤφθη
1833 2363 1918 2401 σοι

2085 2347 2166 2406 Ne
2203 2349 2507 2420 indigneris
2540 2347 2644 2406 etsi
2677 2355 2879 2418 praeter
2908 2349 3002 2416 ius
3039 2357 3113 2403 σε
3149 2348 3408 2403 decorum
3438 2361 3614 2416 nuper

325 2437 588 2509 φορτικὸς
619 2438 715 2492 καὶ
767 2437 1016 2510 ἐπαχθὴς
1043 2441 1072 2492 ὁ
1109 2441 1310 2504 παντὸς
1359 2440 1584 2494 ἐπαίνου
1615 2440 1910 2512 κρείττων,

2020 2442 2118 2496 tibi
2156 2441 2305 2497 visus
2345 2442 2530 2511 gravis
2579 2449 2878 2510 est-atque
2923 2453 3209 2506 caelestis,
3242 2440 3390 2494 omni
3440 2438 3617 2508 major

336 2530 678 2602 Ἑρμογένης
700 2532 730 2586 ό
755 2531 1078 2597 ἐπίσκοπος,
1111 2532 1460 2604 πληκτικωτέ
1471 2551 1547 2604 ρῳ
1571 2534 1921 2607 χρησάμενος

2021 2535 2180 2592 laude
2219 2533 2590 2603 Hermogenes
2639 2533 2947 2602 episcopus,
2971 2532 3145 2603 ωίῗ
3195 2531 3456 2598 mordaci
3486 2547 3618 2586 usus

323 2619 493 2692 λόγῳ,
525 2623 623 2675 καὶ
651 2622 869 2694 μακρὰν
893 2623 1036 2678 κατά
1060 2626 1163 2694 τῆς
1191 2624 1294 2694 σῆς
1327 2624 1602 2696 ῥᾳθυμίας
1629 2624 1924 2688 ἀποτείνας

2029 2627 2299 2690 oratione,
2333 2625 2660 2694 longamque
2703 2623 2935 2694 ignaviae
2964 2631 3072 2678 tute
3095 2622 3360 2678 adhibens
3389 2637 3617 2678 accusa-

323 2715 428 2784 τὴν
455 2715 814 2786 κατηγορίαν,
873 2715 948 2786 μὴ
1001 2715 1359 2788 δυσχεράνῃς.
1417 2717 1480 2770 El
1523 2718 1623 2788 μὲν
1651 2717 1762 2789 γὰρ
1791 2717 1924 2771 αὐτὸ

2024 2719 2252 2774 tionem.
2285 2718 2342 2773 Si
2375 2719 2520 2771 enim
2549 2716 2651 2771 hoc
2691 2715 2866 2785 ipsum
2917 2713 3136 2771 fecisset
3155 2725 3214 2769 ut
3241 2715 3615 2770 teeontrista-

328 2803 518 2870 τοῦτο,
548 2804 792 2877 λυπῆσαί
841 2822 901 2858 σε
944 2805 1308 2877 προελόμενος
1339 2806 1519 2876 μόνον,
1546 2808 1612 2861 τὰ
1643 2808 1714 2861 σὰ
1743 2823 1923 2877 γεγω-

2024 2820 2110 2867 ret
2141 2811 2336 2874 solum,
2370 2819 2422 2865 et
2471 2818 2560 2862 tua
2602 2807 2774 2877 magis
2823 2805 3202 2876 proscinderot
3233 2805 3385 2871 vitia,
3422 2807 3619 2860 merito

327 2895 553 2967 νότερον
593 2895 1004 2968 ὲξετραγῴδησε
1041 2897 1210 2960 κακὰ,
1246 2898 1475 2964 εἰκότως
1505 2890 1921 2971 ἐδυσχέραινες.

2029 2904 2415 2975 iudignareris.
2454 2901 2509 2955 Si
2542 2915 2672 2955 vero
2690 2901 2762 2956 'ad
2795 2909 2944 2956 tuam
2976 2899 3150 2954 solum
3188 2909 3442 2970 spectans
3473 2899 3621 2952 utili-

331 2987 397 3040 Εἰ
440 2986 496 3039 δὲ
525 2987 661 3058 πρὸς
705 2987 766 3040 τὸ
795 2986 1074 3061 συμφέρον
1131 3005 1213 3042 σοι
1255 2989 1416 3059 μόνον
1469 2990 1706 3060 βλέπων,
1735 2990 1836 3063 τὴν
1865 2991 1925 3045 ὲν

2030 3005 2196 3054 tatem
2233 2995 2414 3051 verbis
2449 2995 2522 3049 sit
2570 3007 2702 3048 usus
2739 2992 3111 3063 asperioribus
3135 3001 3191 3046 et
3217 2991 3449 3062 gratiam
3479 3006 3621 3060 prte-

328 3081 444 3142 τοῖς
472 3078 654 3148 λόγοις
682 3082 859 3151 ἄωρον
895 3080 989 3134 καὶ
1020 3081 1294 3152 ἐπιϐλαϐἧ
1324 3082 1487 3156 χάριν
1515 3084 1794 3152 παρεῖδεν,
1837 3084 1926 3138 ἵνα

2031 3089 2224 3145 stando
2258 3098 2307 3141 te
2331 3085 2557 3153 laeserit,
2589 3099 2697 3155 quo
2727 3099 2814 3140 res
2840 3094 2960 3139 tuas
2996 3083 3318 3154 corrigeret,
3352 3082 3621 3151 siquidem

330 3131 406 3224 .t
426 3131 1926 3247 i..;.;.'.".‘....aa.;a;mare?'.;{1;{.;;....:

2031 3131 2222 3145 ,ιω-ων
2259 3131 2307 3141 ...
2333 3131 2557 3153 Μυκη,
2591 3131 2694 3155 ιι..-
2727 3131 2813 3140 .--
2841 3131 2959 3139 ηπ
3000 3131 3228 3154 πυτ-.-

2033 3180 2466 3238 benevolentiam
2517 3177 2635 3243 eius
2673 3179 2963 3249 admittere
2993 3176 3151 3243 nolis,
3195 3177 3290 3230 sed
3341 3175 3622 3244 ignoscere

333 3261 532 3327 ξασθαι
553 3261 732 3332 βούλει
765 3264 865 3332 τῆς
923 3263 1136 3326 εὐνοίας
1193 3265 1378 3330 αὐτὸν,
1433 3265 1568 3319 ἀλλὰ
1614 3266 1925 3335 συγγνῶναι

2033 3288 2084 3332 te
2107 3276 2229 3347 ejus
2268 3275 2438 3329 amori
2469 3287 2680 3342 aequum
2723 3280 2830 3329 est.
2871 3270 3082 3324 Etenim
3122 3268 3279 3323 valde
3312 3282 3524 3326 vereor.
3557 3281 3623 3320 ne

329 3358 434 3426 τῆς
468 3355 742 3426 τοσαύτης
775 3355 1163 3427 φιλοστοργίας
1187 3355 1394 3420 δίκαιος
1418 3356 1484 3409 ἂν
1509 3358 1645 3426 εἴης.
1678 3359 1788 3411 Καὶ
1816 3357 1926 3428 γὰρ

2033 3369 2213 3423 divina
2274 3365 2640 3437 providentia,
2708 3371 2932 3434 propter
2963 3362 3154 3433 ignave
3185 3370 3349 3430 atque
3381 3357 3625 3428 improbe

332 3445 544 3517 σφόδρα
567 3445 822 3513 δέδοικεν,
859 3445 934 3519 μὴ
979 3445 1134 3517 παρὰ
1169 3445 1282 3518 (12)
1325 3447 1424 3517 τῆς
1457 3445 1609 3509 θείας
1637 3445 1918 3516 προνοίας,

2032 3461 2334 3514 traductum
2371 3457 2536 3511 vitam
2583 3469 2773 3525 pinnas
2805 3457 2920 3518 des,
2957 3464 3012 3508 ut
3061 3468 3130 3508 ne
3167 3465 3353 3504 vocem
3405 3449 3621 3519 quidem

331 3536 588 3592 οὕτωδιὰ
630 3536 729 3611 τὴν
757 3538 858 3608 σὴν
903 3537 1179 3609 ρᾳθυμίαν
1235 3538 1329 3592 καὶ
1361 3537 1562 3590 κακίαν
1601 3536 1921 3608 δυσφημού-

2035 3565 2200 3605 ausus
2231 3551 2448 3604 mittere
2483 3548 2553 3603 ob
2599 3548 2736 3606 tales
2768 3545 3066 3602 concitatas
3107 3544 3296 3598 turbas
3331 3541 3622 3598 factiones-

334 3629 533 3702 μένης,
577 3630 735 3696 δίκας
807 3631 941 3686 αὐτὸ
1003 3630 1359 3701 ἀπαιτηθεεη,
1415 3629 1492 3693 ὡς
1543 3628 1679 3700 μηδὲ
1738 3628 1924 3700 φωνὴν

2034 3659 2156 3714 que.
2197 3641 2562 3711 Quamobrem
2621 3649 2718 3696 aut
2747 3643 2863 3696 haec
2917 3649 3137 3708 patrare
3171 3637 3380 3702 desine,
3429 3644 3521 3689 aut
3557 3649 3628 3689 ne

335 3721 502 3793 ῥῆξαι
539 3722 820 3795 τολμήσας
845 3723 1097 3776 τοιούτων
1119 3721 1724 3794 δραματουργουμένων
1751 3736 1924 3791 τραγ-

1765 3736 1924 3791 πρα-γ-
2033 3750 2130 3792 eos
2162 3751 2384 3792 accuses
2413 3735 2505 3806 qui
2541 3743 2686 3790 tuam
2731 3733 3016 3803 deplorant
3057 3729 3372 3785 amentiam.

337 3813 540 3886 ῳδιῶν.
571 3816 642 3869 Ἦ
671 3809 765 3870 οὖν
817 3813 1025 3869 παῦσαι
1047 3813 1278 3868 τοιαῦτα
1309 3813 1474 3887 δρῶν,
1505 3813 1540 3886 ἢ
1579 3813 1654 3885 μὴ
1691 3811 1926 3866 ἐπαιτιῶ

331 3908 463 3974 τοὺς
485 3907 586 3980 τὴν
621 3907 718 3979 σὴν
745 3907 1224 3980 καταθρηνοῦντας
1255 3907 1473 3979 μανίαν.

621 4021 795 4080 TNG’.
819 4053 890 4063 —
919 4023 1174 4095 ΙΑΚΩΒῼ
1201 4022 1640 4094 ΔΝΛΓΝΩΣΤῌ.

2338 4017 2608 4076 CCCLIX.
2639 4048 2708 4060 -—
2729 4015 2989 4074 JACOBO
3017 4013 3337 4072 LECTORI.

1291 4139 1458 4192 Deum
1481 4154 1584 4191 non
1605 4138 1825 4204 mutari,
1855 4153 1884 4192 ε
1922 4137 2092 4193 sacris
2125 4147 2391 4192 ostensum
2427 4135 2668 4192 Litteris.

424 4252 491 4308 'H
521 4254 645 4310 θεία
675 4255 773 4312 καὶ
809 4257 1087 4330 ἀκήρατος
1135 4256 1232 4312 καὶ
1259 4257 1532 4328 ἀήττητος
1567 4255 1719 4323 δεξιά
1763 4254 1930 4310 ἀναλ-

2114 4253 2302 4308 Divina
2339 4262 2396 4308 et
2426 4253 2739 4323 incorrupta
2787 4249 3102 4318 invictaque
3147 4243 3242 4300 Dei
3271 4244 3492 4299 dextera
3522 4241 3628 4297 im-

336 4347 564 4414 λοίωτός
596 4351 714 4404 ἐστι
742 4349 878 4422 (15),
909 4350 1007 4405 καὶ
1035 4351 1122 4405 ἀεὶ
1159 4349 1304 4405 κατά
1329 4348 1398 4404 τά
1417 4348 1584 4416 αὐτὰ,
1623 4349 1718 4402 καὶ
1749 4346 1931 4404 ὡσαύ-

2037 4345 2317 4402 mutabilis
2367 4353 2450 4401 est
2499 4344 2692 4399 eadem
2742 4355 2962 4410 semper
3009 4337 3309 4406 eodemque
3349 4336 3508 4390 modo
3540 4334 3633 4388 ba-

343 4459 458 4506 τως
503 4441 642 4514 ἔχει,
680 4441 806 4498 οὔτε
855 4442 1142 4516 προκοπὴν
1181 4443 1546 4515 ἐπιδεχομένη
1597 4441 1697 4514 τὴν
1740 4441 1834 4496 ἐπὶ
1869 4441 1933 4496 τὸ

2038 4438 2194 4502 betts,
2227 4452 2400 4508 neque
2426 4437 2822 4493 incrementum
2864 4431 3084 4502 capiens
3112 4429 3166 4485 in
3191 4425 3365 4496 majus
3395 4426 3631 4498 (summa

341 4536 600 4605 κρεῖττον
627 4551 641 4565 ⁸
681 4535 964 4608 ἀκροτάτη
1002 4536 1110 4607 γάρ
1140 4537 1289 4591 ἐστιν
1333 4535 1500 4606 ἀρετή
1527 4551 1542 4566 ο
1577 4531 1700 4587 οὔτε
1777 4549 1946 4603 μετα-

2045 4532 2192 4587 enim
2231 4529 2310 4587 \‘is
2329 4527 2474 4586 Deus
2499 4527 2630 4598 est),
2649 4541 2730 4584 ‘ac
2761 4541 2831 4582 ne
2860 4525 2913 4580 in
2941 4521 3179 4579 deterius
3208 4519 3446 4590 quidem,
3485 4518 3631 4588 quod

341 4625 512 4698 σολὴν
539 4626 640 4700 τὴν
681 4625 776 4680 ἐπὶ
801 4625 872 4680 τὰ
898 4626 1070 4700 χείρω
1095 4643 1109 4658 ·
1143 4627 1204 4681 ού
1239 4627 1348 4700 γάρ
1381 4620 1492 4680 οἷόν
1517 4643 1598 4680 τε.
1641 4624 1938 4680 Μεταόάλ-

2041 4623 2157 4679 ﬁeri
2181 4621 2388 4692 nequit,
2416 4630 2678 4678 mutatur.
2700 4617 3014 4674 Abscedunt
3033 4613 3180 4670 enim
3207 4623 3260 4667 et
3287 4620 3630 4666 commutan-

341 4718 430 4773 λει
462 4719 520 4773 δὲ
555 4699 653 4774 καὶ
691 4719 902 4794 ἀλλοιοῖ
942 4721 1013 4775 τά
1061 4699 1399 4792 βελτιώσεως
1427 4716 1681 4789 δεόμενα.
1713 4715 1806 4770 Διὸ
1845 4715 1940 4771 καὶ

2041 4723 2128 4769 tur
2149 4728 2271 4784 qua:
2300 4713 2602 4770 mulatione
2631 4711 2892 4780 indigent.
2921 4706 3058 4762 llittc
3099 4705 3262 4761 etiam
3287 4701 3526 4772 psalmus
3551 4699 3632 4756 sic

344 4810 582 4882 Ψαλμδς
623 4793 1032 4884 ἐπιγέγραπται
1089 4829 1108 4863 ι
1163 4810 1274 4866 τῶν
1332 4807 1868 4881 ἀλλοιωθησομένων·
1909 4827 1931 4861 ι

2039 4807 2337 4880 inscriptus
2374 4823 2388 4861 :
2439 4824 2458 4859 ι
2499 4804 2606 4860 Pro
2633 4805 2700 4860 iis
2727 4802 2820 4873 qui
2867 4799 3189 4857 commutati
3216 4793 3432 4860 sunt”,
3474 4813 3493 4846 ι
3529 4793 3633 4848 hoc

341 4903 602 4959 τουτέστι
623 4945 639 4972 ,
669 4903 780 4960 τῶν
821 4904 1106 4977 βελτίωσιν
1153 4901 1574 4975 ὲπιδεξομένων,
1616 4902 1714 4956 καὶ
1767 4903 1847 4966 είς
1877 4901 1940 4955 τδ

2041 4910 2126 4958 est
2156 4900 2247 4971 qui
2274 4899 2525 4956 meliores
2547 4897 2766 4964 redditi,
2791 4909 2895 4952 nec
2912 4893 3107 4950 melius
3125 4889 3433 4946 deteriusve
3448 4901 3633 4942 susce-

345 4997 602 5070 κρεῖττον
659 4997 756 5052 καὶ
819 4997 1047 5070 ἄμεινον
1099 4994 1564 5068 ἀναχθησομένων
1590 5011 1604 5027 ο
1653 4995 1706 5049 εί
1753 4994 1939 5048 τοίνυν

2042 5001 2261 5064 perunt.
2295 4991 2427 5059 Quae
2468 5005 2592 5046 cum
2623 4991 2696 5046 ita
2728 4989 2860 5057 sint,
2912 5001 3021 5043 non
3065 4991 3151 5042 est
3185 4981 3353 5040 nimis
3399 4978 3631 5045 ditiicile,

341 5084 508 5142 ταῦθ’
537 5084 712 5153 οὕτως
747 5086 862 5160 ἔχει
886 5126 903 5154 ,
953 5087 1056 5142 οὐκ
1095 5087 1212 5142 ἔστι
1253 5085 1598 5158 περισκελὲς,
1643 5087 1780 5158 ὅπερ
1811 5085 1940 5159 ἠθέ-

2044 5085 2188 5154 quod
2214 5098 2545 5157 cognoscere
2577 5082 2806 5154 optabas
2864 5097 2881 5136 :
2923 5098 2942 5132 ι
2981 5078 3110 5134 Hac
3153 5073 3383 5132 mutatio
3430 5072 3636 5129 dextra:

343 5179 526 5250 >.ησας
569 5180 782 5250 μαθεῖν,
829 5199 850 5233 ι
894 5179 1108 5254 Αὖτηή
1159 5180 1450 5245 ἀλλοίωσις
1493 5181 1593 5244 τῆς
1636 5177 1818 5246 δεξιᾶς
1845 5177 1941 5234 τοῦ

2047 5175 2260 5234 Excelsi
2293 5177 2364 5234 υ.
2413 5195 2433 5231 ι
2468 5175 2587 5234 Non
2614 5175 2760 5247 quod
2787 5180 3052 5242 mutetur,
3087 5169 3293 5242 quiest
3321 5163 3635 5224 immutabi—

441 5337 490 5373 ⁸⁸
525 5338 840 5406 Psal.xt.tv,
882 5338 933 5394 l.
992 5338 1040 5372 "
1081 5337 1224 5396 Psal.
1270 5355 1472 5404 uxw,
1499 5339 1589 5394 il.

1457 5490 1694 5550 νΑιιιιε.
1735 5491 2120 5550 LECTIONES
2154 5493 2245 5550 ET
2290 5489 2525 5553 NOTAE.

426 5651 540 5794 ill)
574 5649 679 5708 Pro
704 5651 852 5726 πέρα
887 5652 1070 5724 legunt
1111 5652 1262 5725 παρὰ
1289 5613 1447 5709 codd.
1497 5652 1682 5706 iidem.
1717 5650 1936 5732 Possm.

455 5721 544 5793 12)
575 5722 739 5794 Iidem
762 5725 968 5794 tollunt
998 5723 1150 5794 παρά
1165 5726 1307 5794 quod
1333 5725 1384 5778 in
1417 5723 1564 5779 edito
1590 5731 1668 5778 est
1698 5732 1941 5792 posuum

2121 5649 2236 5774 (13)
2263 5652 2404 5708 Ante
2448 5651 2567 5707 ἐστὶ
2609 5648 2765 5707 codd.
2807 5647 2930 5705 Vat.
2982 5644 3088 5703 650
3131 5653 3186 5704 et
3215 5642 3339 5716 Alt.
3390 5636 3639 5702 inserunt

2049 5738 2131 5776 τε.
2181 5737 2231 5779 o.

429 5720 544 5794 (12)
575 5722 739 5778 Iidem
773 5720 968 5779 t'ollun't
998 5723 1150 5798 παρά
1165 5720 1307 5794 quod
1333 5725 1384 5778 in
1417 5723 1564 5779 edito
1590 5731 1668 5778 est
1698 5721 1941 5792 positum
2049 5720 2231 5779 τε.⁷1ο.

353 5794 503 5850 inter
538 5791 612 5863 μὴ
639 5804 692 5850 et
719 5793 838 5865 τῆς.
873 5793 949 5849 ιο.
