4070 6380
482 368 618 435 1543
1680 370 1741 433 S.
1779 367 2076 431 ISIDORI

2139 362 2550 427 ’ELUSIO‘I‘.E
3607 344 3746 412 ιδιι

476 485 546 542 lis
563 496 620 540 et
647 484 796 540 onmi
824 484 1124 541 mutatione
1149 484 1399 556 superior
1421 483 1595 541 Deus:
1624 502 1643 536 ι
1672 483 1860 541 Videte
1885 484 2057 550 enim,

2170 480 2429 553 Ὑψίστου
2448 495 2461 510 ⁸
2503 497 2523 532 ι
2554 478 2651 549 οὐχ
2668 476 2733 548 ἢν
2760 473 3088 540 ἀλλοιοῦται,
3121 469 3476 532 ἀναλλοίωτος
3503 467 3614 539 γάρ
3636 467 3757 520 ἔστι

477 578 576 645 ait,
610 578 789 634 videte
825 578 951 647 quia
991 592 1093 650 ego
1147 592 1291 644 sum,
1321 585 1377 632 et
1425 591 1533 632 non
1580 585 1760 633 mutor
1787 576 1869 644 ”;
1913 594 1934 630 ι
1965 578 2058 632 sed

2166 576 2262 630 καὶ
2292 572 2475 643 πάσης
2512 568 2814 642 μεταϐολῆς
2843 565 3110 638 κρείττων
3130 581 3145 595 ·
3195 582 3215 617 ι
3272 562 3445 616 Ἴδετε
3471 559 3605 630 γὰρ,

478 644 657 725 mutat
686 644 924 736 alios,-et
953 670 1006 723 in
1027 644 1241 724 vmelius
1262 677 1569 725 commutat
1603 686 1619 724 :
1652 668 1910 724 meliores
1951 669 2060 723 ita-

2170 665 2277 733 σὶν,
2309 662 2471 729 ἴδετε,
2492 663 2577 716 δτι
2603 658 2714 729 ἐγώ
2742 660 2881 730 εἰμι,
2912 657 3009 710 καὶ
3037 655 3139 709 οὐκ
3172 652 3479 725 ὴλλοίωμαι
3501 666 3518 682 ο
3561 667 3580 701 ι
3617 644 3762 701 ἀλλὰ

479 776 585 831 que
614 759 775 815 cilicii
808 769 972 830 atque
1000 762 1052 815 in
1101 770 1305 817 statum
1359 761 1664 831 meliorem,
1693 761 1789 833 qui
1817 773 1883 817 eo
1917 759 2063 817 indi-

2170 756 2240 827 ἣν
2271 754 2510 820 ἀλλοιοῖ,
2555 751 2651 806 καὶ
2705 747 3033 822 μεταϐάλλει
3058 786 3075 813 ,
3110 745 3207 800 καὶ
3241 741 3444 833 βελτιοῖ
3461 777 3477 805 ,
3516 738 3624 833 *καὶ
3675 738 3763 801 είς

480 830 627 919 gent,
662 850 910 904 traducit.
1032 918 1035 919 ν
1647 830 1655 831 7
1711 830 1730 833 _

2171 846 2438 919 ἀμείνονα
2461 844 2796 900 κατάστασιν
2829 841 2955 911 ἄγει
2981 839 3111 902 τοὺς
3134 834 3342 906 ταύτης
3367 830 3677 902 δεομένους.

900 918 1148 1018 θεοιιι.
1203 990 1275 1004 -
1316 960 1639 1020 summo.
2218 918 2226 919 ί

2218 918 2226 919 ί
2681 950 2801 1009 ΤΞΥ.
2835 985 2905 997 -
2940 948 3255 1020 suone.

1434 1053 1505 1110 In
1533 1053 1795 1124 loquendo
1823 1063 1873 1109 et
1903 1050 2180 1108 scribendo
2209 1051 2397 1108 modus
2435 1049 2786 1107 adhibendus.

549 1174 826 1244 Siquidem
861 1174 982 1245 plus
1027 1173 1172 1244 loqui
1207 1188 1372 1245 quam
1416 1182 1667 1244 oporteat
1717 1187 1826 1228 non
1855 1180 1942 1229 est
1978 1171 2063 1228 vi—

2241 1172 2306 1226 El
2343 1169 2405 1225 τὸ
2434 1169 2597 1225 πλέον
2621 1168 2733 1223 τῶν
2758 1167 3074 1238 ἀναγκαίων
3102 1165 3304 1237 λέγειν,
3331 1164 3438 1219 οὐκ
3464 1161 3618 1217 ἔστιν
3650 1157 3755 1212 ἀνι

477 1264 577 1319 rile
612 1281 625 1318 :
658 1264 778 1334 plus
812 1264 976 1320 etiam
1006 1266 1251 1322 scribere
1301 1281 1466 1336 quam
1511 1280 1735 1322 necesse
1762 1266 1857 1334 sit,
1908 1266 2074 1321 femi-

2168 1264 2316 1336 δρὸς,
2351 1262 2413 1317 τὸ
2442 1259 2607 1315 πλέον
2642 1258 2753 1314 τῶν
2782 1258 3101 1328 ἀναγκαίων
3131 1256 3390 1329 γράφειν,
3426 1254 3512 1324 ειη
3559 1266 3757 1321 γυναι-

479 1369 642 1411 neum
674 1353 860 1412 fuerit.
894 1354 1066 1428 Igitur
1096 1364 1154 1414 et
1181 1357 1469 1428 loquentes
1508 1372 1573 1412 ac
1599 1357 1907 1415 scribentes
1943 1371 2069 1414 ser-

2168 1358 2287 1420 κός.
2320 1352 2533 1409 Οὐκοῦν
2559 1353 2657 1407 καὶ
2695 1350 2968 1421 λέγοντες,
3009 1350 3109 1404 καὶ
3137 1362 3445 1420 γραφοντες
3470 1349 3572 1416 τὴν
3606 1359 3758 1411 συμ⁴

475 1460 666 1503 vemus
692 1446 936 1503 modum.

2171 1449 2398 1521 μετρίαν
2430 1447 2706 1519 τιμῶμεν.

867 1561 1139 1620 CCCLXI.
1185 1593 1256 1606 —
1283 1560 1678 1619 SERAPIONI.

2628 1556 2798 1612 TSA'.
2833 1585 2902 1596 --
2930 1551 3321 1609 ΣΕΡΑΠΙΩΝῙ.

1703 1654 1971 1711 Amicitia
2000 1654 2227 1726 improbi
2249 1652 2539 1708 renuntiat.

548 1768 628 1823 lla
661 1766 727 1824 de
754 1782 841 1823 me
864 1766 1168 1837 existimes,
1198 1782 1308 1824 non
1356 1771 1512 1840 quasi
1559 1770 1889 1827 toleraturus
1943 1771 2072 1836 sim,
2104 1767 2147 1822 Β

2258 1767 2346 1831 Ὦς
2387 1764 2488 1819 οὐκ
2517 1760 2843 1833 ἀνεξομένου
2887 1776 3011 1831 μου,
3043 1757 3099 1811 εῐ
3131 1774 3183 1811 τι
3227 1756 3431 1812 ἄτοπον
3461 1751 3724 1826 δράσειας
3747 1760 3763 1781 ⁴

479 1859 526 1913 si
569 1857 698 1929 quid
730 1858 949 1914 absurdi
975 1859 1348 1929 commiseris,
1375 1861 1470 1917 sed
1497 1862 1720 1918 omnino
1741 1862 1921 1919 ollicio
1949 1878 2070 1920 meo

2194 1859 2319 1915 me
2346 1858 2564 1921 πάντως
2608 1856 2669 1908 τὸ
2707 1851 2948 1926 ἐμαυτοῦ
2977 1852 3296 1922 ποιήσοντος
3326 1849 3420 1902 καὶ
3446 1842 3801 1918 ὲξοστρακίκ

479 1947 787 2014 iuncturus,
812 1958 975 2018 teque
997 1962 1066 2005 ex
1088 1957 1235 2006 coetu
1261 1949 1558 2006 amicorum
1585 1953 2064 2010 exterminaturus.

1939 1970 2064 2010 irus.
2180 1950 2363 2014 σοντός
2388 1964 2448 2002 σε
2468 1945 2563 2001 τοῦ
2591 1943 2755 2017 χοροῦ
2782 1942 2889 1998 τῶν
2919 1942 3109 2014 φίλων,
3141 1940 3285 1995 οὕτω
3313 1937 3546 1994 διανοοῦ.

693 2058 989 2119 CCCLX".
1019 2089 1092 2104 ι-
1113 2060 1487 2119 EPIPHANIO
1528 2061 1852 2120 DIACONO.

2471 2055 2637 2113 τΞιιο.
2676 2085 2748 2097 --
2782 2053 3111 2124 ΕΠΙΦΑΝΙῼ
3137 2049 3460 2122 susum.

1232 2154 1399 2211 Bonis
1444 2156 1667 2211 adversa
1690 2158 1816 2227 pati
1849 2157 2001 2212 laudi
2038 2164 2136 2221 est,
2167 2154 2296 2209 mali
2323 2152 2605 2217 dedecori;
2633 2158 2681 2204 et
2710 2164 2818 2219 seq.
2861 2147 3015 2215 epist.

554 2243 790 2315 Equum
825 2254 913 2302 est
959 2244 1108 2301 hunc
1146 2244 1367 2317 quidem
1390 2247 1464 2303 ob
1515 2245 1781 2326 maleﬁcia
1826 2248 2073 2319 punitum

2254 2245 2316 2298 Ὀ
2350 2242 2451 2315 μὲν
2487 2241 2578 2296 διὰ
2606 2238 2814 2295 κακίαν
2839 2236 3207 2307 κολαζόμενος
3237 2231 3613 2304 αἰσχύνεσθαι,
3653 2232 3685 2284 δ
3709 2229 3768 2283 δὲ

483 2337 838 2405 erubescere,
867 2338 1102 2394 alterum
1144 2352 1277 2395 vero
1303 2339 1524 2397 virtutis
1547 2323 1727 2411 gratia
1755 2340 1926 2413 668
1952 2339 2072 2411 glo-

2171 2336 2239 2390 δι’
2268 2333 2472 2406 ἀρετὴν
2502 2328 2899 2404 ὲναόρύνεσθαι
2934 2329 3147 2392 δίκαιος
3182 2327 3251 2382 ἂν
3282 2325 3392 2398 εἴη.
3425 2325 3502 2380 Οὐ
3546 2323 3658 2395 γὰρ
3692 2324 3771 2413 τά

484 2429 640 2485 τίοιί.
666 2427 783 2484 Non
823 2429 969 2484 enim
996 2428 1186 2485 eadem
1217 2429 1285 2486 de
1311 2409 1683 2501 utroque‘par
1712 2409 1799 2487 est
1831 2409 2070 2497 scutire,

2173 2426 2314 2483 αὐτὰ
2347 2426 2569 2497 φρονεῖν
2600 2422 2799 2486 αὐτοὺς
2837 2419 2945 2493 χρὴ
2969 2461 2986 2486 ,
3035 2419 3136 2491 τῆς
3164 2416 3476 2480 ὑποθέσεως
3501 2453 3519 2479 ,
3554 2415 3654 2484 ἀφ’
3696 2409 3769 2487 ἦς

482 2531 803 2591 argumento
847 2537 1031 2578 rerum
1061 2529 1340 2594 gestarum
1384 2522 1679 2595 plurimum
1724 2525 1957 2581 invicem
1989 2524 2075 2581 di-

2173 2522 2412 2592 γίνεται,
2440 2517 2694 2572 πλεῖστον
2716 2510 3161 2584 διαλλαττούσης.
3183 2509 3320 2564 Οὐδὲ
3343 2510 3453 2580 γὰρ
3478 2508 3528 2562 εί
3559 2506 3770 2580 λῃστὴς

482 2624 790 2686 screpante.
828 2613 1020 2686 Neque
1043 2615 1193 2671 enim
1218 2617 1265 2673 si
1298 2616 1440 2674 latro
1472 2628 1529 2674 et
1558 2630 1763 2690 martyr
1791 2634 1951 2691 pares
1981 2633 2077 2689 pa-

2175 2614 2269 2669 καὶ
2299 2613 2511 2685 μάρτυς
2538 2609 2610 2664 τὰ
2632 2607 2775 2663 αὐτὰ
2806 2606 3110 2669 πείσονται,
3135 2602 3340 2674 ὁμοίως
3372 2598 3763 2655 διακείσονται.

483 2710 693 2765 tiantur
724 2710 1022 2776 cruciatus,
1046 2710 1236 2767 eadem
1272 2721 1402 2767 sunt
1431 2711 1643 2768 ratione
1674 2712 1983 2768 aestimandi
2004 2712 2072 2768 οι.

2175 2706 2269 2777 Τῷ
2295 2705 2394 2778 μὲν
2421 2703 2532 2777 γάρ
2567 2702 2687 2756 ἐστι
2716 2700 2959 2773 τιμωρία
2990 2697 3062 2752 τὰ
3094 2697 3357 2768 γινόμενα
3380 2710 3395 2726 '
3432 2692 3513 2765 τῷ
3545 2692 3604 2747 δὲ
3637 2707 3771 2745 στι·

480 2800 576 2856 llle
607 2800 754 2856 enim
784 2816 904 2870 quae
935 2802 1214 2857 commisit
1238 2816 1303 2858 ea
1335 2804 1392 2857 in
1418 2816 1636 2873 poenam
1677 2813 1921 2871 vertunt,
1947 2803 2077 2860 huic

2177 2796 2363 2865 φάνων
2394 2793 2684 2857 ὑπόθεσιςο
2714 2789 2796 2845 διὸ
2822 2792 2852 2844 ὀ
2887 2788 2989 2862 μὲν
3028 2785 3342 2853 ταλανίζειν
3386 2782 3580 2843 ἑαυτὸν
3607 2780 3766 2852 ὀφεί·

482 2901 666 2946 autem
694 2906 910 2947 corona
949 2905 1105 2962 seges
1132 2893 1463 2963 suppeditat.
1503 2892 1599 2949 llle
1626 2895 1792 2967 igitur
1818 2895 2076 2951 miserum

1207 2893 1463 2963 ppeditat.
1503 2892 1599 2949 llle
1626 2895 1792 2967 igitur
1818 2895 2076 2951 miserum
2114 2962 2144 2967 _
2175 2887 2280 2956 λει,
2315 2888 2345 2941 ὁ
2370 2886 2430 2942 δὲ
2463 2882 2814 2958 μακαρίζειν·

483 2999 544 3039 se
574 2984 806 3055 appellet
839 2990 1064 3043 necesse
1092 2994 1180 3042 est
1205 2962 1350 3052 {hic
1397 3002 1528 3044 vero
1572 2962 1794 3046 beatum
1827 3004 1889 3046 se
1932 3003 2073 3045 nun-
2101 2962 2146 3023 ο

485 3084 670 3143 Cupet.

944 3189 1257 3249 CCCLXlll.
1287 3223 1360 3234 —
1386 3184 1622 3253 EIDEM.

2677 3191 2841 3248 1'51".
2873 3220 2944 3233 -
2967 3190 3055 3263 Tu
3089 3188 3290 3261 Αγτυ.

1563 3288 1567 3293 ’
1937 3291 2015 3347 De
2037 3291 2217 3347 eadem
2250 3305 2326 3347 rc.

559 3396 674 3453 Non
715 3398 903 3455 eodem
937 3398 1080 3456 allici
1135 3401 1335 3459 debent
1372 3404 1785 3476 modo.quibus
1826 3405 1994 3477 juste,
2022 3414 2078 3460 et

2246 3402 2359 3474 υύχ
2390 3402 2419 3455 6
2455 3400 2680 3465 δικαίως
2706 3399 2800 3454 καὶ
2821 3398 3021 3462 ἀδίκως
3061 3397 3286 3467 πάσχων
3312 3412 3364 3448 τι
3394 3390 3632 3448 ἐνταῦθα
3668 3390 3770 3445 λυ-

487 3492 686 3562 quibus
729 3492 930 3563 injuste
958 3495 1009 3549 in
1038 3494 1140 3550 hoc
1171 3496 1375 3552 mundo
1419 3497 1596 3553 tristia
1636 3498 1957 3555 obveniunt.
1987 3490 2069 3555 Illi

2178 3496 2379 3568 πηρὸν,
2433 3492 2631 3565 ὁμοίως
2676 3490 2982 3546 διακεῖσθαι
3033 3489 3351 3559 ὀφείλουσιν
3387 3486 3466 3557 τῷ
3514 3486 3615 3557 μὲν
3661 3485 3775 3555 γὰρ

486 3583 631 3637 enim
670 3585 924 3639 accidunt
975 3583 1138 3653 mala,
1172 3593 1230 3641 ut
1270 3588 1552 3657 probetur,
1604 3589 1730 3665 huic
1761 3605 1826 3644 ex
1875 3590 2073 3645 merito

2175 3590 2297 3643 κατ’
2340 3587 2499 3656 ἀξίαν
2549 3586 2871 3657 συμϐαίνει,
2916 3584 2994 3656 τῷ
3042 3584 3101 3638 δὲ
3137 3583 3207 3637 δι’
3257 3581 3638 3653 εὐδοκίμησιν.
3682 3579 3777 3632 Διὸ

486 3688 583 3728 sua
616 3674 793 3744 culpa.
818 3673 953 3731 Huic
993 3675 1177 3746 itaque
1202 3677 1331 3732 illud
1356 3677 1480 3748 jure
1522 3688 1611 3735 est
1649 3681 2067 3747 usurpandum:

2174 3681 2270 3742 καὶ
2299 3681 2327 3734 ὁ
2382 3680 2480 3751 μὲν
2526 3678 2709 3748 λέγειν
2763 3677 2972 3742 δίκαιος
3003 3676 3070 3731 ἂν
3110 3675 3200 3748 εἴη
3227 3693 3240 3707 ο
3296 3694 3315 3727 ι
3368 3675 3486 3729 Οὐκ
3530 3673 3666 3738 ἄξια
3700 3665 3776 3725 ὧν

493 3785 514 3818 ι
557 3764 673 3821 Non
714 3781 811 3835 pro
856 3767 1095 3837 peccatis
1139 3769 1302 3839 digne
1352 3771 1489 3827 satis
1547 3770 1884 3843 ﬂagellatttur
1924 3772 1997 3835 ⁹²;
2047 3791 2067 3825 ι

2178 3773 2428 3844 ἥμαρτον
2447 3789 2512 3842 με
2520 3772 2897 3842 μαστίγωμαι.
2920 3790 2939 3823 ι
2975 3770 3034 3824 '0
3051 3769 3109 3825 δὲ
3129 3770 3229 3823 οὐκ
3246 3768 3371 3834 ἄξια
3385 3752 3456 3821 τά
3472 3766 3776 3837 παθήματα

495 3859 644 3931 justo
689 3873 819 3913 vero
853 3877 868 3913 :
911 3876 931 3912 ι
965 3857 1084 3914 Non
1112 3871 1241 3915 sunt
1279 3862 1565 3932 condignae
1598 3863 1877 3933 passiones
1916 3863 2075 3931 IIUJUS

2178 3864 2275 3918 τοῦ
2304 3862 2399 3917 νῦν
2432 3864 2628 3935 καιροῦ
2677 3864 2814 3936 πρὸς
2843 3864 2941 3934 τὴν
2980 3862 3285 3933 μέλλουσαν
3330 3859 3510 3924 δόξαν.
3551 3877 3571 3910 ι
3616 3857 3778 3912 Οὕτω

491 3947 753 4013 temporis
799 3946 866 4001 ad
902 3944 1144 4002 futuram
1178 3947 1405 4018 gloriam
1432 3949 1499 4004 ”.
1540 3967 1559 4002 ι
1593 3951 1686 4005 Sic
1734 3951 1952 4021 quidem
1986 3952 2077 4008 ille

2181 3955 2293 4026 γὰρ
2339 3958 2365 4009 ὁ
2401 3956 2500 4026 μὲν
2557 3955 2920 4026 εὐγνωμόνως
2951 3954 3253 4024 ὑπομείνας
3299 3950 3670 4023 ἀποτρίψεται
3708 3946 3778 4002 τὰ

491 4033 672 4090 ferens
707 4036 976 4105 patienter
1011 4048 1233 4107 peccata
1278 4040 1462 4110 expiat
1515 4058 1531 4096 :
1592 4040 1687 4099 hic
1744 4057 1873 4099 vero
1906 4058 2077 4115 gene-

2186 4047 2510 4118 πταίσματα
2538 4064 2554 4081 ο
2587 4049 2614 4100 ὁ
2644 4047 2701 4101 δὲ
2735 4048 2783 4102 εί
2817 4047 3083 4116 γενναίως
3122 4047 3260 4100 οἴσει
3284 4086 3300 4113 ,
3337 4044 3641 4115 στεφάνους
3664 4040 3777 4107 ἕξει

490 4142 636 4195 rose,
676 4128 940 4184 illustrem
968 4130 1318 4186 nanciscetur
1350 4146 1632 4189 coronam.

1068 4130 1318 4186 iciscetur
1350 4146 1632 4189 coronam.
2184 4138 2675 4211 τιμαλφεστέρους.

759 4242 1074 4302 CCCLXIV.
1105 4277 1174 4288 —
1205 4245 1435 4304 PETRO
1462 4247 1817 4306 MONACHO.
2116 4243 2159 4299 Ι)

2116 4243 2159 4299 D
2490 4253 2655 4309 τεΔο.
2688 4281 2760 4295 -
2792 4254 3021 4326 narro
3058 4250 3484 4310 MONAZONTI.

1342 4336 1660 4395 Gratulatur
1684 4341 1749 4394 de
1776 4339 2166 4410 amictionibtu,
2198 4353 2248 4398 et
2285 4346 2544 4417 quomodo
2589 4346 2922 4419 superatum.

561 4452 779 4509 Clarum
810 4455 1048 4511 habuisti
1073 4459 1440 4512 certaminum
1472 4458 1822 4528 principium,
1848 4470 1957 4527 quo
1984 4471 2084 4512 no-

2262 4464 2544 4538 Λαμπρὰν
2576 4465 2678 4537 μὲν
2708 4462 2867 4535 ἔσχες
2902 4462 3014 4517 τῶν
3042 4459 3272 4531 ἀγώνων
3317 4459 3417 4530 τὴν
3448 4456 3628 4528 ἀρχήν
3650 4470 3664 4484 ⁸
3690 4454 3784 4510 διὰ

492 4545 640 4601 mine
670 4547 968 4617 gaudemus
1001 4557 1166 4618 atque
1209 4548 1346 4605 adeo
1372 4548 1712 4605 exsultamus
1757 4566 1771 4603 :
1820 4557 1878 4605 et
1906 4557 2083 4605 mate-

2187 4558 2348 4615 τοῦτο
2387 4560 2482 4613 καὶ
2521 4557 2856 4630 σκιρτῶμεν,
2903 4556 2998 4611 καὶ
3032 4554 3328 4627 ¹χαίρομεν,
3385 4551 3481 4605 καὶ⁵
3520 4548 3782 4621 πανηγύ-

495 4636 631 4691 riam
664 4639 1007 4710 panegyricus
1039 4640 1358 4711 suppeditas
1385 4639 1674 4696 orationis.
1714 4637 1823 4696 Par
1862 4650 1946 4697 est
1977 4642 2082 4696 ita-

2172 4634 2334 4725 rpsm;
2364 4651 2624 4706 ὑπόθεσιν
2653 4650 2752 4722 τὴν
2785 4651 2884 4720 σὴν
2922 4648 3273 4719 εὐδοκίμησιν
3314 4642 3647 4714 ποιούμεθα.
3685 4642 3779 4694 Δί-

495 4746 602 4801 que
631 4734 952 4803 advigilare,
1002 4744 1165 4804 atque
1217 4735 1348 4791 huic
1382 4750 1607 4806 operam
1648 4735 1783 4792 dare
1830 4752 1938 4805 quo
1966 4734 2089 4791 linis

2191 4762 2348 4809 καιος
2384 4742 2429 4797 δ’
2466 4743 2534 4798 ἂν
2580 4742 2701 4812 εἴης
2749 4741 3051 4814 ἀγρυπνεῖν
3101 4739 3196 4794 καὶ
3247 4735 3585 4809 φροντίζειν,
3627 4734 3783 4797 ὅπως

495 4822 570 4877 sit
591 4821 822 4892 felicior,
862 4839 1023 4894 quem
1057 4828 1416 4898 consequeris
1448 4828 1520 4892 si,
1562 4844 1583 4880 ι
1619 4841 1744 4897 quae
1767 4837 1922 4884 retro
1961 4834 2090 4885 sunt

2189 4834 2584 4908 λαμπροτέραν
2616 4833 2759 4899 ἕξεις
2786 4832 2885 4905 τὴν
2912 4831 3171 4900 τελευτήν
3193 4847 3205 4859 ·
3238 4829 3383 4896 ἔξεις
3409 4827 3490 4895 δὲ,
3518 4826 3569 4879 εἱ
3605 4844 3623 4877 ι
3662 4823 3777 4878 τῶν

495 4915 826 4971 obliviscens
857 4917 923 4971 ad
985 4931 1048 4973 ea
1087 4933 1208 4988 qua:
1237 4929 1365 4974 sunt
1401 4920 1590 4990 priora
1628 4920 1862 4990 teipsum
1903 4929 2095 4975 exten-

2196 4929 2295 5003 μὲν
2342 4928 2569 4983 ὄπισθεν
2610 4926 2910 4990 ὲπιλάθοιο,
2962 4927 3077 4985 τοῖς
3109 4924 3166 4979 δὲ
3188 4920 3499 4994 ἔμπροσθεν
3524 4918 3780 4973 ἐπεκτεί-

498 5009 594 5063 das
631 5008 710 5076 ’⁸,
778 5027 798 5060 ι
844 5025 1021 5080 neque
1063 5013 1345 5068 existimes
1402 5022 1665 5069 coronato
1713 5013 2092 5069 abstinendum

2198 5039 2346 5077 veto'
2391 5040 2411 5074 ι
2466 5020 2564 5074 καὶ
2621 5021 2698 5091 μὴ
2750 5017 2988 5091 νομίσας
3034 5016 3139 5087 ἤδη
3190 5011 3629 5086 ἐστεφανῶσθαι,
3675 5010 3772 5065 τῶν

497 5116 618 5156 esse
647 5118 677 5155 a
727 5100 913 5157 labore
941 5102 1219 5174 deinceps.
1268 5104 1421 5160 Multi
1477 5107 1623 5163 enim
1692 5105 1892 5161 illustri
1938 5105 2083 5160 tacto

2196 5115 2378 5170 πόνων
2402 5111 2652 5169 παύσοιο.
2681 5110 2873 5166 Πολλοὶ
2902 5107 3013 5179 γὰρ
3034 5107 3309 5180 λαμπρῶς
3336 5104 3780 5178 προοιμιασάμε-

498 5208 691 5264 pngnm
718 5194 895 5258 initio,
936 5208 1059 5249 mox
1095 5197 1291 5265 supine
1315 5207 1539 5269 agentes
1567 5207 1782 5269 turpem
1814 5199 1942 5254 vitae
1968 5197 2085 5254 exi-

2191 5225 2306 5272 νοι,
2360 5206 2456 5261 καὶ
2500 5202 2906 5280 ὑπτιωθέντες,
2952 5199 3317 5262 τελευτῶντες
3354 5195 3603 5269 αἰσχρῶς
3650 5211 3782 5251 κατ-

500 5294 613 5336 ιυηι
648 5282 821 5338 secuti
845 5292 975 5338 sunt
1011 5301 1025 5338 :
1064 5285 1212 5355 quod
1241 5301 1428 5355 omen,
1477 5299 1629 5359 opto,
1666 5290 1809 5346 Deus
1852 5303 1881 5343 a
1927 5302 2087 5345 sacro

1994 5302 2087 5345 (εΓο
2195 5297 2489 5370 ἔστρεψανυ
2521 5296 2659 5368 ὅπερ
2691 5294 2858 5366 ἀπείη
2886 5292 2988 5364 τῆς
3020 5291 3175 5363 ἱερᾶς
3204 5307 3298 5344 σου
3331 5288 3601 5360 κεφαλῆς.

382 5376 401 5387 “
500 5384 590 5431 tuo
618 5376 792 5446 capite
826 5385 1055 5432 avertat.

711 5468 1005 5527 CCCLXV.
1034 5501 1107 5515 —
1126 5469 1527 5530 LAMPRETIO
1553 5473 1870 5533 DIACONO.
2114 5528 2129 5534 -

2114 5528 2129 5534 -
2444 5471 2611 5531 TEE'.
2641 5500 2713 5512 —-
2755 5467 3162 5538 ΛΔΜΠΡΕΤΙῼ
3188 5463 3513 5534 ΔΙΑΚΟΝῼ.

1387 5569 1654 5624 Severitas
1687 5570 1876 5628 iudicii
1904 5570 2073 5624 diuini
2107 5583 2205 5637 pro
2246 5577 2582 5639 peccatorum
2616 5564 2891 5637 qualitate.

574 5657 760 5726 Magna
783 5658 1001 5729 quidem
1036 5660 1128 5716 Dei
1161 5658 1368 5729 judicio
1394 5661 1610 5730 .summi
1649 5670 1735 5715 est
1787 5661 2084 5726 accuratio,

2271 5659 2450 5732 Πολλὴ
2477 5660 2578 5732 μὲν
2603 5658 2699 5713 τοῦ
2727 5656 2874 5712 θείου
2904 5654 3165 5712 δικαστοῦ
3195 5657 3229 5727 ἠ
3255 5651 3535 5725 ἀκρίϐεια,
3559 5650 3657 5707 καὶ
3683 5649 3782 5722 9f;-

552 5775 597 5805 ’°
635 5789 862 5854 Malach.
906 5805 990 5858 ιιι,
1021 5790 1079 5845 6.
1130 5794 1175 5826 "
1209 5794 1233 5851 ι
1271 5792 1417 5848 Petr.
1460 5809 1536 5860 tv,
1569 5793 1658 5848 15.
1717 5794 1764 5827 ⁸⁸
1797 5793 1982 5851 Judith
2004 5812 2125 5865 VIII,

1809 5793 1982 5851 Iudith
2004 5812 2125 5865 rm,
2160 5796 2252 5857 27.
2302 5798 2350 5832 "
2387 5799 2546 5855 Rom.
2579 5812 2697 5864 vm,
2724 5798 2813 5853 18.
2872 5795 2920 5829 ’⁸
2954 5793 3188 5865 Philipp.
3217 5808 3300 5861 ιιι,
3332 5791 3416 5848 15.
