4070 6380
341 355 460 424 iii-5

1124 369 1660 431 EPISTOLARUM
1692 371 1840 433 LIB.
1882 373 1949 434 V.
1991 400 2061 411 -
2098 377 2336 442 EPIST.
2379 381 2741 446 CCCLXVII.

3434 399 3569 468 1546

337 489 464 543 ματα
483 471 578 524 καὶ
608 472 932 544 πράγματα,
971 473 1064 528 καὶ
1093 477 1458 550 ἐνθυμήματα
1500 478 1886 548 βασανίζουσα,

1996 487 2162 541 verba
2191 486 2345 555 juxta
2370 505 2434 544 ac
2465 507 2570 559 res,
2616 497 2959 566 cognataque
3004 501 3334 570 expendens,
3382 510 3447 564 ad
3490 514 3578 570 iu-

332 563 414 618 καὶ
437 563 542 627 ἕως
581 563 789 618 ἀδύτων
819 566 1074 636 χωροῦσα
1097 607 1111 630 ,
1155 569 1248 621 καὶ
1288 569 1375 624 διὰ
1413 569 1634 622 πάντων
1683 570 1886 638 ἄγουσα

1999 578 2129 634 tima
2154 595 2324 648 usque
2353 563 2784 650 peuetraudoiac
2810 563 3108 646 scrutando
3135 605 3348 652 cuncta.
3381 596 3450 654 At
3486 602 3566 656 in-

332 652 689 724 τὴνίρευναν.
736 653 917 726 Πολλὴ
969 655 1026 708 δὲ
1060 657 1156 709 καὶ
1202 657 1359 727 ἡμῶν
1402 660 1437 730 ἡ
1486 659 1738 729 ἀμέλεια.
1785 660 1886 713 Καὶ

1995 683 2126 738 gens
2164 671 2322 726 nobis
2386 673 2624 741 ignavia,
2679 678 2784 733 etsi
2831 696 2937 735 non
2993 681 3162 752 fugiat
3220 701 3320 742 nos
3377 652 3568 759 pientis

330 742 487 796 ταῦτα
515 744 758 812 εἰδότων,
797 746 880 800 ὃτι
915 747 1137 813 πάντως
1178 747 1336 820 δίκην
1380 750 1671 822 ὑφέξομεν,
1706 755 1756 806 εί
1796 753 1886 810 καὶ

1993 761 2216 817 omnino
2255 764 2656 834 persoluturos,
2686 772 2937 838 quamvis
2977 789 3084 829 non
3107 778 3328 833 easdem
3353 795 3564 840 omnes.

329 833 396 904 μὴ
417 835 511 904 τὴν
537 833 708 906 αὐτὴν
738 834 1004 900 ἅπαντες.
1037 839 1112 891 Οὐ
1147 839 1252 910 γὰρ
1280 842 1330 893 oi
1357 843 1470 905 τοῖς
1494 842 1680 906 αὐτοῖς
1709 844 1890 913 ἁμαρ-

323 921 516 992 τήμασι
556 926 979 994 περιπεσόντες,
1030 926 1249 992 πάντως
1289 927 1390 999 τὴν
1438 929 1610 1000 αὐτὴν
1660 929 1889 985 δώσουσι

322 1011 484 1082 δίκην,
520 1013 595 1085 τῷ
627 1015 722 1068 καὶ
771 1015 950 1078 αἰτίας
989 1014 1362 1085 ἐξετάζεσθαι,
1395 1019 1488 1074 καὶ
1513 1021 1742 1092 καιροὺς
1791 1023 1888 1078 καὶ

319 1102 534 1166 τόπους·
572 1097 685 1157 οἷόν
727 1120 780 1157 τι
808 1103 986 1174 λέγωο
1019 1105 1220 1178 ἐναγὴς
1250 1109 1279 1162 ὁ
1323 1107 1502 1177 φόνος.
1553 1109 1650 1175 Τίς
1681 1111 1790 1182 γὰρ
1823 1112 1884 1165 οὐ

319 1193 501 1265 φήσει;
561 1194 702 1248 Ἀλλ’
743 1196 874 1249 ὅταν
897 1198 992 1250 καὶ
1020 1199 1078 1252 ὲν
1121 1199 1305 1268 ἁγίαις
1355 1201 1588 1272 ἡμέραις
1617 1203 1846 1272 γένηται
1866 1245 1882 1270 ,

316 1285 660 1357 ἐναγέστερος
698 1288 944 1356 γίνεται⁶
977 1291 1026 1343 εί
1064 1290 1122 1344 δὲ
1155 1292 1249 1346 καὶ
1279 1293 1338 1346 ὲν
1392 1293 1524 1364 ἱερῷ
1563 1295 1747 1365 τόπῳ,
1795 1297 1883 1348 ὲν-

314 1376 622 1444 αγὲστατος·
646 1378 740 1432 τοῦ
770 1379 944 1434 κακοῦ
968 1381 1062 1434 καὶ
1083 1381 1190 1436 ἀπὸ
1205 1383 1300 1437 τοῦ
1329 1384 1522 1456 καιροῦ
1548 1386 1642 1438 καὶ
1663 1385 1772 1440 ἀπὸ
1787 1386 1880 1440 τοῦ

313 1467 468 1520 τόπου
512 1469 884 1540 αὐξανομένου
909 1511 926 1538 ,
956 1471 1054 1528 καὶ
1106 1473 1428 1546 προσθήκην
1474 1477 1556 1540 είς
1607 1477 1880 1548 τιμωρίαν

308 1555 692 1630 λαμϐάνοντος,
725 1561 876 1632 καὶὴ
912 1563 1142 1633 πορνεία
1179 1563 1280 1636 μία
1313 1561 1456 1619 εἶναι
1496 1565 1752 1631 δοκοῦσα,
1783 1566 1881 1619 καὶ

305 1647 408 1700 ἀπὸ
443 1650 638 1721 καιροῦ
660 1688 674 1713 ,
713 1650 805 1705 καὶ
846 1651 956 1706 ἀπὸ
985 1651 1157 1707 τόπου
1192 1653 1474 1728 βαρυτέρα
1514 1656 1750 1725 γίνεται.
1781 1658 1877 1710 Ἓν

303 1739 475 1792 τοίνυν
499 1740 792 1812 σκοπῶμεν
819 1744 968 1808 ὅπως
983 1743 1054 1798 τὰ
1073 1744 1194 1798 καθ’
1220 1746 1448 1810 ἑαυτοὺς
1473 1743 1534 1800 εὖ
1559 1747 1860 1816 διαθῶμεν·

1993 849 2175 922 Neque
2205 855 2349 908 enim
2380 871 2591 925 omnes,
2637 861 2826 918 eadem
2875 865 3273 936 delinquentes,
3317 873 3564 930 eamdem

1990 940 2139 996 luem
2187 958 2428 1012 paruam,
2460 949 2590 1017 quia
2643 959 2698 1006 et
2731 965 2916 1020 causa,
2952 965 3009 1010 et
3037 957 3174 1025 loca,
3217 973 3284 1016 ac
3322 971 3562 1034 tempora

1987 1033 2462 1090 examinabuntur.
2493 1039 2653 1094 Verbi
2679 1043 2853 1110 gratia
2885 1044 3234 1104 homicidium
3270 1033 3562 1108 exsecran-

1989 1123 2114 1175 dutn
2149 1121 2410 1192 ﬂagitium
2435 1137 2538 1194 est,
2565 1129 2690 1198 quis
2719 1132 2916 1200 neget?
2947 1133 3096 1200 Quod
3123 1137 3167 1191 si
3199 1137 3351 1194 festis
3382 1150 3563 1211 patra-

1991 1221 2099 1266 tum
2127 1215 2199 1269 sit
2229 1215 2420 1271 diebus
2453 1220 2625 1289 magis
2653 1230 2740 1276 est
2788 1227 3204 1292 exsecrandum,
3251 1231 3298 1284 si
3352 1233 3404 1286 in
3444 1233 3562 1290 loco

1991 1319 2148 1360 sacro
2175 1309 2410 1363 maxime
2437 1312 2672 1376 exsistit,
2729 1313 3131 1384 detestandum,
3171 1319 3376 1392 ﬂagitio
3412 1339 3562 1381 sunt-

1984 1408 2204 1462 mopere
2227 1411 2254 1446 a
2287 1394 2387 1448 loci
2431 1401 2806 1472 temporisque
2841 1405 3254 1462 circumstantia
3307 1412 3558 1479 adaucta,

1983 1497 2141 1550 pmua
2165 1485 2330 1538 etiam
2357 1499 2710 1557 augmentum
2743 1492 2866 1546 inde
2891 1507 3140 1552 sumente
3172 1517 3186 1553 :
3219 1509 3274 1554 et
3304 1505 3560 1562 scortatio

1982 1574 2110 1630 licet
2153 1591 2260 1631 uua
2309 1579 2577 1644 videatur,
2631 1583 2876 1638 variatur
2911 1593 3093 1642 tamen
3155 1591 3560 1664 intenditurque

1984 1665 2243 1733 temporis
2273 1661 2488 1738 locique
2527 1670 2818 1749 adiunctis.
2851 1675 3120 1736 Curemus
3159 1681 3344 1752 itaque
3371 1687 3421 1738 in
3447 1661 3559 1755 pri-

1981 1755 2106 1820 mis,
2141 1765 2201 1813 ut
2233 1773 2416 1816 mores
2455 1775 2841 1831 componamus
2862 1778 3086 1824 nostros
3143 1789 3160 1826 :
3218 1774 3385 1844 judici
3429 1791 3556 1833 vero

301 1827 376 1900 τῷ
397 1829 452 1882 δὲ
477 1833 636 1903 κριτῇ
665 1833 1050 1908 ὲπιτετράφθω
1075 1839 1107 1906 ἡ
1133 1836 1367 1910 ἀκριϐὴς
1389 1837 1644 1908 βάσανος.
1665 1840 1742 1892 Ού
1765 1839 1875 1908 γὰρ

2579 1821 2592 1831 .
2866 1821 2871 1822 ν
2918 1821 3079 1824 ν-ην*
3144 1821 3159 1826 ν
3218 1821 3385 1844 σ“”“·“·
3437 1821 3556 1833 ““”ν

1983 1849 2094 1904 Deo
2116 1851 2324 1920 optimo
2345 1853 2582 1908 maximo
2611 1856 2794 1912 relicta
2827 1860 2902 1914 sit
2949 1873 3204 1918 accurata
3261 1871 3434 1923 nostri
3463 1885 3556 1924 co-

299 1921 348 1972 εἰ
389 1921 550 1992 ἡμεῖς
601 1923 698 1980 νῦν
743 1925 1024 1998 ὀριοῦμεν,
1059 1928 1224 1994 αὐτὸς
1256 1928 1658 1999 ἐπιψηφιεῖται.
1705 1929 1870 1984 Ἀλλά

298 2008 508 2083 ἀνάγκη
540 2013 689 2084 ἡμᾶς
715 2015 814 2086 τὴν
836 2015 1136 2072 ἀδέκαστον
1165 2019 1458 2089 ἀναμένειν
1487 2019 1690 2090 ψῆφον.

785 2311 966 2381 req".
992 2343 1062 2354 -
1091 2314 1368 2386 marte.

1977 1936 2150 2006 gnitio
2197 1948 2252 1992 et
2303 1941 2632 2010 disquisitio.
2670 1943 2786 2000 Non
2841 1948 2986 2002 enim
3019 1953 3062 2004 si
3114 1953 3244 2021 quid
3281 1971 3424 2012 nunc
3453 1958 3554 2026 ipsi

1976 2028 2299 2096 deﬁnimus,
2345 2033 2459 2102 ipse
2489 2037 2818 2092 sententiam
2850 2039 2930 2096 sic
2957 2041 3114 2111 feret,
3149 2045 3318 2118 669
3351 2051 3446 2106 sed
3473 2051 3554 2106 in-

1977 2131 2186 2190 tegrum
2217 2121 2704 2196 incorruptumque
2731 2129 2850 2200 ejus
2873 2143 3094 2202 Oportet
3125 2150 3442 2208 exspectare
3463 2141 3550 2213 ju-

1972 2210 2190 2269 dicium.

2351 2321 2672 2381 CCCLXVI.
2721 2357 2792 2370 --
2833 2327 3158 2388 llYPA'l‘l-O.

1071 2408 1252 2464 Virtus
1274 2419 1390 2479 post
1431 2411 1650 2466 sudores
1678 2412 1938 2482 gaudium
1961 2423 2009 2468 et
2039 2429 2291 2470 coronam
2324 2418 2464 2486 parit
2501 2419 2776 2477 micarent.

361 2512 517 2584 Ἔχει
557 2512 655 2584 μὲν
689 2513 723 2586 ἡ
759 2516 931 2587 ἀρετὴ
963 2515 1304 2588 εὐφροσύνην
1343 2515 1614 2590 εἱλικρινῆ
1643 2518 1739 2572 καὶ
1777 2517 1864 2573 ἕν-

279 2601 438 2668 δοξον
489 2606 585 2658 καὶ
621 2604 1002 2678 ἀτελεύτητον,
1037 2607 1143 2662 ὑπὸ
1184 2609 1282 2679 μὲν
1308 2609 1400 2662 τοῦ
1440 2608 1651 2678 ἀγαθοῦ
1681 2627 1860 2665 συνει-

277 2695 434 2758 δότος
463 2698 812 2770 τικτομένην,
851 2698 956 2752 ὑπὸ
993 2697 1048 2752 δὲ
1095 2698 1202 2753 τῶν
1236 2699 1625 2772 ὕπερκοσμίων
1659 2701 1862 2770 στεφά-

278 2804 391 2840 νων
417 2787 818 2860 τιθηνουμένην
866 2787 998 2861 (ii),
1023 2791 1118 2845 καὶ
1150 2790 1254 2844 ύπὸ
1281 2793 1380 2861 τῆς
1410 2792 1521 2846 τῶν
1557 2793 1862 2864 μελλόντων

277 2877 500 2942 ἐλπίδος
543 2881 884 2951 τρεφομένην
903 2899 917 2912 ο
946 2881 1060 2952 ἔχει
1087 2882 1144 2935 δὲ
1173 2883 1267 2936 καὶ
1295 2883 1516 2950 πόνους,
1555 2884 1651 2939 καὶ
1685 2885 1862 2956 ἀγρυ-

275 2969 468 3034 πνίας,
504 2971 596 3023 καὶ
624 2972 908 3040 ἀσκήσεις,
945 2971 1014 3026 δι’
1051 2965 1128 3026 ὧν
1167 2973 1547 3045 κατορθοῦται.
1581 2975 1656 3030 Ού
1693 2977 1801 3045 γὰρ
1831 2975 1860 3028 ὁ

2043 2523 2225 2580 Virtus
2251 2539 2382 2580 sane
2409 2525 2700 2592 sinceram,
2738 2530 3050 2597 gloriosam,
3104 2541 3268 2606 atque
3316 2538 3544 2593 immor-

1969 2613 2125 2670 talem
2151 2615 2551 2688 perfectamque
2581 2621 2815 2678 contiuet
2840 2611 3100 2693 laetitiam,
3132 2643 3160 2682 a
3191 2630 3327 2685 bona
3355 2633 3544 2701 quavis

1957 2705 2289 2762 conscientia
2323 2709 2578 2778 genitam,
2611 2713 2830 2768 coronis
2871 2725 3050 2770 autem
3096 2719 3405 2776 caelestibus
3442 2739 3544 2778 nu-

1961 2795 2140 2849 tritam
2168 2798 2564 2868 educatamque
2592 2815 2685 2870 spe
2715 2799 3020 2859 futurorum
3049 2807 3334 2868 bonorum.
3366 2811 3540 2868 liabet

1959 2900 2088 2941 vero
2132 2888 2298 2942 etiam
2352 2887 2564 2945 labores
2611 2891 2930 2964 vigiliasque
2986 2905 3038 2952 et
3093 2903 3538 2967 exercitationes,

1956 2978 2156 3048 quibus
2185 2979 2372 3035 virtus
2407 2981 2702 3050 perﬁcitur.
2741 2983 2972 3052 Ignarus
3003 2989 3145 3044 enim
3185 3000 3238 3046 et
3267 2993 3542 3052 dormiens

274 3056 547 3128 ῥαθυμῶν
591 3059 688 3112 καὶ
739 3059 1018 3116 καθεύδων
1063 3063 1330 3134 τρόπαιον
1386 3064 1598 3134 στήσει,
1661 3063 1778 3118 ἀλλ’
1829 3067 1886 3118 at

1967 3076 2165 3137 troptea
2202 3084 2312 3124 non
2351 3079 2573 3137 statuet,
2613 3073 2710 3128 sed
2741 3075 2834 3144 qui
2872 3077 3044 3133 valide
3085 3079 3137 3132 in
3193 3081 3400 3137 hostem
3443 3101 3540 3154 pu-

272 3145 552 3218 λαμπρῶς
582 3148 720 3219 πρὸς
744 3151 874 3215 ’τοὺς
916 3151 1197 3216 ἐναντίους
1246 3153 1682 3222 ἀγωνισάμενος.
1710 3156 1772 3208 ΕΞ
1801 3155 1860 3208 δὲ

271 3237 452 3307 φαίης
481 3237 666 3302 πάλιν,
695 3238 885 3312 ὥσπερ
911 3238 1006 3296 οὖν
1035 3242 1130 3297 καὶ
1158 3241 1316 3312 ἔφης,
1351 3237 1462 3296 οἷόν
1488 3261 1550 3296 τε
1600 3239 1739 3298 εἶναι
1767 3245 1860 3299 τὸν

267 3327 344 3381 τὰ
375 3326 610 3397 βιωτικά
646 3331 950 3401 πράγματα
981 3335 1500 3406 μεταχειριζόμενον
1534 3337 1854 3406 στεφθῆναι,

265 3417 464 3472 πάντα
489 3417 561 3474 τὰ
585 3419 700 3492 εἴδη
730 3423 831 3492 τῆς
853 3423 1058 3493 ἀρετῆς
1079 3424 1526 3498 κατορθώσαντα,
1571 3427 1665 3480 καὶΙ
1693 3443 1860 3478 σπου-

261 3507 480 3574 δάξων,
531 3509 670 3565 ἀλλὰ
717 3510 795 3584 μὴ
835 3514 1048 3577 παίζων
1085 3515 1332 3587 ἀκριϐῶς
1375 3515 1554 3570 ταῦτα
1604 3517 1746 3586 φής·
1781 3515 1856 3586 μὴ

263 3597 557 3670 φθονήσῃς
583 3598 792 3665 διδάξαι
827 3619 896 3672 με
927 3603 988 3656 τὸ
1043 3604 1349 3675 παράδοξον
1378 3603 1538 3658 τοῦτο
1575 3605 1671 3657 καὶ
1717 3603 1856 3657 νεὼ-

259 3705 438 3760 τερον
471 3690 718 3763 μάθημα.
752 3693 888 3748 Οὐδὲ
912 3694 1020 3766 γὰρ
1048 3695 1240 3766 ῥᾳδίας
1275 3695 1412 3766 (15),
1441 3695 1538 3750 καὶ
1571 3695 1851 3762 πλατείας,

258 3779 374 3833 καὶ
404 3779 714 3850 ιππηλάτου
745 3779 912 3852 οὔσης
943 3783 1046 3852 τῆς
1070 3783 1327 3853 τοιαύτης
1359 3781 1504 3846 ὀδοῦ,
1542 3781 1855 3852 πράγματα

266 3867 548 3940 βούλομαι
579 3870 744 3934 αὐτός
769 3888 830 3925 τε
863 3872 1031 3943 ἔχειν,
1062 3872 1160 3926 καὶ
1202 3875 1316 3936 τοῖς
1357 3871 1538 3935 ἄλλοις
1569 3871 1850 3942 παρέχειν,

256 3959 453 4027 λέγων
482 3960 544 4013 τὸ
593 3961 952 4016 ἀποστολικδν
974 4003 990 4030 ,
1032 3963 1114 4016 ὅτι
1154 3981 1174 4016 ι
1213 3962 1312 4016 Διά
1359 3961 1572 4015 πολλῶν
1620 3960 1855 4030 θλίψεων

251 4047 354 4103 δεῖ
383 4050 534 4118 ἡμᾶς
563 4050 822 4105 εἰσελθεῖν
846 4053 926 4116 είς
952 4051 1051 4126 τὴν
1075 4052 1352 4123 βασιλείαν
1384 4052 1492 4106 τῶν
1525 4050 1795 4123 οὐρανῶν.
1830 4069 1849 4102 ι

267 4137 344 4191 '0
378 4137 492 4210 γὰρ
524 4141 802 4212 Δεσπότης
843 4142 1078 4213 Χριστὸς
1112 4144 1455 4215 ἀπεφήνατο,
1488 4140 1680 4212 στενὴν
1714 4137 1853 4196 εἶναι

251 4230 373 4300 τὴν
401 4228 604 4303 πύλην,
639 4231 735 4284 καὶ
769 4231 1140 4304 τεθλιμμένην
1166 4234 1265 4304 τὴν
1305 4234 1444 4296 ὁδὸν,
1476 4232 1574 4304 τὴν
1605 4231 1854 4300 ἀπάγου-

253 4337 374 4373 σαν
403 4321 484 4384 είς
517 4320 616 4392 τὴν
643 4321 810 4394 ζωὴν,
842 4323 939 4377 καὶ⁵
971 4323 1186 4392 ὀλίγους
1235 4321 1377 4379 εἶναι
1404 4327 1531 4389 τοὺς
1565 4325 1852 4395 εὑρίσκον-

248 4427 370 4474 τας
397 4411 590 4482 αὑτήν.
627 4413 790 4468 Ἀλλά
823 4416 932 4487 γὰρ
983 4415 1141 4470 τοῦτο
1175 4418 1235 4470 οὐ
1269 4417 1504 4487 δύναμαι
1541 4417 1757 4487 μαθεῖν,
1789 4416 1853 4470 οὐ

247 4504 377 4574 γὰρ
432 4504 530 4573 ἐᾷς
559 4503 624 4557 σὺ
659 4506 754 4560 καὶ
787 4506 856 4560 δι’
880 4500 956 4561 ὧν
985 4508 1189 4578 λέγεις,
1219 4509 1317 4562 καὶ
1345 4509 1412 4564 δι’
1463 4502 1538 4563 ὧν
1567 4509 1850 4580 πράττεις,

245 4592 771 4664 ἀντιφθεγγόμενος
803 4597 975 4672 ταύτῃ
1003 4615 1062 4652 τε
1089 4587 1158 4670 τῇ
1187 4600 1354 4670 ψήφῳ
1372 4639 1388 4665 ,
1415 4599 1511 4653 καὶ
1536 4601 1650 4663 τοῖς
1683 4598 1852 4664 θείοις

242 4686 564 4756 χρησμοῖς,
601 4687 696 4739 καὶ
728 4689 990 4742 τάναντία
1020 4689 1314 4746 παιδεύων.

463 4789 625 4847 ΤΞΖ’.
651 4813 736 4838 ι-
774 4794 1172 4868 ΘΕΟΓΝΩΣΤῼ
1211 4797 1678 4868 ΠΡΕΣΒΥΤΕΡῼ.

1883 4386 1932 4444 D

1961 3155 2228 3224 gnaverit.
2262 3154 2318 3211 Si
2352 3157 2548 3214 iterum
2591 3159 2842 3227 objicias,
2879 3165 3020 3232 quod
3047 3165 3204 3230 facis,
3237 3169 3352 3224 ﬁeri
3377 3187 3536 3240 posse

1962 3254 2018 3298 ut
2049 3245 2141 3316 qui
2173 3247 2239 3299 ad
2273 3247 2562 3302 humanam
2599 3251 2762 3304 vitam
2799 3255 3012 3322 negotia
3050 3257 3369 3323 pertinentia
3427 3271 3536 3314 tra-

1961 3342 2089 3400 ctet,
2134 3345 2428 3392 coronetur
2460 3339 2608 3394 omni
2652 3341 2908 3396 virtutum
2951 3355 3177 3402 ornatus
3221 3363 3436 3418 genere.
3470 3349 3536 3406 Et

1959 3423 2102 3476 serio
2153 3423 2266 3479 haec
2312 3426 2552 3494 quidem,
2589 3438 2950 3500 accurateque
2993 3449 3096 3488 non
3142 3435 3378 3505 jocaudo
3421 3439 3534 3494 lucc

1957 3511 2193 3580 profers,
2225 3529 2328 3566 non
2365 3515 2587 3570 moleste
2613 3525 2790 3574 tamen
2825 3519 2966 3576 feres
2993 3523 3184 3578 docere
3215 3541 3301 3580 me
3335 3541 3531 3582 novum

1959 3603 2060 3658 hoc
2109 3612 2159 3658 et
2217 3604 2529 3660 inusitatum
2579 3617 2673 3662 aut
2728 3609 3045 3668 incredibile
3097 3614 3313 3684 dogma.
3349 3615 3534 3686 Neque

1957 3705 2210 3761 veroego
2238 3694 2451 3749 tametsi
2487 3694 2682 3762 facilis,
2733 3697 2860 3765 lata,
2904 3709 2958 3755 et
3005 3717 3192 3772 pr0pe,
3225 3715 3283 3760 ut
3331 3707 3401 3760 ita
3451 3707 3532 3761 di-

1957 3795 2097 3847 cam,
2123 3785 2326 3840 curulis
2357 3798 2500 3842 esset
2541 3788 2645 3854 via,
2681 3805 2799 3857 qua:
2831 3792 2898 3845 ad
2937 3793 3133 3848 ctelum
3183 3794 3350 3860 ducit,
3399 3797 3530 3851 mihi

1961 3881 2137 3926 tamen
2185 3874 2372 3930 aliisve
2401 3891 2519 3930 eam
2553 3876 2822 3934 dilIicilem
2857 3883 3082 3937 reddere
3116 3883 3298 3946 velim,
3327 3899 3534 3940 memor

1955 3961 2072 4030 ejus
2123 3965 2404 4034 apostolici
2457 3965 2582 4022 dicti
2619 3981 2636 4022 :
2677 3987 2698 4022 ι
2765 3969 2867 4026 Per
2910 3973 3120 4027 multas-
3159 3973 3533 4033 tribulatioues

1956 4061 2169 4121 oportet
2203 4069 2302 4109 nos
2352 4055 2557 4112 intrare
2598 4058 2652 4112 in
2703 4075 2926 4131 regnum
2977 4063 3066 4118 Dei
3096 4065 3164 4120 ”.
3209 4083 3228 4116 ι
3283 4065 3533 4122 Christus

1953 4159 2087 4200 vero
2137 4143 2396 4202 Dominus
2463 4149 2706 4204 ostendit
2786 4163 3064 4222 angustam
3123 4169 3247 4210 esse
3297 4165 3528 4224 portam,

1958 4234 2208 4304 viamque
2263 4237 2610 4304 laboriosam,
2652 4254 2772 4308 qua:
2801 4243 2870 4295 ad
2902 4243 3064 4297 vitam
3122 4245 3287 4298 ducat
3332 4247 3532 4316 scrupi-

1957 4333 2189 4390 ternam,
2219 4341 2524 4398 paucosque
2575 4330 2708 4384 adeo
2731 4327 2894 4396 ‘esse,
2939 4333 3032 4402 qui
3065 4346 3186 4387 eam
3236 4335 3527 4404 reperiant.

1961 4417 2068 4471 Sed
2121 4417 2224 4471 hoc
2266 4417 2514 4488 equidem
2549 4433 2654 4472 non
2691 4434 2908 4490 possum
2943 4423 3151 4478 discere
3185 4440 3200 4476 :
3237 4437 3344 4476 non
3383 4425 3528 4478 enim

1959 4506 2163 4568 desinis
2197 4515 2250 4559 tu
2284 4522 2380 4576 per
2421 4521 2483 4560 ea
2511 4521 2634 4576 qua:
2667 4509 2844 4578 jactas
2873 4511 3095 4581 agisque
3124 4513 3364 4584 quotidie
3403 4515 3532 4570 huic

1957 4598 2242 4652 sententiae
2277 4597 2594 4665 reclamare,
2643 4610 2803 4670 atque
2853 4603 3050 4658 divinis
3069 4606 3304 4660 oraculis
3331 4607 3526 4670 obniti,

1958 4688 2067 4744 imo
2088 4691 2359 4744 contraria
2386 4691 2548 4744 etiam
2591 4692 2790 4760 passim
2819 4694 3030 4750 docere.

1955 4792 2298 4848 CCCLXV".
2351 4823 2422 4834 --
2478 4794 2965 4852 ἸἭΕΟΕΝΟΞΤΑΞ
3049 4797 3528 4860 PRESBYTERO.

754 4887 829 4943 De
857 4891 1052 4945 ultione
1072 4891 1250 4946 divina
1284 4893 1340 4944 in
1372 4892 1487 4945 illos
1514 4895 1603 4955 qui
1633 4891 1841 4945 nomine
1869 4898 1916 4942 et
1953 4899 2151 4952 tropceo
2181 4889 2354 4942 crucis
2378 4890 2572 4959 signati
2611 4890 2824 4961 indigne
2851 4895 3048 4950 vivunt.

325 4995 640 5051 Πέπτωκεν
685 4998 715 5051 ὁ
755 4997 1020 5064 διάϐολος,
1065 5001 1114 5054 εί
1143 4999 1238 5052 καὶ
1266 4999 1688 5070 ἀπερισκέπτως
1719 4998 1848 5070 θρα-

233 5085 512 5143 σύνεται.
559 5087 899 5158 Θρασύνεται
944 5091 1038 5156 δὲ,
1079 5089 1179 5162 τὴν
1235 5091 1512 5164 ἡμετέραν
1567 5090 1848 5162 ῥαθυμίαν

231 5175 482 5246 ἑφόδιον
521 5177 623 5248 τῆς
664 5178 872 5243 οἰκείας
921 5179 1180 5244 ἀπονοίας
1219 5181 1563 5250 ποιούμενος.
1615 5181 1688 5234 Τὸ
1737 5180 1847 5252 γὰρ

235 5281 532 5334 μεγιστον
562 5271 657 5322 καὶ
696 5267 840 5322 θεῖον
880 5271 1165 5341 τρόπαιον,
1219 5273 1356 5344 ὅπερ
1385 5274 1415 5326 ὁ
1464 5272 1653 5345 Μτὴρ
1681 5273 1845 5344 δεῦρο

289 5443 349 5474 π
383 5443 512 5500 Aet.
558 5461 666 5514 xw,
698 5447 790 5501 2|.

2031 4998 2285 5054 Diabolus
2323 4999 2459 5055 caelo
2490 4999 2709 5066 decidit,
2739 5009 2976 5057 attamen
3033 5002 3162 5058 ferit
3225 5020 3288 5059 ac
3341 5005 3530 5064 ferocit

1957 5091 2300 5145 temerarius.
2333 5091 2549 5146 Ferocit
2581 5093 2724 5148 enim
2766 5095 3036 5164 audetque
3063 5099 3310 5164 socordia
3346 5111 3529 5154 nostra

1955 5180 2258 5236 subsidium
2280 5181 2380 5236 sibi
2413 5183 2644 5254 propria:
2665 5198 2860 5253 parare
2893 5186 3164 5242 amentim.
3197 5185 3348 5254 Quod
3386 5187 3527 5243 enim

1958 5272 2254 5328 maximum
2282 5287 2348 5328 ac
2375 5273 2619 5330 divinum
2654 5281 2914 5348 tropaeum
2945 5277 3128 5335 crucis
3156 5281 3221 5335 ad
3257 5293 3354 5334 nos
3387 5271 3560 5333 Deus'

1383 5565 1616 5622 VARIE
1656 5567 2038 5626 LECTIONES
2077 5570 2166 5627 ΕΤ
2203 5571 2435 5631 NOTAE.

311 5714 448 5786 (14)
484 5714 560 5770 Ex
602 5715 988 5789 τιθυνονμὲνην
1019 5720 1138 5774 cod.
1183 5721 1465 5778 All..'tollit
1509 5741 1580 5779 τι.
1626 5720 1834 5781 Possm.

508 5809 774 5874 Ρηιιοι.
807 5815 921 5877 Gtt.
966 5815 1285 5876 LXXVIII.

2020 5724 2133 5796 (t5\
2185 5725 2401 5800 Ῥᾳδίας
2429 5727 2549 5788 cod.
2573 5729 2681 5786 Alt.
2713 5738 2880 5787 mutat
2902 5730 2957 5796 in
2989 5728 3210 5884 missae
3237 5727 3314 5784 lo.
