4070 6400
507 382 533 443 ‘I
543 386 649 450 ΜΤ

1708 387 1766 444 S.
1813 384 2101 444 ISIDORI
2143 385 2577 446 PEI.USIOT.E

3601 403 3718 469 1548

516 501 734 551 Veniens
791 495 980 548 statuit
1040 495 1104 548 de
1147 494 1379 559 diabolo,
1428 494 1722 550 verendum
1760 509 1889 549 sane
1914 502 1997 548 est
2030 507 2086 547 ne

2198 495 2555 565 ἐπιφοιτήσας
2606 495 2725 548 κατ’
2757 495 2922 550 αὐτοῦ
2968 498 3183 569 ἔστησε.
3235 502 3513 560 κινδυνεύει
3551 510 3609 563 ἐκ
3635 516 3718 587 τῆς

515 601 699 642 nostra
752 587 1092 656 improbitate
1128 588 1475 648 obscuretur,
1510 602 1616 641 non
1648 588 1842 642 amissa
1875 586 2088 654 quidem

513 697 608 735 sua
641 680 710 743 vi,
741 681 834 733 sed
861 687 1044 733 nostro
1075 688 1292 748 torpore
1338 693 1402 732 ac
1450 679 1707 733 daemonis
1742 679 1940 731 malitia
1995 691 2090 730 nos

514 772 907 826 circumeuntis
945 771 1223 838 injuriose.
1263 769 1364 834 Qui
1397 771 1539 824 enim
1575 770 1715 837 regis
1747 769 2088 835 triumphan-

517 865 585 918 tis
615 863 810 916 milites
835 876 895 915 se
919 877 1038 916 esse
1073 861 1394 930 gloriantes,
1429 860 1780 927 divinumque
1829 858 1946 926 cjus
1995 871 2089 910 no-

513 971 633 1011 meu
663 971 757 1022 pro
783 969 991 1006 summa
1028 954 1307 1020 dignitate,
1343 962 1400 1004 ut
1450 967 1634 1007 revera
1666 959 1768 1014 est,
1805 949 2093 1004 circumfe-

513 1053 692 1098 rentes
722 1041 1040 1106 Christiani,
1079 1041 1287 1094 deliciis
1322 1053 1383 1093 ac
1424 1037 1649 1107 qttzestui
1676 1037 1787 1106 jam
1839 1045 1965 1089 sunt
1997 1037 2091 1087 de-

511 1137 634 1198 diti,
675 1151 794 1187 cum
828 1133 926 1203 ipsi
961 1133 1106 1202 digni
1135 1132 1244 1186 sint
1267 1131 1355 1199 qui
1382 1131 1685 1192 vincantur,
1711 1138 1927 1197 propter
1951 1127 2091 1192 regis

513 1238 689 1280 tamen
721 1226 972 1294 gloriam,
1010 1237 1314 1291 nomenque
1361 1227 1618 1288 superant
1661 1240 1677 1274 :
1723 1227 1929 1272 tantum
1981 1231 2089 1270 non

509 1319 653 1371 enim
688 1317 788 1369 hoc
814 1315 970 1367 modo
999 1314 1103 1367 illis
1125 1313 1324 1367 accinit
1349 1327 1363 1364 :
1397 1328 1417 1361 ι
1457 1310 1572 1364 Non
1604 1325 1704 1379 ego
1731 1309 1896 1363 vestri
1925 1322 2090 1361 causa

511 1423 632 1477 ago,
661 1408 752 1462 sed
783 1415 1001 1475 propter
1039 1418 1232 1457 nomen
1262 1417 1461 1466 meum,
1495 1415 1561 1455 ne
1594 1400 1721 1453 illud
1759 1400 2091 1468 profanetur,

511 1508 672 1564 atque
721 1495 1054 1563 inquinetur.
1104 1510 1122 1544 ι
1157 1491 1268 1547 Nisi
1319 1493 1466 1545 enim
1512 1489 1786 1560 propriam
1824 1489 1939 1556 ipse
1969 1503 2091 1541 cum

493 1589 699 1656 plausu
735 1593 1082 1652 componeret
1112 1582 1451 1653 religionem,
1477 1589 1531 1635 et
1557 1580 1735 1634 omnia
1767 1579 1867 1632 sibi
1903 1576 2091 1646 subju-

511 1689 684 1744 garet,
717 1678 882 1748 67o
915 1685 1033 1747 post
1063 1673 1353 1742 aliquando
1385 1673 1826 1740 vilipenderetur,
1876 1667 2090 1738 ignavia

513 1785 616 1823 non
651 1770 829 1823 debite
858 1783 978 1822 eam
1011 1763 1512 1820 administrantium
1550 1777 1565 1814 :
1598 1760 1694 1815 sed
1725 1761 1942 1829 quando
1975 1773 2093 1829 pro—

2191 584 2469 653 ἡμετέρας
2497 584 2698 648 κακίας
2725 585 3122 656 ἀμαυρωθῆναι
3140 605 3154 619 ·
3184 589 3244 640 οὗ
3273 591 3365 661 τὴν
3392 596 3582 650 οἰκείαν
3607 584 3720 656 ἀπο-

2191 675 2355 728 λέσαν
2383 675 2633 745 δύναμιν,
2663 676 2778 729 ἀλλ’
2804 676 2910 730 ὑπὸ
2939 681 3038 748 τῆς
3065 679 3281 743 ἀτονίας
3306 682 3396 734 καὶ
3423 687 3607 752 κακίας
3629 693 3723 745 τῶν

2193 768 2599 837 περιφερόντων
2630 769 2762 822 αὐτὸ
2783 769 3267 840 καθυϐριζόμενον.
3304 775 3364 826 Οἱ
3388 775 3490 845 γὰρ
3508 779 3593 832 τοῦ
3619 781 3729 834 καλ-

2191 857 2397 910 λινίκου
2447 859 2712 930 βασιλέως
2759 861 3054 930 αὐχοῦντες
3087 857 3229 915 εἶναι
3280 868 3614 937 στρατιῶται,
3647 876 3727 925 καὶ

2190 950 2251 1035 tuo
2283 949 2426 1003 θεῖον
2475 951 2640 1004 αὐτοῦ
2675 952 2846 1023 ὄνομα
2878 952 3068 1024 ὥσπερ
3124 955 3338 1025 ἀξίωμα
3373 958 3528 1035 μέγα,
3560 961 3728 1035 ὥσπερ

2190 1031 2284 1088 οὖν
2330 1038 2422 1089 καὶ
2456 1036 2595 1102 ἔστι,
2644 1039 3032 1110 περιφέροντες
3062 1082 3076 1106 ,
3105 1046 3282 1113 τρυφῇ
3332 1033 3441 1114 (16)
3480 1047 3570 1100 καὶ
3613 1031 3727 1124 χρηξ

2195 1130 2484 1196 ματισμοῖς
2534 1128 2760 1193 ἑαυτοὺς
2799 1130 3098 1196 ἐκδιδόντες
3121 1173 3135 1197 ,
3168 1135 3261 1186 καὶ
3296 1134 3362 1186 δι’
3400 1137 3616 1202 ἑαυτοὺς
3650 1144 3734 1212 ἡτ-

2191 1215 2424 1286 τηθῆναι
2455 1218 2655 1272 δίκαιοι
2693 1221 2867 1285 ὅντες,
2907 1222 2997 1274 διὰ
3042 1223 3141 1294 τὴν
3170 1222 3264 1277 τοῦ
3301 1224 3559 1295 βασιλέως
3599 1229 3737 1298 δόξαν

2193 1309 2587 1378 περιγίνονται·
2624 1314 2906 1384 μονονουχὶ
2929 1315 3040 1385 γὰρ
3079 1315 3172 1368 καὶ
3203 1315 3300 1368 νῦν
3329 1317 3512 1382 αὐτοῖς
3544 1322 3736 1392 ἐπιφω-

2192 1401 2274 1450 νεί
2297 1414 2310 1428 ·
2343 1417 2363 1450 ι
2398 1401 2470 1452 Οὐ
2492 1401 2562 1453 δι’
2589 1403 2734 1471 ὑμᾶς
2759 1403 2868 1472 ἐγὼ
2897 1406 3056 1468 ποιῶ,
3083 1405 3221 1460 ἀλλά
3245 1406 3330 1460 διὰ
3360 1409 3420 1461 τὸ
3444 1409 3610 1481 δνομά
3632 1430 3737 1483 μου,

2195 1487 2280 1540 ἵνα
2316 1489 2387 1560 μὴ
2423 1489 2725 1562 βεϐηλωθῇ.
2759 1511 2776 1544 ι
2808 1494 2869 1546 Εἰ
2902 1495 2977 1566 μὴ
3012 1497 3116 1566 γὰρ
3142 1497 3304 1560 αὐτὸς
3329 1493 3398 1568 ἧν
3423 1501 3450 1552 ό
3481 1501 3595 1553 νυνὶ
3625 1518 3737 1570 συγ-

2194 1579 2405 1649 κροτῶν
2435 1581 2534 1651 τὴν
2561 1583 2768 1636 οἰκείαν
2799 1584 3096 1656 θρησκείαν
3136 1588 3229 1640 καὶ
3252 1587 3432 1640 πάντα
3463 1590 3594 1662 αὐτῇ
3625 1591 3743 1644 ὑπο-

2195 1673 2374 1743 χείρια
2407 1675 2860 1745 παρασκευάζων,
2903 1677 3071 1730 πάλαι
3113 1677 3179 1731 ἂν
3213 1678 3302 1730 διὰ
3334 1679 3433 1750 τὴν
3461 1679 3564 1734 τῶν
3598 1699 3743 1752 μετα-

2193 1762 2584 1844 χειριζομένων
2640 1766 2812 1838 αὐτὴν
2884 1768 2944 1821 οὐ
3003 1768 3232 1832 δεόντως
3285 1769 3558 1842 ρᾳθυμίαν
3607 1773 3752 1842 ὠλιγ-

499 1862 685 1931 .priam
714 1861 815 1915 sibi
863 1859 1099 1913 vindicat
1132 1856 1381 1928 gloriam,
1417 1855 1563 1910 hunc
1593 1852 1806 1922 quidem
1839 1853 1890 1906 in
1927 1852 2086 1905 altum

2194 1853 2381 1923 ωρήθη
2404 1870 2417 1884 ·
2453 1853 2567 1908 ἀλλ’
2607 1855 2795 1927 ἐπειδὴ
2821 1857 2920 1928 τῆς
2952 1858 3159 1923 οἰκείας
3193 1859 3553 1914 ἀντιποιεῖται
3586 1861 3749 1932 δόξης.

511 1951 780 2015 attollens,
820 1949 888 2004 ab
923 1950 1043 2004 aliis
1096 1963 1224 2002 vero
1281 1954 1401 2016 post
1450 1943 1610 2014 paulo
1657 1942 1882 1997 acerbas
1924 1942 2092 2011 exigit

512 2058 720 2112 pmuas.
746 2041 855 2097 Nec
883 2042 1025 2096 enim
1061 2039 1262 2109 patitur
1282 2039 1396 2091 haec
1418 2036 1635 2103 impune
1674 2048 1864 2088 ausum
1895 2031 2088 2097 fuisse,

515 2148 688 2202 neque
715 2131 953 2185 divinum
989 2141 1182 2182 nomen
1219 2127 1360 2195 ipsos
1395 2123 1830 2190 blasphemantes
1857 2119 2091 2186 impuni-

517 2236 596 2278 tos
624 2222 875 2284 dimittet,
906 2221 1012 2274 imo
1053 2226 1106 2274 et
1140 2216 1341 2284 majora
1375 2215 1553 2282 exiget
1587 2212 1845 2283 supplicia
1896 2210 1964 2264 ab
2022 2209 2090 2264 iis

513 2313 604 2382 qui
669 2311 939 2382 peccando
1003 2307 1354 2379 dignitatibus
1415 2319 1482 2359 ac
1546 2303 1880 2374 praefecturis
1937 2301 2090 2370 potiti

512 2416 656 2469 sunt,
701 2419 763 2458 ac
803 2420 871 2458 ne
904 2400 984 2456 sic
1028 2400 1243 2468 quidem
1297 2397 1572 2450 moderate
1613 2395 1866 2464 agebant,
1903 2405 2088 2445 verum

513 2496 742 2563 propriae
775 2494 1092 2562 compendio
1117 2491 1376 2546 socordiae
1401 2486 1494 2542 Dei
1523 2485 1930 2556 longanimitate
1961 2493 2088 2538 sunt

512 2587 690 2652 abusi,
713 2601 773 2640 ac
795 2600 892 2655 pro
920 2584 1114 2654 quibus
1144 2581 1406 2653 pcenitere
1424 2579 1727 2650 oportebat,
1751 2591 1847 2647 per
1880 2577 1993 2632 hac
2020 2577 2086 2630 ad

498 2675 714 2731 .malum
750 2676 920 2746 magis
949 2684 1076 2731 sunt
1105 2670 1335 2728 incitati.

933 2965 1293 3026 CCCLXVIII.
1323 2997 1391 3009 --
1417 2963 1662 3023 ΕεΑίιΑῑ..

2187 1939 2278 1992 τὸν
2309 1939 2422 2011 (17)
2459 1941 2560 2010 μὲν
2588 1945 2669 2005 είς
2695 1942 2828 2012 ὕψος
2862 1943 3038 2017 ατρει,
3069 1948 3196 2011 τοὺς
3223 1947 3286 2001 δὲ
3325 1948 3482 2014 δίκας
3511 1951 3755 2020 πικροτά-

2186 2047 2285 2094 τας
2315 2032 2512 2102 μικρὸν
2545 2032 2774 2105 ὕστερον
2799 2036 3176 2108 εἰσπράξεται.
3213 2040 3358 2094 Οὐδὲ
3389 2042 3498 2112 γὰρ
3527 2041 3756 2106 ἀνέξεται

2185 2122 2361 2175 ταῦτα
2388 2124 2692 2195 τολμᾶσθαι
2722 2126 3057 2198 ἀτιμωρητὶ,
3096 2130 3217 2184 οὐδὲ
3249 2132 3383 2197 τοὺς
3407 2133 3470 2186 τὸ
3502 2132 3638 2186 θεῖον
3672 2135 3760 2187 αὺ-

2187 2214 2281 2267 τοῦ
2310 2215 2483 2285 ὄνομα
2513 2217 2638 2286 τόγε
2671 2221 2752 2280 εις
2781 2221 2980 2286 αὐτοὺς
3005 2217 3142 2294 ἧκον
3173 2223 3640 2298 βλασφημηθῆναι
3665 2244 3762 2280 πα-

2191 2307 2666 2375 ρασκευάσαντας,
2693 2311 3077 2384 ἀτιμωρήτους
3102 2316 3314 2388 ἀφήσει
3338 2331 3355 2347 ⁸
3387 2318 3527 2372 ἀλλά
3556 2319 3648 2373 καὶ
3671 2320 3762 2390 ἀρ-

2189 2398 2538 2472 γαλεωτέρας
2571 2402 2866 2474 ἀπαιτήσει
2899 2405 3054 2469 δίκας
3085 2408 3210 2477 τοὺς
3253 2408 3359 2460 καὶ
3391 2411 3451 2463 ἐν
3479 2408 3556 2480 τῷ
3589 2409 3762 2479 πλημ·

2191 2488 2373 2560 μελείν
2433 2494 2773 2562 προστασίας
2827 2496 3097 2567 τοσαύτης
3149 2499 3615 2564 ἀπολαύσαντας,
3677 2500 3768 2553 καὶ

2189 2582 2324 2651 μηδέ
2346 2579 2488 2634 οὕτω
2520 2585 3010 2653 σωφρονισθέντας,
3044 2588 3158 2641 ἀλλ’
3180 2591 3404 2658 ἐφόδιον
3435 2591 3535 2661 τῆς
3574 2591 3766 2654 οἰκείας

2187 2671 2462 2742 ῥᾳθυμίας
2488 2675 2586 2744 τὴν
2621 2675 2773 2729 θείαν
2805 2679 3187 2749 μακροθυμίαν
3212 2683 3650 2752 ποιησαμένους,
3681 2682 3771 2735 καὶ

2183 2760 2251 2813 δι’
2275 2753 2350 2814 ὦν
2380 2768 2748 2835 γνωσιμαχείν
2775 2765 2966 2837 ἐχρῆν,
3009 2765 3096 2821 διὰ
3120 2767 3335 2822 τούτων
3369 2771 3467 2824 ἐπὶ
3503 2770 3565 2824 τὸ
3598 2771 3771 2840 χεῖρον

2184 2851 2505 2916 ἐλάσαντας.

2705 2965 2875 3019 Τεηε.
2911 2996 2983 3006 -
3013 2967 3242 3038 ΗΣΔΙᾼ.

979 3079 1015 3112 -«
1046 3061 1263 3116 Declina
1285 3077 1318 3115 a
1342 3059 1481 3114 malo
1521 3069 1568 3114 et
1583 3060 1676 3129 {ac
1703 3059 1914 3124 bonum,
1949 3075 1968 3109 ι
2005 3057 2129 3124 quia
2167 3056 2309 3111 Deus
2337 3056 2511 3110 omnia
2545 3057 2729 3109 cernit.
2754 3055 2924 3126 (Psat.
2956 3073 3143 3121 xxxvr,
3166 3060 3289 3129 27.)

566 3170 774 3243 1ngens
823 3181 877 3225 et
920 3179 1078 3224 acute
1111 3183 1341 3224 cernens
1373 3183 1436 3224 ac
1465 3168 1696 3238 vigilans
1733 3166 1956 3237 iustitia:
1993 3166 2082 3220 Dei

2259 3164 2484 3232 Μέγας,
2541 3163 2637 3216 καὶ
2699 3163 3034 3236 ὀξυδερκὴς,
3085 3166 3178 3219 καὶ
3226 3166 3553 3238 ἁκοίμητος
3604 3169 3632 3220 ό
3683 3167 3776 3237 τῆς

510 3274 594 3320 est
624 3262 834 3327 oculus,
863 3274 1040 3328 neque
1057 3258 1230 3314 solum
1255 3273 1374 3328 quae
1399 3258 1612 3329 publice
1640 3268 1789 3328 gesta
1823 3259 2081 3320 intuetur,

511 3357 605 3412 sed
638 3365 694 3410 et
727 3354 926 3424 quartin
967 3353 1160 3423 abysso
1185 3353 1305 3422 quis
1335 3351 1417 3405 vel
1443 3350 1761 3405 abscondito
1791 3357 1873 3404 est
1898 3363 2085 3414 ausus,

511 3446 798 3514 cordisque
834 3444 968 3498 adeo
997 3442 1209 3497 abditos
1248 3455 1493 3496 recessus
1523 3448 1799 3494 scrutatur
1843 3454 1906 3492 ac
1933 3454 2085 3493 com-

513 3534 814 3605 prehendit.
845 3531 1029 3587 Talem
1063 3531 1244 3599 itaque
1273 3545 1394 3584 cum
1421 3530 1508 3584 hic
1525 3530 1761 3599 judicent
1795 3529 2086 3583 habeamus

515 3631 766 3683 virtutem
804 3624 1262 3695 complectamur;
1302 3623 1670 3678 abstineamus
1717 3636 1846 3676 vero
1888 3637 1918 3674 a
1971 3636 2086 3674 ma-

511 3719 650 3773 litia.
682 3715 830 3772 Illam
863 3715 1008 3769 enim
1059 3713 1491 3768 remunerabitur
1546 3712 1720 3778 Deus;
1773 3713 1911 3766 hanc
1964 3727 2090 3766 vero

504 3808 654 3876 justo
683 3805 887 3876 judicio
918 3806 1120 3873 puniet.

722 3912 1042 3968 CCCLXIX.
1080 3942 1149 3954 —
1183 3908 1518 3966 PALLADIO
1553 3907 1869 3966 DIACONO.

2186 3252 2338 3316 θείας
2370 3254 2483 3322 (I8)
2529 3253 2687 3323 δίκης
2729 3256 2878 3308 ἐστὶν
2913 3255 3220 3326 όφθαλμός’
3281 3259 3384 3311 καὶ
3415 3258 3480 3312 οὑ
3526 3257 3687 3331 μόνον
3713 3257 3780 3310 τὰ

2185 3344 2243 3395 ἐν
2275 3343 2494 3414 φανερῷ
2537 3343 2790 3414 δρώμενα
2829 3347 3020 3416 ἐφορᾷ,
3065 3347 3200 3401 ἀ).λά
3253 3350 3355 3402 καὶ
3402 3350 3476 3402 τά
3525 3351 3584 3403 ἐν
3611 3365 3780 3418 παρα-

2187 3433 2372 3505 ϐύστῳ
2419 3434 2744 3505 τολμώμενα
2794 3437 3069 3507 ἀνιχνεύει
3096 3478 3110 3503 ,
3143 3439 3238 3490 καὶ¹
3291 3439 3366 3494 τὰ
3407 3440 3516 3510 τῆς
3565 3439 3784 3509 καρδίας

2187 3526 2466 3596 κινήματα
2485 3525 2916 3596 καταλαμϐάνει.
2943 3527 3198 3582 Τοιοῦτον
3226 3530 3550 3602 τοιγαροῦν
3580 3531 3787 3601 ἔχοντες

2190 3618 2404 3686 κριτὴν,
2463 3616 2819 3687 ἀντεχώμεθα
2876 3618 2976 3688 μὲν
3031 3619 3278 3690 ἀρετῆς,
3341 3620 3695 3693 ἀπεχώμεθα
3737 3617 3790 3671 δέ

2191 3710 2409 3772 κακίας.
2467 3710 2595 3779 ιΤὴν
2661 3710 2763 3779 μὲν
2813 3711 2923 3783 γὰρ
2977 3713 3278 3783 ἀμείψεται
3313 3753 3332 3780 ,
3394 3715 3504 3786 τὴν
3557 3714 3618 3768 δέ
3667 3714 3794 3781 ἀμυ-

2190 3817 2381 3855 νειται.

2459 3911 2624 3965 ΤΞΘ’.
2675 3942 2744 3952 —-
2774 3912 3120 3984 ΠΑΛΛΑΔΙῼ
3172 3915 3524 3987 ΔῘΑΚΟΝῼ.

1466 4003 1518 4056 Ν
1525 4004 1616 4057 iltil
1651 4005 1806 4057 nimis
1838 4003 2209 4082 di/Ierendum.
2237 4002 2445 4056 Diaboli
2473 4015 2610 4058 arles
2639 4007 2817 4062 mala’.

583 4118 700 4175 Non
742 4115 1384 4184 estprocrastinandum,
1415 4113 1900 4185 diﬁcrendumque,
1943 4115 2086 4168 hone

503 4214 612 4277 vir,
638 4213 730 4266 sed
775 4213 979 4280 optima
1011 4222 1234 4277 quaeque
1266 4209 1492 4276 agenda.
1529 4205 1712 4276 Neque
1761 4207 1904 4260 enim
1961 4205 2085 4260 ﬁnis

509 4316 718 4374 tempus
770 4303 1036 4367 novimus,
1085 4315 1148 4354 ac
1207 4313 1274 4354 ne
1320 4300 1582 4354 daemonis
1640 4298 1854 4366 quidem
1912 4297 2082 4351 malas

499 4407 651 4450 artes
685 4394 1084 4461 vorsutiasque.
1119 4391 1317 4461 quibus
1360 4406 1455 4445 nos
1499 4399 1790 4459 oppugnat,
1824 4388 1913 4457 qui
1941 4403 2080 4456 pra:-

503 4487 751 4542 sentibus
770 4499 878 4539 nos
915 4483 1217 4544 excutiens,
1251 4482 1552 4534 futurorum
1587 4479 1867 4549 promissis
1893 4478 2078 4552 eludit.

511 4577 612 4632 libi
658 4577 802 4632 enim
841 4577 987 4630 novit
1016 4574 1266 4629 homines
1314 4574 1367 4626 in
1415 4572 1560 4626 diem
1609 4571 1811 4636 vivere,
1845 4569 2080 4624 futurum

507 4683 635 4720 vero
693 4666 763 4720 sit
822 4664 1111 4727 incertum,
1166 4669 1438 4730 oppugnat
1495 4659 1634 4722 illos,
1683 4673 1744 4711 ac
1797 4659 2082 4727 praesentia

506 4758 722 4826 quidem
757 4754 971 4820 fallens,
995 4754 1170 4821 deque
1217 4751 1415 4806 futuris
1441 4750 1584 4804 inani
1615 4765 1710 4818 spe
1741 4749 1964 4811 lactans,
1991 4749 2082 4816 qui

509 4848 823 4902 hodiernum
867 4846 1008 4900 diem
1044 4857 1262 4912 semper
1301 4852 1620 4911 prtesentem
1667 4839 2019 4902 arbitrantur,
2051 4855 2079 4892 a

509 4951 568 4990 se
604 4948 889 5002 persuasos
925 4934 1247 5004 praacipitat.
1277 4932 1615 5001 Quapropter
1640 4940 1693 4985 et
1727 4930 1800 4984 rei
1835 4930 2082 4997 gerendae

506 5025 848 5078 occasionem
873 5024 926 5077 in
951 5023 1086 5076 nihil
1106 5023 1316 5093 agendo
1334 5031 1740 5087 consumentes,
1765 5023 2084 5090 opportuni-

510 5123 668 5166 tatem
729 5123 1046 5182 tempusque
1099 5112 1393 5180 negligunt.
1440 5111 1679 5181 Tempus
1727 5113 1868 5166 enim
1914 5110 2086 5166 ﬂuens

505 5201 844 5272 aequabiliter
893 5214 1173 5269 nunquam
1229 5201 1462 5265 sistitur,
1518 5201 1614 5255 sed
1673 5215 1809 5270 quas
1876 5201 2085 5256 interea

2263 4117 2338 4169 Οὐ
2374 4114 2610 4186 μέλλειν,
2656 4111 2701 4172 ῶ
2733 4117 2862 4186 σοφὲ
2885 4155 2902 4182 ,
2948 4117 3087 4172 ἀλλὰ
3119 4119 3398 4191 πράττειν
3429 4122 3544 4192 χρὴ
3578 4122 3648 4174 τὰ
3685 4120 3796 4191 βέλ-

2187 4223 2349 4260 τιστα
2375 4222 2388 4239 ·
2425 4205 2550 4258 οὔτε
2590 4205 2700 4277 γὰρ
2740 4207 2832 4260 τὸν
2884 4208 2984 4278 τῆς
3033 4207 3301 4279 τελευτῆς
3357 4212 3539 4282 ἴσμεν
3594 4209 3801 4280 καιρὸν,

2187 4295 2311 4349 οὔτε
2360 4296 2458 4366 τὴν
2498 4299 2593 4348 τοῦ
2638 4296 2887 4350 διαϐόλου
2943 4298 3312 4369 κακουργίαν,
3352 4301 3427 4370 ἢν
3483 4301 3615 4354 καθ’
3651 4298 3802 4369 ἡμῶν

2191 4389 2518 4458 μηχανᾶται,
2563 4387 2842 4458 ἐκκρούων
2887 4387 2987 4459 μὲν
3035 4389 3124 4442 ἀεὶ
3153 4388 3246 4444 τοῦ
3299 4392 3624 4462 παρόντος,
3662 4389 3724 4444 τὸ
3752 4387 3805 4441 δὲ

2191 4479 2382 4550 μέλλον
2433 4481 2798 4551 ὀνειροπολεῖν
2859 4481 3326 4552 παρασκευάζων.
3407 4484 3643 4554 Ἐπειδὴ
3703 4481 3804 4550 γὰρ

2187 4567 2346 4636 οἶδεν,
2376 4572 2458 4624 ὅτι
2487 4570 2629 4624 κατὰ
2679 4570 2740 4623 τὸ
2767 4571 2943 4641 παρὸν
2982 4569 3166 4641 ζῶμεν
3210 4573 3260 4624 οἱ
3290 4572 3634 4644 ἄνθρωποι,
3661 4571 3721 4625 τὸ
3755 4569 3807 4622 δέ

2194 4661 2386 4732 μέλλον
2411 4660 2739 4730 ἀμφίϐολον,
2783 4664 3265 4732 καταστρατηγεῖο
3307 4666 3419 4716 καὶ
3469 4665 3538 4718 τὸ
3573 4664 3675 4734 μὲν
3706 4677 3805 4714 πα-

2192 4751 2286 4823 ρὸν
2314 4751 2562 4815 ἀπατῶν,
2590 4751 2651 4803 τὸ
2674 4750 2729 4803 δὲ
2761 4750 2956 4821 μέλλον
2994 4751 3433 4821 ὑποτιθέμενος,
3477 4749 3808 4825 ἐκτραχηλί-

2190 4838 2273 4904 ζει
2320 4842 2444 4904 τοὺς
2486 4840 2842 4912 πειθομένους
2870 4880 2886 4906 ,
2917 4841 2977 4895 τὸ
3014 4843 3254 4913 σήμερον
3312 4845 3416 4898 ἀεὶ
3453 4847 3644 4917 παρὸν
3674 4845 3810 4910 λογι-

2191 4933 2477 5004 ζομένους.
2509 4933 2602 4985 Διὸ
2643 4935 2738 4987 καὶ
2772 4934 2865 4988 τὸν
2905 4934 2999 4988 τοῦ
3051 4935 3327 5006 πράττειν
3381 4939 3606 5009 καιρὸν
3656 4940 3734 5000 είς
3759 4932 3810 4985 τδ

2192 5025 2358 5096 μηδὲν
2409 5025 2927 5106 παρασκευάζεσθαι
2978 5025 3428 5093 ἀναλίσκοντες,
3497 5025 3807 5100 διαμαρτά-

2189 5133 2341 5168 νουσι
2374 5116 2474 5185 τῆς
2508 5117 2814 5188 εὐκαιρίας.
2865 5117 2925 5169 '0
2971 5116 3081 5188 γάρ
3130 5117 3340 5188 χρόνος
3396 5121 3471 5174 τὸ
3509 5120 3719 5192 βράδος
3756 5113 3808 5168 οὒ

2193 5206 2481 5276 περιμένει
2506 5222 2520 5236 '
2554 5206 2691 5261 ἀλλά
2737 5208 2830 5262 καὶ
2866 5207 2932 5272 ἃς
2974 5209 3032 5262 ἐν
3072 5207 3150 5278 τῷ
3191 5209 3430 5279 μεταξὺ
3470 5213 3665 5283 χρόνῳ
3691 5209 3813 5267 ὕλας

1606 5375 1843 5433 ἾΑΒΙΔΕ
1881 5376 2268 5470 LEC'I‘IONES
2307 5377 2396 5432 ET
2434 5376 2668 5434 NOTE.

509 5527 716 5654 uitii.
744 5530 936 5601 Τρυφῇ
987 5528 1128 5584 idem
1171 5537 1332 5599 ³⁸³⁸⁸⁸
1390 5530 1442 5582 ί¹¹
1488 5529 1724 5601 τρυφῆςο
1777 5546 1901 5602 pas.
1959 5530 2084 5587 670.

585 5668 696 5739 (Π)
727 5669 830 5739 [fro
856 5667 951 5722 τὸν
981 5667 1141 5724 ambo
1178 5667 1336 5739 codd.
1365 5668 1724 5739 ponuntfrﬂv.
1757 5667 1834 5723 In.

584 5736 696 5804 us)
723 5737 854 5792 Cod.
883 5748 1109 5808 uterque
1131 5738 1331 5794 omittit
1364 5737 1532 5801 θείας.
1557 5736 1713 5794 Vere.
1746 5739 1779 5793 5
1810 5739 1957 5796 inter
1979 5754 2082 5791 κα-

2183 5532 2522 5608 ταλαμϐἀνει
2547 5541 2602 5589 et
2632 5533 2874 5608 τοιοῦτον
2897 5535 3056 5608 ambo
3085 5533 3350 5608 inserunt
3379 5540 3561 5608 πρός.
3600 5537 3660 5592 In
3690 5536 3827 5591 duo-

2183 5603 2286 5658 bus
2321 5603 2520 5658 ultimis
2552 5606 2799 5658 versibus
2831 5603 3088 5658 vocabula
3118 5605 3284 5658 iidem
3319 5603 3509 5664 aliter
3532 5608 3823 5668 ordinant,

2185 5674 2482 5729 mutatione
2515 5688 2704 5742 parum
2740 5673 2988 5730 notabili.
3022 5672 3230 5729 Possm.
