4070 6374
357 816 368 934 .’

390 424 526 490 1549

386 630 565 684 ποιεῖν
596 627 998 698 ἐξελέγχονται.

640 823 766 880 τοι.
796 854 867 866 -
896 822 1292 897 ΔΠΟΛΛΩΝΙῼ
1324 825 1695 897 ΕΠΙΣΚΟΠῼ.

1267 416 1801 481 EPISTOLARUM
1839 416 1986 476 LIB.
2028 415 2095 478 v.
2125 436 2193 451 -
2229 415 2465 475 EPIST.
2506 372 2912 473 CCCLXXIVd

262 582 271 593 .
385 534 688 610 ἀπαιτῶμεν
741 535 972 598 ἑαυτοὺς
1022 534 1486 606 παρασκευάζειν,
1532 533 1685 587 οὐδὲν
1741 526 1859 585 οἷόν
1906 546 1966 584 τε
1998 540 2032 595 Α

2078 530 2337 599 temporis
2384 544 2469 583 res
2499 543 2597 582 nos
2638 528 2783 595 ipsos
2835 520 3168 594 decipientes
3212 532 3475 591 apparare
3502 522 3653 576 vide-

3517 406 3654 474 1550

2076 638 2222 686 mur,
2292 622 2438 692 quod
2490 619 2773 675 absolvere
2852 632 2959 671 non
3026 614 3382 682 potuerimus,
3430 627 3655 670 accusa-

2073 716 2275 771 bimur.

2269 821 2569 879 CCCLXX.
2590 850 2660 862 —-
2686 817 3075 876 APOLLONIO
3102 814 3451 875 EPISCOPO.

1428 920 1613 975 Victor
1634 922 1754 990 quis
1787 937 1924 975 vere.
1951 918 2132 991 (Conf.
2165 921 2323 990 epist.
2364 918 2428 973 76
2453 929 2499 973 et
2528 916 2644 985 88.)

457 1027 523 1080 Ei
580 1026 676 1080 καὶ
728 1025 905 1079 δειναί¹
947 1027 1006 1078 ὲν
1051 1026 1167 1091 τοῖς
1219 1026 1513 1099 πράγμασι
1574 1029 1969 1099 συμϐαίνουσαι

386 1115 612 1187 ἀπορίαι
656 1117 720 1170 τὸ
759 1116 910 1180 εἰκὸς
951 1116 1187 1183 ἀνελεῖν,
1222 1119 1318 1172 καὶ
1362 1119 1475 1189 (19)
1521 1118 1619 1172 τοῦ
1668 1120 1970 1190 πρέποντος

385 1207 759 1277 ἀναγκάζουσι
786 1207 848 1262 τὸ
897 1196 1292 1281 παρεμπίπτον
1344 1210 1600 1263 ἑλέσθαιο
1646 1210 1764 1264 ἀλλ’
1798 1207 1892 1265 οὖν
1920 1214 1969 1266 oi

386 1299 710 1369 φρονήσεως
749 1299 853 1353 οὐκ
882 1299 1277 1371 άμοιροῦντες,
1321 1300 1415 1353 καὶ
1442 1303 1510 1373 τῇ
1543 1302 1664 1373 θείᾳ
1710 1302 1862 1374 δεξιᾷ
1901 1303 1972 1356 τά

387 1388 513 1443 καθ’
548 1390 778 1453 ἑαυτοὺς
811 1389 1231 1460 ἐπιτρέποντες,
1273 1390 1337 1446 τὸ
1376 1392 1588 1463 πρέπον
1637 1391 1841 1463 μᾶλλον
1872 1392 1970 1447 τοῦ

386 1479 704 1548 παραυτίκα
749 1479 1033 1544 δοκοῦντος
1085 1479 1442 1551 αἱρούμενοι,
1476 1480 1536 1533 οὐ
1569 1478 1647 1551 τῷ
1691 1480 1843 1545 δόξαι
1873 1483 1972 1552 ήτ-

386 1568 587 1640 τῆσθαι
620 1569 1096 1641 δυσχεραίνουσιν,
1131 1570 1269 1625 ἀλλὰ
1297 1569 1376 1641 τῷ
1423 1569 1596 1635 ὅντως
1624 1570 1972 1640 νενικηκέναι

386 1662 736 1730 ἀγάλλονται.
780 1661 927 1732 Νίκη
964 1660 1075 1732 γὰρ
1115 1662 1334 1734 άληθῶς
1377 1662 1440 1715 οὐ
1478 1661 1542 1716 τὸ
1569 1662 1748 1715 δοκεῖν
1789 1678 1972 1731 παρα-

386 1753 580 1823 χρῆμα
612 1752 961 1823 νενικηκέναι
987 1790 1004 1817 ,
1036 1752 1174 1806 ἀλλὰ
1202 1752 1266 1805 τὸ
1308 1751 1513 1822 ἀρετῆς
1544 1752 1640 1806 καὶ
1687 1751 1974 1817 εύσεὸείας

389 1840 467 1913 μὴ
499 1842 939 1895 ἐκπεπτωκέναι.

413 1949 585 2004 ΤΟΔ’.
618 1978 688 1991 -
722 1946 988 2019 ΕΡΜΙΝῼ
1021 1949 1142 2002 ΚΑΙ
1173 1948 1411 2002 ΙΕΡΔΚΙ
1439 1948 1931 2020 ΔΑΜΠΡΟΤΑΤῼ.

2149 1027 2262 1083 Etsi
2281 1042 2401 1098 quae
2428 1028 2479 1080 in
2504 1027 2665 1080 rebus
2685 1024 2938 1095 gravibus
2957 1030 3253 1079 occurrunt
3275 1023 3656 1094 ambiguitates

2075 1122 2302 1176 multmn
2330 1119 2546 1173 valeant
2569 1132 2632 1172 ac
2657 1130 2796 1186 pene
2819 1125 3015 1186 cogant
3039 1116 3107 1169 ab
3127 1116 3353 1170 honesto
3373 1115 3659 1185 otiicioque

2075 1213 2312 1276 deviare,
2359 1221 2538 1266 tamen
2586 1211 2678 1280 qui
2731 1208 3017 1279 prudentia
3058 1223 3162 1261 non
3203 1216 3410 1271 carent,
3449 1220 3657 1276 suaque

2077 1300 2501 1356 divinaadextrze
2549 1298 2916 1360 committunt,
2959 1298 3214 1351 decorum
3266 1294 3443 1366 potius
3490 1311 3656 1366 quam

2078 1388 2131 1443 id
2156 1388 2297 1459 quod
2325 1388 2494 1456 prima
2531 1386 2711 1443 fronte
2753 1393 2980 1455 apparet
3028 1384 3310 1455 eligentes,
3361 1399 3468 1440 non
3512 1398 3659 1454 aegre

2080 1479 2262 1535 ferunt
2320 1479 2463 1548 quod
2508 1479 2647 1532 vinci
2699 1479 3005 1542 videantur,
3070 1477 3166 1532 sed
3213 1490 3404 1530 revera
3462 1475 3659 1529 vicisse

2078 1569 2402 1640 gloriantur.
2429 1570 2589 1640 671
2624 1567 2764 1624 Vera
2786 1569 2932 1623 enim
2959 1567 3185 1622 victoria
3218 1581 3324 1619 non
3348 1576 3431 1619 est
3462 1564 3660 1619 vicisse

2079 1661 2249 1714 videri
2286 1661 2340 1715 in
2372 1670 2636 1731 tempore,
2673 1662 2768 1717 sed
2798 1660 2997 1714 virtute
3028 1671 3092 1713 ac
3126 1656 3330 1727 pietate
3359 1669 3465 1710 non
3506 1656 3657 1710 exci-

2079 1750 2244 1807 disse.

2076 1949 2399 2007 CCCLXXI.
2454 1981 2526 1992 —
2587 1948 2898 2006 HERMINO
2954 1947 3044 2004 ET
3105 1941 3406 2010 HIERACI,
3474 1937 3660 1996 VIRIS

2634 2019 3086 2077 CLARISSIMIS.

775 2109 916 2165 Deus
949 2125 1054 2164 non
1089 2108 1261 2165 solum
1291 2126 1357 2165 ea:
1387 2112 1594 2175 merito,
1619 2111 1710 2166 sed
1735 2120 1786 2167 st
1825 2126 1988 2180 supra
2015 2114 2263 2168 meritum
2294 2128 2418 2169 suos
2448 2115 2715 2170 honorare
2754 2123 2803 2170 et
2839 2115 2947 2171 uult
2975 2121 3027 2169 et
3065 2123 3253 2185 potest.

469 2221 537 2276 Ἦ
577 2222 856 2293 ἀκήρατος
886 2222 981 2275 καὶ
1010 2220 1133 2275 θεία
1185 2220 1430 2292 δύναμις
1461 2220 1596 2292 μόνη
1650 2222 1750 2293 μὲν
1804 2220 1980 2275 ἐθέλει

387 2314 510 2369 κατ’
533 2311 691 2378 ἀξίαν
722 2313 910 2383 τιμᾷν.
943 2312 1098 2384 Μόνη
1128 2312 1187 2366 δὲ
1220 2312 1317 2365 καὶ
1362 2311 1476 2383 ἔχει
1504 2311 1575 2365 δι’
1615 2306 1692 2368 ὧν
1722 2313 1972 2383 τιμήσει,

388 2407 458 2478 τῇ
514 2403 774 2474 βουλήσει
823 2404 926 2474 τῆς
979 2403 1263 2474 δυνάμεως
1301 2403 1712 2476 άμιλλωμένης.
1764 2404 1978 2459 Οὐκοῦν

388 2498 776 2568 ἀγαπήσωμεν
807 2494 998 2567 αὐτὴν,
1031 2496 1133 2566 τήν
1166 2496 1334 2566 μόνην
1364 2495 1460 2549 καὶ
1497 2494 1790 2549 ἐθέλουσαν
1828 2496 1980 2566 ἡμᾶς

388 2588 656 2656 τιμῆσαι,
690 2585 785 2638 καὶ
824 2583 1077 2654 ἔχουσαν,
1127 2583 1195 2638 δι’
1221 2576 1295 2637 ὧν
1324 2582 1386 2637 ού
1424 2582 1587 2654 μόνον
1636 2584 1758 2637 κατ’
1795 2581 1977 2649 ἀξίαν,

2151 2222 2468 2296 lncorrupta
2497 2239 2715 2296 semper
2742 2224 3031 2295 divinaque
3081 2225 3177 2301 vis
3226 2223 3339 2278 vult
3375 2232 3431 2279 et
3481 2229 3660 2294 potest

2079 2314 2312 2385 aliquem
2335 2317 2625 2372 honorare.
2663 2315 2825 2372 Solus
2850 2317 2996 2371 enim
3046 2318 3185 2371 Deus
3228 2315 3391 2370 habet
3418 2330 3526 2385 quo
3555 2316 3659 2371 ho-

2079 2417 2256 2474 noret,
2298 2407 2577 2463 voluntate
2631 2408 2849 2476 quidem
2904 2421 3027 2463 cum
3086 2406 3344 2462 facultate
3389 2415 3657 2463 certante.

2079 2496 2259 2563 Quare
2286 2499 2598 2554 adamemus
2623 2496 2816 2566 Deum,
2861 2498 2954 2569 qui
3002 2498 3148 2555 solus
3199 2511 3253 2555 et
3292 2498 3405 2553 vult
3454 2499 3662 2555 honore

2080 2583 2322 2654 aﬂ‘iccre,
2356 2595 2411 2642 et
2441 2587 2604 2642 habet
2632 2601 2737 2658 quo
2759 2601 2865 2642 non
2887 2596 3093 2642 tantum
3125 2601 3224 2655 pro
3254 2586 3536 2656 dignitate,
3562 2585 3660 2641 sed

389 2682 530 2737 ἀλλά
559 2682 657 2736 καὶ
696 2681 837 2753 ὑπὲρ
862 2681 963 2752 τὴν
1007 2680 1165 2747 ἀξίαν
1193 2680 1452 2751 τιμήσει’
1487 2697 1507 2732 ι
1544 2680 1659 2733 Οὐκ
1689 2679 1816 2746 ἄξια
1839 2682 1970 2754 γὰρ,

391 2775 550 2846 φησὶ,
577 2774 648 2828 τὰ
677 2774 982 2845 παθήματα
1031 2772 1126 2826 τοῦ
1156 2771 1252 2826 νῦν
1300 2771 1495 2845 καιροῦ
1542 2773 1682 2841 πρὸς
1708 2772 1809 2846 τὴν
1845 2775 1977 2845 μὲλ-

391 2863 596 2918 λουσαν
633 2862 794 2929 δόξαν
820 2862 1296 2932 ἀποκαλυφθῆναι.
1346 2881 1365 2914 s

2078 2863 2145 2917 ad
2177 2859 2413 2915 futuram
2438 2862 2685 2932 gloriam,
2718 2877 2839 2931 quae
2886 2861 3210 2917 revelabitur
3258 2861 3311 2914 in
3356 2860 3511 2915 nobis
3531 2860 3599 2915 “.
3633 2877 3655 2914 s

714 2953 883 3006 me.
920 2983 993 2994 —
1018 2951 1327 3023 eeoaopp
1358 2952 1659 3023 ΕΠΑΡΧῼ.

2224 2951 2570 3008 CCCLXXII.
2601 2984 2671 2996 —-
2696 2950 3069 3008 'l‘llEODORO
3113 2948 3519 3008 PBIEFECTO.

1379 3041 1510 3108 Quis
1554 3043 1748 3112 Optime
1786 3042 2090 3114 reipublicce
2121 3045 2298 3114 pra’sit
2334 3044 2685 3115 δημαγωγός.

467 3155 730 3227 Ἀριστον
755 3150 1086 3224 δημαγωγὸν
1109 3150 1202 3205 καὶ
1219 3150 1464 3222 ἡγεμόνα
1482 3152 1687 3205 ἐκεῖνον
1706 3150 1772 3205 ἂν
1800 3151 1975 3221 ἔγωγε
2005 3141 2032 3201 (

2153 3155 2480 3224 Reipublicae
2513 3156 2776 3227 Optimum
2808 3169 2932 3211 eum
2970 3154 3201 3210 dixerim
3240 3156 3660 3225 gubernatorem

392 3246 713 3318 ὀρισαίμην,
758 3245 818 3297 ού
851 3243 940 3296 τὸν
1001 3241 1366 3312 μισθοδοσίαις
1412 3242 1629 3307 στάσεις
1680 3243 1971 3309 κινοῦντα,

2083 3263 2149 3303 ac
2180 3247 2517 3318 praefectum,
2547 3263 2650 3301 non
2681 3247 2771 3316 qui
2797 3247 3175 3317 largitionibus
3207 3247 3501 3303 seditiones
3530 3263 3663 3304 con-

394 3337 492 3390 καὶ
521 3337 631 3390 τῶν
668 3333 866 3389 ἑαυτοῦ
902 3333 1034 3386 ίσων
1093 3333 1174 3405 (οὔ
1205 3334 1313 3403 γὰρ
1339 3330 1406 3385 ἂν
1442 3333 1653 3404 εἴποιμι
1693 3334 1974 3405 χειρόνων)

2082 3337 2236 3401 citet,
2266 3351 2329 3391 ac
2382 3338 2465 3390 sui
2508 3335 2787 3399 similium,
2818 3349 2922 3389 non
2954 3335 3132 3389 dicam
3177 3335 3529 3399 deteriorum,
3563 3349 3661 3390 ve-

2080 2679 2243 2733 etiam
2270 2692 2433 2749 supra
2472 2680 2722 2734 meritum
2773 2680 3007 2735 honoret
3056 2696 3071 2732 :
3127 2695 3146 2730 ι
3207 2677 3323 2731 Non
3367 2682 3535 2745 enim,
3585 2675 3663 2731 ait

2073 2768 2378 2839 Scriptura,
2407 2770 2687 2841 condigna
2717 2778 2843 2825 sunt
2894 2768 3175 2839 passiones
3206 2767 3365 2837 hujus
3400 2767 3663 2838 temporis

394 3426 588 3497 ὥσπερ
615 3423 890 3478 δεσποτῶν
922 3421 1019 3485 τάς
1054 3421 1234 3491 φωνάς
1274 3420 1640 3491 ὲξωνούμενον
1665 3438 1679 3451 ·
1714 3422 1852 3475 ἀλλά
1885 3422 1977 3475 τὸν

2084 3426 2182 3479 luti
2223 3424 2565 3480 dominorum
2595 3438 2758 3479 voces
2800 3423 3051 3489 redimat,
3078 3423 3174 3478 sed
3223 3424 3315 3492 qui
3366 3423 3566 3479 virtute
3596 3438 3663 3478 ac

394 3520 466 3573 δι’
492 3520 697 3591 ἀρετῆς
724 3519 819 3572 καὶ
847 3516 1131 3578 εὐσεϐείας
1157 3516 1284 3577 τοὺς
1312 3513 1519 3583 δήμους
1561 3513 1936 3585 ἔξαρτώμενον
1957 3554 1975 3581 ,

2085 3517 2288 3587 pietate
2332 3531 2651 3586 suspensum
2693 3522 2871 3570 teneat
2907 3514 3201 3585 populum:
3235 3529 3409 3584 neque
3434 3514 3527 3584 qui
3564 3529 3665 3586 po-

398 3609 500 3665 sta't
529 3610 629 3663 οὐκ
648 3611 704 3661 ὲν
730 3610 850 3670 ταῖς
881 3608 1086 3677 φωναῖς
1110 3605 1268 3675 μόνον
1287 3605 1817 3676 ἀνακηρυττόμενον,
1843 3607 1979 3660 ἀλλά

2085 3613 2193 3681 puli
2244 3622 2454 3668 tantum
2503 3618 2754 3668 sermone
2796 3621 2853 3667 et
2895 3625 3029 3667 voce
3086 3610 3417 3676 celebretur,
3463 3610 3559 3665 sed
3606 3619 3665 3667 et

402 3701 499 3756 καὶ
529 3702 590 3754 εν
627 3702 749 3763 ταῖς
776 3697 1028 3769 γνώμαις
1062 3695 1516 3766 στεφανούμενον.
2079 3704 2285 3759 animo.

429 3808 597 3864 TOl".
625 3839 691 3851 —
723 3804 1340 3881 ZOZIMQ,_M§§QI§'_I,
1361 3805 1780 3873 XAIPHMONI,
1828 3808 1952 3863 κΑι

2079 3810 2445 3868 CCCLXXIII.
2474 3842 2544 3853 —
2570 3810 2848 3875 ZOSIMO,
2874 3810 3163 3880 MARONI,
3211 3811 3663 3881 CHEREMONI,

1010 3875 1370 3947 ΕΥΣΤΑΘΙῼ.

2605 3882 2689 3937 ΕΤ
2725 3881 2997 3938 EUSTAT
3007 3881 3142 3939 H10.

1132 3965 1213 4019 Ad
1243 3966 1435 4020 bonam
1469 3982 1656 4021 rursus
1694 3969 1899 4039 frugem
1941 3971 2152 4028 inuitat.
2179 3973 2336 4043 (Sup.
2364 3976 2519 4045 epist.
2547 3973 2673 4037 105,
2699 3984 2748 4028 et
2779 3973 2928 4046 3H.)

486 4076 796 4146 Ἑλλδγιμοι
831 4074 927 4128 καὶ
951 4071 1169 4143 ἀληθεῖς
1206 4072 1399 4144 ἄνδρες
1420 4075 1661 4139 ἐκτόπως
1703 4076 1849 4146 ὑμᾶς
1885 4077 1984 4149 τῆς

2156 4080 2353 4135 Diserti
2392 4080 2493 4135 viri
2526 4081 2798 4152 iidemque
2841 4083 2952 4138 veri
2994 4091 3239 4141 amantes
3274 4093 3517 4149 narrant,
3560 4100 3658 4142 vos

402 4168 608 4231 κακίας
633 4162 1074 4219 διαὸεὸαιοῦνται
1121 4158 1265 4217 εἶναι
1301 4163 1557 4234 ἐραστὰς,
1606 4166 1702 4218 καὶ
1749 4165 1818 4219 τὰ
1865 4167 1986 4220 κατ’

2083 4185 2246 4241 supra
2274 4172 2489 4227 modum
2514 4173 2789 4242 improbos
2819 4188 2960 4239 esse,
2994 4185 3285 4244 vestraque
3315 4176 3513 4246 ﬂagitia
3549 4177 3669 4231 sin-

402 4255 551 4322 εἷδος
585 4256 1035 4327 πλημμελήματα
1059 4254 1214 4325 ὑμῶν
1257 4253 1733 4325 ὲκκωμφδοῦντες,
1784 4257 1986 4327 πολλὴν

2086 4261 2310 4330 gulatim
2355 4261 2810 4329 reprehendentes
2862 4263 3088 4317 multmn
3148 4263 3380 4319 afferunt
3432 4266 3668 4321 tristitia:

400 4349 733 4419 καταχέουσι
765 4347 879 4409 τοῖς
907 4345 982 4414 μὴ
1009 4343 1337 4415 ἀναλγήτοις
1376 4343 1473 4413 τὴν
1508 4343 1721 4413 ὀδύνην.
1771 4346 1911 4414 Ἐγὼ
1930 4347 1988 4399 δὲ

2088 4364 2307 4405 sensum
2338 4350 2570 4419 aliquem
2601 4352 2944 4407 habentibus.
2976 4350 3235 4423 Equidem
3271 4354 3407 4410 duas
3435 4356 3504 4410 ob
3532 4371 3670 4410 cau-

399 4441 546 4496 αύτὰ
576 4438 635 4492 ού
666 4438 860 4508 φράσω
888 4435 1035 4488 δυοῖν
1063 4433 1270 4488 ἕνεκεν.
1297 4432 1437 4486 Οὔτε
1459 4432 1569 4505 γὰρ
1594 4433 1856 4505 βούλομαι
1888 4453 1986 4506 μο-
2016 4471 2032 4525 1

2088 4454 2178 4494 sas
2203 4440 2290 4494 illa
2325 4457 2430 4496 non
2464 4439 2717 4496 referam.
2750 4439 2932 4509 Neque
2954 4443 3094 4496 enim
3120 4442 3358 4512 linguam
3378 4446 3668 4498 narrandis

397 4533 560 4588 λῦναι
592 4529 694 4601 τὴν
729 4527 999 4597 γλῶτταν,
1050 4524 1174 4579 οὔτε
1209 4526 1260 4578 εἰ
1317 4524 1632 4595 βουλοίμην,
1679 4526 1980 4597 δυναίμην·
2023 4524 2032 4525 “

2092 4530 2159 4585 iis
2186 4531 2561 4585 contaminare
2589 4531 2730 4594 volo,
2756 4545 2951 4599 neque,
2984 4531 3029 4585 si
3069 4532 3247 4599 velim,
3283 4533 3504 4601 possim,
3532 4535 3668 4588 adeo

396 4622 575 4684 οὕτως
623 4619 839 4675 ἅπαντα
884 4617 1042 4686 λόγον
1089 4615 1430 4685 ὑπερϐαίνει.
1478 4616 1661 4686 ’Υμῶν
1709 4613 1803 4671 οὖν
1864 4621 1982 4672 ἐστι

2089 4634 2305 4675 omnem
2335 4627 2594 4689 superant
2649 4619 2860 4674 dicendi
2915 4618 3044 4673 vim.
3082 4618 3262 4685 Quare
3291 4629 3531 4676 vestrum
3581 4634 3668 4678 est

399 4716 650 4778 σκοπεῖν,
674 4713 822 4774 ὅπως
852 4708 1138 4779 παύσησθε
1169 4706 1279 4760 τῶν
1305 4706 1563 4763 τοιούτων
1593 4709 1917 4781 δραμάτων,
1942 4709 1980 4764 ἃ.

2089 4712 2522 4765 animadvertere
2566 4718 2625 4765 ut
2667 4717 2721 4765 et
2766 4710 2958 4766 horum
2995 4710 3314 4766 delictorum
3359 4712 3520 4767 tinem
3549 4729 3666 4768 mo-

398 4806 499 4861 καὶ
521 4806 648 4869 τοὺς
672 4803 929 4869 λέγοντας
964 4799 1223 4872 ἐρυθριᾷν
1247 4798 1679 4871 παρασκευάζει.

2095 4804 2328 4872 dumque
2356 4801 2628 4866 statuatis,
2660 4809 2717 4855 ut
2741 4800 2809 4854 ab
2829 4799 3091 4869 ejusmodi
3120 4803 3376 4871 operibus
3400 4806 3668 4861 abstinea-

2092 4892 2164 4946 tis
2200 4905 2320 4961 qua:
2353 4891 2701 4945 narrantibus
2731 4890 2987 4958 pudorem
3030 4891 3317 4949 incutiunt.

918 4981 1084 5035 TOA'.
1114 5008 1183 5021 -
1213 4974 1468 5052 mmo.
2510 4977 2877 5038 CCCLXXIV.
2905 5009 2978 5021 —
2999 4979 3248 5039 PAULO.

1753 5074 1931 5129 Virtus
1960 5074 2345 5147 amplectenda.

473 5186 585 5250 Τὰς
615 5185 819 5257 ἀρετὰς
841 5185 1000 5257 τίμα,
1066 5186 1141 5258 μὴ
1177 5185 1277 5251 τάς
1334 5185 1637 5256 εὐημερίας
1688 5184 1982 5257 θεράπευε.

400 5281 468 5333 Δί
493 5279 592 5350 μὲν
619 5278 727 5350 γὰρ
755 5278 1025 5333 ἀθάνατόν
1063 5280 1173 5332 εἰσι
1198 5278 1411 5351 χρῆμα,
1438 5277 1497 5331 al
1524 5277 1580 5330 δὲ
1601 5276 1800 5348 ῥᾳδίως
1827 5276 1986 5330 σϐέν-

403 5385 613 5424 νυνται.

483 5480 532 5514 ’⁸
559 5476 719 5533 Rom.
749 5493 871 5543 vm,
921 5477 1009 5533 18.

2165 5186 2432 5244 Virtutem
2485 5185 2626 5253 cole,
2677 5200 2777 5243 nec
2827 5185 3058 5244 fortunae
3105 5187 3263 5246 bonis
3316 5189 3544 5247 servias.
3572 5190 3667 5246 Illa

2093 5278 2236 5332 enim
2266 5275 2392 5344 quid
2442 5273 2749 5331 immortale
2783 5283 2866 5332 est
2892 5292 2908 5344 ;
2942 5275 3060 5333 haec
3087 5291 3214 5333 vero
3243 5274 3383 5332 fluxa
3410 5284 3559 5345 sunt,
3590 5273 3671 5329 ci-

2097 5376 2263 5436 toque
2296 5374 2539 5438 pereunt.

1516 5560 1750 5618 VARUS
1796 5559 2184 5619 LECTIONES
2232 5561 2602 5632 ET,NOTAB.

407 5779 451 5836 Ρ
480 5709 593 5780 (l9)
625 5707 771 5766 Inter
800 5707 896 5762 καὶ
921 5713 975 5762 et
997 5702 1092 5758 τοῦ
1123 5703 1284 5762 ambo
1312 5702 1467 5760 codd.
1539 5703 1785 5759 inserunt
1828 5700 1934 5771 πρὸ
1982 5708 2032 5757 et

450 5795 620 5836 essm.

2097 5702 2256 5772 paulo
2311 5713 2432 5775 post
2484 5719 2583 5775 pro
2619 5703 2986 5773 ἀναγκάζουσι
3036 5703 3279 5761 scribunt
3332 5702 3665 5774 άνκγκάπαι.

450 5795 620 5837 οδεια.
