4070 6384
374 442 504 511 ιδδί
811 538 1150 600 CCCLXXV.
1180 569 1245 580 ——
1270 536 1477 592 EIDEM

1569 428 1629 487 S.
1670 424 1958 485 ISIDORI
1998 419 2432 483 PELUSIOTAE

2463 526 2631 581 TOE'.
2662 557 2730 567 —
2753 526 2841 596 To
2870 526 3053 597 ΑΥΤῼ
3088 525 3221 597 (eo).

1066 650 1422 719 Interrogatio
1463 649 1518 701 in
1550 647 1716 700 sacris
1746 645 1955 699 Litteris
1986 642 2408 696 reliementiorem
2438 639 2608 693 reddit
2639 639 2952 693 orationem.

451 763 707 836 Quisquis
734 779 837 818 non
866 774 970 815 tam
1004 760 1249 815 enuntiat
1272 774 1434 826 quam
1458 758 1771 824 interrogat,
1790 763 1949 821 atque

380 857 782 916 exaudientium
812 852 1018 924 judicio
1053 851 1155 904 fert
1192 848 1533 909 sententiam,
1578 846 1861 900 clariorem
1897 852 1951 896 et

381 947 733 1004 ellicaciorem
789 939 1172 1009 interrogando
1221 934 1767 991 demonstrationem’
1802 929 1949 984 facit.

382 1038 519 1092 Nam
545 1033 850 1103 iudicantes
877 1028 1202 1096 arrogantiae
1234 1025 1423 1095 vulgus
1451 1033 1690 1079 accusat.
1724 1022 1955 1075 Interro—

376 1134 572 1196 gantes
606 1138 734 1179 vero
768 1132 824 1176 et
860 1121 1163 1175 temeritate
1208 1116 1441 1184 majores
1501 1128 1625 1169 esse
1678 1121 1849 1183 putat,
1900 1123 1955 1166 et

383 1216 616 1270 libenter
647 1215 862 1284 probat,
893 1210 1045 1279 quasi
1078 1208 1224 1261 dicta
1255 1205 1576 1277 percipiant,
1608 1213 1662 1258 et
1696 1212 1956 1273 perpetuo

381 1306 641 1377 judicent.
669 1302 834 1374 672
878 1299 1012 1355 Nam
1045 1296 1298 1366 suifragio
1327 1296 1493 1351 semel
1538 1295 1648 1349 lato
1697 1307 1954 1348 revocare

382 1395 839 1451 vere-condantur.
877 1392 968 1447 Sic
998 1389 1249 1447 Christus
1292 1386 1581 1442 ineiiabilis
1630 1385 1721 1441 Dei
1781 1384 1959 1439 Patris

385 1485 651 1554 sapientia
681 1496 824 1552 saepe
847 1479 1104 1537 adhibere
1130 1476 1325 1533 solitus
1348 1485 1433 1531 est
1453 1474 1955 1545 interrogationem,

382 1575 625 1630 niaxime
651 1574 707 1629 in
736 1572 985 1628 vinitoris
1017 1568 1302 1639 parabola;
1326 1568 1408 1623 sic
1434 1581 1684 1637 quarrens
1715 1584 1731 1621 :
1768 1583 1788 1617 ι
1824 1565 1958 1620 Cum

384 1680 514 1733 ergo
548 1663 757 1719 venerit
805 1661 1054 1717 dominus
1106 1660 1297 1723 vineae,
1330 1658 1458 1726 quid
1515 1656 1674 1712 faciet
1712 1655 1962 1725 agricolis

388 1754 539 1808 illis?
572 1771 591 1804 ο
623 1752 731 1807 illis
760 1762 940 1805 autem
966 1749 1268 1804 dicentibus
1294 1766 1307 1802 :
1342 1766 1360 1799 ι
1395 1745 1566 1802 Malos
1593 1747 1731 1801 male
1752 1748 1957 1815 perdel,

385 1856 442 1899 et
471 1846 678 1898 vineam
732 1856 888 1897 suam
936 1838 1133 1894 locabit
1168 1838 1292 1891 aliis
1343 1836 1594 1907 agricolis
1623 1837 1694 1901 ",
1750 1855 1769 1886 ι
1820 1836 1959 1891 idem

388 1948 650 2004 responso
679 1932 889 1988 illorum
941 1929 1322 1984 auctoritatem
1369 1927 1592 1982 addidit.
1623 1928 1757 1982 Cum
1812 1929 1959 1982 enim

388 2027 669 2080 enuntiare
712 2024 823 2093 ipse
857 2021 982 2092 jure
1029 2027 1231 2089 posset,
1269 2018 1448 2087 coegit
1501 2032 1596 2073 eos
1638 2018 1960 2072 sententiam

393 2118 561 2182 ferre,
589 2117 770 2185 itaque
799 2113 1073 2184 superavit
1100 2123 1153 2168 et
1191 2112 1516 2167 sententiam
1569 2111 1850 2167 stabilivit.
1882 2110 1965 2164 Ad

389 2209 635 2262 emndein
673 2205 889 2261 modum
936 2211 992 2258 et
1042 2202 1232 2256 beatus
1265 2201 1464 2256 Paulus
1494 2201 1770 2269 sapientiae
1825 2201 1967 2256 illius

391 2301 622 2363 auditor,
668 2296 812 2351 fecit.
845 2296 977 2349 Cum
1026 2293 1168 2348 enim
1221 2302 1404 2361 posset
1449 2291 1710 2346 aﬂirmate
1738 2291 1963 2346 dicere:

397 2408 416 2441 ι
457 2387 568 2443 Νοιι
599 2388 752 2441 decet
790 2384 1069 2438 mulierem
1101 2381 1243 2436 nudo
1273 2382 1448 2451 capite
1471 2381 1637 2435 Deum
1669 2381 1902 2448 precari,
1942 2399 1962 2432 ι

393 2476 985 2552 periuterrogationem
1018 2475 1296 2529 ardentius
1340 2470 1574 2526 extorsit
1622 2483 1964 2539 responsum,

394 2586 513 2624 cum
545 2569 623 2623 sic.
647 2567 723 2621 ait
752 2584 767 2620 :
806 2584 824 2618 ι
858 2564 969 2620 Vos
993 2565 1093 2636 ipsi
1118 2563 1329 2634 judices
1370 2572 1565 2627 estote,
1598 2564 1819 2619 decetne
1850 2579 1970 2618 mu-

393 2660 579 2716 lierem
605 2673 710 2713 non
734 2657 962 2710 velatam
992 2671 1153 2711 orare
1186 2656 1351 2711 Deum
1375 2653 1461 2706 "‘1
1489 2673 1509 2707 ι
1550 2653 1630 2708 Τυ
1662 2669 1793 2724 ergo
1849 2654 1971 2710 imi-

395 2748 538 2815 liter,
565 2749 608 2805 si
641 2748 770 2817 quid
804 2745 1033 2802 delinire
1062 2745 1274 2816 cupias,
1307 2745 1443 2800 nihil
1489 2746 1793 2815 pertendas,
1817 2760 1970 2801 asse-

393 2855 571 2904 vercs,
590 2848 684 2893 aut
714 2849 907 2905 urgeas
940 2833 1157 2890 fortius.
1188 2833 1341 2889 Multi
1371 2835 1516 2889 enim
1553 2835 1658 2890 hoc
1684 2836 1843 2891 modo
1870 2836 1973 2891 etsi

395 2930 596 2998 alioqui
636 2927 1078 2984 benedicentibus
1124 2928 1513 2997 obloquuntur,
1556 2928 1652 2983 sed
1694 2928 1810 2982 miti
1858 2942 1974 2982 mo-

398 3023 657 3088 destaqne
721 3017 1147 3085 interrogatione
1206 3017 1559 3073 eliicaciorem
1632 3019 1973 3073 demonstra-

401 3110 600 3164 tionem
636 3121 831 3178 parare
860 3116 1063 3176 satage.
1101 3107 1193 3163 Sic
1215 3109 1358 3162 enim
1388 3108 1540 3164 lucro
1558 3123 1814 3178 appones,
1849 3125 1970 3165 cum

401 3197 622 3264 viceris,
648 3194 969 3267 laudemque
1006 3196 1147 3254 feres
1187 3198 1331 3256 mitis
1368 3213 1431 3255 ac
1460 3198 1719 3254 moderati
1752 3198 1969 3269 ingenii.

662 3467 1028 3529 CCCLXXVI.
1047 3497 1118 3509 —
1142 3467 1355 3524 MENE
1388 3467 1704 3526 DlACONO.

2132 751 2191 804 Ὀ
2227 751 2300 821 μὴ
2320 749 2780 818 ἀποφαινόμενος,
2805 747 2922 800 ἀλλ’
2955 748 3197 817 ἐρωτῶν,
3236 750 3331 802 καὶ
3351 751 3416 820 τῇ
3445 751 3627 821 κρίσει

2049 843 2159 897 τῶν
2184 841 2470 913 ἀκροατῶν
2489 840 2587 910 τὴν
2606 839 2788 909 ψῆφον
2810 838 3143 909 ἐπιτρέπων,
3170 840 3628 912 ἐμφατικωτέραν

2054 937 2147 989 καὶ
2176 934 2619 1006 δραστικωτέραν
2652 935 2719 1002 τῇ
2752 933 3021 1002 ἐρωτήσει
3058 931 3173 1001 (21)
3209 932 3309 1002 τὴν
3353 930 3629 996 ἀπόδειξιν

2054 1029 2311 1079 ποιεῖται.
2339 1025 2479 1086 Τοὺς
2512 1023 2611 1092 μὲν
2644 1023 2753 1092 γὰρ
2799 1022 3295 1091 ἀποφαινομένους,
3339 1021 3631 1083 αὐθαδείας

2053 1115 2100 1168 οἱ
2132 1113 2316 1167 πολλοὶ
2359 1112 2682 1182 γράφονται.
2720 1111 2860 1174 Τοὺς
2889 1110 2948 1164 δέ
2994 1110 3340 1182 ἐρωτῶντας,
3371 1112 3466 1165 καὶ
3497 1128 3633 1179 προ-

2055 1202 2276 1264 πετείας
2327 1200 2645 1271 κρείττονας
2695 1194 2835 1252 εἷναι
2884 1198 3171 1268 ἡγοῦνται,
3226 1199 3325 1252 καὶ
3379 1199 3636 1270 ἀσμένως

2058 1290 2420 1360 στεφανοῦσι,
2472 1288 2551 1359 τῷ
2598 1288 2666 1343 τά
2727 1288 2996 1360 λεγόμενα
3065 1288 3458 1359 καταδέχεσθαι
3539 1291 3638 1343 καί

2057 1373 2333 1453 ἐγκρίνειν
2348 1379 2655 1445 ἀεί.”Απαξ
2675 1380 2782 1451 γὰρ
2811 1379 3204 1450 ψηφισάμενοι,
3235 1381 3537 1452 ἀνατρέψαι
3564 1381 3637 1434 τά

2057 1474 2362 1547 κεκριμένα
2390 1472 2759 1544 αἰσχύνονται.
2791 1471 3014 1527 Τοιοῦτό
3039 1489 3095 1526 τι
3126 1472 3224 1526 καὶ
3254 1474 3284 1525 ὁ
3308 1472 3565 1543 Χριστὸς,
3600 1473 3635 1541 ἡ

2058 1566 2296 1637 άρρητος
2340 1566 2527 1635 σοφία,
2555 1562 2825 1634 πολλαχοῦ
2860 1563 2962 1632 μιν
2990 1564 3282 1633 πεποίηκε,
3316 1562 3554 1633 μάλιστα
3578 1562 3639 1615 δέ

2059 1664 2151 1716 ἐπὶ
2177 1661 2287 1715 τῶν
2318 1659 2740 1732 ἀμπελωργῶν.
2768 1659 3081 1730 Ἐρωτήσας
3100 1659 3229 1729 γάρ’
3263 1677 3281 1710 ι
3320 1659 3385 1711 Τί
3420 1658 3639 1729 ποιήσει

2059 1753 2174 1814 τοῖς
2200 1752 2472 1821 γεωργοῖς
2508 1750 2773 1814 ἐκείνοις;
2812 1766 2832 1800 ι
2877 1742 2998 1802 εἶτα
3050 1750 3274 1801 ἐκείνων
3312 1750 3636 1817 φησάντων·

2067 1861 2087 1895 ι
2136 1842 2356 1906 Κακοὺς
2388 1839 2576 1905 κακῶς
2602 1839 2859 1893 ἀπολέσει
2908 1839 3129 1903 αὐτοὺς,
3166 1841 3267 1894 καὶ
3309 1840 3403 1893 τὸν
3456 1839 3640 1910 ἀμπε-

2061 1933 2210 1987 λῶνα
2252 1930 2551 1986 ἐκδώσεται
2604 1929 2814 2000 ἐτέροις
2877 1933 3145 2001 γεωργοῖς
3171 1945 3185 1958 ·
3244 1946 3264 1980 ι
3322 1929 3487 1993 αὐτὸς
3542 1928 3642 1999 τὴν

2067 2024 2340 2092 ἀπόφασιν
2385 2022 2613 2075 ἐκείνων
2647 2019 2917 2090 ἐκύρωσε.
2953 2020 3264 2090 Δυνάμενος
3291 2018 3401 2090 γάρ
3427 2020 3644 2088 ἀποφή-

2068 2114 2284 2179 νασθαι,
2312 2113 2629 2185 ἠνάγκασεν
2654 2111 2900 2175 ἐκείνους
2939 2110 3028 2164 διὰ
3057 2113 3159 2181 τῆς
3191 2112 3515 2181 ἐρωτήσεως
3543 2111 3644 2179 τὴν

2065 2207 2244 2276 ψῆφον
2266 2207 2590 2274 ἐξενεγκεῖν,
2620 2204 2716 2258 καὶ
2730 2202 2903 2267 οὕτως
2927 2202 3093 2266 αὐτὸς
3111 2202 3463 2257 ἐϐεϐαίωσεν.
3487 2201 3646 2255 Οὕτω

2068 2298 2163 2352 καὶ
2198 2301 2227 2351 ὁ
2257 2296 2469 2359 Παῦλος
2507 2299 2536 2351 ὁ
2574 2296 2675 2368 τῆς
2727 2295 2920 2365 σοφίας
2962 2295 3227 2365 φοιτητὴς
3259 2294 3485 2364 ἐποίησε
3505 2309 3522 2325 ο
3549 2293 3648 2346 δυ-

2068 2392 2299 2462 νάμενος
2328 2391 2437 2462 γὰρ
2463 2391 2641 2444 εἰπεῖν
2663 2407 2676 2422 ο
2712 2409 2733 2442 ι
2767 2388 2907 2443 Οὔτε
2936 2389 3138 2462 πρέπει
3164 2391 3398 2457 γυναῖκα
3431 2389 3647 2443 ἀκατα-

2070 2485 2346 2540 κάλυπτον
2377 2482 2458 2554 τῷ
2489 2482 2612 2554 Θεῷ
2649 2482 3074 2555 προσεύχεσθαι.
3116 2500 3135 2534 ι
3174 2480 3273 2534 Διά
3304 2481 3405 2549 τῆς
3432 2481 3646 2551 ἐρωτή-

2073 2592 2209 2637 σεως
2234 2574 2679 2646 ζητητικωτέραν
2703 2573 2839 2645 (22),
2870 2573 2969 2644 τὴν
3002 2571 3276 2637 ἀπόδειξιν
3308 2570 3651 2627 κατεσκεῦα-

2074 2681 2166 2718 σεν
2215 2665 2409 2729 εἰπὼν,
2454 2683 2474 2717 ι
2510 2666 2599 2719 Ἐν
2641 2665 2769 2735 ὑμῖν
2797 2664 2982 2727 αὐτοῖς
3022 2663 3268 2735 κρίνατε,
3298 2663 3511 2734 πρέπον
3532 2663 3653 2716 ἐστὶ

2071 2754 2309 2820 γυναῖκα
2348 2751 2809 2808 ἀκατακάλυπτον
2853 2750 2933 2821 τῷ
2981 2750 3104 2821 Θεῷ
3161 2748 3587 2821 προσεύχεσθαι;
3627 2768 3650 2803 ι

2073 2843 2183 2896 Καὶ
2217 2842 2380 2905 αὐτὸς
2410 2842 2590 2896 τοίνυν
2622 2844 2698 2912 μὴ
2743 2841 3032 2904 διατείνου,
3056 2842 3153 2895 καὶ
3187 2838 3525 2903 δωϐεδαιοῦ,
3557 2839 3656 2892 καὶ

2072 2931 2484 3002 διαπληκτίζου,
2512 2932 2565 2985 εί
2589 2931 2721 2985 ποτέ
2745 2947 2798 2984 τι
2835 2929 3117 2996 ἀποδεῖξαι
3147 2928 3490 2999 βουληθείης.
3519 2926 3655 2980 Πολι

2073 3019 2157 3073 λοὶ
2182 3019 2290 3092 γάρ
2319 3022 2431 3084 τοῖς
2460 3018 2603 3073 οὕτω
2641 3018 3041 3089 διακειμένοις,
3074 3019 3170 3073 καὶ
3210 3018 3259 3070 εί
3285 3016 3467 3081 καλῶς
3512 3016 3656 3088 φρά-

2076 3110 2240 3176 ζοιεν,
2275 3109 2649 3178 ἀντιλέγουσιν
2668 3126 2683 3141 °
2715 3107 2853 3162 ἀλλά
2884 3107 3206 3179 προσηνείᾳ,
3238 3109 3333 3161 καὶ
3361 3107 3655 3177 πραότητι,

2076 3204 2171 3257 καὶ
2225 3204 2495 3274 ἐρωτήσει
2548 3201 3001 3273 ἐμφατικωτέραν
3043 3201 3142 3272 τὴν
3191 3200 3465 3266 ἀπόδειξιν
3494 3218 3660 3255 κατα-

2000 3312 2042 3369 C
2079 3292 2336 3372 σκεύαζε.
2391 3291 2547 3347 Οὕτω
2603 3294 2713 3365 γὰρ
2771 3293 3052 3363 κερδανεῖς
3098 3290 3238 3362 μετὰ
3290 3290 3386 3344 τοῦ
3437 3290 3660 3359 νικῆσαι

2079 3386 2176 3438 κα)⁵
2206 3384 2306 3456 τὴν
2337 3384 2430 3438 τοῦ
2462 3387 2637 3456 πρᾶος
2673 3380 2811 3438 εἶναι
2843 3382 3022 3448 δόξαν.

2431 3474 2618 3541 Τοεῑν.
2652 3502 2723 3513 --
2750 3474 2954 3545 ΜΗΝᾼ
2983 3471 3307 3543 ΔΙΑΚΟΝῼ.

406 3562 801 3635 Quwstionibtts
851 3563 1135 3634 propositis
1188 3564 1342 3629 plane
1376 3571 1425 3616 et
1454 3561 1722 3632 perspicue
1770 3577 1971 3686 reaper?

1820 3647 1929 3699 eius
1959 3673 1971 3687 .

2070 3563 2185 3705 (an?
2225 3564 2384 3635 juxta
2428 3565 2520 3620 Dei
2573 3566 2785 3621 terbum
2831 3566 3152 3621 medicorum
3195 3562 3447 3632 exemplo.
3479 3559 3662 3633 (Catil.

1849 3651 1972 3699 pm.
2003 3651 2128 3689 τω.

476 3738 555 3795 Ne
580 3754 714 3794 vero
744 3746 1007 3803 tortuosa,
1026 3735 1265 3807 obliqua,
1287 3747 1342 3792 et
1375 3745 1562 3792 coacta
1603 3736 1985 3807 interroganti-

408 3831 506 3885 bus
547 3844 803 3899 respousa
847 3830 1037 3885 demus
1084 3827 1492 3883 allaborandum
1528 3838 1630 3896 est,
1671 3829 1765 3883 sed
1811 3837 1984 3895 recta,

409 3934 586 3989 neque
615 3920 870 3974 violenta.
902 3918 1071 3973 Sacra
1122 3917 1268 3972 enim
1319 3915 1724 3986 Seripturarum
1765 3919 1984 3971 oracula

407 4008 646 4077 peccatis
685 4008 936 4061 omnibus
994 4006 1276 4075 perspicua
1338 4005 1573 4061 afferunt
1618 4006 1881 4062 remedia.
1917 4007 1985 4062 Et

409 4098 604 4153 medici
637 4098 780 4152 aliud
810 4112 908 4167 pro
938 4098 1045 4152 alio
1068 4098 1417 4167 pbarmacum
1448 4099 1668 4169 aegrotis
1687 4096 1979 4154 offerentes

409 4198 612 4243 tantum
642 4187 795 4242 abest
825 4188 1118 4243 valetudini
1173 4199 1235 4242 ut
1281 4188 1511 4257 prosint,
1551 4188 1801 4242 utetiam
1833 4187 1983 4243 labe-

410 4279 631 4331 iactent.
680 4276 756 4331 Ita
816 4278 908 4346 qui
951 4276 1168 4348 propria
1228 4276 1423 4332 aﬂ‘erre
1473 4277 1712 4333 remedia
1767 4280 1981 4334 crimini

410 4370 580 4423 cuivis
612 4368 879 4436 nesciunt,
906 4384 1027 4423 cum
1075 4371 1298 4424 medica:
1358 4370 1467 4424 sint
1509 4371 1643 4424 artis
1682 4370 1877 4440 ignari,
1930 4380 1986 4425 et

411 4459 722 4514 allectiones
747 4469 1031 4528 augentur.
1062 4458 1163 4526 Qui
1194 4461 1339 4514 enim
1367 4461 1603 4515 oraculis
1626 4461 1988 4532 sapientiores

409 4563 531 4603 esse
547 4548 748 4611 volunt,
771 4564 997 4619 quaeque
1015 4551 1118 4604 sibi
1138 4550 1372 4619 placent,
1395 4552 1609 4616 docent,
1625 4567 1729 4605 non
1753 4566 1812 4607 se
1829 4552 1988 4606 modo

414 4637 513 4704 ipsi
540 4638 633 4691 sed
661 4647 715 4693 et
735 4639 871 4692 alios
887 4639 980 4708 qui
1007 4640 1074 4694 ad
1102 4654 1164 4694 se
1190 4638 1353 4694 veluti
1380 4641 1431 4695 iu
1464 4653 1675 4710 portum
1699 4656 1819 4697 sese
1854 4641 1989 4697 reci-

415 4724 589 4791 piunt,
620 4727 763 4780 inani
789 4743 885 4796 spe
909 4725 1126 4793 fallunt,
1155 4730 1207 4782 in
1248 4740 1461 4784 vastum
1497 4731 1858 4799 quaestionum
1890 4747 1986 4801 pe-

415 4812 570 4884 lagus
585 4830 679 4871 eos
702 4817 1073 4888 etmjicicntes.

477 5055 523 5091 "’
552 5055 744 5114 Hatth.
794 5074 907 5126 ut,
934 5060 1023 5128 40,
1058 5061 1149 5115 il.
1215 5062 1261 5095 '°
1294 5063 1307 5117 Ι
1338 5063 1464 5118 Cur.
1507 5080 1587 5132 xi,
1621 5065 1708 5122 15.

2153 3739 2245 3813 Μὴ
2276 3740 2438 3809 λοξάς
2470 3742 2564 3796 καὶ
2599 3742 2838 3811 πλαγίας
2870 3742 2966 3795 καὶ
2987 3740 3357 3812 βεϐιασμένας
3378 3743 3491 3804 τοῖς
3517 3740 3664 3811 ἐρω-

2079 3830 2217 3884 τῶσι
2240 3832 2338 3896 τὰς
2364 3834 2685 3905 ἀποκρίσεις
2713 3833 3014 3904 ποιώμεθα,
3047 3833 3163 3886 ἀλλ’
3192 3832 3357 3903 ὀρθάς
3379 3833 3476 3886 καὶ
3502 3831 3669 3886 ἀδιά-

2083 3938 2273 3986 στους·
2309 3925 2357 3976 οί
2394 3925 2493 3994 μὲν
2524 3923 2635 3996 γάρ
2671 3924 2806 3997 ἱεροὶ
2836 3924 3075 3996 χρησμοὶ
3111 3924 3244 3977 πᾶσι
3271 3926 3380 3985 τοῖς
3411 3922 3670 3992 ἁμαρτή-

2084 4028 2217 4080 μασι
2238 4011 2308 4097 τά
2342 4012 2549 4081 ίάματα
2582 4014 2727 4081 σαφῆ
2750 4014 3142 4083 προσάγουσιν.
3175 4009 3461 4079 Ὠσπερδέ
3491 4007 3672 4077 ἰατροὶ

2087 4103 2275 4173 ἕτερον
2326 4103 2446 4158 ἀνθ’
2520 4104 2710 4173 ἐτέρου
2770 4103 3063 4175 φάρμακον
3126 4102 3496 4174 προσάγοντες
3554 4100 3672 4162 τοῖς

2087 4192 2407 4261 κάμνουσιν,
2434 4192 2534 4246 οὐκ
2565 4191 2630 4246 ἂν
2663 4190 3026 4262 ὠφελήσαιεν,
3060 4189 3197 4244 ἀλλά
3234 4188 3329 4242 καὶ
3367 4185 3675 4257 λυμανοῦν-

2088 4298 2201 4338 ται.
2236 4281 2393 4336 Οὕτω
2439 4284 2534 4336 καὶ
2562 4283 2611 4336 oi
2654 4282 2729 4353 μὴ
2762 4280 2861 4345 τὰς
2892 4281 3088 4351 κυρίας
3132 4278 3425 4349 θεραπείας
3453 4278 3676 4347 ἑκάστῳ

2091 4373 2393 4443 πταίσματι
2456 4372 2789 4444 προσφέρειν
2829 4368 3050 4435 εἰδότες,
3102 4371 3196 4422 καὶ
3233 4366 3485 4435 ἰατρικῆς
3531 4367 3673 4419 εἰσιν

2088 4463 2306 4534 ἄπειροι
2337 4463 2553 4535 τέχνης,
2580 4463 2674 4517 καὶ
2699 4461 2768 4516 τὰ
2797 4459 2944 4532 πάθη
2968 4458 3328 4530 ἐπιτρίϐουσι.
3362 4455 3674 4525 Σοφώτεροι

2088 4555 2199 4625 γὰρ
2227 4553 2367 4608 εἶναι
2407 4554 2721 4625 βουλόμενοι
2767 4552 2874 4606 τῶν
2924 4550 3143 4620 λογίων,
3184 4548 3375 4603 καὶτὰ
3406 4545 3675 4600 δοκοῦντα

2090 4648 2308 4708 ἐαυτοῖς
2333 4645 2774 4715 δογματίζοντες,
2809 4644 2871 4698 οὐ
2906 4642 3068 4714 μόνον
3122 4639 3372 4703 ἑαυτοὺς,
3406 4637 3545 4701 ἀλλά
3578 4637 3678 4690 καὶ

2090 4735 2216 4796 τοὺς
2248 4735 2385 4803 πρὸς
2412 4734 2615 4797 αὐτοὺς
2645 4733 2836 4802 ὥσπερ
2860 4732 2939 4795 είς
2966 4729 3191 4800 λιμένας
3227 4726 3679 4796 καταφεύγοντας

2019 4807 2063 4863 D
2095 4824 2388 4891 σφάλλουσι
2421 4824 2521 4893 τῆς
2553 4822 2790 4890 ἐλπίδος,
2817 4824 2898 4887 είς
2924 4821 3162 4889 πέλαγος
3191 4818 3390 4882 αὐτοὺς
3422 4815 3679 4887 ζητημά-

2092 4933 2201 4972 των
2231 4915 2686 4982 ἐξακοντίζοντες.

1516 5181 1756 5239 VARIA']
1794 5180 2184 5238 LECTlONES
2224 5181 2311 5236 ET
2349 5179 2583 5236 ΝΟΤΑΞ.

424 5356 635 5428 Πέτρῲ.
669 5356 880 5428 Possm.

491 5426 905 5507 (inmodestia:
934 5428 986 5507 id
1035 5442 1409 5507 argumentum
1452 5434 1587 5507 alios
1636 5436 1992 5507 interrogare,

424 5503 485 5550 ut
515 5498 843 5567 sententiam
877 5498 973 5567 ipsi
1014 5499 1099 5551 vel
1132 5510 1318 5553 contra
1356 5516 1414 5555 se
1445 5503 1642 5559 ferant.
1674 5498 1996 5558 Aristoteles

426 5577 641 5685 (pioque
682 5578 740 5617 et
768 5563 1118 5645 iureconsulti
1156 5584 1259 5622 non
1306 5571 1463 5637 plane
1501 5587 1716 5641 semper
1755 5588 1995 5637 pronun-

426 5643 582 5685 tant.
611 5633 702 5685 sed
737 5635 900 5685 videri
931 5637 1121 5685 bammt
1160 5637 1215 5685 id
1243 5648 1291 5685 el
1324 5654 1528 5685 manum
1576 5658 1706 5685 esse-
1735 5640 1993 5685 Oratam:

425 5633 582 5706 tiant,
611 5633 702 5687 sed
737 5633 900 5687 videri
931 5637 1121 5706 bonum
1160 5637 1215 5689 id
1243 5648 1291 5689 et
1306 5633 1528 5706 'avqnnm
1576 5633 1706 5695 esse.
1735 5633 1993 5696 Oratores

424 5701 587 5753 etiam
610 5716 675 5755 ac
703 5711 872 5764 poeta:
897 5705 978 5759 usi
1006 5707 1106 5760 bac
1132 5718 1258 5760 sunt
1278 5701 1504 5760 formula
1545 5724 1558 5760 :
1597 5710 1659 5762 Et
1689 5709 1992 5763 dubitamus

427 5766 618 5821 adhuc.
649 5770 729 5822 An
752 5771 967 5825 dubium
1007 5775 1248 5841 cuiquam
1277 5791 1388 5829 esse
1434 5787 1621 5845 potest,
1655 5787 1713 5832 ut
1740 5781 1992 5834 observat

493 5287 608 5361 (20)
638 5286 809 5369 ϐριίιι.
850 5288 969 5346 Vat.
1002 5290 1108 5345 650
1136 5303 1190 5347 et
1218 5294 1327 5349 Alt.
1379 5312 1475 5366 pro
1500 5297 1581 5369 τῷ
1612 5297 1761 5368 αὐτῷ
1805 5299 2001 5352 habent
2109 5296 2177 5369 in
2200 5295 2374 5369 Variis
2395 5292 2901 5369 _lect_ion_ibu_s_Pelr.
2932 5293 3225 5369 __Victorius
3275 5292 3381 5369 lib._
3406 5308 3521 5369 an,
3553 5309 3681 5364 cap.

2109 5365 2199 5421 15.
2232 5366 2296 5445 lit
2321 5366 2547 5445 Athenis
2579 5365 2749 5445 Attici
2776 5366 2826 5418 in
2852 5363 3056 5445 judicio
3084 5379 3237 5445 reum
3265 5363 3682 5445 capitis_inter-

2102 5434 2789 5519 LOgahant-qulo.suppl’i'cio
2819 5448 2878 5519 se
2910 5434 3494 5519 dignumexistimaret
3520 5442 3581 5485 ut
3609 5433 3685 5487 de

2102 5499 2325 5556 Sol-rate
2353 5499 2425 5557 Μ.
2455 5499 2645 5557 Cicero
2679 5501 2893 5557 Tuscul.
2929 5499 3062 5556 lfex
3092 5499 3316 5557 Platone
3338 5514 3681 5556 commemo-

2098 5583 2183 5625 rat
2212 5587 2275 5624 ac
2295 5570 2506 5625 Lvsias.
2552 5569 2792 5625 Scno'r'r.

2168 5641 2281 5709 (9.2)
2324 5638 2429 5709 Pro
2477 5638 2924 5709 ζητητικωτέραν
2973 5639 3096 5694 rod.
3143 5639 3266 5696 Val.
3319 5638 3424 5694 650
3467 5648 3522 5693 et
3564 5639 3673 5693 Alt.

2095 5708 2337 5765 scribunt
2365 5708 2765 5778 ζωτικωτέραν.
2812 5708 3018 5765 Possm.
