4070 6376
448 326 580 389 1553

956 435 1119 490 TOZ'.
1153 466 1222 475 -
1258 436 1506 505 tumo.

1283 322 1814 382 EPISTOLARUM
1859 322 2004 380 LIB.
2044 321 2108 380 ν.
2136 343 2201 355 -
2243 321 2476 380 EPIST.
2518 321 2879 380 CCCLXXX.

3559 315 3698 380 1554

2533 431 2925 488 CCCLXXVII.
2943 459 3014 470 -—
3037 429 3117 484 PA
3131 427 3282 484 ULO.

1076 569 1094 600 ι
1133 549 1240 615 Qui
1269 552 1434 617 potuit
1465 550 1764 616 transgredi
1792 559 1840 601 et
1871 564 1972 600 non
1996 557 2069 600 est
2100 555 2477 612 transgressus.
2511 562 2530 595 ›
2563 543 2754 615 (Εεοιὶ.
2787 558 2936 606 xxxt,
2971 541 3082 606 10.)

519 639 632 708 Οὐχ
663 639 690 691 ὁ
719 640 899 708 πάσης
941 639 1192 708 ἀφορμῆς
1247 637 1381 708 πρὸς
1429 637 1642 691 ἀδικίαν
1685 635 1888 706 ἕρημος
1918 634 2014 697 ῶν,

447 727 654 791 δίκαιος
691 727 987 798 κεκλῆσθαι
1017 729 1246 790 δίκαιος,
1277 727 1394 781 ἀλλ’
1439 728 1587 789 ὅστις
1622 727 1721 798 τὴν
1774 727 2020 790 ἐξουσίαν

447 816 542 870 τοῦ
578 817 908 887 πράγματος
947 821 1110 888 ἔχων,
1143 818 1358 881 ἀδικίας
1400 819 1498 888 οὐχ
1528 819 1757 872 ἅπτεται
1780 833 1794 848 ·
1820 819 1883 870 ού
1915 817 2020 887 μὴν

447 908 570 961 οὐδὲ
593 909 622 962 ὁ
653 909 867 980 ἀνάγκῃ
891 909 1186 979 σωφρονῶν
1217 907 1452 980 σώφρων
1480 909 1707 972 εἰκότως
1751 908 2018 978 κεκλήσε-

446 1013 558 1060 ται,
593 997 710 1050 ἀλλ’
741 997 891 1061 ὅστις
919 999 1016 1067 τὴν
1047 999 1296 1064 ἐξουσίαν
1320 997 1430 1050 τῶν
1461 998 1661 1068 ἡδονῶν
1695 997 1834 1066 ἔχων
1861 997 2020 1051 ἑκού-

449 1103 564 1140 σιον
593 1087 951 1158 σωφροσύνην
981 1087 1307 1152 ἀσπάζεται.
1349 1089 1414 1140 Oi.
1449 1087 1548 1158 μὲν
1573 1087 1684 1158 γὰρ
1719 1087 1797 1156 τῷ
1826 1087 1902 1157 μὴ
1931 1086 2020 1139 δύ-

448 1175 646 1230 νασθαι
679 1177 813 1248 δρᾷν
847 1177 884 1233 ἃ
912 1177 1216 1248 βούλονται,
1241 1179 1545 1233 ἐπιείκειαν
1573 1177 1832 1240 πολλάκις
1857 1177 2020 1230 πλάτ-

447 1283 630 1321 τονται
657 1285 671 1299 ο
704 1269 765 1322 ἐν
794 1267 1015 1340 ἐξουσίᾳ
1041 1267 1099 1323 δὲ
1151 1269 1456 1339 γενόμενοι,
1486 1268 1819 1338 ἐλέγχονται.
1860 1268 1925 1320 Οἱ
1963 1267 2022 1320 δὲ

447 1356 661 1424 ἄριστοι
705 1355 829 1410 τότε
867 1357 1106 1426 μάλιστα
1159 1357 1512 1429 καρτεροῦσι,
1552 1357 1767 1412 καὶτοῦ
1811 1357 2019 1412 δικαίου

449 1443 685 1514 ἔχονται,
717 1447 806 1500 ὅτε
841 1447 1118 1518 ήὲξουσία
1155 1447 1254 1518 τὴν
1286 1447 1500 1502 ἀδικίαν
1532 1447 1724 1503 τίκτει.

659 1553 836 1611 TOH'.
861 1581 931 1594 —-
959 1554 1302 1608 MAPKIONI
1337 1555 1806 1627 ΠΡΕΣΒΥΤΕΡῼ.

2195 633 2312 686 Non
2355 632 2445 699 qui
2477 634 2622 685 omni
2653 640 2806 685 caret
2854 633 2918 683 ad
2969 629 3376 698 improbitatem
3412 629 3700 681 occasione

2120 724 2298 793 justus
2339 725 2497 778 debet
2522 723 2800 793 appellari,
2847 722 2940 776 sed
2981 722 3164 790 potius
3209 721 3327 790 qui,
3359 733 3480 773 cum
3529 719 3701 786 possit

2129 831 2358 884 nequam
2399 828 2540 878 esse,
2567 813 2792 868 minime
2831 813 2965 867 vult.
3007 811 3192 881 Neque
3235 812 3326 880 qui
3373 811 3698 865 necessitate

2124 913 2208 958 est
2243 913 2550 971 temperans
2574 917 2640 958 ac
2679 903 3004 964 moderatus,
3038 911 3348 971 temperans
3373 901 3567 955 merito
3605 911 3700 952 vo-

2127 1006 2300 1058 cetur,
2333 995 2428 1048 scd
2473 994 2564 1062 qui
2607 991 2866 1061 voluptati
2898 992 3176 1062 indulgere
3205 1008 3325 1046 cum
3361 991 3531 1060 possit
3559 998 3700 1044 tem--

2127 1085 2425 1154 perautiam
2455 1085 2628 1138 libens
2652 1093 2705 1137 et
2739 1084 2926 1139 volens
2966 1085 3366 1153 complectitur.
3405 1081 3505 1148 Qui
3553 1081 3698 1136 enim

2121 1193 2245 1248 quae
2271 1178 2475 1239 volunt,
2517 1187 2732 1245 patrare
2781 1191 2885 1230 nou
2942 1184 3187 1243 possunt,
3222 1175 3530 1243 aequitatem
3558 1185 3703 1239 sa-pe

2123 1278 2340 1324 servant
2365 1287 2379 1323 :
2411 1278 2466 1322 at
2489 1284 2610 1323 cum
2635 1268 2871 1336 suppetit
2917 1267 3111 1338 agendi
3145 1265 3371 1320 facultas
3393 1261 3697 1318 τετε-επιειιῶ

2121 1371 2266 1416 sunt.
2302 1359 2548 1429 Optimus
2585 1359 2818 1429 quisque
2866 1367 2978 1411 tum
3034 1357 3268 1410 maxime
3311 1354 3700 1414 ittvalescit,'et

2117 1452 2296 1522 just-us
2325 1453 2576 1514 habetur,
2599 1450 2818 1519 quando
2847 1447 3076 1504 facultas
3106 1447 3358 1515 iniuriam
3389 1448 3586 1514 pariat.

2123 1557 2284 1628 673
2311 1555 2728 1612 CCCLXXVIII.
2755 1585 2826 1597 --
2857 1551 3186 1622 MARCIOSI
3221 1549 3699 1608 PBESBYTERO.

627 1649 760 1716 Qua:
787 1649 1020 1719 dignitas
1055 1651 1174 1705 boni
1200 1651 1508 1704 sacerdotis.
1547 1648 1890 1720 Hermogenis
1926 1651 2156 1720 epist-api
2189 1652 2326 1706 laus.
2368 1649 2580 1704 Eusebii
2615 1651 2952 1720 vituperatio.
2987 1647 3174 1718 (Supr.
3198 1647 3352 1715 epist.
3377 1647 3526 1714 358.)

529 1757 588 1812 '0
614 1759 678 1811 ἐκ
699 1757 800 1827 τῆς
826 1756 936 1810 τῶν
961 1756 1140 1828 ἔργων
1154 1757 1606 1828 λαμπρυνόμενος
1626 1757 1844 1826 ἀρετῆς,
1869 1749 2022 1820 οὗτος

2195 1761 2296 1828 Qui
2336 1759 2550 1814 virtutis
2581 1772 2700 1814 sese
2731 1757 2983 1828 operibus
3006 1755 3279 1820 ostendit,
3325 1769 3408 1808 nae
3455 1753 3543 1807 ille
3574 1766 3703 1806 vcre

447 1849 672 1918 γνήσιος
705 1849 1006 1920 ίερωσύνης
1031 1848 1294 1918 τυγχάνει
1326 1847 1551 1918 κόσμος.
1583 1848 1770 1910 Ὅστις
1795 1848 1853 1901 δὲ
1875 1846 2022 1901 ἔνδον

446 1939 547 2010 τῆς
579 1937 736 2004 ἀξίας
761 1939 822 1992 ού
857 1938 1041 2010 φορῶν
1076 1938 1192 2008 (25)
1226 1938 1297 1992 τὰ
1329 1938 1704 2009 γνωρίσματα,
1735 1937 2022 2010 ἀλλοτρίαν

449 2029 921 2098 σχηματιζόμενος
991 2027 1363 2097 εὐπρέπειαν,
1415 2030 1482 2098 τῇ
1539 2031 1672 2099 τιμῇ
1737 2026 1876 2099 μόνῃ
1935 2029 2022 2080 ὲν-

447 2121 764 2192 ασρύνεται,
801 2112 960 2184 οὗτος
998 2121 1104 2174 ὑπὸ
1130 2123 1232 2192 τῆς
1274 2121 1529 2192 ἀληθείας
1555 2123 1636 2186 είς
1667 2121 1797 2185 τοὺς
1833 2121 2020 2185 νόθους

446 2212 802 2283 ἀπέρριπται.
851 2212 1006 2266 Ἐπεὶ
1053 2208 1147 2268 οὖν
1185 2215 1214 2268 ό
1245 2213 1344 2284 μὲν
1389 2212 1643 2283 θεοφιλὴς
1689 2212 2022 2285 Ἑρμογένης

448 2301 816 2373 ὁμολογοῦσαν
843 2306 909 2375 τῇ
937 2305 1104 2376 ἀρετῇ
1138 2307 1234 2360 καὶ
1265 2305 1541 2377 τὴνάξίαν
1569 2305 1726 2376 ἔσχεο
1757 2305 1894 2376 πρὸς
1912 2303 2023 2373 γὰρ

445 2393 510 2446 τὸ
537 2395 740 2447 οἰκεῖον
771 2395 1034 2466 ἑκάτερον
1065 2395 1354 2460 ἔσπευσεν,
1393 2397 1420 2449 ὁ
1465 2397 1562 2466 μὲν
1595 2395 1695 2464 τῆς
1741 2397 2022 2464 ἁγιστείας

446 2484 652 2554 κόσμος
674 2483 768 2538 τὸν
788 2485 940 2549 ἄξιον
967 2483 1332 2556 ἐπιζητήσας,
1364 2485 1425 2540 τὺ
1447 2486 1504 2540 δὲ
1525 2485 1624 2556 τῆς
1649 2487 1850 2557 ἀρετῆς
1872 2487 2024 2556 ἀρχι-

445 2575 543 2628 κὸν
566 2573 663 2645 τὴν
695 2577 846 2646 παρὰ
872 2576 970 2646 τῆς
1005 2574 1158 2640 θείας
1191 2576 1416 2648 χάριτος
1459 2576 1822 2647 ὀφειλομένην
1853 2593 2022 2647 προσ-

447 2663 654 2734 θήκην·
707 2665 738 2718 ό
788 2663 846 2716 δὲ
901 2663 1198 2734 θεομισὴς,
1255 2663 1332 2726 ὡς
1384 2665 1706 2734 γέγραφας,
1765 2663 2022 2725 Εὐσέϐιος

445 2753 651 2824 ἀρετῆς
681 2753 952 2824 χηρεύων,
974 2757 1044 2824 τῇ
1079 2753 1350 2824 ἱερωσύνῃ
1386 2755 1525 2826 μόνῃ
1557 2755 1900 2824 σεμνύνεται.
1961 2753 2021 2805 '0

449 2845 551 2914 μὲν
583 2846 735 2916 παρὰ
775 2847 996 2900 πάντων
1045 2846 1254 2918 ᾄδεται,
1284 2846 1360 2908 ὡς
1388 2845 1756 2916 ὁμολογοῦσαν
1784 2846 1852 2915 τῇ
1893 2843 2022 2914 ἀξίᾳ

446 2933 543 2985 καὶ
570 2933 672 3005 τὴν
706 2934 1029 3006 προαίρεσιν
1064 2934 1516 3006 εἰσενεγκάμενος
1538 2953 1553 2968 ο
1580 2937 1609 2988 ό
1645 2935 1703 2988 δὲ
1735 2932 2022 2998 κακίζεται

2123 1851 2426 1906 sacerdotio
2478 1859 2559 1904 est
2613 1856 2952 1903 ornamento.
3024 1844 3124 1912 Qui
3183 1859 3313 1898 vero
3377 1843 3700 1896 intrinsecus

2122 1941 2400 2012 dignitatis
2433 1939 2714 1995 scientiam
2764 1951 2869 1992 non
2917 1936 3111 1998 habet,
3145 1935 3324 1990 alieno
3369 1948 3429 1989 se
3459 1938 3697 1986 ostentat

2121 2039 2454 2094 ornamento,
2485 2030 2599 2084 solo
2621 2029 2794 2083 elatus
2825 2029 3030 2084 honore
3059 2046 3070 2082 :
3105 2027 3190 2081 hic
3220 2025 3390 2079 iusmr
3411 2023 3579 2092 spurii
3612 2037 3704 2076 re-

2119 2136 2248 2176 vera
2292 2121 2472 2176 decori
2525 2129 2608 2174 est
2663 2121 2846 2173 statui.
2915 2117 3050 2172 Cum
3112 2115 3276 2186 igitur
3341 2116 3430 2170 Dei
3493 2113 3702 2168 amicus

2124 2213 2510 2284 Hermogenes,
2549 2211 2730 2265 virtuti
2779 2225 2890 2265 suae
2921 2207 3331 2264 convenientem
3363 2216 3446 2260 est
3469 2205 3702 2276 dignita-

2125 2314 2228 2359 tcm
2265 2312 2614 2358 consecutus.
2680 2301 2764 2354 Ad
2798 2310 3088 2369 utrumque
3117 2299 3258 2352 enim
3291 2296 3366 2350 uti
3423 2294 3698 2364 proprium

2121 2408 2464 2462 summepere
2509 2391 2820 2457 contendit,
2861 2391 3060 2460 quippe
3097 2389 3272 2459 ipsum
3325 2385 3700 2441 sanctimoniae

2122 2487 2288 2540 decus
2323 2485 2496 2538 virum
2529 2483 2746 2553 dignum
2777 2482 2980 2552 exigit,
3011 2489 3065 2536 et
3103 2478 3318 2532 virtutis
3365 2475 3703 2546 principatus

2117 2574 2360 2630 'dehitum
2395 2591 2423 2630 a
2460 2575 2642 2630 divina
2682 2575 2854 2645 gratia
2885 2573 3332 2629 additamentum.
3391 2567 3543 2622 Alter
3573 2581 3703 2620 vero

2123 2665 2233 2720 Deo
2265 2667 2469 2722 invisus
2499 2666 2786 2731 Eusebius,
2814 2666 2880 2719 de
2906 2677 3014 2734 quo
3037 2665 3103 2718 ad
3135 2676 3224 2716 me
3253 2660 3468 2723 scribis,
3499 2658 3710 2736 virtqu

2122 2771 2356 2822 vacuus,
2394 2757 2510 2812 solo
2541 2771 2601 2813 se
2648 2757 2821 2828 jactat
2866 2753 3190 2810 sacerdotio.
3248 2750 3343 2805 llle
3377 2749 3592 2820 quidem
3628 2750 3696 2801 ah

2122 2848 2370 2902 onmibus
2409 2847 2736 2912 celebratur,
2782 2855 2840 2899 ut
2872 2845 3217 2900 consentiens
3272 2841 3517 2911 dignitati
3579 2854 3705 2908 pro-

2122 2938 2354 3005 positum
2405 2933 2679 3002 aﬂ‘erens;
2741 2935 2830 2990 hic
2865 2943 3052 2990 contra
3097 2941 3154 2986 ut
3195 2932 3410 3002 spurius
3462 2939 3704 2990 notatur,

444 3021 522 3086 ὡς
549 3023 724 3088 νόθος,
797 3025 894 3078 καὶ
944 3026 1025 3088 είς
1057 3025 1373 3096 μηδαμόθεν
1435 3025 1586 3098 αύτῷ
1637 3025 2021 3096 προσήκουσαν

2126 3023 2279 3094 quasi
2316 3027 2382 3078 ad
2419 3025 2520 3078 sibi
2560 3025 2738 3080 minus
2765 3024 3174 3080 convenientem
3201 3021 3450 3076 redactus
3480 3027 3704 3080 sortem,

447 3115 816 3187 κληρονομίαν
845 3116 1288 3188 εἰσϐιασάμενος.

646 3224 815 3280 ΤΟΘ¹.
845 3253 916 3268 -—
949 3224 1255 3295 ΔΩΡΟΘΕῼ
1308 3223 1798 3296 ΛᾹΜΠΡΟΤΑΊᾨ.

2128 3125 2288 3184 atque
2322 3115 2712 3168 lucreditatem.

2177 3221 2552 3278 CCCLXXIX.
2587 3255 2658 3264 —
2711 3223 3079 3279 DOROTHEO
3117 3217 3434 3277 CLARISS.
3463 3215 3646 3274 VIRO.

1689 3316 1794 3381 Qui
1827 3315 2113 3369 ordinandi
2153 3317 2473 3374 sacerdotes.

517 3423 610 3496 Μὴ
636 3426 764 3488 τοὺς
811 3424 981 3495 μόλις,
1015 3425 1110 3478 καὶ
1144 3423 1232 3478 διὰ
1281 3424 1490 3496 μυρίων
1539 3424 1768 3492 ἀγώνων
1819 3423 2020 3493 ἀρετὴν

448 3513 926 3586 κατορθώσαντας,
963 3517 1058 3570 καὶ
1083 3517 1164 3579 είς
1194 3515 1294 3587 τὴν
1315 3515 1689 3584 εὐαγεστάτην
1721 3513 2022 3586 ἱερωσύνην

449 3605 800 3670 τελέσαντας,
849 3608 958 3662 ἀπὸ
995 3608 1104 3660 τῶν
1135 3606 1194 3672 ἐξ
1221 3606 1522 3677 ἐπιδρομῆς
1569 3606 2024 3676 ἐπιπηδησὰντων

450 3698 590 3769 αὐτῇ
641 3699 1014 3770 χαρακτήριζε
1035 3715 1048 3728 ο
1085 3697 1202 3751 ἀλλ’
1236 3699 1480 3760 ἐκείνους
1528 3697 1625 3766 μὲν
1657 3697 2023 3766 ἁνακήρυττε,

449 3787 673 3852 τούτους
697 3787 754 3842 δὲ
781 3789 1153 3860 ἀποκήρυττε.
1179 3787 1304 3852 Τοῖς
1332 3787 1441 3860 γὰρ
1470 3788 1544 3858 μὴ
1575 3785 1682 3841 ἀπὸ
1713 3786 1821 3839 τῶν
1847 3785 2028 3839 αὐτῶν

453 3879 548 3932 ἐπὶ
576 3879 644 3934 τὰ
671 3879 812 3934 αὐτὰ
825 3879 1074 3950 ἥκουσιν,
1097 3879 1196 3950 οὐχ
1215 3879 1418 3950 ὁμοίως
1446 3877 1836 3950 προσενεκτέον
1857 3893 1870 3907 ·
1893 3876 2028 3930 ἀλλά

450 3971 580 4036 τοὺς
619 3971 720 4045 μὲν
768 3971 972 4044 ἀρετῆς
1015 3967 1179 4026 ἆθλον
1232 3969 1332 4042 τὴν
1379 3969 1680 4042 ἱερωσύνην
1727 3968 2030 4038 ἐσχηκότας

454 4064 871 4135 ὲγκωμιαστέον
897 4061 995 4116 καὶ
1019 4062 1408 4134 μακαριστέον.
1445 4061 1586 4125 Τοὺς
1609 4059 1667 4114 δὲ
1699 4059 2030 4129 ὲπιπηδῆσαι

457 4153 598 4226 αὐτῇ
628 4154 1026 4225 τολμήσαντας,
1055 4153 1164 4206 τόδ’
1201 4153 1348 4216 ὅπως
1376 4151 1488 4223 (24)
1511 4152 1725 4222 φράσω,
1759 4148 2032 4204 αἰτιατέον

463 4245 558 4298 καὶ
581 4243 834 4317 ὲλεητέον
853 4261 867 4277 ·
897 4247 980 4298 ὅτι
1007 4243 1108 4314 τὴν
1156 4243 1431 4314 φέρουσαν
1475 4242 1596 4295 ὁδὸν
1625 4241 1719 4294 ἐπὶ
1750 4239 1852 4310 τὴν
1880 4239 2032 4292 Θείαν

455 4336 799 4408 λειτουργίαν
853 4335 1197 4409 παριδόντες,
1262 4335 1357 4388 καὶ
1409 4331 1508 4404 τὴν
1577 4331 1882 4402 ὁσιωτάτην
1939 4329 2034 4382 καὶ

455 4427 832 4500 εύαγεστάτην
855 4430 914 4482 ὲν
944 4427 1126 4499 πολλῷ
1159 4427 1340 4498 χρόνῳ
1367 4423 1476 4479 τῶν
1509 4423 1822 4493 φιλαρέτων
1849 4421 2028 4476 πόνων

457 4519 741 4591 ὑπομονὴν
788 4521 1182 4592 ἀτιμάσαντες,
1217 4517 1455 4588 θεσμούς
1495 4532 1554 4570 τε
1586 4517 1684 4570 καὶ
1731 4513 1831 4578 τὰς
1865 4513 2030 4578 ἄλλας

455 4611 775 4678 ἀγιαστείας
811 4611 914 4675 τὰς
943 4611 1050 4666 ἀπὸ
1075 4614 1176 4684 τῆς
1228 4610 1396 4683 ὀρθῆς
1442 4605 1720 4668 πολιτείας
1768 4604 2031 4676 παρωσά-

2193 3423 2272 3478 Ne
2293 3424 2546 3488 ordines,
2583 3423 2785 3478 relictis
2818 3421 2922 3478 illis
2965 3421 3055 3491 qui
3106 3436 3203 3492 per
3224 3421 3376 3476 varia
3401 3421 3705 3475 certamina

2123 3516 2189 3570 ad
2213 3515 2464 3570 virtutem
2508 3514 2781 3577 instructi,
2825 3513 3043 3568 tandem
3075 3515 3140 3566 ad
3178 3521 3587 3568 sacrosanctum
3617 3527 3704 3565 sa-

2125 3604 2422 3662 cerdotium
2459 3603 2720 3696 nituutqr,
2748 3617 2842 3657 eos
2869 3603 2960 3672 qui
2989 3601 3380 3682 coirrumpant
3408 3619 3424 3655 :
3453 3600 3550 3654 sed
3585 3599 3712 3656 illos

2127 3697 2307 3766 potius
2353 3691 2662 3750 sacerdotes
2683 3709 2940 3750 consecra
2963 3734 2979 3758 ,
3029 3693 3128 3749 hos
3165 3708 3291 3748 vero
3327 3691 3546 3762 repelle.
3599 3692 3712 3759 Qui

2127 3787 2270 3842 enim
2299 3787 2368 3840 ab
2396 3785 2584 3840 iisdem
2615 3798 2718 3839 non
2748 3785 2814 3838 ad
2843 3787 3034 3840 eadem
3064 3782 3358 3850 festinant;
3389 3797 3576 3837 eorum
3601 3797 3716 3836 non.

2129 3877 2316 3934 eadem
2350 3877 2597 3932 habenda
2629 3877 2764 3932 ratio
2783 3888 2887 3945 est,
2921 3877 3014 3932 sed
3046 3875 3137 3930 alii
3161 3875 3374 3930 virtutis
3403 3875 3706 3944 praemium,

2129 3967 2490 4024 sacerdotium
2525 3969 2724 4039 adepti,
2757 3967 3011 4025 laudandi
3043 3968 3254 4037 publice
3275 3975 3421 4034 sunt,
3448 3977 3502 4022 et
3524 3965 3709 4021 felices

2132 4059 2484 4128 praedicandi.
2524 4061 2596 4114 At
2621 4060 2712 4130 qui
2746 4059 3051 4129 irrumpere
3077 4069 3242 4128 atque
3275 4059 3483 4114 insilire
3512 4057 3712 4112 audent

2133 4152 2186 4206 in
2217 4150 2600 4214 sacerdotium,
2631 4151 2664 4204 ii
2695 4165 2848 4214 sane,
2877 4161 2936 4204 ut
2962 4149 3036 4204 ita
3053 4149 3248 4210 dicam,
3281 4147 3708 4217 reprehendendi

2134 4258 2198 4298 ac
2228 4241 2702 4296 commiseratione
2737 4240 2920 4312 digni,
2953 4240 3096 4310 quod
3134 4249 3335 4294 rectam
3367 4238 3432 4292 ad
3469 4237 3708 4290 divinum

2133 4347 2412 4386 sacrorum
2458 4326 2816 4386 ministerium
2863 4329 3148 4384 ducentem
3196 4328 3338 4380 viam
3394 4325 3707 4396 negligant:

2133 4431 2654 4490 contemnentesque
2722 4419 3144 4476 sacratissimam
3203 4415 3710 4484 sanctissimamque

2135 4513 2449 4582 patientiam
2478 4513 2531 4567 in
2561 4511 2698 4584 longi
2745 4511 3000 4582 temporis
3025 4511 3224 4566 virtute
3255 4507 3598 4579 praeditorum
3631 4506 3710 4560 la-

2137 4605 2356 4660 boribus
2377 4643 2392 4668 ,
2435 4604 2574 4660 ritus
2608 4603 3058 4671 sanctionesque,
3089 4609 3144 4657 et
3181 4601 3285 4655 alia
3327 4597 3394 4652 ad
3440 4597 3709 4652 sacrilicia

461 4715 636 4768 μενοι,
669 4701 1001 4773 ἀποχρῶσαν
1020 4679 1282 4770 ἐνόμισαν
1307 4699 1520 4760 ἑαυτοῖς
1541 4695 1640 4766 τὴν
1661 4693 1998 4766 χειροτονίαν
2015 4711 2030 4726 ο

2137 4694 2461 4765 pertinentia
2492 4708 2558 4747 ex
2578 4693 2778 4763 Optima
2806 4691 3068 4763 pellentes
3098 4689 3366 4760 republica
3402 4688 3592 4744 ordine
3621 4703 3712 4744 sa-

457 4785 530 4840 6t‘
560 4789 626 4859 ἢν
675 4789 770 4844 καὶ
799 4791 969 4862 μόνην
999 4789 1439 4862 ἐναδρυνόμενοι,
1497 4785 1640 4840 κατὰ
1691 4784 1802 4838 τῶν
1852 4783 2028 4856 ὀρθῶς

460 4875 720 4950 βιούντων
735 4881 1084 4952 ἐπιφύονται.

773 4989 904 5044 Tl'l'.
941 5018 1014 5031 υ-
1049 4986 1378 5059 ΑΡΠΟΚΡᾼ
1408 4985 1717 5056 ΣΟΨΙΣΤῌ.

2133 4785 2388 4841 cerdotali
2437 4784 2687 4854 indignos
2715 4797 2776 4840 se
2805 4785 3098 4840 ostendunt
3127 4803 3142 4840 :
3196 4797 3302 4854 quo
3339 4780 3454 4838 solo
3483 4778 3606 4835 elati
3653 4779 3706 4834 itt

2143 4885 2286 4932 recte
2314 4876 2556 4931 viventes
2588 4875 2890 4946 insurgunt.

2301 4980 2644 5046 cchxxx.
2683 4941 2767 5022 -’
2807 4979 3204 5039 uenaceas
3241 4978 3565 5036 RIIETORI.
3673 4941 3678 4947 ’

743 5078 846 5134 Uni
871 5085 1162 5135 vacandum
1193 5080 1318 5146 arti,
1341 5087 1398 5132 ut
1431 5077 1678 5144 excellas,
1718 5091 1812 5130 nec
1845 5075 1983 5129 enim
2015 5073 2069 5126 in
2096 5073 2336 5128 omnibus
2369 5084 2513 5142 potes
2533 5071 2808 5129 excellere.
2841 5071 3080 5145 (Confer.
3113 5073 3264 5146 epist.
3291 5071 3441 5140 452.)

543 5185 784 5260 Ἀνάγκη
817 5189 908 5243 τὸν
941 5189 1041 5260 μιᾷ
1073 5187 1402 5260 σχολάζοντα
1429 5186 1616 5258 τέχνῃ,
1648 5186 1845 5258 ἄριστα
1864 5185 2034 5256 αὐτὴν

458 5278 878 5349 διηκριϐῶσθαι.
911 5281 975 5334 Οί
1001 5279 1112 5350 γὰρ
1141 5278 1362 5343 πολλαῖς
1408 5277 1634 5340 ἑαυτοὺς
1674 5275 2030 5346 παρέχοντες,

463 5371 515 5424 εί
539 5369 634 5424 καὶ
660 5369 871 5435 δόξειαν
902 5369 1105 5434 πολλὰς
1145 5371 1357 5435 εἰδέναι,
1393 5367 1510 5423 ἀλλ’
1540 5367 1601 5420 οὐ
1631 5367 1823 5420 πασῶν
1858 5367 1937 5428 είς
1972 5365 2034 5418 τὸ

2213 5181 2315 5239 Uni
2349 5192 2626 5239 vacantem
2657 5183 2762 5238 arti
2811 5195 3033 5238 necesse
3058 5192 3142 5238 est
3171 5179 3377 5250 optime
3406 5191 3525 5232 eam
3549 5189 3712 5230 exer—

2140 5289 2284 5329 cere.
2343 5275 2444 5341 Qui
2479 5289 2607 5330 vero
2633 5275 2820 5330 multis
2851 5289 2911 5330 se
2939 5273 3194 5338 tradunt,
3239 5269 3344 5325 etsi
3381 5265 3544 5321 multa
3569 5265 3712 5320 scire

2142 5365 2446 5428 videantur,
2503 5365 2571 5418 ad
2623 5365 2834 5422 culmen
2876 5379 2982 5422 non
3040 5364 3372 5434 pertingant.
3415 5355 3610 5413 Verum
3661 5357 3706 5409 si

1461 5531 1468 5539 -
1558 5499 1792 5584 vanus
1828 5497 2214 5556 caenosus
2253 5498 2340 5554 ιτ
2381 5497 2614 5556 ΝΟΜ).

537 5626 652 5718 ςξέὶ
678 5626 787 5718 ire
798 5627 1406 5718 sctitriiﬂca'st'ccl
1445 5631 1618 5718 ερορεῖ-
1639 5631 1861 5718 rosam

537 5695 1016 5768 (24)1ιιιοι’“οὓτως
1047 5709 1099 5756 et
1135 5700 1330 5770 φράσω
1359 5695 1516 5754 ambo
1552 5701 1707 5756 codd.
1760 5702 1997 5756 inserunt
2033 5698 2116 5754 οὔ.
2145 5696 2218 5754 lt).
