4070 6402
426 333 559 399 1555

1611 331 1671 391 S.
1712 328 2003 390 ISIDORI
2041 325 2477 388 PELUSIOTA!

3523 330 3646 400 1556

418 447 562 515 quod
591 452 698 510 est,
723 429 952 513 ingenue
981 441 1344 498 conﬁtendum
1381 453 1570 496 omnes
1593 438 1984 506 semiperfectas

2099 437 2406 508 ἀκρότατον
2432 434 2736 504 ἀφίξονται.
2780 435 2920 490 Ἀλλ’
2948 436 2997 490 εί
3020 435 3126 507 χρὴ
3149 434 3206 488 τὺ
3227 436 3444 506 ἀκριϐὲς
3466 445 3650 515 εἰπεῖν,

419 533 682 588 etcrudas
714 547 807 587 seu
844 546 1160 602 prazcoquas
1193 529 1490 600 possident.
1532 526 1588 582 Si
1617 538 1796 582 autem
1827 529 1998 581 abun-

419 625 551 680 dare
585 639 650 679 ac
692 637 948 692 superare
976 622 1172 674 artium
1224 619 1450 674 scientia
1491 619 1795 684 videantur,
1835 631 1998 686 supe-

418 725 610 771 rantur
631 714 895 779 vicissim,
913 713 1053 782 quod
1078 709 1382 765 accuratius
1403 709 1643 778 singulas
1663 714 1996 777 cognoscant

419 806 548 871 alii,
579 817 741 876 atque
774 819 802 858 a
839 813 986 873 tergo
1018 802 1326 872 relinquant
1360 800 1691 869 disciplinas.

416 914 584 988 674
613 911 978 971 CCCLXXXI.
1006 907 1466 1036 -ὀ
1498 904 1990 963 REMPUBLICAM

2102 527 2232 588 ὅλας
2264 526 2546 598 ἡμιτελεῖς
2583 527 2678 580 καὶ
2722 526 2936 598 ἀώρους
2966 528 3344 596 κεκτήσονται.
3385 530 3444 583 Εἰ
3474 532 3526 586 δὲ
3565 539 3652 591 καὶ

2103 618 2310 672 δοκοῖεν
2361 619 2705 672 πλεονεκτεῖν
2751 618 2828 688 τῷ
2869 617 3064 681 πολλὰς
3108 617 3325 682 εἰδέναι,
3371 620 3479 672 ἀλλ’
3517 625 3656 678 ἀντι-

2104 708 2557 762 πλεονεκτοῦνται
2600 709 2679 780 τῷ
2707 707 2994 762 λείπεσθαι
3024 710 3136 770 τοῖς
3182 709 3259 772 είς
3304 709 3397 779 τὴν
3435 711 3654 786 ἐκάστην

2102 797 2295 868 τέχνην
2331 799 2539 867 ἄκροις.

2254 905 2428 962 TﬂA'.
2464 936 2533 948 --
2562 907 2908 978 ΚΑΣΣΙΔΝῼ
2957 907 3514 982 ΠΟΛΙΤΕΥΟΜΕΝῼ.

1171 1072 1447 1143 Cupientes
1476 1086 1611 1138 swpe
1631 1070 1790 1138 capti.
1826 1069 1902 1123 De
1924 1069 2092 1137 fratre
2133 1067 2202 1121 ad
2241 1067 2438 1122 Christi
2467 1068 2622 1136 ﬁdem
2649 1085 2910 1123 converso.

487 1183 666 1240 Fratri
708 1189 799 1237 luo
820 1180 960 1235 idem
989 1195 1157 1250 prope
1186 1181 1407 1246 accidit,
1436 1178 1577 1248 quod
1603 1178 1864 1233 ministris
1889 1177 1993 1232 illis

415 1274 598 1331 missis
622 1289 650 1326 a
670 1271 962 1327 Pharisazis
991 1278 1050 1325 ut
1072 1269 1348 1324 Christum
1373 1260 1730 1334 abducerent,
1767 1267 1993 1320 redeun-

419 1365 562 1420 tibus
586 1378 712 1418 vero
741 1376 865 1416 mox
896 1375 1017 1415 cum
1049 1359 1250 1428 ingenti
1280 1359 1652 1414 admirationis
1681 1358 1986 1426 stupore”.

417 1453 490 1511 Ut
521 1455 663 1510 enim
709 1453 784 1508 illi
814 1465 1066 1507 sermone
1093 1450 1212 1519 ejus
1252 1451 1393 1520 capti
1439 1460 1605 1517 sunt,
1635 1459 1689 1505 et
1733 1450 1885 1504 missi
1933 1457 1992 1504 ut

416 1556 702 1616 caperent,
729 1543 873 1612 capti
909 1540 1267 1596 admiratione
1297 1540 1598 1595 discedunt.
1640 1537 1730 1594 Sic
1763 1547 1817 1594 et
1852 1541 1986 1607 ipse,

2169 1174 2560 1246 Παραπλήσιόν
2585 1193 2638 1229 τι
2664 1176 2932 1230 πέπονθεν
2963 1179 2991 1230 ὁ
3025 1177 3116 1239 σὸς
3141 1174 3370 1244 ἀδελφὸς
3415 1181 3524 1242 τοῖς
3555 1181 3652 1233 ὑπ·

2097 1267 2340 1337 ηρέταις,
2387 1270 2501 1332 τοῖς
2543 1270 2840 1340 πεμφθεῖσι
2883 1269 2982 1340 μὲν
3018 1271 3246 1337 ἀγαγεῖν
3287 1270 3375 1322 τὸν
3405 1272 3648 1342 Χριστὸν,

2097 1359 2463 1417 ἐπανελθοῦσι,
2491 1361 2548 1414 δὲ
2589 1361 2729 1431 μετά
2759 1360 2956 1414 πολλοῦ
2997 1361 3090 1414 τοῦ
3131 1359 3426 1430 θαύματος.
3459 1363 3657 1432 ’Ὠσπερ

2096 1451 2205 1522 γάρ
2234 1453 2432 1504 ἐκεῖνοι
2463 1451 2836 1523 ἐχειρώθησαν
2867 1451 2975 1506 ἀπὸ
3012 1451 3113 1521 τῆς
3159 1451 3519 1522 δημηγορίας,
3564 1453 3654 1506 καὶ

2097 1543 2442 1612 πεμφθέντες
2475 1543 2655 1614 δῆσαι,
2689 1543 2996 1614 ἐπανῆλθον
3020 1542 3268 1605 δεθέντες
3291 1542 3368 1612 τῷ
3390 1543 3620 1612 θαύματι
3639 1557 3653 1572 °

415 1645 478 1691 ut
522 1636 731 1700 aiebat,
763 1645 951 1704 captus
983 1635 1245 1690 orationis
1275 1632 1542 1702 elegantia
1597 1642 1804 1686 tantum
1840 1633 1984 1686 abest

2091 1634 2237 1689 οὕτω
2267 1638 2363 1690 καὶ
2388 1636 2570 1700 αὐτὸς,
2601 1637 2677 1699 ὡς
2699 1636 2826 1706 ἔφη,
2863 1635 3028 1697 ἁλοὺς
3055 1635 3135 1703 τῷ
3164 1633 3353 1687 κάλλει
3389 1633 3494 1686 τῶν
3519 1635 3658 1705 εἰρη-

416 1735 474 1781 ut
509 1725 754 1796 religioni
791 1727 1032 1780 adversae
1053 1724 1359 1790 obstiterit,
1386 1733 1444 1776 ut
1473 1722 1636 1778 etiam
1671 1723 1786 1790 ejus
1812 1736 1984 1790 puero

2097 1725 2294 1797 μένων,
2326 1727 2385 1778 ού
2419 1725 2579 1797 μόνον
2607 1725 2700 1779 τοῦ
2727 1725 3110 1780 ἐναντιοῦσθαι
3146 1728 3212 1795 τῇ
3243 1725 3492 1796 θειοτάτη
3523 1726 3651 1796 θρη-

416 1831 482 1872 ac
528 1817 802 1888 professor
844 1818 914 1873 sit
966 1816 1166 1872 factus.
1222 1815 1465 1871 Veritate
1515 1815 1657 1870 enim
1717 1815 1848 1869 nihil
1908 1825 1984 1870 est

2097 1819 2255 1889 σκείᾳ⁹
2287 1819 2521 1888 ἀπέστη,
2549 1817 2684 1872 ἀλλά
2709 1819 2803 1872 καὶ
2843 1818 3022 1890 κήρυξ
3053 1817 3227 1887 αὐτῆς
3251 1818 3349 1870 καὶ
3377 1818 3657 1887 συνήγορος

417 1907 680 1963 illustrius
709 1918 800 1962 aut
833 1909 1150 1978 simplicius,
1186 1924 1307 1964 cum
1341 1922 1445 1962 non
1473 1907 1580 1977 agit
1609 1905 1731 1974 quis
1762 1904 1984 1959 fraudu-

2095 1907 2354 1976 κατέστη.
2387 1906 2554 1960 Ούδέν
2591 1906 2698 1977 γὰρ
2728 1907 2828 1976 τῆς
2867 1906 3132 1977 ἀληθείας
3164 1906 3519 1976 σαφέστερον,
3545 1905 3656 1958 οὐδὲ

414 1995 608 2052 lenter.
671 1997 1133 2064 Quemadmodum
1183 1999 1227 2053 si
1281 1996 1550 2051 malitiose
1578 2004 1702 2064 agat
1754 1995 1887 2049 nihil
1922 2010 1984 2050 ea

2094 1997 2481 2069 ἁπλούστερον,
2538 1999 2667 2051 ὅταν
2719 2015 2803 2060 τις
2848 1998 2923 2069 μὴ
2967 2000 3274 2068 κακουργῇ.
3338 1998 3540 2068 ’Ὥσπερ
3571 1991 3658 2050 οὖν

417 2091 714 2146 molestius.
749 2091 999 2148 Gaudens
1025 2093 1208 2160 ilaque
1235 2091 1512 2146 nobiscum
1547 2101 1767 2158 precare
1795 2086 1984 2154 Deum,

2094 2091 2192 2144 ὲάν
2223 2093 2530 2162 κακουργῇ,
2549 2091 2702 2144 οὐδὲν
2720 2090 2870 2144 δοκεῖ
2893 2089 3324 2160 δυσκολώτερον.
3355 2089 3657 2160 Συγχαίρων

414 2192 473 2236 ιιι
495 2183 586 2253 qui
612 2198 795 2238 verum
825 2193 1224 2252 consequentur
1253 2199 1359 2238 non
1389 2180 1546 2235 modo
1571 2194 1674 2235 non
1699 2179 1984 2245 lmdanlur,

2090 2182 2268 2236 τοίνυν
2299 2185 2431 2253 ἡμῖν
2464 2181 2651 2252 εὔχου,
2685 2183 2834 2246 ὅπως
2862 2184 2910 2236 οἱ
2937 2183 3363 2252 ἐντυγχάνοντες
3401 2180 3474 2251 μὴ
3509 2179 3658 2250 μόνον

412 2275 507 2329 sed
540 2284 594 2328 et
624 2284 801 2329 mente
836 2275 1193 2330 illustrentur.

2093 2274 2168 2346 μὴ
2200 2274 2568 2345 βλάπτωνται,
2599 2273 2736 2326 ἀλλά
2775 2274 2867 2328 καὶ
2893 2272 3237 2341 φωτίζωνται
3270 2271 3375 2342 τὴν
3407 2271 3654 2324 διάνοιαν.

765 2380 1154 2437 CCCLXXXII.
1191 2413 1261 2424 —
1306 2380 1626 2439 EULOGIO.
2570 2382 2740 2435 THB'.
2771 2382 3180 2454 —Emonn.
3226 2422 3230 2425 .

411 2471 686 2545 Diﬁicilins
715 2483 790 2529 est
819 2475 1100 2529 secundam
1127 2491 1286 2546 quam
1322 2477 1597 2531 adversam
1625 2476 1764 2545 ferre
1791 2477 2081 2545 fortunam.
2117 2475 2374 2546 Secundis
2396 2488 2520 2546 inpn
2556 2473 2818 2528 tollendus
2857 2475 3086 2538 animus,
3122 2488 3216 2526 nec
3262 2469 3496 2526 adversis
3527 2483 3659 2523 nter-

1611 2541 1826 2615 gjendus.
1857 2546 2095 2617 (Confer.
2125 2547 2275 2614 epist.
2322 2541 2471 2613 115.)

478 2631 654 2704 Magni
679 2634 925 2704 equidem
953 2636 1091 2690 duco
1115 2649 1294 2690 rerum
1318 2634 1744 2692 vicissitudinem
1773 2639 1984 2693 fortiter

2163 2634 2236 2687 Ού
2271 2633 2465 2704 μικρὸν
2491 2633 2666 2703 ἔγωγε
2692 2632 2930 2706 ἡγοῦμαι
2960 2631 3019 2685 τὸ
3063 2631 3370 2701 μεταϐολὴν
3406 2631 3661 2703 πραγμά-

406 2719 574 2776 ferre.
614 2721 762 2778 Multi
803 2724 984 2792 itaque
1013 2724 1281 2782 dilIicilius
1309 2727 1624 2781 existimant
1649 2743 1678 2782 a
1711 2728 1868 2780 rebus
1896 2742 1984 2781 se-

2090 2740 2196 2778 των
2231 2725 2492 2795 ἀνδρείως
2531 2726 2778 2793 ἐνεγκεῖν
2800 2740 2815 2754 ο
2857 2723 3043 2776 πολλοὶ¹
3081 2723 3178 2792 μὲν
3206 2719 3306 2776 οὖν
3336 2722 3660 2775 δυσκολώτε-

405 2811 599 2866 cuudis
632 2811 684 2864 in
714 2812 969 2867 adversas
999 2813 1346 2881 incidentem,
1375 2819 1580 2872 celsum
1611 2831 1832 2873 servare
1861 2816 1981 2869 ani-

2093 2831 2184 2884 ρον
2209 2810 2348 2868 εἶναι
2377 2814 2636 2886 ἡγοῦνται
2669 2817 2727 2868 τὸ
2755 2815 2865 2868 ἀπὸ
2896 2813 3199 2883 εὐημερίας
3225 2813 3310 2875 είς
3332 2811 3661 2882 δυσπραγίαν

407 2916 575 2956 mum.
630 2902 742 2970 Ego
774 2917 899 2958 vero
929 2902 1302 2960 dillicillimum
1331 2908 1590 2973 arbitror,
1628 2923 1750 2963 eum
1789 2907 1880 2977 qui
1913 2907 1981 2961 ab

2090 2905 2495 2976 ἐμπεπτωκότα
2549 2905 2661 2973 (25)
2723 2905 2844 2958 τινὰ
2895 2903 3130 2972 φυλάξαι
3187 2903 3559 2956 ἀταπείνωτον
3605 2901 3662 2954 τὺ

407 2991 649 3046 adversis
681 2993 838 3047 rebus
861 2994 926 3048 ad
956 2994 1220 3048 secundas
1250 2997 1406 3062 redit,
1436 2999 1771 3051 moderatum
1800 3007 1982 3051 custo-

2090 2996 2364 3068 φρόνημα.
2413 2995 2554 3064 Ἐγὼ
2603 2995 2659 3048 δὲ
2720 2994 3126 3048 δυσκολώτατον
3158 2994 3407 3063 ἠγοῦμαι
3443 2993 3505 3045 τὸ
3559 2991 3662 3044 ἀπὸ

408 3080 526 3135 dire
548 3082 804 3137 animum.
839 3083 906 3138 Et
933 3095 1221 3154 utrumque
1242 3085 1456 3154 quidem
1479 3087 1609 3140 mihi
1642 3084 1802 3140 fortis
1818 3086 1981 3140 animi

2090 3087 2434 3156 δυσπραγίας
2485 3087 2565 3148 είς
2615 3085 2917 3155 εὐημερίαν
2968 3084 3375 3156 ἀναδραμόντα,
3441 3081 3661 3150 φυλάξαι

405 3185 530 3227 esse
569 3183 940 3242 argumentum
976 3184 1096 3240 est,
1141 3190 1239 3230 nec
1273 3177 1526 3232 secundis
1559 3177 1778 3242 extolli,
1811 3192 1983 3245 neque

2093 3178 2313 3248 μέτριον
2351 3177 2413 3228 τὸ
2461 3175 2740 3247 φρόνημα.
2789 3175 2899 3229 Καὶ
2932 3173 3088 3228 τοῦτο
3128 3174 3236 3243 γὰρ
3281 3174 3507 3226 κάκεῖνο
3544 3170 3660 3240 ἐμοὶ

407 3261 461 3316 in
488 3261 731 3318 adversis
759 3263 957 3336 abjecti
995 3279 1116 3323 esse
1141 3267 1305 3321 animi
1331 3284 1347 3336 ;
1393 3267 1486 3322 sed
1516 3281 1727 3338 mquam
1763 3279 1983 3322 servare

2090 3267 2340 3338 ἀνδρείας
2362 3268 2689 3338 τεκμήριον,
2725 3267 2863 3337 μήτε
2889 3263 3193 3336 ἐξυϐρίζειν
3227 3265 3287 3319 ἐν
3318 3266 3439 3328 ταῖς
3470 3263 3662 3332 εὐημε-

407 3363 666 3410 mentem.

547 3556 963 3616 CCCLXXX‘HI.
1001 3591 1071 3602 —
1109 3558 1341 3616 PETRO
1371 3557 1836 3615 CORRECTORI.

2090 3356 2254 3428 ρίαις,
2293 3356 2428 3426 μήτε
2455 3353 2844 3408 ταπεινοῦσθαι
2875 3355 2932 3408 ὲν
2974 3355 3096 3417 ταῖς
3139 3352 3526 3425 δυσημερίαις,
3553 3349 3660 3405 ἀλλ’

2085 3447 2285 3517 ὁμαλὴν
2310 3447 2372 3500 τὸ
2396 3446 2654 3518 φρόνημα
2685 3445 2852 3516 ἔχειν.

2329 3555 2502 3610 TUI".
2550 3583 2620 3596 -—
2653 3553 2880 3624 ΠΕΤΡῼ
2909 3553 3385 3610 ΚΟΡΡΗΚΤΩΡΙ.

405 3645 794 3718 Rempublicam
818 3653 966 3723 juste
1013 3654 1424 3708 administrandi
1455 3665 1792 3723 praeceptum.
1826 3652 1978 3706 Disce
2022 3652 2170 3722 juste
2213 3664 2474 3718 praeesse;
2509 3656 2560 3702 et
2603 3665 2624 3698 ‹
2666 3646 2783 3700 Tibi
2830 3647 2930 3701 soli
2975 3649 3204 3716 peccavi.
3233 3667 3251 3700 ι
3290 3647 3470 3718 (Psal.
3503 3661 3556 3710 1.,
3585 3642 3661 3714 6.)

480 3741 737 3813 Quisquis
761 3743 1012 3810 imperat,
1033 3743 1240 3812 legibus
1267 3757 1389 3797 eum
1419 3757 1611 3813 parere
1629 3756 1849 3798 necesse
1873 3749 1976 3796 est.

407 3831 562 3900 Quod
594 3834 638 3890 si
677 3842 917 3900 recuset,
948 3833 1192 3902 quinam,
1234 3848 1437 3903 quaeso,
1462 3831 1700 3903 legitime
1730 3833 1978 3902 imperet,

409 3921 495 3976 cui
529 3921 660 3974 vitia
689 3919 1007 3988 imperent?
1062 3919 1204 3987 juste
1231 3921 1411 3989 itaque
1458 3928 1513 3974 et
1545 3919 1780 3988 legitime
1815 3920 1983 3988 impe—

409 4020 549 4077 rato,
576 4020 635 4066 ut
669 4011 763 4066 tibi
805 4011 1142 4080 potissimum
1177 4013 1408 4080 imperes
1433 4051 1448 4075 ,
1481 4011 1675 4066 dehinc
1704 4012 1984 4066 commode

408 4103 573 4158 etiam
606 4101 748 4157 aliis.
793 4100 848 4156 Si
891 4101 1100 4172 justum
1135 4102 1386 4173 ignorare
1423 4111 1474 4156 te
1507 4101 1706 4172 ﬁngas,
1738 4117 1859 4156 cum
1895 4118 1984 4156 sa-

2159 3738 2218 3790 'O
2247 3738 2439 3809 ἄρχειν
2465 3737 2667 3806 λαχὼν,
2699 3737 2804 3790 ὑπὸ
2845 3735 2953 3790 τῶν
2998 3737 3183 3810 νόμων
3233 3738 3449 3801 δίκαιος
3488 3737 3552 3790 ἂν
3581 3734 3661 3804 είη

2077 3830 2367 3901 ἄρχεσθαι.
2403 3831 2466 3882 Ei
2499 3829 2556 3883 δὲ
2591 3828 2753 3892 αὐτὸς
2787 3828 2984 3900 ἀκυροῖ
3013 3829 3258 3896 τούτους,
3283 3829 3406 3893 πῶς
3429 3829 3494 3883 ἂν
3515 3827 3664 3896 νόμι-

2088 3937 2189 3989 μος
2215 3921 2301 3991 εἴη
2343 3919 2546 3991 ἄρχων,
2595 3919 2758 3984 αὐτὸς
2801 3919 2907 3972 ὑπὸ
2936 3919 3036 3988 τῆς
3079 3919 3278 3983 κακίας
3331 3917 3661 3990 ἀρχόμενος;

2085 4012 2322 4075 Δικαίως
2371 4011 2665 4082 τοιγαροῦν
2712 4012 2808 4065 καὶ
2863 4011 3113 4082 νομίμως
3163 4010 3322 4082 ἆρχε,
3376 4007 3538 4072 αὐτὸς
3571 4005 3663 4077 μὲν

2089 4103 2287 4158 σαυτοῦ
2313 4103 2414 4175 τὴν
2448 4103 2714 4177 μεγίστην
2736 4105 2934 4177 ἀρχὴν,
2959 4105 3068 4158 τῶν
3091 4104 3149 4158 δὲ
3175 4104 3498 4174 ἀρχομένων
3524 4100 3662 4154 δεόν-

410 4192 680 4263 pientibus
723 4202 886 4262 atque
935 4192 1362 4263 intelligentibus
1409 4194 1838 4255 communicato,
1889 4192 1981 4258 qui

2090 4214 2214 4260 τως.
2246 4198 2310 4250 Εἰ
2341 4197 2386 4250 δ’
2419 4197 2641 4266 ἄγνοιαν
2685 4197 2779 4250 τοῦ
2835 4196 3048 4250 δικαίου
3088 4197 3331 4267 σκήπτῃ,
3381 4191 3657 4248 ἀνακοίνου

404 4284 668 4354 justitiam
719 4285 933 4349 colant,
979 4294 1034 4339 et
1079 4284 1218 4339 l'ceda
1249 4285 1429 4338 omnia
1474 4293 1850 4338 contemnant.
1926 4282 1984 4337 Si

2090 4289 2198 4350 τοῖς
2233 4289 2437 4356 σοφοῖς,
2475 4287 2571 4341 καὶ
2603 4289 2865 4352 συνετοῖς,
2903 4286 3083 4341 καὶτὸ
3117 4286 3326 4340 δίκαιον
3361 4285 3464 4356 μὲν
3495 4281 3660 4351 τιμῶ-

408 4389 540 4430 vero
560 4375 689 4445 quid
720 4377 982 4444 peccaris,
1024 4377 1074 4430 id
1106 4375 1383 4446 corrigitu.
1447 4373 1504 4429 Si
1534 4390 1661 4430 vero
1697 4376 1978 4431 existimas

2090 4394 2188 4444 σιν,
2235 4379 2476 4449 αἰσχρῶν
2505 4379 2561 4432 δὲ
2620 4378 2929 4450 λημμάτων
2991 4377 3450 4447 καταφρονοῦσιν.
3503 4375 3566 4428 Εἰ
3607 4368 3661 4422 δὲ

409 4465 464 4520 id
514 4465 880 4537 praeiudicium
929 4467 1236 4520 auctoritati
1279 4465 1506 4532 ali'erre,
1543 4464 1680 4520 scito
1721 4465 1772 4518 id
1806 4464 1982 4519 maxi-

2093 4468 2189 4523 καὶ
2238 4469 2418 4523 ἔλαθέ¹
2444 4486 2518 4536 τι,
2579 4468 2914 4538 ἐπανόρθου·
2968 4468 3017 4520 εἰ
3053 4468 3108 4521 δὲ
3143 4469 3245 4520 οἴει
3289 4467 3452 4521 τοῦτο
3499 4461 3663 4518 κατά-

408 4571 551 4611 mam
593 4572 782 4626 parere
815 4559 1056 4614 laudem.
1097 4557 1280 4627 Neque
1309 4573 1436 4612 vero
1466 4566 1574 4610 tam
1621 4556 1751 4610 illud
1798 4570 1862 4609 ex
1895 4571 1980 4610 me

2090 4577 2293 4629 γνωσιν
2335 4558 2542 4630 φέρειν,
2588 4558 2695 4612 ἴσθι
2729 4559 2811 4611 ὅτι
2875 4556 3094 4611 ἔπαινον
3152 4558 3407 4628 μέγιστον
3459 4555 3656 4608 τίκτεισ

408 4649 717 4716 pronuntio,
751 4666 910 4716 quam
940 4663 1006 4704 ex
1039 4649 1263 4704 historia
1300 4650 1350 4702 in
1382 4664 1541 4718 quam
1584 4663 1756 4717 nuper
1789 4647 1974 4702 incidi.

406 4738 523 4794 Rex
538 4733 655 4795 erat
677 4739 891 4808 justi-et
912 4742 1049 4809 :equi
1086 4743 1137 4795 in
1170 4740 1361 4810 primis
1388 4739 1684 4802 studiosus,
1718 4738 1785 4793 ad
1818 4739 1980 4795 urbes

407 4831 489 4884 sic
526 4830 914 4898 perscribens:
955 4849 972 4883 ι
1010 4832 1066 4886 Si
1104 4832 1230 4901 quid
1266 4841 1451 4886 contra
1486 4833 1630 4901 leges
1678 4831 1793 4884 lieri
1827 4831 1977 4884 ordi-

409 4921 587 4974 nando
615 4922 1018 4990 praescripsero,
1067 4923 1232 4977 nolite
1265 4933 1320 4976 ut
1369 4923 1639 4993 ignoranti
1685 4923 1926 4976 obedire.
1954 4941 1972 4974 ι

408 5006 467 5060 Si
493 5022 624 5062 vero
646 5006 733 5061 ille
757 5023 876 5062 cum
915 5024 1006 5062 rex
1034 5021 1208 5076 esset,
1240 5026 1338 5066 nec
1385 5014 1620 5066 humano
1650 5011 1855 5080 judicio
1882 5011 1980 5066 ob-

2089 4650 2380 4704 καὶτοῦτο
2426 4651 2527 4704 ούκ
2563 4651 2659 4704 ἀπ’
2717 4648 2955 4720 ἐμαυτοῦ
3007 4650 3262 4703 τοσοῦτον
3317 4649 3485 4718 λέγω,
3545 4646 3660 4697 ὅσον

2088 4741 2344 4814 ἀρχαίαις
2378 4741 2640 4814 ἱστορίαις
2679 4743 2939 4811 ἐντυχών.
2979 4741 3242 4804 Βασιλεὺς
3275 4740 3387 4812 γάρ
3425 4755 3508 4801 τις
3543 4735 3657 4787 λίαν

2081 4834 2178 4887 τοῦ
2209 4833 2418 4886 δικαίου
2454 4833 2756 4905 φροντίζων
2786 4834 2996 4905 ἔγραφε
3031 4835 3152 4896 ταῖς
3199 4832 3457 4884 πόλεσινο
3494 4847 3514 4879 ι
3565 4826 3662 4877 Ἀν

2083 4941 2138 4978 τι
2167 4923 2364 4996 γράψω
2396 4924 2550 4994 παρά
2601 4925 2727 4986 τοὺς
2759 4925 2958 4994 νόμους
2990 4925 3353 4994 παρατάττων
3396 4914 3657 4987 γίνεσθαι,

2090 5016 2164 5086 μὴ
2196 5014 2485 5086 προσέχειν
2506 5015 2581 5078 ὡς
2605 5015 2920 5085 ἠγνοηκότι.
2954 5033 2971 5065 ι
3009 5015 3072 5066 Ei
3104 5011 3159 5065 δὲ
3186 5013 3391 5072 ἐκεῖνος
3415 5003 3662 5078 βασιλεὺς

410 5098 607 5154 noxius
645 5096 771 5164 (soli
804 5098 947 5152 enim
994 5097 1086 5152 Dei
1126 5087 1334 5166 judicio
1357 5101 1583 5169 subjecti
1618 5110 1744 5156 sunt
1794 5101 1982 5170 hujus-

409 5186 592 5245 modi:
627 5187 768 5243 unde
801 5197 857 5243 et
884 5185 1094 5244 Psaltes
1122 5191 1240 5245 ait:
1280 5191 1395 5246 Tibi
1429 5194 1527 5248 soli
1561 5193 1830 5264 peccavi),
1901 5194 1982 5247 sic

409 5276 760 5334 nihilominus
789 5277 1058 5348 justitiam
1095 5279 1299 5348 coluit,
1331 5293 1384 5338 te
1420 5299 1552 5340 sane
1582 5294 1635 5339 ct
1681 5285 1898 5355 regibus
1927 5292 1982 5337 et

2087 5104 2184 5171 ὢν,
2218 5105 2314 5158 καὶ
2353 5105 2585 5169 εὐθύνας
2625 5105 2779 5176 παρά
2801 5104 3104 5174 ἀνθρώπων
3139 5103 3214 5174 μὴ
3247 5100 3458 5172 μέλλων
3501 5097 3656 5148 ἀπαι-
3688 5153 3691 5156 _

2088 5196 2300 5249 τεῖσθαι
2342 5197 2447 5268 (τῇ
2478 5197 2587 5266 γὰρ
2628 5196 2749 5267 θείᾳ
2787 5197 2912 5267 δίκῃ
2950 5195 3108 5266 μόνος
3141 5196 3169 5247 ὁ
3216 5190 3457 5251 τοιοῦτος
3503 5180 3661 5238 ὑπεύ·

2087 5284 2265 5348 θυνος.
2297 5284 2390 5337 Διὸ
2417 5285 2510 5338 καὶ
2543 5286 2571 5336 ὁ
2597 5285 2849 5355 Μελῳδδς
2878 5284 3030 5353 ἔλεγε
3050 5299 3066 5314 ο
3103 5301 3121 5333 ι
3175 5281 3266 5334 Σοὶ
3298 5279 3445 5350 μόνῳ
3488 5275 3658 5344 ἦμαρ-

437 5433 500 5465 ⁴⁹⁹
533 5431 724 5488 Matth.
763 5449 900 5504 χχιι,
937 5433 1120 5489 15-22.

1503 5542 1739 5598 VARUE
1780 5541 2160 5602 LECTIONES
2199 5546 2287 5601 ET
2328 5545 2560 5604 NOTAE.

481 5695 600 5768 (25)
636 5695 1071 5766 Ἑμπεπτωκότα
1100 5702 1330 5763 uterque
1362 5695 1480 5751 cod.
1516 5695 1570 5751 in
1619 5697 1983 5768 ἐμπεπτωκότ

2091 5710 2285 5758 mutat.
2315 5701 2526 5760 Possm.
