4070 6438
403 295 538 366 1557

1152 300 1684 367 EPfSTOLARUM
1719 307 1871 367 LIB.
1904 307 1975 368 ν.
2017 327 2085 342 -
2121 301 2355 363 EPIST.
2393 298 2872 361 CCCLXXXVII.

3502 293 3642 355 1558

399 427 491 463 τον
512 418 581 480 ι),
616 407 760 462 οὕτω
783 407 879 464 τοῦ
904 408 1116 465 δικαίου
1148 413 1453 485 ἐφρόντιζε,
1491 417 1551 471 σὲ
1578 416 1669 471 τὸν
1698 418 1791 471 καὶ
1823 416 1974 488 βασι-

2088 411 2532 484 gubernatoribus
2575 410 2874 481 subjectum
2921 421 3034 478 par
3066 416 3149 462 est
3194 404 3396 472 justum
3444 405 3646 468 colere,

397 499 556 554 λεῦσι
593 500 689 554 καὶ
729 499 960 571 ἄρχουσι
990 502 1231 573 μείζοσιν
1266 505 1647 577 ὑποκείμενον,
1677 507 1882 562 δίκαιον
1906 506 1974 562 ἂν

400 592 490 661 εἴη
528 589 622 644 τοῦ
652 590 862 645 δικαίου
895 590 1137 662 ἔχεσθαι,
1182 594 1277 648 καὶ
1307 596 1572 669 μηδαμῶς
1600 599 1760 652 τοῦτο
1798 615 1976 669 παρα-

399 679 630 733 ϐαίνεινο
664 679 968 746 ἐννοοῦντα,
993 683 1076 737 ὅτι
1109 684 1160 737 εί
1193 685 1289 738 καὶ
1315 685 1415 759 τὴν
1439 688 1674 743 ἐνταῦθα
1691 687 1974 759 διαφύγοις

400 767 582 839 δίκην,
611 768 712 842 τὴν
752 768 904 824 θείαν
933 772 993 826 οὐ
1019 772 1306 848 διαφεύξῃ.

893 878 1063 934 TﬂA'.
1098 910 1169 921 —
1204 883 1494 939 ΜΛΡΩΝῙ.

2075 504 2239 578 675
2281 504 2396 558 haec
2430 502 2500 557 ab
2528 516 2594 557 eo
2623 503 2894 566 recedere,
2946 499 3274 570 cogitantem
3311 498 3454 566 quod
3483 497 3526 551 si
3562 497 3650 552 hic

2077 597 2368 652 vindictam
2398 594 2657 659 evaseris,
2691 595 2878 664 utique
2911 591 3152 648 divinam
3183 604 3288 645 non
3324 589 3540 643 evades.

2451 883 2865 944 CCCLXXXIV.
2898 916 2968 926 -
3006 883 3291 941 MARONI.

510 971 711 1040 Corpus
736 982 937 1039 pareat,
980 988 1122 1027 mens
1169 973 1404 1042 imperet.
1438 976 1655 1046 (Confer
1680 979 1832 1047 epist.
1860 978 1966 1033 329

2088 981 2161 1035 'ib.
2193 997 2230 1044 ι,
2274 980 2425 1051 epist.
2463 978 2551 1044 15,
2576 987 2623 1033 et
2654 978 2743 1032 lib.
2777 991 2849 1043 tv,
2884 977 3035 1046 epist.
3078 976 3202 1044 124,
3238 973 3538 1045 126,146.)

488 1083 545 1137 '0
574 1080 680 1135 ὑπὸ
702 1081 812 1136 τῶν
843 1081 1211 1154 ἀνελευθέρων
1241 1084 1338 1153 τῆς
1369 1084 1572 1157 σαρκὸς
1605 1086 1791 1141 παθῶν
1820 1088 1977 1153 ἐξαν-

401 1173 782 1246 δραποδισθεὶς
827 1173 952 1242 (ἵνα
997 1174 1091 1227 καὶ
1139 1173 1434 1248 παχυτέρῳ
1468 1176 1762 1247 χρήσωμαι
1798 1194 1978 1247 παρα-

401 1264 713 1337 δείγματι),
762 1263 938 1318 ἔοικεν
967 1264 1190 1336 ἡνιόχῳ,
1222 1265 1601 1320 ὲκπεπτωκότι
1627 1267 1725 1337 μὲν
1753 1267 1846 1321 τοῦ
1880 1267 1979 1338 ἆρ-

407 1373 600 1428 ματος,
642 1355 928 1427 συρομένῳ
964 1355 1022 1408 δὲ
1052 1356 1157 1409 ὑπὸ
1205 1356 1316 1410 τῶν
1355 1357 1543 1427 ήνιῶν,
1574 1359 1685 1412 τῶν
1738 1359 1813 1430 μὴ
1844 1358 1980 1412 ἀπο-

401 1446 650 1503 λυουσῶν
703 1447 889 1513 αὐτὸν,
936 1445 1075 1501 ἀλλά
1117 1447 1580 1517 συμπλεκομένων
1617 1448 1785 1519 αὐτῷ,
1823 1450 1981 1520 δίκην

401 1541 500 1610 τῆς
530 1536 803 1609 ῥᾳθυμίας
833 1536 1241 1610 ἀπαιτουμένῴ.
1274 1538 1443 1593 Ἔνθα
1465 1539 1531 1609 δὴ
1565 1539 1675 1592 τῶν
1702 1540 1843 1593 κατὰ
1874 1539 1979 1609 φύ-

2155 1090 2256 1158 Qui
2286 1089 2466 1146 carnis
2497 1086 2745 1144 illiberali
2780 1086 3113 1154 mancipatus
3133 1094 3216 1141 est
3242 1084 3373 1139 vitio
3398 1083 3481 1156 (ut
3506 1097 3652 1139 cras-

2085 1185 2225 1240 siore
2259 1191 2378 1237 utar
2407 1179 2678 1249 exemplo)
2720 1192 2828 1234 non
2872 1175 3135 1232 absimilis
3165 1183 3248 1231 est
3287 1175 3520 1245 aurigae,
3561 1175 3652 1242 qui

2075 1290 2235 1332 curru
2264 1271 2495 1334 excidit,
2527 1277 2770 1339 raptatus
2804 1283 2834 1322 a
2859 1265 3145 1338 jumentis,
3180 1279 3281 1319 nec
3308 1265 3376 1318 ab
3422 1264 3526 1318 illis
3563 1278 3651 1318 so-

2076 1367 2251 1430 lutus,
2305 1363 2399 1418 sed
2449 1361 2580 1432 jngo
2631 1359 2937 1427 implicatus
2988 1356 3254 1413 socordiae
3301 1355 3434 1410 dans
3476 1353 3655 1424 justas

2076 1468 2283 1527 ptrnas.
2324 1451 2451 1506 Hzec
2477 1453 2621 1505 enim
2655 1450 2870 1505 inversa
2895 1447 3149 1504 accidunt
3176 1453 3389 1502 natura.
3420 1443 3651 1500 Currum

2074 1547 2218 1602 enim
2269 1553 2414 1597 recte
2445 1557 2509 1597 ex
2543 1549 2661 1596 arte
2689 1553 2882 1610 regere
2906 1537 3199 1604 convenit;
3237 1536 3376 1591 male
3402 1550 3533 1590 vero
3563 1550 3652 1589 rc-

404 1645 492 1682 σιν
521 1626 786 1682 τάναντία
811 1626 1077 1682 ἐκϐαίνει.
1120 1628 1250 1682 Δέον
1291 1627 1401 1700 γὰρ
1436 1629 1499 1682 τὸ
1531 1630 1687 1700 ἅρμα
1733 1629 1840 1683 ὑπὸ
1880 1630 1981 1700 τῆς

2088 1653 2232 1709 gens,
2263 1637 2330 1691 ab
2362 1635 2516 1706 equis
2546 1641 2790 1701 raptatur
2814 1629 3024 1699 auriga.
3068 1628 3324 1684 Evertere
3350 1627 3493 1683 enim
3520 1641 3647 1681 eum

402 1716 599 1788 τέχνης
632 1715 729 1769 τοῦ
776 1715 995 1786 ἡνιόχου
1027 1715 1257 1784 ἄγεσθαι
1302 1696 1503 1783 καλῶς,
1537 1696 1583 1771 ό-
1611 1696 1826 1789 ἧνίοχος
1874 1696 1981 1771 ὑπὸ

2088 1730 2171 1798 qui
2204 1744 2270 1785 ex
2305 1735 2500 1782 natura
2546 1726 2807 1794 imperat,
2850 1722 2904 1777 id
2946 1729 3030 1777 est
3070 1729 3323 1775 naturam
3357 1719 3655 1773 invertere.

403 1806 515 1859 τῶν
558 1807 743 1860 ἵππων
796 1804 1019 1877 σύρεται
1061 1805 1271 1871 κακῶς.
1313 1808 1427 1878 Τῆς
1477 1807 1588 1879 γὰρ
1626 1808 1766 1862 κατὰ
1816 1807 1978 1878 φύσιν

403 1895 702 1968 ἡγεμονίας
731 1895 1034 1968 ἀνατροπὴ,
1083 1899 1117 1968 ἡ
1147 1898 1301 1971 παρὰ
1324 1898 1487 1970 φύσιν
1519 1900 1872 1972 παρατροπὴ,
1898 1898 1981 1953 διὸ

405 1988 513 2061 χρὴ
533 1989 626 2044 τὸν
654 1988 784 2044 νοῦν
816 1989 1086 2063 κυϐερνᾷν
1113 1991 1175 2045 τὸ
1210 1990 1390 2060 σῶμα.

876 2118 1050 2174 τηεν.
1080 2146 1153 2162 --
1175 2119 1263 2191 Ta
1296 2120 1499 2192 arra.

2081 1816 2289 1887 Corpus
2317 1814 2498 1885 itaque
2531 1827 2562 1867 a
2592 1821 2773 1868 mente
2803 1809 2914 1881 regi
2948 1823 3047 1879 par
3079 1817 3164 1865 est
3199 1822 3262 1865 ac
3294 1805 3617 1877 gubernari.

2483 2120 2875 2179 CCCLXXXV.
2914 2150 2985 2162 —
3036 2115 3268 2175 ΕιῡΕΜ.

1357 2212 1745 2269 νιῖοηὶιιιάὶιιῑε
1788 2225 2033 2270 extrema:
2062 2216 2292 2271 audacia
2322 2225 2370 2271 et
2411 2216 2692 2271 timiditas.

473 2322 550 2376 Τὸ
579 2322 680 2392 μὲν
701 2319 1084 2392 λελογισμένον
1115 2322 1211 2377 καὶ
1233 2324 1499 2391 γενναῖον,
1527 2323 1772 2394 ἀνδρεῖον
1804 2324 1980 2394 ἔγωγε

402 2408 586 2465 καλῶ·
625 2409 684 2462 τὸ
721 2408 779 2463 δὲ
807 2408 1021 2477 ἄλογον,
1064 2410 1157 2464 καὶ
1183 2410 1286 2482 τὴν
1314 2409 1444 2464 ἄνευ
1486 2409 1580 2465 νοῦ
1617 2412 1813 2484 ἀλκὴν,
1846 2412 1979 2485 θρα-

405 2499 613 2571 σύτητα
640 2499 1050 2571 προσαγορεύω.

673 2701 864 2769 τΠςν.
900 2731 970 2744 -
998 2700 1246 2774 amem
1279 2701 1706 2759 MONAZONTI.

2156 2325 2307 2392 Quod
2338 2334 2422 2380 est
2453 2339 2576 2379 cum
2607 2325 2816 2378 ratione
2848 2337 2912 2378 ac
2941 2335 3202 2393 generose
3238 2325 3446 2389 gestum
3468 2355 3487 2383 ,
3518 2316 3658 2371 idem

2084 2432 2185 2486 ego
2212 2415 2356 2471 forte
2385 2431 2448 2470 ac
2471 2415 2626 2469 virile
2659 2414 2903 2485 appello;
2938 2423 3148 2479 contra,
3170 2412 3312 2482 quod
3345 2408 3662 2479 imprudens

2085 2516 2170 2560 est
2202 2521 2264 2559 ac
2298 2506 2415 2560 sine
2448 2514 2628 2559 mente
2654 2504 2932 2559 robustum
2955 2542 2970 2567 ,
3001 2503 3054 2558 id
3082 2517 3182 2574 ego
3214 2501 3500 2556 audaciam
3529 2512 3660 2554 cou-

2086 2595 2472 2665 ﬁdentiamque
2501 2596 2710 2649 dixero.

2284 2700 2702 2758 CCCLXXXVI.
2740 2731 2808 2743 —
2841 2700 3096 2758 ALPHIO
3130 2695 3485 2756 MONACHO.

1653 2799 1733 2855 De
1751 2800 1877 2868 jure
1900 2800 2020 2855 belli
2043 2817 2104 2856 ac
2129 2799 2393 2857 rindiette.

612 2915 712 2985 μὲν
731 2915 843 3023 τῶν
866 2918 1166 3023 ἀλλοτρίων
1190 2920 1355 2978 ἓνεκα
1380 2925 1630 2996 κτήσεως
1649 2924 1818 2996 μόνης
1842 2924 1978 2997 (26).

2159 2924 2313 3004 Bella
2375 2924 2489 2980 fere
2534 2921 2606 2981 ob
2648 2922 2855 2977 alienas
2913 2919 3218 2976 conﬂantur
3268 2919 3658 2991 possessiones.

403 3005 439 3071 ἢ
492 3004 750 3076 μάλιστα,
794 3008 846 3061 oi
880 3009 1598 3087 adlapOtdvapptniCowat
1620 3032 1636 3049 '
1667 3015 1729 3070 ού
1774 3017 1983 3079 πάντας

2088 3020 2369 3086 bonaque:
2403 3029 2468 3070 ac
2498 3029 2565 3070 ne
2586 3027 2776 3069 omnes
2806 3012 3020 3082 quidem
3053 3011 3188 3067 bella
3219 3018 3467 3083 gerentes
3499 3024 3665 3067 accu-

403 3096 461 3150 δὲ
493 3096 622 3162 τοὺς
662 3099 1037 3172 πολεμοῦντας
1075 3105 1345 3163 αἰτιατέον
1368 3123 1384 3140 °
1425 3108 1561 3164 ἀλλά
1584 3109 1715 3172 τοὺς
1746 3108 1846 3179 μὲν
1882 3109 1985 3181 ἀρ-

406 3187 665 3260 ξανταςῆ
701 3189 901 3261 χειρῶν
948 3192 1151 3248 ἀδίκων
1179 3196 1213 3266 ἢ
1247 3197 1530 3268 ἁρπαγῆς,
1564 3197 1641 3263 ὡς
1674 3199 1987 3270 ἀλιτηρίους

404 3275 665 3346 δαίμονας
692 3279 997 3350 νομιστέον.
1051 3282 1191 3347 Τοὺς
1222 3284 1281 3338 δὲ
1311 3286 1689 3357 ἀμυνομένους
1725 3286 1984 3357 μετρίως,

405 3362 534 3418 οὔτε
584 3367 863 3437 μεμπτέον
909 3370 987 3436 ὡς
1043 3371 1285 3438 ἀδίκους.
1336 3375 1587 3447 Νόμιμον
1615 3375 1725 3447 γάρ
1754 3377 1987 3447 πρᾶγμα

410 3454 689 3510 ποιοῦσιν·
728 3456 852 3513 οῦτε
895 3461 1003 3531 μὴν
1048 3462 1392 3532 θαυμαστέον
1423 3466 1501 3530 ὡς
1534 3467 1858 3538 φιλοσόφους
1895 3467 1989 3521 καὶ

409 3546 844 3617 ἀνακηρυκτέον,
868 3550 965 3606 ἅτε
995 3552 1107 3623 (27)
1133 3554 1347 3626 οὐρανῷ
1371 3557 1688 3627 πρέπουσαν
1713 3544 1988 3612 πολιτείαν

412 3634 884 3710 πολιτευομένους,
926 3643 1027 3698 οὐκ
1072 3646 1131 3697 ὲν
1169 3644 1248 3716 τῷ
1276 3648 1533 3720 ἀντιδρᾷν
1567 3647 1603 3706 ἃ
1630 3649 1986 3715 πεπόνθασιν,

410 3725 534 3779 ἀλλ’
556 3729 616 3781 ὲν
645 3728 725 3800 τῷ
758 3732 1020 3799 γενναίως
1054 3736 1299 3802 ἐνεγκεῖν
1325 3736 1426 3808 τὴν
1451 3736 1744 3806 ἀνανδρίαν
1774 3737 1992 3808 κρίναν-

408 3834 534 3880 τας.
587 3819 725 3884 Τοὺς
760 3821 818 3875 δὲ
853 3821 1087 3888 δικαίως
1132 3825 1233 3896 μὲν
1278 3827 1673 3898 ἀμυνομένους,
1723 3825 1992 3898 ὑπερϐαί-

414 3924 607 3972 νοντας
647 3910 705 3964 δὲ
751 3912 850 3983 τῆς
903 3914 1119 3987 ἀμύνης
1166 3916 1228 3970 τὸ
1275 3918 1492 3988 μέτρον,
1545 3917 1620 3982 ὡς
1670 3916 1992 3980 ἀδικοῦντας

414 4000 713 4069 γραπτέον.
765 4005 829 4057 0i
881 4004 992 4076 γὰρ
1035 4006 1294 4077 ἀμέτρως
1348 4007 1702 4078 ἀμυνόμενοι,
1748 4007 1993 4077 δεύτεροι

416 4089 582 4145 πάλιν
637 4093 1026 4165 κατάρχουσιν.
1095 4098 1469 4171 Ἀντιμετρεϊν
1522 4100 1631 4171 γὰρ
1704 4100 1810 4171 χρὴ
1878 4100 1994 4162 τοῖς

2084 3107 2235 3164 sandi
2255 3147 2271 3172 ,
2303 3107 2397 3162 sed
2437 3107 2527 3177 qui
2558 3103 2861 3175 suscipiunt
2890 3102 2974 3158 vel
3023 3101 3256 3171 injuriae,
3290 3102 3372 3159 vel
3418 3098 3663 3170 rapiendi

2085 3212 2269 3262 causa,
2298 3196 2354 3251 hi
2385 3194 2672 3265 perniciosi
2697 3193 2848 3249 velut
2872 3193 3146 3249 daemones
3176 3190 3431 3246 habendi.
3473 3191 3539 3243 A-t
3569 3188 3660 3259 qui

2087 3287 2332 3342 modeste
2360 3284 2640 3341 vindicant
2672 3298 2738 3339 ac
2768 3282 3048 3338 moderate
3074 3281 3405 3337 ulciscuntur
3441 3279 3665 3350 injurias

2087 3376 2285 3442 illatas,
2309 3386 2417 3431 non
2444 3382 2573 3431 sunt
2619 3383 2678 3428 ut
2718 3372 2847 3443 justi
2897 3371 3349 3443 reprehendendi.
3382 3370 3462 3425 Ex
3491 3370 3667 3441 legum

2086 3466 2234 3520 enim
2254 3464 2571 3535 praescripto
2598 3478 2711 3518 rem
2738 3471 2966 3531 gerunt:
2996 3475 3171 3530 neque
3191 3474 3285 3516 eos
3304 3459 3467 3516 ueluti
3493 3455 3667 3530 philo-

2091 3556 2293 3626 sophos
2319 3553 2582 3610 admirari
2613 3559 2829 3624 oportet
2878 3566 2979 3608 nec
3009 3551 3372 3622 depraadicare
3399 3550 3550 3619 quasi
3584 3548 3667 3603 vi-

2093 3655 2202 3701 tam
2229 3644 2371 3702 caelo
2398 3644 2612 3712 dignam
2642 3644 2934 3707 ducentes,
2965 3656 3072 3697 non
3110 3642 3163 3695 in
3203 3640 3563 3710 rependendis
3586 3640 3671 3694 in-

2086 3737 2249 3808 juriis
2275 3752 2411 3807 quas
2441 3735 2680 3806 perpessi
2718 3731 3425 3801 sunt,sed-quod:viriliter
3457 3741 3512 3786 et
3537 3745 3668 3786 εοιιο

2092 3839 2301 3884 stanter
2329 3827 2448 3880 illas
2474 3827 2768 3895 perferant,
2802 3825 3051 3880 inertiam
3077 3820 3375 3892 culpantes.
3411 3818 3512 3886 Qui
3538 3833 3670 3874 vero

2086 3921 2232 3991 juste
2261 3919 2478 3987 quidem
2506 3932 2567 3973 se
2601 3917 2896 3979 vindicant,
2929 3912 3144 3969 modum
3178 3923 3356 3968 tamen
3378 3910 3669 3973 excedunt,

2095 4010 2132 4064 ii
2178 4018 2238 4065 ut
2270 4008 2453 4080 iniusti
2495 4018 2625 4064 sunt
2663 4006 2974 4065 accusandi.
3014 4004 3115 4072 Qui
3138 4004 3283 4061 enim
3318 4002 3673 4060 immoderate

2096 4099 2457 4164 ulciscuntur,
2483 4100 2775 4155 secundam
2798 4108 2852 4153 et
2874 4111 3066 4153 novam
3086 4095 3374 4151 ordiuntur
3400 4092 3677 4161 iniuriam.

424 4178 860 4251 πλημμελήμασι
892 4181 993 4247 τὰς
1020 4186 1314 4255 τιμωρίας,
1347 4187 1447 4256 οὐχ
1479 4185 1833 4255 ὑπερϐαίνειν
1858 4201 1872 4215 ⁸
1907 4183 1985 4238 ἵνα

2098 4190 2296 4247 Ρωηιιε
2321 4190 2468 4246 enim
2512 4188 2725 4244 delictis
2745 4202 2867 4244 esse
2892 4201 3053 4256 pares
3083 4194 3330 4255 oportet,
3364 4199 3472 4239 non
3502 4182 3671 4251 majo-

417 4267 495 4340 μὴ
535 4268 597 4322 τὺ
632 4269 841 4325 δίκαιον
889 4273 986 4326 καὶ
1024 4273 1086 4326 τὸ
1114 4275 1343 4346 νόμιμον
1373 4276 1731 4347 ὑπερϐάντες,
1766 4279 1861 4330 καὶ
1898 4276 1985 4348 τὴν

2100 4296 2210 4347 res,
2241 4295 2308 4335 ne
2335 4280 2550 4349 justum
2573 4288 2630 4333 et
2660 4291 2875 4346 aequum
2909 4276 3231 4347 transgressi
3254 4282 3312 4328 et
3347 4273 3574 4342 Justitize
3609 4272 3671 4326 ii-

415 4359 511 4413 ἑπὶ
552 4358 631 4430 τῷ
670 4359 894 4427 δικαίως
930 4362 1378 4436 ἐπεξεληλυθέναι
1410 4365 1568 4433 δόξαν
1597 4367 1991 4439 λυμηνάμενοι,

417 4452 501 4517 είς
533 4452 659 4517 τοὺς
690 4452 996 4527 ἀλάστορας
1023 4457 1395 4528 ὲγγραφῶσιν.

882 4750 1050 4809 TIIZ'.
1089 4783 1162 4794 -
1198 4754 1535 4828 ΟΛΥΜΠῙῼ.

2101 4387 2200 4429 nes
2225 4371 2536 4429 excedenda
2562 4369 2788 4441 gloriam
2827 4367 3270 4429 debonestantes,
3305 4365 3447 4420 inter
3473 4362 3677 4420 διαδω-

2100 4481 2189 4521 res
2214 4463 2542 4527 referantur,
2572 4461 2834 4516 excedere
2859 4458 3096 4514 videare.
3136 4455 3561 4529 Gloriamenim
3579 4454 3675 4509 de-

2102 4557 2415 4621 honestant,
2447 4551 2672 4622 iustitiae
2703 4553 2838 4606 ﬁnes
2864 4548 3196 4616 excedendo,
3225 4555 3388 4616 utque
3413 4545 3551 4603 diris
3578 4557 3676 4601 ex-

2102 4643 2349 4701 secrandi
2383 4642 2616 4698 habendi
2647 4650 2793 4697 sunt.

2437 4747 2882 4807 ccccxxxvn.
2921 4779 2991 4790 —
3025 4746 3353 4806 omnem.
3420 4712 3424 4715 ’

1046 4861 1145 4920 Sui
1167 4865 1394 4936 cognitio
1426 4867 1601 4936 prima
1629 4866 1698 4919 ad
1732 4866 2025 4934 scientiam.
2043 4866 2124 4922 via
2147 4881 2257 4931 ,‘ea:
2289 4834 2524 4919 Platonis
2551 4859 2824 4916 Alcibiade
2850 4857 3045 4927 priore.

497 4969 622 5023 Ὅτι
648 4969 710 5023 τὸ
734 4970 934 5027 ειδέναι
962 4969 1168 5025 οἴεσθαι
1205 4964 1302 5025 τοῦ
1331 4973 1406 5043 μὴ
1435 4972 1631 5026 εἰδέναι
1665 4973 1838 5047 αῐτιον
1857 4975 1990 5029 καθρ

424 5060 688 5131 έστηκεν·
736 5062 786 5113 εἰ
832 5061 926 5114 καὶ
966 5061 1198 5130 αἴνιγμα
1246 5063 1394 5116 δοκεῖ
1429 5058 1572 5117 εἶναί
1622 5079 1705 5116 σοι
1748 5061 1810 5116 τὸ
1839 5064 1997 5133 εἰρη-

428 5149 609 5221 μένον.
657 5152 945 5223 Μαρτυρεῖ
984 5151 1233 5216 Πλάτων,
1262 5153 1321 5207 ὃν
1358 5155 1444 5207 ἀεὶ
1484 5154 1581 5208 ἐπὶ
1612 5153 1879 5224 στόματος
1906 5153 2003 5223 φέ-

2172 4972 2274 5040 Qni
2307 4970 2451 5027 scire
2478 4984 2538 5025 se
2563 4974 2736 5040 putat,
2763 4982 2859 5023 cur
2884 4963 3019 5020 nihil
3048 4963 3186 5019 sciat
3223 4962 3326 5019 sibi
3360 4976 3520 5018 causa
3549 4969 3672 5016 est:

2104 5062 2260 5116 multi
2289 5060 2354 5114 ad
2378 5059 2735 5115 eruditionem
2762 5054 3155 5127 pervenissent,
3183 5053 3285 5109 nisi
3312 5066 3372 5108 se
3411 5049 3523 5120 jam
3553 5064 3679 5120 per-

2106 5152 2317 5208 venisse
2347 5159 2655 5223 putassent,
2716 5148 2793 5204 ait
2825 5146 3055 5204 Seneca.
3116 5144 3176 5201 ιιι
3230 5145 3278 5200 si
3323 5143 3550 5212 aenigma
3584 5141 3679 5199 tibi

425 5258 559 5313 ρεις,
605 5242 781 5311 λέγων
821 5243 958 5314 πρὸς
982 5244 1076 5298 τὸν
1110 5244 1474 5315 Ἀλκιϐιάδην.
1497 5249 1657 5300 Σωκ·
1712 5262 1731 5295 ι
1765 5244 1985 5313 Πότεροη

2107 5244 2377 5309 videatur,
2410 5242 2564 5298 testis
2591 5241 2815 5296 idoneus
2839 5238 2997 5294 Plato
3024 5247 3108 5294 est
3130 5278 3146 5304 ,
3187 5251 3346 5308 quem
3379 5248 3592 5301 semper
3619 5231 3674 5287 in

426 5331 625 5392 MV
665 5332 920 5403 λέληθας,
973 5335 1056 5389 δτι
1106 5335 1209 5390 οὐκ
1250 5336 1543 5391 ἐπίστασαι
1592 5335 1788 5403 τοῦτο,
1816 5336 1851 5408 ἢ
1902 5336 1985 5406 ὲμὶ

2112 5349 2208 5391 ore
2253 5330 2460 5388 habens
2503 5329 2727 5398 laudas,
2777 5344 2902 5386 cum
2933 5326 3213 5387 Alcibiade
3258 5325 3339 5383 sic
3384 5322 3681 5381 disserens.

1514 5518 1745 5576 VARIE
1782 5516 2169 5576 LECTIONES
2209 5513 2296 5572 ET
2333 5513 2565 5572 ΝΟΤιΕ.

508 5671 620 5744 {215)
650 5670 774 5729 Post
809 5673 976 5746 μόνης
1009 5674 1167 5732 iidem
1216 5676 1417 5734 addunt
1443 5675 1540 5740 ὡς.
1574 5674 1680 5731 Pro
1722 5674 1816 5731 an
1848 5674 1985 5731 iiden

2091 5679 2220 5743 gunt
2252 5667 2396 5725 οὔτε.
2428 5667 2638 5725 Possm.
