4070 6374
452 253 474 318 1
487 256 587 319 559

1651 224 1712 330 s.
1753 270 2045 332 ISIDORI
2080 274 2514 335 PELUSIOTIE

3572 272 3707 339 1560

450 365 765 423 δοουτιεε
815 387 835 421 t
862 368 1353 439 Auimadtcrtisne,
1379 389 1413 429 ο
1440 373 1767 441 Alcibiades,
1820 389 1872 433 te
1900 381 2015 434 haec

2136 381 2306 444 ἱλαθες
2333 381 2640 450 μανθάνων,
2682 379 2777 434 καὶ
2810 379 3010 447 φοιτῶν
3057 381 3137 443 είς
3170 380 3517 445 διδασκάλου,
3555 384 3610 446 ὃς
3648 400 3707 436 σε

450 456 738 525 ignorare?
768 461 935 532 376
965 477 1032 515 an
1058 478 1142 517 me
1174 466 1357 520 nescio
1384 465 1498 520 lucc
1520 466 1778 537 didicisti,
1808 478 1861 524 et
1886 484 2020 540 prat-

2138 470 2381 524 ὲδίδασκε
2420 472 2801 540 διαγινώσκειν
2833 471 2891 523 τὸ
2918 468 3254 542 δικαιότερόν
3286 488 3344 524 τε
3389 473 3481 526 καὶ
3508 472 3713 525 ἁδικώ-

450 550 690 617 ccptoris
716 566 931 620 cperam
970 553 1401 626 industriamque
1438 556 1766 624 adhibuisti,
1814 563 1905 630 qui
1969 570 2020 616 te

2136 577 2317 632 rspov;
2366 581 2383 614 t
2436 564 2596 615 'Alx.
2643 581 2661 613 ι
2702 562 2768 615 Τί
2796 561 2883 623 δὲ,
2929 565 2977 615 εἰ
3011 564 3085 633 μὴ
3116 563 3254 632 Exte;
3298 582 3315 613 t
3352 564 3493 619 Σωκ.
3541 582 3559 613 ι
3594 563 3710 616 Ούκ

452 638 673 695 doceret
692 642 988 709 dijudicare
1018 642 1215 710 iustius
1244 654 1298 699 et
1334 646 1624 714 iniustius?
1653 668 1671 700 ι
1715 649 1831 703 Mox
1863 651 2019 705 ALCt-

2128 652 2195 705 ἂν
2222 651 2325 704 οἴει
2364 670 2430 722 με
2474 652 2649 715 ἄλλως
2674 653 2871 706 είδέναι
2922 655 3050 724 περὶ
3084 653 3193 707 τῶν
3222 654 3446 708 δικαίων
3472 656 3565 708 καὶ
3593 654 3714 706 ἀδί-

452 743 685 785 Biantis:
740 747 761 781 ρ
781 730 979 795 Quidni
1008 733 1204 802 possim
1225 734 1248 786 ’ἓ
1268 753 1287 786 t
1353 735 1479 791 Soc.
1518 755 1536 787 ι
1560 737 1913 793 Existimasne
1937 756 2021 795 me

2136 758 2267 806 ttwv;
2311 742 2433 806 ναὶ,
2476 742 2589 808 είγε
2624 743 2841 814 εὖροιςο
2884 761 2902 793 t
2967 743 3117 797 Ἀλκ.
3161 763 3180 796 ‹
3238 743 3382 796 Ἀλλ’
3414 743 3515 795 οὐκ
3548 743 3614 796 ἄν
3644 761 3714 813 με

454 835 631 874 rerum
681 819 948 887 justarttm
983 827 1037 874 et
1098 820 1416 887 injustarum
1460 823 1826 879 deﬁnitionem
1872 828 2022 897 igno-

456 908 619 962 rare?
667 906 932 962 Existimo
964 919 1111 964 certe
1150 921 1203 965 te
1237 912 1383 966 illattt
1424 929 1616 983 posse,
1649 917 1694 971 si
1727 932 1845 971 eam
1877 934 2026 973 com-

2124 832 2305 902 εὑρεῖν
2335 836 2479 905 ἡγῇ;
2518 853 2535 885 t
2566 835 2711 887 Σωκ.
2749 855 2769 886 t
2790 834 2899 888 Καὶ
2932 836 3081 904 μάλα
3108 852 3195 905 γε,
3246 837 3296 888 εἰ
3326 834 3645 905 ζητήσειας.
3688 854 3706 886 t

2137 922 2289 977 Ἀλκ.
2328 921 2491 978 «Εἶτα
2514 926 2746 995 ζητῆσαι
2765 927 2863 978 οὐκ
2884 925 2949 981 ἂν
2970 925 3071 979 οίει
3092 942 3192 996 pe;
3220 945 3238 978 ι
3267 926 3410 979 Σωκ.
3436 926 3713 993 «Ἔγωγε,

453 998 720 1065 ρετετίε.»
793 1000 979 1054 ALcm.
1039 1018 1058 1051 t
1085 1001 1235 1056 Tunc
1268 1018 1398 1058 vero
1448 1006 1731 1063 arbitraris
1788 1025 1875 1064 ttte
1916 1024 2022 1064 non

2136 1017 2171 1068 εί
2201 1014 2441 1086 οἰηθείης
2474 1016 2550 1087 μὴ
2574 1019 2771 1071 εἰδέναι
2808 1019 2945 1088 (ΞἹ).
2988 1037 3007 1068 t
3045 1019 3107 1071 Et
3134 1017 3317 1070 τοίνυν
3350 1016 3506 1070 ταῦθ’
3536 1017 3714 1082 οὕτως

453 1089 821 1159 comperisse?
849 1109 868 1141 ι
923 1090 1048 1146 Soc.
1091 1109 1110 1143 t
1143 1092 1402 1163 Equidem
1425 1097 1682 1163 arbitror,
1712 1099 1755 1153 si
1789 1114 1906 1154 eam
1937 1102 2023 1156 in-

2126 1104 2258 1174 ἐχει,
2295 1108 2415 1158 τότε
2458 1106 2740 1176 είσόμεθα,
2794 1109 2924 1162 ὅταν
2967 1109 3042 1180 μὴ
3079 1107 3279 1162 είδέναι
3315 1107 3557 1177 οἰόμενοι
3584 1109 3717 1173 τοὺς

453 1180 821 1249 vestigaveris.
848 1198 867 1231 ι
924 1180 1110 1235 Ancus.
1163 1182 1318 1237 «Jam
1353 1199 1506 1239 mene
1539 1200 1645 1241 non
1669 1187 2026 1259 investigasse

2136 1195 2480 1261 διδάσκοντας
2511 1199 2958 1270 ὲπιζητήσωμεν.

453 1273 814 1329 θτὺίιιτιιδίεἳι
876 1275 1001 1330 Soc.
1047 1276 1345 1343 «Arbitror,
1378 1280 1423 1333 si
1456 1279 1745 1349 aliquando
1766 1283 2019 1351 opinatus
2057 1301 2116 1342 es
2147 1299 2199 1343 te
2261 1291 2407 1346 illam
2440 1292 2711 1360 ignorare.
2733 1314 2750 1343 ι
2805 1293 2938 1359 Qua:
2964 1307 3087 1349 cum
3153 1293 3230 1349 ita
3252 1294 3382 1360 sint,
3421 1302 3553 1351 tunc
3574 1294 3717 1351 scie-

450 1379 573 1419 mus
594 1405 608 1431 ,
639 1380 761 1419 cum
811 1381 915 1420 non
953 1368 1092 1422 scire
1119 1382 1212 1422 eos
1252 1370 1626 1426 existimantes
1656 1374 1747 1443 qui
1800 1389 1898 1430 nos
1933 1377 2163 1433 doceant
2191 1383 2663 1450 conquisierimus.

451 1472 913 1530 CCCLXXXVIII.
941 1506 1013 1516 —
1038 1475 1434 1534 ATHANASIO
1455 1490 1506 1536 et
1533 1480 2018 1540 THEOGNOSTO.

2289 1492 2468 1548 TIIH'.
2511 1523 2579 1534 —
2612 1495 2955 1568 ΑΘΔΝΑΣΙῼ
2980 1484 3102 1551 κΑι
3129 1496 3554 1568 θΕοΓΝοΣτᾳ.

841 1565 1098 1621 Timothei
1126 1570 1231 1623 vita
1269 1569 1440 1638 functi
1465 1571 1726 1639 laudatio,
1758 1575 1915 1629 veluti
1945 1576 2183 1646 funebris
2213 1587 2407 1648 oratio,
2448 1586 2512 1639 de
2541 1603 2642 1656 quo
2683 1596 2730 1640 et
2758 1586 2849 1640 tib.
2883 1565 2944 1651 tt,
2994 1588 3147 1656 epist.
3176 1587 3327 1659 155.)

528 1670 649 1727 Vita
685 1688 856 1742 nuper
900 1673 1139 1728 functum
1177 1676 1519 1733 Timotheum
1565 1682 1737 1737 bonos
1782 1682 2028 1739 imitandi
2063 1679 2104 1733 Β

456 1764 952 1829 studiosissimum,
990 1766 1335 1837 maximeque
1362 1769 1738 1833 admirandum
1764 1810 1780 1838 ,
1814 1773 1900 1829 vel
1945 1789 2032 1829 me

457 1863 670 1909 tacente
707 1855 902 1910 novisti
938 1870 1248 1926 expressam
1284 1859 1502 1915 virtutis
1537 1860 1794 1917 habuisse
1829 1862 2030 1933 imagi-

458 1960 603 2000 nem.
657 1945 807 2012 Quod
836 1962 964 2001 vero
995 1948 1232 2004 maxime
1274 1949 1429 2005 nobis
1460 1949 1714 2008 addictus
1750 1952 1946 2020 fuerit,
1979 1963 2035 2009 et

455 2051 486 2087 a
529 2037 684 2092 nobis
718 2046 958 2107 putetur,
1000 2041 1101 2093 etsi
1146 2054 1252 2093 non
1291 2041 1363 2095 ita
1409 2044 1521 2107 sit,
1562 2042 1784 2098 duxisse
1822 2044 2032 2099 initium

458 2129 541 2184 sui
576 2129 628 2183 in
658 2129 848 2183 melius
877 2143 1213 2198 progressus,
1238 2131 1484 2199 quamvis
1514 2131 1679 2186 multa
1713 2148 1835 2201 qua:
1857 2134 2031 2188 dicant

457 2229 781 2290 suppetunt,
820 2220 1188 2289 praetermitto,
1222 2220 1344 2274 aliis
1371 2219 1610 2274 dolorem
1647 2221 1699 2274 itt
1734 2222 1800 2275 iis
1830 2223 2026 2291 quibus

457 2312 679 2383 glorior,
714 2312 1043 2381 relinquens.
1108 2311 1284 2367 Unum
1321 2312 1526 2378 dicam,
1562 2312 1714 2381 cujus
1758 2313 1834 2366 rei
1869 2322 2034 2368 testes

457 2403 615 2456 amici
645 2414 794 2467 sunt,
823 2405 986 2459 etiam
1026 2403 1255 2470 inimici,
1288 2418 1353 2458 eo
1385 2417 1445 2457 se
1471 2403 1773 2469 demisisse,
1800 2413 2032 2459 tantam-

457 2509 563 2562 que
585 2510 710 2565 crga
741 2510 838 2549 nos
872 2495 1183 2550 exhibuisse
1217 2494 1675 2558 benevolentiam,
1701 2504 1760 2549 ut
1796 2496 1840 2549 si
1874 2496 2034 2550 dare-

460 2595 547 2636 tur
592 2584 666 2637 illi
698 2585 884 2653 optio;
941 2585 1029 2638 ubi
1069 2584 1287 2647 mallet,
1326 2598 1394 2636 an
1440 2583 1490 2637 itt
1532 2584 1694 2654 regiis
1721 2586 1922 2639 versari
1953 2586 2036 2640 vel

459 2688 668 2728 tnecum
698 2714 714 2740 ,
750 2675 853 2729 hoc
896 2676 1015 2729 sine
1048 2674 1212 2729 dubio
1249 2675 1549 2743 prmferret.
1619 2674 1821 2743 Duplici
1872 2675 2037 2746 igitur

460 2765 676 2817 nomine
717 2764 833 2832 ejus
871 2776 1100 2819 mortem
1154 2765 1378 2819 moleste
1423 2763 1563 2831 fero,
1608 2781 1728 2821 cum
1783 2766 1853 2822 ob
1883 2783 2036 2823 sum-

459 2871 603 2909 mam
640 2855 810 2923 ipsius
839 2856 1127 2920 virtutem,
1160 2863 1273 2909 tum
1304 2856 1374 2909 ob
1403 2857 1672 2911 sinceram
1713 2857 2033 2913 amicitiam.

460 2942 578 2997 Duo
627 2958 754 2998 vero
803 2942 1040 2997 vicissim
1091 2942 1330 2998 dolorem
1389 2945 1719 3000 consolando
1767 2947 2033 3014 adimunt,

458 3032 636 3102 primo
660 3032 799 3099 quod
830 3032 917 3088 ille
940 3033 1173 3088 decessit
1200 3048 1231 3089 e
1260 3034 1365 3088 vita
1394 3044 1640 3102 ornatus,
1674 3035 1868 3091 deinde
1890 3012 2034 3106 quod
2062 3012 2104 3070 θ

460 3125 666 3180 amoris
694 3124 869 3196 gratia
902 3140 1157 3181 coronam
1190 3140 1219 3179 a
1254 3126 1361 3182 Deo
1392 3128 1679 3197 acceperit.

508 3336 932 3397 CCCLXXXIX.
967 3369 1038 3380 —
1076 3336 1452 3395 THEODORO
1478 3328 1991 3394 ANACHURETE.

2207 1690 2325 1744 Ὅτι
2376 1691 2475 1762 μὲν
2531 1694 2560 1745 ὁ
2618 1692 2887 1763 μακάριος
2944 1693 3208 1763 Τιμόθεος
3265 1693 3716 1764 μιμητικώτατος

2136 1784 2354 1852 ἐγένετο
2384 1785 2477 1837 καὶ
2507 1784 2954 1855 θαυμασιώτατος
2978 1784 3195 1839 ἃπασαν
3226 1785 3570 1855 ὲκμὰξασθαι
3604 1804 3717 1840 πα-

2137 1874 2500 1945 ραδείγματος
2548 1876 2771 1947 ἀρετὴν,
2821 1876 2936 1930 ίστε
2987 1876 3090 1930 κᾶν
3128 1876 3203 1947 μὴ
3237 1875 3456 1947 γράφω.
3504 1876 3627 1929 Ὀτι
3657 1876 3717 1929 δὲ

2134 1965 2355 2020 πάντων
2412 1967 2645 2037 μάλιστα
2692 1969 2824 2038 ἡμῖν
2876 1960 3290 2037 προσανέκειτο,
3331 1968 3426 2020 καὶ
3459 1965 3519 2031 ὲξ
3555 1966 3719 2036 ἡμῶν

2135 2058 2321 2127 ἠγεῖτο
2354 2055 2435 2128 (εί
2470 2058 2563 2110 καὶ
2589 2056 2665 2127 μὴ
2692 2056 2865 2120 οὓτως
2894 2051 3009 2126 εἶχε
3032 2056 3092 2110 τὸ
3122 2055 3388 2127 πρᾶγμα)
3415 2056 3515 2121 τὴν
3536 2056 3721 2126 ἀρχὴν

2135 2145 2286 2216 αὐτῷ
2309 2146 2640 2217 γεγενῆσθαι
2663 2150 2762 2218 τῆς
2795 2147 2907 2217 (‘28)
2937 2148 3031 2200 ἐπὶ
3063 2146 3123 2200 τὸ
3149 2148 3372 2216 ἄμεινον
3404 2147 3717 2217 προκοπῆς,

2136 2237 2307 2290 πολλὰ
2338 2236 2477 2307 ἔχων
2504 2239 2700 2303 εἰπεῖν,
2732 2236 3071 2307 παραλείψω,
3101 2237 3508 2308 φυλαττόμενος
3535 2236 3599 2290 τὸ
3620 2235 3721 2288 λυο

2138 2329 2312 2398 πῆσαί
2360 2345 2511 2391 τινας
2551 2329 2635 2395 ἐφ’
2668 2323 2748 2391 οἷς
2782 2327 3138 2398 σεμνύνομαι.
3191 2329 3288 2382 Ἓν
3316 2328 3373 2381 δὲ
3404 2328 3620 2397 φράσω.
3655 2319 3720 2381 οὗ

2138 2422 2335 2483 πάντες
2381 2420 2474 2473 καὶ
2517 2419 2661 2487 φίλοι
2685 2420 2778 2471 καὶ
2810 2417 2995 2488 ἐχθροὶ
3016 2419 3343 2489 τυγχάνουσι
3388 2418 3675 2490 μάρτυρες
3700 2433 3718 2448 ⁸

2136 2513 2217 2565 ὅτι
2255 2510 2506 2564 τοσοῦτον
2538 2512 2757 2581 ἥττητο,
2792 2512 2884 2563 καὶ
2916 2512 3187 2581 τοσαύτην
3222 2511 3353 2581 περὶ
3381 2512 3529 2580 ἡμᾶς
3567 2506 3719 2581 εἶχεν

2137 2601 2292 2667 αξδὼ,
2333 2601 2409 2665 ὡς
2457 2603 2507 2656 εί
2553 2605 2765 2671 αἵρεσις
2799 2601 2949 2671 αύτῷ
2980 2601 3267 2673 προετέθη,
3317 2603 3409 2654 ποῖ
3439 2599 3720 2670 βούλεται,

2138 2692 2195 2745 ἐν
2243 2693 2356 2753 τοῖς
2395 2688 2683 2760 βασιλείοις
2726 2690 3007 2760 διατρῖψαι
3054 2689 3086 2759 ἢ
3120 2689 3251 2760 παρ’
3279 2689 3426 2760 ἐμοὶ,
3455 2685 3617 2742 τοῦτο
3650 2689 3720 2743 ἂν

2138 2781 2488 2852 ἀσυγκρίτως
2535 2780 2773 2834 ἑλέσθαι.
2831 2782 2986 2834 Δυοίν
3033 2780 3213 2833 τοίνυν
3257 2780 3443 2833 ἕνεκεν
3502 2779 3720 2850 βαρέως

2139 2867 2384 2935 ἐνεγκὼν
2411 2868 2511 2939 τὴν
2539 2867 2729 2922 τούτου
2758 2868 3037 2939 τελευτὴν,
3075 2867 3193 2931 ἐνὸς
3222 2868 3343 2939 μὲν,
3368 2867 3456 2921 διὰ
3480 2868 3581 2939 τὴν
3610 2870 3714 2922 ἀν-

2140 2959 2479 3030 υπέρϐλητον
2520 2958 2743 3030 ἀρετὴν,
2795 2961 2985 3031 ἐτέρου
3021 2961 3079 3014 δὲ
3111 2959 3202 3013 διὰ
3247 2959 3345 3031 τὴν
3381 2960 3719 3031 ἀσύγκριτον

2142 3051 2345 3121 φιλίαν,
2385 3049 2490 3104 ὑπὸ
2529 3051 2674 3105 δυοῖν
2716 3049 3113 3123 ὲθεραπεύθην,
3142 3051 3238 3104 τοῦ
3266 3067 3325 3103 τε
3359 3048 3600 3113 εὐκλεῶς
3629 3051 3720 3102 ὲν-

2140 3140 2329 3195 τεῦθεν
2366 3142 2888 3213 ἀποπεφοιτηκέναι,
2916 3142 3008 3196 τοῦ
3045 3158 3105 3195 τε
3132 3141 3283 3211 παρὰ
3315 3140 3451 3194 Θεοῦ
3483 3141 3721 3209 ἐστεφα-

2118 3280 2123 3285 .
2141 3231 2367 3286 νῶσθαι.

2361 3340 2533 3395 ΤΠΘ¹.
2569 3369 2641 3380 —
2672 3339 2996 3412 ΘΕΟΔΟΣΙῼ
3039 3340 3486 3410 ΑΝΑΧΩΡΗἸᾙ.

457 3431 697 3488 Peccatis
756 3444 1021 3505 utcunque
1059 3435 1238 3505 parsis
1270 3434 1529 3505 principio
1571 3434 1906 3495 obstandum,
1942 3449 2034 3505 ηεΔ
2050 3442 2306 3499 crescant,
2332 3446 2387 3489 ut
2414 3433 2616 3489 Zosimi
2656 3446 3059 3503 ca’terorumqtte
3089 3451 3184 3505 pro
3234 3434 3422 3505 quibus
3464 3446 3721 3504 tanquam

1336 3504 1628 3572 desperatis
1654 3506 1934 3557 orandum.
1971 3501 2208 3574 (Confer.
2248 3508 2401 3573 epist.
2436 3505 2493 3570 ει,
2536 3505 2660 3570 105,
2689 3505 2837 3573 440.)

531 3614 679 3670 Satis
706 3624 792 3671 est
821 3623 966 3670 tuam
997 3614 1128 3670 mihi
1178 3614 1463 3671 testiﬁcari
1518 3615 1867 3670 sanctitatem
1927 3629 2034 3669 non

2223 3616 2411 3688 Ἀρκεῖ
2437 3615 2616 3681 τοῦτο,
2669 3616 2729 3670 τὸ
2765 3615 3113 3687 μαρτυρῆσαί
3154 3633 3242 3686 μοι
3279 3615 3378 3687 τὴν
3410 3615 3509 3687 σὴν
3544 3614 3724 3682 ἁγιωο

458 3720 579 3761 esse
609 3721 818 3761 morum
838 3706 1128 3775 quamdam
1158 3705 1665 3775 insolentiant,quat
1695 3707 1766 3761 ob
1794 3720 1880 3760 res
1911 3720 2034 3775 pars

2141 3707 2327 3777 σύνην,
2373 3708 2455 3761 ὅτι
2499 3710 2601 3762 οὐκ
2648 3704 2716 3780 ἦν
2772 3707 3033 3779 δυσκολία
3082 3708 3297 3778 τρόπων
3356 3709 3451 3762 ἐπὶ
3497 3709 3725 3778 μικροῖς

457 3797 510 3849 vi
546 3795 807 3851 momenti
844 3799 1132 3862 irascatur,
1161 3796 1254 3851 sed
1283 3803 1660 3864 corruptorum
1693 3796 2035 3865 negatiorum

2138 3797 2438 3866 ποιουμένη
2492 3795 2592 3865 τὴν
2638 3794 2829 3865 ὀργὴν,
2885 3796 3003 3848 ἀλλ’
3054 3795 3319 3866 ἐμπειρία
3371 3794 3725 3866 πραγμάτων

457 3886 916 3956 experimentum,
960 3894 1016 3941 et
1043 3886 1109 3941 ad
1137 3887 1379 3942 deterius
1410 3886 1731 3953 labentium,
1785 3886 1889 3941 nisi
1916 3900 2036 3955 quat

2136 3887 2574 3959 διεφθαρμένων,
2606 3889 2698 3941 καὶ
2731 3887 2825 3940 ὲπί
2859 3903 2920 3956 γε
2951 3887 3011 3940 τὸ
3044 3891 3226 3959 χεῖρον
3258 3885 3516 3959 ἡξόντων,
3560 3887 3610 3939 εί
3644 3886 3723 3957 μή

457 3975 747 4046 prohibeat
786 3977 1110 4032 necessitas.
1138 3976 1428 4033 Ostensnm
1463 3978 1607 4032 enim
1635 4017 1650 4041 ,
1685 3986 1744 4031 ut
1773 3978 1854 4032 ais
1876 4019 1892 4044 ,
1926 3978 2036 4034 Eu-

2140 3995 2226 4042 τις
2255 3979 2469 4048 ἀνάγκη
2493 3978 2817 4032 κωλύσειεν·
2844 3978 3011 4044 ἔδειξε
3036 3980 3165 4047 γὰρ,
3194 3978 3270 4041 ὡς
3294 3977 3451 4048 ἔφης,
3488 3977 3546 4029 τὸ
3576 3979 3725 4048 πρί-

458 4067 687 4135 statbio,
724 4056 965 4132 Zosimo,
987 4076 1044 4123 et
1077 4067 1283 4122 Maroni
1317 4067 1648 4123 successisse
1692 4082 1759 4122 ex
1792 4079 1917 4123 voto
1945 4069 2036 4124 de-

2142 4088 2280 4141 γμα,
2306 4069 2425 4133 πῶς
2450 4069 2753 4139 Εύσταθίῳ,
2788 4069 2881 4123 καὶ
2920 4069 3174 4141 Ζωσίμῳ,
3225 4070 3321 4122 καὶ
3344 4070 3571 4139 Μάρωνι
3620 4070 3724 4121 ἑπ-

459 4159 715 4213 mentiam
751 4158 1066 4214 deliciarum
1098 4174 1163 4213 ac
1197 4157 1459 4213 libidinis.
1484 4155 1683 4214 (Estro
1698 4159 1841 4213 enim
1866 4173 1930 4215 ac
1951 4160 2034 4214 l'u-

2142 4159 2457 4233 ηυξήθησαν
2499 4163 2554 4214 σί
2608 4162 2736 4232 περὶ
2770 4162 2870 4230 τὴν
2901 4161 3112 4232 τρυφὴν
3154 4160 3246 4213 καὶ
3285 4159 3384 4230 τὴν
3429 4158 3724 4226 ἀσέλγειαν

461 4265 588 4305 rore
621 4249 827 4306 incitati
849 4291 865 4320 ,
897 4250 1286 4321 propemodum
1313 4259 1602 4305 centauros
1652 4250 2035 4306 obscurarunt.

2144 4212 2354 4321 ᾇαᾷἰαιῖ
2387 4212 2733 4321 οισερῶντὲξ
2759 4212 2868 4322 γδίρ
2897 4212 2992 4304 ,ὼ
3019 4212 3351 4316 ὶᾲττῶντεςξ
3371 4212 3723 4321 μικροέτοδξ

459 4340 578 4397 Non
613 4341 798 4411 itaque
840 4341 1081 4398 cessabis
1115 4355 1211 4397 eos
1252 4340 1575 4410 deplorare:
1607 4340 1692 4396 sin
1739 4341 2035 4410 gratiﬁcari

2141 4341 2475 4412 κενταύρους
2517 4341 2864 4410 ἀπέκρυψαν.
2914 4340 3176 4395 Λείπεται
3222 4337 3316 4394 οὖν
3360 4340 3534 4405 οὐδὲν,
3568 4340 3604 4411 ἢ
3658 4341 3725 4394 τὸ

461 4432 625 4488 etiam
660 4431 761 4503 vis,
795 4431 1048 4504 precibus
1078 4430 1199 4488 illos
1219 4428 1437 4500 iuvans,
1466 4440 1614 4486 recte
1647 4428 1867 4486 feceris.

2141 4431 2502 4501 καταθρηνεῖν
2542 4430 2768 4495 αύτούς·
2801 4433 2850 4484 εί
2896 4431 2955 4485 δὲ
2985 4432 3082 4484 καὶ
3114 4431 3366 4502 χαρίσαιο
3396 4431 3581 4494 αὐτοῖς
3617 4429 3723 4493 τὰς

2144 4521 2342 4576 σαυτοῦ
2371 4523 2556 4593 εὐχὰς,
2590 4518 2719 4590 εὖγε
2748 4522 3051 4591 ποιήσειας.

955 4631 1202 4690 CCCXC.
1226 4661 1296 4671 —
1322 4628 1573 4687 PAULO.

2669 4630 2785 4696 Τιιο.
2824 4657 2896 4670 -
2930 4629 3181 4698 ΠΑΥΛῼ.

1480 4740 1659 4812 ,ιηοτί
1691 4749 2037 4812 contemptus,
2067 4741 2302 4809 bonaque
2335 4740 2675 4795 existimatio.

529 4851 665 4909 Novi
697 4867 798 4925 ego
817 4856 1100 4926 quosdam,
1128 4852 1357 4911 forsitan
1385 4862 1441 4910 et
1468 4862 1544 4918 tn,
1570 4853 1661 4923 qui
1687 4852 1866 4909 oblata
1897 4868 2036 4922 pra:-

459 4945 570 5001 mia
596 4945 887 5003 honoraria
915 4961 1020 5003 non
1047 4947 1348 5005 admisere:
1373 4961 1480 5003 non
1506 4946 1649 5016 quod
1678 4945 1886 5001 lucrum
1910 4959 2035 5001 eon-

2212 4850 2345 4910 Οἷδά
2372 4872 2543 4918 τινας,
2580 4854 2709 4917 ἴσως
2737 4848 2794 4905 at
2837 4849 2935 4904 καὶ
2968 4848 3151 4914 αὐτὸς,
3186 4848 3257 4902 τὰ
3285 4848 3539 4918 διδόμενα
3578 4848 3725 4920 γέρα

2144 4947 2221 5018 μὴ
2270 4944 2694 5018 προσιεμένους·
2743 4942 2805 4998 ού
2850 4940 2930 5013 τῷ
2972 4920 3253 5013 κρείττδυς
3317 4935 3457 4995 εἶναι
3510 4940 3724 5012 κερδῶν

1591 5121 1828 5179 VABIA'J
1867 5120 2253 5180 LECTIONES
2284 5120 2372 5177 ET
2403 5121 2635 5179 NOTAE.

538 5280 652 5350 (27)
688 5276 827 5335 Tres
851 5290 975 5334 esse
1008 5276 1243 5350 docetin
1267 5276 1537 5350 Alcibiade
1558 5277 1732 5350 priore
1761 5275 1917 5350 Plato
1940 5276 2040 5331 hu-
2148 5288 2350 5350 septem
2378 5277 2603 5350 Graecia;
2628 5278 2954 5350 sapientum
2993 5271 3424 5350 sapientissittlul
3450 5267 3722 5350 Apollinis

462 5338 645 5403 manu;
665 5358 869 5428 natura;
895 5357 1075 5428 pestes
1116 5347 1533 5428 :Jignorontiatn,
1554 5338 1949 5428 :uegligeutt'am,
1979 5353 2034 5428 tet
2142 5338 2363 5427 oraculo
2387 5357 2491 5428 “est
2515 5338 2756 5428 habitus.
2780 5347 2922 5415 quod
2950 5338 3111 5398 unum
3151 5355 3212 5396 se
3244 5340 3385 5394 scire
3411 5338 3555 5408 quod
3580 5338 3717 5390 nihil

462 5418 857 5485 arrogantiam;
897 5414 1216 5485 ignorantiae
1262 5428 1417 5485 vero_
1443 5414 1641 5485 duplex
1680 5414 1852 5485 genus
1887 5427 2029 5485 esse,
2140 5420 2324 5477 sciret,
2349 5414 2659 5471 aliirmaret.
2698 5414 2935 5469 Sena".

467 5472 774 5556 eteisi'jtttarc
801 5472 862 5539 ea
908 5472 1070 5556 nosse
1106 5497 1229 5552 quat
1273 5472 1612 5541 nescias,'de
1648 5472 1757 5556 quo
1782 5472 2035 5556 ltocloeo
2190 5472 2330 5556 (28)
2363 5486 2473 5555 Τῆς
2496 5497 2621 5541 ante
2644 5485 2735 5538 ἐπὶ
2766 5493 2976 5541 mutant
3010 5482 3061 5538 in
3081 5480 3183 5551 τὴν
3209 5478 3364 5536 codd.
3392 5475 3510 5531 Vat.
3534 5472 3642 5530 650
3664 5483 3719 5529 et

465 5553 577 5621 agit
598 5554 869 5621 Isidorus;
899 5550 1140 5609 alterum
1158 5562 1450 5621 agnoscere
1481 5557 1625 5621 tuam
1648 5550 2031 5621 ignorantiam,
2139 5550 2245 5610 Alt'.
2280 5550 2484 5611 Possis.

466 5615 529 5673 εἰ
541 5623 837 5690 peritorum
856 5615 992 5680 'lidei
1026 5632 1077 5679 te
1122 5615 1480 5676 committere.
1518 5616 1655 5674 Hinc
1671 5615 1745 5675 'et
1780 5616 2034 5675 Socrates
