4070 6408
297 351 429 421 1561

1133 357 1666 420 EPISTOLARUM
1703 356 1851 415 LIB.
1893 357 1958 418 ν.
1997 381 2068 392 -·
2104 356 2340 418 EPIST.
2368 348 2705 422 δρακεῖν.

3431 357 3563 422 15ῦ2

301 471 503 542 (πάσης
528 471 636 542 γὰρ
657 464 876 544 ἀνῆσαν
907 471 1260 544 ἀναρρήσεως
1283 469 1470 543 ἄξιοι),
1493 469 1628 524 ἀλλά
1655 467 1732 538 τῷ
1757 483 1875 536 μει-
1903 475 1944 529 Α

2001 460 2282 524 e'mnerent
2313 469 2525 540 (quovis
2555 471 2696 525 enim
2727 473 2998 542 praeconio
3023 473 3168 544 digni
3203 471 3419 543 erant),
3469 473 3564 528 sed
3651 523 3666 535 ,

300 561 472 627 ζόνων
503 561 782 630 ἐφίεσθαι·
842 561 1040 624 οἵτινες
1069 561 1163 614 καὶ
1206 559 1364 624 δόξαν
1394 557 1714 628 σκαιότητος
1751 573 1883 626 κερ-

299 653 562 717 δαίνουσι,
597 650 698 720 τῆς
729 650 902 715 ὅντως
923 650 1175 713 εὐκλείας
1205 649 1590 720 γυμνούμενοι.
1617 647 1739 716 Χρὴ
1767 644 1881 698 τοί-

302 760 398 797 νυν
431 743 666 813 μάλιστα
697 741 796 813 μὲν
825 741 1142 810 κρείττονας
1179 735 1320 794 εἶναι
1349 739 1558 811 κερδῶν
1578 755 1593 770 ο
1623 739 1672 791 εἰ
1699 737 1757 790 δὲ
1779 737 1877 808 μὴ,

298 832 523 905 ἀγαπᾷν
567 832 630 885 τδ
676 830 894 904 μέτριον
917 847 930 861 ⁸
968 830 1055 884 ἵνα
1104 829 1180 901 μὴ
1209 829 1271 884 τὺ
1298 829 1436 899 ὑπὲρ
1465 829 1566 899 τὴν
1595 827 1752 895 ἀξίαν
1783 826 1882 896 ζη-

300 923 540 986 τοῦντες,
571 921 668 978 καὶ
700 921 794 978 τοῦ
829 922 951 976 κατ’
987 919 1146 986 ἀξίαν
1177 919 1522 988 ἐκπέσωμεν,
1564 918 1658 972 καὶ
1693 917 1880 970 σκαιόδ

1985 568 2044 609 ιιι
2075 555 2386 627 acciperem
2417 561 2618 630 majora
2643 601 2660 627 ,
2691 562 2794 616 hac
2824 563 3032 618 ratione
3064 561 3339 618 sinistram
3377 561 3556 631 adepti

1983 644 2208 710 famam,
2235 657 2290 701 et
2314 662 2436 702 vera
2464 649 2678 717 privati.
2707 651 2872 722 677
2904 651 3068 708 Decet
3095 653 3276 723 itaque
3329 653 3564 708 maxime

1982 735 2119 790 lucri
2162 743 2570 806 contemptores
2601 755 2720 795 esse
2750 758 2764 794 :
2819 743 2900 796 sln
2949 756 3107 798 secus
3128 782 3144 806 ,
3183 743 3402 797 modum
3431 757 3562 798 con-

1981 828 2129 882 venit
2158 843 2400 898 servare,
2437 849 2506 888 ne
2533 832 2661 901 quid
2708 847 2870 901 supra
2904 832 3220 902 dignitatem
3247 831 3564 888 aliectantes

1985 925 2042 969 et
2056 917 2234 987 dignis
2250 921 2563 976 excidamus
2579 928 2634 976 et
2655 921 2930 974 sinistram
2952 935 3204 990 paremus
3218 921 3524 991 opinionem
3544 938 3562 986 ;

305 1030 470 1084 τητος
495 1011 653 1077 δόξαν
685 1011 972 1082 σχοίημεν,
1001 1010 1104 1065 οὐκ
1133 1010 1227 1063 ἐπὶ
1249 1008 1327 1080 τῷ
1362 1008 1550 1062 λαϐεῖν
1579 1025 1633 1062 τι
1678 1006 1881 1076 ἀγαθὸν

1999 1020 2093 1060 non
2127 1007 2378 1066 laudandi
2419 1011 2566 1081 quod
2623 1012 2748 1066 boni
2791 1009 2994 1080 aliquid
3033 1013 3434 1082 acceperimus,
3469 1011 3563 1066 sed

303 1102 800 1175 ἐγκωμιαζόμενοι,
831 1101 946 1158 ἀλλ’
993 1103 1088 1156 ἐπὶ
1134 1099 1216 1172 τῷ
1249 1099 1576 1172 προσλαϐεῖν
1621 1116 1676 1153 τι
1715 1098 1884 1153 κακὸν

1999 1099 2129 1166 quod
2165 1101 2296 1158 mali
2331 1104 2459 1172 quid
2491 1104 2654 1160 nacti.
2676 1103 2872 1168 simus,
2907 1105 3268 1174 vituperandi.

306 1191 749 1264 sttojupooﬁpsvm.

833 1279 997 1346 τιιΑν.
1027 1307 1101 1320 -
1128 1275 1358 1348 Nemo.

2470 1283 2740 1342 CCCXCI.
2772 1313 2846 1330 -
2879 1283 3064 1340 NILO.

308 1369 380 1426 In
409 1372 569 1424 nimio
597 1370 778 1425 dolore
820 1383 957 1439 sape
980 1378 1167 1438 stupor
1193 1378 1240 1423 et
1267 1367 1532 1422 silentium
1555 1365 1776 1421 obvenit.
1809 1365 2089 1438 Obstupui,
2114 1381 2471 1445 steteruntque
2502 1391 2686 1442 comm,
2720 1385 2766 1430 et
2798 1390 2900 1430 vox
2929 1373 3170 1444 faucibus
3189 1372 3358 1428 Iuesit.
3388 1370 3540 1442 Virg.

380 1461 447 1514 0i
492 1461 590 1531 μὲν
627 1459 865 1531 μετρίως
898 1457 1230 1530 λυπούμενοι
1259 1457 1355 1510 καὶ
1381 1455 1640 1526 δακρύειν
1673 1455 1888 1527 ίσχύου-

309 1569 425 1607 σιν·
455 1553 505 1605 οί
531 1551 588 1605 δὲ
623 1550 1123 1621 καταπληττόμενοι
1153 1549 1246 1602 ἐπὶ
1271 1551 1393 1610 ταῖς
1426 1546 1716 1618 μεγίσταις
1753 1563 1888 1616 συμ-

306 1645 524 1714 φοραῖς,
571 1641 691 1695 οὑδὲ
743 1639 1012 1712 δακρύσαι
1063 1636 1340 1702 δύνανται,
1399 1638 1464 1707 τῇ
1524 1633 1620 1688 τοῦ
1679 1633 1888 1698 πάθους

2066 1460 2167 1526 Qui
2193 1463 2470 1519 moderate
2500 1465 2704 1528 dolent,
2734 1463 3024 1534 lacrymari
3069 1461 3238 1518 etiam
3284 1471 3512 1532 possunt
3548 1477 3562 1514 :

1994 1551 2086 1620 qui
2118 1567 2244 1608 vero
2265 1553 2467 1624 ingenti
2501 1554 2810 1608 calamitate
2842 1553 3099 1622 perculsi,
3159 1567 3228 1608 ne
3277 1552 3569 1624 lacrymari

1995 1641 2216 1710 quidem
2242 1652 2464 1712 queunt,
2499 1642 2700 1698 doloris
2729 1641 2858 1697 victi
2883 1640 3281 1711 magnitudine,
3311 1647 3368 1695 et
3409 1639 3570 1708 quid-

306 1732 588 1804 ὑπερϐολῇ
643 1729 968 1794 ἐαλωκότες,
1021 1727 1117 1782 καὶ
1144 1728 1252 1781 πᾶν
1285 1728 1410 1780 ὅσον
1453 1721 1596 1795 εἶχον
1623 1725 1788 1796 ὑγρὸν
1819 1727 1886 1797 τῇ

1999 1731 2122 1801 quid
2150 1734 2289 1788 inest
2308 1734 2512 1788 humidi
2537 1733 2701 1804 ignita
2727 1732 2777 1787 vi
2804 1739 3180 1786 consumente.
3207 1727 3366 1784 Vultu
3391 1728 3572 1796 itaque

304 1823 404 1878 τοῦ
448 1821 623 1894 πυρὸς
661 1821 814 1890 ἀκμῇ
852 1819 1284 1888 δαπανήσαντες.
1329 1817 1574 1887 Ἀχανεῖς
1619 1815 1750 1884 γοῦν
1795 1817 1890 1870 καὶ
1925 1807 1944 1862 Ι

1999 1822 2206 1876 attoniti
2258 1837 2322 1878 ac
2349 1823 2584 1891 perculsi
2643 1835 2897 1886 maerore,
2943 1833 3117 1890 neque
3159 1833 3352 1873 vocem
3398 1831 3572 1887 neque

305 1913 578 1982 κατηφεῖς
603 1911 738 1964 sior
764 1908 903 1980 μήτε
933 1907 1110 1974 λόγον,
1145 1908 1284 1977 μήτε
1311 1904 1522 1976 δάκρυα
1549 1903 1886 1976 προϊέμενοι,

1997 1911 2262 1983 lacrymas
2281 1913 2557 1978 emittunt,
2581 1911 2870 1980 vultusque
2915 1910 3138 1965 tristitia
3161 1909 3326 1962 animi
3364 1922 3474 1976 prae
3514 1921 3574 1962 se

303 2005 376 2074 τῇ
406 2001 467 2056 δὲ
510 1999 610 2055 τοῦ
658 1996 952 2072 προσώπου
1007 1996 1330 2066 στυγνότητι
1381 1993 1739 2066 ἐμφαίνοντες
1791 1995 1890 2065 τῆς

1999 2001 2178 2058 ferunt
2203 2003 2494 2056 tristitiam.
2515 2002 2627 2056 Hoc
2643 2002 2748 2056 illis
2771 2002 3197 2068 inexspectatum
3221 1999 3568 2066 subitumque

304 2090 490 2162 ψυχῆς
525 2089 628 2156 τὴν
675 2087 1032 2141 κατάστασιν.
1080 2083 1250 2138 Τοῦτο
1285 2081 1343 2136 δὲ
1391 2083 1577 2146 αὐτοῖς
1609 2082 1784 2136 τίκτει
1832 2082 1894 2136 τὸ

1999 2092 2158 2160 gignit
2197 2093 2416 2147 malmn.
2452 2091 2604 2158 Quod
2639 2092 2784 2145 enim
2827 2103 2932 2144 non
2975 2088 3125 2158 prius
3162 2088 3344 2142 animo
3371 2087 3555 2156 provi-

303 2182 594 2252 ἀδόκητον*
631 2179 694 2232 τὸ
725 2177 834 2249 γὰρ
861 2177 936 2248 μὴ
978 2175 1147 2230 πάλαι
1195 2173 1486 2246 μλετηθέν
1509 2172 1588 2244 τῷ
1621 2171 1890 2246 λογισμῷ,

304 2273 391 2346 τῷ
420 2272 634 2344 ἀθρόως
660 2267 1006 2340 συμϐαίνειν,
1036 2265 1334 2336 ἐξίστησιν.

611 2357 776 2428 ΤῑιΒ’.
807 2385 880 2398 --
914 2357 1215 2428 ΕΥΤΟΝΙᾨ
1252 2355 1581 2424 ΔΙΔΚΟΝῼ.

1991 2196 2115 2238 sum
2147 2181 2239 2249 sit,
2278 2183 2402 2238 hinc
2427 2184 2626 2239 mentis
2653 2182 2868 2252 copiosa
2901 2179 3144 2235 nascitur
3161 2177 3440 2232 alienatio.

2229 2358 2532 2416 CCCXC“.
2568 2387 2640 2403 -ο
2671 2358 2977 2416 EUTONIO
3011 2357 3336 2414 DlACONO.

333 2457 337 2460 ’
377 2449 550 2506 Bonis
575 2463 786 2520 propter
829 2446 1189 2516 improborum
1217 2446 1468 2500 invidiam
1491 2443 1699 2498 uirtutis
1737 2444 1970 2501 studium
2011 2437 2113 2504 non
2147 2448 2513 2508 deserendum.
2555 2449 2730 2504 Virtus
2771 2449 2944 2503 claros
2978 2457 3300 2518 wternosque
3333 2445 3504 2516 efﬁcit.

377 2542 448 2596 Εί
479 2539 575 2594 καὶ
606 2537 778 2608 πολλὴ
799 2536 897 2591 καὶ
923 2534 1263 2598 πολύπλοκος
1283 2535 1384 2604 τῆς
1412 2532 1612 2594 κακίας
1632 2535 1666 2604 ἡ
1694 2549 1896 2587 σκαιω·

307 2631 428 2707 ρία,
452 2629 592 2684 ἀλλά
613 2631 678 2684 σὺ
701 2624 776 2700 ’τῇ
801 2629 972 2700 ἀρετῇ
995 2625 1201 2696 ταύτην
1223 2622 1626 2694 καταγωνίζου.
1669 2624 1895 2694 Ἐπειδὴ

306 2722 426 2792 γὰρ
456 2719 658 2788 ἀρετῆς
689 2717 788 2788 μὲν
816 2715 1198 2786 λαμπρότερον
1225 2714 1398 2780 οὐδὲν,
1427 2713 1629 2778 κακίας
1657 2713 1716 2766 δέ
1745 2713 1900 2768 οὐδὲν

307 2811 740 2882 ζοφωδὲστερον,
792 2807 980 2862 πολλοὶ
1025 2805 1288 2870 πολλάκις
1343 2805 1451 2858 τῶν
1503 2805 1643 2874 μήτε
1693 2805 1892 2871 εἰπεῖν,

311 2905 456 2976 μήτε
489 2900 696 2970 πρᾶξαί
721 2916 775 2955 τι
810 2897 1064 2969 λαμπρὸν
1109 2895 1470 2966 βουλομένων,
1503 2895 1738 2965 ὁρῶντες
1765 2897 1895 2948 ἐαυ-

2070 2540 2184 2594 Etsi
2223 2540 2408 2595 varius
2431 2549 2514 2596 est
2537 2550 2700 2610 atque
2742 2539 3040 2608 implicitus
3085 2535 3448 2606 improbitatis
3477 2535 3578 2590 do-

1997 2631 2110 2696 lus,
2145 2643 2268 2683 eum
2294 2637 2349 2684 tu
2383 2631 2586 2684 virtute
2611 2643 2880 2700 expugna.
2909 2627 3172 2695 Quoniam
3196 2626 3340 2681 enim
3370 2627 3574 2680 virtute

2001 2716 2140 2772 nihil
2197 2727 2280 2774 est
2335 2717 2624 2782 illustrius,
2673 2718 2874 2772 malitia
2901 2731 3032 2772 vero
3080 2715 3214 2770 nihil
3255 2715 3564 2780 obscurius,

2003 2809 2158 2863 multi
2189 2823 2562 2878 saepenumero
2606 2809 2698 2878 qui
2735 2822 2913 2878 neque
2945 2808 3126 2864 dicere
3170 2821 3345 2875 neque
3387 2805 3568 2862 facere

2009 2897 2285 2968 quidpiam
2337 2899 2581 2968 praeclari
2611 2899 2820 2964 volunt,
2862 2913 3014 2954 suam
3061 2897 3470 2965 turpitudinem,
3523 2907 3582 2951 et

305 2973 424 3049 τῶν
475 2991 572 3062 μὲν
617 2990 717 3061 τὴν
765 2987 1120 3058 αἰσχρότητα,
1175 2986 1286 3039 τῶν
1341 2984 1400 3039 δὲ
1440 2985 1750 3056 φιλαρέτων
1795 2973 1944 3054 τὴν(

2003 2989 2295 3058 proborum
2338 2991 2723 3046 claritudinem
2772 2991 3042 3054 videntes,
3073 2990 3310 3058 aliquem
3347 2989 3578 3059 eligunt,

306 3082 712 3157 λαμπρότηταο
763 3078 1122 3149 ἐκλεξάμενοι
1167 3095 1294 3131 τινα
1332 3077 1442 3131 τῶν
1475 3077 1642 3149 μηδὲν
1672 3077 1900 3146 ἀγαθὸν,

313 3177 458 3248 μήτε
485 3175 678 3237 εἰπεῖν,
713 3171 850 3243 μήτε
895 3170 1123 3241 ποιῆσαι
1152 3168 1580 3241 προῃρημένων,
1615 3168 1900 3240 ἐπαίρουσι

309 3266 414 3320 καὶ
449 3263 822 3334 θαυμάζουσιν
864 3260 1005 3330 ὑπὲρ
1033 3259 1134 3330 τὴν
1175 3259 1354 3324 ἀξίαν,
1378 3260 1428 3312 oi
1461 3259 1561 3330 μὲν
1586 3259 1822 3330 ἀμαθίᾳ,
1849 3257 1900 3312 οί

306 3357 370 3412 δὲ
403 3355 672 3428 βασκανίᾳ
693 3353 853 3407 τοῦτο
896 3351 1158 3424 δρῶντες,
1197 3351 1283 3404 ἵνα
1311 3350 1413 3420 τὴν
1441 3349 1598 3417 δόξαν
1631 3349 1898 3404 καθέλωσι

308 3442 426 3498 τῶν
457 3441 786 3512 φιλοπόνων,
817 3439 916 3510 οὐχ
947 3437 1035 3492 ῖνα
1063 3437 1280 3502 δείξωσι
1310 3437 1624 3508 θαυμαστὸν
1652 3439 1780 3492 ὄντα
1805 3437 1899 3491 τὸν

315 3533 400 3606 μὴ
427 3533 559 3587 ὄντα
585 3531 850 3586 τοιοῦτον.
897 3529 1058 3584 Ἀλλά
1096 3530 1190 3584 τὸν
1218 3529 1502 3583 σπουδαῖον
1527 3529 1764 3598 μάλιστα
1798 3527 1899 3597 μὲν

307 3623 414 3681 καὶ
455 3623 700 3678 ἐπαίνων
728 3618 867 3676 εῖναι
913 3621 1205 3693 κρείττονα
1250 3622 1386 3693 χρή·
1419 3621 1469 3674 εί
1500 3619 1558 3674 δέ
1605 3622 1698 3674 καὶ
1723 3619 1896 3692 διψῴη

307 3709 546 3774 τούτων,
599 3710 830 3781 συνορᾷν
875 3708 970 3762 τὸν
1001 3708 1174 3773 δόλον,
1223 3708 1305 3761 ὃτι
1351 3709 1552 3761 ἐκεῖνοι
1599 3707 1632 3779 ἢ
1665 3708 1897 3777 ἐκκόψαι

311 3799 470 3871 αὐτῷ
514 3799 606 3852 τδν
647 3800 728 3864 είς
757 3798 858 3870 τὴν
907 3798 1113 3869 ἀρετὴν
1144 3796 1345 3868 δρόμον
1383 3797 1715 3869 βουλόμενοι,
1746 3797 1897 3868 ἢλυο

310 3886 818 3960 πῆσαι,.ἐπζινεσαν
854 3887 947 3942 τὸν
990 3886 1335 3960 κακηγορίας
1385 3886 1556 3952 ἀξιον.
1609 3887 1720 3940 Καὶ
1769 3889 1898 3951 τοὺς

315 3981 424 4053 μὲν
444 3979 514 4034 δι’
535 3979 774 4051 ἀμαθίαν
797 3978 958 4034 τοῦτο
988 3978 1298 4046 ποιοῦντας,
1331 3977 1663 4048 συγγνώμης
1689 3978 1894 4044 ἀξιοῦν’

311 4073 447 4137 τοὺς
475 4071 532 4126 δέ
559 4070 648 4126 διά
689 4071 906 4140 φθόνον,
941 4069 1162 4143 θρηνεῖν
1183 4086 1198 4102 ·
1227 4072 1311 4125 ὅτι
1345 4069 1601 4124 τοσοῦτον
1629 4070 1898 4138 ἀπέχουσι
1933 4117 1941 4123 .

309 4161 414 4217 τοῦ
457 4161 665 4230 πρᾶξαί
706 4178 762 4215 τι
812 4159 1003 4226 καλὸν,
1051 4161 1135 4216 ὅτι
1182 4161 1302 4215 οὐδὲ
1337 4160 1475 4233 πρὸς
1524 4161 1618 4214 τὸν
1645 4161 1901 4230 ἐνάρετον

313 4251 664 4308 σπένδονται.

565 4339 728 4409 Tu".
763 4371 833 4383 —
863 4341 1118 4412 ΖΩΣΙΜῼ
1154 4339 1630 4408 ΠΡΕΣΒΥΤΕΡῼ.

2005 3095 2107 3136 nec
2143 3083 2534 3150 benedicendi,
2583 3098 2684 3138 nec
2715 3081 2945 3138 faciendi
2985 3081 3274 3151 cupidum,
3347 3092 3582 3147 eumque

2005 3187 2170 3241 supra
2206 3175 2398 3228 merita
2435 3174 2699 3229 extollunt
2747 3182 2803 3228 et
2849 3173 3209 3238 admirantur,
3265 3171 3320 3224 bi
3357 3170 3581 3239 quidem

2003 3275 2102 3331 per
2136 3261 2460 3331 imperitiam
2490 3264 2592 3319 hoc
2609 3263 2889 3328 facientes,
2915 3261 2991 3317 illi
3015 3277 3144 3316 vero
3175 3275 3271 3330 per
3297 3259 3578 3324 invidiam,

2006 3366 2062 3408 ut
2095 3353 2320 3422 gloriam
2356 3355 2646 3424 at-qnirant
2685 3352 2882 3408 laboris
2916 3366 2980 3406 ac
3019 3351 3335 3421 diligentiae,
3379 3363 3486 3402 non
3521 3357 3580 3402 ut

2003 3443 2360 3498 admiratione
2379 3445 2596 3512 dignum
2618 3456 2740 3498 esse
2757 3443 3202 3505 ostendanteum,
3219 3439 3310 3510 qui
3329 3438 3448 3493 talis
3471 3451 3577 3493 non

2003 3533 2077 3588 sit
2101 3549 2114 3586 :
2149 3533 2241 3588 sed
2267 3533 2492 3604 probum
2524 3532 2850 3602 virtutisque
2881 3532 3177 3587 studiosum
3206 3529 3453 3584 laudibus
3477 3542 3576 3598 po-

2005 3623 2270 3678 tissimum
2299 3639 2420 3679 esse
2436 3625 2696 3694 majorem
2725 3633 2960 3692 oportet,
2989 3623 3033 3678 si
3055 3636 3184 3676 vero
3211 3620 3398 3675 laudes
3412 3619 3576 3674 etiam

2003 3714 2173 3778 sitiat,
2197 3713 2393 3768 intueri
2418 3713 2597 3768 dolum
2625 3720 2857 3782 oportet,
2881 3711 3022 3782 quod
3042 3711 3120 3765 illi
3145 3721 3239 3766 aut
3274 3710 3570 3766 interrum-

2005 3820 2132 3874 pere
2144 3820 2362 3860 cursum
2379 3805 2446 3861 ad
2461 3807 2734 3869 virtutem,
2753 3816 2848 3860 aut
2864 3805 3101 3861 dolorem
3119 3803 3321 3860 inferre
3337 3803 3578 3859 volentes

2006 3895 2400 3963 vituperatione
2433 3895 2653 3966 dignum
2684 3896 2976 3950 laudarim.
3005 3893 3072 3950 Et
3093 3896 3308 3964 quidem
3340 3894 3430 3966 qui
3473 3908 3572 3964 per

2004 3983 2330 4060 imperitiam
2352 3984 2405 4039 id
2443 3983 2668 4050 faciunt,
2701 3986 2860 4042 venia
2890 3987 3084 4056 dignos
3107 3986 3448 4052 existimem;
3484 3983 3578 4054 q'ni

2004 4088 2133 4128 vero
2159 4087 2258 4144 per
2283 4074 2540 4131 invidiam
2569 4075 2622 4129 id
2646 4075 2994 4132 committunt
3025 4075 3307 4146 deplorare
3343 4084 3580 4146 oportet,

2003 4162 2148 4231 quod
2177 4172 2384 4217 tantum
2411 4177 2442 4218 a
2471 4165 2611 4219 bene
2643 4165 2850 4234 agendo
2895 4165 3187 4244 abstinent,
3243 4173 3302 4218 ut
3322 4177 3497 4234 neque
3525 4163 3580 4217 hi

2005 4267 2127 4306 cum
2153 4253 2354 4308 virtute
2380 4255 2604 4324 praedito
2626 4253 2804 4308 {trdus
2827 4255 3044 4309 ineant.‘

2172 4341 2484 4398 CCCXClll.
2531 4373 2602 4385 —
2633 4343 2888 4398 ZOSIMO
2935 4342 3416 4399 PRESBYTERO.

427 4432 683 4490 Simonide
710 4432 1210 4502 nundinationisque
1243 4431 1616 4499 beneﬁciorum
1649 4439 1886 4496 accusat,
1919 4441 1974 4486 ut
2004 4431 2144 4486 alios
2187 4449 2348 4500 serpe,
2383 4433 2476 4488 lib.
2511 4449 2550 4499 ι,
2581 4444 2630 4490 et
2659 4435 2754 4490 lib.
2785 4451 2874 4499 Ill,
2908 4445 2956 4489 et
2979 4451 3096 4503 sup.
3137 4436 3292 4502 epist.
3329 4433 3399 4488 27
3415 4433 3471 4488 6.

386 4521 560 4592 Δῆλος
595 4521 693 4592 μὲν
714 4517 784 4594 ἧς
811 4521 1048 4575 ἔκπαλαι
1085 4521 1186 4591 τὴν
1215 4518 1516 4590 ἱερωσύνην
1545 4518 1648 4572 οὐκ
1675 4519 1893 4588 εὐαγῶς

315 4610 635 4684 κτώμενος*
663 4613 725 4666 οὐ
759 4612 870 4684 γὰρ
903 4612 994 4666 διὰ
1027 4612 1304 4673 πολιτείας
1338 4611 1570 4681 ἀρίστης
1595 4612 1898 4682 κτήσασθαι

315 4702 614 4768 ἐδικαίους,
659 4702 797 4758 ἀλλά
829 4705 1106 4773 χρήμασιν
1142 4700 1460 4772 ὠνήσασθαι
1493 4700 1896 4772 ώνειροπόλεις.

311 4791 489 4862 Δῆλος
530 4791 590 4846 δὲ
617 4787 669 4847 εἴ
687 4793 782 4846 καὶ
807 4791 899 4844 νῦν
926 4791 1026 4860 τὴν
1049 4789 1342 4860 ἐπιθυμίαν
1362 4791 1441 4853 είς
1471 4788 1628 4860 ἔργον
1648 4790 1893 4860 ἀγαγὼν,

310 4881 499 4939 καίτοι
549 4883 632 4947 είς
675 4881 888 4951 δυσμὰς
943 4879 1020 4934 ὣν
1057 4879 1244 4934 λοιπὸν
1269 4878 1366 4932 τοῦ
1395 4878 1532 4948 βίου.
1567 4879 1666 4944 Τίς
1691 4877 1790 4936 οὖν
1820 4898 1904 4936 σοι

313 4970 624 5044 συγγνώμη
648 4970 976 5042 λελείψεται,
1006 4973 1074 5042 τῇ
1107 4969 1280 5042 κακίᾳ
1328 4968 1718 5024 συναποθανεῖν
1765 4989 1898 5044 προ-

292 5063 610 5137 omnium

819 5145 980 5214 Tt,A'.
1017 5175 1088 5188 -
1120 5145 1402 5216 tmere.

2073 4521 2150 4578 Te
2203 4524 2563 4579 sacerdotium
2595 4523 2794 4596 injuste
2828 4525 3104 4593 possidere
3132 4531 3316 4580 notum
3377 4523 3580 4593 pridem

1999 4613 2276 4668 ommbus.
2329 4613 2516 4684 Neque
2565 4615 2710 4669 enim
2782 4615 3021 4686 legitime
3085 4614 3316 4682 jureque
3371 4613 3585 4682 optimo

2003 4701 2229 4772 adipisci
2271 4704 2550 4770 studuisti,
2590 4706 2687 4760 sed
2727 4705 2956 4774 pecunia
3015 4715 3284 4760 mercatus
3329 4717 3390 4758 es
3450 4719 3586 4758 eau-

2001 4793 2272 4860 ponando.
2315 4793 2658 4849 Manifestum
2685 4807 2770 4851 est
2794 4804 2846 4852 te
2873 4810 3016 4850 nunc
3055 4809 3271 4864 quoque
3322 4793 3390 4848 ad
3441 4807 3578 4862 opus

2001 4881 2348 4952 cupiditatem
2405 4883 2628 4954 referre,
2691 4885 2942 4956 quamvis
2995 4886 3050 4940 in
3103 4899 3303 4940 occasu
3331 4884 3456 4939 vita:
3483 4883 3580 4938 sis.

2001 4967 2136 5036 Quis
2171 4971 2337 5043 igitur
2372 4975 2542 5029 veniae
2572 4975 2793 5030 relictus
2831 4974 3005 5040 locus,
3053 4989 3176 5029 cum
3209 4973 3276 5027 ad
3311 4974 3436 5028 vita!
3457 4973 3576 5028 exi-

2003 5070 2116 5116 tum
2159 5063 2420 5134 improbis
2440 5065 2626 5120 venire
2661 5065 2906 5122 moribus
2937 5063 3232 5120 malueris?

2097 5148 2290 5220 678.
2319 5150 2627 5207 CCCXCIV.
2673 5179 2747 5192 -—
2807 5151 3083 5208 ISIDORO
3130 5147 3482 5208 EPISCOPO.

1133 5236 1371 5292 Prudens
1401 5235 1516 5304 quis
1553 5244 1602 5289 et
1624 5235 1780 5302 fortis
1809 5235 2215 5294 existimandus.
2249 5240 2433 5312 (Conl'.
2465 5245 2620 5312 epist.
2650 5244 2770 5313 76.)

387 5331 455 5386 El
485 5330 806 5404 θεασοίμην,
848 5324 894 5384 ὦ
945 5329 1237 5400 ὁμώνυμε,
1268 5327 1438 5400 ἄνδρα
1485 5327 1658 5380 δεινὸν
1699 5327 1800 5398 μὲν
1828 5331 1894 5382 ἐκ

311 5421 430 5478 τῶν
459 5422 801 5494 φαινομένων
834 5419 896 5474 τὸ
922 5419 1069 5484 εἰκὸς
1099 5419 1397 5492 συμϐαλεῖν
1433 5417 1568 5489 (29),
1589 5417 1894 5490 δεινότερον

2077 5329 2134 5386 Si
2155 5335 2546 5403 perspexerit“,
2569 5349 2604 5388 ο
2625 5337 2755 5390 mihi
2787 5334 3129 5405 cognominis
3145 5331 3368 5395 Isidore,
3401 5326 3577 5382 virum

1999 5431 2220 5476 acutqu
2269 5437 2334 5478 ex
2367 5425 2528 5480 rebus
2559 5425 2948 5494 apparentibus
2985 5426 3129 5494 quod
3158 5416 3450 5476 verisimile
3470 5423 3576 5484 est,

1440 5529 1678 5586 VARUS
1716 5529 2100 5588 LECTIONES
2135 5532 2226 5588 ET
2264 5533 2496 5592 NOTAE.

395 5651 509 5724 (29)
539 5651 1147 5724 Ρεοσυμϐαλεῖνεηιδο
1169 5651 1330 5724 iidem
1358 5653 1514 5707 codd.
1551 5653 1602 5706 in
1636 5661 1891 5724 contextu

312 5715 525 5785 habent
557 5715 858 5790 συλλαϐεῖν,
888 5722 984 5779 sed
1019 5730 1246 5788 uterque
1290 5723 1573 5778 lectionem
1621 5721 1752 5776 editi
1791 5720 2010 5778 exhibet
2037 5719 2090 5774 in
2124 5719 2383 5788 margine.
2418 5715 2625 5774 Possm.
