4070 6384
588 312 723 375 1563
1777 307 1839 367 s.
1881 303 2174 367 131mm
2211 302 2653 365 PELUSIOTE
2862 270 2871 281 ’
3328 368 3335 371 λ
3670 303 3781 365 ιιδι

587 422 904 492 conjicere:
950 419 1250 497 acutiorem
1310 431 1439 472 vero
1489 432 1554 472 ex
1613 432 1716 473 non
1776 420 2194 489 apparentibusJ

2184 428 2227 481 Α
2256 418 2311 471 δὲ
2337 419 2400 470 ὲκ
2432 415 2541 468 τῶν
2572 412 2793 484 ἀφανῶν
2819 409 2877 465 τὸ
2902 410 3020 464 δέον
3048 408 3281 462 συνιδεῖν
3309 423 3321 437 ·
3350 407 3404 462 ἔν
3424 425 3481 461 τε
3503 413 3605 473 τοῖς
3629 429 3783 479 πειρα-

478 516 489 523 ’
586 512 730 581 quod
770 511 944 575 decet,
978 496 1250 579 Colligere,
1295 517 1353 560 ut
1380 507 1432 560 in
1475 507 1862 562 tentationibns
1901 523 1964 563 ac
2008 524 2085 577 pel

2266 509 2423 578 σμοῖς
2457 505 2551 559 καὶ
2584 507 2695 567 τοῖς
2725 502 2992 563 κινδύνοις
3018 499 3076 553 τὸ
3104 499 3291 569 δῆγμα
3320 496 3421 552 τῶν
3447 500 3685 554 συνόντων
3709 502 3786 557 λό-

584 602 720 658 culis
744 602 1016 672 specimen
1055 600 1268 667 aliquod
1287 597 1585 666 prudentiae
1618 599 1855 668 przebeat
1884 599 2152 653 sermoni-

2263 614 2380 666 γοις
2413 614 2471 648 τε
2496 594 2947 665 παρακλητικοῖς,
2979 591 3072 646 καὶ
3094 589 3171 661 τῷ
3199 588 3322 643 καθ’
3355 590 3533 644 ἑαυτὸν
3553 591 3680 644 ἀδεεῖ
3706 593 3785 648 δυ-

586 697 687 749 bus
710 690 1043 757 hortatoriis,
1074 699 1128 744 et
1159 688 1248 742 illa
1279 688 1547 758 intrepido
1588 702 1685 756 per
1725 703 1785 743 se
1816 689 1997 742 animo
2029 702 2151 757 pro-

2268 687 2501 758 νάμενον
2539 685 2790 739 ἐκϐαλεῖν
2808 702 2823 717 ο
2856 683 3046 738 τοῦτον
3077 683 3173 737 καὶ
3199 681 3572 747 συνετώτατον,
3601 684 3683 736 καί
3708 683 3788 738 ἁν-

587 784 804 854 pnlsare
829 790 1013 851 qneat,
1045 780 1192 834 hunc
1219 794 1319 847 ego
1357 779 1835 848 prudentissimum
1872 777 2025 848 juxta
2093 792 2158 834 ac

1302 794 1319 833 ›
1357 779 1835 848 prudentissimum
1872 777 2025 848 juxta
2093 792 2158 834 ac
2266 776 2571 848 δρειότατον
2596 773 2909 846 όρισαίμην.

588 874 944 931 fortissimum
972 873 1146 926 virum
1170 870 1547 941 jndicaverim.

769 980 1061 1038 CCCXCV.
1100 1010 1168 1022 —
1213 977 1603 1035 APOLLONIO
1626 976 1977 1034 EPISCOPO.

2497 982 2660 1049 Τιιιῖο.
2699 1010 2761 1021 -
2800 977 3197 1048 mormon
3232 976 3588 1046 numnunc.

1502 1085 1632 1150 Qui:
1657 1102 1773 1140 vere
1802 1101 1911 1153 rex,
1933 1086 2050 1156 quis
2076 1095 2351 1158 tyrannus.
2376 1086 2553 1157 (Conf.
2579 1088 2731 1157 epist.
2759 1087 2912 1157 255.)

662 1195 815 1252 Hunc
852 1209 953 1266 ego
993 1193 1168 1250 solum
1228 1208 1410 1263 regem
1462 1194 1761 1262 ducemque
1813 1192 2022 1260 dixero,
2069 1192 2161 1263 qui

2342 1196 2575 1249 Ἐκεῖνον
2611 1195 2771 1266 μόνον
2799 1195 2971 1262 ἔγωγε
3020 1189 3244 1264 βασιλέα
3281 1193 3375 1245 καὶ
3407 1192 3637 1262 ἡγεμόνα
3672 1186 3793 1247 εἶναι

592 1286 693 1340 sibi
718 1285 990 1354 imperans
1031 1284 1304 1340 subditum
1348 1283 1600 1353 aequitate
1628 1291 1790 1353 atque
1822 1285 2160 1342 humanitate

2256 1285 2524 1359 ἠγοῦμαι,
2558 1287 2617 1350 ὃς
2643 1285 2813 1356 ἄρξας
2852 1283 3046 1338 ἑαυτοῦ
3078 1282 3139 1337 τδ
3174 1283 3412 1354 ὑπήκοον
3438 1283 3694 1355 ἐπιεικείᾳ
3719 1286 3797 1338 καὶ

593 1375 964 1430 obstrinxerit.
1012 1375 1250 1430 Caeteros
1289 1388 1414 1429 vero
1442 1382 1699 1445 tyrannos
1744 1374 2028 1443 appellem,
2063 1375 2152 1445 qui

2260 1380 2643 1452 φιλανθρωπίᾳ
2675 1378 3040 1448 ἀνηρτήσατο.
3072 1377 3213 1439 Τοὺς
3238 1374 3295 1428 δὲ
3321 1373 3508 1437 ἄλλους
3541 1375 3801 1443 τυράννους

591 1481 689 1534 per
726 1464 879 1522 nefas
939 1465 1242 1536 voluptates
1280 1480 1427 1532 suas,
1463 1466 1642 1522 alieno
1692 1465 1878 1522 labore
1939 1467 2169 1537 conqui-

2265 1470 2515 1540 κλητέον.
2559 1468 2686 1531 τοὺς
2735 1470 2848 1531 τοῖς
2898 1466 3100 1541 ἑτέρων
3152 1465 3339 1528 πόνοις
3388 1465 3593 1528 ἑαυτοῖς
3640 1463 3799 1534 ἡδονὰς

592 1566 744 1613 rttnt.

2268 1560 2562 1632 ἀθεμίτους
2598 1559 2941 1629 πορίζοντας.

771 1663 1093 1720 CCCXCVI.
1131 1694 1201 1706 —-
1228 1660 1628 1719 ATHANASIO
1650 1663 1970 1720 DlACONO.

1956 1706 1970 1719 .
2556 1670 2733 1736 Τιιςι.
2766 1699 2835 1709 -
2863 1667 3208 1737 ᾹΘΔΝΑΣΙῼ
3243 1665 3560 1736 ΔιΑκοΝᾳ.

1795 1773 1936 1829 Bene
1965 1775 2208 1831 morienti
2232 1776 2626 1846 gratulandum.

665 1888 722 1943 Si
776 1884 1083 1941 mortalium
1145 1883 1376 1955 quisque
1438 1885 1597 1939 morti
1659 1885 1794 1939 vivit
1867 1885 2159 1946 obnoxius,
2196 1876 2238 1934 Β

2210 1877 2238 1934 Β
2335 1885 2399 1937 Εἰ
2429 1885 2537 1946 πᾶς
2577 1882 2864 1954 ἄνθρωπος
2898 1880 3136 1936 θανάτου
3164 1880 3391 1951 δφλημα
3422 1879 3688 1950 τυγχάνει,
3736 1878 3817 1931 καὶ

594 1994 769 2048 neque
793 1976 911 2031 ﬁeri
935 1975 1106 2045 possit
1139 1975 1267 2045 quin
1299 1976 1350 2029 id
1404 1974 1642 2030 debitum
1692 1975 1989 2046 persolvat,
2019 1977 2165 2045 quod

2270 1973 2530 2027 ἀδύνατον
2546 1972 2705 2026 τοῦτο
2724 1972 2850 2044 [μὴ]
2865 1972 3195 2043 ἀποδοθῆναι
3208 1973 3271 2026 τὸ
3290 1972 3469 2044 χρέος,
3486 1970 3515 2025 δ
3535 1972 3663 2042 μήτε
3681 1968 3817 2040 βασι-

597 2082 775 2137 neqne
820 2081 954 2133 rex,
1008 2081 1183 2134 neque
1220 2074 1502 2136 tyrannus,
1555 2080 1728 2134 neque
1767 2067 2016 2136 dynasta,
2064 2082 2167 2123 nec

2268 2067 2400 2132 λεϊς,
2451 2068 2588 2137 μήτε
2634 2066 2933 2137 τύραννοις
2969 2065 3110 2135 μήτε
3158 2066 3454 2135 σατράπαι,
3498 2065 3629 2136 μήτε
3665 2062 3820 2131 σοφοὶ,

600 2160 839 2228 sapiens,
872 2173 974 2214 nec
1006 2159 1236 2227 denique
1267 2157 1447 2227 justus
1485 2157 1657 2226 possit
1706 2158 2014 2213 rescindere
2052 2158 2168 2229 (Dei

2274 2158 2411 2228 μήτε
2440 2156 2638 2209 δίκαιοι
2669 2154 2955 2227 ἀκυρῶσαι
2981 2154 3332 2226 ἠδυνήθησαν
3375 2153 3531 2224 (θεία
3571 2153 3672 2224 γάρ
3695 2154 3825 2204 ἐστιν

597 2251 740 2303 enim
792 2248 1058 2303 sententia
1107 2246 1451 2317 pronuntiata
1503 2261 1691 2301 omnes
1746 2246 2166 2318 complectitur),

2271 2246 2545 2314 ἀπόφασις
2574 2246 2607 2316 ἡ
2640 2244 2785 2298 τοῦτ’
2807 2243 3159 2314 ἀπαιτοῦσα)’
3190 2244 3323 2307 τοὺς
3352 2243 3453 2314 μὲν
3469 2242 3651 2307 ἀλλους
3679 2242 3821 2311 ἐλεη-

597 2338 1074 2395 commiseratione
1124 2337 1449 2408 planctuque
1501 2336 1645 2407 digni
1696 2338 1892 2405 quibus
1922 2337 2172 2392 interitus

2271 2333 2391 2387 τίον
2435 2334 2531 2387 καὶ
2581 2333 2913 2404 θρηνητέον,
2966 2328 3047 2398 οἷς
3092 2335 3127 2403 ἡ
3178 2332 3411 2404 τελευτὴ
3449 2333 3589 2404 ἀρχὴ
3643 2334 3828 2401 γίνεται

599 2429 801 2497 praebet
855 2426 1065 2482 initium
1129 2440 1410 2495 poenarum
1464 2441 1527 2481 ac
1573 2425 1986 2496 suppliciorum.
2061 2426 2172 2480 Illis

2271 2425 2585 2496 τιμωριῶν·
2623 2426 2867 2489 ἐκείνους
2921 2425 2979 2479 δὲ
3032 2425 3391 2496 εὑφημητέον
3435 2425 3531 2478 καὶ
3570 2426 3827 2494 ἀνακηρυ-

597 2525 787 2571 contra
822 2516 1224 2588 gratulandum,
1279 2518 1578 2586 meritoque
1627 2527 1754 2572 sunt
1801 2518 2167 2586 praadicandi,

2274 2518 2453 2581 κτέον,
2513 2511 2589 2571 ὧν
2628 2516 2901 2588 ήτελευτὴ
2924 2518 3031 2571 τῶν
3050 2516 3278 2586 ἀγώνων
3307 2518 3388 2580 είς
3415 2515 3513 2587 τὴν
3543 2515 3709 2586 ἀρχὴν
3738 2513 3829 2566 τῶν

599 2623 830 2678 quorum
867 2608 918 2662 in
949 2608 1247 2662 certamine
1269 2622 1524 2664 excessus
1559 2610 1611 2661 in
1660 2624 1983 2663 coronarum
2027 2607 2174 2663 desi-

2276 2607 2555 2675 στεφάνων
2587 2607 2867 2677 περιέστη.
2913 2607 3027 2677 Τῆς
3077 2608 3182 2677 γὰρ
3227 2607 3411 2679 ἄκρας
3458 2605 3827 2677 μακαριότητος

600 2709 739 2755 nunt
788 2700 1158 2771 principium!
1206 2698 1307 2765 Qui
1354 2700 1499 2753 enim
1550 2714 1778 2755 summa:
1822 2698 2173 2753 beatitudinis

2275 2698 2571 2768 εὑρηκότες
2602 2698 2694 2751 τὸν
2724 2699 2870 2769 ὅρον,
2908 2698 3017 2752 τῶν
3045 2698 3221 2753 ἄλλων
3251 2699 3517 2752 ἁπάντων
3549 2695 3828 2765 ἀμελήσαν-

601 2791 893 2846 terminum
942 2800 1280 2860 repererunt,
1336 2790 1403 2844 de
1433 2791 1645 2844 caeteris
1693 2791 1949 2843 omnibus
1997 2788 2173 2842 securi

2275 2807 2387 2852 τες.
2423 2789 2590 2859 μόνην
2641 2790 2740 2859 τὴν
2778 2788 2958 2860 ψυχὴν
3001 2789 3347 2860 ἐκόσμησαν,
3375 2784 3445 2860 ἦς
3482 2788 3576 2841 καί⁸
3609 2786 3666 2838 τὸ
3695 2784 3828 2853 σῶμα

599 2883 838 2937 animam
867 2880 1039 2936 solum
1067 2890 1404 2935 exornarunt
1456 2896 1470 2933 :
1504 2880 1658 2949 cujus
1698 2880 1863 2934 etiam
1906 2879 2175 2947 expiatio-

2275 2881 2572 2950 ἀνάκτορον
2593 2882 2814 2948 ἁγνείας
2840 2880 3129 2951 ἀπέφηναν
3149 2897 3162 2909 ·
3186 2880 3216 2934 δ
3248 2883 3345 2934 καί
3379 2883 3437 2934 ὲν
3458 2881 3525 2950 τῇ
3557 2875 3824 2931 ἀναστάσει

601 2987 727 3027 nem
760 2973 814 3027 in
840 2985 899 3027 se
952 2986 1150 3042 corpus
1179 2973 1446 3041 agnoscit,
1486 2974 1629 3040 quod
1672 2971 1841 3041 ipsum
1881 2971 1933 3024 in
1991 2970 2175 3024 carnis

2277 2970 2371 3024 ἐπὶ
2404 2971 2465 3023 τὸ
2494 2974 2743 3042 κρεῖττον
2780 2970 3216 3043 μετακοσμηθὲν,
3250 2973 3324 3045 τῇ
3351 2970 3500 3043 ψυχῇ
3533 2968 3630 3040 τὴν
3658 2964 3832 3021 ἀθάναρ

603 3061 1005 3116 resurrectione
1034 3062 1087 3115 in
1112 3061 1307 3116 melius
1333 3069 1745 3124 commutatum,
1778 3061 1972 3113 anima:
1996 3058 2176 3113 denuo

1229 3062 1307 3115 ius
1333 3069 1745 3124 commutatum,
1778 3061 1972 3113 anima:
1996 3058 2176 3113 denuo
2274 3079 2370 3116 τον
2403 3064 2626 3133 συζήσει
2664 3060 2836 3133 ζωήν.

603 3152 901 3209 immortali
925 3153 1182 3208 societate
1221 3152 1488 3222 junctum,
1519 3153 1688 3206 vitam
1737 3151 2096 3220 adipiscetur.

690 3260 1116 3319 cccxcvu.—
1157 3259 1552 3317 lSCHYRlONl
1585 3258 2075 3316 PRESBYTERO.
2201 3241 2245 3299 ο

2047 3269 2075 3312 ι.
2201 3241 2245 3299 C
2496 3256 2657 3326 Ῥεῖν.
2689 3288 2756 3299 -
2787 3257 3134 3315 ιΣΧΥΡιοΝι
3175 3259 3654 3335 ΠΡΕΣΒΥΤΕΡῼ.

1263 3360 1271 3367 ’
1710 3353 1816 3420 Qui
1841 3354 1897 3407 in
1933 3354 2036 3408 vita
2062 3350 2330 3423 fugiendi;
2359 3351 2451 3422 qui
2481 3352 2748 3420 sequendi.

673 3461 904 3532 Fugere,
933 3461 1020 3517 vir
1065 3463 1288 3533 optime,
1335 3460 1609 3533 improbos
1650 3460 1924 3526 convenit,
1962 3475 2026 3516 ac
2052 3474 2176 3530 per-

2345 3456 2571 3525 Φεὺγειν
2596 3456 2722 3528 χρὴ,
2748 3451 2793 3510 ὢ
2826 3456 3095 3528 βέλτιστε,
3115 3458 3242 3522 τοὺς
3276 3459 3585 3531 πονηροὺς,
3612 3461 3700 3512 καὶ
3727 3457 3840 3512 διῶ-

604 3563 918 3624 sequentes,
981 3554 1083 3609 nisi
1161 3555 1504 3624 resipiscam,
1564 3554 1924 3622 desinantque
2009 3553 2179 3608 bonos

2277 3564 2507 3610 κονταςο
2541 3549 2590 3601 εί
2637 3548 2712 3619 μὴ
2752 3548 3028 3619 βούλοιντο
3057 3554 3467 3622 γνωσιμαχεϊνο
3517 3550 3612 3604 καὶ
3653 3547 3844 3604 διώκειν

604 3644 857 3713 persequi
893 3653 1056 3713 atque
1109 3643 1343 3700 exsules.
1377 3642 1529 3710 Quod
1560 3643 1605 3698 si
1660 3650 1933 3708 recusent,
1974 3642 2178 3698 vitandi

2277 3640 2403 3703 τοὺς
2437 3640 2705 3709 ἀγαθοὺς,
2743 3641 2839 3694 καὶ
2885 3639 3214 3711 φεύγοντας,
3260 3643 3313 3695 εί
3349 3643 3450 3697 καὶ
3479 3643 3557 3714 μὴ
3596 3641 3841 3712 βούλοιντο

608 3745 756 3789 ειιηι.
780 3739 785 3745 ‘

2280 3733 2313 3801 ἡ
2325 3747 2382 3802 ρε
2388 3732 2530 3801 μεῖν.

704 3836 1066 3897 CCCXCVIII.
1088 3868 1160 3881 —-
1179 3838 1570 3897 THEODOSIO
1598 3837 2077 3895 PRESBYTEBO.

2062 3878 2077 3893 .
2498 3838 2667 3904 Τιιῐιν.
2714 3867 2779 3884 ι-
2815 3837 3155 3910 ΘΕΟΔΟΣΙῼ.
3172 3838 3668 3910 ΠΡΕΣΒΥΤΕΡῼ.

609 3945 686 4001 De
716 3946 849 4001 bona
870 3948 1158 4016 patientiae,
1196 3949 1254 4004 in
1278 3950 1637 4017 persecutione
1668 3951 1794 4020 quid
1823 3951 2107 4022 agendum.
2146 3947 2473 4022 Prtvclarum
2518 3966 2628 4004 esse
2670 3950 2901 4020 injurias
2940 3952 3199 4007 vaticnter
3225 3953 3397 4022 ferro,
3430 3964 3486 4006 at
3522 3969 3618 4021 pro
3656 3948 3849 4005 inimicis

1802 4017 1965 4074 etiam
1989 4021 2142 4073 or‘are
2171 4017 2322 4088 longe
2354 4022 2665 4077 maximum.

677 4124 855 4181 Probe
912 4126 1035 4181 novi
1083 4125 1257 4196 ipsam
1312 4125 1633 4195 iniuriarum
1703 4128 2175 4198 improbitatisqne

2365 4126 2488 4178 Ὀτι
2535 4127 2633 4196 μὲν
2674 4127 2735 4181 τὸ
2782 4126 2881 4192 τὰς
2925 4127 3116 4198 ὕϐρεις
3145 4127 3382 4193 καὶτὰς
3430 4129 3650 4191 ἀδικίας
3675 4127 3850 4196 φέρειν,

609 4217 798 4272 alienae
833 4218 1200 4284 tolerantiam,
1247 4229 1301 4274 et
1341 4220 1396 4275 in
1440 4220 1544 4274 hac
1573 4221 1679 4274 vita
1707 4220 1936 4291 gloriam
1962 4233 2177 4285 parere,

2292 4216 2572 4271 κάνταῦθα
2629 4218 2729 4287 μὲν
2762 4219 2918 4289 φέρει
2953 4218 3133 4283 δόξαν,
3185 4220 3421 4272 κάκεῖσε
3453 4221 3512 4273 δὲ
3552 4218 3707 4281 κλέος
3744 4216 3858 4268 οἴσει

612 4318 724 4364 tum
761 4311 812 4365 in
841 4310 1009 4367 altera
1055 4313 1221 4367 decus
1267 4326 1386 4368 esse
1409 4312 1693 4368 allaturum
1746 4315 2062 4369 maximum.
2096 4311 2184 4367 ln-

2295 4304 2571 4374 μέγιστον,
2600 4306 2745 4376 μάλα
2768 4306 3010 4378 ἀκριϐῶς
3035 4303 3155 4360 οἶδα
3172 4321 3187 4337 ⁸
3219 4308 3300 4360 ὃτι
3325 4307 3387 4361 δὲ
3419 4308 3482 4360 τὸ
3507 4307 3703 4360 εἰδέναι
3723 4306 3857 4375 χάριν

607 4403 782 4475 jnrias
815 4420 944 4461 vero
980 4405 1198 4460 facienti
1243 4419 1308 4461 ac
1340 4405 1551 4459 laedenti
1580 4406 1783 4474 gratias
1830 4421 2028 4476 agere;
2068 4420 2181 4459 rem

2287 4396 2366 4466 τῷ
2405 4397 2676 4451 ἀδικοῦντι
2730 4399 2825 4450 καὶ
2871 4398 3165 4469 ὑϐρίζοντι,
3224 4396 3302 4460 ὡς
3337 4399 3427 4461 εἰς
3477 4396 3700 4469 μείζονα
3736 4392 3860 4462 φιλο-

609 4510 875 4566 οεεοιιιιω
905 4496 972 4551 ad
1018 4495 1278 4565 majorem
1322 4497 1446 4552 vitae
1480 4498 1867 4566 perfectionem
1910 4497 2181 4553 hominem

2253 4488 2486 4570 ⁵σοφίαν
2520 4489 2898 4544 συνελαύνοντι
2921 4528 2938 4555 ,
2996 4490 3091 4542 καὶ
3143 4483 3389 4559 μάλιστα
3446 4490 3583 4542 ὅταν
3634 4484 3860 4541 πολλάκις

612 4585 875 4655 impellat,
915 4600 980 4641 ac
1027 4587 1332 4655 praesertim
1376 4588 1422 4643 si
1461 4589 1691 4658 idipsnm
1758 4589 1957 4657 saepius
2013 4602 2181 4656 agens

2291 4577 2448 4632 τοῦτο
2478 4578 2650 4632 ποιῶν
2678 4578 2775 4632 καὶ
2806 4578 3154 4649 ἐναϐρύνοιτο
3188 4579 3318 4649 (ἵνα
3350 4579 3433 4650 μὴ
3463 4579 3630 4648 λέγω,
3656 4578 3733 4630 ὅτι
3757 4573 3860 4630 τοὺς

611 4677 774 4730 etiam
804 4677 1064 4732 honorem
1095 4677 1299 4733 referat
1325 4692 1391 4733 ac
1420 4678 1654 4733 laudem.
1681 4675 1797 4731 Non
1832 4678 1976 4747 quod
2007 4677 2185 4732 dicam

2294 4667 2603 4738 ἡμετέρους
2654 4668 2956 4737 στεφάνους
3010 4667 3271 4737 βούλομαι
3325 4670 3399 4721 ὲκ
3437 4667 3553 4721 τῶν
3594 4661 3858 4732 ἀλλοτρίων

614 4777 707 4819 ant
743 4766 903 4821 velim
935 4780 1034 4822 nos
1058 4765 1270 4822 laureas
1298 4782 1362 4823 ex
1408 4768 1603 4825 alienis
1641 4769 1839 4823 debere
1872 4766 2030 4821 malis
2057 4780 2187 4820 con-

2296 4757 2620 4826 ὑφαίνεσθαι
2653 4756 2995 4834 συμφορῶν),
3034 4758 3293 4828 μέγιστόν
3317 4759 3468 4820 ἐστι,
3504 4758 3602 4812 καὶ
3627 4756 3718 4826 τῆς
3744 4749 3858 4821 ἐμῆς

620 4868 824 4913 texere.
882 4855 939 4911 Id
992 4859 1135 4915 enim
1178 4875 1528 4933 permagnum
1582 4869 1689 4924 est,
1749 4869 1805 4915 et
1855 4860 1988 4915 meis
2031 4860 2190 4929 longe

2296 4850 2580 4920 δυνάμεως
2617 4852 2822 4921 μεῖζον,
2860 4850 2964 4919 τῆς
2987 4852 3176 4921 φέρειν
3207 4850 3305 4921 μὲν
3335 4851 3403 4903 τὸ
3448 4847 3763 4920 ὑϐρίζεσθαι
3785 4836 3858 4933 καὶ

617 4945 794 5015 impar
820 4947 1024 5004 viribus
1051 4964 1148 5018 per
1168 4926 1306 5020 quas
1333 4926 1538 5018 possim
1562 4959 1616 5005 et
1644 4950 1874 5020 injurias
1897 4950 2105 5020 perpeti
2131 4926 2187 5004 et

2299 4940 2603 4995 ἀδικεῖσθαι
2642 4940 2972 5011 δυναμένης,
3008 4939 3235 5009 μηδέπω
3262 4938 3321 4992 δὲ
3364 4935 3789 5011 κατορθωσὰσης
3809 4926 3856 4978 τδ

618 5034 999 5102 contumelias,
1026 5037 1193 5108 679
1215 5053 1479 5108 nequeam
1526 5048 1705 5093 tamen
1735 5040 1859 5093 inde
1881 5036 2182 5101 emendari,

2302 5034 2463 5105 χάριν
2500 5032 2698 5086 εἰδέναι
2740 5035 2852 5094 τοῖς
2883 5030 3151 5095 ἀδικοῦσι,
3205 5031 3299 5083 καὶ
3333 5026 3746 5101 ὑπερεύχεσθαι
3779 5036 3854 5071 κατ

619 5133 782 5193 atque
811 5124 1037 5195 injurias
1064 5128 1316 5183 inferenti
1350 5130 1557 5199 gratias
1604 5130 1827 5195 habere,
1876 5138 1933 5184 et
1963 5128 2179 5183 sincere

2300 5123 2481 5195 θαρῶς
2516 5122 2625 5176 τῶν
2655 5121 2742 5175 διὰ
2781 5121 2981 5184 παντὸς
3013 5119 3442 5192 ἐπηρεαζόντων
3464 5135 3480 5150 ο
3523 5120 3621 5173 καὶ
3652 5115 3854 5188 μάλιστα

618 5230 777 5270 orare
807 5231 905 5285 pro
967 5217 1428 5272 calumniantibus
1473 5234 1570 5273 nos
1622 5237 1638 5274 :
1689 5219 2033 5287 maximeque
2064 5230 2187 5271 cum

2298 5216 2427 5269 ὅταν
2467 5213 2601 5283 μηδὲ
2645 5212 3075 5282 μεταγινώσκειν
3122 5211 3417 5277 ἐθέλωσιν,
3466 5211 3611 5265 ἀλλά
3641 5201 3859 5261 καὶτοὺς

623 5320 690 5361 ne
740 5320 1035 5376 agnoscere
1087 5306 1306 5376 quidem
1356 5306 1546 5372 velint,
1602 5309 1734 5378 quin
1784 5309 1950 5363 etiam
2000 5324 2105 5379 pro
2138 5323 2199 5364 se

2301 5308 2442 5377 ὑπὲρ
2476 5306 2654 5360 αὐτῶν
2698 5303 3024 5374 εὐχομένους
3064 5303 3287 5372 γελῶσι.
3345 5302 3530 5356 Τοῦτο
3572 5298 3704 5370 παρ’
3749 5288 3862 5363 ἐμοῦ

621 5407 842 5452 orantes
869 5396 1046 5452 solent
1100 5397 1347 5451 irridere.
1402 5397 1516 5452 Hoc
1544 5413 1710 5453 unum
1740 5414 1811 5454 ex
1855 5415 1942 5454 me
1972 5400 2188 5456 discito.

2308 5398 2548 5469 μάνθανε
2569 5413 2582 5427 ·
2618 5397 2668 5449 εί
2700 5395 2756 5449 δὲ
2790 5394 2952 5458 αὐτὸς
2984 5396 3080 5450 καὶ
3130 5396 3288 5449 τοῦτο
3318 5395 3727 5466 κατώρθωσας,
3765 5387 3865 5438 λίαν

622 5482 680 5538 ιιι
710 5501 839 5541 vero
880 5487 926 5541 si
981 5486 1198 5540 fortiter
1245 5485 1459 5550 feceris,
1507 5486 1719 5542 laudem
1754 5504 1889 5543 sane
1919 5499 1975 5544 et
2006 5492 2190 5546 animo

2304 5507 2363 5544 σε
2403 5488 2611 5542 ἐπαινῶ
2646 5487 2741 5541 καὶ
2769 5486 2950 5558 κροτῶ
2977 5488 3075 5557 τῆς
3114 5487 3563 5557 μεγαλοψυχίας.
3615 5480 3751 5549 Ἐγὼ
3775 5475 3863 5547 γὰρ

628 5576 947 5643 applandam
995 5590 1279 5645 generoso.
1337 5575 1598 5646 Equidem
1651 5578 1780 5646 (non
1829 5581 1972 5632 enim
2020 5596 2194 5635 meam

2307 5582 2398 5651 (οὐ
2433 5580 2541 5651 γὰρ
2569 5579 2998 5651 ἀποκρυψαίμην
3029 5578 3269 5650 ἐμαυτοῦ
3299 5577 3363 5630 τὸ
3392 5575 3726 5645 ἐλάττωμα)
3762 5565 3868 5620 πολ-

627 5664 871 5719 occulcre
892 5664 1011 5720 volo
1040 5665 1434 5736 inﬁrmitatem)
1472 5682 1574 5721 non
1617 5683 1741 5722 raro
1761 5684 1856 5736 pro
1889 5670 1953 5726 iis
1999 5672 2098 5741 dep
2117 5689 2200 5728 re-

2306 5674 2461 5737 λάκις
2486 5672 2741 5744 καθαρῶς
2766 5672 3059 5743 εὐξάμενος
3089 5671 3228 5742 ὑπὲρ
3256 5670 3367 5723 τῶν
3400 5668 3549 5723 κατά
3581 5654 3867 5737 περίστασίν
