4070 6388
233 341 380 411 ’1565

1205 353 1738 417 EPISTOLARUM
1777 355 1925 418 LIB.
1957 355 2025 418 v.
2064 384 2134 393 —
2169 359 2404 425 EPIST.
2443 319 2590 426 σοι.

3356 369 3494 437 1566

245 469 361 547 τινα
394 453 701 547 γεγονότων
758 456 988 530 ἐχθρῶν,
1023 458 1258 534 θελήσας
1305 463 1363 517 δὲ
1409 463 1668 529 εὔξασθαι
1725 465 1821 519 καὶ

1921 475 2095 531 catus.
2120 469 2210 538 qui
2246 485 2312 526 ex
2357 487 2488 528 casu
2521 475 2776 544 quodam,
2809 486 2863 530 et
2890 475 2943 532 in
2965 476 3285 547 quibusdam
3311 494 3493 539 rerum

244 546 377 618 ὑπὲρ
403 545 513 600 τῶν
536 547 680 601 κατά
710 547 940 620 μελέτην
967 552 1061 605 καὶ
1087 553 1348 624 σπουδὴν,
1385 555 1472 608 διὰ
1496 554 1590 608 τοῦ
1617 557 1820 626 στόμα-

244 653 328 700 τος
376 637 540 708 μόνου
569 637 729 692 τοῦτο
757 640 1075 711 πεποιηκὼς
1105 642 1301 698 ἑάλων.
1335 644 1409 697 Οὐ
1453 643 1558 716 μὴν
1604 645 1820 698 ἀπιστῶ

243 727 352 792 τοῖς
391 729 474 792 είς
530 729 786 784 τοσοῦτον
835 731 1040 801 ἀρετῆς
1085 733 1506 804 ἀναϐεϐηκόσιν,
1539 735 1677 789 ἀλλά
1725 734 1819 788 καὶ

242 817 418 888 χαίρω
451 819 549 872 καὶ
585 821 892 893 συγχαίρω,
921 823 1015 876 καὶ
1039 825 1306 896 εὐξαίμην
1334 827 1414 890 είς
1433 825 1590 881 τοῦτο
1615 826 1817 896 φθάσαι

237 905 298 960 τὸ
320 907 546 980 μέτρον.
580 909 662 964 Οὐ
689 911 797 984 7&9
817 911 1048 984 πάθοιμι
1069 914 1131 968 τὺ
1155 917 1364 971 πολλῶν
1394 917 1585 982 πάθος,
1615 918 1666 971 οἳ
1691 919 1818 974 ὅταν

237 997 382 1062 τινὸς
417 999 496 1072 μὴ
539 1000 846 1072 δυνηθῶσιν
876 1003 1233 1062 ἐπιλαϐέσθαι
1273 1008 1492 1078 ἀρετῆς,
1526 1007 1728 1062 ἄτοπόν
1763 1026 1818 1062 τι

237 1088 437 1159 δρῶσιν
459 1107 473 1122 ·
507 1090 541 1162 ἢ
571 1093 682 1165 γὰρ
708 1095 1003 1149 ἀπιστοῦσι
1032 1099 1146 1161 τοῖς
1175 1097 1616 1168 κατωρθωκόσιν,
1647 1098 1708 1164 ἐξ
1742 1092 1818 1152 ὧν

237 1179 538 1250 πράττουσι
583 1183 680 1237 καὶ
710 1183 840 1254 περὶ
866 1184 976 1239 τῶν
1008 1185 1184 1241 ἄλλων
1215 1187 1575 1258 ψηφιζόμενοι
1617 1187 1816 1259 (πεφύ-

235 1285 368 1322 κασι
397 1272 518 1340 ’γάρ
545 1273 733 1342 σχεδὸν
774 1275 1014 1339 ἅπαντες
1053 1277 1118 1330 ὲκ
1145 1276 1256 1331 τῶν
1284 1277 1407 1331 καθ’
1456 1278 1683 1341 ἑαυτοὺς
1721 1279 1816 1332 καὶ

235 1358 334 1422 τὰς
363 1360 494 1431 περὶ
519 1360 627 1415 τῶν
663 1361 832 1426 πέλας
861 1364 1049 1436 φέρειν
1071 1366 1336 1438 ψήφους)·
1366 1367 1400 1440 ἢ
1433 1369 1815 1440 αἰσχυνόμενοι

233 1447 296 1500 τὸ
316 1449 412 1502 ἐπὶ
446 1451 785 1524 μικροψυχίᾳ
825 1454 1048 1520 ἁλῶναι,
1083 1455 1470 1528 έναϐρύνονται
1501 1457 1577 1522 ὡς
1614 1475 1811 1530 κατορ-

235 1538 548 1604 θώσαντες
583 1545 680 1598 καὶ
710 1545 946 1615 μάλιστα
971 1549 1100 1602 ὅταν
1146 1550 1275 1620 περὶ
1317 1551 1516 1620 ἀδήλου
1553 1553 1816 1624 πράγμα-

231 1647 322 1695 τος
347 1631 380 1684 ὁ
406 1629 660 1706 λόγος·
691 1635 724 1707 ἢ
753 1639 835 1701 είς
863 1637 1097 1710 θεωρίας
1123 1643 1549 1712 καταφεύγουσι,
1577 1643 1638 1697 τὸ
1670 1646 1836 1718 πρᾶε.

236 1735 348 1789 γμα
386 1722 902 1794 ἀποδιδράσκοντες,
947 1728 1036 1782 ἵνα
1063 1729 1268 1795 δόξοιεν
1305 1731 1378 1803 μὴ
1412 1734 1477 1788 ὲκ
1515 1734 1808 1806 ῥᾳθυμίας,

1929 559 2209 617 eventibus
2273 562 2406 617 mihi
2466 566 2732 621 adversati
2796 565 3053 633 fuerunt,
3107 569 3303 626 deinde
3361 587 3494 628 vero

1926 647 2155 718 idipsum
2188 665 2286 718 pro
2315 651 2383 707 iis
2413 651 2595 708 facere
2623 663 2838 710 tcntans
2883 657 2975 726 qui
3009 657 3076 711 de
3120 658 3389 714 industria
3439 672 3496 716 et

1925 741 2104 794 studio
2131 743 2261 796 mihi
2294 743 2715 800 adversarentur
2749 761 2882 802 sane
2912 755 3024 800 tum
3053 758 3308 818 expertus
3344 766 3491 816 sum,

1925 829 2068 899 quod
2102 847 2207 886 non
2237 833 2339 887 nisi
2393 849 2489 890 ore
2533 845 2690 891 tenus
2747 837 2898 906 prius
2954 837 3006 893 id
3065 838 3336 896 fecissem.
3373 841 3491 896 Non

1923 921 2066 976 enim
2099 921 2168 977 iis
2196 923 2409 990 diliido,
2439 925 2530 994 qui
2566 927 2633 980 ad
2672 941 2938 981 summam
2985 941 3351 998 pervenerunt
3383 933 3491 986 vir-

1926 1018 2118 1078 tutem,
2155 1013 2264 1068 imo
2290 1016 2498 1081 gaudeo
2528 1026 2693 1086 atque
2714 1017 2848 1072 adeo
2881 1021 3246 1088 congratulor,
3277 1031 3493 1090 optem-

1923 1116 2028 1170 que
2063 1117 2129 1159 eo
2171 1105 2521 1173 perfectionis
2551 1109 2886 1178 pertingere.
2927 1108 3112 1179 Neque
3158 1113 3301 1166 enim
3347 1113 3490 1166 mul-

1930 1201 2106 1247 torum
2125 1192 2310 1250 laboro
2326 1193 2542 1250 invidiae
2551 1195 3107 1266 perturbatione,qui,
3127 1213 3245 1254 cum
3262 1201 3491 1272 alicujus

1923 1283 2138 1350 assequi
2173 1292 2446 1353 nequeant
2485 1285 2762 1352 virtutem,
2799 1285 3018 1344 absurdi
3053 1289 3185 1359 quid
3235 1291 3492 1345 commit-

1925 1378 2045 1425 tunt
2071 1389 2086 1424 :
2117 1372 2201 1426 vel
2229 1373 2370 1428 enim
2403 1375 2646 1431 invident
2675 1387 2826 1432 recte
2877 1380 3190 1449 agentibus,
3239 1390 3295 1436 et
3323 1397 3391 1436 ex
3423 1382 3490 1438 iis

1920 1475 2040 1530 quae
2067 1473 2230 1530 agunt
2255 1463 2320 1517 de
2368 1463 2488 1519 aliis
2534 1464 2780 1533 iudicant
2813 1467 3012 1534 (solent
3069 1471 3212 1523 enim
3249 1471 3492 1540 plerique

1919 1564 2109 1606 omnes
2131 1566 2194 1606 ex
2231 1553 2343 1608 suis
2373 1554 2474 1624 ipsi
2508 1557 2668 1610 rebus
2714 1559 2781 1611 de
2821 1557 2942 1612 aliis
2993 1557 3136 1614 ferre
3176 1559 3493 1630 judicium),

1919 1641 2004 1696 vel
2032 1643 2156 1696 dum
2195 1645 2362 1714 pudet
2385 1645 2506 1700 illos
2528 1647 2991 1715 pusillanimitatis
3023 1649 3202 1718 argui,
3251 1651 3496 1719 glorian-

1927 1740 2034 1796 tur,
2069 1733 2221 1801 quasi
2251 1742 2398 1788 recte
2455 1734 2686 1789 fecerint
2736 1735 3078 1807 maximeque
3121 1753 3244 1792 cum
3300 1739 3368 1793 de
3434 1753 3494 1794 re

231 1809 350 1865 ἀλλ’
385 1811 500 1866 ἀπὸ
531 1813 771 1886 κρίσεως
795 1817 984 1886 ὑγιοῦς
1029 1819 1104 1890 μὴ
1144 1821 1589 1892 κατωρθωκέναι.
1640 1827 1816 1899 Ὅπερ

1920 1823 2124 1877 incerta
2165 1823 2330 1878 verba
2399 1823 2553 1879 fiunt.
2593 1825 2692 1880 Vel
2733 1827 2966 1896 denique
3016 1829 3083 1882 ad
3123 1828 3496 1898 contemplan-

229 1901 388 1966 τινάς
431 1899 550 1960 οῖδα
605 1907 883 1973 παθόντας
931 1909 1042 1979 ἐγὼ
1083 1911 1193 1965 τῶν
1233 1913 1309 1984 μὴ
1339 1915 1672 1986 δυνηθέντων
1709 1935 1812 1972 κα-

229 1991 530 2064 τορθῶσαι,
552 1997 710 2066 μηδὲ
731 1997 841 2053 δύο
862 2000 1138 2069 χιτῶνας.
1171 2004 1370 2076 Ἐχρῆν
1392 2006 1502 2078 7&9
1521 2007 1594 2078 μὴ
1616 2009 1813 2075 εἰπεῖν,

226 2079 312 2135 ὅτι
337 2082 685 2158 θεωρηθῆναι
711 2089 839 2162 χρὴ,
868 2091 1006 2146 ἀλλὰ
1029 2092 1308 2164 θαυμάσαι
1341 2096 1440 2165 μὲν
1459 2099 1587 2160 τοὺς
1613 2115 1814 2170 κατορ-

227 2171 540 2243 θώσαντας,
589 2177 928 2252 ὁμολογῆσαι
972 2183 1030 2238 δὲ
1061 2184 1253 2239 τούτου
1285 2187 1380 2241 τοῦ
1410 2187 1574 2243 ἄθλου
1619 2190 1815 2244 ἀπολε-

222 2263 470 2337 λεῖφθαι.
523 2269 672 2340 Ἐγὼ
713 2270 824 2344 7&9
855 2274 1100 2340 ἐκείνους
1149 2277 1386 2346 μάλιστα
1425 2280 1810 2352 ἀνακηρύττω,

222 2359 356 2423 τοὺς
383 2357 692 2426 ἀνύσαντας
717 2362 862 2436 ἀπερ
891 2366 1030 2432 τέως
1050 2367 1246 2424 ἀνύσαι
1279 2372 1380 2424 οὐκ
1411 2371 1702 2443 ἠδυνήθην.

1917 1913 2049 1967 dum
2080 1927 2140 1968 se
2161 1914 2452 1984 recipiunt,
2487 1915 2754 1970 actionem
2785 1916 3136 1985 refugientes,
3170 1931 3236 1972 ne
3269 1918 3490 1973 videan-

1925 2011 2014 2058 tur
2043 2018 2108 2057 ex
2149 2003 2356 2072 ignavia
2402 2005 2764 2076 socordiaque
2811 2007 2906 2062 sed
2955 1992 3089 2062 sano
3131 2007 3340 2078 judicio
3377 2023 3486 2064 non

1924 2101 2071 2149 recte
2105 2093 2319 2150 fecisse.
2363 2092 2517 2160 Quod
2573 2097 2764 2152 multis
2810 2098 2925 2152 scio
2981 2113 3083 2152 usu
3136 2099 3372 2160 venisse.
3424 2099 3493 2154 iis

1919 2187 2219 2254 praesertim
2263 2187 2356 2257 qui
2389 2188 2517 2242 illud
2561 2202 2782 2243 servare
2844 2203 2952 2242 non
3013 2191 3222 2260 possint
3272 2206 3287 2244 :
3348 2189 3492 2244 Duas

1921 2279 2124 2332 tunicas
2151 2295 2242 2333 nec
2295 2279 2586 2334 habeatis‘.
2645 2277 2762 2334 Non
2803 2279 2950 2334 enim
3010 2280 3318 2346 dicendum,
3365 2295 3497 2335 con-

1917 2367 2251 2437 templationi
2279 2369 2511 2424 dandam
2539 2367 2785 2438 Operam,
2840 2371 2934 2425 sed
2981 2371 3359 2424 admirandum
3403 2384 3500 2427 eos

224 2449 323 2518 qui
377 2463 532 2507 recte
577 2467 644 2508 ac
685 2456 945 2524 praeclare
993 2457 1120 2526 quid
1145 2469 1306 2530 agant
1349 2478 1365 2516 :
1431 2460 1798 2518 conﬁtendum
1869 2475 2000 2516 vero
2033 2461 2133 2520 hoc
2169 2473 2227 2514 se
2309 2460 2606 2516 certamine
2647 2449 2820 2526 vinci;
2861 2470 2918 2515 et
2963 2475 2994 2515 a
3031 2469 3181 2530 tergo
3236 2461 3493 2532 relinqui.

227 2545 342 2616 Ego
375 2561 514 2604 sane
558 2547 683 2605 illos
721 2551 959 2606 maxime
989 2554 1224 2623 praedico
1271 2556 1362 2626 qui
1412 2557 1468 2613 id
1521 2565 1800 2630 praestant,
1839 2557 1982 2628 quod
2018 2556 2131 2626 ipse
2165 2555 2426 2610 hactenus
2454 2569 2558 2609 non
2600 2555 2746 2625 potui
2773 2565 3056 2624 praestare.

681 2655 848 2726 Τιιθν.
880 2689 952 2701 -
980 2661 1358 2736 ΜΑΡΤΥΡΙῼ.

2281 2661 2596 2721 CCCXCIX.
2635 2693 2708 2704 —-
2728 2662 3116 2721 MARTYRIO.

839 2768 1103 2834 Temporis
1126 2769 1261 2824 ratio
1287 2769 1549 2824 habenda.
1581 2767 1808 2826 Occasio
1841 2784 1948 2825 non
1978 2767 2310 2840 negligenda.
2344 2767 2529 2839 (Conf.
2561 2769 2714 2838 epist.
2743 2768 2896 2840 266.)

301 2867 566 2941 ’Δριστόν
593 2869 772 2938 ἐστιν,
808 2865 854 2926 ὧ
888 2871 1110 2944 φίλτατε
1131 2914 1146 2939 ,
1175 2875 1237 2930 τὺ
1265 2877 1458 2948 χρόνου
1493 2877 1768 2947 φείδεσθαι
1791 2893 1808 2912 ο

215 2959 330 3014 οὐκ
363 2961 616 3031 ἀνέχεται
651 2961 762 3033 7&9
787 2958 944 3028 αὖθις
973 2965 1262 3037 ὲπιφοιτᾷν
1281 3007 1296 3032 ,
1327 2967 1452 3020 οὔτε
1482 2967 1659 3038 μάτην
1683 2969 1816 3022 ἀνα-

1987 2875 2238 2946 Temperi
2261 2890 2483 2946 parcere
2503 2875 2766 2945 optimum
2785 2885 2890 2943 est,
2919 2875 3247 2939 amicissime
3271 2893 3285 2931 :
3318 2883 3498 2932 trans-

1915 2967 2048 3022 itum
2086 2966 2230 3022 enim
2253 2981 2358 3020 non
2390 2966 2550 3032 redit,
2591 2981 2691 3022 nec
2728 2966 2868 3022 male
2899 2966 3241 3029 collocatum,
3299 2966 3490 3022 eadem

216 3049 427 3116 λωθεὶς
463 3051 568 3123 τὴν
611 3051 784 3122 αὐτὴν
813 3053 1178 3126 ὑποστρέφειν
1215 3057 1366 3111 ὀδόν⁸
1401 3057 1552 3130 νόμῳ
1605 3058 1662 3112 δὲ
1707 3058 1812 3129 φύ-

1919 3057 2209 3112 revertitur
2249 3057 2361 3114 via.
2411 3056 2770 3112 lndissolubili
2823 3057 2968 3112 enim
3000 3067 3210 3112 naturae
3260 3057 3360 3126 legi
3407 3057 3500 3112 ob-

217 3157 372 3205 σιως
423 3140 608 3212 ἀλύτῳ
662 3142 982 3215 πειθόμενος
1034 3145 1350 3216 (ὠκύτατος
1391 3147 1502 3219 γάρ
1553 3151 1668 3203 ἐστι
1717 3149 1815 3203 καὶ

211 3230 594 3302 ταχύτατος),
631 3232 744 3288 θέει
781 3233 880 3304 μὲν
907 3235 1170 3306 ἀκίχητον
1205 3237 1436 3308 δρόμον,
1471 3223 1732 3293 λαϐέσθαι
1755 3238 1814 3292 δὲ

210 3323 344 3386 τοῖς
369 3319 716 3393 βουλομένοις
743 3323 803 3376 ού
831 3321 1065 3378 δίδωσιν.
1099 3323 1308 3378 οὐκοῦν
1339 3324 1446 3396 χρὴ
1477 3325 1694 3396 ἔχεσθαι
1719 3325 1816 3381 αὒ-

210 3410 328 3467 τοῦ
363 3411 762 3484 πλησιάζοντος
779 3428 796 3444 ⁸
825 3407 938 3469 οἷόν
959 3431 1020 3468 τε
1050 3415 1160 3486 7&9
1187 3415 1310 3469 τότε
1339 3415 1481 3468 έλεϊν
1518 3417 1608 3469 καὶ
1640 3433 1812 3470 κατα-

217 3503 404 3575 σχεῖν.
435 3503 928 3576 Παριππεύσαντος
959 3507 1070 3575 7&9
1095 3507 1190 3560 καὶ
1213 3505 1275 3560 τὸ
1301 3503 1656 3576 μεταδιώκειν
1676 3507 1810 3579 ἀνή-

219 3611 390 3652 νυτον
405 3636 423 3664 ,
453 3597 551 3652 καὶ
573 3595 636 3652 τὸ
657 3595 1098 3668 καταλαμϐάνειν
1129 3598 1436 3669 ἀμήχανον.

619 3704 698 3761 ιν.
732 3735 805 3748 -
832 3703 1098 3778 ΕΡΜΙΝῼ
1128 3705 1426 3761 KOMHTI.

1921 3157 2228 3218 temperans
2265 3149 2686 3218 (velocissimum
2729 3155 2812 3204 est
2861 3149 3007 3204 enim
3039 3163 3102 3202 ac
3126 3145 3496 3218 celerrimum)

1919 3239 2520 3309 incomprehensibilem
2561 3238 2734 3294 currit
2788 3253 3034 3302 cursum,
3071 3245 3130 3292 ut
3159 3237 3278 3306 capi
3307 3253 3337 3290 a
3398 3252 3498 3292 vo-

1917 3329 2061 3384 leutc
2088 3339 2340 3399 nequeat.
2370 3328 2620 3384 Praesens
2668 3328 2850 3396 itaque
2882 3335 3094 3397 tempus
3123 3325 3496 3396 arripiendum

1917 3429 2023 3484 est,
2053 3428 2182 3473 tunc
2213 3421 2356 3474 enim
2388 3420 2794 3488 apprehendere
2834 3418 3000 3473 liceat
3057 3432 3122 3472 ac
3158 3417 3344 3486 potiri.
3386 3415 3499 3471 οι).

1918 3509 2176 3579 equitans
2215 3521 2397 3564 autem
2433 3523 2498 3564 ac
2545 3511 2838 3564 decurrens
2891 3507 3014 3578 capi
3061 3522 3170 3564 non
3225 3513 3404 3578 potest
3433 3519 3499 3562 ac

1919 3600 2324 3670 comprehendi.

2263 3705 2371 3760 CD.
2409 3735 2480 3746 —
2529 3703 2838 3760 HERMINO
2884 3703 3147 3761 COMITI.

1087 3806 1156 3862 In
1181 3809 1348 3864 malos
1383 3817 1621 3880 pastores
1648 3825 1804 3880 pecus
1834 3809 2192 3883 degiubenles,
2235 3813 2427 3868 Ezech.
2461 3829 2646 3871 xxxiv.

294 3937 397 4012 Μὴ
445 3935 724 4010 θαύμαζε,
767 3937 819 3992 εί
875 3937 1144 3994 τοσούτων
1185 3939 1463 4010 ποιμένων
1511 3938 1818 4011 λεγομένων

1984 3940 2104 3997 Noli
2153 3941 2413 3998 admirari
2467 3950 2546 3996 tot
2599 3947 2984 4010 tantorumque
3045 3948 3324 4008 pastorum
3361 3954 3497 3998 oves

209 4030 300 4086 τὰ
325 4027 580 4102 πρόϐατα
611 4027 889 4085 λυκοῢται.
923 4027 1190 4084 Τοσοῦτον
1224 4030 1334 4101 7&9
1361 4029 1625 4101 ἀπέχουσί
1670 4046 1817 4094 τινες

1919 4031 2078 4086 veluti
2143 4045 2172 4085 a
2226 4031 2368 4101 lupis
2413 4029 2687 4086 dilaniari.
2726 4027 2956 4094 Quidam
3005 4028 3149 4082 enim
3183 4027 3314 4098 (non
3345 4028 3494 4084 enim

212 4119 290 4186 δε
352 4119 536 4174 αὐτῶν
595 4117 696 4191 (οὐ
772 4118 882 4190 7&9
947 4118 1157 4182 πάντας
1210 4118 1522 4188 αἰτιατέον)
1568 4119 1663 4174 τοῦ
1717 4137 1816 4190 φυ-

211 4205 450 4262 λάττειν
489 4205 588 4261 καὶ
639 4205 1018 4278 ἐπιμελεῖσθαι
1039 4245 1055 4270 ,
1091 4207 1175 4260 ὅτι
1206 4207 1329 4260 οὐδὲ
1360 4207 1540 4261 κυνῶν
1581 4207 1814 4278 μιμοῦν-

1913 4119 2202 4176 accusandi
2233 4117 2446 4188 omnes)
2473 4126 2683 4174 tantum
2713 4117 2816 4173 sibi
2842 4123 3151 4186 temperant
3180 4132 3209 4170 a
3237 4116 3495 4172 custodia

1911 4219 1966 4264 et
1994 4223 2144 4276 cura,
2177 4218 2238 4264 ut
2269 4223 2336 4264 ne
2353 4223 2546 4262 canum
2577 4207 2981 4278 680quidem
3011 4219 3229 4275 gregem
3263 4221 3494 4261 servan-

213 4313 324 4352 ται
362 4296 566 4368 τρόπον
598 4297 1005 4366 φυλαττόντων,
1039 4297 1175 4352 ἀλλὰ
1203 4297 1273 4352 τὰ
1298 4297 1478 4352 λύκων
1505 4298 1708 4370 δρῶσι,
1741 4299 1809 4354 τὰ

1919 4299 2046 4354 ιῑιιιιι
2089 4313 2294 4354 morem
2341 4307 2578 4364 teneant,
2635 4297 2728 4352 sed
2786 4297 3030 4366 luporum
3072 4303 3257 4366 partes
3290 4305 3475 4366 agant.

218 4383 486 4456 πρόϐατα
529 4385 926 4450 κατεσθίοντες.
975 4386 1052 4440 Οὐ
1101 4386 1210 4456 γὰρ
1235 4387 1470 4458 ἤρκεσεν
1516 4387 1702 4450 αὐτοῖς
1742 4388 1812 4442 τὰ

221 4473 357 4546 ἔρια
393 4475 490 4530 καὶ
539 4473 604 4529 τὸ
636 4475 810 4544 γάλα,
847 4475 986 4530 ἀλλὰ
1036 4475 1134 4530 καὶ
1183 4477 1364 4531 αὐτῶν
1397 4477 1638 4548 ἥψαντο,
1691 4478 1812 4550 οὐχὶ

215 4565 342 4621 ⁶τῶν
382 4566 652 4638 σωμάτων
679 4562 874 4639 (ἦττον
911 4567 1020 4638 γὰρ
1047 4569 1113 4622 ἃν
1139 4565 1238 4640 ἢν)
1254 4609 1268 4635 ,
1295 4568 1432 4622 ἀλλά
1459 4567 1570 4621 τῶν
1590 4567 1808 4638 ψυχῶν·

217 4655 344 4708 πᾶν
392 4655 494 4727 μὶν
537 4655 768 4728 λιπαρὸν
813 4655 1288 4727 κατασφάζοντες,
1331 4659 1442 4711 πᾶν
1479 4657 1537 4713 δὲ
1581 4657 1805 4718 ἀσθενὲς

213 4743 606 4816 παρορῶντες,
626 4747 736 4800 πᾶν
756 4746 815 4800 δὲ
834 4746 1372 4817 τετραυματισμένον
1393 4749 1456 4802 ού
1482 4748 1813 4818 θεραπεύον-

213 4852 344 4902 τες,
379 4833 441 4889 τὸ
468 4835 528 4890 δὲ
567 4837 789 4908 ἰσχυρὸν
831 4839 926 4892 καὶ
959 4837 1034 4910 μὴ
1063 4833 1210 4891 εἶκον
1239 4841 1308 4910 τῇ
1346 4839 1557 4910 ἀσωτίᾳ
1599 4839 1812 4908 αὐτῶν,

209 4925 405 4991 δόλοις
427 4927 526 4982 καὶ
553 4927 866 4993 ἐπιϐουλαῖς
894 4929 1376 5000 κατεργαζόμενοι.

480 5033 608 5092 TA’.
638 5065 712 5077 —
747 5036 1051 5112 ΔΩΡΟΘΕῼ
1079 5037 1568 5110 ΛΑΜΠΡΟΤΑΤῼ.

1919 4387 2104 4457 Neque
2131 4387 2274 4442 enim
2307 4389 2442 4444 satis
2471 4389 2674 4442 ducunt
2708 4387 2830 4440 lana
2883 4395 2939 4442 et
2979 4385 3122 4440 lacte
3173 4385 3272 4453 uti,
3318 4385 3410 4439 sed
3437 4395 3495 4440 et

1919 4477 2161 4547 ipsorum
2217 4479 2458 4547 rapiunt,
2503 4479 2606 4531 non
2641 4485 2748 4530 tam
2799 4489 3050 4544 corpora,
3109 4475 3256 4544 quod
3309 4475 3492 4530 minus

1916 4566 2078 4630 foret,
2114 4581 2278 4636 quam
2303 4567 2534 4630 animas,
2567 4579 2732 4634 pecus
2765 4579 2927 4618 omne
2965 4566 3166 4633 pingue
3198 4566 3493 4618 absumen-

1911 4666 2074 4722 tes,et
2099 4659 2372 4712 inlirmum
2391 4655 2534 4726 quod
2564 4665 2647 4710 est
2673 4663 3102 4718 contemnentes,
3133 4663 3188 4708 et
3222 4654 3486 4724 quidquid

1913 4749 2098 4804 ltesum
2124 4749 2345 4803 vulnere
2367 4756 2448 4803 est
2467 4761 2573 4800 non
2594 4747 2946 4800 medicantes.
2968 4744 3238 4814 Quidquid
3267 4745 3484 4798 ﬁrmum

1914 4846 1998 4891 est
2025 4851 2088 4891 ac
2115 4838 2419 4913 robustum,
2465 4844 2653 4890 contra
2693 4843 2856 4904 atque
2896 4834 3204 4904 oportebat,
3251 4833 3492 4905 ingluvie

1918 4942 2039 4993 sua,
2075 4926 2355 4981 fraudibus
2389 4935 2550 4994 atque
2576 4925 2790 4980 insidiis
2821 4925 3312 4993 comprehendunt.

2098 5032 2229 5088 σοι.
2277 5062 2350 5073 -
2395 4998 2768 5088 nonorueo
2811 5030 2974 5093 vmo
3005 5031 3315 5088 CLABISS.

1130 5145 1374 5204 Veritatis
1401 5153 1501 5216 vis,
1532 5158 1580 5205 et
1622 5147 1893 5204 candoris.
1945 5143 2162 5212 Semper
2194 5143 2387 5198 veritas
2428 5143 2608 5196 vincit.

311 5268 518 5334 Ἡδέως
543 5269 612 5324 ἂν
639 5271 736 5324 καὶ
758 5269 1010 5342 ἀσμένως
1034 5273 1134 5344 τὴν
1165 5273 1420 5346 ἀλήθειαν
1447 5274 1623 5347 τιμῶν
1651 5276 1813 5348 ἡττῆ-

227 5361 362 5416 σθαι
390 5360 564 5427 δοκῶ,
590 5362 625 5434 ἢ
655 5361 985 5434 ψευδόμενος
1016 5363 1172 5418 νικῶ.
1216 5365 1523 5436 Ἀληθεύων
1555 5366 1654 5438 μὲν
1681 5367 1812 5438 γὰρ,

218 5451 336 5508 κᾶν
372 5451 642 5524 ἡττῆσθαι
663 5453 830 5519 δόξω,
859 5453 1121 5526 νενίκηκα
1141 5472 1156 5488 ο
1181 5455 1368 5531 ἀπάτῃ
1402 5456 1460 5511 δὲ
1493 5457 1776 5530 κρατήσας
1801 5493 1817 5521 ,

213 5544 337 5603 κᾶν
365 5546 714 5618 νενικηκέναι
749 5545 888 5614 δόξω
911 5587 925 5617 ,
952 5542 1218 5620 ἥττημαιῖ

298 5718 316 5752 ⁸
347 5717 541 5776 Matth.
559 5734 642 5789 .x,
677 5719 764 5776 ιο.

1989 5271 2206 5328 Lubens
2259 5271 2553 5341 volensque
2615 5270 2898 5325 veritatem
2971 5271 3246 5326 honorans
3310 5269 3492 5324 malim

1916 5362 2084 5427 vinci,
2120 5377 2282 5432 quam
2315 5361 2546 5418 mendax
2573 5360 2816 5416 vincere.
2849 5359 2988 5415 Vera
3019 5361 3217 5416 etenim
3245 5373 3492 5424 narrans,

1917 5454 2019 5509 etsi
2051 5453 2194 5508 vinci
2219 5451 2426 5517 videar,
2474 5451 2652 5508 vinco.
2687 5450 2820 5508 Dolo
2876 5466 3004 5506 vero
3044 5451 3184 5506 malo
3207 5464 3492 5521 superans,

1922 5544 2136 5602 tametsi
2163 5543 2360 5600 vicisse
2393 5542 2600 5611 videar,
2625 5543 2802 5600 victus
2833 5542 2988 5598 abeo.
