4070 6390
683 313 818 378 1567
1884 314 1944 373 s.
1986 313 2278 374 ISIDORI
2316 312 2753 373 PELUSlOTzE
3755 329 3862 397 1553

678 428 833 483 Clill.
882 458 948 468 ——
1003 426 1049 480 Μ
1067 425 1779 552 ὶΠΤΙΝέὸέῼΚΤΖὲἶῧΙΜΟ,
1834 426 2100 482 MARONI
2158 427 2247 482 ΕΤ
2277 436 2321 492 Α
2356 427 2479 483 ΥΒ⁸.
2520 459 2587 469 -
2635 428 3086 551 MAPTINIAIEQF

2370 427 2479 483 [‘B'.
2520 459 2587 469 —
2635 428 3425 556 ΜΑΡΤΙΝΙΑλὲῆἍέιιὸΣΙΜῼ,
3471 439 3736 509 ΜΑΡΩΝΙ,
3771 449 3863 502 Et.

1884 612 2083 667 Suada
2121 629 2152 664 α
2175 612 2393 666 libidine
2419 623 2730 682 temperare.

753 720 1199 789 Quandoquidem
1237 721 1489 787 ignorare
1534 735 1629 775 vos
1668 722 1939 777 simulatis
1992 721 2251 790 improbi—
2442 722 2660 792 Ἐπειδὴ
2689 724 2901 792 ἀγνοεῖν
2936 741 3086 794 προσι

2442 722 2660 792 Ἐπειδὴ
2689 724 2901 792 ἀγνοεῖν
2936 724 3339 794 προσποιεῖσθε,
3381 726 3458 780 ὅτι
3490 730 3520 800 ἡ
3550 734 3697 787 κακία
3720 737 3868 809 πάσης

680 819 841 863 tatem
872 811 1016 863 uumi
1061 824 1182 864 esse
1219 823 1377 875 poma
1421 810 1810 877 molestiorem,
1855 826 2065 881 acquum
2114 811 2241 865 duxi
2358 811 2630 882 τιμωρίας
2667 815 2783 866 ἐστὶ
2830 814 3085 883 χαλεπωτ

2370 811 2630 882 τιμωρίας
2667 815 2783 866 ἐστὶ
2830 814 3226 884 χαλεπωτέρα,
3271 815 3554 872 ἐδικαίωσα
3594 823 3710 876 αὑτὸ
3743 828 3872 883 τοῦτο

682 903 731 954 id
761 900 1089 971 signiﬁcare.
1132 901 1187 956 Si
1218 911 1399 955 autem
1429 917 1525 957 vos
1555 902 1654 971 ipsi
1685 903 1939 972 decipitis
1982 902 2252 957 illecebris
2363 900 2622 971 μηνῦσαι.
2656 902 2718 956 Et
2739 903 2797 956 δὲ
2833 905 3061 966 ἑαυτοὺς

2370 900 2622 971 μηνῦσαι.
2656 902 2718 956 Ei
2739 903 2797 956 δὲ
2833 905 3061 966 ἐαυτοὺς
3091 902 3513 972 παραλογίζεσθε
3541 908 3637 962 ὑπὸ
3655 913 3750 966 τῶν
3770 916 3873 984 ήδο-

684 990 1013 1060 voluptatum
1065 992 1296 1061 decepti,
1336 991 1600 1061 supplicia
1647 1007 1769 1061 quze
1817 992 1922 1047 sibi
1988 993 2251 1059 intempe-
2361 990 2468 1042 νῶν
2504 990 2948 1063 κολακευόμενοι,
2985 995 3086 1046 ἐνν‹

2370 990 2468 1042 νῶν
2504 990 2948 1063 κολακευόμενοι,
2985 995 3273 1064 ἐννοήσατε
3313 995 3403 1047 καὶ
3430 995 3524 1059 τὰς
3554 999 3778 1063 κολάσεις
3800 1005 3877 1068 τὰς

689 1081 863 1133 rantia
914 1091 1079 1148 atque
1138 1080 1302 1136 libido
1356 1081 1615 1147 arcessit,
1653 1089 1709 1136 et
1764 1094 1982 1152 semper
2037 1080 2245 1150 pendit,
2358 1080 2716 1153 τῇἀκολασίᾳ
2746 1084 3086 1154 χρεωστουμέ

2370 1080 2424 1151 τῇ
2452 1081 2716 1153 ἀκολασίᾳ
2746 1084 3214 1154 χρεωστουμένας,
3242 1085 3337 1137 καὶ
3367 1085 3574 1149 πάντως
3601 1089 3874 1162 ἀποδοθησο-

685 1173 1019 1240 perpendite.
2362 1171 2532 1242 μένας
2550 1212 2565 1238 ,
2601 1175 2695 1227 καὶ
2725 1176 3013 1245 ἀπόστητε,
3030 1193 3086 1228 το

2370 1171 2532 1242 μένας
2550 1212 2565 1238 ,
2601 1175 2695 1227 καὶ
2725 1176 3013 1245 ἀπόστητε,
3030 1176 3255 1246 ταύτης.

1155 1299 1334 1358 CDlll.
1362 1333 1430 1345 —
1464 1300 1754 1360 SERENO.
2867 1303 2990 1358 ΥΓ’.
3025 1335 3086 1344 -

2867 1303 2990 1358 rr'.
3025 1335 3095 1344 —
3125 1305 3419 1376 ΣΕΡΗΝῼ.

1530 1418 1708 1472 Animi
1741 1415 2033 1469 moderatio
2054 1415 2109 1469 in
2138 1414 2404 1484 prosperis
2440 1414 2775 1484 adversisque
2805 1417 3086 1474 servanda.

755 1523 988 1579 Nimium
1016 1526 1268 1593 gaudium
1322 1527 1494 1597 magis
1545 1528 1815 1583 interdum
1861 1540 2025 1596 quam
2080 1524 2257 1579 luctus
2438 1525 3086 1597 Ἔστινότεχαρὰᾶμετμ

2438 1525 2625 1578 Ἔστιν
2640 1526 2727 1578 ὅτε
2744 1525 2885 1597 χαρὰ
2902 1526 3137 1596 ἄμετρος
3152 1524 3329 1595 λύπης
3346 1525 3504 1579 πλέον
3522 1527 3615 1598 τὴν
3633 1529 3784 1599 ψυχὴν
3794 1532 3872 1583 ἁδι-

683 1620 866 1667 auimo
907 1626 1083 1671 nocet.
1116 1616 1250 1671 Nam
1275 1632 1370 1686 spe
1402 1619 1652 1673 attollens
1682 1619 1821 1673 bona
1844 1626 2024 1672 mente
2055 1622 2255 1678 movet,
2365 1621 2466 1673 κεῖ.
2506 1618 2568 1671 Ἡ
2601 1618 2827 1689 μὲνγὰρ
2848 1620 3086 1688 ἁναπτερ

2370 1621 2466 1673 κεῖ.
2506 1618 2568 1671 Ἡ
2601 1618 2700 1688 μὲν
2717 1619 2827 1689 γὰρ
2848 1619 3145 1688 ἀναπτεροῖ
3179 1618 3276 1671 καὶ
3303 1618 3622 1688 παράφρονα
3638 1620 3783 1689 αὑτήν
3806 1623 3876 1690 ἐρ-

682 1713 996 1774 naturteque
1050 1707 1257 1762 inducit
1304 1708 1527 1765 oblivia.
1600 1707 1802 1763 Luctus
1847 1722 1977 1762 vero
2024 1705 2259 1761 hominis
2292 1736 2334 1791 Β
2361 1711 2618 1777 γάζεται,
2662 1711 2757 1763 καὶ
2800 1711 2899 1781 τῆς
2928 1708 3086 1779 (posse

2370 1711 2618 1777 γάζεται,
2662 1711 2757 1763 καὶ
2800 1711 2899 1781 τῆς
2928 1708 3144 1779 φύσεως
3187 1708 3361 1779 λήθην
3409 1709 3637 1777 ἐμποιεῖ.
3675 1709 3733 1761 'll
3761 1708 3807 1760 δέ
3837 1711 3885 1760 τὺ

685 1806 918 1850 mentem
966 1800 1344 1855 demissioer
1417 1800 1618 1866 reddit,
1672 1800 1980 1869 {astumque
2048 1797 2250 1866 dejicit,
2360 1799 2613 1870 φρόνημα
2646 1800 2815 1871 αὐτῆς
2842 1801 3086 1853 ταπεινοῖ

2370 1799 2613 1870 φρόνημα
2646 1800 2815 1871 αὐτῆς
2842 1801 3125 1865 ταπεινοῖ,
3157 1798 3252 1853 καὶ
3277 1799 3340 1851 τὸ
3380 1798 3605 1868 φύσημα
3631 1801 3783 1862 κενοῖ,
3813 1800 3888 1849 καὶ

683 1902 900 1955 suasque
928 1889 1055 1943 facit
1083 1891 1406 1945 conditionis
1432 1907 1727 1947 memorem
1768 1892 1998 1947 :virtuti
2024 1891 2255 1958 denique
2358 1889 2461 1958 τῆς
2513 1889 2728 1958 φύσεως
2771 1891 3086 1962 ὑπομιμνήσ

2370 1889 2461 1958 τῆς
2513 1889 2728 1958 φύσεως
2771 1891 3212 1962 ὑπομιμνήσκει,
3279 1890 3376 1943 καὶ
3424 1891 3502 1952 είς
3561 1888 3740 1959 ἀρετὴν
3788 1905 3890 1940 συν-

684 1979 951 2047 οειτὶιιεῑι.
1015 1978 1208 2034 Gaudii
1248 1980 1433 2051 itaque
1482 1992 1537 2038 et
1578 1982 1757 2037 luctus
1805 1983 2064 2037 victorem
2100 1982 2255 2035 decet
2359 1979 2593 2033 ελαύνει.
2639 1980 2760 2051 Χρὴ
2798 1977 2892 2034 οὖν
2923 1981 3018 2034 καὶ
3052 1999 3085 2051 χ

2370 1979 2593 2033 ελαύνει.
2639 1980 2760 2051 Χρὴ
2798 1977 2892 2034 οῦν
2923 1981 3018 2034 καὶ
3052 1982 3227 2051 χαρᾶς
3273 1983 3369 2035 καί
3409 1981 3581 2050 λύπης
3612 1979 3894 2049 ὑψηλότερον

682 2080 840 2120 esse:
870 2078 1158 2139 utrumque
1188 2072 1352 2127 etiam
1385 2073 1664 2128 moderate
1717 2079 2142 2141 constanterque
2181 2071 2259 2124 fe-
2365 2068 2503 2125 εἶναι
2526 2110 2540 2135 ,
2573 2072 2669 2125 καὶ
2709 2071 2946 2143 μετρίως
2989 2074 3084 2126 καὶ

2370 2068 2503 2125 εἶναι
2526 2110 2540 2135 ,
2573 2072 2669 2125 καὶ
2709 2071 2946 2143 μετρίως
2989 2074 3084 2126 καὶ
3123 2072 3506 2143 ἐπιστημόνως
3537 2071 3632 2142 τὴν
3672 2070 3895 2139 ἑκατέρας

683 2157 934 2211 rcndum.
2366 2162 2554 2234 φέρειν
2580 2161 2787 2231 ἔφοδον.

2370 2162 2554 2234 φέρειν
2580 2161 2787 2231 ἔφοδον.

999 2265 1180 2323 CDIV.
1222 2299 1280 2309 —
1313 2269 1586 2325 HIERACI
1626 2268 1945 2327 DIACONO.
2734 2271 2855 2324 I’A’.
2890 2300 2963 2313 —
2992 2271 3228 2324 IEPAKI
3267 2268 3571 2332 ΔΙΑΚΟΝο

688 2376 950 2435 Hortatur
972 2393 1050 2449 ut,
1083 2400 1201 2439 cum
1233 2386 1396 2440 animi
1430 2388 1668 2442 morbum
1697 2398 1998 2459 cognoscat,
2038 2389 2152 2459 ejus
2180 2389 2707 2529 inetumggustredelw.
2741 2388 2918 2461 (Cani.
2958 2389 3027 2443 ad
3068 2406 3086 2444 ε

2145 2474 2253 2528 epts
2282 2498 2299 2514 .
2448 2502 2457 2512 .

2370 2390 2447 2515 East
2466 2389 2707 2529 )medelte.
2741 2388 2918 2461 (Couf.
2958 2389 3027 2443 ad
3068 2390 3314 2444 eumdem
3344 2390 3496 2459 epist.
3524 2389 3644 2454 155,
3678 2400 3721 2444 et
3748 2390 3823 2444 ίὶίι.
3846 2403 3888 2450 ll,

2145 2468 2299 2528 epist.
2333 2468 2457 2515 258.

757 2561 883 2617 Plus
932 2573 1104 2632 potest
1161 2568 1474 2636 aegrotantis
1517 2569 1876 2637 propositum,
1932 2568 1979 2623 si
2034 2583 2254 2637 persua-
2433 2566 2544 2619 Καὶ
2570 2563 2662 2619 τοῦ
2695 2564 2881 2634 ίατροῦ
2913 2564 3018 2618 κᾶν
3038 2564 3086 2634 ἄι

2433 2566 2544 2619 Καὶ
2570 2563 2662 2619 τοῦ
2695 2564 2881 2634 ίατροῦ
2913 2564 3018 2618 κᾶν
3038 2564 3260 2634 ἄριστος
3288 2567 3396 2635 εἴη,
3421 2565 3514 2619 καὶ
3536 2565 3638 2618 τῶν
3663 2565 3892 2636 ponem-

686 2657 817 2709 serit
843 2656 945 2710 sibi
974 2672 1033 2711 se
1053 2671 1335 2727 aegretare,
1363 2660 1525 2713 etiam
1554 2660 1608 2714 iu
1637 2662 1828 2714 morbo
1851 2673 2046 2714 curatu
2076 2659 2250 2724 facili,
2363 2673 2469 2709 των
2499 2656 2603 2709 κᾶν
2634 2656 2805 2708 πολλὰ
2835 2657 2919 2728 εἴη
2947 2657 3040 2711 καὶ
3068 2675 3086 2708 ι

2370 2673 2469 2709 των
2499 2656 2603 2709 κᾶν
2634 2656 2805 2708 πολλὰ
2835 2657 2919 2728 εἴη
2947 2657 3040 2711 καὶ
3068 2656 3363 2727 πολυτελῆ,
3394 2657 3489 2711 καὶ
3517 2657 3606 2709 τοῦ
3641 2658 3892 2726 νοσήματος

686 2754 741 2800 et
770 2748 1053 2800 sanitatem
1083 2751 1345 2819 consequi
1397 2750 1632 2817 studeat,
1674 2767 1836 2820 quam
1885 2751 2127 2805 ntedicus
2163 2749 2257 2820 qui
2364 2748 2468 2802 xiv
2512 2748 2726 2801 εύῖατον
2775 2749 2893 2818 εἴη,
2946 2747 3086 2817 μᾶλλ

2370 2748 2468 2802 κᾶν
2512 2748 2726 2801 εύῖατον
2775 2749 2893 2818 εἴη,
2946 2747 3148 2817 μᾶλλον
3197 2748 3428 2801 δύναται
3466 2750 3501 2819 ή
3537 2748 3629 2800 τοῦ
3667 2747 3891 2808 νοσοῦντος

688 2836 1079 2890 medicamenta
1109 2838 1335 2907 plurima
1353 2849 1405 2893 et
1428 2842 1693 2908 exquisita
1721 2842 1932 2895 habeat.
1957 2839 2080 2893 Haec
2103 2842 2248 2893 enim
2366 2838 2685 2909 προαίρεσις
2712 2878 2726 2899 ,
2774 2840 2823 2893 εί
2868 2837 3086 2891 πείσειεε

2370 2838 2685 2909 προαίρεσις
2712 2878 2726 2899 ,
2774 2840 2823 2893 εἰ
2868 2837 3107 2891 πείσειεν
3148 2840 3347 2893 ἐαυτὸν
3383 2840 3466 2893 ὅτι
3505 2842 3679 2905 νοσεῖ,
3719 2839 3802 2891 καὶ
3838 2839 3896 2898 εἰς

688 2927 734 2980 si
760 2930 1377 2994 concurrantuniversa,
1398 2930 1641 2999 nihilque
1667 2932 2045 3000 praetermittat
2073 2946 2259 2984 eorum
2366 2929 2663 2999 θεραπείαν
2694 2928 2911 2982 ὁδεῦσαι
2947 2945 3083 2982 σπου

2370 2929 2663 2999 θεραπείαν
2694 2928 2911 2982 ὁδεῦσαι
2947 2929 3326 2983 σπουδάσειεν.
3375 2932 3441 2984 Ei
3487 2931 3596 3001 γὰρ
3637 2929 3723 2984 καὶ
3755 2930 3901 2981 ἐκεῖνα

688 3032 810 3085 quae
835 3018 901 3072 ad
954 3027 1156 3072 rectam
1207 3022 1479 3090 pertinent
1530 3024 1919 3087 valetudinem,
1969 3023 2101 3075 nihil
2156 3022 2261 3075 tale
2288 3060 2330 3117 ο
2367 3020 2546 3073 πάντα
2582 3018 2900 3089 συνδράμοι.
2940 3019 3036 3072 καὶ
3069 3038 3086 3087 ι

2370 3020 2546 3073 πάντα
2582 3018 2900 3089 συνδράμοι.
2940 3019 3036 3072 καὶ
3069 3020 3235 3089 μηδὲν
3275 3021 3678 3090 παραλειφθείη
3707 3019 3798 3072 τῶν
3825 3033 3901 3085 φε-

690 3119 917 3177 possuut
965 3109 1175 3189 eliicere
1238 3113 1283 3167 si
1338 3128 1482 3182 (eger
1530 3116 1805 3183 proposito
1856 3115 2169 3179 reluctctur,
2208 3126 2257 3168 et
2294 3109 2329 3117 V
2368 3110 2569 3181 ρόντων
2610 3111 2690 3173 είς
2744 3110 2973 3178 ὑγείαν,
3006 3110 3086 3162 οὑὶ

2370 3110 2569 3181 ρόντων
2610 3111 2690 3173 είς
2744 3110 2935 3178 ὑγείαν
2958 3149 2973 3174 ,
3006 3110 3158 3163 οὐδὲν
3201 3111 3467 3166 τοσοῦτον
3502 3111 3797 3181 δυνήσονται
3828 3109 3903 3176 τῆς

688 3196 940 3251 omnibus
968 3201 1300 3254 adversetur.
1327 3200 1383 3255 Si
1419 3212 1468 3258 te
1504 3204 1667 3269 igitur
1711 3205 1898 3257 morbo
1943 3205 2081 3258 noui
2117 3204 2264 3258 labo-
2364 3200 2740 3273 προαιρέσεως
2797 3201 2891 3255 τοῦ
2942 3200 3086 3271 κὰμν

2370 3200 2740 3273 προαιρέσεως
2797 3201 2891 3255 τοῦ
2942 3200 3247 3271 κάμνοντος
3297 3203 3789 3275 ἀντιπραττούσης,
3832 3199 3904 3253 καὶ

690 3301 836 3353 rare,
875 3304 982 3342 non
1009 3290 1225 3357 quidem
1245 3292 1499 3363 exiguum
1536 3296 1637 3349 hoc
1669 3294 1845 3365 (multi
1881 3297 2025 3348 enim
2051 3295 2260 3364 aegroti,
2361 3293 2570 3356 τούτοις
2624 3291 2795 3346 ἅπασι
2860 3291 3086 3361 πολεμοι

2370 3293 2570 3356 τούτοις
2624 3291 2795 3346 ἅπασι
2860 3291 3226 3361 πολεμούσης.
3286 3294 3353 3347 Et
3407 3294 3590 3348 τοίνυν
3648 3293 3734 3346 καὶ
3779 3290 3905 3350 αὐτὸς

690 3388 953 3446 a‘grotare
990 3395 1048 3434 se
1082 3381 1376 3448 nesciunt),
1399 3385 1463 3438 da
1491 3400 1712 3454 operam
1745 3385 2031 3456 diligenter
2053 3398 2108 3437 ut
2133 3402 2266 3442 cun.
2345 3381 2511 3447 ὀἶδας
2528 3384 2611 3437 ὃτι
2637 3385 2813 3446 νοσεῖς
2851 3383 2935 3442 (οὐ
2965 3400 3086 3453 μικε

2370 3381 2511 3447 οἶδας
2528 3384 2611 3437 ὄτι
2637 3385 2813 3446 νοσεῖς
2851 3383 2935 3442 (οὐ
2965 3383 3160 3453 μικρὸν
3182 3384 3241 3437 δὲ
3270 3384 3372 3439 καὶ
3394 3384 3556 3438 τοῦτο
3584 3400 3600 3415 ·
3639 3383 3802 3436 πολλοὶ
3821 3381 3904 3448 γὰρ

688 3469 948 3527 valescas.
979 3473 1334 3529 Convalesces
1370 3485 1551 3532 autem
1580 3478 1626 3532 si
1657 3478 1871 3532 coneris
1912 3476 2024 3545 ipse
2056 3474 2265 3530 efﬁcere
2363 3472 2645 3535 νοσοῦντες
2687 3471 2810 3524 οὐδὲ
2850 3472 2934 3525 ὅτι
2963 3488 3086 3524 νοσο

2370 3472 2645 3535 νοσοῦντες
2687 3471 2810 3524 οὐδὲ
2850 3472 2934 3525 ὅτι
2963 3470 3212 3524 νοσοῦσιν
3248 3472 3471 3544 ἴσασι),
3507 3473 3794 3527 σπούδασον
3837 3468 3906 3522 καὶ

693 3569 745 3613 te
778 3576 995 3626 sanum,
1025 3572 1078 3617 et
1110 3579 1140 3617 a
1170 3564 1276 3619 Deo
1299 3567 1519 3635 petieris
1547 3568 1621 3621 tui
1653 3568 2040 3637 ceguitionem,
2070 3582 2187 3636 qua:
2210 3576 2264 3621 et
2372 3562 2610 3632 ἰατρείας
2661 3564 2864 3633 τυχεῖν·
2902 3561 3086 3632 Τῦχοις

2372 3562 2610 3632 ἰατρείας
2661 3564 2864 3633 τυχεῖν.
2902 3561 3101 3632 Τύχοις
3149 3562 3245 3626 δὲ,
3284 3565 3340 3617 εί
3390 3564 3590 3618 σαυτὸν
3628 3561 3901 3621 συντείνοις,

693 3659 939 3705 naturam
975 3662 1030 3707 et
1060 3654 1373 3711 morborum
1404 3658 1545 3711 mala
1576 3660 1758 3714 omnia
1794 3660 1954 3715 facile
1977 3671 2218 3727 superat.
2370 3654 2467 3708 καὶ
2507 3654 2606 3725 τὴν
2656 3653 2808 3707 θείαν
2853 3651 3086 3706 καλεσει.

2370 3654 2467 3708 καὶ
2507 3654 2606 3725 τὴν
2656 3653 2808 3707 θείαν
2853 3651 3148 3717 καλέσειας
3201 3655 3300 3707 ἐπὶ
3362 3656 3567 3710 σαυτὸν
3613 3654 3900 3721 ἐπιστήμην.

2370 3749 2470 3817 τὴν
2497 3746 2592 3799 καὶ
2623 3744 2870 3814 φύσεως,
2895 3743 2991 3797 καὶ
3018 3745 3349 3815 νοσημάτων
3372 3788 3388 3813 ,
3420 3748 3520 3801 καὶ
3541 3746 3715 3816 πάσης
3742 3756 3898 3814 περιτιο

2348 3837 2601 3908 ’νομένην
2626 3834 2846 3897 κακίας.

888 3936 1053 4007 681
1083 3937 1686 3995 CDV.—PALLADIO
1737 3939 2055 3997 DIACOXU.
2676 3941 2800 3997 ΥΕθ.
2836 3971 2906 3982 -
2941 3941 3084 3995 ΗΑΛ

2676 3941 2800 3997 re.
2836 3971 2906 3982 —
2941 3941 3291 4013 ΠΑΛΛΑΔΙῼ
3324 3944 3659 4013 ΔιΑκοΝᾳ.

699 4049 873 4104 Monet
906 4060 961 4104 ut
995 4053 1136 4121 apud
1162 4068 1302 4119 eum,
1336 4053 1422 4106 cui
1451 4052 1821 4120 malediaterat,
1846 4058 2169 4182 apologiass‘e
2199 4065 2379 4183 ιίιὲὸῃεί
2409 4052 2657 4195 ξςὶἱὶὂηῑίε
2684 4065 2955 4123 peccatum
2986 4055 3107 4109 vitet
3139 4056 3193 4108 in
3222 4067 3523 4124 posterum.
3552 4055 3775 4128 (Confer.
3797 4051 3908 4117 epis!-

2165 4169 2179 4191 .
2333 4142 2360 4180 ε
2522 4162 2533 4175 -

2165 4169 2179 4191 ,
2212 4142 2313 4183 wu
2333 4142 2379 4180 et
2409 4142 2533 4177 zu.

766 4248 878 4303 Etsi
913 4248 1158 4304 convicio
1190 4264 1217 4304 a
1245 4258 1295 4305 te
1337 4250 1585 4317 aﬂ’ecttts,
1617 4253 1694 4309 uti
1745 4254 1952 4311 clarum
2016 4259 2112 4314 tibi
2157 4267 2263 4328 est,
2441 4256 2504 4309 Et
2540 4254 2630 4309 καὶ
2658 4255 2687 4307 ό
2726 4254 3057 4325 λοιδορηθεὶς

2441 4256 2504 4309 Ei
2540 4254 2630 4309 καὶ
2658 4255 2687 4307 ὁ
2726 4254 3057 4325 λοιδορηθεὶς
3100 4257 3254 4326 παρὰ
3285 4257 3387 4311 σοῦ
3418 4257 3583 4328 δῆλός
3628 4258 3766 4309 ἐστιν
3789 4250 3915 4315 ἐξωρ-

694 4351 1034 4403 succenseat,
1076 4341 1321 4397 indicans
1369 4343 1643 4411 quomodo
1702 4345 1851 4400 brevi
1908 4362 1938 4401 a
1982 4358 2035 4403 te
2080 4362 2268 4419 poenas
2296 4346 2345 4407 D
2371 4345 2662 4417 γισμένοςν
2699 4347 3011 4415 ὑποφαίνων
3036 4365 3086 4400 τε

2371 4345 2626 4417 γισμένος
2646 4385 2662 4410 ,
2699 4347 3011 4415 ὑποφαίνων
3036 4365 3095 4400 τε
3125 4347 3201 4412 ὡς
3235 4348 3341 4402 οὐκ
3371 4351 3459 4413 είς
3498 4348 3712 4420 μακρὰν
3743 4342 3838 4415 (50)
3858 4337 3912 4391 δέ·

696 4431 937 4486 audacize
994 4432 1199 4503 exigat,
1226 4439 1486 4501 tanquam
1544 4433 1614 4490 ab
1660 4434 1858 4502 injurio
1891 4445 1947 4491 et
2002 4439 2269 4507 improbo,
2372 4454 2475 4500 κας
2515 4437 2809 4506 ἀπαιτήσει
2842 4435 2937 4489 τοῦ
2969 4438 3086 4507 τολι

2372 4454 2475 4500 κας
2515 4437 2809 4506 ἀπαιτήσει
2842 4435 2937 4489 τοῦ
2969 4438 3362 4508 τολμήματος,
3399 4440 3502 4493 ἅτε
3541 4436 3789 4507 ὑϐριστὴν
3822 4430 3915 4483 ὄντα

697 4524 860 4578 credo
904 4532 1082 4578 tamen
1122 4524 1478 4579 admonitioni
1510 4527 1685 4596 ipsum
1733 4524 2060 4596 pariturum,
2095 4544 2271 4597 neque
2373 4528 2467 4582 xui.
2509 4526 2847 4581 ἀτάσθαλον·
2902 4527 3038 4580 ἀλλὰ
3069 4546 3086 4579 τ

2373 4528 2467 4582 καὶ
2509 4526 2847 4581 ἀτάσθαλον·
2902 4527 3038 4580 ἀλλὰ
3069 4528 3352 4593 πιστεύω,
3411 4530 3493 4593 ὡς
3547 4528 3679 4593 sitiat
3709 4527 3768 4596 τῇ
3808 4534 3913 4586 περι

697 4628 757 4667 se
782 4614 1200 4669 vindicaturum.
1234 4616 1413 4683 Quare
1436 4617 1482 4671 si
1522 4622 1829 4675 mortalium
1864 4635 2078 4691 poenam
2130 4619 2268 4674 ell'u-
2372 4616 2606 4682 αινέοει,
2661 4616 2756 4669 καὶ
2802 4617 2903 4670 οὐκ
2944 4618 3086 4687 ἀμυν

2372 4616 2606 4682 αινεσει,
2661 4616 2756 4669 καὶ
2802 4617 2903 4670 οὐκ
2944 4618 3252 4687 ἀμυνεῖται.
3320 4620 3389 4672 Ei
3451 4621 3642 4674 τοίνυν
3688 4614 3917 4684 διαφύγοις

698 4705 851 4774 gies(
867 4706 1010 4775 quod
1041 4705 1279 4761 futurum
1313 4709 1533 4780 spero),
1562 4712 1787 4781 teipsmu
1817 4714 2121 4775 moderare,
2152 4719 2207 4764 et
2237 4724 2267 4763 a
2374 4708 2490 4763 vovi.
2533 4707 2631 4779 τήν
2663 4706 2813 4778 παρὰ
2864 4707 3086 4779 ἀνθρώπ

2374 4708 2490 4763 νυνὶ
2533 4707 2631 4779 τὴν
2663 4706 2813 4778 παρὰ
2864 4707 3173 4779 ἀνθρώποις
3214 4708 3384 4780 δίκην
3423 4707 3726 4780 (διαφεύξῃ
3754 4704 3832 4765 δὲ,
3860 4697 3914 4758 ὡς

699 4806 750 4849 te
782 4810 998 4868 panum
1028 4812 1272 4870 reposce,
1299 4811 1565 4857 metantea
1597 4810 1652 4858 te
1683 4804 1798 4871 ipse
1840 4802 2132 4872 ﬂagellans.
2165 4803 2270 4856 De-
2374 4795 2572 4870 οἶμαι),
2604 4799 2801 4853 σαυτὸν
2828 4799 3086 4869 σωφρόνιι

2374 4795 2572 4870 οἶμαι),
2604 4799 2801 4853 σαυτὸν
2828 4799 3183 4869 σωφρόνισον,
3204 4800 3300 4852 καὶ
3324 4800 3433 4871 τὴν
3462 4801 3626 4871 δίκην
3650 4797 3913 4861 ἀπαίτησον.

700 4886 942 4945 fensione
979 4904 1106 4946 vero
1134 4905 1197 4946 ac
1222 4894 1540 4962 purgatione
1572 4892 2263 4957 ltesomediciuamaﬂeres,
2373 4893 2441 4962 τῇ
2495 4891 2592 4960 μὲν
2623 4890 2878 4961 μετανοίᾳ
2910 4890 3086 4943 causa:

2373 4893 2441 4962 τῇ
2495 4891 2592 4960 μέν
2623 4890 2878 4961 μετανοίᾳ
2910 4890 3104 4944 σαυτὸν
3148 4892 3438 4961 μαστίζων
3458 4933 3476 4958 ,
3503 4895 3573 4963 τῇ
3610 4891 3668 4944 δὲ
3705 4878 3912 4947 ἀπολογίᾳ

705 4991 1064 5050 securumque
1117 4981 1312 5038 reddes
1373 4983 1628 5055 (dicens)
1693 4982 1810 5038 fore
1862 4991 1920 5037 ut
1976 4984 2085 5039 tale
2145 4982 2270 5048 quid
2376 4980 2467 5034 τὸν
2495 4980 2821 5052 ὑϐρισθέντα
2865 4980 3086 5052 θεραπει

2376 4980 2467 5034 τὸν
2495 4980 2821 5052 ὑϐρισθέντα
2865 4980 3214 5052 θεραπεύων,
3249 4983 3348 5035 καὶ
3381 4982 3468 5055 τῷ
3512 4982 3714 5053 μηκέτι
3738 4975 3796 5030 τὰ
3812 4965 3910 5023 αὐτὰ

707 5070 933 5137 posutac
956 5086 1063 5124 non
1088 5072 1417 5130 committas.
1448 5075 1504 5130 Si
1536 5091 1667 5131 vero
1716 5078 1996 5144 antiquum
2034 5075 2270 5141 obtines,
2378 5071 2509 5142 δρᾷν
2552 5070 2650 5142 τήν
2692 5072 2991 5140 ἀσφάλειαν
3032 5088 3086 5123 πε

2378 5071 2509 5142 δρᾷν
2552 5070 2650 5142 τὴν
2692 5072 2991 5140 ἀσφάλειαν
3032 5072 3423 5142 ποριζόμενος.
3482 5074 3547 5125 Εἰ
3581 5071 3689 5140 γὰρ
3724 5066 3813 5125 τοῖς
3842 5056 3910 5108 αὖ·

707 5159 810 5213 «ἒῑεὶ
842 5160 1123 5214 Ιιοηιὶηιηιὶ
1150 5163 1370 5235 επηεῖεε
1403 5167 1748 5237 supplicium,
1782 5166 1874 5221 Dei
1908 5182 2127 5221 manum
2166 5181 2269 5218 non
2379 5165 2491 5225 τοῖς
2536 5162 2816 5232 ὲπιμένοις
2838 5203 2852 5226 ,
2889 5163 2937 5215 εἰ
2976 5162 3072 5215 καλ⁸

2379 5165 2491 5225 τοῖς
2536 5162 2816 5232 ὲπιμένοις
2838 5203 2852 5226 ,
2889 5163 2937 5215 εἰ
2976 5162 3072 5215 καλ⁸
3099 5162 3199 5233 τὴν
3236 5162 3401 5234 παρὰ
3444 5162 3753 5234 ἀνθρώποις
3778 5148 3914 5207 λάθοις

705 5246 948 5321 cﬂugies.
2379 5250 2534 5323 δίκην
2555 5291 2569 5317 ,
2597 5253 2696 5321 τὴν
2726 5251 2874 5305 Θείαν
2904 5253 2966 5305 οὐ
2997 5252 3086 5322 λήο

2379 5250 2534 5323 δίκην
2555 5291 2569 5317 ,
2597 5253 2696 5321 τὴν
2726 5251 2874 5305 Θείαν
2904 5253 2966 5305 οὐ
2997 5252 3199 5322 λήσεις.

1807 5427 2044 5484 VARI}!!!
2078 5423 2467 5483 LECTIONES
2507 5426 2595 5482 ET
2627 5425 2856 5480 NOTAE.

774 5598 1026 5673 (5011ἰό
1051 5598 1280 5673 μοικρᾶιν⁵
1306 5599 1465 5673 iidem
1496 5600 1737 5673 scribunt
1762 5604 1980 5673 μικράν.
2016 5601 2168 5656 Vcrs.
2201 5603 2256 5673 5,
2369 5608 2491 5673 ante
2518 5599 2708 5673 δίκην,
2752 5612 2803 5655 ct
2852 5616 2992 5653 vers.
3044 5619 3086 5655 at

2370 5608 2491 5673 ante
2518 5599 2708 5673 δίκην,
2752 5612 2803 5655 ct
2852 5616 2992 5653 vers.
3044 5612 3222 5671 autcp.
3274 5619 3376 5672 pro
3427 5600 3716 5669 ἐπιμένοις
3762 5594 3913 5649 ίιαιιιιιι

709 5666 1003 5740 ἀπαιτήσει
1032 5666 1237 5721 mutant
1268 5668 1320 5721 itt
1352 5668 1617 5724 ἀποτίσει.
1652 5666 1801 5725 Vers.
1831 5666 1889 5737 τ,
1934 5674 2127 5727 tollunt
2165 5672 2261 5740 τὴν
2369 5666 2693 5738 ἐπιμείνοις.

2370 5666 2693 5738 ἐπιμείνοις.
