  <div class='ocr_page' id='page_1' title='image "/cluster/home/n/w/nwhite01/storage/ocr_20150623/78/coo.31924054869791/792.png"; bbox 0 0 4070 6376; ppageno 0'>
   <div class='ocr_carea' id='block_1_1' title="bbox 227 327 1809 404">
    <p class='ocr_par' dir='ltr' id='par_1_1' title="bbox 227 327 1804 404">
     <span class='ocr_line' id='line_1_1' title="bbox 227 327 1804 404; baseline 0.004 -10"><span class='ocrx_word' id='word_1_1' title='bbox 227 327 362 397; x_wconf 73' lang='grc'><strong>1569</strong></span> <span class='ocrx_word' id='word_1_2' title='bbox 1103 342 1638 404; x_wconf 82' lang='lat' dir='ltr'><strong>EPISTOLARUM</strong></span> <span class='ocrx_word' id='word_1_3' title='bbox 1675 342 1804 404; x_wconf 86' lang='lat' dir='ltr'><strong>LIB</strong></span> 
     </span>
    </p>
   </div>
   <div class='ocr_carea' id='block_1_2' title="bbox 1911 327 2512 404">
    <p class='ocr_par' dir='ltr' id='par_1_2' title="bbox 1911 338 2512 400">
     <span class='ocr_line' id='line_1_2' title="bbox 1911 338 2512 400; baseline 0 0"><span class='ocrx_word' id='word_1_4' title='bbox 1911 345 1932 400; x_wconf 64' lang='grc'><strong>“.</strong></span> <span class='ocrx_word' id='word_1_5' title='bbox 1963 366 2033 376; x_wconf 84' lang='lat'><strong>—</strong></span> <span class='ocrx_word' id='word_1_6' title='bbox 2067 338 2302 398; x_wconf 81' lang='lat' dir='ltr'><strong>EPIST.</strong></span> <span class='ocrx_word' id='word_1_7' title='bbox 2346 339 2512 400; x_wconf 85' lang='lat' dir='ltr'><strong>CDX.</strong></span> 
     </span>
    </p>
   </div>
   <div class='ocr_carea' id='block_1_3' title="bbox 732 447 1809 522">
    <p class='ocr_par' dir='ltr' id='par_1_3' title="bbox 732 448 1302 522">
     <span class='ocr_line' id='line_1_3' title="bbox 732 448 1302 522; baseline 0.012 -22"><span class='ocrx_word' id='word_1_8' title='bbox 732 448 868 515; x_wconf 69' lang='grc' dir='ltr'>γαν.</span> <span class='ocrx_word' id='word_1_9' title='bbox 907 479 977 492; x_wconf 87' lang='grc'><strong>--</strong></span> <span class='ocrx_word' id='word_1_10' title='bbox 1011 451 1302 522; x_wconf 65' lang='lat' dir='ltr'><strong>meum.</strong></span> 
     </span>
    </p>
   </div>
   <div class='ocr_carea' id='block_1_4' title="bbox 1911 447 2988 522">
    <p class='ocr_par' dir='ltr' id='par_1_4' title="bbox 2396 447 2988 506">
     <span class='ocr_line' id='line_1_4' title="bbox 2396 447 2988 506; baseline 0.005 -5"><span class='ocrx_word' id='word_1_11' title='bbox 2396 447 2576 502; x_wconf 80' lang='lat' dir='ltr'><strong>CDVI.</strong></span> <span class='ocrx_word' id='word_1_12' title='bbox 2595 479 2662 491; x_wconf 91' lang='lat'><strong>—-</strong></span> <span class='ocrx_word' id='word_1_13' title='bbox 2691 448 2988 506; x_wconf 80' lang='lat' dir='ltr'><strong>SERENO.</strong></span> 
     </span>
    </p>
   </div>
   <div class='ocr_carea' id='block_1_5' title="bbox 1279 555 2433 623">
    <p class='ocr_par' dir='ltr' id='par_1_5' title="bbox 1279 555 2433 623">
     <span class='ocr_line' id='line_1_5' title="bbox 1279 555 2433 623; baseline 0 -13"><span class='ocrx_word' id='word_1_14' title='bbox 1279 557 1502 610; x_wconf 77' lang='lat' dir='ltr'><strong>Virtutis</strong></span> <span class='ocrx_word' id='word_1_15' title='bbox 1536 559 1776 612; x_wconf 76' lang='lat' dir='ltr'><strong>laudatio</strong></span> <span class='ocrx_word' id='word_1_16' title='bbox 1797 568 1844 612; x_wconf 87' lang='lat' dir='ltr'><strong>et</strong></span> <span class='ocrx_word' id='word_1_17' title='bbox 1875 573 2019 623; x_wconf 80' lang='lat' dir='ltr'><strong>sequ.</strong></span> <span class='ocrx_word' id='word_1_18' title='bbox 2055 559 2206 621; x_wconf 72' lang='lat' dir='ltr'><strong>t’pisl.</strong></span> <span class='ocrx_word' id='word_1_19' title='bbox 2231 564 2281 608; x_wconf 85' lang='lat' dir='ltr'><strong>et</strong></span> <span class='ocrx_word' id='word_1_20' title='bbox 2308 555 2433 610; x_wconf 67' lang='lat' dir='ltr'><strong>4H.</strong></span> 
     </span>
    </p>
   </div>
   <div class='ocr_carea' id='block_1_6' title="bbox 3349 342 3484 407">
    <p class='ocr_par' dir='ltr' id='par_1_6' title="bbox 3349 342 3484 407">
     <span class='ocr_line' id='line_1_6' title="bbox 3349 342 3484 407; baseline 0.022 -3"><span class='ocrx_word' id='word_1_21' title='bbox 3349 342 3484 407; x_wconf 83' lang='grc'><strong>1570</strong></span> 
     </span>
    </p>
   </div>
   <div class='ocr_carea' id='block_1_7' title="bbox 295 663 1809 738">
    <p class='ocr_par' dir='ltr' id='par_1_7' title="bbox 295 663 1797 738">
     <span class='ocr_line' id='line_1_7' title="bbox 295 663 1797 738; baseline 0.003 -24"><span class='ocrx_word' id='word_1_22' title='bbox 295 663 360 714; x_wconf 81' lang='lat' dir='ltr'><strong>Ei</strong></span> <span class='ocrx_word' id='word_1_23' title='bbox 412 663 525 726; x_wconf 81' lang='grc' dir='ltr'>τοῖς</span> <span class='ocrx_word' id='word_1_24' title='bbox 567 663 770 735; x_wconf 79' lang='grc' dir='ltr'>ἀρετὴν</span> <span class='ocrx_word' id='word_1_25' title='bbox 819 665 1083 730; x_wconf 80' lang='grc' dir='ltr'><strong>ἀσκοῦσι,</strong></span> <span class='ocrx_word' id='word_1_26' title='bbox 1141 667 1278 738; x_wconf 76' lang='grc' dir='ltr'>μετὰ</span> <span class='ocrx_word' id='word_1_27' title='bbox 1331 667 1646 738; x_wconf 74' lang='grc' dir='ltr'>παρρησίας</span> <span class='ocrx_word' id='word_1_28' title='bbox 1702 666 1797 719; x_wconf 81' lang='grc' dir='ltr'><strong>νῦν</strong></span> 
     </span>
    </p>
   </div>
   <div class='ocr_carea' id='block_1_8' title="bbox 1911 663 3485 738">
    <p class='ocr_par' dir='ltr' id='par_1_8' title="bbox 1975 663 3485 734">
     <span class='ocr_line' id='line_1_8' title="bbox 1975 663 3485 734; baseline 0.003 -15"><span class='ocrx_word' id='word_1_29' title='bbox 1975 665 2032 719; x_wconf 88' lang='lat' dir='ltr'><strong>Si</strong></span> <span class='ocrx_word' id='word_1_30' title='bbox 2060 665 2258 719; x_wconf 83' lang='lat' dir='ltr'><strong>virtute</strong></span> <span class='ocrx_word' id='word_1_31' title='bbox 2283 665 2522 734; x_wconf 71' lang='lat' dir='ltr'><strong>praeditis</strong></span> <span class='ocrx_word' id='word_1_32' title='bbox 2542 667 2594 720; x_wconf 91' lang='lat' dir='ltr'><strong>in</strong></span> <span class='ocrx_word' id='word_1_33' title='bbox 2647 663 2751 722; x_wconf 82' lang='lat' dir='ltr'><strong>hac</strong></span> <span class='ocrx_word' id='word_1_34' title='bbox 2787 667 2893 722; x_wconf 86' lang='lat' dir='ltr'><strong>vita</strong></span> <span class='ocrx_word' id='word_1_35' title='bbox 2957 667 3298 724; x_wconf 81' lang='lat' dir='ltr'><strong>conﬁdenter</strong></span> <span class='ocrx_word' id='word_1_36' title='bbox 3324 669 3485 724; x_wconf 87' lang='lat' dir='ltr'><strong>liceat</strong></span> 
     </span>
    </p>
   </div>
   <div class='ocr_carea' id='block_1_9' title="bbox 215 752 1809 830">
    <p class='ocr_par' dir='ltr' id='par_1_9' title="bbox 215 752 1800 830">
     <span class='ocr_line' id='line_1_9' title="bbox 215 752 1800 830; baseline 0.006 -28"><span class='ocrx_word' id='word_1_37' title='bbox 215 765 278 803; x_wconf 77' lang='grc' dir='ltr'><strong>τε</strong></span> <span class='ocrx_word' id='word_1_38' title='bbox 310 752 489 820; x_wconf 78' lang='grc' dir='ltr'>ιξεστι</span> <span class='ocrx_word' id='word_1_39' title='bbox 529 752 751 823; x_wconf 79' lang='grc' dir='ltr'><strong>βιῶσαι,</strong></span> <span class='ocrx_word' id='word_1_40' title='bbox 783 757 878 810; x_wconf 73' lang='grc' dir='ltr'>καὶ</span> <span class='ocrx_word' id='word_1_41' title='bbox 916 757 1058 828; x_wconf 79' lang='grc' dir='ltr'>μετὰ</span> <span class='ocrx_word' id='word_1_42' title='bbox 1082 759 1173 812; x_wconf 83' lang='grc' dir='ltr'>τὸν</span> <span class='ocrx_word' id='word_1_43' title='bbox 1203 758 1436 812; x_wconf 73' lang='grc' dir='ltr'>ἐνταῦθα</span> <span class='ocrx_word' id='word_1_44' title='bbox 1481 758 1594 828; x_wconf 80' lang='grc' dir='ltr'>βίον</span> <span class='ocrx_word' id='word_1_45' title='bbox 1621 775 1800 830; x_wconf 76' lang='grc' dir='ltr'>παρα-</span> 
     </span>
    </p>
   </div>
   <div class='ocr_carea' id='block_1_10' title="bbox 1911 752 3488 830">
    <p class='ocr_par' dir='ltr' id='par_1_10' title="bbox 1911 756 3488 830">
     <span class='ocr_line' id='line_1_10' title="bbox 1911 756 3488 830; baseline 0.002 -18"><span class='ocrx_word' id='word_1_46' title='bbox 1911 760 2108 823; x_wconf 83' lang='lat' dir='ltr'><strong>vivere,</strong></span> <span class='ocrx_word' id='word_1_47' title='bbox 2142 765 2245 811; x_wconf 88' lang='lat' dir='ltr'><strong>eta</strong></span> <span class='ocrx_word' id='word_1_48' title='bbox 2293 765 2468 812; x_wconf 91' lang='lat' dir='ltr'><strong>morte</strong></span> <span class='ocrx_word' id='word_1_49' title='bbox 2523 756 2618 812; x_wconf 85' lang='lat' dir='ltr'><strong>Dei</strong></span> <span class='ocrx_word' id='word_1_50' title='bbox 2676 757 2929 813; x_wconf 78' lang='lat' dir='ltr'><strong>tribunali</strong></span> <span class='ocrx_word' id='word_1_51' title='bbox 2974 760 3250 824; x_wconf 76' lang='lat' dir='ltr'><strong>assistere,</strong></span> <span class='ocrx_word' id='word_1_52' title='bbox 3283 760 3488 830; x_wconf 87' lang='lat' dir='ltr'><strong>impro-</strong></span> 
     </span>
    </p>
   </div>
   <div class='ocr_carea' id='block_1_11' title="bbox 225 843 1809 921">
    <p class='ocr_par' dir='ltr' id='par_1_11' title="bbox 225 843 1804 918">
     <span class='ocr_line' id='line_1_11' title="bbox 225 843 1804 918; baseline 0.005 -24"><span class='ocrx_word' id='word_1_53' title='bbox 225 843 422 912; x_wconf 83' lang='grc' dir='ltr'>στῆναι</span> <span class='ocrx_word' id='word_1_54' title='bbox 451 843 530 914; x_wconf 82' lang='grc' dir='ltr'><strong>τῷ</strong></span> <span class='ocrx_word' id='word_1_55' title='bbox 550 843 678 912; x_wconf 76' lang='grc' dir='ltr'>θείῳ</span> <span class='ocrx_word' id='word_1_56' title='bbox 705 845 1042 918; x_wconf 80' lang='grc' dir='ltr'><strong>δικαστηρίῳ</strong></span> <span class='ocrx_word' id='word_1_57' title='bbox 1063 866 1077 880; x_wconf 77' lang='grc' dir='ltr'><strong><em>ο</em></strong></span> <span class='ocrx_word' id='word_1_58' title='bbox 1108 851 1220 912; x_wconf 77' lang='grc' dir='ltr'>τοῖς</span> <span class='ocrx_word' id='word_1_59' title='bbox 1249 848 1306 902; x_wconf 79' lang='grc' dir='ltr'>δὲ</span> <span class='ocrx_word' id='word_1_60' title='bbox 1334 847 1532 902; x_wconf 89' lang='grc' dir='ltr'>κακίαν</span> <span class='ocrx_word' id='word_1_61' title='bbox 1564 849 1804 912; x_wconf 83' lang='grc' dir='ltr'>ἀσπαζο-</span> 
     </span>
    </p>
   </div>
   <div class='ocr_carea' id='block_1_12' title="bbox 1911 843 3480 921">
    <p class='ocr_par' dir='ltr' id='par_1_12' title="bbox 1911 848 3480 921">
     <span class='ocr_line' id='line_1_12' title="bbox 1911 848 3480 921; baseline 0.001 -17"><span class='ocrx_word' id='word_1_62' title='bbox 1911 865 1998 905; x_wconf 65' lang='lat' dir='ltr'><strong>nos</strong></span> <span class='ocrx_word' id='word_1_63' title='bbox 2025 863 2154 904; x_wconf 86' lang='lat' dir='ltr'><strong>vero</strong></span> <span class='ocrx_word' id='word_1_64' title='bbox 2181 848 2292 916; x_wconf 87' lang='lat' dir='ltr'><strong>hic,</strong></span> <span class='ocrx_word' id='word_1_65' title='bbox 2315 857 2371 905; x_wconf 87' lang='lat' dir='ltr'><strong>et</strong></span> <span class='ocrx_word' id='word_1_66' title='bbox 2396 848 2467 904; x_wconf 89' lang='lat' dir='ltr'><strong>ibi</strong></span> <span class='ocrx_word' id='word_1_67' title='bbox 2499 849 2733 906; x_wconf 84' lang='lat' dir='ltr'><strong>dedecus</strong></span> <span class='ocrx_word' id='word_1_68' title='bbox 2777 858 3054 919; x_wconf 81' lang='lat' dir='ltr'><strong>sequatur,</strong></span> <span class='ocrx_word' id='word_1_69' title='bbox 3081 853 3207 921; x_wconf 90' lang='lat' dir='ltr'><strong>quid</strong></span> <span class='ocrx_word' id='word_1_70' title='bbox 3261 853 3480 906; x_wconf 88' lang='lat' dir='ltr'><strong>dubita-</strong></span> 
     </span>
    </p>
   </div>
   <div class='ocr_carea' id='block_1_13' title="bbox 225 933 1809 1010">
    <p class='ocr_par' dir='ltr' id='par_1_13' title="bbox 225 933 1804 1010">
     <span class='ocr_line' id='line_1_13' title="bbox 225 933 1804 1010; baseline 0.003 -22"><span class='ocrx_word' id='word_1_71' title='bbox 225 933 411 1006; x_wconf 79' lang='grc' dir='ltr'><strong>μένοις</strong></span> <span class='ocrx_word' id='word_1_72' title='bbox 433 935 662 1006; x_wconf 78' lang='grc' dir='ltr'><strong>αἰσχύνη</strong></span> <span class='ocrx_word' id='word_1_73' title='bbox 692 935 789 992; x_wconf 82' lang='grc' dir='ltr'>νῦν</span> <span class='ocrx_word' id='word_1_74' title='bbox 810 954 870 990; x_wconf 88' lang='grc' dir='ltr'>τε</span> <span class='ocrx_word' id='word_1_75' title='bbox 896 939 1089 994; x_wconf 76' lang='grc' dir='ltr'>ἕπεται</span> <span class='ocrx_word' id='word_1_76' title='bbox 1114 980 1128 1004; x_wconf 88' lang='grc'><strong>,</strong></span> <span class='ocrx_word' id='word_1_77' title='bbox 1151 941 1373 994; x_wconf 80' lang='grc' dir='ltr'>κάκεῖσε</span> <span class='ocrx_word' id='word_1_78' title='bbox 1405 939 1598 1010; x_wconf 77' lang='grc' dir='ltr'>ἕψεται</span> <span class='ocrx_word' id='word_1_79' title='bbox 1620 959 1635 972; x_wconf 87' lang='grc'><strong>·</strong></span> <span class='ocrx_word' id='word_1_80' title='bbox 1662 939 1804 994; x_wconf 83' lang='grc' dir='ltr'>διατι</span> 
     </span>
    </p>
   </div>
   <div class='ocr_carea' id='block_1_14' title="bbox 1911 933 3478 1010">
    <p class='ocr_par' dir='ltr' id='par_1_14' title="bbox 1911 939 3478 1010">
     <span class='ocr_line' id='line_1_14' title="bbox 1911 939 3478 1010; baseline 0.004 -17"><span class='ocrx_word' id='word_1_81' title='bbox 1911 954 2022 993; x_wconf 86' lang='lat' dir='ltr'><strong>mus</strong></span> <span class='ocrx_word' id='word_1_82' title='bbox 2055 939 2306 993; x_wconf 79' lang='lat' dir='ltr'><strong>virtutem</strong></span> <span class='ocrx_word' id='word_1_83' title='bbox 2340 939 2560 1009; x_wconf 88' lang='lat' dir='ltr'><strong>quidem</strong></span> <span class='ocrx_word' id='word_1_84' title='bbox 2585 940 2834 1010; x_wconf 90' lang='lat' dir='ltr'><strong>amplecti</strong></span> <span class='ocrx_word' id='word_1_85' title='bbox 2865 957 2930 996; x_wconf 91' lang='lat' dir='ltr'><strong>ac</strong></span> <span class='ocrx_word' id='word_1_86' title='bbox 2956 941 3166 1009; x_wconf 79' lang='lat' dir='ltr'><strong>fovere,</strong></span> <span class='ocrx_word' id='word_1_87' title='bbox 3190 943 3318 998; x_wconf 81' lang='lat' dir='ltr'><strong>vitia</strong></span> <span class='ocrx_word' id='word_1_88' title='bbox 3347 957 3478 1000; x_wconf 88' lang='lat' dir='ltr'><strong>vero</strong></span> 
     </span>
    </p>
   </div>
   <div class='ocr_carea' id='block_1_15' title="bbox 224 1026 1809 1104">
    <p class='ocr_par' dir='ltr' id='par_1_15' title="bbox 224 1026 1808 1104">
     <span class='ocr_line' id='line_1_15' title="bbox 224 1026 1808 1104; baseline 0.003 -25"><span class='ocrx_word' id='word_1_89' title='bbox 224 1026 302 1096; x_wconf 81' lang='grc' dir='ltr'><strong>μὴ</strong></span> <span class='ocrx_word' id='word_1_90' title='bbox 333 1026 552 1096; x_wconf 74' lang='grc' dir='ltr'>ἐκείνην</span> <span class='ocrx_word' id='word_1_91' title='bbox 579 1028 678 1097; x_wconf 73' lang='grc' dir='ltr'>μὲν</span> <span class='ocrx_word' id='word_1_92' title='bbox 709 1031 1192 1102; x_wconf 86' lang='grc' dir='ltr'>περιπτυσσόμεθα</span> <span class='ocrx_word' id='word_1_93' title='bbox 1213 1049 1228 1063; x_wconf 86' lang='grc'><strong>·</strong></span> <span class='ocrx_word' id='word_1_94' title='bbox 1259 1031 1466 1103; x_wconf 82' lang='grc' dir='ltr'>ταύτην</span> <span class='ocrx_word' id='word_1_95' title='bbox 1491 1032 1547 1086; x_wconf 84' lang='grc' dir='ltr'>δὲ</span> <span class='ocrx_word' id='word_1_96' title='bbox 1575 1049 1808 1104; x_wconf 81' lang='grc' dir='ltr'>προτρο-</span> 
     </span>
    </p>
   </div>
   <div class='ocr_carea' id='block_1_16' title="bbox 1911 1026 2628 1104">
    <p class='ocr_par' dir='ltr' id='par_1_16' title="bbox 1911 1027 2628 1098">
     <span class='ocr_line' id='line_1_16' title="bbox 1911 1027 2628 1098; baseline -0.003 -12"><span class='ocrx_word' id='word_1_97' title='bbox 1911 1029 2176 1086; x_wconf 80' lang='lat' dir='ltr'><strong>concitato</strong></span> <span class='ocrx_word' id='word_1_98' title='bbox 2206 1027 2396 1098; x_wconf 77' lang='lat' dir='ltr'><strong>lugere</strong></span> <span class='ocrx_word' id='word_1_99' title='bbox 2419 1045 2578 1086; x_wconf 88' lang='lat' dir='ltr'><strong>cursu</strong></span> <span class='ocrx_word' id='word_1_100' title='bbox 2603 1030 2628 1084; x_wconf 84' lang='lat'><strong>?</strong></span> 
     </span>
    </p>
   </div>
   <div class='ocr_carea' id='block_1_17' title="bbox 223 1116 746 1189">
    <p class='ocr_par' dir='ltr' id='par_1_17' title="bbox 223 1116 746 1189">
     <span class='ocr_line' id='line_1_17' title="bbox 223 1116 746 1189; baseline 0 -18"><span class='ocrx_word' id='word_1_101' title='bbox 223 1116 406 1189; x_wconf 81' lang='grc' dir='ltr'>πάδην</span> <span class='ocrx_word' id='word_1_102' title='bbox 433 1117 746 1189; x_wconf 77' lang='grc' dir='ltr'>φεύγομενς</span> 
     </span>
    </p>
   </div>
   <div class='ocr_carea' id='block_1_18' title="bbox 556 1223 1809 1284">
    <p class='ocr_par' dir='ltr' id='par_1_18' title="bbox 556 1223 1482 1281">
     <span class='ocr_line' id='line_1_18' title="bbox 556 1223 1482 1281; baseline 0.003 -3"><span class='ocrx_word' id='word_1_103' title='bbox 556 1223 677 1279; x_wconf 84' lang='grc' dir='ltr'><strong>ΥΖ’.</strong></span> <span class='ocrx_word' id='word_1_104' title='bbox 711 1253 782 1265; x_wconf 93' lang='lat'><strong>—-</strong></span> <span class='ocrx_word' id='word_1_105' title='bbox 813 1223 1022 1279; x_wconf 77' lang='grc' dir='ltr'><strong>ΗΡΩΝΙ</strong></span> <span class='ocrx_word' id='word_1_106' title='bbox 1054 1225 1482 1281; x_wconf 82' lang='grc' dir='ltr'><strong>ΜΟΝΑΖΟΝΤΙ.</strong></span> 
     </span>
    </p>
   </div>
   <div class='ocr_carea' id='block_1_19' title="bbox 1911 1223 2992 1284">
    <p class='ocr_par' dir='ltr' id='par_1_19' title="bbox 2393 1223 2992 1284">
     <span class='ocr_line' id='line_1_19' title="bbox 2393 1223 2992 1284; baseline 0.005 -5"><span class='ocrx_word' id='word_1_107' title='bbox 2393 1225 2598 1280; x_wconf 82' lang='lat' dir='ltr'><strong>CDVII.</strong></span> <span class='ocrx_word' id='word_1_108' title='bbox 2623 1223 2992 1284; x_wconf 79' lang='lat' dir='ltr'><strong>—HERONI.</strong></span> 
     </span>
    </p>
   </div>
   <div class='ocr_carea' id='block_1_20' title="bbox 1652 1317 2066 1376">
    <p class='ocr_par' dir='ltr' id='par_1_20' title="bbox 1652 1317 2066 1376">
     <span class='ocr_line' id='line_1_20' title="bbox 1652 1317 2066 1376; baseline 0.007 -4"><span class='ocrx_word' id='word_1_109' title='bbox 1652 1317 1732 1374; x_wconf 82' lang='lat' dir='ltr'><strong>De</strong></span> <span class='ocrx_word' id='word_1_110' title='bbox 1775 1319 1958 1374; x_wconf 81' lang='lat' dir='ltr'><strong>eadem</strong></span> <span class='ocrx_word' id='word_1_111' title='bbox 1989 1334 2066 1376; x_wconf 81' lang='lat' dir='ltr'><strong>re.</strong></span> 
     </span>
    </p>
   </div>
   <div class='ocr_carea' id='block_1_21' title="bbox 303 1423 1809 1502">
    <p class='ocr_par' dir='ltr' id='par_1_21' title="bbox 303 1423 1799 1502">
     <span class='ocr_line' id='line_1_21' title="bbox 303 1423 1799 1502; baseline 0.003 -23"><span class='ocrx_word' id='word_1_112' title='bbox 303 1423 373 1479; x_wconf 84' lang='grc' dir='ltr'><strong><em>Ἦ</em></strong></span> <span class='ocrx_word' id='word_1_113' title='bbox 415 1424 588 1498; x_wconf 76' lang='grc' dir='ltr'>ἀρετὴ</span> <span class='ocrx_word' id='word_1_114' title='bbox 618 1425 807 1498; x_wconf 79' lang='grc' dir='ltr'>χρῆμά</span> <span class='ocrx_word' id='word_1_115' title='bbox 847 1427 965 1480; x_wconf 76' lang='grc' dir='ltr'>ἐστι</span> <span class='ocrx_word' id='word_1_116' title='bbox 1004 1427 1102 1480; x_wconf 76' lang='grc' dir='ltr'>καὶ</span> <span class='ocrx_word' id='word_1_117' title='bbox 1147 1427 1477 1497; x_wconf 66' lang='grc' dir='ltr'>ἀναγκαῖον,</span> <span class='ocrx_word' id='word_1_118' title='bbox 1529 1429 1626 1486; x_wconf 72' lang='grc' dir='ltr'>καὶ</span> <span class='ocrx_word' id='word_1_119' title='bbox 1659 1447 1799 1502; x_wconf 87' lang='grc' dir='ltr'>συμ-</span> 
     </span>
    </p>
   </div>
   <div class='ocr_carea' id='block_1_22' title="bbox 1911 1423 3476 1502">
    <p class='ocr_par' dir='ltr' id='par_1_22' title="bbox 1984 1428 3476 1498">
     <span class='ocr_line' id='line_1_22' title="bbox 1984 1428 3476 1498; baseline 0.002 -14"><span class='ocrx_word' id='word_1_120' title='bbox 1984 1428 2162 1485; x_wconf 77' lang='lat' dir='ltr'><strong>Virtus</strong></span> <span class='ocrx_word' id='word_1_121' title='bbox 2191 1444 2280 1488; x_wconf 86' lang='lat' dir='ltr'><strong>res</strong></span> <span class='ocrx_word' id='word_1_122' title='bbox 2324 1439 2408 1484; x_wconf 91' lang='lat' dir='ltr'><strong>est</strong></span> <span class='ocrx_word' id='word_1_123' title='bbox 2448 1429 2778 1494; x_wconf 86' lang='lat' dir='ltr'><strong>necessaria,</strong></span> <span class='ocrx_word' id='word_1_124' title='bbox 2807 1438 2862 1485; x_wconf 82' lang='lat' dir='ltr'><strong>et</strong></span> <span class='ocrx_word' id='word_1_125' title='bbox 2908 1429 3218 1498; x_wconf 88' lang='lat' dir='ltr'><strong>commoda,</strong></span> <span class='ocrx_word' id='word_1_126' title='bbox 3247 1431 3476 1498; x_wconf 88' lang='lat' dir='ltr'><strong>pulchra</strong></span> 
     </span>
    </p>
   </div>
   <div class='ocr_carea' id='block_1_23' title="bbox 217 1515 1809 1592">
    <p class='ocr_par' dir='ltr' id='par_1_23' title="bbox 217 1515 1800 1589">
     <span class='ocr_line' id='line_1_23' title="bbox 217 1515 1800 1589; baseline 0.003 -20"><span class='ocrx_word' id='word_1_127' title='bbox 217 1517 422 1588; x_wconf 72' lang='grc' dir='ltr'>φέρον,</span> <span class='ocrx_word' id='word_1_128' title='bbox 463 1517 562 1570; x_wconf 79' lang='grc' dir='ltr'>καὶ</span> <span class='ocrx_word' id='word_1_129' title='bbox 587 1515 791 1580; x_wconf 79' lang='grc' dir='ltr'>καλὸν,</span> <span class='ocrx_word' id='word_1_130' title='bbox 837 1517 932 1571; x_wconf 78' lang='grc' dir='ltr'>καὶ</span> <span class='ocrx_word' id='word_1_131' title='bbox 964 1519 1176 1589; x_wconf 79' lang='grc' dir='ltr'>πρέπον</span> <span class='ocrx_word' id='word_1_132' title='bbox 1224 1519 1319 1572; x_wconf 78' lang='grc' dir='ltr'>καὶ</span> <span class='ocrx_word' id='word_1_133' title='bbox 1359 1518 1666 1583; x_wconf 83' lang='grc' dir='ltr'>λυσιτελὲς,</span> <span class='ocrx_word' id='word_1_134' title='bbox 1705 1521 1800 1574; x_wconf 76' lang='grc' dir='ltr'>καὶ</span> 
     </span>
    </p>
   </div>
   <div class='ocr_carea' id='block_1_24' title="bbox 1911 1515 3478 1592">
    <p class='ocr_par' dir='ltr' id='par_1_24' title="bbox 1911 1519 3478 1592">
     <span class='ocr_line' id='line_1_24' title="bbox 1911 1519 3478 1592; baseline 0 -16"><span class='ocrx_word' id='word_1_135' title='bbox 1911 1535 1971 1576; x_wconf 84' lang='lat' dir='ltr'><strong>ac</strong></span> <span class='ocrx_word' id='word_1_136' title='bbox 2005 1521 2225 1584; x_wconf 84' lang='lat' dir='ltr'><strong>decens,</strong></span> <span class='ocrx_word' id='word_1_137' title='bbox 2268 1521 2416 1575; x_wconf 78' lang='lat' dir='ltr'><strong>utilis</strong></span> <span class='ocrx_word' id='word_1_138' title='bbox 2459 1532 2620 1590; x_wconf 87' lang='lat' dir='ltr'><strong>atque</strong></span> <span class='ocrx_word' id='word_1_139' title='bbox 2667 1521 2965 1576; x_wconf 82' lang='lat' dir='ltr'><strong>fructuosa.</strong></span> <span class='ocrx_word' id='word_1_140' title='bbox 3003 1519 3316 1576; x_wconf 82' lang='lat' dir='ltr'><strong>Necessaria</strong></span> <span class='ocrx_word' id='word_1_141' title='bbox 3357 1524 3478 1592; x_wconf 84' lang='lat' dir='ltr'><strong>qui-</strong></span> 
     </span>
    </p>
   </div>
   <div class='ocr_carea' id='block_1_25' title="bbox 217 1600 1809 1682">
    <p class='ocr_par' dir='ltr' id='par_1_25' title="bbox 217 1600 1799 1676">
     <span class='ocr_line' id='line_1_25' title="bbox 217 1600 1799 1676; baseline 0.003 -17"><span class='ocrx_word' id='word_1_142' title='bbox 217 1605 514 1675; x_wconf 84' lang='grc' dir='ltr'>χρήσιμον.</span> <span class='ocrx_word' id='word_1_143' title='bbox 579 1605 898 1674; x_wconf 81' lang='grc' dir='ltr'>Ἀναγκαῖον</span> <span class='ocrx_word' id='word_1_144' title='bbox 948 1607 1080 1676; x_wconf 87' lang='grc' dir='ltr'>μὲν,</span> <span class='ocrx_word' id='word_1_145' title='bbox 1141 1607 1224 1660; x_wconf 80' lang='grc' dir='ltr'>ὅτι</span> <span class='ocrx_word' id='word_1_146' title='bbox 1272 1600 1367 1661; x_wconf 74' lang='grc' dir='ltr'>τοῦ</span> <span class='ocrx_word' id='word_1_147' title='bbox 1420 1607 1799 1664; x_wconf 86' lang='grc' dir='ltr'>πολιτεύεσθαι</span> 
     </span>
    </p>
   </div>
   <div class='ocr_carea' id='block_1_26' title="bbox 1911 1600 3484 1682">
    <p class='ocr_par' dir='ltr' id='par_1_26' title="bbox 1911 1611 3484 1682">
     <span class='ocr_line' id='line_1_26' title="bbox 1911 1611 3484 1682; baseline 0.003 -18"><span class='ocrx_word' id='word_1_148' title='bbox 1911 1611 2053 1675; x_wconf 89' lang='lat' dir='ltr'><strong>dem,</strong></span> <span class='ocrx_word' id='word_1_149' title='bbox 2081 1611 2205 1682; x_wconf 91' lang='lat' dir='ltr'><strong>quia</strong></span> <span class='ocrx_word' id='word_1_150' title='bbox 2241 1612 2632 1680; x_wconf 81' lang='lat' dir='ltr'><strong>rempublicam</strong></span> <span class='ocrx_word' id='word_1_151' title='bbox 2687 1621 2834 1666; x_wconf 90' lang='lat' dir='ltr'><strong>recte</strong></span> <span class='ocrx_word' id='word_1_152' title='bbox 2889 1611 3097 1678; x_wconf 74' lang='lat' dir='ltr'><strong>gerenti</strong></span> <span class='ocrx_word' id='word_1_153' title='bbox 3153 1612 3284 1664; x_wconf 84' lang='lat' dir='ltr'><strong>nihil</strong></span> <span class='ocrx_word' id='word_1_154' title='bbox 3331 1627 3484 1680; x_wconf 72' lang='lat' dir='ltr'><strong>mque</strong></span> 
     </span>
    </p>
   </div>
   <div class='ocr_carea' id='block_1_27' title="bbox 218 1693 1809 1772">
    <p class='ocr_par' dir='ltr' id='par_1_27' title="bbox 218 1693 1801 1770">
     <span class='ocr_line' id='line_1_27' title="bbox 218 1693 1801 1770; baseline 0.005 -24"><span class='ocrx_word' id='word_1_155' title='bbox 218 1693 394 1766; x_wconf 80' lang='grc' dir='ltr'><strong>ὀρθῶς</strong></span> <span class='ocrx_word' id='word_1_156' title='bbox 424 1693 578 1748; x_wconf 74' lang='grc' dir='ltr'>οὐδὲν</span> <span class='ocrx_word' id='word_1_157' title='bbox 621 1695 1046 1767; x_wconf 79' lang='grc' dir='ltr'>ἀναγκαιότερον</span> <span class='ocrx_word' id='word_1_158' title='bbox 1069 1712 1083 1726; x_wconf 74' lang='grc'><strong><em>⁸</em></strong></span> <span class='ocrx_word' id='word_1_159' title='bbox 1113 1697 1392 1768; x_wconf 77' lang='grc' dir='ltr'><strong>συμφέρον</strong></span> <span class='ocrx_word' id='word_1_160' title='bbox 1428 1697 1516 1765; x_wconf 84' lang='grc' dir='ltr'>δὲ,</span> <span class='ocrx_word' id='word_1_161' title='bbox 1547 1700 1628 1752; x_wconf 80' lang='grc' dir='ltr'>ὅτι</span> <span class='ocrx_word' id='word_1_162' title='bbox 1664 1700 1801 1770; x_wconf 80' lang='grc' dir='ltr'>πρὸς</span> 
     </span>
    </p>
   </div>
   <div class='ocr_carea' id='block_1_28' title="bbox 1911 1693 3484 1772">
    <p class='ocr_par' dir='ltr' id='par_1_28' title="bbox 1911 1701 3484 1772">
     <span class='ocr_line' id='line_1_28' title="bbox 1911 1701 3484 1772; baseline 0.001 -18"><span class='ocrx_word' id='word_1_163' title='bbox 1911 1701 2300 1756; x_wconf 88' lang='lat' dir='ltr'><strong>necessarium.</strong></span> <span class='ocrx_word' id='word_1_164' title='bbox 2325 1702 2644 1770; x_wconf 80' lang='lat' dir='ltr'><strong>Commoda,</strong></span> <span class='ocrx_word' id='word_1_165' title='bbox 2665 1703 2790 1772; x_wconf 89' lang='lat' dir='ltr'><strong>quia</strong></span> <span class='ocrx_word' id='word_1_166' title='bbox 2817 1703 2883 1756; x_wconf 88' lang='lat' dir='ltr'><strong>ad</strong></span> <span class='ocrx_word' id='word_1_167' title='bbox 2916 1701 3306 1756; x_wconf 88' lang='lat' dir='ltr'><strong>beatitudinem</strong></span> <span class='ocrx_word' id='word_1_168' title='bbox 3335 1702 3484 1756; x_wconf 82' lang='lat' dir='ltr'><strong>ducit</strong></span> 
     </span>
    </p>
   </div>
   <div class='ocr_carea' id='block_1_29' title="bbox 221 1777 1809 1862">
    <p class='ocr_par' dir='ltr' id='par_1_29' title="bbox 221 1783 1798 1859">
     <span class='ocr_line' id='line_1_29' title="bbox 221 1783 1798 1859; baseline 0.004 -23"><span class='ocrx_word' id='word_1_169' title='bbox 221 1783 608 1856; x_wconf 77' lang='grc' dir='ltr'><strong>μακαριότητα</strong></span> <span class='ocrx_word' id='word_1_170' title='bbox 638 1784 762 1853; x_wconf 76' lang='grc' dir='ltr'>ἄγει</span> <span class='ocrx_word' id='word_1_171' title='bbox 781 1801 796 1817; x_wconf 78' lang='grc'><strong>’</strong></span> <span class='ocrx_word' id='word_1_172' title='bbox 821 1785 985 1840; x_wconf 79' lang='grc' dir='ltr'>καλὸν</span> <span class='ocrx_word' id='word_1_173' title='bbox 1009 1785 1088 1853; x_wconf 77' lang='grc' dir='ltr'>δὲ,</span> <span class='ocrx_word' id='word_1_174' title='bbox 1113 1785 1196 1839; x_wconf 82' lang='grc' dir='ltr'>ὅτι</span> <span class='ocrx_word' id='word_1_175' title='bbox 1227 1787 1483 1856; x_wconf 79' lang='grc' dir='ltr'><strong>σεμνύνει</strong></span> <span class='ocrx_word' id='word_1_176' title='bbox 1505 1789 1630 1852; x_wconf 83' lang='grc' dir='ltr'>τοὺς</span> <span class='ocrx_word' id='word_1_177' title='bbox 1651 1787 1798 1859; x_wconf 77' lang='grc' dir='ltr'><strong>ἔχον-</strong></span> 
     </span>
    </p>
   </div>
   <div class='ocr_carea' id='block_1_30' title="bbox 1911 1777 3480 1862">
    <p class='ocr_par' dir='ltr' id='par_1_30' title="bbox 1911 1790 3480 1862">
     <span class='ocr_line' id='line_1_30' title="bbox 1911 1790 3480 1862; baseline 0.001 -18"><span class='ocrx_word' id='word_1_178' title='bbox 1911 1793 2310 1861; x_wconf 76' lang='lat' dir='ltr'><strong>sempiternam.</strong></span> <span class='ocrx_word' id='word_1_179' title='bbox 2361 1791 2626 1857; x_wconf 87' lang='lat' dir='ltr'><strong>Honesta,</strong></span> <span class='ocrx_word' id='word_1_180' title='bbox 2662 1791 2787 1862; x_wconf 84' lang='lat' dir='ltr'><strong>quia</strong></span> <span class='ocrx_word' id='word_1_181' title='bbox 2839 1790 3184 1862; x_wconf 84' lang='lat' dir='ltr'><strong>possidentes</strong></span> <span class='ocrx_word' id='word_1_182' title='bbox 3237 1791 3480 1845; x_wconf 82' lang='lat' dir='ltr'><strong>cohone-</strong></span> 
     </span>
    </p>
   </div>
   <div class='ocr_carea' id='block_1_31' title="bbox 215 1874 1809 1951">
    <p class='ocr_par' dir='ltr' id='par_1_31' title="bbox 215 1874 1798 1948">
     <span class='ocr_line' id='line_1_31' title="bbox 215 1874 1798 1948; baseline 0.004 -22"><span class='ocrx_word' id='word_1_183' title='bbox 215 1890 316 1938; x_wconf 81' lang='grc' dir='ltr'><strong>τας</strong></span> <span class='ocrx_word' id='word_1_184' title='bbox 335 1890 349 1903; x_wconf 88' lang='grc'><strong>·</strong></span> <span class='ocrx_word' id='word_1_185' title='bbox 385 1875 599 1946; x_wconf 84' lang='grc' dir='ltr'>πρέπον</span> <span class='ocrx_word' id='word_1_186' title='bbox 622 1874 678 1928; x_wconf 81' lang='grc' dir='ltr'>δὲ</span> <span class='ocrx_word' id='word_1_187' title='bbox 695 1917 712 1942; x_wconf 90' lang='grc'><strong>,</strong></span> <span class='ocrx_word' id='word_1_188' title='bbox 737 1875 818 1928; x_wconf 86' lang='grc' dir='ltr'>ὅτι</span> <span class='ocrx_word' id='word_1_189' title='bbox 848 1878 1048 1947; x_wconf 84' lang='grc' dir='ltr'>κοσμεῖ</span> <span class='ocrx_word' id='word_1_190' title='bbox 1065 1877 1190 1940; x_wconf 81' lang='grc' dir='ltr'>τοὺς</span> <span class='ocrx_word' id='word_1_191' title='bbox 1213 1877 1583 1948; x_wconf 83' lang='grc' dir='ltr'><strong>κεκτημένους</strong></span> <span class='ocrx_word' id='word_1_192' title='bbox 1601 1897 1616 1912; x_wconf 74' lang='grc' dir='ltr'><strong>ο</strong></span> <span class='ocrx_word' id='word_1_193' title='bbox 1645 1879 1798 1934; x_wconf 89' lang='grc' dir='ltr'>λυσι-</span> 
     </span>
    </p>
   </div>
   <div class='ocr_carea' id='block_1_32' title="bbox 1911 1874 3480 1951">
    <p class='ocr_par' dir='ltr' id='par_1_32' title="bbox 1911 1880 3480 1951">
     <span class='ocr_line' id='line_1_32' title="bbox 1911 1880 3480 1951; baseline 0.002 -17"><span class='ocrx_word' id='word_1_194' title='bbox 1911 1887 2036 1934; x_wconf 82' lang='lat' dir='ltr'><strong>stat.</strong></span> <span class='ocrx_word' id='word_1_195' title='bbox 2075 1880 2302 1946; x_wconf 89' lang='lat' dir='ltr'><strong>Deceus,</strong></span> <span class='ocrx_word' id='word_1_196' title='bbox 2361 1891 2522 1935; x_wconf 85' lang='lat' dir='ltr'><strong>ornat</strong></span> <span class='ocrx_word' id='word_1_197' title='bbox 2577 1883 2722 1936; x_wconf 89' lang='lat' dir='ltr'><strong>enim</strong></span> <span class='ocrx_word' id='word_1_198' title='bbox 2776 1896 2837 1937; x_wconf 88' lang='lat' dir='ltr'><strong>se</strong></span> <span class='ocrx_word' id='word_1_199' title='bbox 2880 1882 3241 1951; x_wconf 84' lang='lat' dir='ltr'><strong>possidentes.</strong></span> <span class='ocrx_word' id='word_1_200' title='bbox 3297 1883 3480 1950; x_wconf 88' lang='lat' dir='ltr'><strong>Utilis,</strong></span> 
     </span>
    </p>
   </div>
   <div class='ocr_carea' id='block_1_33' title="bbox 216 1963 1809 2044">
    <p class='ocr_par' dir='ltr' id='par_1_33' title="bbox 216 1963 1801 2040">
     <span class='ocr_line' id='line_1_33' title="bbox 216 1963 1801 2040; baseline 0.002 -23"><span class='ocrx_word' id='word_1_201' title='bbox 216 1963 373 2028; x_wconf 78' lang='grc' dir='ltr'>τελὲς</span> <span class='ocrx_word' id='word_1_202' title='bbox 397 1964 476 2028; x_wconf 79' lang='grc' dir='ltr'>δὲ,</span> <span class='ocrx_word' id='word_1_203' title='bbox 509 1965 592 2018; x_wconf 72' lang='grc' dir='ltr'>ὃτι</span> <span class='ocrx_word' id='word_1_204' title='bbox 625 1963 744 2018; x_wconf 83' lang='grc' dir='ltr'>λύει</span> <span class='ocrx_word' id='word_1_205' title='bbox 770 1965 830 2018; x_wconf 84' lang='grc' dir='ltr'>τὸ</span> <span class='ocrx_word' id='word_1_206' title='bbox 862 1966 1018 2031; x_wconf 82' lang='grc' dir='ltr'><strong>τέλος</strong></span> <span class='ocrx_word' id='word_1_207' title='bbox 1045 1967 1214 2038; x_wconf 78' lang='grc' dir='ltr'>αὐτῆς</span> <span class='ocrx_word' id='word_1_208' title='bbox 1240 1967 1368 2030; x_wconf 80' lang='grc' dir='ltr'>τοὺς</span> <span class='ocrx_word' id='word_1_209' title='bbox 1397 1967 1594 2032; x_wconf 82' lang='grc' dir='ltr'>πόνους</span> <span class='ocrx_word' id='word_1_210' title='bbox 1615 1985 1630 2000; x_wconf 75' lang='grc' dir='ltr'><strong>ο</strong></span> <span class='ocrx_word' id='word_1_211' title='bbox 1663 1969 1801 2040; x_wconf 84' lang='grc' dir='ltr'><strong>χρή-</strong></span> 
     </span>
    </p>
   </div>
   <div class='ocr_carea' id='block_1_34' title="bbox 1911 1963 3480 2044">
    <p class='ocr_par' dir='ltr' id='par_1_34' title="bbox 1911 1971 3480 2044">
     <span class='ocr_line' id='line_1_34' title="bbox 1911 1971 3480 2044; baseline 0.004 -24"><span class='ocrx_word' id='word_1_212' title='bbox 1911 1971 2028 2040; x_wconf 87' lang='lat' dir='ltr'><strong>quia</strong></span> <span class='ocrx_word' id='word_1_213' title='bbox 2063 1971 2185 2025; x_wconf 86' lang='lat' dir='ltr'><strong>linis</strong></span> <span class='ocrx_word' id='word_1_214' title='bbox 2205 1972 2319 2040; x_wconf 84' lang='lat' dir='ltr'><strong>ejus</strong></span> <span class='ocrx_word' id='word_1_215' title='bbox 2349 1972 2596 2026; x_wconf 75' lang='lat' dir='ltr'><strong>dissolvit</strong></span> <span class='ocrx_word' id='word_1_216' title='bbox 2634 1973 2866 2028; x_wconf 88' lang='lat' dir='ltr'><strong>labores.</strong></span> <span class='ocrx_word' id='word_1_217' title='bbox 2900 1972 3198 2028; x_wconf 71' lang='lat' dir='ltr'><strong>Fructuose</strong></span> <span class='ocrx_word' id='word_1_218' title='bbox 3229 1975 3480 2044; x_wconf 81' lang='lat' dir='ltr'><strong>denique,</strong></span> 
     </span>
    </p>
   </div>
   <div class='ocr_carea' id='block_1_35' title="bbox 217 2056 1809 2134">
    <p class='ocr_par' dir='ltr' id='par_1_35' title="bbox 217 2056 1799 2132">
     <span class='ocr_line' id='line_1_35' title="bbox 217 2056 1799 2132; baseline 0.003 -23"><span class='ocrx_word' id='word_1_219' title='bbox 217 2073 380 2128; x_wconf 72' lang='grc' dir='ltr'>(ξιμον</span> <span class='ocrx_word' id='word_1_220' title='bbox 425 2056 518 2120; x_wconf 78' lang='grc' dir='ltr'>δὲ,</span> <span class='ocrx_word' id='word_1_221' title='bbox 568 2057 650 2111; x_wconf 81' lang='grc' dir='ltr'>ὅτι</span> <span class='ocrx_word' id='word_1_222' title='bbox 675 2057 828 2112; x_wconf 81' lang='grc' dir='ltr'>οὐδὲν</span> <span class='ocrx_word' id='word_1_223' title='bbox 873 2059 1044 2129; x_wconf 82' lang='grc' dir='ltr'>αὐτῆς</span> <span class='ocrx_word' id='word_1_224' title='bbox 1076 2059 1512 2132; x_wconf 83' lang='grc' dir='ltr'>χρησιμώτερον.</span> <span class='ocrx_word' id='word_1_225' title='bbox 1546 2061 1644 2125; x_wconf 90' lang='grc' dir='ltr'>Τίς</span> <span class='ocrx_word' id='word_1_226' title='bbox 1685 2077 1799 2114; x_wconf 83' lang='grc' dir='ltr'>τοι·</span> 
     </span>
    </p>
   </div>
   <div class='ocr_carea' id='block_1_36' title="bbox 1911 2056 3479 2134">
    <p class='ocr_par' dir='ltr' id='par_1_36' title="bbox 1911 2061 3479 2134">
     <span class='ocr_line' id='line_1_36' title="bbox 1911 2061 3479 2134; baseline 0.003 -24"><span class='ocrx_word' id='word_1_227' title='bbox 1911 2061 2028 2130; x_wconf 85' lang='lat' dir='ltr'><strong>quia</strong></span> <span class='ocrx_word' id='word_1_228' title='bbox 2095 2063 2226 2115; x_wconf 84' lang='lat' dir='ltr'><strong>nihil</strong></span> <span class='ocrx_word' id='word_1_229' title='bbox 2291 2077 2352 2116; x_wconf 88' lang='lat' dir='ltr'><strong>ea</strong></span> <span class='ocrx_word' id='word_1_230' title='bbox 2427 2062 2598 2132; x_wconf 81' lang='lat' dir='ltr'><strong>magis</strong></span> <span class='ocrx_word' id='word_1_231' title='bbox 2660 2061 3013 2134; x_wconf 78' lang='lat' dir='ltr'><strong>lrugiferum.</strong></span> <span class='ocrx_word' id='word_1_232' title='bbox 3073 2063 3266 2132; x_wconf 86' lang='lat' dir='ltr'><strong>Ecquis</strong></span> <span class='ocrx_word' id='word_1_233' title='bbox 3293 2063 3479 2131; x_wconf 73' lang='lat' dir='ltr'><strong>igitur,</strong></span> 
     </span>
    </p>
   </div>
   <div class='ocr_carea' id='block_1_37' title="bbox 217 2145 1809 2226">
    <p class='ocr_par' dir='ltr' id='par_1_37' title="bbox 217 2145 1803 2222">
     <span class='ocr_line' id='line_1_37' title="bbox 217 2145 1803 2222; baseline 0.003 -22"><span class='ocrx_word' id='word_1_234' title='bbox 217 2147 426 2219; x_wconf 79' lang='grc' dir='ltr'>γαροῦν</span> <span class='ocrx_word' id='word_1_235' title='bbox 481 2147 558 2219; x_wconf 85' lang='grc' dir='ltr'>μὴ</span> <span class='ocrx_word' id='word_1_236' title='bbox 604 2145 726 2202; x_wconf 90' lang='grc' dir='ltr'>λίαν</span> <span class='ocrx_word' id='word_1_237' title='bbox 779 2147 1088 2220; x_wconf 74' lang='grc' dir='ltr'><strong>ἐξεστηκὼς</strong></span> <span class='ocrx_word' id='word_1_238' title='bbox 1151 2151 1214 2204; x_wconf 80' lang='grc' dir='ltr'>οὐ</span> <span class='ocrx_word' id='word_1_239' title='bbox 1264 2149 1386 2204; x_wconf 85' lang='grc' dir='ltr'>λίαν</span> <span class='ocrx_word' id='word_1_240' title='bbox 1445 2151 1615 2222; x_wconf 81' lang='grc' dir='ltr'>αὐτῆς</span> <span class='ocrx_word' id='word_1_241' title='bbox 1673 2151 1803 2206; x_wconf 81' lang='grc' dir='ltr'><strong>ἀνθ-</strong></span> 
     </span>
    </p>
   </div>
   <div class='ocr_carea' id='block_1_38' title="bbox 1911 2145 3482 2226">
    <p class='ocr_par' dir='ltr' id='par_1_38' title="bbox 1911 2149 3482 2226">
     <span class='ocr_line' id='line_1_38' title="bbox 1911 2149 3482 2226; baseline 0.004 -24"><span class='ocrx_word' id='word_1_242' title='bbox 1911 2149 2010 2203; x_wconf 90' lang='lat' dir='ltr'><strong>nisi</strong></span> <span class='ocrx_word' id='word_1_243' title='bbox 2039 2151 2191 2206; x_wconf 87' lang='lat' dir='ltr'><strong>valde</strong></span> <span class='ocrx_word' id='word_1_244' title='bbox 2221 2167 2435 2218; x_wconf 82' lang='lat' dir='ltr'><strong>amens,</strong></span> <span class='ocrx_word' id='word_1_245' title='bbox 2457 2168 2560 2206; x_wconf 90' lang='lat' dir='ltr'><strong>non</strong></span> <span class='ocrx_word' id='word_1_246' title='bbox 2590 2168 2710 2208; x_wconf 89' lang='lat' dir='ltr'><strong>eam</strong></span> <span class='ocrx_word' id='word_1_247' title='bbox 2754 2154 3106 2208; x_wconf 80' lang='lat' dir='ltr'><strong>vehementer</strong></span> <span class='ocrx_word' id='word_1_248' title='bbox 3146 2153 3482 2226; x_wconf 85' lang='lat' dir='ltr'><strong>complecta-</strong></span> 
     </span>
    </p>
   </div>
   <div class='ocr_carea' id='block_1_39' title="bbox 217 2238 2038 2306">
    <p class='ocr_par' dir='ltr' id='par_1_39' title="bbox 217 2238 2038 2306">
     <span class='ocr_line' id='line_1_39' title="bbox 217 2238 2038 2306; baseline 0.001 -14"><span class='ocrx_word' id='word_1_249' title='bbox 217 2238 398 2306; x_wconf 71' lang='grc' dir='ltr'>ἐξεται</span> <span class='ocrx_word' id='word_1_250' title='bbox 416 2254 432 2306; x_wconf 88' lang='grc'>;</span> <span class='ocrx_word' id='word_1_251' title='bbox 1908 2250 1995 2295; x_wconf 87' lang='lat' dir='ltr'><strong>tur</strong></span> <span class='ocrx_word' id='word_1_252' title='bbox 2013 2241 2038 2294; x_wconf 88' lang='lat'><strong>?</strong></span> 
     </span>
    </p>
   </div>
   <div class='ocr_carea' id='block_1_40' title="bbox 749 2345 1809 2420">
    <p class='ocr_par' dir='ltr' id='par_1_40' title="bbox 749 2345 1261 2420">
     <span class='ocr_line' id='line_1_40' title="bbox 749 2345 1261 2420; baseline 0.006 -20"><span class='ocrx_word' id='word_1_253' title='bbox 749 2345 880 2400; x_wconf 83' lang='lat' dir='ltr'><strong>rH&#39;.</strong></span> <span class='ocrx_word' id='word_1_254' title='bbox 927 2377 998 2390; x_wconf 85' lang='grc'><strong><em>--</em></strong></span> <span class='ocrx_word' id='word_1_255' title='bbox 1034 2348 1261 2420; x_wconf 59' lang='lat' dir='ltr'><strong>naua.</strong></span> 
     </span>
    </p>
   </div>
   <div class='ocr_carea' id='block_1_41' title="bbox 1911 2345 2978 2420">
    <p class='ocr_par' dir='ltr' id='par_1_41' title="bbox 2422 2349 2978 2406">
     <span class='ocr_line' id='line_1_41' title="bbox 2422 2349 2978 2406; baseline 0 0"><span class='ocrx_word' id='word_1_256' title='bbox 2422 2349 2646 2406; x_wconf 83' lang='lat' dir='ltr'><strong>CDVIII.</strong></span> <span class='ocrx_word' id='word_1_257' title='bbox 2669 2350 2978 2406; x_wconf 67' lang='lat' dir='ltr'><strong>——IS.\I:E.</strong></span> 
     </span>
    </p>
   </div>
   <div class='ocr_carea' id='block_1_42' title="bbox 219 2439 3480 2586">
    <p class='ocr_par' dir='ltr' id='par_1_42' title="bbox 219 2439 3480 2586">
     <span class='ocr_line' id='line_1_42' title="bbox 219 2439 3480 2586; baseline 0.001 -91"><span class='ocrx_word' id='word_1_258' title='bbox 219 2439 409 2512; x_wconf 68' lang='grc' dir='ltr'>λιιιρηὶ</span> <span class='ocrx_word' id='word_1_259' title='bbox 455 2448 506 2494; x_wconf 85' lang='lat' dir='ltr'><strong>et</strong></span> <span class='ocrx_word' id='word_1_260' title='bbox 547 2441 759 2508; x_wconf 74' lang='lat' dir='ltr'><strong>angusti</strong></span> <span class='ocrx_word' id='word_1_261' title='bbox 807 2443 974 2496; x_wconf 84' lang='lat' dir='ltr'><strong>animi</strong></span> <span class='ocrx_word' id='word_1_262' title='bbox 1025 2445 1324 2498; x_wconf 70' lang='lat' dir='ltr'><strong>discrimen.</strong></span> <span class='ocrx_word' id='word_1_263' title='bbox 1351 2441 1528 2514; x_wconf 78' lang='lat' dir='ltr'><strong>(Conf.</strong></span> <span class='ocrx_word' id='word_1_264' title='bbox 1583 2442 1736 2512; x_wconf 72' lang='lat' dir='ltr'><strong>epist.</strong></span> <span class='ocrx_word' id='word_1_265' title='bbox 1765 2442 2120 2586; x_wconf 49' lang='lat' dir='ltr'><strong>52813))M3,</strong></span> <span class='ocrx_word' id='word_1_266' title='bbox 2151 2445 2274 2498; x_wconf 82' lang='lat' dir='ltr'><strong>item</strong></span> <span class='ocrx_word' id='word_1_267' title='bbox 2319 2446 2472 2514; x_wconf 78' lang='lat' dir='ltr'><strong>epist.</strong></span> <span class='ocrx_word' id='word_1_268' title='bbox 2520 2445 2636 2510; x_wconf 72' lang='lat'><strong>152,</strong></span> <span class='ocrx_word' id='word_1_269' title='bbox 2677 2445 2770 2499; x_wconf 89' lang='lat' dir='ltr'><strong>lib.</strong></span> <span class='ocrx_word' id='word_1_270' title='bbox 2811 2461 2882 2510; x_wconf 88' lang='lat' dir='ltr'><strong>tv,</strong></span> <span class='ocrx_word' id='word_1_271' title='bbox 2909 2446 2978 2499; x_wconf 85' lang='lat' dir='ltr'><strong>ad</strong></span> <span class='ocrx_word' id='word_1_272' title='bbox 3017 2445 3129 2498; x_wconf 83' lang='lat' dir='ltr'><strong>loca</strong></span> <span class='ocrx_word' id='word_1_273' title='bbox 3165 2442 3322 2498; x_wconf 81' lang='lat' dir='ltr'><strong>Prov.</strong></span> <span class='ocrx_word' id='word_1_274' title='bbox 3367 2460 3480 2512; x_wconf 77' lang='lat' dir='ltr'><strong>xw,</strong></span> 
     </span>
     <span class='ocr_line' id='line_1_43' title="bbox 1713 2529 1958 2570; baseline 0.016 -4"><span class='ocrx_word' id='word_1_275' title='bbox 1713 2529 1846 2568; x_wconf 74' lang='lat' dir='ltr'><strong>vers.</strong></span> <span class='ocrx_word' id='word_1_276' title='bbox 1945 2555 1958 2570; x_wconf 93' lang='lat'><strong>.</strong></span> 
     </span>
    </p>
   </div>
   <div class='ocr_carea' id='block_1_43' title="bbox 1713 2529 1958 2570">
    <p class='ocr_par' dir='ltr' id='par_1_43' title="bbox 1713 2529 1958 2570">
     <span class='ocr_line' id='line_1_44' title="bbox 1713 2529 1958 2570; baseline 0.016 -4"><span class='ocrx_word' id='word_1_277' title='bbox 1713 2529 1846 2568; x_wconf 73' lang='lat' dir='ltr'><strong>vers.</strong></span> <span class='ocrx_word' id='word_1_278' title='bbox 1871 2529 1958 2570; x_wconf 64' lang='lat'><strong>19.</strong></span> 
     </span>
    </p>
   </div>
   <div class='ocr_carea' id='block_1_44' title="bbox 286 2619 1809 2697">
    <p class='ocr_par' dir='ltr' id='par_1_44' title="bbox 286 2619 1802 2696">
     <span class='ocr_line' id='line_1_45' title="bbox 286 2619 1802 2696; baseline 0.001 -20"><span class='ocrx_word' id='word_1_279' title='bbox 286 2621 418 2677; x_wconf 88' lang='grc' dir='ltr'>Ὅτι</span> <span class='ocrx_word' id='word_1_280' title='bbox 473 2623 572 2694; x_wconf 76' lang='grc' dir='ltr'>μὲν</span> <span class='ocrx_word' id='word_1_281' title='bbox 619 2624 686 2696; x_wconf 83' lang='grc' dir='ltr'><strong>τῇ</strong></span> <span class='ocrx_word' id='word_1_282' title='bbox 742 2621 843 2694; x_wconf 77' lang='grc' dir='ltr'>μὲν</span> <span class='ocrx_word' id='word_1_283' title='bbox 891 2619 1270 2694; x_wconf 68' lang='grc' dir='ltr'>μεγαλοψυχία</span> <span class='ocrx_word' id='word_1_284' title='bbox 1321 2621 1416 2676; x_wconf 71' lang='grc' dir='ltr'>καὶ</span> <span class='ocrx_word' id='word_1_285' title='bbox 1460 2623 1494 2694; x_wconf 86' lang='grc' dir='ltr'><strong>ή</strong></span> <span class='ocrx_word' id='word_1_286' title='bbox 1553 2624 1802 2694; x_wconf 83' lang='grc' dir='ltr'>μεγαλο-</span> 
     </span>
    </p>
   </div>
   <div class='ocr_carea' id='block_1_45' title="bbox 1911 2619 3475 2697">
    <p class='ocr_par' dir='ltr' id='par_1_45' title="bbox 1967 2625 3475 2697">
     <span class='ocr_line' id='line_1_46' title="bbox 1967 2625 3475 2697; baseline 0.001 -17"><span class='ocrx_word' id='word_1_287' title='bbox 1967 2627 2216 2681; x_wconf 83' lang='lat' dir='ltr'><strong>Arbitror</strong></span> <span class='ocrx_word' id='word_1_288' title='bbox 2244 2637 2430 2680; x_wconf 88' lang='lat' dir='ltr'><strong>notum</strong></span> <span class='ocrx_word' id='word_1_289' title='bbox 2467 2625 2560 2680; x_wconf 86' lang='lat' dir='ltr'><strong>tibi</strong></span> <span class='ocrx_word' id='word_1_290' title='bbox 2579 2639 2700 2681; x_wconf 85' lang='lat' dir='ltr'><strong>esse</strong></span> <span class='ocrx_word' id='word_1_291' title='bbox 2725 2626 2789 2682; x_wconf 80' lang='lat' dir='ltr'><strong>ad</strong></span> <span class='ocrx_word' id='word_1_292' title='bbox 2815 2625 2978 2681; x_wconf 81' lang='lat' dir='ltr'><strong>animi</strong></span> <span class='ocrx_word' id='word_1_293' title='bbox 3018 2627 3475 2697; x_wconf 73' lang='lat' dir='ltr'><strong>magnitudinem,</strong></span> 
     </span>
    </p>
   </div>
   <div class='ocr_carea' id='block_1_46' title="bbox 217 2713 1809 2787">
    <p class='ocr_par' dir='ltr' id='par_1_46' title="bbox 217 2713 1802 2787">
     <span class='ocr_line' id='line_1_47' title="bbox 217 2713 1802 2787; baseline 0.001 -21"><span class='ocrx_word' id='word_1_294' title='bbox 217 2713 464 2784; x_wconf 83' lang='grc' dir='ltr'>πρέπεια</span> <span class='ocrx_word' id='word_1_295' title='bbox 511 2715 738 2780; x_wconf 71' lang='grc' dir='ltr'>ἕπεται,</span> <span class='ocrx_word' id='word_1_296' title='bbox 786 2717 854 2786; x_wconf 77' lang='grc' dir='ltr'>τῇ</span> <span class='ocrx_word' id='word_1_297' title='bbox 913 2714 970 2767; x_wconf 80' lang='grc' dir='ltr'>δὲ</span> <span class='ocrx_word' id='word_1_298' title='bbox 1029 2713 1365 2785; x_wconf 75' lang='grc' dir='ltr'>μικροψυχίᾳ</span> <span class='ocrx_word' id='word_1_299' title='bbox 1417 2717 1451 2784; x_wconf 84' lang='grc' dir='ltr'><strong>ἡ</strong></span> <span class='ocrx_word' id='word_1_300' title='bbox 1503 2715 1802 2787; x_wconf 80' lang='grc' dir='ltr'>μικροπρέο</span> 
     </span>
    </p>
   </div>
   <div class='ocr_carea' id='block_1_47' title="bbox 1911 2713 3464 2787">
    <p class='ocr_par' dir='ltr' id='par_1_47' title="bbox 1911 2713 3464 2786">
     <span class='ocr_line' id='line_1_48' title="bbox 1911 2713 3464 2786; baseline 0.005 -19"><span class='ocrx_word' id='word_1_301' title='bbox 1911 2713 2242 2783; x_wconf 74' lang='lat' dir='ltr'><strong>maiestatem</strong></span> <span class='ocrx_word' id='word_1_302' title='bbox 2279 2713 2707 2784; x_wconf 78' lang='lat' dir='ltr'><strong>dignitatemque</strong></span> <span class='ocrx_word' id='word_1_303' title='bbox 2729 2717 2984 2786; x_wconf 87' lang='lat' dir='ltr'><strong>consequi</strong></span> <span class='ocrx_word' id='word_1_304' title='bbox 3019 2732 3035 2771; x_wconf 88' lang='lat'><strong>:</strong></span> <span class='ocrx_word' id='word_1_305' title='bbox 3065 2719 3304 2772; x_wconf 85' lang='lat' dir='ltr'><strong>animum</strong></span> <span class='ocrx_word' id='word_1_306' title='bbox 3333 2734 3464 2774; x_wconf 81' lang='lat' dir='ltr'><strong>vero</strong></span> 
     </span>
    </p>
   </div>
   <div class='ocr_carea' id='block_1_48' title="bbox 215 2803 1809 2878">
    <p class='ocr_par' dir='ltr' id='par_1_48' title="bbox 215 2803 1802 2878">
     <span class='ocr_line' id='line_1_49' title="bbox 215 2803 1802 2878; baseline 0.001 -20"><span class='ocrx_word' id='word_1_307' title='bbox 215 2822 388 2872; x_wconf 81' lang='grc' dir='ltr'>πεια,</span> <span class='ocrx_word' id='word_1_308' title='bbox 430 2806 575 2878; x_wconf 83' lang='grc' dir='ltr'>μάλα</span> <span class='ocrx_word' id='word_1_309' title='bbox 611 2806 856 2878; x_wconf 74' lang='grc' dir='ltr'>ἀκριϐῶς</span> <span class='ocrx_word' id='word_1_310' title='bbox 905 2803 1060 2876; x_wconf 86' lang='grc' dir='ltr'>οῐμαί</span> <span class='ocrx_word' id='word_1_311' title='bbox 1112 2822 1172 2858; x_wconf 86' lang='grc' dir='ltr'>σε</span> <span class='ocrx_word' id='word_1_312' title='bbox 1217 2806 1435 2860; x_wconf 77' lang='grc' dir='ltr'>εἰδέναι.</span> <span class='ocrx_word' id='word_1_313' title='bbox 1467 2807 1590 2860; x_wconf 88' lang='grc' dir='ltr'><strong>Ὅτι</strong></span> <span class='ocrx_word' id='word_1_314' title='bbox 1619 2807 1676 2860; x_wconf 80' lang='grc' dir='ltr'>δὲ</span> <span class='ocrx_word' id='word_1_315' title='bbox 1721 2808 1802 2860; x_wconf 83' lang='grc' dir='ltr'>δι-</span> 
     </span>
    </p>
   </div>
   <div class='ocr_carea' id='block_1_49' title="bbox 1911 2803 3468 2878">
    <p class='ocr_par' dir='ltr' id='par_1_49' title="bbox 1911 2804 3468 2877">
     <span class='ocr_line' id='line_1_50' title="bbox 1911 2804 3468 2877; baseline 0.005 -18"><span class='ocrx_word' id='word_1_316' title='bbox 1911 2805 2156 2875; x_wconf 84' lang='lat' dir='ltr'><strong>pusillum</strong></span> <span class='ocrx_word' id='word_1_317' title='bbox 2205 2804 2562 2874; x_wconf 83' lang='lat' dir='ltr'><strong>ahjectionem</strong></span> <span class='ocrx_word' id='word_1_318' title='bbox 2629 2804 3122 2877; x_wconf 80' lang='lat' dir='ltr'><strong>demissimteutque</strong></span> <span class='ocrx_word' id='word_1_319' title='bbox 3181 2810 3468 2868; x_wconf 86' lang='lat' dir='ltr'><strong>comitari.</strong></span> 
     </span>
    </p>
   </div>
   <div class='ocr_carea' id='block_1_50' title="bbox 215 2895 1809 2968">
    <p class='ocr_par' dir='ltr' id='par_1_50' title="bbox 215 2895 1805 2968">
     <span class='ocr_line' id='line_1_51' title="bbox 215 2895 1805 2968; baseline -0.001 -18"><span class='ocrx_word' id='word_1_320' title='bbox 215 2897 394 2960; x_wconf 82' lang='grc' dir='ltr'>καίως</span> <span class='ocrx_word' id='word_1_321' title='bbox 424 2898 493 2966; x_wconf 77' lang='grc' dir='ltr'><strong>τῇ</strong></span> <span class='ocrx_word' id='word_1_322' title='bbox 531 2897 631 2968; x_wconf 81' lang='grc' dir='ltr'>μὲν</span> <span class='ocrx_word' id='word_1_323' title='bbox 671 2898 874 2968; x_wconf 80' lang='grc' dir='ltr'>πρέπει</span> <span class='ocrx_word' id='word_1_324' title='bbox 916 2895 977 2950; x_wconf 84' lang='grc' dir='ltr'><strong>τὺ</strong></span> <span class='ocrx_word' id='word_1_325' title='bbox 1009 2896 1196 2962; x_wconf 79' lang='grc' dir='ltr'>κλέος,</span> <span class='ocrx_word' id='word_1_326' title='bbox 1233 2899 1297 2966; x_wconf 81' lang='grc' dir='ltr'>τῇ</span> <span class='ocrx_word' id='word_1_327' title='bbox 1338 2897 1394 2949; x_wconf 80' lang='grc' dir='ltr'>δὲ</span> <span class='ocrx_word' id='word_1_328' title='bbox 1435 2896 1496 2950; x_wconf 81' lang='grc' dir='ltr'>τὸ</span> <span class='ocrx_word' id='word_1_329' title='bbox 1523 2897 1659 2960; x_wconf 80' lang='grc' dir='ltr'>δέος,</span> <span class='ocrx_word' id='word_1_330' title='bbox 1709 2897 1805 2950; x_wconf 72' lang='grc' dir='ltr'>καὶ</span> 
     </span>
    </p>
   </div>
   <div class='ocr_carea' id='block_1_51' title="bbox 1911 2895 3484 2968">
    <p class='ocr_par' dir='ltr' id='par_1_51' title="bbox 1911 2895 3484 2965">
     <span class='ocr_line' id='line_1_52' title="bbox 1911 2895 3484 2965; baseline 0.005 -16"><span class='ocrx_word' id='word_1_331' title='bbox 1911 2895 2042 2952; x_wconf 82' lang='lat' dir='ltr'><strong>[llud</strong></span> <span class='ocrx_word' id='word_1_332' title='bbox 2068 2910 2286 2964; x_wconf 89' lang='lat' dir='ltr'><strong>quoque</strong></span> <span class='ocrx_word' id='word_1_333' title='bbox 2340 2905 2392 2950; x_wconf 90' lang='lat' dir='ltr'><strong>te</strong></span> <span class='ocrx_word' id='word_1_334' title='bbox 2429 2911 2535 2950; x_wconf 89' lang='lat' dir='ltr'><strong>non</strong></span> <span class='ocrx_word' id='word_1_335' title='bbox 2589 2896 2776 2964; x_wconf 76' lang='lat' dir='ltr'><strong>fugere</strong></span> <span class='ocrx_word' id='word_1_336' title='bbox 2817 2898 3073 2965; x_wconf 86' lang='lat' dir='ltr'><strong>arbitror,</strong></span> <span class='ocrx_word' id='word_1_337' title='bbox 3109 2899 3275 2964; x_wconf 89' lang='lat' dir='ltr'><strong>illam,</strong></span> <span class='ocrx_word' id='word_1_338' title='bbox 3313 2902 3484 2956; x_wconf 86' lang='lat' dir='ltr'><strong>decus</strong></span> 
     </span>
    </p>
   </div>
   <div class='ocr_carea' id='block_1_52' title="bbox 213 2981 1809 3067">
    <p class='ocr_par' dir='ltr' id='par_1_52' title="bbox 213 2981 1801 3058">
     <span class='ocr_line' id='line_1_53' title="bbox 213 2981 1801 3058; baseline 0.003 -21"><span class='ocrx_word' id='word_1_339' title='bbox 213 2985 381 3038; x_wconf 82' lang='grc' dir='ltr'>τοῦτο</span> <span class='ocrx_word' id='word_1_340' title='bbox 407 2981 564 3056; x_wconf 77' lang='grc' dir='ltr'>οἶμαι</span> <span class='ocrx_word' id='word_1_341' title='bbox 589 2986 814 3040; x_wconf 78' lang='grc' dir='ltr'>εἰδέναι.</span> <span class='ocrx_word' id='word_1_342' title='bbox 874 2986 939 3039; x_wconf 86' lang='grc' dir='ltr'><strong>Ἦ</strong></span> <span class='ocrx_word' id='word_1_343' title='bbox 967 2987 1203 3057; x_wconf 73' lang='grc' dir='ltr'>μὲνγὰρ</span> <span class='ocrx_word' id='word_1_344' title='bbox 1231 2987 1328 3040; x_wconf 77' lang='grc' dir='ltr'>καὶ</span> <span class='ocrx_word' id='word_1_345' title='bbox 1363 2988 1462 3058; x_wconf 82' lang='grc' dir='ltr'><strong>τὴν</strong></span> <span class='ocrx_word' id='word_1_346' title='bbox 1501 2988 1801 3058; x_wconf 71' lang='grc' dir='ltr'>εὐημερίαν</span> 
     </span>
    </p>
   </div>
   <div class='ocr_carea' id='block_1_53' title="bbox 1911 2981 3486 3067">
    <p class='ocr_par' dir='ltr' id='par_1_53' title="bbox 1911 2987 3486 3058">
     <span class='ocr_line' id='line_1_54' title="bbox 1911 2987 3486 3058; baseline 0.003 -18"><span class='ocrx_word' id='word_1_347' title='bbox 1911 2988 2244 3056; x_wconf 80' lang='lat' dir='ltr'><strong>gloriamque</strong></span> <span class='ocrx_word' id='word_1_348' title='bbox 2295 3003 2311 3040; x_wconf 89' lang='lat'><strong>:</strong></span> <span class='ocrx_word' id='word_1_349' title='bbox 2371 2987 2514 3042; x_wconf 91' lang='lat' dir='ltr'><strong>hane</strong></span> <span class='ocrx_word' id='word_1_350' title='bbox 2575 3001 2706 3041; x_wconf 86' lang='lat' dir='ltr'><strong>vero</strong></span> <span class='ocrx_word' id='word_1_351' title='bbox 2767 2999 2969 3041; x_wconf 90' lang='lat' dir='ltr'><strong>metum</strong></span> <span class='ocrx_word' id='word_1_352' title='bbox 3032 2988 3486 3058; x_wconf 81' lang='lat' dir='ltr'><strong>formidinemque</strong></span> 
     </span>
    </p>
   </div>
   <div class='ocr_carea' id='block_1_54' title="bbox 215 3076 1809 3151">
    <p class='ocr_par' dir='ltr' id='par_1_54' title="bbox 215 3076 1802 3151">
     <span class='ocr_line' id='line_1_55' title="bbox 215 3076 1802 3151; baseline 0.004 -23"><span class='ocrx_word' id='word_1_353' title='bbox 215 3076 464 3147; x_wconf 83' lang='grc' dir='ltr'>μετρίως</span> <span class='ocrx_word' id='word_1_354' title='bbox 483 3117 498 3140; x_wconf 92' lang='grc'><strong>,</strong></span> <span class='ocrx_word' id='word_1_355' title='bbox 543 3079 638 3130; x_wconf 77' lang='grc' dir='ltr'>καὶ</span> <span class='ocrx_word' id='word_1_356' title='bbox 665 3076 764 3149; x_wconf 83' lang='grc' dir='ltr'>τὴν</span> <span class='ocrx_word' id='word_1_357' title='bbox 791 3078 1126 3149; x_wconf 82' lang='grc' dir='ltr'>δυσημερίαν</span> <span class='ocrx_word' id='word_1_358' title='bbox 1155 3079 1414 3151; x_wconf 80' lang='grc' dir='ltr'><strong>ἀνδρείως</strong></span> <span class='ocrx_word' id='word_1_359' title='bbox 1443 3081 1618 3151; x_wconf 84' lang='grc' dir='ltr'>φέρει.</span> <span class='ocrx_word' id='word_1_360' title='bbox 1660 3081 1724 3134; x_wconf 79' lang='grc' dir='ltr'><strong>ἹΙ</strong></span> <span class='ocrx_word' id='word_1_361' title='bbox 1746 3081 1802 3135; x_wconf 79' lang='grc' dir='ltr'>δὲ</span> 
     </span>
    </p>
   </div>
   <div class='ocr_carea' id='block_1_55' title="bbox 1911 3076 3486 3151">
    <p class='ocr_par' dir='ltr' id='par_1_55' title="bbox 1911 3077 3486 3148">
     <span class='ocr_line' id='line_1_56' title="bbox 1911 3077 3486 3148; baseline 0.003 -14"><span class='ocrx_word' id='word_1_362' title='bbox 1911 3081 2114 3134; x_wconf 81' lang='lat' dir='ltr'><strong>decere.</strong></span> <span class='ocrx_word' id='word_1_363' title='bbox 2143 3077 2236 3131; x_wconf 87' lang='lat' dir='ltr'><strong>Illa</strong></span> <span class='ocrx_word' id='word_1_364' title='bbox 2265 3079 2482 3147; x_wconf 87' lang='lat' dir='ltr'><strong>quidem</strong></span> <span class='ocrx_word' id='word_1_365' title='bbox 2505 3092 2588 3133; x_wconf 85' lang='lat' dir='ltr'><strong>res</strong></span> <span class='ocrx_word' id='word_1_366' title='bbox 2605 3079 2871 3133; x_wconf 83' lang='lat' dir='ltr'><strong>sectmdas</strong></span> <span class='ocrx_word' id='word_1_367' title='bbox 2897 3079 3204 3148; x_wconf 82' lang='lat' dir='ltr'><strong>moderate;</strong></span> <span class='ocrx_word' id='word_1_368' title='bbox 3231 3083 3486 3138; x_wconf 76' lang='lat' dir='ltr'><strong>adversas</strong></span> 
     </span>
    </p>
   </div>
   <div class='ocr_carea' id='block_1_56' title="bbox 212 3166 1809 3241">
    <p class='ocr_par' dir='ltr' id='par_1_56' title="bbox 212 3166 1805 3241">
     <span class='ocr_line' id='line_1_57' title="bbox 212 3166 1805 3241; baseline 0.003 -22"><span class='ocrx_word' id='word_1_369' title='bbox 212 3166 300 3237; x_wconf 80' lang='grc' dir='ltr'>πῆ</span> <span class='ocrx_word' id='word_1_370' title='bbox 335 3167 437 3238; x_wconf 79' lang='grc' dir='ltr'>μὲν</span> <span class='ocrx_word' id='word_1_371' title='bbox 455 3167 596 3238; x_wconf 79' lang='grc' dir='ltr'>ἄγαν</span> <span class='ocrx_word' id='word_1_372' title='bbox 621 3169 824 3241; x_wconf 76' lang='grc' dir='ltr'>ὑψηλὴ,</span> <span class='ocrx_word' id='word_1_373' title='bbox 847 3170 925 3240; x_wconf 82' lang='grc' dir='ltr'>πῆ</span> <span class='ocrx_word' id='word_1_374' title='bbox 947 3170 1004 3222; x_wconf 81' lang='grc' dir='ltr'>δὲ</span> <span class='ocrx_word' id='word_1_375' title='bbox 1033 3171 1154 3224; x_wconf 86' lang='grc' dir='ltr'>λίαν</span> <span class='ocrx_word' id='word_1_376' title='bbox 1174 3171 1402 3241; x_wconf 78' lang='grc' dir='ltr'>ταπεινὴ</span> <span class='ocrx_word' id='word_1_377' title='bbox 1433 3173 1662 3240; x_wconf 83' lang='grc' dir='ltr'>γίνεται,</span> <span class='ocrx_word' id='word_1_378' title='bbox 1691 3173 1805 3235; x_wconf 81' lang='grc' dir='ltr'>τοῖς</span> 
     </span>
    </p>
   </div>
   <div class='ocr_carea' id='block_1_57' title="bbox 1911 3166 3482 3241">
    <p class='ocr_par' dir='ltr' id='par_1_57' title="bbox 1911 3169 3482 3228">
     <span class='ocr_line' id='line_1_58' title="bbox 1911 3169 3482 3228; baseline 0.003 -4"><span class='ocrx_word' id='word_1_379' title='bbox 1911 3184 2032 3224; x_wconf 81' lang='lat' dir='ltr'><strong>vero</strong></span> <span class='ocrx_word' id='word_1_380' title='bbox 2085 3169 2296 3224; x_wconf 75' lang='lat' dir='ltr'><strong>fortiter</strong></span> <span class='ocrx_word' id='word_1_381' title='bbox 2349 3169 2562 3224; x_wconf 87' lang='lat' dir='ltr'><strong>tolerat.</strong></span> <span class='ocrx_word' id='word_1_382' title='bbox 2607 3169 2734 3224; x_wconf 66' lang='lat' dir='ltr'><strong>Haec</strong></span> <span class='ocrx_word' id='word_1_383' title='bbox 2795 3185 2924 3224; x_wconf 85' lang='lat' dir='ltr'><strong>vero</strong></span> <span class='ocrx_word' id='word_1_384' title='bbox 2973 3171 3128 3226; x_wconf 83' lang='lat' dir='ltr'><strong>valde</strong></span> <span class='ocrx_word' id='word_1_385' title='bbox 3184 3171 3482 3228; x_wconf 84' lang='lat' dir='ltr'><strong>identidem</strong></span> 
     </span>
    </p>
   </div>
   <div class='ocr_carea' id='block_1_58' title="bbox 213 3257 1809 3333">
    <p class='ocr_par' dir='ltr' id='par_1_58' title="bbox 213 3257 1806 3333">
     <span class='ocr_line' id='line_1_59' title="bbox 213 3257 1806 3333; baseline 0.004 -23"><span class='ocrx_word' id='word_1_386' title='bbox 213 3257 520 3330; x_wconf 77' lang='grc' dir='ltr'>πράγμασι</span> <span class='ocrx_word' id='word_1_387' title='bbox 577 3260 1172 3333; x_wconf 79' lang='grc' dir='ltr'>συμμεταϐαλλομένη,</span> <span class='ocrx_word' id='word_1_388' title='bbox 1222 3263 1319 3315; x_wconf 84' lang='grc' dir='ltr'>καὶ</span> <span class='ocrx_word' id='word_1_389' title='bbox 1366 3262 1596 3332; x_wconf 85' lang='grc' dir='ltr'>εὺρίπου</span> <span class='ocrx_word' id='word_1_390' title='bbox 1655 3262 1806 3316; x_wconf 82' lang='grc' dir='ltr'>οὐδὲν</span> 
     </span>
    </p>
   </div>
   <div class='ocr_carea' id='block_1_59' title="bbox 1911 3257 3482 3333">
    <p class='ocr_par' dir='ltr' id='par_1_59' title="bbox 1911 3257 3482 3328">
     <span class='ocr_line' id='line_1_60' title="bbox 1911 3257 3482 3328; baseline 0.001 -15"><span class='ocrx_word' id='word_1_391' title='bbox 1911 3259 2070 3325; x_wconf 77' lang='lat' dir='ltr'><strong>elata,</strong></span> <span class='ocrx_word' id='word_1_392' title='bbox 2129 3260 2451 3328; x_wconf 87' lang='lat' dir='ltr'><strong>quandoque</strong></span> <span class='ocrx_word' id='word_1_393' title='bbox 2513 3257 2748 3314; x_wconf 88' lang='lat' dir='ltr'><strong>demissa</strong></span> <span class='ocrx_word' id='word_1_394' title='bbox 2799 3259 2964 3314; x_wconf 81' lang='lat' dir='ltr'><strong>nimis</strong></span> <span class='ocrx_word' id='word_1_395' title='bbox 3023 3260 3257 3324; x_wconf 78' lang='lat' dir='ltr'><strong>exsistit,</strong></span> <span class='ocrx_word' id='word_1_396' title='bbox 3319 3263 3482 3316; x_wconf 80' lang='lat' dir='ltr'><strong>rebus</strong></span> 
     </span>
    </p>
   </div>
   <div class='ocr_carea' id='block_1_60' title="bbox 210 3347 1809 3419">
    <p class='ocr_par' dir='ltr' id='par_1_60' title="bbox 210 3347 577 3419">
     <span class='ocr_line' id='line_1_61' title="bbox 210 3347 577 3419; baseline 0 -16"><span class='ocrx_word' id='word_1_397' title='bbox 210 3347 577 3419; x_wconf 73' lang='grc' dir='ltr'>διαφέρουσα.</span> 
     </span>
    </p>
   </div>
   <div class='ocr_carea' id='block_1_61' title="bbox 1911 3347 3484 3419">
    <p class='ocr_par' dir='ltr' id='par_1_61' title="bbox 1911 3348 3484 3418">
     <span class='ocr_line' id='line_1_62' title="bbox 1911 3348 3484 3418; baseline 0.003 -16"><span class='ocrx_word' id='word_1_398' title='bbox 1911 3353 2333 3414; x_wconf 65' lang='lat' dir='ltr'><strong>accommodata,</strong></span> <span class='ocrx_word' id='word_1_399' title='bbox 2367 3353 2435 3405; x_wconf 80' lang='lat' dir='ltr'><strong>ab</strong></span> <span class='ocrx_word' id='word_1_400' title='bbox 2456 3349 2641 3418; x_wconf 84' lang='lat' dir='ltr'><strong>Euripi</strong></span> <span class='ocrx_word' id='word_1_401' title='bbox 2671 3348 2907 3406; x_wconf 77' lang='lat' dir='ltr'><strong>ﬂuminis</strong></span> <span class='ocrx_word' id='word_1_402' title='bbox 2959 3365 3122 3406; x_wconf 85' lang='lat' dir='ltr'><strong>cursu</strong></span> <span class='ocrx_word' id='word_1_403' title='bbox 3159 3351 3295 3407; x_wconf 89' lang='lat' dir='ltr'><strong>nihil</strong></span> <span class='ocrx_word' id='word_1_404' title='bbox 3329 3351 3484 3407; x_wconf 64' lang='lat' dir='ltr'><strong>diﬂ&#39;eo</strong></span> 
     </span>
    </p>
   </div>
   <div class='ocr_carea' id='block_1_62' title="bbox 1908 3457 2055 3494">
    <p class='ocr_par' dir='ltr' id='par_1_62' title="bbox 1908 3457 2055 3494">
     <span class='ocr_line' id='line_1_63' title="bbox 1908 3457 2055 3494; baseline -0.014 0"><span class='ocrx_word' id='word_1_405' title='bbox 1908 3457 1963 3494; x_wconf 78' lang='lat' dir='ltr'><strong>I&#39;L&#39;</strong></span> <span class='ocrx_word' id='word_1_406' title='bbox 1973 3457 2055 3494; x_wconf 76' lang='lat' dir='ltr'><strong>IIS.</strong></span> 
     </span>
    </p>
   </div>
   <div class='ocr_carea' id='block_1_63' title="bbox 716 3547 1809 3622">
    <p class='ocr_par' dir='ltr' id='par_1_63' title="bbox 716 3547 1302 3622">
     <span class='ocr_line' id='line_1_64' title="bbox 716 3547 1302 3622; baseline 0.003 -18"><span class='ocrx_word' id='word_1_407' title='bbox 716 3547 841 3606; x_wconf 72' lang='lat' dir='ltr'><strong>re.</strong></span> <span class='ocrx_word' id='word_1_408' title='bbox 876 3579 948 3592; x_wconf 89' lang='grc'><strong><em>-</em></strong></span> <span class='ocrx_word' id='word_1_409' title='bbox 979 3550 1066 3622; x_wconf 73' lang='lat' dir='ltr'><strong>Tu</strong></span> <span class='ocrx_word' id='word_1_410' title='bbox 1097 3550 1302 3622; x_wconf 75' lang='grc' dir='ltr'>ΑΥΤῼ.</span> 
     </span>
    </p>
   </div>
   <div class='ocr_carea' id='block_1_64' title="bbox 1911 3547 2952 3622">
    <p class='ocr_par' dir='ltr' id='par_1_64' title="bbox 2437 3548 2952 3606">
     <span class='ocr_line' id='line_1_65' title="bbox 2437 3548 2952 3606; baseline 0.008 -4"><span class='ocrx_word' id='word_1_411' title='bbox 2437 3548 2616 3604; x_wconf 75' lang='lat' dir='ltr'><strong>CDIX.</strong></span> <span class='ocrx_word' id='word_1_412' title='bbox 2632 3578 2649 3590; x_wconf 87' lang='lat'><strong>-</strong></span> <span class='ocrx_word' id='word_1_413' title='bbox 2665 3579 2704 3590; x_wconf 91' lang='lat'><strong>—-</strong></span> <span class='ocrx_word' id='word_1_414' title='bbox 2723 3548 2952 3606; x_wconf 78' lang='lat' dir='ltr'><strong>EIDEM.</strong></span> 
     </span>
    </p>
   </div>
   <div class='ocr_carea' id='block_1_65' title="bbox 790 3637 2921 3709">
    <p class='ocr_par' dir='ltr' id='par_1_65' title="bbox 790 3637 2921 3709">
     <span class='ocr_line' id='line_1_66' title="bbox 790 3637 2921 3709; baseline 0.001 -17"><span class='ocrx_word' id='word_1_415' title='bbox 790 3637 969 3694; x_wconf 73' lang='lat' dir='ltr'><strong>Monet</strong></span> <span class='ocrx_word' id='word_1_416' title='bbox 1005 3657 1068 3694; x_wconf 79' lang='lat' dir='ltr'><strong>ne</strong></span> <span class='ocrx_word' id='word_1_417' title='bbox 1092 3653 1304 3709; x_wconf 75' lang='lat' dir='ltr'><strong>propter</strong></span> <span class='ocrx_word' id='word_1_418' title='bbox 1332 3639 1545 3695; x_wconf 81' lang='lat' dir='ltr'><strong>divitias</strong></span> <span class='ocrx_word' id='word_1_419' title='bbox 1573 3655 1631 3694; x_wconf 70' lang='lat' dir='ltr'><strong>se</strong></span> <span class='ocrx_word' id='word_1_420' title='bbox 1671 3638 1893 3693; x_wconf 63' lang='lat' dir='ltr'><strong>etttoliat</strong></span> <span class='ocrx_word' id='word_1_421' title='bbox 1917 3679 1934 3707; x_wconf 90' lang='lat'><strong>,</strong></span> <span class='ocrx_word' id='word_1_422' title='bbox 1967 3638 2202 3708; x_wconf 80' lang='lat' dir='ltr'><strong>aliosque</strong></span> <span class='ocrx_word' id='word_1_423' title='bbox 2233 3639 2299 3692; x_wconf 70' lang='lat' dir='ltr'><strong>iis</strong></span> <span class='ocrx_word' id='word_1_424' title='bbox 2333 3649 2568 3693; x_wconf 73' lang='lat' dir='ltr'><strong>carentes</strong></span> <span class='ocrx_word' id='word_1_425' title='bbox 2601 3649 2921 3694; x_wconf 79' lang='lat' dir='ltr'><strong>contemnat.</strong></span> 
     </span>
    </p>
   </div>
   <div class='ocr_carea' id='block_1_66' title="bbox 292 3746 1803 3820">
    <p class='ocr_par' dir='ltr' id='par_1_66' title="bbox 292 3746 1803 3820">
     <span class='ocr_line' id='line_1_67' title="bbox 292 3746 1803 3820; baseline -0.001 -16"><span class='ocrx_word' id='word_1_426' title='bbox 292 3750 362 3804; x_wconf 74' lang='lat' dir='ltr'><strong>Ei</strong></span> <span class='ocrx_word' id='word_1_427' title='bbox 383 3747 747 3820; x_wconf 78' lang='grc' dir='ltr'>ττεριρῤἐοντα</span> <span class='ocrx_word' id='word_1_428' title='bbox 771 3746 862 3801; x_wconf 81' lang='grc' dir='ltr'>τὸν</span> <span class='ocrx_word' id='word_1_429' title='bbox 885 3747 1330 3810; x_wconf 78' lang='grc' dir='ltr'>ἄδικον,πλοῦτον</span> <span class='ocrx_word' id='word_1_430' title='bbox 1354 3747 1517 3818; x_wconf 85' lang='grc' dir='ltr'>ὁρῶν,</span> <span class='ocrx_word' id='word_1_431' title='bbox 1549 3747 1803 3802; x_wconf 85' lang='grc' dir='ltr'>πλούσιον</span> 
     </span>
    </p>
   </div>
   <div class='ocr_carea' id='block_1_67' title="bbox 209 3838 1806 3910">
    <p class='ocr_par' dir='ltr' id='par_1_67' title="bbox 209 3838 1806 3910">
     <span class='ocr_line' id='line_1_68' title="bbox 209 3838 1806 3910; baseline 0 -17"><span class='ocrx_word' id='word_1_432' title='bbox 209 3838 424 3896; x_wconf 75' lang='grc' dir='ltr'>σαυτὸν</span> <span class='ocrx_word' id='word_1_433' title='bbox 477 3841 622 3910; x_wconf 80' lang='grc' dir='ltr'>ἡγῇ,</span> <span class='ocrx_word' id='word_1_434' title='bbox 662 3840 756 3894; x_wconf 75' lang='grc' dir='ltr'>καὶ</span> <span class='ocrx_word' id='word_1_435' title='bbox 805 3840 932 3902; x_wconf 85' lang='grc' dir='ltr'>τοὺς</span> <span class='ocrx_word' id='word_1_436' title='bbox 994 3838 1420 3910; x_wconf 79' lang='grc' dir='ltr'>φιλοσοφοῦντας</span> <span class='ocrx_word' id='word_1_437' title='bbox 1477 3838 1806 3907; x_wconf 75' lang='grc' dir='ltr'>ταλανίζεις,</span> 
     </span>
    </p>
   </div>
   <div class='ocr_carea' id='block_1_68' title="bbox 1976 3747 3479 3819">
    <p class='ocr_par' dir='ltr' id='par_1_68' title="bbox 1976 3747 3479 3819">
     <span class='ocr_line' id='line_1_69' title="bbox 1976 3747 3479 3819; baseline 0.003 -15"><span class='ocrx_word' id='word_1_438' title='bbox 1976 3749 2033 3804; x_wconf 90' lang='lat' dir='ltr'><strong>Si</strong></span> <span class='ocrx_word' id='word_1_439' title='bbox 2061 3765 2182 3802; x_wconf 85' lang='lat' dir='ltr'><strong>cum</strong></span> <span class='ocrx_word' id='word_1_440' title='bbox 2210 3747 2428 3804; x_wconf 83' lang='lat' dir='ltr'><strong>eiﬂuere</strong></span> <span class='ocrx_word' id='word_1_441' title='bbox 2451 3749 2668 3819; x_wconf 88' lang='lat' dir='ltr'><strong>iniquas</strong></span> <span class='ocrx_word' id='word_1_442' title='bbox 2703 3749 2944 3816; x_wconf 83' lang='lat' dir='ltr'><strong>divitias,</strong></span> <span class='ocrx_word' id='word_1_443' title='bbox 2981 3765 3074 3806; x_wconf 89' lang='lat' dir='ltr'><strong>seu</strong></span> <span class='ocrx_word' id='word_1_444' title='bbox 3109 3766 3479 3810; x_wconf 87' lang='lat' dir='ltr'><strong>mammonam</strong></span> 
     </span>
    </p>
   </div>
   <div class='ocr_carea' id='block_1_69' title="bbox 1906 3839 3483 3913">
    <p class='ocr_par' dir='ltr' id='par_1_69' title="bbox 1906 3839 3483 3913">
     <span class='ocr_line' id='line_1_70' title="bbox 1906 3839 3483 3913; baseline 0.006 -19"><span class='ocrx_word' id='word_1_445' title='bbox 1906 3839 2238 3910; x_wconf 86' lang='lat' dir='ltr'><strong>iniquitatis,</strong></span> <span class='ocrx_word' id='word_1_446' title='bbox 2292 3839 2633 3904; x_wconf 83' lang='lat' dir='ltr'><strong>consideres,</strong></span> <span class='ocrx_word' id='word_1_447' title='bbox 2683 3841 2904 3894; x_wconf 82' lang='lat' dir='ltr'><strong>divitem</strong></span> <span class='ocrx_word' id='word_1_448' title='bbox 2969 3844 3199 3912; x_wconf 90' lang='lat' dir='ltr'><strong>teipsum</strong></span> <span class='ocrx_word' id='word_1_449' title='bbox 3258 3847 3483 3913; x_wconf 78' lang='lat' dir='ltr'><strong>dixeris,</strong></span> 
     </span>
    </p>
   </div>
   <div class='ocr_carea' id='block_1_70' title="bbox 211 3930 1809 4003">
    <p class='ocr_par' dir='ltr' id='par_1_70' title="bbox 211 3930 1808 4002">
     <span class='ocr_line' id='line_1_71' title="bbox 211 3930 1808 4002; baseline 0.001 -17"><span class='ocrx_word' id='word_1_450' title='bbox 211 3930 300 3994; x_wconf 84' lang='grc' dir='ltr'>ὡς</span> <span class='ocrx_word' id='word_1_451' title='bbox 329 3930 557 4002; x_wconf 82' lang='grc' dir='ltr'>χαλεπῷ</span> <span class='ocrx_word' id='word_1_452' title='bbox 602 3930 778 4002; x_wconf 84' lang='grc' dir='ltr'>θηρίῳ</span> <span class='ocrx_word' id='word_1_453' title='bbox 807 3933 874 4002; x_wconf 85' lang='grc' dir='ltr'>τῇ</span> <span class='ocrx_word' id='word_1_454' title='bbox 925 3930 1088 4002; x_wconf 78' lang='grc' dir='ltr'>πενίᾳ</span> <span class='ocrx_word' id='word_1_455' title='bbox 1137 3931 1516 4002; x_wconf 76' lang='grc' dir='ltr'>μαχομένουςο</span> <span class='ocrx_word' id='word_1_456' title='bbox 1565 3930 1676 3985; x_wconf 85' lang='grc' dir='ltr'>ῐσθι</span> <span class='ocrx_word' id='word_1_457' title='bbox 1724 3933 1808 3986; x_wconf 86' lang='grc' dir='ltr'>ὃτι</span> 
     </span>
    </p>
   </div>
   <div class='ocr_carea' id='block_1_71' title="bbox 1911 3930 3473 4003">
    <p class='ocr_par' dir='ltr' id='par_1_71' title="bbox 1911 3930 3473 4003">
     <span class='ocr_line' id='line_1_72' title="bbox 1911 3930 3473 4003; baseline 0.007 -19"><span class='ocrx_word' id='word_1_458' title='bbox 1911 3944 1972 3984; x_wconf 86' lang='lat' dir='ltr'><strong>ac</strong></span> <span class='ocrx_word' id='word_1_459' title='bbox 2001 3930 2253 3999; x_wconf 72' lang='lat' dir='ltr'><strong>perfecta:</strong></span> <span class='ocrx_word' id='word_1_460' title='bbox 2285 3941 2542 3986; x_wconf 85' lang='lat' dir='ltr'><strong>vacantes</strong></span> <span class='ocrx_word' id='word_1_461' title='bbox 2569 3931 2716 3994; x_wconf 78' lang='lat' dir='ltr'><strong>vitae,</strong></span> <span class='ocrx_word' id='word_1_462' title='bbox 2753 3932 2919 4003; x_wconf 74' lang='lat'><strong>682</strong></span> <span class='ocrx_word' id='word_1_463' title='bbox 2952 3935 3106 4002; x_wconf 90' lang='lat' dir='ltr'><strong>quasi</strong></span> <span class='ocrx_word' id='word_1_464' title='bbox 3145 3937 3366 3994; x_wconf 84' lang='lat' dir='ltr'><strong>moleste</strong></span> <span class='ocrx_word' id='word_1_465' title='bbox 3404 3941 3473 3994; x_wconf 85' lang='lat' dir='ltr'><strong>ad</strong></span> 
     </span>
    </p>
   </div>
   <div class='ocr_carea' id='block_1_72' title="bbox 211 4020 1810 4094">
    <p class='ocr_par' dir='ltr' id='par_1_72' title="bbox 211 4020 1810 4094">
     <span class='ocr_line' id='line_1_73' title="bbox 211 4020 1810 4094; baseline -0.001 -16"><span class='ocrx_word' id='word_1_466' title='bbox 211 4023 366 4094; x_wconf 82' lang='grc' dir='ltr'>ὅπερ</span> <span class='ocrx_word' id='word_1_467' title='bbox 393 4021 634 4086; x_wconf 73' lang='grc' dir='ltr'>ἐκείνους</span> <span class='ocrx_word' id='word_1_468' title='bbox 673 4022 813 4093; x_wconf 75' lang='grc' dir='ltr'>ἡγῇ,</span> <span class='ocrx_word' id='word_1_469' title='bbox 841 4020 986 4076; x_wconf 84' lang='grc' dir='ltr'>τοῦτ’</span> <span class='ocrx_word' id='word_1_470' title='bbox 1035 4021 1197 4086; x_wconf 82' lang='grc' dir='ltr'>αὐτὸς</span> <span class='ocrx_word' id='word_1_471' title='bbox 1241 4023 1378 4094; x_wconf 83' lang='grc' dir='ltr'>πρὸς</span> <span class='ocrx_word' id='word_1_472' title='bbox 1423 4023 1664 4086; x_wconf 79' lang='grc' dir='ltr'>ἐκείνους</span> <span class='ocrx_word' id='word_1_473' title='bbox 1719 4021 1810 4086; x_wconf 81' lang='grc' dir='ltr'><strong>ἑξ-</strong></span> 
     </span>
    </p>
   </div>
   <div class='ocr_carea' id='block_1_73' title="bbox 211 4109 1810 4187">
    <p class='ocr_par' dir='ltr' id='par_1_73' title="bbox 211 4109 1810 4187">
     <span class='ocr_line' id='line_1_74' title="bbox 211 4109 1810 4187; baseline 0.001 -21"><span class='ocrx_word' id='word_1_474' title='bbox 211 4109 552 4182; x_wconf 73' lang='grc' dir='ltr'>εταζόμενος</span> <span class='ocrx_word' id='word_1_475' title='bbox 601 4111 861 4182; x_wconf 75' lang='grc' dir='ltr'>πάσχειςο</span> <span class='ocrx_word' id='word_1_476' title='bbox 893 4113 942 4166; x_wconf 89' lang='grc' dir='ltr'>εί</span> <span class='ocrx_word' id='word_1_477' title='bbox 987 4111 1043 4164; x_wconf 83' lang='grc' dir='ltr'>δὲ</span> <span class='ocrx_word' id='word_1_478' title='bbox 1072 4112 1170 4165; x_wconf 86' lang='grc' dir='ltr'>οὑκ</span> <span class='ocrx_word' id='word_1_479' title='bbox 1195 4112 1459 4187; x_wconf 76' lang='grc' dir='ltr'>αἰσθάνῃ,</span> <span class='ocrx_word' id='word_1_480' title='bbox 1497 4111 1810 4183; x_wconf 83' lang='grc' dir='ltr'>θαυμαστὸν</span> 
     </span>
    </p>
   </div>
   <div class='ocr_carea' id='block_1_74' title="bbox 214 4201 1809 4274">
    <p class='ocr_par' dir='ltr' id='par_1_74' title="bbox 214 4201 1809 4274">
     <span class='ocr_line' id='line_1_75' title="bbox 214 4201 1809 4274; baseline 0.001 -20"><span class='ocrx_word' id='word_1_481' title='bbox 214 4201 402 4258; x_wconf 82' lang='grc' dir='ltr'>οὐδέν.</span> <span class='ocrx_word' id='word_1_482' title='bbox 445 4201 597 4258; x_wconf 75' lang='grc' dir='ltr'>Ἐπεὶ</span> <span class='ocrx_word' id='word_1_483' title='bbox 625 4203 720 4256; x_wconf 79' lang='grc' dir='ltr'>καὶ</span> <span class='ocrx_word' id='word_1_484' title='bbox 745 4201 808 4255; x_wconf 70' lang='grc' dir='ltr'><strong>οἷ’</strong></span> <span class='ocrx_word' id='word_1_485' title='bbox 821 4201 988 4273; x_wconf 78' lang='grc' dir='ltr'>μανίᾳ</span> <span class='ocrx_word' id='word_1_486' title='bbox 1009 4201 1330 4269; x_wconf 82' lang='grc' dir='ltr'>λυττῶντες,</span> <span class='ocrx_word' id='word_1_487' title='bbox 1352 4203 1586 4274; x_wconf 81' lang='grc' dir='ltr'>δρῶντες</span> <span class='ocrx_word' id='word_1_488' title='bbox 1611 4201 1647 4256; x_wconf 81' lang='grc' dir='ltr'><strong>ἃ</strong></span> <span class='ocrx_word' id='word_1_489' title='bbox 1669 4201 1809 4272; x_wconf 84' lang='grc' dir='ltr'>δρῶ-</span> 
     </span>
    </p>
   </div>
   <div class='ocr_carea' id='block_1_75' title="bbox 216 4288 1808 4361">
    <p class='ocr_par' dir='ltr' id='par_1_75' title="bbox 216 4288 1808 4361">
     <span class='ocr_line' id='line_1_76' title="bbox 216 4288 1808 4361; baseline -0.001 -16"><span class='ocrx_word' id='word_1_490' title='bbox 216 4307 315 4345; x_wconf 84' lang='grc' dir='ltr'><strong>σιν</strong></span> <span class='ocrx_word' id='word_1_491' title='bbox 335 4331 353 4356; x_wconf 90' lang='grc'><strong>,</strong></span> <span class='ocrx_word' id='word_1_492' title='bbox 383 4289 611 4352; x_wconf 78' lang='grc' dir='ltr'>ἑαυτοὺς</span> <span class='ocrx_word' id='word_1_493' title='bbox 644 4289 744 4360; x_wconf 79' lang='grc' dir='ltr'><strong>μὲν</strong></span> <span class='ocrx_word' id='word_1_494' title='bbox 775 4288 1140 4361; x_wconf 76' lang='grc' dir='ltr'>μακαρίζουσι</span> <span class='ocrx_word' id='word_1_495' title='bbox 1163 4305 1177 4319; x_wconf 85' lang='grc'><em>’</em></span> <span class='ocrx_word' id='word_1_496' title='bbox 1210 4290 1318 4346; x_wconf 85' lang='grc' dir='ltr'><strong>τῶν</strong></span> <span class='ocrx_word' id='word_1_497' title='bbox 1344 4291 1401 4344; x_wconf 86' lang='grc' dir='ltr'>δὲ</span> <span class='ocrx_word' id='word_1_498' title='bbox 1429 4289 1599 4354; x_wconf 78' lang='grc' dir='ltr'>ὅντως</span> <span class='ocrx_word' id='word_1_499' title='bbox 1628 4290 1808 4358; x_wconf 84' lang='grc' dir='ltr'>ὑγιαι-</span> 
     </span>
    </p>
   </div>
   <div class='ocr_carea' id='block_1_76' title="bbox 216 4379 854 4452">
    <p class='ocr_par' dir='ltr' id='par_1_76' title="bbox 216 4379 854 4452">
     <span class='ocr_line' id='line_1_77' title="bbox 216 4379 854 4452; baseline 0 -15"><span class='ocrx_word' id='word_1_500' title='bbox 216 4382 428 4437; x_wconf 81' lang='grc' dir='ltr'>νόντων</span> <span class='ocrx_word' id='word_1_501' title='bbox 460 4379 854 4452; x_wconf 85' lang='grc' dir='ltr'>καταγελῶσιν.</span> 
     </span>
    </p>
   </div>
   <div class='ocr_carea' id='block_1_77' title="bbox 701 4574 1325 4647">
    <p class='ocr_par' dir='ltr' id='par_1_77' title="bbox 701 4574 1325 4647">
     <span class='ocr_line' id='line_1_78' title="bbox 701 4574 1325 4647; baseline 0.003 -19"><span class='ocrx_word' id='word_1_502' title='bbox 701 4575 806 4630; x_wconf 74' lang='grc' dir='ltr'>Υιι.</span> <span class='ocrx_word' id='word_1_503' title='bbox 841 4603 914 4617; x_wconf 92' lang='grc'><strong><em>-</em></strong></span> <span class='ocrx_word' id='word_1_504' title='bbox 939 4574 1325 4647; x_wconf 79' lang='grc' dir='ltr'><strong>ΑΙΜΙΛΙΔΝῼ.</strong></span> 
     </span>
    </p>
   </div>
   <div class='ocr_carea' id='block_1_78' title="bbox 971 4671 1894 4744">
    <p class='ocr_par' dir='ltr' id='par_1_78' title="bbox 971 4671 1894 4744">
     <span class='ocr_line' id='line_1_79' title="bbox 971 4671 1894 4744; baseline 0.003 -18"><span class='ocrx_word' id='word_1_505' title='bbox 971 4671 1050 4726; x_wconf 84' lang='lat' dir='ltr'><strong>De</strong></span> <span class='ocrx_word' id='word_1_506' title='bbox 1081 4671 1264 4740; x_wconf 68' lang='lat' dir='ltr'><strong>gloria:</strong></span> <span class='ocrx_word' id='word_1_507' title='bbox 1301 4671 1492 4726; x_wconf 83' lang='lat' dir='ltr'><strong>studio.</strong></span> <span class='ocrx_word' id='word_1_508' title='bbox 1521 4671 1705 4742; x_wconf 83' lang='lat' dir='ltr'><strong>(Supr.</strong></span> <span class='ocrx_word' id='word_1_509' title='bbox 1741 4673 1894 4744; x_wconf 70' lang='lat' dir='ltr'><strong>epist.</strong></span> 
     </span>
    </p>
   </div>
   <div class='ocr_carea' id='block_1_79' title="bbox 297 4781 1810 4853">
    <p class='ocr_par' dir='ltr' id='par_1_79' title="bbox 297 4781 1810 4853">
     <span class='ocr_line' id='line_1_80' title="bbox 297 4781 1810 4853; baseline 0.003 -17"><span class='ocrx_word' id='word_1_510' title='bbox 297 4781 404 4836; x_wconf 81' lang='grc' dir='ltr'>Διὰ</span> <span class='ocrx_word' id='word_1_511' title='bbox 452 4781 612 4836; x_wconf 83' lang='grc' dir='ltr'>τοῦτο</span> <span class='ocrx_word' id='word_1_512' title='bbox 649 4781 909 4837; x_wconf 86' lang='grc' dir='ltr'>δύσκολόν</span> <span class='ocrx_word' id='word_1_513' title='bbox 958 4783 1130 4849; x_wconf 70' lang='grc' dir='ltr'>ἔστιν,</span> <span class='ocrx_word' id='word_1_514' title='bbox 1171 4782 1248 4845; x_wconf 85' lang='grc' dir='ltr'><strong>ὡς</strong></span> <span class='ocrx_word' id='word_1_515' title='bbox 1295 4781 1472 4848; x_wconf 75' lang='grc' dir='ltr'>ἔοικε,</span> <span class='ocrx_word' id='word_1_516' title='bbox 1525 4783 1810 4853; x_wconf 77' lang='grc' dir='ltr'>διαφυγεῖν</span> 
     </span>
    </p>
   </div>
   <div class='ocr_carea' id='block_1_80' title="bbox 211 4873 1812 4948">
    <p class='ocr_par' dir='ltr' id='par_1_80' title="bbox 211 4873 1812 4948">
     <span class='ocr_line' id='line_1_81' title="bbox 211 4873 1812 4948; baseline 0.001 -18"><span class='ocrx_word' id='word_1_517' title='bbox 211 4874 321 4930; x_wconf 79' lang='grc' dir='ltr'><strong>τὸν</strong></span> <span class='ocrx_word' id='word_1_518' title='bbox 365 4873 468 4946; x_wconf 81' lang='grc' dir='ltr'>τῆς</span> <span class='ocrx_word' id='word_1_519' title='bbox 529 4873 834 4944; x_wconf 81' lang='grc' dir='ltr'>φιλοδοξίας</span> <span class='ocrx_word' id='word_1_520' title='bbox 892 4873 1150 4945; x_wconf 76' lang='grc' dir='ltr'>λογισμόν</span> <span class='ocrx_word' id='word_1_521' title='bbox 1170 4890 1184 4906; x_wconf 65' lang='grc' dir='ltr'>θ</span> <span class='ocrx_word' id='word_1_522' title='bbox 1235 4874 1536 4948; x_wconf 78' lang='grc' dir='ltr'>ἐπειδήπερ</span> <span class='ocrx_word' id='word_1_523' title='bbox 1589 4875 1618 4928; x_wconf 84' lang='grc' dir='ltr'><strong>ὃ</strong></span> <span class='ocrx_word' id='word_1_524' title='bbox 1665 4878 1812 4932; x_wconf 79' lang='grc' dir='ltr'>ποιεῖ</span> 
     </span>
    </p>
   </div>
   <div class='ocr_carea' id='block_1_81' title="bbox 211 4953 1810 5040">
    <p class='ocr_par' dir='ltr' id='par_1_81' title="bbox 211 4953 1810 5040">
     <span class='ocr_line' id='line_1_82' title="bbox 211 4953 1810 5040; baseline 0.001 -20"><span class='ocrx_word' id='word_1_525' title='bbox 211 4983 311 5029; x_wconf 80' lang='grc' dir='ltr'><strong>τις</strong></span> <span class='ocrx_word' id='word_1_526' title='bbox 355 4965 436 5030; x_wconf 82' lang='grc' dir='ltr'><strong>είς</strong></span> <span class='ocrx_word' id='word_1_527' title='bbox 483 4964 803 5040; x_wconf 87' lang='grc' dir='ltr'>καθαίρεσιν</span> <span class='ocrx_word' id='word_1_528' title='bbox 837 4964 1002 5020; x_wconf 82' lang='grc' dir='ltr'>αὑτοῦ</span> <span class='ocrx_word' id='word_1_529' title='bbox 1021 5005 1037 5032; x_wconf 92' lang='grc'><strong>,</strong></span> <span class='ocrx_word' id='word_1_530' title='bbox 1081 4963 1240 5018; x_wconf 79' lang='grc' dir='ltr'>τοῦτο</span> <span class='ocrx_word' id='word_1_531' title='bbox 1267 4965 1410 5038; x_wconf 82' lang='grc' dir='ltr'><strong>ἀρχὴ</strong></span> <span class='ocrx_word' id='word_1_532' title='bbox 1435 4953 1628 5038; x_wconf 69' lang='grc' dir='ltr'>ἑτέρας</span> <span class='ocrx_word' id='word_1_533' title='bbox 1657 4968 1810 5038; x_wconf 80' lang='grc' dir='ltr'>φιλο-</span> 
     </span>
    </p>
   </div>
   <div class='ocr_carea' id='block_1_82' title="bbox 210 5055 1810 5133">
    <p class='ocr_par' dir='ltr' id='par_1_82' title="bbox 210 5055 1810 5133">
     <span class='ocr_line' id='line_1_83' title="bbox 210 5055 1810 5133; baseline 0.003 -21"><span class='ocrx_word' id='word_1_534' title='bbox 210 5059 408 5126; x_wconf 81' lang='grc' dir='ltr'>δοξίας</span> <span class='ocrx_word' id='word_1_535' title='bbox 433 5061 768 5132; x_wconf 79' lang='grc' dir='ltr'>εὑρίσκεται.</span> <span class='ocrx_word' id='word_1_536' title='bbox 793 5061 932 5125; x_wconf 80' lang='grc' dir='ltr'>Τοὺς</span> <span class='ocrx_word' id='word_1_537' title='bbox 968 5061 1066 5132; x_wconf 82' lang='grc' dir='ltr'>μὲν</span> <span class='ocrx_word' id='word_1_538' title='bbox 1091 5055 1184 5114; x_wconf 77' lang='grc' dir='ltr'>οὖν</span> <span class='ocrx_word' id='word_1_539' title='bbox 1215 5061 1458 5133; x_wconf 74' lang='grc' dir='ltr'>ἐρήμους</span> <span class='ocrx_word' id='word_1_540' title='bbox 1487 5061 1648 5125; x_wconf 75' lang='grc' dir='ltr'>ὅντας</span> <span class='ocrx_word' id='word_1_541' title='bbox 1673 5063 1810 5130; x_wconf 82' lang='grc' dir='ltr'>ἁγα-</span> 
     </span>
    </p>
   </div>
   <div class='ocr_carea' id='block_1_83' title="bbox 215 5151 1810 5224">
    <p class='ocr_par' dir='ltr' id='par_1_83' title="bbox 215 5151 1810 5224">
     <span class='ocr_line' id='line_1_84' title="bbox 215 5151 1810 5224; baseline 0 -18"><span class='ocrx_word' id='word_1_542' title='bbox 215 5151 338 5206; x_wconf 81' lang='grc' dir='ltr'><strong>θῶν</strong></span> <span class='ocrx_word' id='word_1_543' title='bbox 368 5151 620 5224; x_wconf 75' lang='grc' dir='ltr'>πράξεων</span> <span class='ocrx_word' id='word_1_544' title='bbox 642 5193 658 5219; x_wconf 92' lang='grc'><strong>,</strong></span> <span class='ocrx_word' id='word_1_545' title='bbox 697 5152 1018 5218; x_wconf 77' lang='grc' dir='ltr'>δοξάζεσθαι</span> <span class='ocrx_word' id='word_1_546' title='bbox 1050 5152 1106 5206; x_wconf 79' lang='grc' dir='ltr'>δὲ</span> <span class='ocrx_word' id='word_1_547' title='bbox 1145 5152 1448 5216; x_wconf 83' lang='grc' dir='ltr'>ποθοῦντας</span> <span class='ocrx_word' id='word_1_548' title='bbox 1471 5192 1486 5218; x_wconf 87' lang='grc'><strong>,</strong></span> <span class='ocrx_word' id='word_1_549' title='bbox 1521 5153 1597 5216; x_wconf 88' lang='grc' dir='ltr'>ὡς</span> <span class='ocrx_word' id='word_1_550' title='bbox 1621 5153 1810 5207; x_wconf 74' lang='grc' dir='ltr'>δυσιάο</span> 
     </span>
    </p>
   </div>
   <div class='ocr_carea' id='block_1_84' title="bbox 214 5243 1805 5316">
    <p class='ocr_par' dir='ltr' id='par_1_84' title="bbox 214 5243 1805 5316">
     <span class='ocr_line' id='line_1_85' title="bbox 214 5243 1805 5316; baseline 0.001 -19"><span class='ocrx_word' id='word_1_551' title='bbox 214 5259 355 5306; x_wconf 78' lang='grc' dir='ltr'>τους</span> <span class='ocrx_word' id='word_1_552' title='bbox 382 5243 820 5314; x_wconf 61' lang='grc' dir='ltr'>μεταδιδακτέονί</span> <span class='ocrx_word' id='word_1_553' title='bbox 837 5243 1114 5312; x_wconf 80' lang='grc' dir='ltr'>λέγοντας,</span> <span class='ocrx_word' id='word_1_554' title='bbox 1144 5244 1226 5298; x_wconf 83' lang='grc' dir='ltr'>ὅτι</span> <span class='ocrx_word' id='word_1_555' title='bbox 1257 5244 1562 5315; x_wconf 77' lang='grc' dir='ltr'>Ἀσκήσατε</span> <span class='ocrx_word' id='word_1_556' title='bbox 1582 5243 1805 5316; x_wconf 77' lang='grc' dir='ltr'>ἀρετὴν,</span> 
     </span>
    </p>
   </div>
   <div class='ocr_carea' id='block_1_85' title="bbox 223 5334 1807 5407">
    <p class='ocr_par' dir='ltr' id='par_1_85' title="bbox 223 5334 1807 5407">
     <span class='ocr_line' id='line_1_86' title="bbox 223 5334 1807 5407; baseline -0.001 -18"><span class='ocrx_word' id='word_1_557' title='bbox 223 5335 326 5389; x_wconf 74' lang='grc' dir='ltr'>καὶ</span> <span class='ocrx_word' id='word_1_558' title='bbox 367 5334 491 5388; x_wconf 88' lang='grc' dir='ltr'>τότε</span> <span class='ocrx_word' id='word_1_559' title='bbox 537 5334 754 5405; x_wconf 79' lang='grc' dir='ltr'>ζητεῖτε</span> <span class='ocrx_word' id='word_1_560' title='bbox 781 5335 958 5400; x_wconf 79' lang='grc' dir='ltr'>δόξαν.</span> <span class='ocrx_word' id='word_1_561' title='bbox 994 5336 1134 5399; x_wconf 78' lang='grc' dir='ltr'>Τοὺς</span> <span class='ocrx_word' id='word_1_562' title='bbox 1165 5335 1223 5388; x_wconf 77' lang='grc' dir='ltr'>δὲ</span> <span class='ocrx_word' id='word_1_563' title='bbox 1273 5335 1510 5407; x_wconf 83' lang='grc' dir='ltr'>πράξεσι</span> <span class='ocrx_word' id='word_1_564' title='bbox 1545 5352 1807 5404; x_wconf 88' lang='grc' dir='ltr'>σεμνυνο-</span> 
     </span>
    </p>
   </div>
   <div class='ocr_carea' id='block_1_86' title="bbox 221 5425 1810 5498">
    <p class='ocr_par' dir='ltr' id='par_1_86' title="bbox 221 5425 1810 5498">
     <span class='ocr_line' id='line_1_87' title="bbox 221 5425 1810 5498; baseline 0 -18"><span class='ocrx_word' id='word_1_565' title='bbox 221 5427 461 5498; x_wconf 79' lang='grc' dir='ltr'>μένους,</span> <span class='ocrx_word' id='word_1_566' title='bbox 487 5425 646 5497; x_wconf 80' lang='grc' dir='ltr'>δόξης</span> <span class='ocrx_word' id='word_1_567' title='bbox 671 5425 728 5480; x_wconf 83' lang='grc' dir='ltr'>δὲ</span> <span class='ocrx_word' id='word_1_568' title='bbox 773 5426 848 5497; x_wconf 77' lang='grc' dir='ltr'>μὴ</span> <span class='ocrx_word' id='word_1_569' title='bbox 889 5427 1368 5498; x_wconf 81' lang='grc' dir='ltr'>καταφρονοῦντας</span> <span class='ocrx_word' id='word_1_570' title='bbox 1391 5465 1406 5490; x_wconf 89' lang='grc'><strong>,</strong></span> <span class='ocrx_word' id='word_1_571' title='bbox 1445 5425 1520 5490; x_wconf 84' lang='grc' dir='ltr'>ὡς</span> <span class='ocrx_word' id='word_1_572' title='bbox 1562 5427 1810 5492; x_wconf 81' lang='grc' dir='ltr'>εὐῖάτους</span> 
     </span>
    </p>
   </div>
   <div class='ocr_carea' id='block_1_87' title="bbox 215 5515 1808 5589">
    <p class='ocr_par' dir='ltr' id='par_1_87' title="bbox 215 5515 1808 5589">
     <span class='ocr_line' id='line_1_88' title="bbox 215 5515 1808 5589; baseline 0 -17"><span class='ocrx_word' id='word_1_573' title='bbox 215 5517 628 5589; x_wconf 80' lang='grc' dir='ltr'>θεραπευτέον,</span> <span class='ocrx_word' id='word_1_574' title='bbox 684 5515 965 5584; x_wconf 82' lang='grc' dir='ltr'>λέγοντας,</span> <span class='ocrx_word' id='word_1_575' title='bbox 1021 5518 1104 5572; x_wconf 82' lang='grc' dir='ltr'>ὅτι</span> <span class='ocrx_word' id='word_1_576' title='bbox 1155 5515 1392 5582; x_wconf 72' lang='grc' dir='ltr'>Μείξους</span> <span class='ocrx_word' id='word_1_577' title='bbox 1446 5516 1660 5570; x_wconf 72' lang='grc' dir='ltr'>ἔσονται</span> <span class='ocrx_word' id='word_1_578' title='bbox 1711 5518 1808 5572; x_wconf 76' lang='grc' dir='ltr'><strong>καὶ</strong></span> 
     </span>
    </p>
   </div>
   <div class='ocr_carea' id='block_1_88' title="bbox 213 5604 1806 5678">
    <p class='ocr_par' dir='ltr' id='par_1_88' title="bbox 213 5604 1806 5678">
     <span class='ocr_line' id='line_1_89' title="bbox 213 5604 1806 5678; baseline 0 -16"><span class='ocrx_word' id='word_1_579' title='bbox 213 5605 612 5678; x_wconf 79' lang='grc' dir='ltr'>λαμπρότεραι</span> <span class='ocrx_word' id='word_1_580' title='bbox 634 5607 693 5660; x_wconf 81' lang='grc' dir='ltr'>αἱ</span> <span class='ocrx_word' id='word_1_581' title='bbox 735 5605 965 5677; x_wconf 82' lang='grc' dir='ltr'>πράξεις</span> <span class='ocrx_word' id='word_1_582' title='bbox 984 5645 1000 5672; x_wconf 88' lang='grc'><strong>,</strong></span> <span class='ocrx_word' id='word_1_583' title='bbox 1030 5607 1160 5661; x_wconf 83' lang='grc' dir='ltr'>ὅταν</span> <span class='ocrx_word' id='word_1_584' title='bbox 1195 5607 1290 5661; x_wconf 77' lang='grc' dir='ltr'>καὶ</span> <span class='ocrx_word' id='word_1_585' title='bbox 1317 5607 1416 5676; x_wconf 82' lang='grc' dir='ltr'>τῆς</span> <span class='ocrx_word' id='word_1_586' title='bbox 1443 5604 1604 5678; x_wconf 79' lang='grc' dir='ltr'>δόξης</span> <span class='ocrx_word' id='word_1_587' title='bbox 1638 5624 1806 5662; x_wconf 86' lang='grc' dir='ltr'>κατα-</span> 
     </span>
    </p>
   </div>
   <div class='ocr_carea' id='block_1_89' title="bbox 217 5693 1821 5768">
    <p class='ocr_par' dir='ltr' id='par_1_89' title="bbox 217 5693 1821 5768">
     <span class='ocr_line' id='line_1_90' title="bbox 217 5693 1821 5768; baseline -0.006 -10"><span class='ocrx_word' id='word_1_588' title='bbox 217 5694 570 5766; x_wconf 67' lang='grc' dir='ltr'>φρονήσητε,</span> <span class='ocrx_word' id='word_1_589' title='bbox 603 5693 702 5764; x_wconf 80' lang='grc' dir='ltr'>τῆς</span> <span class='ocrx_word' id='word_1_590' title='bbox 733 5694 828 5748; x_wconf 79' lang='grc' dir='ltr'>καὶ</span> <span class='ocrx_word' id='word_1_591' title='bbox 863 5697 1052 5750; x_wconf 78' lang='grc' dir='ltr'>πεσεῖν</span> <span class='ocrx_word' id='word_1_592' title='bbox 1089 5695 1514 5765; x_wconf 71' lang='grc' dir='ltr'>αἰσχυνομένης,</span> <span class='ocrx_word' id='word_1_593' title='bbox 1547 5694 1642 5750; x_wconf 80' lang='grc' dir='ltr'>καὶ</span> <span class='ocrx_word' id='word_1_594' title='bbox 1677 5697 1821 5768; x_wconf 59' lang='grc' dir='ltr'>στῆς,</span> 
     </span>
    </p>
   </div>
   <div class='ocr_carea' id='block_1_90' title="bbox 1910 4019 3486 4098">
    <p class='ocr_par' dir='ltr' id='par_1_90' title="bbox 1910 4019 3486 4098">
     <span class='ocr_line' id='line_1_91' title="bbox 1910 4019 3486 4098; baseline 0.005 -24"><span class='ocrx_word' id='word_1_595' title='bbox 1910 4019 2110 4074; x_wconf 83' lang='lat' dir='ltr'><strong>bestias</strong></span> <span class='ocrx_word' id='word_1_596' title='bbox 2134 4020 2528 4088; x_wconf 78' lang='lat' dir='ltr'><strong>depugnantes,</strong></span> <span class='ocrx_word' id='word_1_597' title='bbox 2545 4033 2666 4074; x_wconf 87' lang='lat' dir='ltr'><strong>cum</strong></span> <span class='ocrx_word' id='word_1_598' title='bbox 2690 4033 3034 4091; x_wconf 88' lang='lat' dir='ltr'><strong>paupertate,</strong></span> <span class='ocrx_word' id='word_1_599' title='bbox 3055 4024 3282 4082; x_wconf 74' lang='lat' dir='ltr'><strong>miseros</strong></span> <span class='ocrx_word' id='word_1_600' title='bbox 3303 4031 3486 4098; x_wconf 85' lang='lat' dir='ltr'><strong>appel-</strong></span> 
     </span>
    </p>
   </div>
   <div class='ocr_carea' id='block_1_91' title="bbox 1916 4107 3490 4178">
    <p class='ocr_par' dir='ltr' id='par_1_91' title="bbox 1916 4107 3490 4178">
     <span class='ocr_line' id='line_1_92' title="bbox 1916 4107 3490 4178; baseline 0.005 -16"><span class='ocrx_word' id='word_1_601' title='bbox 1916 4107 2154 4164; x_wconf 86' lang='lat' dir='ltr'><strong>laveris:</strong></span> <span class='ocrx_word' id='word_1_602' title='bbox 2187 4109 2325 4164; x_wconf 90' lang='lat' dir='ltr'><strong>scito</strong></span> <span class='ocrx_word' id='word_1_603' title='bbox 2359 4109 2548 4178; x_wconf 87' lang='lat' dir='ltr'><strong>quales</strong></span> <span class='ocrx_word' id='word_1_604' title='bbox 2579 4109 2700 4164; x_wconf 85' lang='lat' dir='ltr'><strong>illos</strong></span> <span class='ocrx_word' id='word_1_605' title='bbox 2738 4113 2993 4176; x_wconf 74' lang='lat' dir='ltr'><strong>aestimes,</strong></span> <span class='ocrx_word' id='word_1_606' title='bbox 3023 4113 3166 4168; x_wconf 85' lang='lat' dir='ltr'><strong>idem</strong></span> <span class='ocrx_word' id='word_1_607' title='bbox 3211 4117 3277 4170; x_wconf 86' lang='lat' dir='ltr'><strong>de</strong></span> <span class='ocrx_word' id='word_1_608' title='bbox 3320 4127 3370 4169; x_wconf 84' lang='lat' dir='ltr'><strong>te</strong></span> <span class='ocrx_word' id='word_1_609' title='bbox 3403 4118 3490 4170; x_wconf 75' lang='lat' dir='ltr'><strong>in-</strong></span> 
     </span>
    </p>
   </div>
   <div class='ocr_carea' id='block_1_92' title="bbox 1915 4198 3486 4273">
    <p class='ocr_par' dir='ltr' id='par_1_92' title="bbox 1915 4198 3486 4273">
     <span class='ocr_line' id='line_1_93' title="bbox 1915 4198 3486 4273; baseline 0.004 -19"><span class='ocrx_word' id='word_1_610' title='bbox 1915 4207 2214 4270; x_wconf 77' lang='lat' dir='ltr'><strong>terrogatus</strong></span> <span class='ocrx_word' id='word_1_611' title='bbox 2241 4198 2464 4254; x_wconf 86' lang='lat' dir='ltr'><strong>sentire.</strong></span> <span class='ocrx_word' id='word_1_612' title='bbox 2501 4201 2556 4254; x_wconf 91' lang='lat' dir='ltr'><strong>ld</strong></span> <span class='ocrx_word' id='word_1_613' title='bbox 2619 4215 2746 4256; x_wconf 84' lang='lat' dir='ltr'><strong>vero</strong></span> <span class='ocrx_word' id='word_1_614' title='bbox 2789 4203 2834 4256; x_wconf 88' lang='lat' dir='ltr'><strong>si</strong></span> <span class='ocrx_word' id='word_1_615' title='bbox 2886 4202 3066 4256; x_wconf 83' lang='lat' dir='ltr'><strong>minus</strong></span> <span class='ocrx_word' id='word_1_616' title='bbox 3116 4203 3322 4273; x_wconf 81' lang='lat' dir='ltr'><strong>capias,</strong></span> <span class='ocrx_word' id='word_1_617' title='bbox 3349 4208 3486 4261; x_wconf 87' lang='lat' dir='ltr'><strong>nihil</strong></span> 
     </span>
    </p>
   </div>
   <div class='ocr_carea' id='block_1_93' title="bbox 1909 4288 3486 4364">
    <p class='ocr_par' dir='ltr' id='par_1_93' title="bbox 1909 4288 3486 4364">
     <span class='ocr_line' id='line_1_94' title="bbox 1909 4288 3486 4364; baseline 0.006 -22"><span class='ocrx_word' id='word_1_618' title='bbox 1909 4288 2238 4354; x_wconf 87' lang='lat' dir='ltr'><strong>mirandum,</strong></span> <span class='ocrx_word' id='word_1_619' title='bbox 2271 4291 2487 4359; x_wconf 79' lang='lat' dir='ltr'><strong>quando</strong></span> <span class='ocrx_word' id='word_1_620' title='bbox 2515 4301 2568 4346; x_wconf 91' lang='lat' dir='ltr'><strong>et</strong></span> <span class='ocrx_word' id='word_1_621' title='bbox 2601 4289 2784 4345; x_wconf 76' lang='lat' dir='ltr'><strong>furore</strong></span> <span class='ocrx_word' id='word_1_622' title='bbox 2811 4293 3160 4360; x_wconf 86' lang='lat' dir='ltr'><strong>insanientes,</strong></span> <span class='ocrx_word' id='word_1_623' title='bbox 3179 4295 3248 4349; x_wconf 91' lang='lat' dir='ltr'><strong>ob</strong></span> <span class='ocrx_word' id='word_1_624' title='bbox 3273 4312 3334 4348; x_wconf 81' lang='lat' dir='ltr'><strong>ea</strong></span> <span class='ocrx_word' id='word_1_625' title='bbox 3367 4314 3486 4364; x_wconf 63' lang='lat' dir='ltr'><strong>quae</strong></span> 
     </span>
    </p>
   </div>
   <div class='ocr_carea' id='block_1_94' title="bbox 1909 4378 3492 4450">
    <p class='ocr_par' dir='ltr' id='par_1_94' title="bbox 1909 4378 3492 4450">
     <span class='ocr_line' id='line_1_95' title="bbox 1909 4378 3492 4450; baseline 0.005 -20"><span class='ocrx_word' id='word_1_626' title='bbox 1909 4387 2150 4447; x_wconf 85' lang='lat' dir='ltr'><strong>patrant,</strong></span> <span class='ocrx_word' id='word_1_627' title='bbox 2177 4378 2368 4432; x_wconf 88' lang='lat' dir='ltr'><strong>heatos</strong></span> <span class='ocrx_word' id='word_1_628' title='bbox 2393 4393 2453 4432; x_wconf 83' lang='lat' dir='ltr'><strong>se</strong></span> <span class='ocrx_word' id='word_1_629' title='bbox 2475 4378 2790 4446; x_wconf 85' lang='lat' dir='ltr'><strong>Opiniantur</strong></span> <span class='ocrx_word' id='word_1_630' title='bbox 2823 4397 2838 4434; x_wconf 87' lang='lat'><strong>:</strong></span> <span class='ocrx_word' id='word_1_631' title='bbox 2869 4379 3072 4450; x_wconf 87' lang='lat' dir='ltr'><strong>quique</strong></span> <span class='ocrx_word' id='word_1_632' title='bbox 3116 4389 3261 4434; x_wconf 80' lang='lat' dir='ltr'><strong>recte</strong></span> <span class='ocrx_word' id='word_1_633' title='bbox 3306 4383 3492 4438; x_wconf 82' lang='lat' dir='ltr'><strong>valent</strong></span> 
     </span>
    </p>
   </div>
   <div class='ocr_carea' id='block_1_95' title="bbox 1911 4469 2632 4541">
    <p class='ocr_par' dir='ltr' id='par_1_95' title="bbox 1911 4469 2632 4541">
     <span class='ocr_line' id='line_1_96' title="bbox 1911 4469 2632 4541; baseline -0.006 -16"><span class='ocrx_word' id='word_1_634' title='bbox 1911 4469 2238 4541; x_wconf 82' lang='lat' dir='ltr'><strong>sapiuutque</strong></span> <span class='ocrx_word' id='word_1_635' title='bbox 2265 4483 2359 4524; x_wconf 90' lang='lat' dir='ltr'><strong>eos</strong></span> <span class='ocrx_word' id='word_1_636' title='bbox 2384 4469 2632 4524; x_wconf 85' lang='lat' dir='ltr'><strong>irrident.</strong></span> 
     </span>
    </p>
   </div>
   <div class='ocr_carea' id='block_1_96' title="bbox 2374 4572 3028 4634">
    <p class='ocr_par' dir='ltr' id='par_1_96' title="bbox 2374 4572 3028 4634">
     <span class='ocr_line' id='line_1_97' title="bbox 2374 4572 3028 4634; baseline 0.003 -5"><span class='ocrx_word' id='word_1_637' title='bbox 2374 4573 2532 4629; x_wconf 83' lang='lat' dir='ltr'><strong>CDX.</strong></span> <span class='ocrx_word' id='word_1_638' title='bbox 2550 4604 2620 4614; x_wconf 90' lang='lat'><strong>—</strong></span> <span class='ocrx_word' id='word_1_639' title='bbox 2648 4572 3028 4634; x_wconf 65' lang='grc' dir='ltr'><strong>ΕΜΙΗΑΝΟ.</strong></span> 
     </span>
    </p>
   </div>
   <div class='ocr_carea' id='block_1_97' title="bbox 1929 4670 2747 4740">
    <p class='ocr_par' dir='ltr' id='par_1_97' title="bbox 1929 4670 2747 4740">
     <span class='ocr_line' id='line_1_98' title="bbox 1929 4670 2747 4740; baseline -0.011 -11"><span class='ocrx_word' id='word_1_640' title='bbox 1929 4670 2055 4738; x_wconf 75' lang='lat'><strong>5&#39;56,</strong></span> <span class='ocrx_word' id='word_1_641' title='bbox 2093 4671 2218 4736; x_wconf 78' lang='lat'><strong>537,</strong></span> <span class='ocrx_word' id='word_1_642' title='bbox 2252 4671 2358 4726; x_wconf 77' lang='lat'><strong>558</strong></span> <span class='ocrx_word' id='word_1_643' title='bbox 2396 4680 2445 4724; x_wconf 85' lang='lat' dir='ltr'><strong>et</strong></span> <span class='ocrx_word' id='word_1_644' title='bbox 2485 4670 2586 4724; x_wconf 80' lang='lat' dir='ltr'><strong>hac</strong></span> <span class='ocrx_word' id='word_1_645' title='bbox 2617 4673 2747 4740; x_wconf 69' lang='lat' dir='ltr'><strong>seq.)</strong></span> 
     </span>
    </p>
   </div>
   <div class='ocr_carea' id='block_1_98' title="bbox 1985 4781 3489 4858">
    <p class='ocr_par' dir='ltr' id='par_1_98' title="bbox 1985 4781 3489 4858">
     <span class='ocr_line' id='line_1_99' title="bbox 1985 4781 3489 4858; baseline 0.002 -18"><span class='ocrx_word' id='word_1_646' title='bbox 1985 4784 2196 4840; x_wconf 81' lang='lat' dir='ltr'><strong>idcirco</strong></span> <span class='ocrx_word' id='word_1_647' title='bbox 2221 4782 2438 4840; x_wconf 83' lang='lat' dir='ltr'><strong>diﬂicile</strong></span> <span class='ocrx_word' id='word_1_648' title='bbox 2483 4792 2586 4848; x_wconf 87' lang='lat' dir='ltr'><strong>est,</strong></span> <span class='ocrx_word' id='word_1_649' title='bbox 2620 4792 2676 4836; x_wconf 93' lang='lat' dir='ltr'><strong>ut</strong></span> <span class='ocrx_word' id='word_1_650' title='bbox 2731 4791 2975 4852; x_wconf 87' lang='lat' dir='ltr'><strong>apparet,</strong></span> <span class='ocrx_word' id='word_1_651' title='bbox 3011 4781 3246 4854; x_wconf 74' lang='lat' dir='ltr'><strong>eﬂ&#39;ugere</strong></span> <span class='ocrx_word' id='word_1_652' title='bbox 3305 4789 3489 4858; x_wconf 66' lang='lat' dir='ltr'><strong>gloria:</strong></span> 
     </span>
    </p>
   </div>
   <div class='ocr_carea' id='block_1_99' title="bbox 1912 4875 3486 4946">
    <p class='ocr_par' dir='ltr' id='par_1_99' title="bbox 1912 4875 3486 4946">
     <span class='ocr_line' id='line_1_100' title="bbox 1912 4875 3486 4946; baseline 0.002 -12"><span class='ocrx_word' id='word_1_653' title='bbox 1912 4877 2172 4940; x_wconf 79' lang='lat' dir='ltr'><strong>studium,</strong></span> <span class='ocrx_word' id='word_1_654' title='bbox 2204 4877 2349 4946; x_wconf 88' lang='lat' dir='ltr'><strong>quod</strong></span> <span class='ocrx_word' id='word_1_655' title='bbox 2381 4875 2640 4944; x_wconf 85' lang='lat' dir='ltr'><strong>quidquid</strong></span> <span class='ocrx_word' id='word_1_656' title='bbox 2694 4876 2816 4944; x_wconf 89' lang='lat' dir='ltr'><strong>quis</strong></span> <span class='ocrx_word' id='word_1_657' title='bbox 2861 4877 2929 4930; x_wconf 84' lang='lat' dir='ltr'><strong>ad</strong></span> <span class='ocrx_word' id='word_1_658' title='bbox 2985 4893 3103 4932; x_wconf 86' lang='lat' dir='ltr'><strong>eam</strong></span> <span class='ocrx_word' id='word_1_659' title='bbox 3167 4881 3486 4938; x_wconf 79' lang='lat' dir='ltr'><strong>abolendam</strong></span> 
     </span>
    </p>
   </div>
   <div class='ocr_carea' id='block_1_100' title="bbox 1913 4967 3487 5043">
    <p class='ocr_par' dir='ltr' id='par_1_100' title="bbox 1913 4967 3487 5043">
     <span class='ocr_line' id='line_1_101' title="bbox 1913 4967 3487 5043; baseline 0.003 -19"><span class='ocrx_word' id='word_1_660' title='bbox 1913 4972 2044 5041; x_wconf 77' lang='lat' dir='ltr'><strong>agit,</strong></span> <span class='ocrx_word' id='word_1_661' title='bbox 2076 4969 2178 5024; x_wconf 90' lang='lat' dir='ltr'><strong>hoc</strong></span> <span class='ocrx_word' id='word_1_662' title='bbox 2227 4968 2553 5040; x_wconf 88' lang='lat' dir='ltr'><strong>principium</strong></span> <span class='ocrx_word' id='word_1_663' title='bbox 2589 4983 2709 5022; x_wconf 86' lang='lat' dir='ltr'><strong>esse</strong></span> <span class='ocrx_word' id='word_1_664' title='bbox 2766 4967 2993 5022; x_wconf 87' lang='lat' dir='ltr'><strong>alterius</strong></span> <span class='ocrx_word' id='word_1_665' title='bbox 3054 4969 3237 5040; x_wconf 78' lang='lat' dir='ltr'><strong>gloriae</strong></span> <span class='ocrx_word' id='word_1_666' title='bbox 3267 4989 3487 5043; x_wconf 83' lang='lat' dir='ltr'><strong>compe-</strong></span> 
     </span>
    </p>
   </div>
   <div class='ocr_carea' id='block_1_101' title="bbox 1913 5058 3478 5130">
    <p class='ocr_par' dir='ltr' id='par_1_101' title="bbox 1913 5058 3478 5130">
     <span class='ocr_line' id='line_1_102' title="bbox 1913 5058 3478 5130; baseline 0.002 -15"><span class='ocrx_word' id='word_1_667' title='bbox 1913 5061 2107 5116; x_wconf 85' lang='lat' dir='ltr'><strong>riatur.</strong></span> <span class='ocrx_word' id='word_1_668' title='bbox 2143 5059 2246 5126; x_wconf 82' lang='lat' dir='ltr'><strong>Qui</strong></span> <span class='ocrx_word' id='word_1_669' title='bbox 2277 5059 2442 5126; x_wconf 77' lang='lat' dir='ltr'><strong>igitur</strong></span> <span class='ocrx_word' id='word_1_670' title='bbox 2479 5073 2508 5112; x_wconf 90' lang='lat' dir='ltr'><strong>a</strong></span> <span class='ocrx_word' id='word_1_671' title='bbox 2537 5058 2690 5114; x_wconf 89' lang='lat' dir='ltr'><strong>bouis</strong></span> <span class='ocrx_word' id='word_1_672' title='bbox 2714 5059 2869 5112; x_wconf 87' lang='lat' dir='ltr'><strong>vacui</strong></span> <span class='ocrx_word' id='word_1_673' title='bbox 2900 5070 3027 5114; x_wconf 86' lang='lat' dir='ltr'><strong>sunt</strong></span> <span class='ocrx_word' id='word_1_674' title='bbox 3049 5064 3330 5130; x_wconf 85' lang='lat' dir='ltr'><strong>cperihus,</strong></span> <span class='ocrx_word' id='word_1_675' title='bbox 3363 5063 3478 5118; x_wconf 82' lang='lat' dir='ltr'><strong>luu-</strong></span> 
     </span>
    </p>
   </div>
   <div class='ocr_carea' id='block_1_102' title="bbox 1914 5153 3484 5224">
    <p class='ocr_par' dir='ltr' id='par_1_102' title="bbox 1914 5153 3484 5224">
     <span class='ocr_line' id='line_1_103' title="bbox 1914 5153 3484 5224; baseline 0.003 -17"><span class='ocrx_word' id='word_1_676' title='bbox 1914 5153 2030 5208; x_wconf 89' lang='lat' dir='ltr'><strong>dari</strong></span> <span class='ocrx_word' id='word_1_677' title='bbox 2065 5166 2196 5206; x_wconf 84' lang='lat' dir='ltr'><strong>vero</strong></span> <span class='ocrx_word' id='word_1_678' title='bbox 2221 5161 2499 5221; x_wconf 80' lang='lat' dir='ltr'><strong>expetunt,</strong></span> <span class='ocrx_word' id='word_1_679' title='bbox 2526 5161 2582 5205; x_wconf 89' lang='lat' dir='ltr'><strong>ut</strong></span> <span class='ocrx_word' id='word_1_680' title='bbox 2618 5153 2708 5220; x_wconf 90' lang='lat' dir='ltr'><strong>qui</strong></span> <span class='ocrx_word' id='word_1_681' title='bbox 2751 5166 2892 5222; x_wconf 73' lang='lat' dir='ltr'><strong>:rgre</strong></span> <span class='ocrx_word' id='word_1_682' title='bbox 2927 5155 3107 5208; x_wconf 84' lang='lat' dir='ltr'><strong>curari</strong></span> <span class='ocrx_word' id='word_1_683' title='bbox 3133 5166 3354 5224; x_wconf 89' lang='lat' dir='ltr'><strong>queant,</strong></span> <span class='ocrx_word' id='word_1_684' title='bbox 3391 5157 3484 5212; x_wconf 86' lang='lat' dir='ltr'><strong>do-</strong></span> 
     </span>
    </p>
   </div>
   <div class='ocr_carea' id='block_1_103' title="bbox 1913 5242 3486 5316">
    <p class='ocr_par' dir='ltr' id='par_1_103' title="bbox 1913 5242 3486 5316">
     <span class='ocr_line' id='line_1_104' title="bbox 1913 5242 3486 5316; baseline 0.002 -18"><span class='ocrx_word' id='word_1_685' title='bbox 1913 5243 2070 5298; x_wconf 89' lang='lat' dir='ltr'><strong>cendi</strong></span> <span class='ocrx_word' id='word_1_686' title='bbox 2107 5251 2234 5298; x_wconf 89' lang='lat' dir='ltr'><strong>sunt</strong></span> <span class='ocrx_word' id='word_1_687' title='bbox 2261 5242 2490 5298; x_wconf 89' lang='lat' dir='ltr'><strong>dicendo</strong></span> <span class='ocrx_word' id='word_1_688' title='bbox 2521 5259 2536 5296; x_wconf 89' lang='lat'><strong>:</strong></span> <span class='ocrx_word' id='word_1_689' title='bbox 2573 5243 2824 5297; x_wconf 88' lang='lat' dir='ltr'><strong>virtutem</strong></span> <span class='ocrx_word' id='word_1_690' title='bbox 2881 5255 3170 5310; x_wconf 83' lang='lat' dir='ltr'><strong>exercete;</strong></span> <span class='ocrx_word' id='word_1_691' title='bbox 3200 5256 3325 5300; x_wconf 91' lang='lat' dir='ltr'><strong>tunc</strong></span> <span class='ocrx_word' id='word_1_692' title='bbox 3368 5249 3486 5316; x_wconf 74' lang='lat' dir='ltr'><strong>glo-</strong></span> 
     </span>
    </p>
   </div>
   <div class='ocr_carea' id='block_1_104' title="bbox 1917 5331 3483 5404">
    <p class='ocr_par' dir='ltr' id='par_1_104' title="bbox 1917 5331 3483 5404">
     <span class='ocr_line' id='line_1_105' title="bbox 1917 5331 3483 5404; baseline -0.001 -15"><span class='ocrx_word' id='word_1_693' title='bbox 1917 5335 2050 5389; x_wconf 86' lang='lat' dir='ltr'><strong>riam</strong></span> <span class='ocrx_word' id='word_1_694' title='bbox 2084 5335 2334 5402; x_wconf 70' lang='lat' dir='ltr'><strong>quaerile.</strong></span> <span class='ocrx_word' id='word_1_695' title='bbox 2367 5331 2467 5400; x_wconf 82' lang='lat' dir='ltr'><strong>Qui</strong></span> <span class='ocrx_word' id='word_1_696' title='bbox 2489 5347 2616 5388; x_wconf 90' lang='lat' dir='ltr'><strong>vero</strong></span> <span class='ocrx_word' id='word_1_697' title='bbox 2658 5342 2852 5402; x_wconf 77' lang='lat' dir='ltr'><strong>gerunt</strong></span> <span class='ocrx_word' id='word_1_698' title='bbox 2877 5349 2963 5388; x_wconf 84' lang='lat' dir='ltr'><strong>res</strong></span> <span class='ocrx_word' id='word_1_699' title='bbox 3009 5335 3267 5404; x_wconf 64' lang='lat' dir='ltr'><strong>praeclare</strong></span> <span class='ocrx_word' id='word_1_700' title='bbox 3289 5345 3483 5404; x_wconf 77' lang='lat' dir='ltr'><strong>agunt-</strong></span> 
     </span>
    </p>
   </div>
   <div class='ocr_carea' id='block_1_105' title="bbox 1911 5405 3482 5492">
    <p class='ocr_par' dir='ltr' id='par_1_105' title="bbox 1911 5405 3482 5492">
     <span class='ocr_line' id='line_1_106' title="bbox 1911 5405 3482 5492; baseline 0.003 -18"><span class='ocrx_word' id='word_1_701' title='bbox 1911 5437 2018 5492; x_wconf 92' lang='lat' dir='ltr'><strong>que</strong></span> <span class='ocrx_word' id='word_1_702' title='bbox 2042 5421 2295 5482; x_wconf 80' lang='lat' dir='ltr'><strong>feliciter,</strong></span> <span class='ocrx_word' id='word_1_703' title='bbox 2315 5421 2540 5489; x_wconf 72' lang='lat' dir='ltr'><strong>gloriam</strong></span> <span class='ocrx_word' id='word_1_704' title='bbox 2597 5421 2948 5478; x_wconf 87' lang='lat' dir='ltr'><strong>nihilominus</strong></span> <span class='ocrx_word' id='word_1_705' title='bbox 2979 5405 3260 5492; x_wconf 60' lang='lat' dir='ltr'><strong>exi-optant,</strong></span> <span class='ocrx_word' id='word_1_706' title='bbox 3295 5433 3482 5492; x_wconf 87' lang='lat' dir='ltr'><strong>utpote</strong></span> 
     </span>
    </p>
   </div>
   <div class='ocr_carea' id='block_1_106' title="bbox 1909 5511 3480 5585">
    <p class='ocr_par' dir='ltr' id='par_1_106' title="bbox 1909 5511 3480 5585">
     <span class='ocr_line' id='line_1_107' title="bbox 1909 5511 3480 5585; baseline 0.001 -17"><span class='ocrx_word' id='word_1_707' title='bbox 1909 5513 2003 5585; x_wconf 88' lang='lat' dir='ltr'><strong>qui</strong></span> <span class='ocrx_word' id='word_1_708' title='bbox 2049 5512 2230 5568; x_wconf 89' lang='lat' dir='ltr'><strong>curari</strong></span> <span class='ocrx_word' id='word_1_709' title='bbox 2253 5511 2413 5567; x_wconf 80' lang='lat' dir='ltr'><strong>facile</strong></span> <span class='ocrx_word' id='word_1_710' title='bbox 2475 5522 2700 5580; x_wconf 80' lang='lat' dir='ltr'><strong>queant,</strong></span> <span class='ocrx_word' id='word_1_711' title='bbox 2735 5514 2998 5568; x_wconf 85' lang='lat' dir='ltr'><strong>medicina</strong></span> <span class='ocrx_word' id='word_1_712' title='bbox 3057 5513 3124 5569; x_wconf 91' lang='lat' dir='ltr'><strong>iis</strong></span> <span class='ocrx_word' id='word_1_713' title='bbox 3177 5515 3480 5570; x_wconf 83' lang='lat' dir='ltr'><strong>adhibenda</strong></span> 
     </span>
    </p>
   </div>
   <div class='ocr_carea' id='block_1_107' title="bbox 1908 5601 3480 5673">
    <p class='ocr_par' dir='ltr' id='par_1_107' title="bbox 1908 5601 3480 5673">
     <span class='ocr_line' id='line_1_108' title="bbox 1908 5601 3480 5673; baseline 0.001 -14"><span class='ocrx_word' id='word_1_714' title='bbox 1908 5613 1990 5659; x_wconf 83' lang='lat' dir='ltr'><strong>est</strong></span> <span class='ocrx_word' id='word_1_715' title='bbox 2018 5601 2281 5658; x_wconf 89' lang='lat' dir='ltr'><strong>dicendo:</strong></span> <span class='ocrx_word' id='word_1_716' title='bbox 2314 5602 2553 5672; x_wconf 82' lang='lat' dir='ltr'><strong>majores</strong></span> <span class='ocrx_word' id='word_1_717' title='bbox 2585 5602 2701 5658; x_wconf 81' lang='lat' dir='ltr'><strong>fore</strong></span> <span class='ocrx_word' id='word_1_718' title='bbox 2733 5603 3165 5673; x_wconf 84' lang='lat' dir='ltr'><strong>illustrioresque</strong></span> <span class='ocrx_word' id='word_1_719' title='bbox 3207 5619 3293 5659; x_wconf 87' lang='lat' dir='ltr'><strong>res</strong></span> <span class='ocrx_word' id='word_1_720' title='bbox 3315 5605 3480 5660; x_wconf 84' lang='lat' dir='ltr'><strong>etiam</strong></span> 
     </span>
    </p>
   </div>
   <div class='ocr_carea' id='block_1_108' title="bbox 1907 5692 3480 5764">
    <p class='ocr_par' dir='ltr' id='par_1_108' title="bbox 1907 5692 3480 5764">
     <span class='ocr_line' id='line_1_109' title="bbox 1907 5692 3480 5764; baseline -0.001 -16"><span class='ocrx_word' id='word_1_721' title='bbox 1907 5701 2088 5764; x_wconf 76' lang='lat' dir='ltr'><strong>gestas</strong></span> <span class='ocrx_word' id='word_1_722' title='bbox 2106 5707 2228 5748; x_wconf 81' lang='lat' dir='ltr'><strong>eum</strong></span> <span class='ocrx_word' id='word_1_723' title='bbox 2262 5692 2699 5763; x_wconf 81' lang='lat' dir='ltr'><strong>contempseritis</strong></span> <span class='ocrx_word' id='word_1_724' title='bbox 2739 5693 2986 5762; x_wconf 78' lang='lat' dir='ltr'><strong>gloriam,</strong></span> <span class='ocrx_word' id='word_1_725' title='bbox 3014 5707 3134 5762; x_wconf 62' lang='lat' dir='ltr'><strong>qua</strong></span> <span class='ocrx_word' id='word_1_726' title='bbox 3164 5705 3215 5748; x_wconf 91' lang='lat' dir='ltr'><strong>et</strong></span> <span class='ocrx_word' id='word_1_727' title='bbox 3243 5693 3349 5749; x_wconf 87' lang='lat' dir='ltr'><strong>lahi</strong></span> <span class='ocrx_word' id='word_1_728' title='bbox 3383 5708 3480 5749; x_wconf 88' lang='lat' dir='ltr'><strong>ve-</strong></span> 
     </span>
    </p>
   </div>
  </div>
