4070 6388
656 337 791 405 1571

1857 336 1917 395 S.
1962 333 2254 397 ISIDORI
2293 334 2732 396 PELUSIOT/E

3728 353 3836 422 1572

651 459 825 512 retur,
851 456 907 501 et
928 444 1037 516 jam
1066 443 1364 501 subsistere
1402 458 1506 499 non
1540 451 1738 512 potest,
1769 443 1864 497 sed
1908 443 1962 498 in
1995 444 2218 499 nihilum

2326 461 2416 499 ναι
2447 443 2521 515 μὴ
2549 443 2877 514 δυναμένης,
2912 442 3027 498 ἀλλ’
3057 444 3139 508 είς
3158 444 3219 498 τὸ
3243 447 3314 518 μὴ
3341 447 3399 503 δν
3425 456 3649 525 χωρῆσαι
3676 463 3837 533 ῥᾳδίως

652 539 814 594 facile
834 539 1100 593 concidet.
1133 536 1367 605 quuam
1398 536 1686 606 quamdam
1714 535 1947 606 gloriam
1971 536 2222 605 quaerite,

652 631 747 685 sed
774 629 1009 682 nondum
1048 627 1149 695 ipsi
1174 636 1387 696 tempus
1412 627 1689 695 quazrendi
1720 625 2090 681 commodum.
2124 623 2228 677 Ve-

653 718 767 772 niet
817 717 957 781 dies,
992 732 1141 779 cum,
1184 724 1244 769 ut
1301 715 1405 777 sol,
1441 716 1709 770 clarescet
1739 732 1752 768 :
1781 725 1833 768 at
1872 714 1964 783 qui
2023 714 2233 768 laudem

652 823 866 863 omnem
891 807 1283 862 contemnendo
1306 815 1587 875 superant,
1620 806 1671 860 hi
1710 814 1768 860 ut
1820 803 2047 874 perfecti
2108 810 2235 859 sunt

651 896 1002 968 praedicandi.

1171 1002 1354 1059 CDXI.
1374 1033 1447 1044 —
1476 1003 1703 1058 EIDEM.

2331 536 2722 606 ἐπισταμένης.
2754 536 2828 588 Τὸ
2852 536 2999 599 sine;
3030 535 3130 603 μὲν
3157 536 3264 607 γάρ
3288 536 3487 609 ζητεῖτε
3509 582 3523 606 ,
3549 546 3651 601 ἀλλ’
3669 552 3841 611 οὐδέπω

2331 625 2507 696 τούτῳ
2540 627 2753 697 καιρός.
2791 625 2949 691 Ἥξει
2981 626 3174 697 χρόνος
3209 628 3297 681 ὅτε
3339 629 3569 702 λάμψετε
3596 636 3664 702 ὡς
3689 640 3841 711 ἥλιος.

2332 716 2458 778 τοὺς
2494 716 2550 768 δὲ
2600 717 2700 785 τῆς
2730 716 2841 769 τῶν
2870 715 3177 787 ἀνθρώπων
3218 717 3563 794 ὑψηλοτέρους
3588 726 3746 801 δόξης,
3784 734 3846 800 ὡς

2332 804 2653 874 φιλοσόφους
2677 806 3041 877 ἀναῤῥητέον.

2816 1007 2967 1063 rm.
3001 1039 3070 1051 -
3104 1011 3193 1082 'rp
3229 1012 3428 1084 arra.

1035 1094 1263 1149 Rursum
1294 1096 1357 1149 de
1386 1095 1576 1166 gloria.
1609 1096 1765 1161 Quod
1792 1097 2074 1152 discrimen
2124 1097 2218 1166 φιλ

2321 1096 2427 1163 Ξίας
2465 1099 2562 1153 καὶ
2596 1100 2921 1169 κενοδοξίας.
2955 1101 3193 1175 (Con/er.
3225 1107 3373 1174 epist.
3399 1105 3542 1179 537.)

722 1206 971 1261 Divinius
996 1206 1272 1276 quidpiam
1291 1217 1374 1262 est
1401 1216 1550 1261 recte
1575 1216 1821 1274 agentem
1857 1223 1961 1262 non
1994 1221 2237 1277 quzerere

648 1298 874 1367 gloriam
902 1298 969 1348 ab
1004 1296 1332 1359 hominibus,
1361 1298 1408 1351 si
1463 1311 1592 1350 vero
1632 1305 1777 1351 recte
1817 1312 1984 1366 agens
2016 1305 2231 1367 quaerat

650 1389 887 1451 laudem,
926 1387 1013 1441 ille
1044 1386 1324 1455 φιλόδοξος
1351 1387 1552 1452 laudis,
1588 1403 1691 1441 non
1714 1387 1892 1443 inanis
1916 1389 2102 1459 gloria":
2132 1406 2227 1443 cu-

646 1480 802 1549 pidus
841 1488 924 1533 est
961 1479 1247 1535 dicendus.
1286 1479 1355 1533 At
1391 1482 1481 1548 qui
1520 1481 1675 1534 bonis
1711 1488 1896 1535 careat
1946 1481 2225 1550 operibus,

650 1568 877 1639 gloriam
908 1578 1089 1623 tamen
1126 1568 1229 1622 sibi
1266 1585 1370 1623 non
1412 1570 1648 1623 debitam
1682 1570 2059 1641 investigando
2090 1586 2225 1624 con-

2413 1208 2694 1280 Θειότερον
2726 1210 2824 1279 μὲν
2867 1210 2929 1264 τὸ
2961 1212 3273 1281 πράττοντά
3318 1231 3373 1267 τι
3407 1218 3657 1287 χρηστὸν,
3687 1220 3751 1294 μὴ
3780 1225 3851 1295 ζη.

2326 1301 2441 1352 τεῖν
2489 1299 2588 1371 τὴν
2636 1300 2694 1366 ἐξ
2735 1301 3040 1372 ἀνθρώπων
3082 1303 3276 1379 δόξαν
3315 1306 3365 1357 εἰ
3405 1306 3460 1359 δὲ
3512 1308 3743 1379 πράττων
3788 1332 3851 1380 τις

2327 1391 2540 1463 ζητοίη,
2573 1393 2904 1462 φιλόδοξος
2946 1397 2975 1448 ὁ
3006 1396 3252 1460 τοιοῦτός
3281 1400 3446 1462 ἐστιν,
3476 1400 3534 1453 οὐ
3564 1404 3852 1473 κενόδοξος.

2340 1481 2399 1532 '0
2433 1481 2543 1550 γάρ
2587 1481 2743 1545 κενδς
2780 1481 2855 1534 ὢν
2892 1483 3143 1551 πράξεων
3175 1484 3419 1553 ἀγαθῶν,
3451 1486 3601 1552 δόξαν
3627 1488 3679 1542 δὲ
3715 1490 3850 1560 ζητῶν

2331 1571 2405 1642 μὴ
2465 1573 2885 1642 προσήκουσαν,
2933 1573 3261 1639 κενόδοξός
3313 1574 3516 1641 ἐστιν,
3570 1577 3649 1646 ἐφ’
3688 1572 3754 1642 οἷς
3796 1582 3856 1652 μὴ

650 1670 910 1724 sectetur,
944 1658 1033 1713 hic
1061 1660 1359 1724 κενόδοξος,
1393 1661 1569 1714 inanis
1614 1671 1691 1714 est
1721 1662 1907 1731 gloria:
1935 1662 2218 1727 studiosus,

2333 1660 2548 1732 πράττῃ
2596 1662 3016 1731 σεμνυνόμενος,
3064 1663 3160 1716 καὶ
3187 1662 3455 1735 ἀλλοτρίῳ
3504 1667 3754 1738 προσώπῳ
3788 1670 3860 1722 ὲν-

649 1751 776 1817 quia
805 1759 969 1819 grave
993 1750 1127 1805 nihil
1157 1752 1346 1821 gessit,
1378 1761 1433 1805 et
1486 1766 1718 1820 persona
1774 1752 1996 1807 indutus
2052 1753 2229 1808 aliena

648 1856 708 1896 se
737 1843 978 1895 venditat
1015 1851 1178 1910 atque
1212 1852 1471 1896 ostentat.
1506 1841 1690 1911 Neque
1736 1843 1880 1897 enim
1915 1844 2088 1913 gloria
2113 1843 2230 1899 sola

2338 1750 2726 1821 αΰρυνόμενος.
2756 1751 2829 1804 Οὐ
2857 1751 2970 1822 γὰρ
2999 1751 3098 1824 τὴν
3122 1752 3280 1817 δόξαν
3315 1755 3477 1826 κενὴν
3514 1756 3665 1826 μόνον
3692 1758 3783 1829 χρὴ
3802 1775 3868 1812 νο·

2342 1841 2517 1913 μίζειν
2574 1842 2653 1913 (εί
2682 1843 2791 1913 γὰρ
2820 1842 2981 1897 τοῦτο
3008 1843 3186 1915 δοθείη
3219 1846 3316 1899 καὶ
3338 1848 3367 1899 ὁ
3411 1846 3668 1915 φιλόδοξος
3695 1849 3870 1901 κενόδο-

647 1928 828 1984 inanis
862 1940 944 1983 est
967 1928 1260 1996 judicauda
1303 1931 1379 2000 (si
1410 1931 1460 1983 id
1497 1932 1641 1984 enim
1696 1932 2048 1996 concedatur,
2064 1932 2218 1987 etian

2343 1930 2431 1997 ξος
2463 1931 2689 1995 εἰκότως
2723 1932 2789 1986 ἂν
2821 1933 3119 2006 κληθείη),
3151 1934 3269 1988 ἀλλ’
3307 1938 3357 1989 εί
3384 1938 3757 2007 κυριολεκτοῖτο
3777 1938 3873 1992 τοῦ·

645 2020 823 2074 laudis
857 2021 1105 2089 cupidus,
1130 2021 1309 2076 inanis
1337 2033 1481 2076 esset
1504 2021 1690 2090 gloriae
1734 2021 2009 2076 studiosus
2048 2023 2234 2093 appel-

2337 2041 2501 2094 νομα,
2534 2025 2562 2077 ὁ
2586 2023 2742 2086 κενὸς
2773 2023 2850 2077 ὢν
2878 2024 3056 2096 ἔργων
3086 2026 3365 2097 χρηστῶν,
3397 2028 3804 2101 ἀντιποιούμενος
3825 2028 3871 2082 δι

645 2111 889 2176 landusl,
918 2111 1011 2167 sed
1043 2122 1095 2167 et
1122 2114 1343 2182 proprio
1371 2112 1669 2183 appelletur
1696 2113 2050 2181 nomine,qui
2076 2114 2218 2170 boni:

2333 2113 2511 2183 δόξης,
2543 2111 2819 2179 κενόδοξος
2849 2111 2915 2166 ἂν
2948 2113 3174 2178 δικαίως
3206 2114 3449 2171 καλοῖτο.

645 2203 719 2256 sit
750 2217 956 2257 vacuus
987 2205 1264 2273 operibus,
1300 2204 1506 2275 ﬁngens
1529 2219 1660 2259 vero
1705 2202 1960 2274 gloriam,
1988 2204 2080 2260 hic
2114 2221 2230 2261 me-

645 2294 753 2348 rito
783 2293 1063 2359 κενόδοξος
1096 2294 1417 2364 appelletur.

671 2402 1344 2461 CDXll.-—PROSECHIU
1383 2403 1882 2474 SCIIOLASTICO,
1918 2406 2199 2464 MEDICO.

2442 2405 2589 2460 TIB'.
2623 2435 2695 2445 —
2731 2405 3073 2478 ΠΡΟΣΕΧΙῼ
3108 2408 3546 2480 ΣΧΟΛΛΣΤΙΚῼ
3577 2408 3777 2479 ΙΑΤΡῼ.

1722 2525 1903 2580 Animi
1935 2523 2356 2596 perturbationes
2385 2541 2450 2580 ex
2478 2527 2653 2579 animo
2687 2525 2840 2579 oriri.

718 2628 859 2696 Non,
886 2644 919 2682 ο
946 2628 1087 2685 bone
1118 2630 1221 2692 vir,
1254 2641 1311 2683 ut
1342 2629 1397 2684 in
1450 2631 1642 2703 pelago
1697 2645 1896 2703 praeter
1957 2633 2231 2689 ferocien-

644 2720 779 2776 tium
812 2731 1098 2775 ventorum
1126 2722 1405 2777 incursum
1438 2725 1728 2794 contingit,
1754 2726 1834 2779 sic
1881 2733 1934 2780 et
1959 2725 2011 2779 in
2046 2725 2227 2779 anima

641 2813 860 2876 accidit,
893 2813 985 2867 sed
1013 2813 1101 2868 hic
1136 2813 1415 2867 hominum
1450 2816 1718 2886 contingit
1748 2817 1906 2886 culpa
1953 2832 2018 2871 ac
2051 2816 2225 2886 negli-

2406 2634 2518 2705 Οὐχ
2568 2632 2756 2705 ὥσπερ
2804 2636 2861 2688 ὲν
2915 2632 3165 2701 πελάγει,
3193 2625 3239 2685 ὧ
3289 2631 3442 2700 σοφὲ,
3490 2628 3639 2700 παρά
3676 2628 3865 2700 τὴντῶν

2332 2724 2539 2795 ἀγρίων
2569 2723 2786 2792 ἀνέμων
2818 2721 3057 2792 ἐμϐολὴν
3087 2721 3319 2789 γίνεται,
3358 2719 3503 2772 οὕτω
3532 2719 3622 2771 καὶ
3647 2720 3700 2771 ὲν
3733 2718 3864 2788 ψυχῇ,

2334 2816 2469 2870 ἀλλά
2503 2816 2655 2885 παρά
2691 2814 2789 2885 τὴν
2825 2814 2994 2884 αὐτῆς
3036 2812 3335 2883 ρᾳθυμίαν.
3378 2813 3479 2865 Ἂν
3517 2812 3623 2881 γὰρ
3655 2810 3722 2881 μὴ
3761 2808 3868 2878 αὑτὴ

642 2903 844 2972 gentia.
886 2901 943 2956 Si
997 2903 1140 2958 enim
1191 2902 1459 2957 ﬂairimam
1526 2920 1632 2958 non
1682 2908 1964 2972 accendat,
2015 2907 2218 2976 nisiqut

2330 2908 2512 2978 ἀνάψῃ
2542 2908 2641 2978 τὴν
2671 2906 2867 2975 φλόγα,
2897 2906 2964 2958 ἂν
3000 2906 3074 2975 μὴ
3103 2905 3314 2975 τροφὴν
3354 2903 3430 2975 δῷ
3454 2904 3532 2973 τῷ
3562 2902 3705 2974 πυρὶ,
3732 2901 3787 2955 ἀν
3812 2900 3871 2969 μὴ

642 2997 753 3065 igni
817 2996 1103 3050 materiam
1161 2997 1418 3065 praebeat,
1456 2986 1558 3051 nisi
1618 2997 1915 3053 formarum
1970 3000 2223 3055 curiosus

641 3087 868 3141 exsistat
891 3097 1186 3154 spectator,
1216 3088 1315 3141 nisi
1342 3088 1572 3141 alienam
1631 3089 1883 3143 sollicitet
1915 3089 2223 3158 pulchritu-

642 3177 846 3244 dinem,
871 3178 972 3230 nisi
1010 3177 1171 3231 adeat
1205 3178 1539 3246 spectacula,
1570 3178 1657 3232 ubi
1695 3178 2037 3247 voluptatum
2094 3179 2219 3249 plu-

640 3267 778 3320 rima
842 3276 972 3321 sunt
1021 3267 1074 3320 iu
1123 3268 1348 3321 theatris
1408 3269 1787 3334 invitamenta,
1829 3270 1932 3323 nisi
1983 3271 2224 3341 denique

638 3357 851 3412 deliciis
874 3373 1093 3412 carnem
1118 3360 1353 3428 sagiuet,
1379 3361 1481 3414 nisi
1525 3360 1857 3415 intellectum
1892 3362 2043 3415 velut
2065 3364 2217 3417 auri-

638 3463 761 3517 gam
794 3448 918 3501 vino
944 3448 1277 3515 deposuerit,
1313 3463 1409 3502 scu
1467 3450 1811 3513 demerserit,
1842 3449 2057 3504 ﬂamma
2089 3466 2222 3508 sane

636 3552 745 3592 non
779 3537 1014 3599 tolletur,
1049 3536 1214 3607 683
1240 3552 1369 3607 pyra
1410 3553 1515 3592 nou
1545 3540 1781 3606 ardebit,
1814 3540 1924 3593 fera
1951 3541 2207 3595 vitiorum

636 3626 919 3681 molestior
945 3641 1051 3681 non
1114 3628 1331 3692 evadet,
1376 3644 1481 3681 non
1547 3629 1781 3699 denique
1831 3631 2219 3701 perfringetur,

635 3719 787 3772 velut
824 3718 1028 3789 ingenti
1071 3720 1347 3773 turbinum
1378 3720 1601 3789 impetu,
1633 3722 1830 3775 mentis
1876 3723 2109 3791 puritas,

660 3824 1246 3891 CDXlll.-—ZODIMO,
1283 3826 1734 3892 CHIEREMONI,
1773 3827 1860 3881 ET
1897 3828 2182 3883 MARONI.

2321 2999 2419 3061 τὰς
2443 2997 2755 3068 εὐμόρφους
2793 2996 2944 3065 ὄψεις
2970 2995 3436 3066 πολυπραγμονῇ,
3476 2993 3541 3047 ἂν
3570 2993 3639 3062 μὴ
3663 2992 3723 3044 τὰ
3749 2990 3873 3044 ἀλλό-

2320 3105 2448 3158 τρια
2482 3087 2653 3156 κάλλη
2697 3083 3162 3156 περιεργάζηται,
3196 3084 3266 3137 ἃν
3308 3084 3385 3155 μὴ
3426 3085 3504 3147 είς
3542 3082 3731 3153 θέατρα
3769 3079 3875 3132 ἔνθα

2321 3178 2429 3231 τῶν
2452 3175 2655 3248 ἡδονῶν
2675 3179 2729 3229 αἱ
2766 3176 2989 3245 νιφάδες
3013 3175 3305 3247 ἀναϐαίνῃ,
3326 3174 3395 3228 ἂν
3424 3175 3499 3244 μὴ
3527 3173 3705 3243 πιαίνῃ
3725 3171 3870 3240 τρυφῇ

2320 3266 2419 3337 τὴν
2451 3267 2646 3335 σάρκα,
2682 3265 2747 3318 ἂν
2786 3269 2859 3335 μὴ
2902 3263 3281 3335 καταποντίζῃ
3316 3266 3448 3333 οἴνῳ
3481 3262 3570 3317 τὸν
3601 3257 3876 3333 ἡνιοχοῦντα

2322 3358 2615 3428 λογισμὸν,
2661 3358 2761 3411 οὐκ
2810 3356 3025 3428 αἴρεται
3073 3357 3105 3425 ἡ
3170 3355 3341 3422 φλὸξ,
3392 3355 3495 3407 οὐκ
3536 3353 3808 3406 ἀνάπτεται
3846 3349 3873 3415 ἡ

2322 3450 2492 3519 πυρά,
2547 3448 2607 3502 οὐ
2664 3449 2870 3516 γίνεται
2920 3445 3345 3516 ἀργαλεώτερον
3375 3444 3438 3497 τὸ
3465 3442 3673 3514 θηρίον,
3703 3440 3756 3493 οὑ
3784 3437 3877 3490 δια-

2320 3540 2583 3592 κόπτεται
2639 3538 2894 3607 καθάπερ
2937 3537 3043 3589 ὑπὸ
3096 3536 3434 3607 πνευμάτων
3494 3532 3752 3605 ῥαγδαίων
3797 3527 3875 3597 τῆς

2318 3629 2557 3691 διανοίας
2582 3631 2614 3698 ἡ
2645 3627 2972 3697 καθαρότης.

2423 3829 2568 3883 Υ1Γ’.
2609 3858 2679 3868 -——
2711 3827 2994 3897 ΖΩΣΙΜῼ,
3035 3824 3438 3879 XAIPHMONI
3462 3863 3480 3891 ,
3524 3817 3796 3880 MAPQNI.

1260 3929 1336 3983 De
1364 3932 1471 3984 vini
1500 3948 1597 3985 usu
1624 3932 1973 4000 disputatum.
2009 3933 2299 3990 Ebrietatis
2329 3936 2491 3990 mala.
2520 3935 2754 4005 (Confer.
2791 3935 2948 4003 epist.
2980 3933 3052 3988 45
3076 3944 3123 3987 et
3156 3934 3271 3997 75.)

706 4034 867 4101 Vitis,
891 4034 1081 4091 Graece
1134 4036 1353 4106 ἡμερίς,
1407 4037 1548 4091 mitis
1600 4039 1766 4103 dicta,
1824 4041 1964 4107 quod
2022 4043 2207 4095 vinum

635 4129 881 4184 mitiores
909 4142 1031 4191 nos,
1063 4127 1109 4183 si
1138 4128 1368 4197 tempori
1402 4144 1466 4184 ac
1488 4131 1765 4185 moderate
1792 4144 2060 4198 sumatur,
2088 4135 2214 4189 red-

2395 4042 2676 4113 Ἀμπελος
2730 4041 2940 4111 ἡμερὶς
2999 4040 3265 4109 λέγεται,
3327 4041 3486 4112 παρὰ
3539 4040 3601 4093 τὸ
3676 4034 3875 4108 ἡμεροῦν

2317 4135 2465 4204 ἡμᾶς
2479 4132 2591 4203 (51)
2609 4134 2699 4185 τὸν
2713 4127 2876 4196 οἶνον,
2898 4131 3129 4202 καιρίως
3149 4132 3242 4185 καὶ
3262 4132 3514 4203 μεστρίως
3531 4127 3872 4201 προσφερόμε.

634 4220 746 4273 dat.
771 4218 957 4276 Fidem
994 4219 1139 4273 enim
1203 4234 1557 4291 amoremque
1613 4230 1855 4275 mutuum
1904 4224 2211 4279 hominibus

2321 4239 2422 4276 νον·
2464 4223 2648 4275 πίστιν
2677 4239 2737 4274 τε
2762 4223 2871 4293 γὰρ
2918 4220 3222 4292 ἀνθρώποις
3251 4223 3353 4275 καὶ
3396 4222 3584 4289 φιλίαν
3629 4215 3876 4289 ὁμηρεύει,

629 4308 908 4371 conciliat,
960 4307 1161 4363 laetitiae
1218 4310 1382 4362 etiam
1438 4325 1599 4364 causa
1656 4322 1759 4376 est,
1805 4319 1859 4366 et
1920 4328 2207 4367 maerorem

628 4407 980 4465 averruneat,
1023 4399 1291 4468 ignaviam
1347 4402 1612 4469 excitans,
1650 4417 1711 4457 ac
1770 4402 1992 4473 pellens.
2025 4403 2210 4472 A‘jgris

628 4507 784 4562 opem
812 4491 978 4546 variis
1017 4490 1070 4546 in
1113 4493 1317 4545 morbis
1344 4490 1595 4556 aiferens,
1615 4493 1763 4548 sanis
1797 4508 1924 4548 vero
1944 4493 2208 4547 valetudi-

628 4596 750 4637 nem
785 4592 965 4636 tuetur
996 4589 1158 4651 atque
1187 4592 1496 4636 conservat.
1533 4581 1589 4636 Si
1652 4583 1836 4652 itaque
1880 4585 2003 4652 quis
2033 4584 2207 4638 illud:

632 4669 706 4724 Ne
733 4670 859 4738 quid
884 4669 1070 4733 nimis,
1100 4678 1155 4723 et
1190 4671 1382 4724 modus
1412 4672 1671 4739 optimus,
1692 4671 1970 4741 negligens
2000 4673 2053 4728 in
2081 4672 2206 4729 vino

623 4759 1012 4827 debacchetur,
1034 4759 1260 4828 injurias
1317 4761 1639 4827 vindicabit,
1675 4771 1731 4817 et
1771 4772 1934 4833 caput
1985 4765 2203 4833 quidem

631 4860 977 4920 temporaque
1009 4853 1381 4916 conturbabit,
1414 4854 1579 4907 robur
1636 4856 1954 4925 exagitabit,
1982 4871 2209 4927 corpus-

627 4953 734 5007 que
758 4940 892 4994 adeo
920 4950 1088 4996 totum
1121 4945 1293 4999 solvet
1320 4962 1335 5013 ;
1379 4961 1573 5000 manus
1637 4947 1909 5015 pedesque
1941 4948 2206 5016 vinciens,

625 5029 838 5098 aliaque
874 5030 959 5085 his
989 5034 1161 5104 magis
1190 5037 1352 5091 etiam
1381 5038 1636 5101 absurda,
1672 5053 1739 5090 ne
1789 5037 1933 5092 dictu
1989 5040 2207 5108 quidem

623 5117 850 5174 honesta
874 5119 1080 5189 aﬂeret,
1112 5134 1275 5194 atque
1298 5126 1487 5182 amicis
1512 5125 1664 5198 juxta
1694 5135 1747 5182 et
1775 5127 2008 5185 inimicis
2042 5130 2208 5183 risum

614 5211 926 5268 exhibebit.

2315 4314 2653 4385 εὐφροσύνης
2684 4331 2743 4367 τε
2784 4313 2955 4375 αἴτιος
2978 4351 2993 4376 ,
3035 4312 3268 4376 πένθους
3304 4312 3774 4383 ἀλεξιφάρμακον,
3801 4303 3875 4359 καὶ

2319 4406 2589 4479 ῥᾳθυμίας
2644 4405 2989 4475 ἀναιρετικὸν
3038 4404 3333 4474 τυγχάνει*
3394 4404 3496 4458 καὶ
3547 4401 3752 4456 νοσοῦσι
3798 4395 3878 4466 μὲν

2318 4497 2570 4568 βοήθημα
2601 4496 2807 4551 ἁπλοῦν
2839 4497 2971 4567 (5‘2),
3005 4495 3267 4549 ποικίλων
3296 4513 3364 4549 τε
3397 4494 3596 4548 παθῶν
3621 4490 3875 4546 παιώνιον·

2315 4587 2616 4655 ὑγιαίνουσι
2662 4587 2719 4640 δὲ
2757 4585 3021 4657 ἔρεισμα,
3055 4586 3149 4640 καὶ
3181 4584 3284 4654 τῆς
3325 4584 3553 4652 ὑγιείας
3601 4577 3875 4652 τηρητικόν.

2312 4677 2376 4730 Εί
2394 4676 2451 4729 δέ
2466 4693 2550 4740 τις
2565 4676 2646 4739 τὸ,
2684 4696 2701 4727 ι
2717 4676 2882 4746 μηδὲν
2901 4676 3062 4744 ἄγαν,
3078 4694 3097 4727 ι
3119 4674 3320 4737 καὶτὸ,
3356 4676 3614 4745 «Μέτρον
3634 4672 3869 4742 ἄριστον.»

2310 4768 2586 4836 ἀτιμάσας
2643 4768 3029 4840 παροινήσειεν
3083 4766 3164 4828 εἰς
3212 4765 3406 4830 αὐτὸν,
3467 4765 3749 4836 ἀμυνεῖται
3796 4762 3875 4821 τὴν

2314 4857 2491 4928 ὕὸριν·
2530 4856 2628 4912 καὶ
2654 4858 2898 4928 κεφαλὴν
2933 4857 3033 4927 μὲν
3064 4856 3157 4910 καὶ
3196 4856 3521 4926 κροτάφους
3557 4848 3870 4921 σφακελίσειν

2312 4948 2411 5018 τὴν
2447 4948 2503 5001 δὲ
2535 4948 2727 5019 ῥώμην
2756 4948 3020 5003 ἀπελάσει
3040 4986 3054 5012 ,
3092 4946 3187 5000 καὶ
3221 4946 3331 4998 πᾶν
3368 4944 3436 4998 τὸ
3470 4944 3638 5015 σῶμα
3673 4937 3866 4994 ὲκλὺσεν

2311 5040 2499 5109 χεῖρας
2522 5038 2579 5091 δὲ
2613 5038 2707 5091 καὶ
2743 5038 2910 5101 πόδας
2942 5037 3108 5107 δήσας
3142 5036 3246 5106 (τὰ
3276 5033 3396 5105 γὰρ
3428 5034 3574 5088 ἀλλα
3604 5032 3672 5086 τὰ
3705 5025 3866 5109 τούτων

2311 5108 2653 5199 ἀτοπώτερα,
2687 5128 2807 5181 οὐδὲ
2846 5127 3026 5195 λέγειν
3074 5124 3281 5197 καλὸν),
3327 5123 3660 5197 παραδώσει
3685 5118 3771 5176 καὶ
3800 5108 3871 5183 iit“

2311 5219 2423 5283 λοις
2455 5221 2548 5273 καὶ
2577 5220 2790 5290 ἐχθροῖς
2821 5221 2901 5282 εἰς
2934 5218 3166 5288 γέλωτα.

1728 5372 1962 5428 νΑῐιιιιΕ
2001 5373 2386 5430 LECTIONES
2419 5373 2509 5428 ET
2546 5373 2777 5429 NOTAE.

689 5522 802 5597 (ζῆ)
837 5522 1119 5597 -ᾘμερίς,
1181 5521 1648 5597 ᾅμπε.ιος,ηάπὸ
1705 5527 1809 5597 τοῦ
1863 5527 2189 5597 ἐξημεροῦν

622 5591 800 5659 Mc.
836 5591 1152 5662 Hesycblus,
1189 5593 1456 5646 Honnerus
1481 5592 1676 5663 Odyss.
1709 5596 1770 5657 E,
1798 5611 1941 5651 vers.
1960 5591 2089 5652 ’60"

737 5682 958 5750 Ἦμερίς
992 5683 1262 5751 ἡϐώωσα,
1305 5682 1543 5750 τεθήλει
1572 5682 1637 5736 δὲ
1669 5686 2038 5756 σταφυλῇσι.

2425 5529 2561 5583 Vitis
2587 5529 2867 5596 pubcsrens
2890 5529 3110 5596 ﬂorebat
3143 5544 3259 5583 vero
3297 5530 3446 5585 uvis.
3483 5528 3723 5584 Scnorr.

2387 5618 2501 5689 (32)
2528 5618 2648 5689 Post
2688 5618 2892 5689 ἁπλοῦν
2918 5619 3089 5689 Codd.
3129 5620 3249 5673 Vat.
3283 5619 3399 5673 650
3439 5631 3495 5674 et
3540 5621 3648 5673 All.
3703 5611 3876 5667 addunt

2316 5688 2414 5760 μιν
2447 5700 2503 5744 et
2532 5688 2591 5741 τὲ
2617 5699 2742 5744 ante
2781 5688 2967 5741 παθῶν
3007 5700 3216 5744 mutant
3266 5692 3316 5743 in
3352 5691 3436 5744 δέ.
