4070 6384
318 341 452 406 1573

780 450 922 505 rw.
963 482 1034 494 —
1072 453 1390 525 ΛΕΟΝΤΙῼ.

1193 342 1724 404 EPISTOLARUM
1763 343 1907 411 LIB.
1961 343 2029 404 V.
2064 369 2134 379 —
2168 345 2400 425 EPIST.
2437 347 2749 410 CDXVIII.

3420 344 3559 415 1574

2443 454 2676 511 CDXiV.
2694 456 3097 515 ~—LEONTIO.

1212 563 1289 618 De
1314 563 1518 618 virtutis
1545 560 1800 616 utilitate.
1828 561 2065 634 (Confer.
2098 565 2249 635 epist.
2277 566 2382 623 406
2409 577 2456 623 et
2504 568 2651 642 407.)

383 672 448 724 Ἦ
478 670 650 742 ἀρετὴ
703 670 956 726 τοσοῦτον
994 671 1188 743 ἀπέχει
1233 671 1329 726 τοῦ
1364 673 1472 727 ἀπὸ
1508 672 1615 726 τῶν
1648 672 1880 743 μεταϐο-

300 763 407 817 λῶν
452 763 804 832 ἐλέγχεσθαι,
830 763 912 816 ὅτι
936 763 1034 815 καὶ¹
1061 764 1251 826 αὑταῖς
1278 763 1378 827 τὰς
1410 762 1726 835 πρεπούσας
1756 764 1880 817 ὲπι-

300 854 571 907 ϐάλλουσα
604 853 764 924 ἡνίας
798 852 1014 907 εὐθύνει
1058 854 1196 925 πρὸς
1231 854 1293 907 τὸ
1341 854 1483 909 δέον.
1524 854 1614 925 Τῷ
1648 855 1745 926 μὲν
1773 854 1882 925 γάρ

299 945 517 1015 πλούτῳ
564 944 629 997 τὸ
680 945 1026 1015 οίκονομικδν
1072 945 1372 1015 συγκιρνᾷ,
1409 947 1477 1015 τῇ
1532 944 1589 997 δὲ
1632 943 1757 1014 δόξῃ
1783 944 1883 1015 τὴν

304 1035 653 1107 μετριότητα’
685 1035 782 1088 καὶ
829 1037 897 1105 τῇ
942 1036 1041 1105 μὲν
1078 1036 1223 1106 ἀρχῇ
1270 1035 1371 1105 τὴν
1402 1034 1659 1104 ἀτυφίαν.
1696 1035 1774 1104 Τῇ
1826 1033 1885 1086 δὲ

303 1125 461 1197 πενίᾳ
500 1124 601 1196 τὴν
629 1124 900 1197 ἀνδρείαν.
938 1125 1002 1178 Et
1044 1125 1227 1178 τοίνυν
1264 1124 1358 1178 καὶ
1398 1124 1509 1177 τῶν
1538 1128 1880 1195 πραγμάτων

299 1215 425 1278 τοὺς
476 1215 883 1287 νεωτερισμοὺς
936 1215 1091 1285 νικᾷ,
1148 1213 1246 1268 καὶ
1295 1213 1540 1282 ἀοίδιμον
1605 1213 1883 1267 κάνταῦθα

298 1307 412 1378 ἔχει
450 1308 676 1362 κάκεῖσε
725 1307 838 1375 ἕξει
865 1306 929 1361 τὸ
957 1306 1114 1370 κλέος
1138 1346 1152 1368 ,
1183 1306 1324 1360 διατί
1353 1306 1430 1377 μὴ
1464 1305 1667 1376 ταύτην
1699 1308 1879 1360 dena--

298 1396 502 1470 ξάμεοα
517 1414 533 1465 ;

608 1591 755 1646 ΥΙΕ’.
793 1620 866 1633 --
899 1592 1229 1664 ΔΡΠΟΚΡᾼ
1266 1592 1571 1664 ΣΟΦΙΣΤῌ.

2059 674 2241 731 Virtus
2274 684 2479 731 tantum
2506 678 2659 733 abest
2689 688 2746 733 ut
2774 685 3028 749 tanquam
3071 693 3252 735 rerum
3284 680 3560 737 vicissitu-

1985 763 2127 818 dinis
2147 763 2213 818 sit
2244 779 2405 820 causa
2429 766 2744 833 judicanda,
2772 776 2831 822 ut
2861 768 2992 837 ipsis
3038 768 3202 824 etiam
3227 772 3561 827 convenien-

1987 855 2061 907 tia
2090 854 2374 925 imponens
2406 858 2559 911 frena
2597 857 2795 927 dirigat
2843 860 2910 914 ad
2941 858 3175 914 cilicium
3225 860 3558 917 iaciendum.

1987 944 2152 999 Diviti
2200 947 2344 1000 enim
2409 946 2629 1003 familia:
2690 951 2934 1019 regendas
2981 964 3226 1004 normam
3274 961 3558 1022 temperat,

1986 1036 2170 1105 gloria
2195 1037 2412 1092 modum
2445 1038 2749 1107 imponens,
2782 1041 2849 1094 iis
2878 1041 2971 1110 qni
3022 1052 3261 1108 prmsunt
3288 1057 3352 1097 ac
3382 1045 3560 1114 magi-

1988 1128 2180 1181 stratui
2212 1144 2280 1184 ne
2309 1137 2579 1199 turgescat
2608 1129 2782 1197 fastu;
2819 1135 3041 1202 pauperi
3063 1149 3191 1189 vero
3220 1136 3368 1189 addit
3399 1135 3559 1190 forti-

1990 1214 2250 1272 tudinem.
2279 1218 2459 1284 Quare
2483 1220 2526 1273 si
2574 1234 2756 1274 rerum
2807 1236 3064 1275 novarum
3113 1224 3351 1278 studium
3398 1238 3560 1293 supe-

1980 1317 2085 1372 rat,
2113 1316 2275 1377 atque
2306 1311 2357 1364 in
2391 1310 2490 1365 hac
2537 1312 2804 1367 celebrem
2845 1313 3029 1376 habet,
3064 1314 3115 1368 in
3146 1314 3422 1385 alteraque
3446 1317 3555 1370 vita

1976 1396 2203 1464 gloriam
2234 1409 2621 1472 consequetur,
2656 1404 2847 1473 quidni
2876 1405 3020 1461 hanc
3047 1405 3210 1475 igitur
3257 1408 3558 1476 amplecti-

1979 1490 2139 1544 mur?

2230 1597 2525 1653 CDXV.-—
2542 1599 2939 1658 HARPOCRE
2973 1602 3302 1662 BHETORI.

300 1684 571 1739 Hortatur
594 1695 653 1742 ut
681 1686 856 1740 amico
886 1702 1116 1752 mortuo,
1144 1703 1247 1740 που
1282 1698 1490 1741 mortua
1537 1695 1713 1808 psunt.
1731 1697 2090 1811 monumenti,
2117 1691 2454 1813 zeddﬂmebri
2481 1710 2599 1748 eum
2622 1707 2769 1749 ornet
2806 1697 3066 1753 oratione.
3094 1696 3364 1767 Epitaphii
3413 1698 3562 1768 λόγοι

1346 1789 1351 1795 .
1607 1771 1765 1813 aptet
1799 1773 2009 1812 nomine
2081 1777 2110 1812 a
2151 1776 2212 1813 en
2255 1776 2293 1813 t.

1607 1771 1765 1826 ιιριιοι
1799 1773 2009 1812 nomine
2041 1771 2293 1814 habent“.

366 1861 449 1914 Τά
497 1860 596 1933 μὲν
650 1860 744 1915 επὶ
791 1862 911 1926 ταῖς
960 1864 1159 1931 ταφαῖς
1204 1862 1318 1924 τοῖς
1370 1860 1723 1932 ἀφιλοσόφοις
1778 1864 1871 1917 καὶ

2043 1868 2180 1923 Aliis
2226 1870 2577 1939 relinquenda
2609 1883 2733 1926 sunt
2758 1887 2822 1927 ea
2853 1888 2971 1942 quae
3009 1874 3312 1943 sepulchris
3348 1879 3559 1934 rudium

296 1951 681 2020 ἀπειροκάλοις
726 1950 959 2005 εἰωθότα
1023 1950 1397 2021 πληροῦσθαι,
1447 1952 1627 2015 ἀλλοις
1672 1955 1877 2008 ἐατέον.

296 2042 371 2094 Σὺ
396 2042 455 2095 δὲ
492 2042 614 2105 ταῖς
644 2041 1056 2113 ὲντελεστέραις
1094 2042 1391 2113 εὐφημίαις
1436 2044 1750 2113 περίστελλε
1790 2044 1880 2097 τὸν

298 2131 647 2202 μεταστάντα
668 2169 685 2195 ,
728 2131 824 2186 καὶ
859 2134 974 2195 τοῖς
1006 2130 1228 2196 ἀσύλοις
1275 2134 1369 2185 καὶ
1408 2134 1884 2203 πρεπωδεστάτοις

294 2221 576 2290 ἐνταφίοις
609 2221 806 2293 κόσμει
826 2260 843 2288 ,
878 2221 977 2294 τὴν
1006 2221 1100 2276 τοῦ
1133 2222 1291 2292 λόγου
1320 2223 1662 2293 δωρούμενος
1697 2225 1877 2295 χάριν

296 2310 389 2364 ῐνα
420 2311 671 2366 κάκεῖνον
697 2313 970 2385 τιμήσῃς,
999 2312 1095 2367 καὶ
1123 2312 1253 2376 τοὺς
1279 2312 1401 2382 μεθ’
1432 2314 1581 2384 ἡμᾶς
1606 2314 1687 2377 είς
1719 2313 1879 2386 ζῆλον

292 2402 533 2474 ἀγάγῃς.

548 2507 713 2577 Υιεῖι.
744 2538 817 2551 -
843 2508 1036 2581 resin
1081 2510 1638 2583 ΠΟΛΙΤΕΥΟΜΕΝῼ.

1983 1958 2263 2013 hominum
2299 1972 2468 2030 atque
2502 1960 2807 2030 ineptorum
2844 1965 3049 2035 imponi
3103 1968 3300 2023 solent.
3319 1968 3398 2023 Tu
3433 1984 3560 2025 vero

1980 2051 2449 2120 apprecationibus
2472 2068 2801 2124 prosequere
2830 2057 3165 2123 defunctum,
3183 2069 3239 2114 et
3279 2060 3557 2131 sepultura

1980 2156 2010 2196 a
2050 2143 2228 2211 praeda
2254 2143 2479 2199 immuni
2532 2159 2598 2201 ae
2651 2146 3036 2203 decentissima
3081 2165 3310 2217 exorna,
3340 2151 3558 2206 dicendi

1980 2232 2246 2288 adhibens
2275 2236 2528 2304 gratiam,
2562 2246 2620 2290 ut
2660 2244 2715 2291 et
2742 2236 2891 2292 illum
2923 2237 3158 2297 honores
3189 2241 3259 2298 ad
3290 2241 3559 2298 imitatio-

1980 2335 2213 2393 nemque
2238 2332 2486 2396 posteros
2513 2327 2802 2386 accendas.

2072 2523 2307 2583 CDXVI.
2321 2525 2608 2583 —GESIO
2655 2529 2861 2588 REMP.
2895 2532 3465 2594 ADMINISTRANTI.

1582 2605 1851 2674 lnjuriam
1882 2615 2271 2673 remittendam.

366 2710 432 2765 El
454 2711 550 2765 καὶ
568 2710 921 2784 νενικημένος
952 2711 1043 2780 ὑφ’
1069 2702 1146 2766 ὧν
1187 2710 1467 2777 πέπονθας
1491 2752 1507 2778 ,
1537 2712 1696 2769 οὔπω
1726 2717 1879 2787 νικῆ-

292 2818 389 2857 cat
416 2802 615 2857 σαυτὸν
644 2803 871 2873 ῖσχυσας
900 2803 981 2867 είς
1002 2802 1061 2856 τὸ
1093 2803 1168 2876 μὴ
1199 2802 1532 2875 ἀμύνασθαι,
1561 2805 1700 2860 ἀλλὰ
1725 2808 1881 2875 δίκας

289 2894 603 2962 ἀπαιτῆσαι
658 2895 750 2947 τὸν
808 2893 1109 2964 ὑϐρίσαντα
1170 2894 1571 2966 ὀνειροπολεῖς·
1639 2898 1875 2968 μάλιστα

294 2988 400 3059 μέν
437 2985 717 3058 ἀλλότριον
769 2985 926 3039 τοῦτο
980 2987 1330 3058 Χριπιανοῦ.
1376 2988 1439 3041 Εί
1488 2988 1544 3042 δὲ
1589 2989 1668 3060 τῷ
1725 2991 1876 3063 νόμῳ

289 3077 575 3150 ὲπερείδῃ,
605 3076 743 3141 τέως
796 3076 984 3140 ἔνδος·
1039 3076 1074 3146 ἢ
1124 3078 1234 3148 γάρ
1288 3080 1317 3131 ὁ
1363 3079 1553 3148 χρόνος
1605 3096 1664 3131 σε
1720 3079 1881 3152 θερα-

290 3168 489 3222 πεύσει
509 3208 524 3233 ,
547 3169 581 3240 ἢ
610 3170 815 3232 ἐκεῖνος
838 3168 1256 3239 ἀπολογήσεται,
1282 3169 1441 3239 εἰπερ
1464 3170 1700 3241 τοσαύτη
1732 3171 1877 3224 ἐστὶν

291 3263 331 3332 ἡ
359 3262 497 3331 όργή
518 3276 532 3290 ·
572 3260 667 3313 καὶ
716 3259 854 3331 μετά
880 3258 1055 3313 ταῦτα
1093 3261 1257 3313 αὑτὸν
1288 3259 1602 3329 ἀμύνασθαι
1632 3258 1838 3332 δυνήσῃ
1857 3301 1873 3327 ,

288 3352 451 3404 οὐδὲν
475 3350 581 3403 ὑπὸ
603 3349 696 3403 τοῦ
728 3349 920 3421 χρόνου
952 3351 1031 3412 είς
1057 3349 1119 3402 τὸ
1162 3349 1238 3420 μὴ
1271 3350 1454 3404 δοῦναι
1490 3351 1646 3420 δίκην
1674 3353 1879 3405 ἐκεῖνον

289 3443 851 3516 παραϐλαπτόμενος.
879 3442 991 3495 Καὶ
1015 3440 1186 3494 ταῦτα
1210 3442 1309 3512 μὲν
1330 3444 1411 3505 είς
1437 3441 1712 3494 τοσοῦτον.
1746 3440 1880 3494 Εἰπὲ

288 3536 356 3590 δὲ
395 3535 476 3607 τῷ
510 3534 710 3590 σαυτοῦ
750 3534 891 3605 φίλῳ
911 3549 925 3565 ο
973 3532 1128 3587 Ἐλθέ
1157 3532 1233 3595 ὼς
1261 3534 1409 3603 ἡμᾶς
1430 3572 1446 3595 ,
1481 3532 1513 3603 ἢ
1553 3530 1879 3603 μεταδώσων

289 3620 375 3681 ὧν
402 3626 570 3697 ἔχεις,
608 3626 642 3696 ἢ
686 3622 927 3696 μεθέξων
966 3616 1043 3677 ὧν
1067 3624 1169 3677 οὐκ
1196 3622 1357 3693 ἔχεις.
1400 3622 1475 3675 Σὺ
1524 3623 1622 3693 μὲν
1655 3622 1764 3693 γὰρ
1793 3639 1880 3674 σο-

292 3716 432 3787 φίαν
484 3714 630 3786 ἔχειν
677 3714 784 3785 φὴς
834 3713 1231 3786 μεγαληγορεῖν
1283 3712 1345 3765 ού
1404 3702 1870 3784 παραιτουμένην,

292 3809 462 3880 ἡμεῖς
502 3807 561 3861 δέ
602 3823 781 3877 φαμεν
809 3804 1067 3876 ἀλήθειαν
1091 3804 1355 3874 ἁπλότητι
1404 3803 1499 3859 καὶ
1544 3803 1680 3857 αίδοῖ
1725 3820 1884 3857 κεκο-

295 3896 615 3969 σμημένην.
654 3897 726 3950 Ἦ
764 3895 873 3968 γὰρ
901 3896 1204 3966 κρείττοσιν
1245 3893 1516 3965 εὑρεθεῖσι
1544 3893 1879 3947 κατακολου-

293 3988 492 4059 θήσεις
528 3987 794 4059 ἄσμενος,
824 3986 858 4056 ἢ
899 3986 1190 4058 ἐπανήξεις
1232 3985 1415 4040 οἶκαδε
1458 3985 1627 4057 μηδὲν
1669 3983 1881 4058 ζημιω-

294 4077 434 4142 θείς.

547 4184 698 4241 ΥΙΖ’.
742 4212 815 4227 -·
862 4184 1114 4255 ΖΩΣΙΜῼ
1163 4185 1632 4257 ΠΡΕΣΒΥΤΕΡῼ.

2056 2726 2113 2781 Si
2135 2737 2359 2798 accepta
2384 2728 2557 2784 victus
2604 2730 2800 2800 injuria
2830 2746 2860 2787 a
2896 2743 2949 2789 te
2995 2735 3287 2806 impetrare
3314 2743 3442 2811 quin
3475 2745 3560 2798 ul-

1980 2818 2192 2873 ciscare
2241 2834 2348 2874 non
2394 2830 2568 2889 potes,
2600 2824 2696 2878 sed
2734 2823 3016 2880 laedentem
3070 2831 3262 2897 punire
3318 2834 3559 2890 animum

1979 2908 2260 2963 induxeris
2305 2920 2481 2976 tuum,
2528 2915 2762 2968 maxime
2794 2915 2847 2970 id
2883 2926 2969 2971 est
3017 2933 3046 2971 a
3090 2918 3400 2976 Christiano
3458 2926 3561 2980 ho-

1979 3000 2125 3054 mine
2154 3000 2417 3056 alienum.
2450 3001 2600 3068 Quod
2624 3006 2667 3058 si
2687 3005 2893 3074 legibus
2923 3009 3139 3065 assidue
3169 3012 3417 3069 decertes
3443 3016 3563 3087 (vel

1976 3090 2121 3144 enim
2157 3099 2368 3160 tempus
2397 3095 2489 3148 tibi
2537 3097 2960 3163 medebitur,vel
3007 3101 3120 3169 ipse
3153 3117 3213 3158 se
3275 3104 3552 3175 defendet,

1981 3182 2025 3234 si
2060 3188 2204 3235 tanta
2228 3191 2313 3237 est
2346 3182 2542 3254 ira)et
2580 3196 2767 3254 postea
2813 3188 3000 3245 ulcisci
3053 3194 3280 3260 poteris,
3313 3206 3558 3267 tempore

1981 3271 2082 3339 ipsi
2115 3288 2217 3327 non
2251 3275 2573 3343 opitulante,
2599 3280 2890 3345 quominus
2928 3283 3019 3337 det
3040 3283 3133 3338 tibi
3167 3289 3560 3363 μωρίη

1979 3362 2046 3416 Ει
2075 3365 2190 3418 haec
2220 3367 2434 3434 quidem
2477 3368 2760 3425 hactenus.
2789 3370 2884 3425 Dic
2932 3374 3111 3428 alnico
3155 3384 3247 3431 tuo
3277 3395 3293 3433 :
3327 3376 3457 3433 Veni
3487 3362 3555 3435 ad

1981 3467 2087 3520 me,
2122 3454 2207 3507 vel
2239 3457 2744 3515 communicaturus
2776 3476 2895 3529 qua:
2936 3463 3123 3527 habes,
3158 3466 3241 3520 vel
3304 3480 3555 3538 receptu-

1979 3559 2072 3599 rus
2106 3560 2216 3614 quo
2244 3560 2422 3601 cares.
2454 3548 2473 3569 '
2509 3546 2590 3602 Tu
2645 3550 2949 3619 sapientem
2993 3568 3117 3609 esse
3153 3557 3414 3625 praedicas
3462 3561 3554 3629 qui

1980 3636 2267 3706 magniﬁce
2303 3652 2362 3693 se
2385 3636 2576 3707 jactat,
2615 3654 2715 3695 nec
2750 3642 2960 3696 veniam
2994 3655 3184 3713 poscat
3221 3672 3233 3703 ;
3281 3663 3378 3703 nos
3428 3664 3557 3705 vero

1981 3727 2263 3781 veritatem
2302 3727 2647 3796 simplicitate
2680 3742 2744 3783 ac
2771 3737 3091 3790 verecundia
3145 3739 3394 3792 vestitam
3418 3752 3555 3807 prae-

1982 3817 2370 3874 dicamus.Aut
2402 3825 2545 3877 enim
2576 3826 2798 3881 meliora
2827 3828 3043 3882 inventa
3076 3841 3307 3897 sequere
3358 3828 3555 3894 libens,

1983 3906 2066 3962 vel
2106 3909 2306 3965 redibis
2331 3912 2548 3967 domum
2592 3924 2738 3970 tuam
2777 3916 2911 3971 nihil
2956 3931 3171 3986 passus.

2194 4174 2450 4232 CDXVll.
2487 4209 2557 4219 —
2580 4179 2835 4237 ZOSIMO
2861 4144 3345 4245 PRESBYTERO.

1021 4275 1086 4331 Ut
1106 4279 1173 4331 sit
1196 4280 1335 4348 frugi
1365 4279 1630 4343 hortatur,
1652 4287 1764 4331 utet
1784 4277 1951 4331 tribus
1976 4289 2119 4344 sequ.
2148 4272 2300 4342 epist.
2333 4282 2382 4327 et
2414 4274 2540 4340 5ll,
2568 4274 2693 4341 445,
2726 4274 2850 4329 562.

368 4391 437 4447 El
470 4390 570 4463 μὲν
615 4390 777 4463 μόνος
815 4406 898 4445 σοι
929 4392 959 4445 ὁ
1001 4389 1100 4461 τῆς
1146 4387 1581 4459 φιλοχρηματίας
1614 4386 1752 4457 ἔρως
1781 4388 1877 4440 καὶ

291 4482 508 4554 ιπῆλθε
534 4483 628 4536 καὶ
649 4478 930 4547 εἷλεν,ούκ
944 4481 1009 4534 ἂν
1031 4478 1299 4549 τοσαύτην
1326 4477 1480 4549 παρά
1522 4476 1740 4531 πάντων
1778 4478 1881 4530 ὑπ-

291 4572 494 4643 έμενες
514 4572 753 4644 γραφήν.
793 4570 1012 4640 Ἐπειδὴ
1046 4569 1103 4622 δὲ
1132 4570 1333 4632 πάντες
1361 4569 1420 4621 ὲν
1455 4569 1559 4631 σοὶ,
1593 4566 1668 4630 ὦς
1696 4585 1879 4636 φασιν,

293 4660 612 4733 ἁχορεύτως
649 4659 1012 4733 χορεύσαντες
1039 4654 1205 4725 εἷλον,
1238 4656 1463 4728 μείζονά
1492 4673 1553 4709 σε
1591 4657 1771 4725 πάσης
1796 4673 1881 4708 τι·-

296 4751 515 4823 μωρίας
545 4750 881 4823 ἁμαρτάνειν
915 4751 1209 4821 ἡγούμενοι
1236 4787 1253 4813 ,
1285 4748 1360 4811 ὡς
1390 4747 1630 4802 ποικίλον
1660 4746 1751 4800 καὶ
1785 4761 1886 4799 πο-

294 4840 582 4912 λύμορφον
624 4840 813 4911 θηρίον
846 4840 1229 4911 ἐκτρέπονται.
1260 4838 1323 4891 Εἰ
1358 4836 1536 4891 τοίνυν
1567 4836 1744 4906 βούλει
1782 4834 1881 4906 τὴν

290 4930 556 5001 τοιαύτην
590 4929 997 5002 ἀποτρίψασθαι
1051 4928 1290 4995 ἀδοξίαν,
1321 4928 1391 4982 τὰ
1415 4925 1728 4997 ἀνθρώποις
1752 4926 1877 4997 φιλ-

291 5022 517 5092 οιρέτοις
550 5022 832 5094 πρέποντα
852 5021 947 5076 καὶ
968 5020 1094 5089 λέγε
1121 5020 1216 5073 καὶ
1243 5019 1472 5088 πρᾶττε.

548 5129 702 5185 ΥΙΗ⁹.
732 5158 804 5170 -
830 5128 1130 5199 ΑΥΣΟΝΙῼ
1169 5124 1631 5181 ΚΟΡΡΗΚΤΩΡΙ.

374 5235 622 5307 Ἀγαμαί
656 5252 750 5289 σου
780 5235 841 5289 τὸ
868 5234 1031 5304 σοφὸν
1063 5232 1353 5304 φρόνημα,
1389 5232 1472 5285 ὃτι
1511 5230 1675 5300 φόϐον
1706 5229 1875 5301 πραό-

291 5344 424 5398 τητι
461 5327 622 5398 μίξας
654 5326 877 5391 οὐδένας
916 5328 1098 5397 ἔχεις,
1140 5324 1263 5379 οὔτε
1293 5324 1422 5387 τοὺς
1449 5323 1538 5377 διὰ
1583 5322 1675 5376 τδν
1713 5322 1877 5391 φόϐον

292 5420 629 5492 μισοῦντας,
667 5418 792 5474 οὔτε
821 5420 949 5483 τοὺς
974 5419 1064 5473 διὰ
1097 5416 1199 5488 τὴν
1229 5416 1510 5488 πραότητα
1550 5414 1872 5478 πταίονταςο

289 5510 437 5566 ἀλλά
467 5514 551 5565 σοι
582 5512 682 5584 τὴν
706 5509 998 5565 ἀκόλουθον
1024 5510 1223 5579 κρᾶσιν
1254 5505 1611 5562 ἀντιδιδόασιν
1637 5506 1686 5558 οί
1714 5504 1878 5576 ἀρχό-

292 5618 477 5673 μενοι,
504 5600 830 5675 σωφροσύνῃ
857 5598 1039 5670 φιλίαν
1069 5596 1424 5667 συνάψαντες·
1459 5593 1646 5665 ἐπειδὴ
1674 5593 1781 5665 γὰρ
1807 5594 1877 5648 τὰ

289 5692 551 5748 πλεῖστον
576 5692 670 5747 ἀπ’
692 5690 937 5763 ἀλλήλων
953 5687 1251 5745 διεστῶστα
1275 5685 1564 5757 ἐκέρασας,
1592 5682 1686 5739 καὶ
1714 5683 1869 5737 αὐτοὶ

2058 4379 2171 4436 Nisi
2200 4380 2373 4435 solum
2407 4390 2457 4435 te
2487 4382 2836 4450 pecuniarum
2896 4382 3164 4451 cupiditas
3214 4394 3270 4441 et
3329 4388 3555 4457 cepisset

1984 4479 2041 4526 et
2075 4478 2303 4535 teneret,
2337 4486 2441 4525 non
2479 4471 2614 4525 adeo
2642 4486 2830 4527 omnes
2859 4473 2954 4526 tibi
3002 4474 3175 4528 dicam
3231 4476 3557 4534 scriberent.

1979 4559 2116 4616 Cum
2174 4575 2326 4627 vero,
2356 4569 2415 4614 ut
2475 4560 2677 4624 ierunt,
2720 4576 2910 4617 omnes
2965 4563 3126 4618 simul
3158 4566 3372 4635 agmine
3414 4566 3559 4624 facto

1982 4662 2036 4708 te
2068 4653 2388 4718 invaserint,
2424 4651 2527 4705 rati
2564 4666 2723 4721 supra
2764 4666 2979 4707 omnem
3026 4663 3077 4708 te
3106 4668 3320 4722 poenam
3378 4657 3557 4712 delin-

1984 4755 2170 4812 quere,
2195 4736 2257 4794 ut
2278 4739 2483 4793 variam
2515 4754 2577 4794 ac
2601 4739 2956 4808 multiplicem
3013 4741 3184 4798 feram
3217 4759 3284 4799 ac
3321 4746 3556 4801 belluam

1981 4842 2032 4886 te
2061 4833 2419 4895 detestantur,
2444 4846 2508 4886 ac
2560 4830 2853 4900 refugiunt.
2901 4830 3053 4888 Hanc
3106 4834 3272 4905 igitur
3325 4836 3370 4892 si
3412 4835 3558 4892 infa-

1979 4924 2144 4979 miam
2167 4924 2319 4993 cupis
2344 4924 2574 4988 evitare,
2598 4923 2766 4978 dicito
2802 4938 2866 4979 ac
2904 4923 3073 4980 facito
3100 4941 3221 4997 quae
3282 4928 3557 4985 hominem

1983 5017 2181 5071 virtute
2207 5015 2490 5085 praeditum
2515 5015 2751 5070 maxime
2780 5016 2991 5071 decent.

2182 5123 2872 5182 CDXVlll.—AUSONIO
2900 5126 3364 5189 CORRECTORI.

2055 5234 2225 5289 Tuam
2272 5234 2492 5304 quidem
2544 5232 2865 5303 prudentem
2921 5237 3164 5293 admiror
3208 5239 3552 5310 sapientiam,

1980 5327 2123 5393 quod
2159 5334 2359 5379 metum
2407 5322 2729 5393 benignitati
2790 5326 3121 5394 admiscens,
3164 5330 3430 5383 neminem
3456 5330 3554 5385 ha-

1979 5413 2111 5469 beas
2128 5414 2220 5483 qni
2247 5425 2298 5467 te
2319 5412 2403 5467 vel
2438 5412 2508 5467 ob
2540 5418 2741 5465 metum
2763 5412 2962 5480 oderit,
2995 5415 3077 5471 vel
3122 5417 3191 5471 ob
3211 5417 3553 5473 clementiam

1979 5501 2237 5569 oﬂ‘endat,
2268 5504 2362 5560 sed
2389 5504 2592 5561 subditi
2617 5519 2834 5560 omnem
2888 5505 3309 5562 moderationem
3356 5522 3550 5563 conse-

1981 5601 2236 5662 quentes,
2270 5590 2497 5648 aﬂeetus
2523 5597 2823 5665 rependant
2855 5611 2977 5650 cum
3033 5594 3389 5664 temperantia
3415 5599 3555 5651 anni—

1934 5685 2163 5759 .citiam
2217 5682 2634 5755 coniungentes.
2692 5687 2827 5745 Cum
2894 5687 3125 5744 misceas
3176 5688 3554 5762 concinneque
