4070 6384
552 339 693 405 1575

1762 329 1822 387 S.
1864 326 2155 388 ISIDORI
2195 323 2634 385 ΡΕιυδιΟΤίΕ

3640 335 3759 402 1576

548 458 840 517 temperes,
870 455 989 512 quze
1040 440 1185 494 inter
1234 451 1291 492 se
1345 443 1609 505 pugnant.
1671 435 1836 488 etiam
1891 432 2121 500 subjecti

2225 432 2324 502 τὴν
2375 433 2497 500 ῐσην
2530 448 2613 485 σοι
2647 430 2991 486 ἀποδιδόασιν
3030 431 3281 504 ἀμοιϐὴν,
3329 437 3476 508 παρά
3519 441 3605 495 σοῦ
3650 463 3763 500 παι-

544 536 774 607 aequalia
832 530 1363 597 retrihuunt,edocti
1417 529 1672 582 nimirum
1721 528 1819 582 abs
1846 535 1898 582 te
1956 525 2130 581 divisa

548 642 670 697 ρυω
696 636 825 680 sunt
845 635 1190 690 conjungere.

1045 730 1273 789 CDXIX.
1293 761 1364 772 ——
1392 729 1617 786 EIDEM.

614 848 780 903 Recte
804 846 940 901 facta
972 855 1063 901 tua
1086 849 1139 916 (ο
1161 842 1526 915 gratissimum
1559 838 1769 894 amictis
1790 837 1992 902 lumen,
2025 834 2130 892 etsi

542 937 757 1007 iniustis
777 936 967 990 terrori
997 935 1089 1005 sit)
1123 932 1267 988 omni
1296 933 1448 985 laude
1475 932 1751 999 superiora
1780 938 1925 983 sunt.
1941 927 2127 994 Quan-

542 1045 707 1100 quam
733 1038 788 1084 et
816 1030 1117 1083 orationem
1152 1041 1304 1081 suam
1341 1025 1393 1078 in
1449 1022 1558 1077 tuis
1596 1020 1886 1076 virtutibus
1914 1019 1966 1074 in
2024 1019 2129 1073 im-

543 1134 788 1177 mensum
824 1118 1274 1176 exolescentibus
1299 1115 1548 1186 superari
1575 1117 1856 1184 etoptant.

1062 1312 1274 1370 CDXX.
1292 1309 1596 1365 -—-EIDEM.

614 1424 714 1493 Qui
742 1426 1047 1482 moderatos
1074 1439 1252 1479 mores
1285 1424 1403 1478 sine
1433 1422 1571 1475 fastu
1600 1420 1840 1490 praefert,
1873 1418 2007 1475 alios
2031 1432 2126 1474 ve-

545 1530 609 1569 ro
651 1517 721 1573 de
769 1532 829 1571 se
888 1516 1121 1584 superbe
1176 1512 1475 1568 sentientes
1523 1512 1591 1565 ad
1645 1509 2126 1577 arrogantiamque

547 1609 717 1661 ﬂexos
756 1623 859 1662 non
892 1608 1156 1676 increpat,
1189 1606 1279 1660 hic
1322 1603 1541 1658 virtutis
1583 1601 1877 1656 maximum
1905 1598 2125 1654 exhibet

544 1706 943 1768 argumentum.

771 1803 1307 1863 coxxr.—-Luca:
1343 1780 1656 1859 omniss.
1703 1797 1886 1856 vrso.

2234 520 2517 585 δευθέντες
2551 522 2841 576 συνάπτειν
2869 521 2941 575 τὰ
2961 524 3359 593 κεχωρισμένα.

2710 713 2857 768 Υιθν.
2887 743 2959 754 -
2995 716 3082 786 To
3118 716 3320 788 ΑΥΤῼ.
3388 676 3409 702 ⁴

2300 824 2383 879 Τά
2411 825 2513 896 μὲν
2546 825 2616 879 σὰ
2664 824 3065 900 κατορθώματα
3115 819 3190 897 (ὧ
3219 829 3514 899 πραότατον
3547 838 3650 902 τοῖς
3672 841 3773 897 ἀδι-

2229 917 2515 985 κουμένοις
2546 915 2737 987 ὄμμα,
2772 918 2823 970 εί
2869 920 2962 972 καὶ
3011 920 3125 982 τοῖς
3168 919 3443 976 ἀδικοῦσίν
3488 926 3597 981 ἑστι
3632 931 3775 1000 φοδε.

2231 1004 2505 1077 ρώτατον)
2535 1006 2760 1076 μείζονά
2785 1009 2905 1063 ἐστι
2933 1009 3036 1078 τῆς
3059 1008 3170 1063 τῶν
3196 1011 3637 1080 ἐγκωμιαζόντων
3655 1023 3776 1078 αὺτά

2227 1093 2494 1165 γλώττης.
2528 1095 2795 1167 Εῠχονται
2821 1098 2880 1152 δὲ
2909 1098 3073 1153 πλέον
3099 1101 3400 1171 ἡττᾶσθαι,
3441 1105 3538 1177 τῆς
3575 1109 3668 1180 σῆς
3693 1113 3775 1167 ἐπὶ

2227 1184 2288 1236 τὸ
2320 1185 2505 1255 μεῖζον
2536 1187 2955 1259 προκοπτούσης
2985 1188 3214 1260 ἀρετῆς.

2725 1299 2859 1353 Υκθ.
2891 1329 2954 1342 -
2988 1300 3078 1372 re
3115 1301 3319 1374 ΑΥΤῼ.

2310 1408 2370 1461 Ὀ
2411 1410 2527 1471 τοῖς
2563 1409 2663 1479 μὲν
2696 1410 2764 1465 τὰ
2805 1411 2911 1483 ἤθη
2949 1414 3194 1485 μετρίοις
3238 1415 3459 1486 ἀτύφως
3503 1420 3776 1490 προσφερό-

2230 1498 2434 1568 μενος,¹
2461 1499 2590 1561 τοὺς
2647 1499 2705 1552 δὲ
2745 1503 2868 1565 ταῖς
2916 1503 3163 1575 γνώμαις
3211 1506 3669 1579 ὲξωγκωμένους,
3697 1513 3774 1565 καὶ

2228 1590 2366 1659 πρὸς
2408 1588 2729 1653 ἀλαζονείαν
2780 1589 3078 1660 βλέποντας
3128 1594 3203 1664 μὴ
3252 1598 3775 1668 καταπληττόμενος,

2225 1674 2380 1743 οὗτος
2415 1680 2621 1750 ἀρετῆς
2653 1680 2915 1751 μέγιστον
2948 1683 3171 1755 ἐκφέρει
3198 1687 3518 1756 τεκμήριον.
3742 1705 3749 1711 ·

2459 1794 2641 1849 ΥΚΑ’.
2670 1825 2737 1836 -
2769 1794 3009 1867 [terna
3038 1782 3535 1870 ΑΑΜΠΡΟΤΑΤῼ.

1038 1892 1383 1965 Παῤῥησίας,
1421 1890 1704 1945 Libertatis
1732 1885 1975 1959 loquendi
1998 1893 2046 1940 et
2074 1884 2149 1951 im;

2221 1881 2416 1936 dentice
2441 1882 2745 1937 discrimen.
2785 1882 2937 1953 (in‘fr.
2973 1887 3123 1947 epist.
3163 1886 3317 1959 453.)

614 1989 796 2059 Neque
846 1986 1096 2057 loquendi
1133 1985 1356 2041 libertas
1406 1993 1489 2038 est
1536 1980 1893 2051 imprudentia,
1927 1990 2110 2047 neque

543 2082 780 2137 vicissim
802 2078 1135 2149 impudentia
1160 2077 1407 2146 loquendi
1428 2084 1513 2131 est
1531 2075 1753 2129 libertas
1780 2070 2118 2140 appellanda,

544 2175 637 2229 sed
667 2173 846 2242 lapsos
873 2179 1066 2225 ornate
1098 2168 1499 2239 reprehendens
1529 2165 1749 2220 libertas
1775 2171 1857 2216 est
1884 2159 2118 2214 dicendi.

545 2265 647 2331 Qui
681 2278 812 2318 vero
842 2271 992 2316 recte
1034 2270 1258 2330 agentes
1289 2258 1689 2318 conviciantur,
1720 2268 1903 2309 eormn
1949 2252 2122 2319 impu-

546 2354 723 2408 dentia
770 2361 852 2407 est
904 2352 1253 2406 nominanda.
1301 2350 1388 2403 Illa
1438 2348 1653 2418 quidem
1708 2344 1990 2400 medicinas
2039 2350 2122 2397 est

548 2445 751 2510 instar;
786 2444 902 2497 haec
962 2457 1091 2498 vero
1129 2441 1450 2511 pestilentia:
1503 2440 1572 2493 lui
1626 2445 1995 2505 comparatur.
2030 2434 2123 2487 Illa

546 2546 778 2604 aegrotos
837 2550 1000 2591 sanos
1050 2534 1251 2599 reddit,
1285 2533 1397 2587 haec
1447 2546 1575 2587 vero
1621 2530 1860 2585 Valentes
1900 2536 2128 2581 contur-

546 2626 660 2681 hat.

684 2716 848 2788 685
877 2713 1133 2771 CDXXII.
1161 2743 1232 2758 -—
1258 2714 1443 2772 CYRO
1487 2714 1960 2773 PRESBYTERO.

551 2810 625 2865 De
652 2812 933 2866 sacerdotii
965 2813 1293 2879 praestantia.
1323 2810 1502 2879 (Conf.
1531 2812 1681 2879 epist.
1723 2812 1849 2866 268.
1889 2822 1934 2863 et
1975 2808 2068 2867 lib.
2101 2826 2163 2875 It,

2290 1994 2428 2050 Οὔτε
2473 1995 2572 2066 τὴν
2619 1997 2931 2069 παρρησίαν
2973 2000 3361 2071 ἀναισχυντίαν
3393 2002 3631 2072 κλητέον,
3669 2005 3778 2059 οὔτε

2217 2085 2315 2158 τὴν
2368 2087 2754 2158 ἀναισχυντίαν
2800 2090 3133 2160 παρῥησίαψ
3181 2092 3325 2147 ἀλλά
3370 2095 3468 2167 τὴν
3520 2095 3615 2166 μὲν
3656 2102 3770 2164 τοὺς

2219 2178 2511 2242 πταίοντας
2561 2179 2805 2250 κοσμίως
2839 2180 3189 2254 ὲλέγχουσαν,
3229 2186 3581 2256 παρρησίαν*
3621 2188 3711 2259 τὴν
3735 2189 3786 2243 δὲ

2218 2272 2345 2334 τοὺς
2367 2270 2774 2341 κατορθοῦντας⁸
2798 2272 3145 2341 ὑϐρίζουσαν,
3169 2275 3579 2346 ἀναισχυντίαν.
3615 2279 3675 2331 'll
3693 2278 3785 2348 μὶν

2219 2362 2328 2432 γάρ
2348 2365 2561 2434 ἰατρικῇ
2580 2362 2773 2426 ἔοικεν,
2805 2365 2838 2433 ή
2863 2363 2920 2416 δὲ
2951 2364 3173 2436 λοιμικῇ
3205 2369 3565 2431 καταστάσει,
3593 2368 3668 2437 τῷ
3696 2368 3786 2438 τὴν

2226 2453 2328 2522 μὲν
2355 2456 2481 2516 τοὺς
2524 2452 2939 2524 ἀρρωστοῦντας
2973 2453 3155 2508 ἰᾶσθαι
3176 2495 3190 2517 ,
3217 2455 3323 2527 τὴν
3353 2456 3409 2510 δὲ
3450 2457 3573 2521 τοὺς
3616 2454 3782 2526 ὑγιαί-

2222 2560 2411 2606 νοντας
2437 2545 2744 2613 ταράττειν.

2488 2718 2662 2771 ΥΚΒν.
2704 2748 2771 2759 -
2808 2717 2996 2788 ΚΥΡῼ
3035 2716 3511 2793 ΠΡΕΣΒΥΤΕΡῼ.

2199 2814 2350 2886 epist.
2386 2813 2528 2886 234;
2560 2822 2606 2865 et
2640 2810 2733 2875 lib,
2773 2826 2847 2872 tv,
2887 2813 3037 2880 epist.
3068 2811 3207 2878 219;
3242 2823 3298 2866 et
3334 2811 3498 2867 Joan.
3544 2812 3788 2886 Chrysost.

1779 2879 2026 2933 llomilt'is
2069 2883 2198 2955 περὶ
2229 2879 2553 2954 ἱερωσύνης.

619 2994 735 3051 Etsi
780 2994 1138 3051 sacerdotium
1182 2992 1328 3047 omni
1359 3003 1443 3047 est
1478 3006 1645 3059 regno
1675 2988 1981 3056 sublimius,
2033 2992 2149 3047 di-‘

2297 2997 2359 3050 Ei
2391 2996 2485 3050 καὶ
2521 2996 2702 3066 πάσης
2734 2995 2850 3049 ἐστὶ
2878 2994 3154 3065 βασιλείας
3180 2993 3499 3068 ὑψηλοτέρα
3525 2996 3616 3050 καὶ
3640 2996 3788 3064 ἀξιω-

546 3084 834 3152 αιιῑιιεηιιθ,
856 3098 960 3136 non
984 3093 1265 3152 propterea
1287 3081 1458 3136 sacris
1476 3081 1718 3135 initiatos
1741 3083 1896 3136 decet
1916 3082 1968 3135 in
1988 3082 2124 3137 alios

549 3183 751 3228 temere
783 3172 986 3237 ell’erri,
1023 3175 1153 3242 quin
1199 3173 1636 3227 decentissimum
1673 3173 2124 3241 aptissimumque

547 3263 707 3333 hujus
729 3278 852 3319 esse
890 3274 1140 3318 ornatum
1173 3264 1506 3330 existimare,
1539 3263 1708 3332 ipsam
1758 3279 1877 3317 cum
1912 3264 2123 3319 intelle-

545 3360 632 3427 ctu
662 3352 940 3406 lenitatem
963 3370 978 3406 :
998 3354 1301 3420 cogitantes
1331 3367 1449 3405 eam
1487 3366 1610 3406 esse
1642 3353 1787 3406 omni
1814 3353 2016 3406 honore
2042 3362 2122 3406 at-

544 3457 648 3511 que
667 3444 897 3497 humana
923 3444 1182 3511 dignitate
1208 3443 1471 3512 potiorem
1495 3443 1612 3498 :sed
1634 3452 1689 3497 et
1708 3444 1897 3497 aliena:
1918 3442 2122 3497 utilita-

546 3532 616 3587 tis
650 3548 780 3602 ergo
809 3548 906 3602 per
937 3533 1026 3587 Dei
1053 3534 1287 3603 gratiam
1319 3534 1464 3586 hunc
1490 3534 1735 3587 ordinem
1766 3540 2117 3600 acceperunt,

545 3637 705 3692 quem
733 3624 1016 3695 tyrannide
1039 3624 1400 3695 contaminari
1433 3624 1675 3694 iniquum
1709 3625 1801 3678 sit.

741 3817 1025 3875 CDXXIII.
1055 3847 1124 3860 -
1155 3816 1551 3873 HARPOCRAE
1593 3816 1919 3871 RHETORI.

2219 3085 2354 3156 τέρα
2384 3087 2418 3157 ή
2449 3085 2738 3154 ἱερωσύνη,
2770 3083 2908 3137 ἀλλά
2930 3085 3054 3146 τοὺς
3085 3082 3295 3155 ταύτην
3320 3086 3589 3156 λαχόντας
3609 3087 3667 3138 οὐ
3700 3085 3792 3156 χρὴ

2221 3174 2363 3226 κατά
2382 3174 2490 3226 τῶν
2512 3174 2689 3227 ἄλλων
2713 3173 2800 3226 διὰ
2817 3174 3021 3244 ταύτην
3037 3175 3391 3245 ἐπαίρεσθαι,
3418 3176 3554 3229 ἀλλὰ
3587 3191 3791 3247 πρεπω-

2223 3264 2480 3317 δέστατον
2508 3265 2603 3318 καὶ
2629 3263 3036 3335 ἁρμοδιώτατον
3058 3267 3268 3336 ταύτης
3310 3266 3523 3337 κόσμον
3558 3265 3789 3338 ἡγεῖσθαι

2219 3353 2320 3421 τὴν
2352 3352 2489 3422 μετά
2516 3354 2787 3417 συνέσεως
2810 3355 3114 3425 πραότητα·
3142 3355 3487 3420 ἐννοοῦντας,
3515 3357 3595 3410 ὅτι
3627 3356 3791 3426 κρείτ-

2223 3457 2333 3493 των
2368 3442 2468 3509 μέν
2500 3444 2614 3495 ἐστι
2639 3443 2819 3513 πάσης
2844 3442 3198 3514 ἀνθρωπίνης
3219 3445 3400 3516 τιμῆς
3425 3463 3488 3499 τε
3515 3446 3609 3500 καὶ
3633 3445 3793 3510 ἀξίας·

2227 3528 2314 3582 διὰ
2345 3529 2403 3581 δὲ
2439 3529 2538 3600 τὴν
2565 3530 2712 3584 θείαν
2742 3533 2902 3602 χάριν
2936 3548 2996 3583 τε
3025 3532 3120 3585 καὶ
3148 3532 3403 3600 δίάταξιν
3432 3535 3638 3604 ταύτην
3666 3534 3797 3602 εἰλή-

2228 3636 2361 3688 φασι
2399 3621 2499 3690 τῆς
2530 3622 2639 3674 τῶν
2686 3621 2862 3675 ἄλλων
2898 3622 3162 3690 ὠφελείας
3216 3624 3437 3694 ἕνεκεν,
3490 3628 3559 3699 ἢν
3599 3627 3696 3681 οὐκ
3740 3624 3799 3679 ἂν

2231 3707 2339 3763 εἷεν
2367 3710 2565 3765 δίκαιοι
2599 3715 2666 3782 τῇ
2695 3713 2973 3782 τυραννίδι
3014 3712 3402 3785 καθυϐρίζειν.

2525 3824 2702 3878 ΥΚΡ.
2739 3855 2808 3864 —
2836 3825 3166 3895 ΑΡΠΟΚΡᾼ
3193 3827 3521 3901 ΣΟΦΙΣΤῌ.

1397 3906 1577 3961 Monet
1610 3919 1666 3960 ut
1701 3924 1796 3960 suo
1828 3909 2063 3975 exenzplo
2098 3914 2295 3967 amicos
2335 3914 2672 3969 reconciliare
2713 3918 2939 3971 studeat.

618 4021 789 4076 Erant
836 4019 943 4075 duo
983 4019 1109 4073 olim
1161 4019 1401 4089 germani
1451 4017 1668 4082 fratres,
1717 4018 1852 4072 adeo
1886 4019 2025 4072 inter
2061 4034 2122 4074 se

547 4112 887 4176 dissidentes,
922 4120 980 4162 ut
1005 4111 1169 4164 etiam
1206 4108 1456 4163 inimicos
1501 4109 1762 4162 ducerent
1790 4122 1903 4172 eos,
1932 4110 2021 4176 qui
2054 4112 2119 4163 de

2300 4025 2510 4093 Ἥστην
2554 4024 2683 4077 ποτὲ
2717 4023 2810 4077 δύο
2846 4026 3160 4098 όμογνησίω
3198 4026 3448 4097 ἀδελφὼ,
3484 4028 3797 4100 διενεχθέντι

2227 4110 2363 4181 πρὸς
2393 4111 2569 4164 ἐαυτὼ
2605 4112 2881 4178 τοσοῦτον,
2908 4115 2984 4179 ὡς
3009 4117 3254 4180 καὶτοὺς
3282 4118 3369 4180 είς
3401 4119 3795 4189 συμϐατηρίους

548 4202 989 4258 reconciliatione
1042 4202 1210 4255 verba
1269 4198 1449 4252 facere
1510 4198 1791 4252 auderent.
1856 4195 2117 4267 Equidem

2223 4199 2413 4268 λόγους
2436 4201 2746 4273 τολμῶντας
2779 4205 2971 4271 ἐλθεῖν,
2999 4206 3227 4276 ἐχθροὺς
3253 4208 3542 4277 ἡγεῖσθαι.
3588 4208 3722 4277 Ἐγὼ
3747 4207 3798 4260 δὲ

548 4295 756 4364 (verum
793 4293 935 4347 enim
973 4301 1058 4347 est
1087 4289 1397 4360 dicendum)
1435 4288 1704 4358 repulsam
1735 4287 1961 4354 veritus,
2007 4289 2120 4358 pri-

546 4401 693 4438 mum
715 4399 835 4438 cum
870 4384 977 4437 illis
1006 4397 1168 4452 agere
1197 4380 1516 4436 cunctabar.
1545 4378 1785 4433 Tandem
1816 4378 1868 4433 id
1899 4379 2124 4448 degene-

545 4476 624 4527 ris
665 4488 789 4528 esse
835 4473 1002 4527 animi
1062 4482 1234 4536 ratus,
1288 4485 1484 4542 meque
1534 4470 1649 4540 ipse
1692 4469 2039 4524 cohortatus’
2068 4470 2121 4524 id

544 4563 764 4617 omnino
789 4564 905 4618 tieri
931 4571 1201 4632 oportere,
1231 4562 1336 4616 etsi
1365 4576 1393 4615 a
1424 4575 1591 4632 scopo
1620 4562 1960 4625 aherrarem,
1985 4574 2122 4630 opus

545 4668 832 4722 aggressus
859 4670 1004 4720 sum,
1035 4661 1186 4707 ratus
1213 4652 1431 4722 quidem
1457 4665 1744 4721 operosum
1778 4649 1833 4704 id
1866 4664 2006 4714 esse,
2027 4649 2122 4704 sed

547 4753 724 4797 tamen
766 4744 1032 4813 insperata
1073 4742 1241 4803 etiam
1290 4742 1634 4812 aggrediens,
1683 4748 1793 4795 tam
1836 4740 1994 4796 facile
2022 4741 2125 4795 hoc

546 4842 731 4899 postea
777 4835 1039 4902 comperi,
1093 4842 1154 4886 ut
1207 4832 1353 4887 nulla
1403 4846 1541 4903 opus
1582 4831 1897 4886 velitatione
1934 4830 2119 4885 fuerit.

548 4922 646 4977 Sat
672 4925 816 4978 enim
846 4922 951 4977 fuit
973 4939 1061 4978 me
1087 4938 1396 4980 sermonem
1428 4923 1744 4979 contulisse.
1770 4923 1950 4989 Quare
1972 4933 2027 4976 et
2064 4931 2120 4974 tu

547 5012 744 5081 negotii
786 5008 1115 5068 ‘dilﬁcultate
1143 5013 1254 5068 noli
1288 5015 1518 5081 moveri,
1555 5014 1650 5068 sed
1694 5020 1967 5068 certamen
1999 5025 2123 5067 sus-

545 5101 666 5170 cipe
693 5118 708 5154 :
741 5100 881 5156 forte
903 5101 1046 5155 enim
1072 5117 1177 5158 non
1206 5118 1401 5175 magno
1426 5118 1563 5174 opus
1597 5102 1762 5159 fuerit
1786 5102 1989 5158 labore.

999 5294 1283 5353 CDXXIV.
1315 5328 1384 5340 —
1413 5299 1645 5355 EIDEM.

1463 5389 1736 5457 Spiritalis
1780 5398 1961 5443 nostra
1996 5389 2207 5458 militia,

612 5500 839 5568 Quando
867 5504 1141 5560 exercitus
1178 5502 1500 5575 prudentiae,
1532 5504 1870 5569 ohedientias,
1901 5504 2110 5560 ordinis

545 5599 603 5645 et
626 5592 924 5659 disciplinas.
968 5596 1219 5650 militaris
1260 5603 1345 5648 est
1373 5594 1662 5661 particeps,
1697 5604 1825 5649 tunc
1869 5595 2112 5649 hostibus

547 5679 724 5744 gravis
764 5690 924 5749 atque
976 5686 1170 5741 terrori
1219 5693 1325 5749 est,
1369 5692 1425 5737 et
1462 5698 1560 5753 pro
1615 5684 1838 5740 audacia
1877 5687 2109 5753 quadam

2221 4290 2240 4359 (
2256 4290 2338 4343 δεῖ
2405 4292 2515 4362 γὰρ
2572 4292 2780 4364 τάληθῆ
2834 4295 3050 4369 λέγειν)
3106 4298 3203 4369 τὴν
3256 4300 3578 4371 ἀποτυχίαν
3629 4296 3797 4359 δεδιὼς

2219 4379 2426 4434 ὤκνουν
2447 4382 2595 4451 αὐτῷ
2624 4384 2774 4455 παρὰ
2796 4385 2892 4457 τὴν
2912 4386 3138 4457 πρώτην
3165 4388 3557 4462 διαλεχθῆναι*
3592 4390 3797 4458 ὕστερον

2217 4470 2275 4523 δὲ
2302 4472 2524 4540 ἀγεννὲς
2553 4469 2694 4527 εἶναι
2738 4476 2899 4531 τοῦτο
2933 4478 3197 4550 νομίσας,
3243 4481 3347 4534 καὶ
3390 4479 3797 4553 παρακελευσάο

2222 4578 2383 4632 μενος
2426 4563 2652 4632 ἐμαυτῷ
2687 4566 2848 4619 τοῦτο
2882 4568 3105 4633 πάντως
3148 4571 3354 4641 χρῆναι
3384 4572 3675 4639 γενέσθαι,
3710 4567 3799 4623 κᾶν

2217 4651 2571 4724 διαμάρτοιμι
2596 4655 2691 4708 τοῦ
2718 4658 2954 4721 σκοποῦ,
2985 4652 3121 4730 ἧκον
3150 4661 3243 4713 ἐπὶ
3269 4658 3371 4715 τοῦ
3383 4678 3544 4732 ργονο
3585 4659 3797 4731 νομίσας

2228 4742 2328 4813 μὲν
2352 4744 2482 4796 αὐτὸ
2510 4746 2746 4815 ἐργῶδες
2783 4743 2922 4802 εἶναι
2940 4789 2954 4809 ,
2985 4750 3135 4820 ὅμως
3161 4751 3218 4804 δὲ
3246 4753 3347 4805 καὶ
3378 4756 3498 4817 τοῖς
3530 4753 3797 4821 ἀδοκήτοις

2221 4834 2506 4904 ἐγχειρῶν.
2552 4837 2806 4907 Τοσούτῳ
2846 4838 2891 4891 δ’
2915 4832 3075 4911 εὖρον
3104 4841 3282 4912 ῥᾴδιον
3323 4843 3495 4897 τοῦτο
3516 4887 3531 4909 ,
3564 4845 3641 4905 ὡς
3676 4836 3794 4911 μηδὲ

2220 4922 2635 4994 ἀκροϐολισμῶν
2659 4924 2932 4997 δεηθῆναι.
2967 4927 3206 4998 Ἥρκεσε
3239 4929 3355 4999 γὰρ
3385 4932 3593 5003 ἐκείνῳ
3623 4930 3684 4983 τὸ
3711 4924 3798 4997 ἐμὲ

2220 5012 2330 5065 τῶν
2374 5013 2552 5082 λόγων
2584 5014 2847 5085 ἅψασθαι.
2882 5018 3093 5072 Οὐκοῦν
3134 5020 3230 5071 καὶ
3276 5021 3456 5085 αὐτὸς
3506 5023 3585 5092 μὴ
3612 5023 3677 5090 τῇ
3715 5012 3793 5069 τοί

2221 5102 2547 5173 πράγματος
2574 5106 2830 5178 δυσκολίᾳ
2858 5110 3114 5180 πρόσεχε,
3137 5109 3253 5163 ἀλλ’
3285 5110 3438 5182 ἅψαι
3471 5113 3585 5168 τῶν
3616 5108 3791 5164 ἄθλων·

2222 5193 2359 5259 ἴσως
2383 5196 2492 5267 γὰρ
2511 5196 2631 5248 οὐδὲ
2658 5198 2838 5271 πόνων
2861 5199 3048 5271 δεήσῃ.

2689 5309 2863 5366 rm.
2899 5340 2970 5351 --
3001 5314 3086 5384 re
3132 5315 3339 5384 arm.

2236 5395 2497 5462 quomodo
2532 5398 2871 5452 instituenda.

2290 5507 2460 5561 Ὅταν
2517 5510 2732 5578 φάλαγξ
2789 5514 3175 5584 σωφροσύνης,
3232 5516 3331 5568 καὶ
3390 5515 3660 5575 πειθοῦς,
3718 5509 3803 5561 καὶ

2219 5595 2424 5660 τάξεως
2450 5638 2465 5659 ,
2500 5601 2594 5652 καὶ
2634 5606 3007 5673 στρατηγικῆς
3036 5605 3236 5675 ἀρετῆς
3270 5606 3491 5678 μετέχῃ
3516 5646 3529 5664 .
3560 5604 3678 5657 τότε
3699 5600 3800 5660 τοῖς

2219 5689 2478 5753 ἐναντίοις
2503 5691 2650 5761 δεινὴ
2678 5694 3092 5762 καταφαίνεται,
3119 5697 3212 5748 καὶ
3245 5697 3356 5766 πρὸ
3388 5698 3495 5766 τῆς
3524 5692 3803 5762 εὐτολμίας
