4070 6384
355 261 488 325 1577

1231 257 1769 319 EPISTOLARUM
1808 257 1954 318 LIB.
1997 257 2063 316 V.
2100 278 2174 292 ν-
2211 256 2849 325 ΕΡΙΞΤυΟΒΧΧνΙΠ.

3489 263 3624 335 1573

350 375 420 430 τά
450 372 687 446 τρόπαια
718 371 979 437 πολλάκις
1011 371 1193 443 ἵστησι
1216 414 1230 438 ,
1280 372 1387 426 τῶν
1428 370 1641 443 ἐχορῶν
1668 370 1806 440 πρὸς
1830 370 1941 423 ίκε-

2048 379 2251 440 tropata
2278 383 2422 441 saepe
2443 371 2752 439 constituit,
2784 372 3335 447 hostibus-supplices
3362 387 3625 439 tendenti.

348 461 474 521 σίαν
517 464 841 537 χωρούντων
884 463 978 519 καὶ
1021 463 1498 536 πρεσϐευομένων.
1558 463 1712 516 Ἐπεὶ
1752 461 1936 516 τοίνυν

347 556 524 614 ταῦτα
558 556 689 630 παρ’
721 558 880 628 ἡμῶν
913 555 1199 626 ὀφείλοντα
1233 554 1485 625 γενέσθαι
1517 553 1661 610 κατὰ
1686 553 1795 608 τῶν
1820 553 1934 607 δαι-

353 650 553 721 μόνων,
602 649 665 702 οὐ
691 648 922 717 γίνεταιο
967 648 1030 703 οὐ
1062 646 1169 720 γὰρ
1207 648 1325 717 μετ’
1348 645 1598 719 ἀλλήλων
1643 645 1766 700 κατ’
1791 644 1934 699 ἐκεί-

346 760 477 808 νων,
505 740 643 797 ἀλλὰ
667 742 788 794 κατ’
811 739 1059 812 ἀλλήλων
1092 740 1209 810 μετ’
1230 737 1455 792 ἐκείνων
1484 735 1900 809 στρατευόμεθα
1918 750 1932 766 ⁸

349 837 411 892 οὗ
445 834 779 908 θαυμαστὸν,
811 835 860 888 εί
888 831 1200 906 ἡττώμεθα·
1234 828 1370 886 άλλά
1410 830 1613 902 μᾶλλον
1638 830 1855 895 ἐκεῖνοι,
1886 827 1936 881 εί

351 931 520 1003 μηδὲν
583 927 865 994 ποιοῦντες
889 955 892 959 ’
915 920 992 985 ὧν
1027 929 1141 992 τοῖς
1196 924 1389 982 νικῶσι
1450 921 1729 995 προσῆκε,
1781 922 1938 992 νικᾷν

346 1022 497 1093 άξιοῦ
503 1039 622 1096 μεν.

530 1135 710 1192 ΥΚΕθ.
744 1164 820 1178 —
849 1134 1005 1190 ΤΟΙΣ
1041 1128 1444 1187 ΑΡΧΟΝΤΙΟΥ
1482 1125 1740 1182 ΠΛΙΣΙΝ.

2044 461 2145 518 bus
2173 475 2386 530 manus,
2418 463 2856 536 legationemque
2897 468 3260 527 mittentibus.
3294 471 3431 528 Cum
3462 476 3629 546 igitur

2041 554 2160 610 htec
2197 554 2382 610 omnia
2429 569 2461 610 ε
2506 557 2665 613 nobis
2693 558 2929 616 debeant
2967 560 3089 618 ﬁeri
3134 564 3399 621 adversus
3424 567 3628 624 daemo-

2040 660 2160 714 nes,
2198 662 2302 704 nec
2332 647 2466 702 (lant
2491 647 2620 718 (non
2650 650 2795 705 enim
2835 650 2981 709 inter
3022 667 3123 710 nos
3150 664 3338 711 contra
3374 655 3500 724 hos,
3531 663 3625 716 sed

2040 738 2094 794 in
2124 752 2223 795 nos
2251 748 2443 794 mutuo
2471 754 2594 794 cum
2627 740 2732 797 illis
2754 742 2928 799 aciem
2969 744 3342 818 instruimus),
3373 748 3509 804 nihil
3528 751 3630 806 ini-

2041 833 2274 888 randum
2308 833 2355 888 si
2389 833 2704 917 vincamur,
2734 838 2853 891 sed-
2876 835 3009 893 illud
3055 841 3271 909 potius,
3302 842 3346 898 si
3384 843 3521 899 nihil
3547 842 3632 900 fa-

2040 923 2253 985 cientes
2291 937 2480 981 eorutn
2529 939 2651 996 qua
2698 926 3039 986 vincentibus
3088 936 3466 1004 conveniunt,
3519 951 3627 996 nos

2043 1017 2265 1072 vincere
2291 1031 2389 1087 par
2418 1031 2542 1074 esse
2561 1025 2861 1097 putemus-

2284 1085 2550 1181 enxxv.
2571 1085 2650 1168 ζ-
2674 1085 3045 1190 causam
3074 1131 3378 1195 .LIBERIS.

948 1247 1030 1303 De
1057 1246 1293 1301 Eutonio
1327 1240 1875 1299 ἄκοπα-Βενιαμεῖ
1910 1248 1993 1294 αιί
2011 1237 2305 1293 amicitiam
2337 1249 2388 1294 et
2413 1242 2750 1298 concordiam
2773 1255 3037 1302 mutuam.

417 1360 681 1433 Ἔπεμψα
710 1360 802 1415 τὸν
833 1361 1167 1431 πανάριστον
1197 1356 1470 1420 Εὐτόνιον,
1504 1354 1679 1427 λόγων
1726 1351 1939 1423 συμϐαν

2114 1349 2392 1423 Optimum
2421 1354 2545 1411 misi
2574 1355 2889 1426 Eutonium,
2925 1360 3017 1429 qui
3052 1361 3309 1432 pacificos
3333 1313 3488 1422 vobis
3512 1380 3632 1423 ser-

341 1454 698 1525 τηρίων·ὑμῖν
718 1451 1186 1523 καθηγησόμενον.
1202 1448 1498 1520 Αίδέσθητε
1519 1447 1699 1501 τοίνυν
1718 1444 1939 1518 πρῶτον

2041 1455 2238 1498 ωοηεε
2264 1443 2484 1511 referat.
2532 1444 2877 1504 Reveremini
2918 1451 3100 1521 itaque
3139 1452 3316 1521 primo
3345 1456 3627 1523 decorum,

345 1542 446 1615 μὲν
491 1543 554 1596 τὸ
594 1544 828 1613 πρέπον,
876 1542 1131 1612 δεύτερον
1161 1540 1219 1594 δὲ
1252 1539 1503 1603 ἑαυτοὺς,
1554 1537 1740 1609 τρίτον
1789 1534 1930 1608 ἐμὲ,

339 1631 433 1686 τὸν
482 1633 541 1687 ἐν
585 1626 683 1694 εἷς’
709 1631 915 1697 ἔξεστιν
954 1631 1287 1696 ἐπιτάττειν,
1328 1627 1802 1699 συμϐουλεύοντα·
1846 1625 1935 1680 τέ-

2038 1531 2240 1589 deinde
2263 1548 2361 1589 vos
2390 1533 2560 1606 ipsos,
2594 1538 2754 1594 tertio
2794 1555 2902 1606 me,
2928 1542 3020 1611 qui
3057 1543 3343 1600 consilium
3377 1545 3448 1602 do
3477 1548 3533 1603 in
3562 1548 3630 1603 iis

2035 1638 2157 1694 quae
2203 1624 2341 1682 ﬁeri'
2370 1629 2589 1697 oportet
2616 1644 2632 1695 ;
2661 1640 2861 1701 quarto
2909 1644 3060 1698 eum,
3109 1636 3200 1704 qui
3234 1644 3441 1693 tantum
3478 1639 3631 1709 pacis

340 1741 563 1798 ταρτον,
608 1724 701 1778 τὸν
748 1722 1192 1795 καταδεξάμενον
1230 1721 1488 1776 τοσοῦτον
1521 1720 1814 1790 ὑπομεῖναι
1839 1715 1931 1772 διὰ

2036 1725 2233 1774 νεειτω
2257 1720 2435 1789 gratia
2466 1718 2673 1776 laboris
2717 1721 2972 1793 sumpsit,
2997 1724 3167 1796 686
3192 1724 3455 1796 omnique
3503 1726 3630 1784 odio

339 1780 441 1888 τὴν
505 1780 779 1886 ὑμετέραν
839 1780 1064 1887 εἰρήνην
1127 1813 1394 1884 κάματον.
1442 1811 1554 1866 Καὶ
1596 1780 1779 1865 πάσαν
1826 1809 1936 1864 άπ-

2040 1808 2310 1877 deposito,
2336 1819 2580 1867 mutuam
2611 1811 2755 1869 inter
2783 1827 2888 1871 vos
2911 1780 3482 1876 servate'amiciti‘am.

342 1891 942 1983 έχθειανέξορίσαντες,
962 1910 1193 1981 ἄσμενοι
1215 1906 1313 1980 τὴν
1339 1906 1727 1981 πρὸςλέαυτοὺς
1749 1903 1936 1975 φιλίαν

342 2001 693 2058 ἀσπάσασθε.

581 2114 778 2184 Υκςθ.
813 2145 883 2160 -
908 2113 1161 2185 ΖΩΣΙΜῼ
1195 2109 1669 2181 ΠΡΕΣΒΥΤΕΡῼ.

2236 2101 2522 2163 CDXXVI.
2555 2133 2626 2147 —
2651 2105 2913 2183 ZOSIMO
2951 2108 3459 2184 PRESBYTERO,

341 2209 412 2269 In
442 2213 557 2284 ejus
600 2212 747 2280 vitia,
794 2214 884 2285 qui
930 2221 1120 2289 tentare
1148 2212 1214 2267 ab
1267 2209 1499 2266 Eusebio
1531 2218 1663 2263 esset
1710 2197 2197 2347 animalhfﬁgliu
2224 2203 2289 2257 ab
2334 2201 2584 2260 Ecclesia
2626 2208 2994 2263 communione
3037 2210 3343 2279 separandi.
3384 2209 3622 2283 (Confer.

406 2402 479 2455 Εί
521 2399 621 2455 καὶ
670 2398 947 2465 ἐνταῦθα,
978 2391 1025 2452 ὧ
1069 2395 1249 2452 πάντα
1295 2394 1471 2468 μικρὰ
1517 2393 1654 2468 πρὸς
1684 2391 1784 2464 τὴν
1833 2390 1932 2462 σὴν

338 2493 680 2564 ἀναλγησίαν
725 2490 1097 2562 φθέγξασθαι,
1122 2490 1300 2562 χῶρος
1334 2488 1634 2560 εἰσδέχεται
1656 2486 1790 2551 ,τοὺς
1829 2485 1931 2540 οὐκ

335 2586 453 2642 ἀπὸ
477 2586 588 2640 τῶν
617 2584 797 2641 αὐτῶν
824 2585 1080 2656 ἥκοντας,
1112 2582 1226 2637 ἀλλ’
1253 2584 1432 2637 ἐκεῖσε
1464 2582 1739 2655 διάκρισις
1776 2581 1930 2634 ἔσται

336 2672 598 2752 ἀκριϐής.
632 2679 833 2751 Πρὼην
881 2676 982 2749 μὲν
1019 2671 1134 2741 οὖν,
1165 2674 1332 2748 ἡνίκα
1371 2667 1550 2747 οίτῆς
1601 2672 1931 2742 Ἐκκλησίας

336 2771 628 2825 παιδευταὶ
665 2769 762 2824 καὶ
804 2770 875 2823 δι’
901 2768 1136 2841 ἀρίστην
1181 2766 1460 2821 πολιτείαν
1485 2766 1568 2837 τῷ
1607 2764 1738 2837 θείῳ
1764 2765 1932 2835 ἐλαμ-

338 2860 614 2935 πρύνοντο
648 2859 956 2931 Πνεύματι,
989 2857 1270 2913 κάνταῦθα
1296 2856 1623 2928 ἐχωρίζοντο
1641 2857 1692 2909 oi.
1717 2854 1931 2910 πταίον-

336 2967 453 3018 τες⁶
495 2952 592 3009 καὶ
621 2951 1105 3023 γνωσιμαχοῦντες
1127 2990 1145 3017 ,
1178 2949 1343 3004 πάλιν
1376 2945 1821 3020 κατηριθμοῦντο
1849 2946 1930 3009 είς

336 3046 433 3101 τὸν
479 3045 624 3117 ἱερὸν
654 3044 755 3114 τῆς
803 3041 1132 3113 Ἐκκλησίας
1185 3040 1467 3110 σύλλογον.
1513 3037 1631 3092 Νῦν
1684 3037 1743 3092 δὲ
1793 3036 1930 3108 (ἀλλ’
1957 3074 2001 3134 c

335 3139 494 3194 οὐδὲν
550 3136 814 3209 βούλομαι
877 3136 1140 3207 δυσχερὲς
1189 3134 1406 3204 εἰπεῖν)
1460 3132 1641 3185 πάντα
1704 3129 1930 3199 άναίδην

335 3230 630 3300 τολμᾶται,
671 3229 767 3282 καὶ
791 3226 968 3291 οὐδεὶς
994 3228 1022 3281 ὁ
1042 3225 1295 3292 ἐπεξιών.
1337 3221 1501 3276 Ἀλλὰ
1533 3223 1649 3285 τοῖς
1678 3219 1778 3291 μὲν
1809 3216 1932 3288 φιλ-

336 3323 558 3393 αρέτοις
590 3322 710 3375 ,εἰσὶ
750 3320 971 3392 βαρεῖς,
1004 3319 1126 3381 ,τοῖς
1162 3317 1218 3371 δὲ
1268 3314 1723 3386 φιλαμαρτήμοσι
1755 3327 1930 3382 προσ-

335 3416 512 3485 ηνεῖς.
541 3412 683 3476 Τοὺς
709 3411 811 3477 μὲν
854 3411 961 3482 γὰρ
985 3407 1371 3478 ἅποναρκῆσαι
1400 3402 1885 3476 παρασκευάζουσι
1909 3439 1925 3466 ,

332 3504 468 3567 τοὺς
494 3502 551 3557 δὲ
584 3505 666 3566 είς
706 3501 910 3556 κακίαν
947 3499 1173 3571 μείζονα
1206 3495 1656 3568 παιδοτριὼῦσιδο
1693 3490 1929 3564 μάλιστα

332 3596 471 3650 ὅταν
520 3595 615 3649 καὶ
660 3592 891 3656 πλοῦτος
948 3592 1135 3654 αὐτοῖς
1197 3588 1493 3661 περιῤῥέῃ.
1557 3585 1652 3657 Μὴ
1719 3583 1925 3649 τοίνυν,

335 3686 530 3759 ἐπειδὴ
552 3688 651 3740 καὶ
670 3685 944 3761 ,Εὐσέϐιος
984 3684 1048 3757 (ὁ
1074 3684 1176 3753 οὐκ
1205 3679 1305 3737 οἷδ’
1350 3681 1502 3743 ὅπως
1530 3696 1590 3733 σε
1616 3677 1928 3750 χειροτονή-

336 3795 475 3842 σας,
513 3779 582 3848 τῇ
616 3778 785 3848 ἀρετῇ
824 3774 1083 3844 πολέμιος
1123 3770 1448 3844 τυγχάνων)
1484 3770 1544 3824 σὲ
1580 3771 1662 3834 εἰς
1695 3767 1930 3838 ἐσχάτην

339 3867 544 3923 κακίαν
568 3866 837 3922 ἐλάσαντα
866 3865 964 3919 οὐκ
989 3862 1285 3917 ἀπελαύνει
1311 3848 1413 3917 τοῦ
1436 3859 1802 3931 πληρώματος
1829 3858 1930 3928 τῆς

347 3956 721 4028 Ἐκκλησίας,
768 3955 871 4028 ήδη
919 3954 1107 4026 νόμιζε
1155 3954 1380 4008 κάκεῖσε
1432 3950 1600 4022 μηδὲν
1645 3947 1928 4004 πείσεσθαι

328 4049 533 4106 δεινόν.
574 4046 842 4101 Τοσοῦτον
888 4046 995 4118 γὰρ
1029 4047 1282 4100 κάκεῖνον
1310 4045 1406 4098 καὶ
1441 4042 1501 4096 σέ
1545 4040 1929 4113 μετελεύσεται

336 4143 374 4214 ἡ
408 4141 556 4214 δίκη,
588 4142 711 4195 ὅσον
741 4138 977 4194 ἐνταῦθα
1010 4135 1496 4209 μακροθυμήσασα
1519 4133 1673 4188 οὐδὲν
1691 4132 1924 4204 ὤνησεν,

332 4230 476 4290 ἀλλὰ
509 4231 607 4287 καὶ
636 4228 1110 4304 νβλασφημηθῆναι
1136 4226 1202 4280 δι’
1227 4225 1373 4297 ὑμᾶς
1399 4223 1745 4290 κατεδέξατο.

614 4433 790 4489 YKZ'.
832 4462 904 4474 —
942 4429 1284 4503 ΠΑΛΛΑΔΙῼ
1320 4426 1644 4499 ΔΙΑΚΟΝῼ.

2114 2385 2229 2443 Etsi
2256 2389 2309 2445 in
2341 2389 2445 2445 hac
2469 2390 2691 2461 quidem
2734 2392 2840 2448 vita
2879 2408 3046 2465 parva
3073 2398 3254 2452 omnia
3286 2404 3341 2453 et
3363 2399 3527 2456 exilia
3559 2401 3629 2454 ad

2042 2490 2096 2538 te
2137 2482 2486 2553 passionihus
2529 2493 2807 2540 carentem
2858 2485 3048 2544 aﬂerri
3088 2489 3251 2546 locus
3292 2491 3497 2562 patitur
3534 2508 3631 2551 eos

2037 2574 2131 2644 qui
2181 2576 2249 2631 ab
2280 2575 2476 2632 iisdem
2521 2591 2627 2633 non
2662 2579 2889 2635 veniunt
2921 2581 3095 2648 locis;
3128 2583 3181 2637 in
3204 2564 3396 2639 altera
3446 2595 3628 2641 tamen

2036 2665 2223 2721 futura
2252 2676 2336 2723 est
2370 2671 2629 2724 accurata
2655 2668 2980 2740 disceptatio
3009 2682 3174 2743 atque
3193 2675 3483 2743 judicium.
3513 2675 3622 2731 Nu-

2038 2772 2139 2829 per
2160 2758 2346 2830 itaque
2372 2775 2495 2815 cum
2526 2760 2786 2817 Ecclesiae
2809 2761 3082 2831 doctores,
3106 2767 3309 2838 quique
3335 2769 3389 2825 in
3418 2770 3627 2840 Optima

2037 2849 2382 2922 gubernandi
2422 2852 2636 2908 ratione
2671 2852 3016 2923 claruerunt,
3056 2858 3242 2913 divino
3283 2850 3492 2931 Spiritu
3537 2846 3632 2918 or-

2038 2940 2152 3001 nati
2186 2950 2366 3008 erant,
2399 2950 2563 3013 atque
2590 2944 2698 3000 huc
2741 2956 3095 3004 accesserunt
3137 2965 3283 3006 nunc
3312 2963 3626 3022 peccantes,

2035 3048 2182 3089 nunc
2211 3034 2387 3089 denuo
2416 3034 2803 3105 resipiscentes
2834 3049 3264 3096 annumerantur
3291 3045 3459 3099 ctetui
3496 3059 3627 3101 san-

2035 3132 2137 3179 ctae
2174 3122 2453 3182 Ecclesize.
2494 3124 2652 3182 Nunc
2695 3142 2856 3197 vero,
2901 3143 2970 3185 ne
3011 3131 3142 3201 quid
3173 3134 3392 3203 gravius
3425 3136 3625 3205 dicam,

2034 3214 2252 3284 quidvis
2295 3215 2460 3271 audet
2499 3216 2789 3297 impudens
2830 3219 3016 3288 homo,
3062 3230 3115 3277 et
3160 3238 3321 3279 nemo
3353 3225 3628 3298 redarguit

2033 3303 2207 3373 illum,
2255 3306 2352 3362 sed
2406 3307 2611 3366 virtute
2669 3310 2917 3378 pratditis
2970 3312 3273 3368 molestiam
3317 3314 3623 3386 facessunt,

2031 3397 2387 3463 peccantibus
2421 3411 2552 3452 vero
2584 3398 2733 3456 lenes
2763 3409 2953 3456 contra
2984 3418 3049 3457 ac
3091 3404 3276 3461 blandi
3308 3417 3458 3463 sunt.
3506 3409 3621 3465 illis

2034 3487 2369 3556 torpedittem
2411 3487 2665 3554 all’erunt,
2710 3492 2810 3548 hos
2859 3494 2926 3548 ad
2961 3493 3169 3563 majora
3213 3498 3378 3553 etiam
3420 3499 3623 3570 ﬂagitia

2032 3590 2351 3648 provocant,
2394 3582 2630 3637 maxime
2683 3598 2811 3638 vero
2862 3600 2989 3640 cum
3032 3588 3279 3657 pecuniis
3321 3591 3621 3649 abundant.

2034 3666 2117 3723 Ne
2151 3669 2475 3740 igitur‘cum
2500 3673 2765 3731 Eusebius
2793 3675 2958 3732 etiam
2993 3677 3108 3748 (qui
3141 3682 3327 3737 nescio
3352 3686 3625 3752 quomodo

2037 3759 2168 3812 tein
2205 3760 2545 3818 sacerdotem
2584 3764 2886 3820 ordinando
2919 3768 3139 3824 virtutis
3173 3772 3347 3829 hostis
3388 3773 3620 3831 eil‘ectus

2032 3852 2137 3921 est)
2172 3862 2223 3908 te
2255 3852 2324 3908 ad
2352 3862 2659 3910 extremum
2692 3860 2947 3929 nequitiae
2984 3864 3294 3922 tendentem
3339 3866 3407 3922 ab
3432 3864 3624 3924 Eccle-

2035 3943 2132 3998 sia:
2172 3958 2279 3998 non
2328 3945 2538 4013 repellit
2578 3946 2934 4018 plenitudine,
2972 3951 3087 4021 jam
3112 3963 3277 4024 putes
3325 3960 3491 4015 etiam
3545 3960 3622 4018 ibi

2035 4043 2085 4090 te
2111 4051 2278 4106 grave
2320 4035 2454 4092 nihil
2508 4052 2818 4109 passurum.
2871 4043 3046 4101 Tanto
3098 4048 3318 4117 gravius
3371 4053 3514 4107 enim
3571 4064 3624 4110 te

2031 4135 2193 4195 atque
2235 4126 2409 4195 ipsum
2445 4139 2627 4186 manet
2656 4144 2837 4200 penna,
2881 4144 3143 4203 quantum
3194 4139 3284 4195 hic
3331 4142 3466 4197 nihil
3499 4142 3621 4199 diu-

2036 4218 2141 4274 tius
2167 4217 2330 4305 dilata
2361 4218 2587 4288 profuit,
2630 4221 2765 4291 quin
2806 4230 2861 4278 et
2894 4237 2926 4277 a
2969 4225 3122 4282 vobis
3151 4227 3504 4299 blasphemiis
3532 4243 3621 4292 est

2032 4322 2281 4382 excepta.
3504 4326 3509 4329 ‘

2249 4424 2556 4485 CDXXVII.
2586 4457 2658 4471 —-
2684 4427 3027 4486 PALLADIO
3074 4430 3402 4491 DIACONO.

1584 4520 1843 4576 Laborem
1874 4519 2022 4590 quies
2071 4521 2376 4577 comitatur.

403 4646 516 4703 Τὸν
551 4644 743 4717 ὥσπερ
789 4645 857 4698 σὺ
902 4645 1167 4712 ἄγευστον
1206 4641 1314 4695 τῶν
1365 4640 1565 4704 πδνων,
1615 4638 1674 4692 οὐ
1716 4636 1925 4690 δίκαιον

332 4741 518 4812 λέγειν
551 4739 871 4809 ἀναπαύλης
898 4736 1129 4792 δεῖσθαι.
1168 4734 1409 4805 Δευτέρα
1451 4733 1559 4804 γὰρ
1597 4730 1705 4785 τῶν
1744 4733 1925 4784 πόνων

332 4832 712 4904 ἠάνάπαυλα*
758 4832 930 4902 χωρὶς
972 4830 1029 4883 δὲ
1074 4828 1323 4890 ἐκείνων,
1368 4825 1548 4899 τρυφὴ
1589 4824 1815 4886 δικαίως
1858 4822 1925 4876 ἂν

332 4925 574 4980 καλοῖτο.
603 4925 742 4988 Τοὺς
781 4922 1007 4994 μὲνγὰρ
1036 4922 1215 4976 πόνων
1244 4920 1513 4991 λήγοντας
1546 4915 1924 4972 ἁναπαὺεσθαι

332 5016 478 5089 χρή·
518 5015 647 5079 τοὺς
672 5015 715 5068 δ’
744 5015 882 5078 ὅλως
907 5011 1289 5084 ἀφεστηκότας
1314 5010 1407 5064 τοῦ
1440 5011 1645 5081 πονεῖν,
1678 5007 1925 5071 ἀσώτους

330 5107 567 5179 κλητέον
601 5108 696 5161 καὶ
718 5105 942 5180 ἀργούς.
979 5105 1146 5157 Ὥστε
1172 5101 1280 5166 ἕως
1299 5100 1365 5156 ἂν
1401 5102 1466 5155 σὺ
1493 5100 1567 5172 μὴ
1590 5097 1927 5170 παραδέξαιο

329 5199 464 5264 τοὺς
523 5197 788 5268 ἱδρῶτας,
830 5196 1097 5267 ἀφεκτέον
1140 5195 1237 5248 καὶ
1279 5192 1374 5248 τοῦ
1418 5193 1519 5264 τῆς
1564 5190 1926 5254 ἀναπαύσεως

330 5290 621 5364 ὀνόματος.
1280 5280 1283 5289 ’

539 5402 725 5460 ΥΚΗ¹.
765 5431 835 5442 -
872 5389 1172 5470 ΔῩΣΟΝῘῼ
1205 5396 1678 5452 ΚΟΡΡΗΚΤΩΡῙ.

2100 4637 2331 4696 Laboris
2376 4649 2679 4713 expertem,
2731 4651 2934 4713 tuoque
2988 4645 3233 4715 exemplo
3281 4656 3611 4715 cessantem,

2030 4730 2215 4800 quiete
2267 4732 2552 4803 indigere,
2615 4724 2837 4790 minime
2900 4739 3380 4805 pronuntiandum.
3450 4740 3618 4808 Quies

2030 4824 2175 4880 enim
2207 4825 2465 4894 laborem,
2485 4842 2591 4882 non
2618 4828 2815 4894 otium,
2844 4831 3123 4898 sequitur:
3145 4830 3264 4885 sine
3293 4848 3399 4902 quo
3430 4834 3616 4892 labore

2031 4914 2257 4970 delicias
2283 4916 2465 4983 potius
2509 4917 2680 4972 otium
2723 4919 3102 4989 appellaveris.
3143 4922 3305 4978 Decet
3336 4925 3478 4980 enim
3522 4929 3617 4997 qui

2030 5005 2277 5062 laborare
2309 5007 2586 5076 desinunt,
2630 5012 2936 5080 quiescere.
2987 5014 3089 5081 Qui
3122 5030 3250 5070 vero
3297 5018 3408 5073 otio
3439 5019 3616 5074 indul-

2029 5106 2177 5169 gent,
2201 5100 2479 5177 _temporis
2516 5102 2774 5174 prodigos
2817 5115 2889 5160 et.
2921 5106 3150 5176 ignavos
3186 5110 3379 5164 merito
3405 5124 3615 5166 nuncu—
3658 5174 3665 5177 ‘

2032 5203 2147 5259 pes.
2181 5168 2554 5257 Quamobrem
2605 5195 2699 5248 tibi
2743 5196 2932 5265 etiam,
2980 5198 3107 5253 dum
3153 5202 3351 5255 sudare
3393 5216 3614 5257 recusas

2031 5289 2195 5350 atque
2225 5281 2520 5350 detrectas,
2554 5299 2584 5339 a
2617 5286 2822 5355 quietis
2851 5297 2935 5343 est
2961 5290 3177 5345 nomine
3205 5290 3610 5348 abstinendum.

2173 5392 2502 5451 CDXXV‘III.
2536 5426 2607 5436 —
2636 5397 2941 5458 AUSONIO
2997 5398 3464 5457 CORRECTORI.

1230 5494 1616 5565 Ignoscendum
1642 5490 1870 5546 aliorum
1898 5490 2128 5546 delictis.
2160 5489 2344 5561 (Supr.
2374 5493 2530 5562 epist.
2570 5494 2722 5567 416.)

406 5618 472 5675 Οῑ
503 5618 604 5690 μὲν
644 5617 800 5692 νόμοι
842 5615 935 5669 τὸν
983 5613 1064 5676 εις
1098 5610 1159 5666 σὲ
1184 5610 1605 5683 ’παροινήσαντα
1633 5606 1919 5662 συλλαϐόν-

330 5728 431 5780 “;
457 5711 829 5783 παρέπεμψαν
859 5707 963 5764 ὑπὸ
986 5707 1084 5773 τὰς
1114 5706 1213 5769 σὰς
1237 5707 1427 5775 χεῖρας
1447 5705 1605 5776 δίκην
1636 5701 1922 5774 ὑφέξοντω

657 5806 925 5872 ΡΑτιιοι..
969 5804 1085 5866 GR.
1131 5801 1442 5864 LXXVIII.

2098 5602 2271 5678 Leges
2302 5621 2426 5662 eum
2462 5609 2553 5680 qui
2587 5618 2638 5665 te
2661 5608 3114 5686 probristaﬂ'ecit,
3143 5607 3245 5664 sub
3276 5623 3466 5664 manus
3490 5617 3612 5665 tuas
3674 5642 3689 5672 ι

2028 5699 2365 5757 deduxerunt
2410 5714 2602 5770 poenas
2642 5702 2915 5757 tla'urum.
2959 5701 3027 5756 At
3075 5709 3130 5753 tu
3163 5702 3245 5768 (es
3274 5700 3419 5756 enim
3459 5699 3610 5758 omni

3100 5794 3174 5856 50
