4070 6386
469 289 602 354 3579
1637 277 1700 336 S.
1744 275 1845 336 ISI
1855 272 2038 334 DOBI
2073 267 2514 331 PELUSIO'UE
3589 265 3704 333 ipso

475 399 676 472 injuria
713 405 876 466 alque
923 391 1170 448 cont-icio
1215 387 1484 458 superior,
1516 397 1800 456 prepterea
1831 391 1883 436 et
1913 379 2047 452 legi-
2081 434 2082 439 η

2096 387 2124 440 ι
2158 377 2219 430 σὺ
2255 377 2312 430 δὲ
2349 375 2661 447 (κρείττων
2692 373 2800 446 γὰρ
2832 368 2882 424 εἷ
2930 371 3026 425 καὶ
3055 367 3269 438 ὕϐρεως
3306 370 3392 422 καὶ
3431 372 3668 444 λοιδορίας
3689 421 3703 445 ,

469 460 602 546 timo
647 460 878 559 imperio
925 481 1190 538 miscuisti
1231 475 1653 549 philosophiam)
1689 475 1864 546 ipsum
1915 489 2052 526 non.

2163 467 2244 520 διὸ
2271 468 2366 522 καὶ
2391 467 2713 538 φιλοσοφίαν
2735 466 2802 536 τῇ
2828 462 3048 534 νομίμῳ
3077 460 3221 532 ἀρχῇ
3251 460 3532 535 ὲκέρασας)
3558 469 3707 538 μικρᾶ

468 583 604 638 nihil
639 551 982 636 atlmonendo
1011 574 1166 630 venia
1192 573 1445 642 dignatus
1481 569 1761 626 meliorem
1795 567 2050 623 reddide-

2158 559 2490 630 νουθετήσας
2517 557 2727 621 τοῦτον,
2793 555 2872 627 τῷ
2926 551 3259 623 συγγνώμης
3301 551 3514 618 ἀξιῶσαι
3541 555 3711 627 βελτίω

471 677 568 732 ris.
626 671 830 728 Punire
869 670 1050 725 cuivis
1088 641 1395 736 promptum
1442 674 1525 719 est
1566 681 1581 718 :
1615 661 1826 718 veniam
1875 668 2058 714 autem

2159 648 2527 721 κατάστησον·
2551 649 2612 702 τδ
2648 647 2746 718 μὲν
2769 646 2877 717 γὰρ
2913 643 3142 698 κολάσαι
3165 641 3480 714 προχείρως,
3502 645 3589 700 καὶ
3612 645 3709 736 τών

475 768 603 821 dare
635 773 800 833 atque
831 729 1112 831 ignoscere
1145 756 1219 812 lui
1239 729 1507 811 similium
1539 761 1644 809 est.

2163 738 2434 808 τυχόντων
2478 738 2614 792 ἐστί’
2651 739 2713 792 τὸ
2745 736 2803 790 δὲ
2851 731 3185 804 συγγνώμην
3225 733 3422 803 νεῖμαι,
3463 731 3584 800 τῶν,
3615 729 3713 801 οἷος

2169 829 2331 894 αὐτὸς
2357 831 2672 902 τυγχάνεις.

834 945 1002 1019 337
1033 939 1318 1000 coxxnx.
1349 970 1420 985 —
1451 937 1701 997 ESAUE.

1632 937 1701 994 Ε.
2701 939 2880 996 mea
2908 969 2974 982 --
3010 937 3239 1010 Hasta.

1011 1040 1192 1096 Mouet
1221 1049 1280 1095 ut
1306 1056 1337 1094 a
1359 1039 1610 1108 peccatis,
1641 1053 1865 1108 quorum
1904 1039 2106 1096 veniam
2132 1053 2252 1098 ante
2297 1055 2484 1098 nactus
2511 1042 2708 1111 fuerat,
2741 1038 2951 1094 tandem
2977 1039 3217 1094 desistat.

477 1137 484 1144 ’
545 1151 762 1210 Videris
787 1149 900 1221 jam
945 1150 1196 1213 edoctus,
1239 1147 1382 1218 quod
1425 1146 1636 1202 veniam
1669 1145 1930 1202 continuo
1966 1147 2066 1203 de-

2243 1153 2467 1224 ’Έοικας
2535 1153 2597 1204 ὲκ
2656 1147 2750 1204 τοῦ
2810 1147 3050 1219 συνεχῶς
3118 1147 3448 1222 συγγνώμης
3520 1147 3600 1219 ἐφ’
3659 1144 3729 1214 οἷς

475 1246 728 1302 lictorum
775 1243 850 1300 sis
905 1249 1136 1307 nactus,
1184 1241 1347 1296 venia
1401 1240 1568 1295 etiam
1615 1239 1836 1311 indigna
1890 1240 2068 1296 adhuc

2175 1245 2391 1310 πταίοις
2431 1245 2746 1314 τυγχάνειν,
2801 1242 2896 1296 καὶ
2935 1243 3015 1304 είς
3049 1245 3112 1294 τὸ
3162 1241 3492 1314 συγγνώμης
3531 1240 3733 1313 μείζονα

477 1336 838 1394 committere.
875 1334 1058 1404 Quare
1093 1333 1465 1402 temperantia:
1510 1331 1667 1388 freno
1705 1347 1834 1388 usus
1869 1343 1922 1388 te
1953 1331 2072 1403 ipse

2179 1338 2524 1411 ἁμαρτάνειν
2584 1333 3140 1410 πεπαιδοτριϐῆσθαι.
3195 1332 3286 1404 Τῴ
3334 1332 3533 1404 χαλινῷ
3573 1335 3735 1386 τοίνυν

381 1429 395 1498 ξ
479 1429 756 1495 cohibete,
793 1443 862 1484 ne
910 1429 964 1484 in
997 1441 1238 1498 praeceps
1275 1440 1423 1490 ruas,
1456 1433 1511 1480 et
1553 1425 1854 1482 remedium
1899 1439 1988 1478 ver

2174 1433 2274 1504 τῆς
2303 1431 2634 1504 ἐγκρατείας
2662 1429 3030 1502 χρησάμενος,
3053 1427 3331 1499 ἀνείργειν
3365 1425 3556 1480 σαυτὸν
3582 1425 3736 1497 πειρῶ

381 1521 390 1584 ’,
479 1520 670 1577 inutile
701 1520 924 1585 eiﬁcias,
965 1536 1032 1576 ne
1063 1529 1122 1574 ut
1151 1519 1336 1576 dolore
1364 1535 1594 1574 vacuum
1639 1519 1988 1590 inscientemq

2176 1524 2274 1578 τοῦ
2301 1524 2441 1578 κατὰ
2473 1525 2735 1598 κρημνῶν
2763 1524 3030 1596 φέρεσθαι
3051 1541 3066 1556 ·
3090 1525 3186 1579 καὶ
3213 1523 3278 1576 τὸ
3303 1523 3402 1594 τῆς
3423 1520 3735 1592 συγγνώμης

478 1629 606 1673 mox
635 1615 816 1672 divina
847 1612 1098 1669 Numinis
1124 1613 1551 1683 comprehendat
1583 1612 1845 1668 vindicta.

2180 1617 2474 1689 φάρμακον
2536 1617 2610 1690 μὴ
2675 1618 2898 1690 ἀχρεῖον
2963 1612 3351 1680 κατασκεύαζε
3379 1655 3393 1680 ,
3433 1613 3520 1668 ίνα
3569 1611 3639 1684 μὴ
3677 1611 3742 1678 ὡς

2181 1707 2478 1781 ἀγνώμονα
2508 1725 2568 1762 σε
2614 1711 2710 1764 καὶ
2743 1709 3054 1782 ᾲνάλγητον
3091 1711 3124 1780 ἠ
3150 1707 3275 1764 θεία
3300 1705 3486 1761 λοιπὸν
3519 1703 3746 1778 μετέλθοι

2179 1803 2326 1876 δίκη.

661 1913 925 1980 CDXXX.
969 1944 1041 1958 —-
1070 1911 1371 1972 OPHELIO
1408 1909 1892 1967 GRAMMATICO.
2097 1901 2138 1957 Β

1888 1951 1892 1964 .
2097 1901 2138 1957 Β
2468 1917 2593 1972 ΥΛ’.
2629 1945 2698 1956 -
2732 1914 2980 1987 nosam
3009 1909 3495 1984 ΓΡΑΜΜΔἸἸΚῼ.

1243 2008 1392 2067 Scire
1416 2018 1490 2065 est
1525 2025 1634 2064 rem
1667 2024 1758 2079 per
1791 2024 1984 2064 causas
2015 2024 2344 2082 cognoscere.
2377 2015 2622 2084 (Aristot.
2661 2015 2716 2068 in
2748 2011 2992 2084 Anaiyt.)

559 2129 792 2188 Maxima
819 2128 902 2184 vis
944 2137 1024 2184 est
1047 2125 1347 2194 scribendi,
1384 2124 1822 2196 eruditionisqne
1865 2123 2078 2180 retiola-

2259 2127 2541 2198 Μεγίστης
2571 2124 2688 2179 ἐστὶ
2711 2123 3041 2196 συγγραφῆς
3067 2122 3161 2176 καὶ
3198 2117 3756 2192 διδασκαλίαςὰρετὴ,

491 2221 600 2293 gia,
624 2234 719 2275 seu
745 2233 927 2274 causae
959 2217 1190 2274 redditio
1245 2233 1309 2273 ac
1338 2215 1753 2273 demonstratio.
1794 2214 1906 2270 Nec
1935 2214 2080 2271 enim

2190 2219 2492 2287 αίτιολογία
2537 2219 2631 2272 καὶ
2666 2215 2964 2282 ἀπόδειξις.
3018 2215 3095 2270 Οὐ
3129 2213 3240 2286 γὰρ
3298 2214 3563 2286 προσήκει
3613 2212 3759 2284 μόνον

491 2312 786 2368 ostendere
814 2311 950 2367 satis
977 2319 1082 2376 est,
1119 2311 1264 2380 quod
1311 2323 1398 2364 res
1431 2309 1522 2374 sit,
1568 2309 1662 2363 sed
1693 2317 1748 2362 et
1781 2321 1952 2378 quare
1987 2307 2080 2371 sit,

2189 2311 2662 2385 διῖσχυρίζεσθαι,
2716 2311 2800 2364 ὅτι
2834 2309 2956 2364 τόδε
3007 2309 3066 2362 ὃν
3113 2309 3226 2375 (55)
3282 2311 3469 2373 ἐστιν,
3519 2304 3649 2360 ἀλλὰ
3682 2303 3764 2360 καὶ

493 2407 539 2464 si
576 2406 692 2462 ﬁeri
733 2405 926 2477 possit,
977 2414 1062 2461 est
1088 2397 1598 2461 demonstrandum.
1636 2402 1730 2458 Εηι
1776 2403 1921 2459 enim
1955 2417 2084 2458 vere

2202 2403 2339 2458 διότι
2378 2403 2552 2469 ἐστὶν,
2599 2405 2648 2456 εί
2696 2396 2806 2456 οἷόν
2851 2417 2933 2470 τε,
2990 2399 3402 2456 ἀποδεικνύναι.
3454 2397 3621 2452 Τοῦτο
3667 2395 3764 2466 γάρ

494 2499 657 2568 scire,
689 2513 802 2554 rem
831 2512 930 2570 per
960 2513 1160 2554 causas
1191 2511 1544 2569 cognoscere.

2189 2497 2340 2550 ἐστιν
2371 2493 2592 2566 ἀληθῶς
2629 2493 2852 2561 είδέναι,
2883 2493 2949 2548 τδ
2981 2491 3123 2565 μετὰ
3169 2491 3358 2555 αἰτίας
3383 2489 3603 2544 εἰδέναι.

919 2618 1208 2690 Coxxxr.
1239 2661 1314 2673 —
1357 2627 1652 2687 sesamo.

2673 2627 2848 2683 ΥΛΑ’.
2882 2656 2954 2669 -
2988 2627 3291 2698 ΣΕΡΗΝῼ.

1411 2720 1607 2776 Rerum
1648 2721 1924 2775 metuenda
1955 2719 2284 2775 vicissitudo.
2309 2719 2337 2792 _(
2354 2716 2482 2774 Vide
2511 2721 2666 2790 epist.
2716 2719 2867 2790 495.)

566 2837 714 2898 Cave
742 2845 901 2910 putes
931 2851 1096 2908 supra
1127 2846 1398 2902 naturam,
1430 2845 1703 2906 extraque
1735 2836 2092 2892 mediocrita-

2270 2837 2364 2910 Μὴ
2392 2837 2540 2910 πέρα
2569 2837 2683 2909 (54)
2717 2837 2818 2910 τῆς
2869 2837 3119 2907 φύσεως,
3149 2835 3274 2908 μηδ’
3305 2835 3415 2900 ἔξω
3443 2833 3538 2889 τοῦ
3567 2829 3773 2905 μετρῖου

501 2933 574 2989 tis
627 2931 892 2987 terminos
938 2931 1104 2985 rebus
1145 2927 1404 2985 secundis
1443 2929 1630 2984 animo
1671 2927 2092 2998 indulgendum,

2196 2931 2564 3001 ἐμφορεῖσθαι
2598 2931 2697 3001 τῆς
2742 2930 3046 3002 εὐημερίας
3092 2927 3294 2995 ἁξξου·
3333 2927 3475 2982 ἀλλὰ
3515 2921 3774 2995 πανταχοῦ

499 3025 595 3081 sed
648 3025 848 3095 ubique
898 3023 1193 3078 humanam
1242 3022 1457 3076 intuere
1501 3029 1728 3086 sortem,
1759 3019 2096 3076 vicissitudi-

2202 3024 2263 3078 τὸ
2291 3022 2636 3095 ἀνθρώπινον
2673 3023 2890 3088 σκόπει,
2919 3024 3014 3076 καὶ¹
3045 3022 3182 3094 πρὸς
3214 3021 3321 3088 τὰς
3343 3019 3777 3094 μεταϐσλὰςὸρα,

503 3126 741 3183 nemque
764 3111 1042 3182 conspice,
1073 3125 1193 3182 quae
1221 3125 1329 3166 uno
1373 3125 1518 3182 saepe
1557 3111 1644 3166 die
1675 3125 1764 3166 res
1795 3111 1847 3166 in
1877 3121 2097 3167 contra-

2203 3116 2303 3180 τὰς
2325 3117 2382 3170 ὲν
2419 3115 2520 3187 μιᾷ
2549 3114 2812 3180 πολλάκις
2846 3114 3032 3188 ἡμέρᾳ⁵
3061 3114 3199 3186 πρὸς
3223 3113 3497 3171 τάναντία
3529 3111 3598 3166 τὰ
3621 3109 3781 3180 πράγ-

506 3208 646 3260 rium
686 3213 902 3261 vertere
933 3212 1132 3274 potest.
1187 3202 1278 3260 Sic
1309 3203 1454 3259 enim
1495 3213 1653 3259 extra
1693 3203 1870 3259 aleam
1899 3202 2010 3258 eris
2041 3211 2098 3258 et

2205 3225 2352 3281 ματα
2409 3209 2894 3280 μεταστοιχειῶσαι
2937 3207 3271 3280 δυναμένας.
3313 3207 3508 3270 Οὕτως
3541 3205 3648 3276 γὰρ
3695 3199 3781 3256 καὶ

506 3299 756 3353 t'ortunas
797 3305 922 3352 tuas
954 3298 1007 3352 in
1041 3303 1162 3353 tuto
1187 3297 1504 3354 collocabis.
1542 3297 1600 3352 Si
1633 3311 1740 3367 qua
1769 3296 1920 3353 enim
1965 3310 2095 3367 per-

2201 3301 2486 3365 ἀσπαστὺς
2511 3301 2633 3372 ἔσῃ,
2663 3301 2760 3354 καὶ
2794 3299 2894 3372 τὴν
2928 3299 3240 3372 εὐπραγίαν
3275 3299 3513 3372 βεϐαίαν
3537 3296 3694 3362 ἕξεις.
3719 3292 3776 3346 Εί

514 3389 740 3446 mutatio
771 3389 1004 3457 accidet,
1031 3389 1166 3444 nihil
1206 3389 1424 3445 eveniet
1455 3389 1548 3444 tibi
1583 3401 1769 3469 grave,
1793 3389 1945 3460 quasi
1978 3390 2098 3444 the-

2201 3393 2260 3448 δὲ
2304 3393 2401 3448 καὶ
2449 3393 2694 3466 συμϐαίη
2739 3391 3014 3465 μεταϐολὴ
3039 3431 3052 3457 ,
3087 3393 3246 3446 οὐδὲν
3278 3391 3559 3464 ἀργαλέον
3597 3386 3784 3458 πείσῃ,

507 3494 698 3537 sauros
727 3491 906 3538 mente
937 3479 1252 3538 recondenti
1303 3481 1632 3536 conditionis
1667 3481 1937 3537 humanas.

2207 3482 2303 3539 ἆτε
2347 3483 2800 3555 προαποθέμενος
2853 3482 3038 3554 σαυτῷ
3061 3484 3163 3556 τῆς
3221 3479 3651 3554 φιλανθρωπίας
3675 3476 3789 3537 τοὺς

2209 3575 2542 3647 θησαυρούς.

759 3685 1068 3745 CDXXXII.
1109 3718 1181 3730 —-
1209 3684 1486 3744 SERENO
1526 3685 1850 3744 DIACONO.

2535 3690 2710 3745 ΥΛΒν.
2733 3719 2798 3731 —-
2831 3687 3108 3760 ΣΕΡΗΝῼ
3145 3689 3488 3761 ΔΙΑΚΟΝῼ.

1561 3781 1798 3838 Iustitia:
1824 3798 1936 3838 esse
1976 3785 2268 3859 proprium.
2301 3791 2498 3841 sceicra
2527 3787 2736 3855 punire.

584 3895 804 3955 Iustitia
831 3895 1052 3966 injustis
1073 3894 1274 3964 justam
1303 3897 1511 3966 irrogat
1539 3909 1780 3967 ptenam,
1812 3895 2102 3966 redditque

2283 3903 2411 3968 Τοῖς
2437 3903 2647 3967 ἀδίκοις
2675 3905 2710 3974 ἡ
2753 3902 2878 3972 δίκη
2911 3901 3181 3973 χρεωστεῖ
3221 3898 3328 3972 τὴν
3384 3895 3608 3953 δικαίαν
3636 3909 3794 3964 τιμω-

513 3991 764 4056 omnino,
819 3989 924 4045 nisi
969 3987 1168 4056 iniusta
1207 3986 1560 4056 ilatjustitia,
1594 3997 1790 4043 cuncta
1819 3987 1966 4059 juste
2006 3988 2104 4043 ad-

2219 3993 2362 4066 ρίαν,
2399 3994 2496 4049 καὶ
2525 3994 2746 4058 πάντως
2772 3992 3067 4060 ἀποδώσει,
3097 3993 3256 4066 είπερ
3285 3991 3367 4064 μὴ
3407 3989 3598 4063 μέλλοι
3629 3987 3797 4048 ἄδικος

518 4083 858 4146 ministrans,
907 4091 963 4136 et
987 4080 1216 4150 justltize
1262 4094 1479 4135 omnem
1513 4077 1777 4136 adhibens
1812 4079 2104 4150 providen-

2213 4082 2355 4140 εἶναι
2399 4089 2432 4156 ἡ
2463 4086 2587 4158 δίκη
2613 4127 2628 4153 ,
2659 4088 2693 4158 ἡ
2728 4085 2908 4140 πάντα
2957 4085 3183 4148 δικαίως
3213 4083 3492 4138 διέπουσα
3521 4121 3538 4146 ,
3579 4079 3673 4136 καὶ
3713 4076 3799 4146 τῆς

519 4179 669 4231 tiam.
2213 4175 2564 4249 δικαιοσύνης
2588 4177 2792 4249 πολλὴν
2828 4177 3128 4249 ποιουμένη
3163 4177 3457 4248 πρόνοιαν.

516 4287 850 4348 CDXXXIII.
903 4297 974 4328 —’—
1033 4285 1452 4414 DIDnglBl-llj'lé
1513 4285 1774 4343 HERONI
1851 4285 2108 4344 SACER-

2224 4287 2386 4344 ΥΛΡ.
2433 4317 2504 4332 --
2540 4291 2800 4363 ΔῙΔΥΜῼ
2846 4288 2966 4345 ΚΑΙ
3008 4291 3224 4344 ΗΡΩΝΙ
3255 4279 3799 4345 ΠΡΕΣΒΥΤΕΡΟΙΣ.

905 4473 925 4508 ι
965 4453 1070 4523 Qui
1097 4452 1234 4509 male
1257 4456 1367 4525 agit
1393 4455 1503 4509 odit
1539 4433 1730 4512 lucem.
1767 4473 1786 4506 ι
1825 4453 2009 4526 (Joau.
2037 4470 2117 4521 ιιι,
2147 4453 2264 4530 20.)
2299 4454 2424 4512 Non
2449 4456 2641 4511 mirum
2672 4475 2703 4511 a
2736 4457 2891 4512 malis
2920 4457 3212 4528 Oppugnari
3236 4458 3433 4514 bonos.

591 4591 732 4662 Quid
777 4590 974 4646 mirum
1025 4589 1070 4644 si
1107 4588 1339 4660 improbi
1391 4588 1565 4644 bonos
1603 4589 1958 4660 oppugnent?
2001 4589 2114 4646 lmo

2291 4592 2366 4647 Οὐ
2389 4592 2496 4666 χρὴ
2525 4591 2848 4663 θαυμάζειν,
2879 4595 2929 4647 εί
2965 4594 3016 4647 oi
3048 4593 3277 4666 πονηροὶ
3303 4595 3430 4659 τοῖς
3470 4591 3701 4662 ἀγαθοῖς
3729 4590 3809 4641 ἐκ·

521 4685 564 4739 si
611 4697 770 4740 secus
803 4682 980 4750 ﬂeret,
1031 4680 1104 4736 sit
1141 4681 1543 4736 admirandum.
1589 4677 1705 4735 Etsi
1737 4681 1880 4736 enim
1919 4681 2113 4736 absur-

2223 4685 2669 4757 πεπολέμωνται.
2719 4703 2739 4739 ‹
2787 4685 3114 4740 Τοὺναντίον
3163 4685 3274 4756 γὰρ
3330 4685 3454 4758 (⁵55)
3509 4681 3580 4756 ἦν
3614 4682 3809 4751 θαυμα-

523 4776 647 4828 dnm
680 4773 836 4829 valde
866 4773 1138 4840 videatur,
1187 4782 1244 4827 et
1289 4787 1467 4842 neque
1517 4773 1682 4828 verbo
1711 4773 2113 4844 explicandum,

2225 4775 2374 4843 στὸν,
2408 4779 2458 4830 εί
2494 4776 2570 4848 μὴ
2600 4775 2774 4841 οὕτως
2796 4770 2941 4849 εἶχον
2961 4794 2976 4808 ο
3004 4779 3053 4832 εί
3083 4778 3190 4849 γὰρ
3220 4777 3316 4830 καὶ
3343 4777 3476 4832 λίαν
3506 4777 3708 4832 ἄτοπον
3732 4771 3809 4824 δο-

525 4877 624 4918 nec
667 4878 728 4918 re
773 4863 888 4929 ipsa
929 4865 1268 4920 tolerandum
1323 4863 1508 4932 fuerit,
1557 4865 1779 4919 omnino
1815 4875 1995 4920 tamen
2047 4880 2113 4921 ex

2219 4871 2326 4933 κεῖ,
2355 4869 2450 4924 καλ.
2491 4868 2614 4923 οὔτε
2659 4869 2804 4940 λόγῳ
2833 4868 3018 4940 ῥητὸν,
3064 4868 3186 4922 οὗτε
3219 4867 3378 4942 ἔργῳ
3422 4867 3672 4942 φορητόν
3702 4867 3809 4918 ἐστι

527 4953 738 5008 ratione
765 4952 844 5009 ﬁt.
877 4954 1140 5010 Tenebrae
1183 4956 1328 5010 enim
1359 4954 1466 5012 luci
1498 4967 1820 5026 repugnant,
1864 4967 1918 5012 et
1947 4958 2113 5012 Ialm-

2219 4959 2396 5026 τοῦτο,
2430 4959 2546 5014 ἀλλ’
2587 4961 2737 5032 ὅμως
2781 4959 2926 5014 κατὰ
2959 4960 3115 5029 λόγον
3161 4961 3400 5030 γίνεται.
3450 4956 3812 5023 Ἐναντιοῦεαι

531 5059 653 5112 nes,
687 5043 940 5100 lucernas
968 5059 1132 5102 noctu
1169 5049 1602 5118 esstinguentes,
1627 5049 1692 5102 ad
1736 5049 2022 5106 furandum
2055 5066 2113 5106 se

2223 5052 2332 5124 γὰρ
2383 5053 2444 5108 τὸ
2503 5053 2694 5117 σκότος
2760 5052 2900 5122 φωτί
2929 5069 2942 5082 ·
3001 5053 3095 5108 καὶ
3139 5053 3344 5126 λῃσταὶ
3403 5055 3542 5119 τοὺς
3603 5054 3813 5124 λύχνους

527 5139 838 5209 accingunt,
863 5138 966 5191 rati
1004 5153 1156 5194 snam
1187 5141 1356 5195 vitam
1389 5141 1590 5196 lumine
1621 5141 1872 5212 redargui
1903 5158 2116 5214 :quare

2225 5145 2543 5210 σϐεννύντες
2577 5145 2672 5199 ἐπὶ
2695 5145 2756 5199 τὸ
2783 5143 3066 5217 λῃστεύειν
3088 5146 3702 5219 τρέπονται.Ἔλεγχον
3724 5143 3817 5212 γὰρ

527 5229 582 5285 id
619 5229 810 5286 tollere
837 5231 1060 5286 omnino
1091 5240 1362 5303 satagunt.

2225 5237 2520 5309 ἡγούμενοι
2550 5237 2644 5291 τοῦ
2676 5237 2828 5307 σφῶν
2855 5237 2974 5310 βίου
3000 5239 3093 5294 τὸν
3124 5239 3361 5294 ἐκείνων
3393 5242 3634 5312 τρόπον,
3669 5241 3816 5291 ἐκπο-

2225 5329 2332 5383 δὼν
2374 5329 2538 5384 αὑτὸν
2578 5330 2807 5402 ποιῆσαι
2835 5331 3350 5403 πραγματεύονται.

1601 5485 1840 5543 γΑιιιΛι
1873 5485 2264 5544 LECTIONES
2304 5486 2394 5544 ET
2436 5486 2677 5544 NOTAE.

610 5646 725 5724 (ἒξ)
743 5647 847 5724 Ero
862 5648 923 5703 τὺ
940 5649 996 5702 δὲ
1019 5647 1079 5702 ὃν
1111 5647 1272 5724 ambo
1297 5645 1454 5705 codd.
1483 5647 1729 5706 scribunt
1763 5650 1824 5704 τὸ
1845 5649 1980 5707 δέον.
2005 5649 2217 5708 Possm.

2208 5692 2222 5706 .
2305 5649 2435 5724 (35L
2452 5649 2598 5704 lnter
2625 5651 2733 5724 γᾴρ
2769 5659 2822 5706 ct
2867 5645 2934 5724 ἦν
2975 5651 3134 5724 iidem
3178 5650 3298 5724 cod.
3339 5652 3610 5712 inserunt
3642 5653 3725 5714 ἂν.
3759 5654 3806 5706 ει

611 5717 722 5785 (δέ)
753 5717 954 5789 Iidem;
979 5719 1150 5790 παρά.
1180 5716 1255 5774 lo.
1325 5761 1328 5764 .

2231 5716 2371 5776 vers.
2405 5720 2459 5788 ὅ,
2494 5735 2588 5792 pro
2625 5716 2770 5792 εἷχον
2809 5716 3050 5798 scribunt
3081 5723 3241 5796 ἔχειν.
3273 5721 3353 5779 lo.
