4070 6400
339 355 472 423 Mill

842 466 1012 521 TAA'.
1050 495 1123 506 —
1169 463 1395 518 ΘΕΩΝΙ.

1175 354 1708 416 EPISTOLARUM
1743 354 1890 414 LIB.
1930 355 1996 415 V.
2034 377 2103 390 ν·-
2141 354 2378 416 EPIST.
2404 356 2770 420 CDXXXIX.
3468 357 3605 425 1582

1943 477 1990 532 Α

2430 463 2764 520 CDXXXIV.
2797 491 2868 504 —
2902 459 3180 518 THEONI.

1715 579 2026 651 Παράδοξον
2067 581 2214 649 quid.

408 693 717 765 Παράδοξόν
747 682 919 758 ἐστιν,
970 689 1015 749 ὦ
1051 694 1294 766 βέλτιστε
1324 736 1338 758 ,
1386 695 1448 749 τὸ
1477 696 1576 768 τῆς
1605 695 1915 768 κρατούσης

329 786 489 858 δόξης
523 789 788 860 κρεῖττόν,
821 789 914 842 καὶ
942 789 1042 860 τῆς
1075 789 1364 861 συνηθείας
1397 789 1706 862 ἀλλότριον.

668 990 842 1048 ΥΑΕν.
875 1023 946 1035 -
967 992 1273 1067 ΛΕΟΝΊΊῼ
1299 995 1620 1068 ΔΙΑΚΟΝῼ.

2091 697 2150 754 Id
2181 698 2484 771 παράδοξον
2517 708 2600 756 est
2625 700 2992 772 (inapinatum
3008 699 3052 772 ),
3096 700 3338 756 virorum
3371 699 3600 772 optime,

2023 790 2424 860 appellandum,
2465 793 2609 861 quod
2655 805 2872 848 onmem
2916 792 3132 848 excedit
3169 791 3507 862 opinionem,
3546 801 3604 848 et

2023 881 2089 937 ab
2119 897 2220 938 usu
2247 889 2331 938 est
2353 881 2610 937 alienum.

2143 987 2316 1062 688
2349 991 2660 1050 CDXXXV.
2685 1022 2758 1035 -—
2782 989 3077 1050 LEONTIO
3114 990 3472 1051 EPISCOPO.

1413 1085 1548 1139 Mali
1573 1084 1880 1157 superbique
1903 1085 2199 1142 sacerdotes
2231 1085 2520 1140 coercendi.

399 1196 605 1269 Μηδὲν,
645 1190 692 1253 ὧ
744 1197 976 1270 ἄριστε,
1025 1197 1123 1252 ἐπὶ
1169 1198 1270 1270 τῆς
1314 1199 1416 1270 σῆς
1468 1199 1674 1272 ἀρετῆς
1728 1199 1914 1272 ἄχαρι,

331 1293 457 1364 μηδ’
481 1291 713 1364 ἀπηχὲς,
731 1293 794 1346 τό
824 1308 890 1362 γε
913 1292 1006 1346 ἐπὶ
1029 1291 1232 1364 σαυτῷ,
1255 1294 1618 1366 συγχωρήσῃς
1643 1292 1918 1362 γενέσθαι,

2093 1199 2262 1267 Nihil,
2293 1201 2377 1256 vir
2417 1200 2644 1271 optime,
2680 1201 2871 1256 virtuti
2903 1207 3012 1258 tute
3053 1201 3328 1272 ingratum
3363 1211 3458 1260 aut
3505 1205 3606 1260 ab-

2023 1306 2218 1350 sonum
2249 1291 2502 1348 accidere
2534 1289 2841 1360 permittas,
2888 1305 3076 1348 verum
3110 1291 3176 1347 iis
3207 1293 3300 1361 qui
3340 1293 3606 1350 innovare

326 1384 466 1439 ἀλλὰ
495 1385 728 1449 καὶτοῖς
751 1383 995 1456 νεώτερά
1013 1402 1140 1440 τινα
1167 1387 1249 1449 είς
1275 1386 1402 1449 τοὺς
1425 1385 1911 1456 ἐκκλησιαστικοὺς

2021 1384 2154 1456 quid
2195 1385 2250 1440 in
2297 1381 2688 1440 ecclesiasticis
2735 1383 2958 1439 student
3003 1381 3371 1441 (unctionibus
3415 1387 3602 1452 dicito,

325 1475 567 1546 θεσμοὺς
603 1475 945 1546 βουλεύουσι,
979 1461 1106 1546 λέγε
1159 1475 1235 1541 ὡς
1265 1475 1594 1548 οἰμώξονται
1633 1475 1917 1534 κάνταῦθα

325 1569 576 1636 κάκεῖσε,
605 1570 655 1624 εί
687 1569 764 1640 μὴ
791 1568 888 1622 τοῦ
919 1569 1293 1640 νεωτερισμοῦ
1321 1569 1787 1640 λήξειαν.⁹Ὠσπερ
1807 1569 1916 1642 γὰρ

331 1659 431 1712 σὺν
464 1658 663 1730 ἀλογίᾳ
711 1658 982 1731 ἧρθησαν,
1031 1659 1207 1730 τόλμῃ
1251 1659 1464 1731 ἀκρίτῳ
1501 1659 1703 1731 μᾶλλον
1745 1661 1916 1734 ἐπαρ-

2021 1477 2356 1550 ploraturos,
2406 1476 2459 1532 id
2503 1485 2588 1533 est
2632 1475 2752 1532 fore
2795 1475 3041 1532 infelices
3090 1476 3146 1531 in
3193 1477 3294 1532 ltac
3327 1477 3608 1546 alteraque

2023 1570 2155 1636 vita,
2211 1568 2315 1623 nisi
2349 1567 2512 1624 rebus
2557 1567 2779 1632 studere
2823 1567 2981 1624 novis
3022 1567 3316 1625 desistant.
3352 1567 3605 1624 Utenim

2023 1661 2386 1733 imprudentia
2425 1659 2580 1728 elati,
2623 1659 2856 1716 audacia
2893 1659 3185 1716 temeraria
3230 1659 3410 1730 magis
3435 1673 3604 1730 quam

325 1749 513 1812 θέντες
541 1752 624 1814 είς
651 1749 750 1822 τὴν
783 1750 1151 1822 ἐπιχείρησιν,
1185 1750 1217 1822 ἢ
1251 1749 1530 1817 ἀξιώσεως
1564 1751 1752 1824 δικαίᾳ
1789 1751 1911 1824 κρί-

2017 1755 2167 1827 justo
2199 1752 2476 1824 opinionis
2500 1750 2709 1823 judicio
2735 1751 3056 1822 incitantur,
3097 1752 3172 1808 ita
3209 1751 3492 1824 probabile
3523 1757 3608 1808 est

324 1859 432 1907 σει,
461 1841 627 1908 οὓτω,
645 1841 788 1898 κατά
813 1843 874 1896 τὸ
899 1842 1068 1908 εἰκὸς,
1091 1842 1188 1896 καὶ
1207 1841 1702 1915 καθαιρεθήσονται
1731 1843 1917 1899 πάλιν.

336 1931 590 1996 ’Δσθενές
616 1932 726 2004 γὰρ
761 1931 849 1986 ἀεὶ
887 1932 950 1986 τὸ
980 1933 1110 2004 παρ’
1141 1931 1299 1996 ἀξίαν
1321 1947 1338 1964 ⁸
1371 1933 1467 1986 καὶ
1486 1932 1598 1988 τῶν
1634 1932 1778 1987 κατὰ
1799 1932 1920 1988 τόλ-

325 2041 436 2096 μαν
465 2023 750 2093 ἀλόγιστον
783 2024 1170 2096 ἐπαιρομένων
1210 2023 1366 2080 ούδέν
1411 2023 1659 2096 βέϐαιον,
1691 2027 1917 2096 ταχεῖαν

321 2116 380 2172 δὲ
411 2115 524 2186 ἔχει
559 2115 658 2188 τὴν
688 2115 1019 2188 μεταϐολὴν,
1045 2118 1095 2170 εί
1130 2117 1205 2190 μὴ
1235 2119 1333 2172 σὺν
1360 2117 1531 2190 ἀρετῇ
1563 2115 1831 2188 γίγνοιτο.

567 2249 757 2318 ΥΛΕΓ.
798 2281 869 2295 -
905 2251 1159 2324 ΖΩΣΙΜῼ
1191 2252 1664 2326 ΠΡΕΣΒΥΤΕΡῼ.

2027 1847 2228 1902 iterum
2265 1845 2678 1902 subvertendos.
2713 1842 2989 1899 lniirmum
3037 1851 3122 1900 est
3161 1843 3308 1900 enim
3347 1841 3611 1914 quidquid

2024 1935 2347 2006 dignitatem
2406 1941 2670 2003 superat,
2729 1947 2958 2003 quaeque
3017 1933 3313 1988 indiscreta
3379 1931 3609 1986 audacia

1987 2011 2165 2084 ’elata
2199 2035 2348 2091 sunt,
2397 2024 2694 2090 instabilis,
2739 2024 2958 2095 citoque
2991 2019 3380 2088 imntutantur,
3427 2023 3535 2079 nisi
3575 2037 3607 2076 a

2021 2119 2221 2175 virtute
2250 2117 2691 2190 proﬁciscantur.

2190 2250 2526 2310 CDXXXVI.
2557 2283 2631 2296 -—
2663 2250 2916 2310 ZOSIMO
2955 2251 3431 2310 PRESBYTERO.
3503 2288 3507 2292 ς

1242 2347 1426 2421 Iniqui
1447 2349 1625 2419 arguit
1651 2347 1955 2414 sacerdotii,
1977 2357 2100 2403 utet
2136 2346 2286 2418 epist.
2315 2361 2460 2417 sequ.
2500 2355 2549 2401 et
2577 2345 2704 2401 440.

392 2459 582 2514 Δεινδν
615 2460 713 2531 μὲν
756 2461 852 2515 καὶ
882 2459 946 2515 τδ
989 2461 1176 2534 τρυφῇ
1209 2459 1307 2515 καὶ
1335 2459 1564 2534 λαγνείᾳ
1605 2461 1909 2516 ἑαλωκέναι

318 2552 609 2624 ἄνθρωπον
640 2555 722 2617 είς
758 2551 1062 2627 ἱερωσύνην
1105 2555 1256 2620 ὅπως
1290 2554 1493 2627 δήποτε
1527 2555 1792 2610 δοκοῦντα
1819 2571 1910 2609 τε·

321 2644 460 2698 λεῖν.
495 2645 568 2698 Τὸ
601 2643 658 2699 δὲ
695 2633 921 2700 πάντων
968 2643 1363 2717 σχετλιώτατον
1407 2647 1587 2702 ἐκεῖνό
1629 2647 1802 2713 ἐστιν,
1831 2647 1914 2701 ὅτι

321 2737 393 2791 τά
412 2737 524 2790 τῶν
545 2735 780 2809 ἀνιέρων
805 2737 902 2791 καὶ
923 2736 1134 2806 ἐναγῶν
1161 2723 1442 2808 πράττεις,
1463 2735 1566 2806 τῆς
1593 2735 1652 2792 δὲ
1673 2735 1781 2790 ἀπὸ
1807 2731 1904 2788 τοῦ

321 2827 504 2884 δοκεῖν
530 2827 833 2901 ἱερωσύνην
863 2827 1165 2900 κεκτῆσθαι
1192 2829 1448 2900 ἀντιποιῇ
1480 2827 1661 2900 δόξης.

594 2940 602 2947 ·
633 2939 806 2996 mz'.
827 2969 896 2979 —
925 2939 1232 3012 ΕΥΤΟΝΙῼ
1264 2939 1590 3012 ΔΙΔΚΟΝῼ.

2089 2460 2378 2517 Molestum
2404 2474 2536 2516 sane
2559 2456 2768 2516 deliciis
2801 2472 2868 2514 ac
2890 2459 3101 2516 libidini
3143 2459 3385 2518 deditum
3431 2460 3607 2518 ιιοωί-

2018 2567 2139 2608 nem
2174 2553 2509 2608 sacerdotem
2538 2551 2800 2608 ordinari.
2829 2550 2886 2607 Id
2911 2566 3042 2608 vero
3079 2553 3319 2610 maxime
3357 2557 3604 2612 omnium

2018 2641 2410 2709 deplorandum
2438 2649 2546 2706 est,
2573 2641 2718 2712 quod
2745 2641 3013 2713 sacrilege
3035 2641 3310 2714 impieque
3343 2651 3394 2700 tc
3423 2658 3604 2714 geras.

2017 2727 2203 2798 Fingis
2236 2742 2369 2785 vero
2398 2727 2910 2799 sacerdotiumjnre
2953 2737 3014 2784 ut
3045 2729 3331 2799 possidere
3361 2729 3601 2790 videare.

2223 2930 2579 2990 CDXXXVII.
2612 2963 2682 2974 —
2717 2930 3026 2990 EUTONIO
3061 2933 3390 2996 DIACONO.

1103 3031 1183 3086 De
1219 3029 1422 3087 Zosimi
1454 3033 1619 3098 uitiis,
1645 3047 1741 3101 pro
1766 3046 1868 3100 quo
1897 3041 2051 3083 orare
2075 3037 2266 3082 monet.
2294 3023 2456 3098 (Vide
2481 3027 2633 3096 epist.
2667 3026 2820 3099 105.)

391 3153 466 3207 Σὺ
502 3150 604 3222 μὲν
635 3149 867 3214 εἰκότως
896 3148 1226 3222 θαυμάζεις,
1267 3149 1418 3213 ὅπως
1447 3150 1475 3202 ό
1509 3146 1696 3211 ἄθλιος
1740 3145 1911 3201 Ζώσι-

2089 3144 2258 3202 Recte
2278 3145 2530 3216 equidem
2557 3144 2794 3216 jureque
2823 3148 3029 3216 optimo
3059 3148 3298 3220 miraris,
3325 3150 3604 3210 Zosimum

321 3261 426 3316 μσς
454 3241 712 3314 ἐκθύμως
751 3243 854 3313 τῆς
889 3241 1089 3305 κακίας
1139 3239 1348 3314 ἔχεται,
1384 3239 1480 3294 καὶ
1527 3238 1728 3310 δεσμὸς
1755 3229 1913 3301 οὗτός

315 3338 468 3390 ἐστιν
499 3331 773 3405 ἀρραγὴς,
799 3331 859 3387 ὃν
889 3331 992 3390 οὐκ
1027 3331 1096 3387 ἂν
1123 3331 1388 3402 διακόψας
1425 3329 1635 3400 οἴχεται
1667 3327 1911 3400 φερόμε-

315 3445 408 3492 νος
446 3427 538 3480 ἐπὶ
569 3425 670 3490 τὰς
695 3424 935 3489 ἀτόπους
967 3423 1220 3494 πράξεις.
1251 3423 1474 3494 Ἔτεροι
1501 3421 1556 3476 δέ
1589 3421 1653 3474 οὐ
1697 3419 1914 3490 θαυμά-

313 3517 530 3584 ζουσιν,
563 3515 700 3572 ἀλλὰ
744 3515 840 3570 καὶ
888 3514 1116 3579 εἰκότως
1159 3515 1225 3585 τῇ
1265 3511 1326 3578 ἐξ
1369 3511 1546 3583 ἀρχῆς
1592 3511 1910 3580 ἀναστροφῇ

312 3609 420 3680 τὴν
452 3607 653 3661 κακίαν
691 3605 966 3680 ηὐξῆσθαι
996 3605 1297 3678 νομίζουσι.
1331 3603 1405 3658 Τὸ
1441 3604 1537 3674 μὲν
1563 3600 1674 3674 γὰρ
1703 3602 1768 3655 ἐκ
1788 3600 1910 3654 δού-

312 3700 416 3755 λου
477 3699 682 3770 πατρὸς
743 3696 1154 3768 πεφυτεῦσθαι,
1205 3695 1718 3768 παραλιμπάνουσιν
1770 3691 1910 3746 εικό-

314 3808 452 3856 τως.
508 3790 700 3846 Πολλοὶ
728 3793 840 3861 γὰρ
868 3789 1077 3844 οίκέται
1104 3787 1413 3860 ἐλευθέρων
1443 3782 1582 3841 εῖναι
1609 3783 1912 3840 δοκούντων

313 3885 580 3956 ἀμείνους
607 3883 712 3937 εἰσὶ
751 3882 894 3936 κατά
927 3883 1055 3946 τοὺς
1093 3881 1332 3952 τρόπους
1351 3896 1365 3910 ·
1397 3879 1498 3951 τὴν
1527 3879 1587 3932 δέ
1616 3877 1676 3945 ἐξ
1701 3877 1910 3948 ἐφήϐου

314 3969 547 4042 ἀγωγὴν
578 3969 918 4035 κακίζουσιν,
937 3967 1014 4032 ὡς
1035 3969 1218 4041 πάσης
1244 3967 1445 4032 κακίας
1463 3964 1630 4024 οὖσαν
1659 3966 1870 4036 μεστήν
1891 3980 1906 3997 ’

315 4060 407 4114 διὸ
454 4059 548 4114 ita).
605 4059 956 4131 συνηνδρὼοη
997 4059 1150 4131 αὐτῷ
1195 4060 1306 4114 τῶν
1337 4061 1524 4116 κακῶν
1567 4061 1602 4132 ἡ
1646 4059 1908 4122 διάθεσις,

316 4149 418 4204 καὶ
451 4151 532 4213 είς
570 4148 686 4216 ἕξιν
737 4148 951 4222 προῦϐη
989 4153 1023 4222 ή
1082 4151 1341 4222 πονηρία.
1398 4151 1696 4222 ’Δφέμενος
1729 4151 1911 4204 τοίνυν

322 4241 432 4296 τοῦ
467 4240 922 4314 θαυμάζειν,’τήν
947 4243 1036 4298 διά
1059 4242 1170 4296 τῶν
1201 4243 1416 4312 εὐαγῶν
1447 4241 1646 4298 σαυτοῦ
1677 4259 1912 4314 προσευ-

315 4334 436 4407 χῶν
501 4334 652 4406 αὐτῷ
707 4335 932 4406 χάρισαι
979 4333 1280 4408 θεραπείαν
1303 4353 1317 4364 ·
1368 4334 1510 4406 τάχα
1564 4352 1682 4400 πως
1749 4351 1912 4406 μετα-

319 4425 504 4498 γνοίη.
1013 4485 1016 4488 ,
1803 4424 1812 4430 ’

847 4538 1028 4594 rm.
1061 4567 1130 4579 --
1152 4535 1386 4608 Nemo.

2017 3237 2170 3292 illum
2220 3245 2469 3292 nostrum
2512 3245 2765 3307 prompte
2798 3238 2936 3292 mala
2987 3253 3218 3312 quaeque
3257 3250 3496 3311 patrare,
3534 3257 3602 3300 ac

2016 3326 2232 3384 vinculo
2265 3327 2428 3384 veluti
2461 3326 2696 3383 infracto
2738 3328 3047 3400 colligatum
3077 3326 3131 3386 in
3164 3346 3404 3404 praeceps
3441 3333 3600 3403 ferri,

2019 3419 2254 3474 absurda
2292 3431 2522 3488 quaeque
2565 3419 2980 3477 committenda.
3012 3423 3080 3476 At
3112 3421 3202 3477 alii
3248 3424 3475 3482 minime
3503 3430 3600 3482 ad—

2017 3511 2305 3578 mirantur,
2352 3511 2637 3568 credentes
2665 3511 2780 3582 jam
2829 3512 2956 3569 inde
2994 3513 3062 3568 ab
3096 3513 3324 3570 infantia
3370 3532 3599 3586 perver-

2014 3614 2103 3656 sos
2128 3599 2181 3656 in
2206 3601 2323 3658 dies
2345 3617 2524 3660 mores
2551 3602 2944 3660 accumulassc.
2967 3601 3128 3660 Patre
3155 3605 3300 3660 enim
3329 3587 3600 3678 mancipio

2014 3697 2202 3744 natum
2245 3705 2366 3748 esse
2411 3693 2607 3748 merito
2659 3702 3011 3764 praetereunt.
3057 3689 3214 3749 Servi
3254 3697 3400 3752 enim
3447 3700 3601 3756 multi

2016 3779 2200 3837 liberis
2224 3781 2536 3840 hominibus
2575 3799 2720 3854 saepe
2747 3795 3011 3855 praestare
3047 3789 3293 3846 moribus
3315 3767 3600 3861 reperiun-

2015 3880 2124 3927 tur.
2165 3873 2294 3943 Ejus
2323 3889 2454 3930 vero
2490 3890 2555 3932 ex
2603 3875 2828 3946 ephebis
2873 3879 3192 3936 excedentis
3223 3883 3599 3938 educationem

2014 3974 2298 4031 accusant,
2333 3974 2394 4022 ut
2423 3966 2602 4022 omnis
2631 3967 2846 4037 generis
2877 3967 3134 4026 refertam
3163 3971 3332 4028 vitiis.
3375 3972 3511 4029 llinc
3544 3982 3602 4032 et

2016 4054 2082 4110 ad
2118 4055 2326 4112 virilem
2359 4073 2536 4128 usque
2572 4068 2786 4116 aetatem
2838 4062 3096 4117 comitata
3146 4061 3464 4133 improbitas
3491 4073 3610 4132 est,

2015 4147 2260 4218 abiitque
2291 4152 2346 4204 in
2394 4151 2664 4207 habitum.
2707 4151 2892 4208 Mirari
2923 4151 3108 4222 itaque
3153 4155 3361 4220 desine,
3395 4155 3442 4211 si
3473 4169 3599 4228 pre-

2015 4239 2172 4295 cibus
2209 4255 2306 4309 pro
2333 4255 2398 4296 eo
2423 4242 2492 4296 ad
2514 4241 2684 4299 Deum
2730 4243 2867 4302 fusis
2909 4243 3087 4316 placet
3135 4237 3212 4300 illi
3261 4245 3593 4318 gratiﬁcari;

2014 4331 2247 4400 gratiam
2283 4331 2422 4395 forte
2457 4342 2578 4403 post
2611 4343 2694 4389 est
2723 4335 3028 4394 habiturus.
3469 4345 3477 4354 ‘

2455 4533 2835 4593 CDXXXVlll.
2873 4567 2942 4582 —-
2969 4537 3157 4596 NlLO.

579 4629 854 4686 Hoderate
881 4629 1105 4683 laudare
1137 4638 1337 4698 oportet
1361 4668 1376 4694 ,
1403 4643 1492 4681 nec
1521 4625 1764 4682 extollere
1784 4625 1911 4680 nimi

2015 4625 2255 4681 sudibus.
2281 4625 2458 4697 (σοιτί.
2483 4628 2634 4696 epist.
2659 4629 2788 4694 536,
2811 4619 2938 4695 537,
2973 4629 3077 4685 417
3106 4641 3155 4686 et
3178 4632 3328 4706 411.)

390 4749 455 4803 Ei
487 4749 586 4802 καὶ
619 4750 666 4802 oi
703 4747 978 4819 φιλότιμοι
1019 4745 1086 4799 δι’
1115 4742 1354 4800 ἐπαίνων
1392 4745 1628 4816 μάλιστα
1655 4744 1908 4816 παραθήε

310 4853 508 4906 γονται
561 4835 788 4908 (διψῶσι
839 4836 948 4906 γάρ
997 4836 1236 4890 ἐπαίνων
1285 4837 1510 4906 μᾶλλον,
1569 4836 1603 4908 ἢ
1649 4837 1906 4907 ποτῶν),

310 4927 457 4984 ἀλλὰ
491 4927 742 5000 μετρίως·
775 4929 882 5000 χρὴ
921 4927 1149 4992 τούτους
1178 4928 1488 4994 ποιεῖσθαι,
1528 4929 1624 4984 καὶ
1652 4929 1729 5001 μὴ
1763 4927 1909 4998 ἄγαν

312 5014 590 5082 ὑφαίνειν.
619 5013 812 5067 Πολλοὶ
855 5015 964 5084 γὰρ
1008 5017 1072 5068 ἐκ
1115 5015 1214 5088 τῆς
1243 5016 1553 5087 ὑπερϐολῆς
1596 5017 1706 5070 τῶν
1735 5019 1902 5086 ἐγκω·

311 5103 462 5176 μίων
492 5104 818 5170 ἐκλυθέντες
839 5145 854 5172 ,
881 5105 1136 5160 ἐκλύουσι
1167 5107 1268 5180 τὴν
1300 5109 1379 5172 εἰς
1403 5107 1531 5172 τοὺς
1564 5109 1761 5174 πόνους
1798 5128 1907 5167 πα-

313 5197 623 5271 ρασκευήν.

312 5311 494 5367 ΥΛΘ⁹.
525 5341 598 5353 --
623 5310 1284 5440 ΑΓΑΘΟΔΑΙῙΨῖΙΙὲὃῖἓΑΙ
1313 5315 1556 5389 ΩΦΕΛΙῼ
1586 5314 1908 5372 ΓΡΔΜΜΔ-

2077 4741 2191 4798 Etsi
2222 4729 2396 4800 laudis
2437 4743 2618 4816 cupidi
2643 4745 2812 4816 gloria
2859 4743 3200 4818 potissimum
3235 4750 3598 4810 exstimulan-

2012 4840 2102 4888 tur
2132 4833 2366 4906 (laudem
2389 4837 2533 4892 ettim
2568 4836 2688 4908 plus
2716 4853 2880 4909 quam
2917 4851 3102 4912 potum
3134 4841 3375 4915 sitiunt),
3415 4845 3601 4902 mode-

2011 4933 2128 4980 rate
2173 4937 2352 4982 tamen
2399 4930 2666 4997 agendum
2715 4930 2843 4998 illis,
2889 4949 3064 5003 neque
3111 4941 3300 4992 texere
3343 4937 3594 4994 nimium.

2011 5013 2266 5086 Plerique
2291 5017 2438 5072 enim
2468 5017 2624 5074 laude
2667 5019 2894 5076 nimium
2930 5021 3058 5078 elati
3085 5021 3325 5082 laborem
3353 5025 3598 5084 vicissim

2015 5105 2462 5180 diligentiamque
2493 5103 2804 5170 remittunt.

2011 5315 2348 5375 CDXXXIX.
2397 5348 2470 5361 --
2518 5317 3092 5380 AGATHODASMONI
3152 5325 3239 5382 ET
3297 5319 3600 5385 OPHELIO

2556 5389 3064 5450 GRAMMATICIS.

1457 5480 1786 5536 Miscendum
1821 5481 1952 5538 utile
1982 5483 2125 5539 duici
2155 5482 2209 5540 in
2241 5483 2475 5555 scriptis.

403 5592 626 5667 Ἐπειδὴ
666 5597 723 5649 αἱ
757 5597 1054 5668 μονοειδεῖς
1085 5599 1305 5671 μελέται
1330 5617 1389 5654 τε
1419 5599 1513 5654 καὶ
1547 5601 1904 5671 παραινέσεις

316 5685 582 5742 κόπτουσι
612 5690 818 5762 τρόπον
863 5692 988 5747 τινά
1029 5693 1126 5766 τῆς
1160 5693 1272 5750 τῶν
1317 5695 1698 5768 ἀμελεστέρων
1725 5695 1906 5768 ψυχῆς

315 5778 387 5834 τὰ
411 5775 600 5850 νεῦρα⁶
623 5777 794 5857 (δοκεῖ
835 5781 942 5858 γὰρ
984 5782 1168 5850 αὐτοῖς
1204 5785 1356 5842 πᾶσα
1389 5784 1659 5859 μεταϐολὴ
1692 5785 1910 5860 σχήμαι-

2087 5599 2316 5666 Ouando
2340 5603 2764 5661 declamationes
2792 5604 3237 5676 hortationesqne
3251 5605 3422 5680 689
3437 5604 3600 5662 unius

2003 5691 2162 5747 modi
2199 5706 2399 5749 nervos
2429 5693 2602 5750 animi
2651 5695 2955 5764 praecidunt
3004 5692 3392 5765 negligentium
3436 5703 3602 5766 atque

2018 5787 2332 5862 ignavorum
2391 5789 2593 5864 (omnis
2641 5789 2785 5845 enim
2839 5786 3178 5846 schematum
3240 5787 3472 5849 variatio
3515 5786 3600 5862 itt-
