4070 6412
475 322 604 389 1583
1384 333 1386 335 ’
1647 333 1706 390 S.
1751 330 2039 392 ISIDORI
2085 330 2518 391 PELUSIOTAE
3565 345 3680 413 15,3;

467 445 641 502 cunda
684 443 790 502 illis
829 446 1090 517 exsistit),
1126 445 1329 516 scripta
1365 447 1519 501 decet
1551 448 1732 502 studio
1763 449 2040 518 animique
2069 493 2074 506 ι

2076 453 2113 506 Α
2138 463 2229 510 τος
2259 446 2400 516 ἡδὺ),
2421 445 2526 517 χρὴ
2555 445 2621 500 τὰ
2655 447 3062 518 συγγράμματα
3089 455 3152 502 ὲκ
3192 453 3417 525 σπουδῆς
3446 460 3532 512 καὶ
3561 463 3683 535 ψυχ-

468 550 617 595 motu
667 548 992 610 temperare.
1047 539 1124 594 Ex
1171 539 1338 594 animi
1394 539 1660 608 siquidem
1706 551 1854 595 motu
1913 533 2046 594 nihil

2154 539 2399 607 αγωγίας
2431 539 2755 609 κεκρᾶσθαι.
2809 541 2903 593 Ἐκ
2945 541 3044 610 μὲν
3073 541 3184 613 γὰρ
3220 544 3318 614 τῆς
3360 533 3683 622 ψυχαγωγίας

467 633 693 690 studiosi
719 633 1083 688 ollenduntur.
1101 631 1446 702 Negligentes
1479 647 1604 686 vero
1625 647 1692 687 ex
1721 634 1898 687 studio
1920 648 2042 687 cum

2144 634 2193 684 οἱ
2246 631 2504 701 ἐμμελεῖς
2553 632 2708 685 οὐδὲν
2751 631 3266 704 παραϐλαϐήσονται
3295 675 3310 700 ,
3353 638 3459 692 ’ὑπὸ
3506 642 3559 694 δὲ
3604 645 3687 716 τῆς

468 725 634 778 animi
669 733 814 779 motu
847 730 1255 791 contemperato
1293 721 1540 778 utilitatis
1574 722 1864 794 plurimum
1908 723 2041 777 hau-

2146 724 2383 794 σπουδῆς
2427 724 2527 794 τῆς
2553 725 2618 794 τῇ
2652 723 2981 796 ψυχαγωγίᾳ
3013 727 3361 797 κεκραμένης
3394 733 3440 784 οι
3475 733 3544 804 μὴ
3577 735 3686 793 λίαν

467 817 629 872 rient.

2146 815 2281 887 ρᾴθυ
2290 832 2380 886 μοι
2404 815 2863 887 ὠφεληθήσονται.

869 926 1076 982 CDXL.
1110 955 1180 966 -—-
1219 921 1626 982 THEODOSIO.

2621 925 2759 982 rM'.
2797 956 2866 966 -
2897 925 3249 999 ΘΕΟΔΟΣΙῼ.

467 1024 544 1080 De
568 1020 772 1076 Zosimi
795 1021 987 1076 iterum
1009 1021 1114 1076 vita
1135 1019 1352 1085 vitiosa,
1371 1019 1606 1087 precibus
1625 1019 1802 1086 itaque
1825 1015 1934 1068 Deo
1955 1017 2447 1072 commendandum.
2475 1015 2658 1090 (Supr.
2681 1019 2831 1085 epist.
2863 1017 2899 1070 2
2923 1027 2972 1070 et
3001 1018 3106 1073 457
3129 1037 3143 1086 ;
3179 1020 3366 1075 similis
3396 1023 3538 1090 epist.
3563 1025 3699 1098 103.)

533 1132 710 1188 Audio
729 1143 781 1187 te
803 1131 870 1187 de
899 1131 1061 1188 rebus
1095 1147 1200 1186 non
1223 1132 1421 1187 dudum
1454 1129 1740 1200 praeteritis
1765 1127 2038 1183 Zosimum

2217 1125 2348 1186 Οἶδα
2380 1131 2480 1200 μὲν
2509 1129 2567 1195 ὲξ
2593 1123 2667 1185 ὧν
2694 1131 2898 1196 ἀκούω,
2928 1131 3004 1194 ὼς
3035 1132 3134 1202 οὐχ
3157 1131 3298 1204 ὑπὲρ
3327 1133 3445 1190 λίαν
3474 1138 3698 1209 ἀρχαίων

464 1240 724 1282 accusare
751 1264 769 1292 ,
810 1237 985 1293 neque
1012 1238 1076 1278 ex
1109 1222 1369 1292 temporis
1398 1222 1549 1291 lapsu
1582 1219 2038 1290 opportunitatem

2149 1223 2489 1294 πραγμάτων
2530 1223 2721 1292 λέγων,
2768 1224 2940 1288 ἀδεῶς
2989 1225 3255 1295 πρὰττεις
3292 1227 3388 1298 τὴν
3437 1232 3571 1284 κατά
3614 1234 3700 1286 τοῦ

464 1329 730 1386 quaerere,
756 1323 816 1369 ut
852 1313 988 1368 falso
1017 1327 1264 1369 accuses.
1304 1311 1480 1366 Habes
1507 1311 1651 1366 enim
1685 1311 1736 1364 in
1766 1318 2036 1380 promptu,

2149 1313 2332 1367 ἀθλίου
2387 1311 2637 1382 Ζωσίμου
2714 1315 3092 1386 κατηγορίαν,
3151 1321 3554 1392 συναγωνιστὴν
3614 1324 3705 1378 οὐκ

463 1424 582 1478 quae
634 1407 882 1478 proferas
937 1414 1110 1476 gesta.
1174 1403 1374 1459 Verum
1421 1417 1528 1458 non
1564 1412 1673 1457 tam
1732 1402 2040 1457 accusando

2149 1403 2290 1474 ἔχων
2324 1406 2403 1468 εἰς
2436 1403 2788 1473 ψευδολογίαν
2838 1405 2931 1458 τὸν
2976 1405 3206 1476 χρόνον
3243 1407 3387 1461 αὐτὰ
3436 1411 3540 1480 γὰρ
3578 1411 3707 1481 ἔχεις

465 1500 704 1570 linguam
753 1498 808 1554 in
836 1512 960 1553 eum
1009 1496 1167 1552 decet
1199 1509 1500 1559 exacuere,
1547 1509 1709 1565 quam
1763 1493 1817 1547 in
1848 1508 1913 1548 eo
1941 1493 2039 1547 de-

2152 1494 2538 1566 μαρτυροῦντα
2564 1495 2630 1549 τὰ
2659 1496 2986 1567 πράγματα.
3035 1497 3195 1550 Ἀλλά
3229 1497 3337 1570 χρὴ
3367 1499 3441 1570 μὴ
3467 1501 3708 1554 τοσοῦτον

465 1592 754 1662 plorando,
796 1597 852 1644 et
894 1589 1062 1644 Deum
1115 1602 1215 1656 pro
1264 1588 1357 1642 illo
1405 1585 1743 1656 deprecando
1796 1595 2041 1654 satagere

2147 1587 2244 1658 τὴν
2282 1586 2529 1656 γλῶτταν
2562 1587 2805 1662 ὁπλίζειν
2839 1589 2917 1652 εἰς
2958 1586 3056 1656 τὴν
3111 1587 3234 1641 κατ’
3290 1590 3455 1643 αὑτοῦ
3491 1608 3712 1663 κατηγο-

464 1683 738 1738 convenit.
792 1682 1090 1736 Accusatus
1127 1680 1272 1734 enim
1309 1679 1375 1734 ad
1422 1679 1657 1744 malum,
1705 1687 1763 1733 ut
1792 1687 2037 1748 apparet,

2104 1736 2114 1753 _
2151 1679 2292 1751 ρίαν,
2319 1679 2443 1732 ὅσον
2483 1681 2563 1743 εἰς
2592 1680 2718 1742 τοὺς
2746 1681 2824 1742 εἰς
2851 1679 3011 1732 αὐτὸν
3037 1679 3269 1750 θρήνους
3300 1681 3396 1733 καὶ
3435 1681 3532 1743 τὰς
3558 1700 3711 1753 προσ-

466 1773 781 1830 incitabitur
821 1772 992 1842 magis
1017 1789 1032 1826 :
1066 1770 1377 1840 deploratus
1401 1784 1532 1826 vero
1558 1770 1746 1842 pedem
1781 1769 1920 1826 forte
1950 1785 2039 1826 re-
2069 1781 2073 1790 ‘

2108 1740 2116 1788 ι
2145 1731 2328 1840 ευχάῐς.
2378 1731 2871 1842 Κατηγορούμενος
2900 1770 3028 1839 γάρ,
3070 1731 3266 1823 πλέον’,
3289 1773 3371 1835 εἰς
3400 1731 3623 1837 κακίανῖ
3648 1773 3715 1837 ὡς

465 1867 626 1929 feret.
2146 1863 2342 1928 ἔοικεν,
2372 1862 2676 1934 ἐρεθίζεται
2702 1879 2715 1893 ·
2744 1861 3112 1933 θρηνούμενος
3141 1863 3221 1928 δὲ,
3261 1863 3394 1927 ἴσως
3420 1863 3712 1932 ἀνενέγκοι.

827 2012 836 2020 -
934 1975 1166 2033 CDXLI.
1197 2005 1270 2016 —
1301 1973 1579 2031 ZOSIMO.

2637 1974 2822 2028 YMA'.
2848 2003 2916 2013 —
2945 1973 3217 2045 ΖΩΣΙΜῼ.

1270 2064 1516 2122 Gentium
1550 2082 1720 2120 mores
1751 2083 1868 2120 cum
1902 2067 2094 2121 nostris
2135 2064 2338 2120 collati.
2377 2063 2555 2138 (conf.
2590 2064 2738 2132 epist.
2770 2063 2916 2131 164.)

537 2183 690 2240 Multi
733 2181 872 2253 apud
898 2180 1120 2238 Graecos
1156 2180 1422 2250 gentiles,
1469 2181 1611 2236 bone
1647 2181 1751 2246 vir,
1782 2180 2034 2236 virtutem

2213 2175 2407 2230 Πολλοὶ
2443 2175 2562 2246 μὲν,
2598 2169 2642 2228 ὦ
2675 2175 2940 2244 βέλτιστε,
2977 2178 3106 2247 παρ’
3142 2176 3380 2247 Ἕλλησι
3413 2177 3514 2248 τὴν
3540 2177 3727 2250 ἠθικὴν

471 2288 677 2329 morum
719 2273 910 2328 sectati
936 2279 1084 2326 sunt.
1144 2269 1200 2325 Si
1225 2285 1354 2326 vero
1388 2270 1580 2341 ignave
1607 2284 1770 2340 agere
1801 2269 2033 2338 patrium

2141 2267 2592 2338 κατορθώσαντες
2625 2268 2824 2340 ἀρετὴν
2869 2269 3086 2341 ᾅδονται
3114 2285 3127 2299 ⁸
3160 2271 3210 2322 εἰ
3241 2270 3300 2323 δὲ
3342 2271 3440 2324 καὶ
3479 2271 3540 2323 τὸ
3575 2270 3729 2341 ρᾳθυ-

468 2366 575 2420 illis
600 2365 966 2435 usitatumque
1005 2370 1158 2428 erat,
1193 2378 1260 2419 ne
1303 2363 1384 2418 sic
1407 2361 1629 2432 quidem
1671 2375 1769 2416 nos
1793 2359 2046 2418 convenit

2158 2363 2279 2432 μεῖν
2311 2359 2545 2424 ἐκείνοις
2595 2361 2826 2430 πάτριον
2870 2361 2966 2414 καὶ
3013 2361 3249 2432 σύνηθες
3281 2357 3376 2433 ἦν,
3427 2363 3539 2416 οὐδ’
3568 2363 3732 2426 οὕτως

468 2458 685 2512 virtutis
719 2457 1081 2526 intermittere
1103 2456 1363 2512 studium.
1400 2453 1536 2510 Nam
1570 2455 1912 2512 intervallum
1933 2469 2042 2526 quo

2140 2453 2291 2523 ἡμᾶς
2341 2450 2623 2522 προσῆκεν
2671 2451 2770 2522 τὴν
2824 2453 2953 2522 περὶ
2998 2452 3099 2524 τὴν
3148 2453 3364 2524 ἀρετὴν
3416 2454 3731 2525 ἐπιμέλειαν

470 2549 590 2607 illos
618 2564 937 2619 superamus
963 2549 1178 2604 veniam
1216 2561 1321 2601 non
1355 2547 1622 2603 concedit.
1840 2589 1848 2598 .

2139 2541 2424 2615 προέσθαι.
2457 2541 2529 2594 Τὸ
2559 2541 2668 2613 γὰρ
2697 2542 2859 2613 μέσον
2890 2543 3022 2614 ἡμῖν
3051 2542 3188 2614 πρὸς
3213 2545 3468 2609 ἐκείνους
3494 2546 3596 2599 οὐκ
3643 2545 3739 2598 ὀλί-

2139 2652 2234 2704 γον
2273 2635 2515 2706 ὑπάρχον
2555 2634 2868 2705 ἀφαιρεῖται
2892 2635 2990 2706 τὴν
3032 2634 3400 2706 συγγνώμην.

707 2750 960 2809 CDXLII.
996 2781 1066 2792 —
1104 2749 1414 2808 MACABIO
1449 2747 1807 2804 EPISCOPO.

2405 2748 2590 2802 YMB'.
2623 2777 2689 2788 —-
2749 2749 3066 2821 ΜΑΚΑΡΙῼ
3104 2750 3500 2822 ΕΠῙΣΚΟΠῼ.

1288 2844 1487 2900 Orator
1515 2860 1619 2899 non
1651 2859 1851 2915 semper
1882 2843 2181 2912 persuadet.
2219 2841 2333 2912 (Sic
2359 2845 2510 2912 epist.
2542 2843 2645 2896 19.0
2673 2855 2719 2898 et
2751 2844 2896 2914 5-57.)

539 2980 596 3036 Si
631 2980 828 3036 talibus
848 2992 943 3034 usa
971 2977 1154 3034 verbis
1176 2978 1373 3042 oratio,
1406 2991 1523 3047 quae
1549 2977 1714 3032 etiam
1746 2976 2039 3030 inanimem
2073 3013 2115 3071 ο

2226 2977 2290 3030 El
2337 2975 2596 3039 τοιούτοις
2635 2976 2981 3047 χρησάμενος
3021 2977 3202 3044 λόγοις
3235 2977 3266 3028 6
3308 2976 3510 3044 λόγος,
3555 2975 3606 3028 οῖ
3658 2977 3745 3028 καὶ

466 3070 684 3124 ﬂectere
719 3074 972 3122 naturam
1009 3066 1205 3121 merito
1237 3076 1430 3135 queat,
1464 3064 1858 3135 implacabilem
1896 3064 2040 3118 illam

2158 3066 2256 3136 τὴν
2280 3066 2486 3135 ἄψυχον
2530 3065 2690 3131 φύσιν
2733 3065 2957 3129 εἰκότως
2987 3066 3052 3120 ἂν
3101 3066 3398 3138 ἔκαμψαν,
3433 3066 3542 3119 οὐκ
3569 3065 3746 3118 ἔπεισι

469 3161 637 3213 feram
683 3157 736 3211 in
779 3156 1016 3227 seipsam
1060 3154 1374 3211 saevientem
1409 3155 1652 3210 emollire
1701 3169 1806 3210 non
1842 3154 2038 3223 potuit,

2148 3160 2208 3212 τὸ
2241 3156 2563 3226 ἀμείλικτον
2611 3159 2788 3210 ἐκεῖνο
2826 3157 3015 3229 θηρίον
3048 3158 3109 3211 τὸ
3147 3160 3277 3213 κατ’
3315 3159 3496 3213 αὑτοῦ
3540 3158 3749 3212 ὲπιλυτ-

466 3249 702 3305 ostendit
740 3257 944 3320 aperte,
992 3249 1137 3318 quod
1192 3247 1352 3302 iidem
1387 3247 1586 3313 facere,
1628 3257 1719 3303 aut
1771 3262 1875 3303 non
1916 3263 2041 3316 per-

2140 3248 2321 3318 ¹τῆσαν
2340 3263 2355 3280 ⁸
2389 3247 2557 3313 ἔδειξε
2587 3249 2855 3320 λαμπρῶς
2882 3292 2895 3316 ,
2933 3251 3015 3303 ὅτι
3045 3251 3106 3303 τὸ
3148 3253 3468 3323 πεισθῆναι
3514 3252 3610 3305 καὶ
3641 3248 3714 3321 μὴ
3735 3290 3747 3308 .

467 3341 713 3404 suadere,
745 3338 816 3395 sit
862 3338 916 3393 in
947 3337 1216 3394 auditoris
1262 3346 1552 3408 petestate,
1587 3348 1807 3408 propter
1832 3339 2041 3393 arbitrii

2150 3339 2260 3393 τῶν
2303 3341 2607 3394 ἀκουόντων
2654 3342 2771 3395 ἐστὶ
2797 3381 2810 3406 ,
2860 3341 2948 3394 διὰ
2981 3341 3070 3394 τὸν
3110 3345 3210 3410 τῆς
3258 3343 3752 3411 αύτεξουσιότητος

468 3431 795 3493 libertatem,
826 3429 897 3486 ob
932 3443 1095 3499 quam
1123 3430 1300 3484 oratio
1326 3427 1530 3498 judicio
1556 3440 1637 3486 cst
1671 3431 1847 3499 digna.

2154 3433 2300 3503 ὅρον,
2331 3433 2397 3487 δι’
2428 3433 2485 3486 ὃν
2517 3435 2611 3488 καὶ
2645 3436 2672 3487 6
2702 3435 2800 3504 τῆς
2830 3434 3066 3505 κρίσεως
3097 3435 3397 3504 ἀξιόλογός
3427 3437 3550 3488 ἐστι
3578 3434 3751 3501 λόγος.

855 3541 1132 3618 enxuu.
1164 3525 1234 3603 ὶ-
1275 3561 1658 3618 ΜΑιιΤγιιιο.
2271 3636 2275 3640 _

2271 3636 2275 3640 γ
2600 3564 2865 3619 ΥΜΓ,-
2902 3565 3287 3636 maerrem.

923 3652 1165 3726 Animus
1183 3654 1451 3709 instabilis
1481 3666 1704 3724 utraque
1738 3665 1880 3710 sorte
1915 3664 2170 3741 movetur,
2196 3657 2404 3725 sapiens
2439 3671 2540 3710 non
2575 3655 2714 3710 item.
2747 3655 2907 3728 (Vide
2939 3657 3091 3725 epist.
3121 3657 3283 3725 408.)

537 3767 764 3823 Ποσει-ιω
806 3767 929 3823 ﬁdei
973 3777 1030 3824 et
1080 3766 1360 3824 instabiles
1413 3771 1658 3825 homines
1692 3770 1948 3839 gaudium
1991 3778 2046 3822 ct

2227 3771 2366 3835 Τοὺς
2400 3771 2498 3843 μὲν
2525 3773 2874 3842 εύριπίστους
2904 3775 2998 3826 καὶ
3019 3773 3328 3836 ἀϐεϐαίους
3365 3776 3467 3828 καὶ
3497 3773 3650 3846 χαρά
3675 3773 3766 3826 καὶ

468 3858 621 3913 dolor
657 3871 690 3912 a
720 3857 932 3912 decenti
974 3858 1253 3912 dimovent
1301 3867 1472 3913 statu.
1514 3858 1780 3914 Gaudium
1827 3859 2043 3927 quidem

2160 3862 2298 3933 λύπη
2326 3864 2424 3932 τῆς
2465 3864 2781 3935 πρεπούσης
2828 3867 3222 3927 καταστάσεως
3269 3866 3767 3931 ἐξακοντίζουσιν·

468 3947 585 4001 alas
619 3947 860 4011 addens,
901 3959 965 4000 ac
997 3944 1159 4000 veluti
1191 3947 1514 4001 debaceliari
1565 3947 1838 4012 suadens;
1890 3947 2046 4001 dolor

2163 3956 2186 4025 ἡ
2223 3955 2320 4024 μὲν
2373 3954 2647 4026 πτεροῦσα
2698 3957 2792 4009 καὶ
2845 3961 3122 4028 παροινεῖν
3166 3959 3576 4013 ἀναπείθουσα
3602 4000 3615 4022 ,
3655 3962 3688 4028 ἡ
3717 3958 3770 4010 δὲ

469 4052 596 4094 vero
623 4052 681 4092 se
711 4037 999 4092 demittere
1029 4035 1484 4107 formiduloseque
1509 4053 1669 4108 agere
1693 4039 1855 4107 cogit.
1899 4038 2043 4092 Con-

2167 4044 2488 4098 ταπεινοῦσα
2515 4046 2607 4099 καὶ
2633 4046 2912 4115 ψοτοδεεῖς
2945 4050 3499 4116 παρασκευάζουσα.
3545 4053 3684 4114 Τοὺς
3723 4050 3774 4102 δὲ

466 4138 672 4184 stantes
697 4143 826 4183 vero
866 4129 1113 4198 beneque
1157 4129 1427 4184 Stabilitos
1469 4145 1532 4184 ac
1589 4131 1880 4198 prudentes
1909 4128 2044 4183 nihil

2166 4125 2408 4204 βεϐαίους
2434 4139 2528 4192 καὶ
2555 4141 2975 4210 ἐρηρεισμένους
2995 4181 3010 4204 ,
3039 4145 3129 4196 καὶ
3153 4146 3424 4214 κρηπῖδα
3456 4147 3773 4216 φρονήσεως

470 4228 659 4279 horum
687 4237 719 4276 a
745 4222 941 4278 decoro
962 4222 1222 4278 dimovet.
1261 4221 1431 4290 llujus
1453 4224 1597 4277 enim
1625 4225 2043 4279 exsultationem

2173 4229 2403 4301 Ξχοντας,
2457 4232 2568 4286 οὐδ’
2605 4233 2842 4304 ὁποτέρα
2869 4233 3074 4286 τούτων
3111 4235 3208 4288 τοῦ
3258 4239 3670 4307 προσήκοντος
3699 4234 3780 4299 ἐξ·

469 4315 857 4383 lasciviamque
884 4314 1234 4384 comprimit,
1300 4323 1552 4384 tanquam
1587 4317 1850 4370 rationem
1885 4315 2044 4370 intel-

2170 4323 2365 4395 ἵστησι.
2409 4325 2519 4396 Τῆς
2549 4327 2645 4396 μὲν
2670 4326 2781 4398 γὰρ
2809 4310 3234 4382 καταστέλλουσι
3270 4328 3351 4382 τὰ
3390 4331 3777 4400 σκιρτήματα.

475 4405 645 4460 lectus
675 4403 831 4460 freno
858 4405 1117 4475 regendo.
1151 4402 1257 4459 'lllo
1279 4420 1410 4459 vero
1434 4405 1740 4474 superiores
1770 4405 2048 4475 reperiun-

2170 4415 2408 4488 καθάπερ
2440 4417 2642 4488 χαλινῷ
2674 4435 2782 4472 τινι
2829 4419 2907 4488 τῷ
2947 4418 3196 4490 λογισμῷ
3237 4421 3741 4492 ἀνασειράζοντες
3765 4433 3777 4445 ·

474 4508 581 4564 tur,
611 4496 871 4567 quidquid
899 4497 1246 4553 immodicum
1278 4497 1332 4552 in
1364 4495 1454 4554 illo
1481 4496 1822 4566 castigando.

2171 4507 2250 4576 τῆς
2277 4505 2334 4559 δὲ
2369 4507 2677 4576 κρείττονες
2722 4508 3100 4580 εὑρίσκονται,
3133 4509 3235 4580 τὴν
3273 4512 3582 4583 ἀμετρίαν
3609 4508 3778 4577 αὐτῆς

2153 4594 2490 4660 κολάζοντες.

651 4701 817 4774 690
865 4699 1142 4758 cnxuv.
1181 4698 1884 4788 -μΑΤιιουιλΕιιοΝι,

1775 4698 1884 4754 )Nl.
2521 4708 2691 4762 ΥΜΔ’.
2720 4739 2790 4749 -
2821 4711 3382 4766 ΑΓΔΘΟΔΛΙΜυΝ-Ι.

482 4795 551 4850 De
587 4797 757 4849 tribus
799 4795 1008 4848 dicendi
1040 4791 1338 4866 generibus",
1384 4811 1608 4858 summo,
1654 4794 1824 4876 medio
1853 4794 2153 4876 eti-inoqu
2197 4795 2649 4876 Ιιρριενοςωυὶέηηι
2699 4803 2932 4858 oratione
2973 4805 3140 4874 magis
3177 4809 3565 4873 persuadere.
3607 4801 3783 4876 (Cani.

1668 4866 1821 4930 epist.
1857 4864 1984 4929 215,
2024 4865 2134 4922 255
2168 4879 2214 4921 et
2246 4867 2371 4930 265,
2405 4864 2552 4939 508.)

543 5002 756 5058 Novum
783 5002 912 5071 quid
944 5004 1216 5072 spectavi,
1252 5002 1398 5073 quod
1448 5017 1551 5057 non
1582 5002 1738 5057 facile
1773 5005 1895 5072 quis
1924 5018 2050 5074 per-

2230 5004 2559 5076 Καινότερὸν
2599 5023 2653 5060 τι
2688 5005 2974 5080 τεθέαμαι,
3009 5010 3156 5063 δούκ
3183 5010 3256 5064 ἄν
3289 5030 3389 5076 τις
3435 5014 3657 5084 ῥᾳδίως
3697 5026 3785 5061 κα-

472 5091 670 5162 cipiat,
711 5089 814 5144 nisi
858 5105 972 5144 rem
1003 5101 1257 5146 accurate
1289 5091 1532 5146 edoctus.
1583 5091 1660 5146 De
1693 5091 1866 5147 tribus
1899 5093 2048 5148 enim

2216 5094 2459 5164 ιδὲξοιτο,
2496 5097 2570 5167 μὴ
2593 5099 2835 5168 ἀκριϐῶς
2854 5102 2914 5153 τὸ
2941 5103 3172 5172 πρᾶγμα
3203 5105 3583 5175 πυθόμενος.
3611 5100 3786 5174 Τριῶν
3820 5091 3823 5094 ’

471 5176 661 5259 amicis
691 5178 760 5233 ad
802 5191 965 5232 unum
989 5178 1267 5234 advocatis
1305 5181 1576 5250 negotium
1601 5220 1615 5245 ,
1647 5181 1737 5249 qui
1771 5183 1836 5234 ad
1861 5181 2049 5236 dicen-

2180 5185 2268 5256 Γάρ
2293 5185 2428 5256 ὁμοῦ
2470 5188 2638 5257 φίλων
2666 5191 2792 5260 περὶ
2817 5191 2935 5254 ἑνὸς
2969 5193 3482 5261 παρακαλούντων
3518 5197 3787 5264 πράγμα-

470 5276 597 5327 dum
631 5270 946 5343 aptissimus
981 5279 1122 5335 erat,
1165 5271 1395 5328 dicendo
1425 5273 1648 5328 oli‘endit
1679 5291 1692 5327 :
1747 5274 1836 5342 qui
1869 5275 2047 5330 minus

2180 5295 2248 5338 ro;
2271 5318 2285 5341 ,
2324 5281 2352 5330 6
2385 5279 2483 5347 μὲν
2516 5279 2822 5344 δεινότατος
2861 5283 3350 5353 προσπαρώξυνεν
3382 5331 3398 5353 ,
3453 5291 3486 5341 6
3532 5289 3594 5340 δὲ
3631 5283 3787 5360 ἦττον

471 5371 650 5432 aptus,
683 5359 897 5417 animos
920 5360 1205 5427 demulsit,
1245 5371 1302 5414 at
1349 5364 1538 5417 tertius
1564 5365 1773 5418 dicendi
1822 5365 2044 5434 imperi-

2184 5370 2324 5432 εινὸς
2360 5371 2659 5441 ἐπράϋνεν”
2693 5373 2720 5426 ὁ
2762 5374 2818 5426 δὲ
2852 5375 3146 5445 ἠμεληκὼς
3173 5377 3280 5428 τοῦ
3335 5380 3548 5449 λέγειν
3580 5359 3789 5434 ἔπεισε.

472 5463 587 5518 tus,
645 5450 948 5522 persuasit,
1027 5457 1345 5520 tantumque
1401 5451 1648 5508 indoctus
1697 5455 1787 5510 hic
1845 5457 2042 5525 potuit,

2183 5462 2266 5514 ἰαὶ
2287 5462 2525 5533 ἠδυνήθη
2554 5464 2652 5534 μὲν
2684 5466 2710 5518 6
2737 5466 2956 5536 ἀμαθὴς
2982 5467 3265 5535 τοσοῦτον,
3312 5473 3461 5525 ὅσον
3488 5475 3674 5545 ἐχρῆν
3703 5472 3790 5525 τὸν

471 5549 730 5609 quantum
765 5555 871 5596 non
903 5556 1148 5597 summus
1175 5541 1285 5595 ille.
1343 5539 1802 5610 Eloquentissimo
1826 5547 2043 5612 accidit,

2188 5552 2491 5606 εινότατον·
2539 5554 2708 5608 ἔπαθε
2743 5556 2798 5608 δὲ
2824 5558 2853 5610 6
2896 5558 3385 5630 ῥητορικὼτατος,
3426 5539 3584 5636 δπέξ
3627 5539 3795 5634 ἐχρῆν

471 5642 733 5700 quantum
768 5633 1148 5691 indomissimo
1181 5634 1404 5691 evenire
1435 5649 1534 5703 par
1565 5649 1704 5693 erat.
1761 5638 1832 5692 Ut
1875 5641 2045 5694 inter-

2187 5646 2245 5699 ὸν
2293 5646 2691 5716 ἀμαθέστατον.
2736 5650 2828 5716 Ὠς
2876 5652 2930 5704 δὲ
2962 5653 3213 5723 ἡρωτᾶτο
3273 5633 3561 5722 ἐκεῖνος-ξ
3605 5633 3793 5728 τὴν

478 5730 696 5792 rogatus
721 5725 972 5791 quidam,
1011 5727 1076 5781 ad
1103 5743 1262 5796 quem
1300 5725 1621 5796 legationem
1667 5725 1854 5794 ferret,
1895 5731 2043 5786 dice-

2187 5736 2453 5808 τρεσϐείαν
2485 5739 2844 5812 προσέφερον,
2885 5741 3010 5813 ἔφη,
3047 5764 3065 5795 ι
3103 5742 3179 5815 τῷ
3208 5747 3437 5821 τρόπῳ
3467 5752 3586 5806 τῶν
3617 5767 3794 5822 παρα-
