4070 6408
351 467 488 534 1585

1188 461 1730 525 EPISTOLABUM
1765 462 1916 523 LIB.
1954 463 2025 524 V.
2077 486 2129 497 -
2161 460 2400 522 EPIST.
2429 461 2796 526 CDXLVIII.

3506 463 3643 530 1586

350 579 665 637 καλούντων
697 577 811 650 (56)
850 575 1262 650 προεσχηκέναι
1301 577 1438 648 (57),
1467 578 1528 632 οὐ
1551 577 1629 648 τῷ
1657 577 1803 649 λόγῳ
1822 593 1838 610 ·
1865 579 1933 648 τῇ
1967 579 2000 637 Α

2056 583 2146 644 ret,
2199 595 2218 629 ι
2247 576 2337 632 hic
2365 589 2544 633 mores
2574 575 2873 632 dicentium
2903 575 3225 645 observari,
3264 591 3371 634 non
3416 578 3628 636 oratio-

348 671 596 742 πολιτεία
639 668 954 734 πεπεῖσθαι,
1002 669 1064 722 οὐ
1113 669 1182 738 τῇ
1229 668 1550 741 εὐγλωττίᾳ.
1583 670 1646 724 Εἰ
1673 668 1854 723 τοίνυν
1887 669 1916 723 6

353 766 470 838 βίος
494 764 592 819 τοῦ
624 763 788 833 λόγου
822 762 1192 835 περιγίνεται,
1217 761 1316 817 καὶ
1345 763 1380 834 ἡ
1409 761 1606 836 γνώμη
1630 762 1732 834 τῆς
1763 761 1942 832 γλώτ-

350 875 482 930 της,
513 855 736 926 πρῶτον
759 855 862 926 τὴν
890 853 1140 926 γνώμην,
1176 849 1298 908 εἶτα
1330 853 1430 926 τὴν
1455 849 1944 925 γλῶττανκοσμη-

351 949 479 1003 τέον
498 963 512 977 ⁸
538 947 662 1002 εἰδὲ
684 947 938 1010 ἀπιστεῖς
960 944 1134 1000 ταῦτα
1163 944 1518 1016 γεγενῆσθαι,
1545 946 1626 1010 είς
1644 944 1743 1016 τὴν
1775 945 1944 1016 Ὅμη-

355 1038 516 1112 ρικὴν
545 1035 866 1109 πρεσϐείαν,
892 1037 959 1105 ἢν
981 1036 1070 1090 ἀεὶ
1101 1036 1194 1088 ἐπὶ
1233 1034 1478 1106 γλώττης
1500 1035 1668 1107 ἔχεις,
1701 1034 1794 1088 τὸν
1819 1033 1945 1089 νοῦν

351 1125 729 1200 παράπεμψον
753 1141 765 1154 ·
797 1123 926 1178 ἔνθα
963 1125 994 1176 ὁ
1023 1123 1123 1194 μὲν
1165 1125 1472 1195 Ἰθακήσιος
1513 1125 1820 1189 δεινότατος
1843 1123 1943 1191 ὢν,

353 1218 516 1273 πλέον
557 1206 849 1288 παρώξυνε
885 1216 980 1270 τὸν
1020 1215 1264 1282 Πηλέως.
1301 1218 1363 1270 Ὀ
1395 1217 1452 1272 δὲ
1492 1213 1655 1288 ἦττον
1691 1217 1884 1283 δεινὸς,
1916 1219 1945 1272 ὁ

355 1307 707 1376 παιδαγωγός
735 1323 903 1378 φημι,
941 1296 1350 1376 κατεπράΰνεν.
1391 1305 1450 1358 '0
1481 1305 1538 1360 δὲ
1575 1304 1943 1377 Τελαμώνιος,

353 1403 384 1456 ὁ
405 1399 527 1455 λίαν
555 1397 853 1472 ἠμεληκὼς
881 1397 976 1452 τοῦ
1008 1397 1212 1468 λέγειν,
1253 1397 1440 1450 ἔπεισε
1470 1414 1484 1430 ο
1533 1399 1630 1454 καὶ
1659 1397 1947 1470 δεδϋνηται

356 1491 459 1564 μὲν
489 1493 518 1546 ὁ
543 1490 894 1562 Τελαμώνιος
915 1490 1194 1557 τοσοῦτον,
1215 1490 1339 1544 ὅσον
1367 1489 1536 1560 ὲχρῆν
1565 1489 1658 1545 τὸν
1680 1489 1942 1563 Λαέρτου·

355 1580 529 1636 ἔπαθε
563 1581 622 1636 δὲ
647 1573 836 1650 οὗτος,
869 1581 1008 1652 ὅπερ
1047 1580 1216 1653 ἐχρῆν
1249 1581 1480 1634 ἐκεῖνον.
1749 1569 1753 1573 ’

593 1879 776 1935 ΥΜΕ⁹.
809 1909 878 1921 -—
919 1878 1175 1951 ΖΩΣῘΜῼ
1206 1877 1680 1950 ΠΡΕΣΒΥΤΕΡῼ.

2050 683 2216 736 nem;
2247 687 2266 722 ι
2305 669 2493 742 politia
2546 668 2911 742 institutoque
2953 671 3079 726 vitae
3123 673 3484 742 persuaderi,
3531 686 3642 728 non

2048 759 2386 830 eloquentia.
2448 759 2814 826 Quamobrem
2863 759 2908 815 si
2943 760 3180 816 orationi
3221 762 3334 816 vita
3378 769 3643 833 praestat,

2050 853 2218 910 etiam
2259 867 2412 908 mens
2441 851 2642 924 lingua:
2675 852 2986 922 antecellit,
3027 868 3184 910 mens
3221 853 3404 923 itaque
3441 855 3643 924 primo,

2053 943 2252 1000 dehinc
2279 941 2466 1015 lingua
2499 950 2584 998 est
2615 944 2958 999 exornanda.
3020 943 3180 1012 Quod
3231 944 3278 1000 si
3331 943 3386 999 id
3437 941 3642 998 factum

2053 1050 2177 1092 esse
2207 1035 2461 1108 negabis,
2507 1033 2854 1092 Homericam
2887 1035 3216 1107 legationem
3237 1076 3252 1102 ,
3279 1049 3442 1106 quam
3487 1045 3544 1092 et
3588 1035 3642 1090 in

2051 1143 2150 1185 ore
2173 1143 2390 1198 semper
2413 1129 2616 1196 habes,
2661 1129 2716 1185 in
2769 1129 3086 1184 memoriam
3113 1143 3330 1187 revoca.
3369 1127 3448 1185 lbi
3493 1128 3644 1184 enim

2053 1221 2278 1294 Ulysses
2336 1221 2673 1288 Ithacensis,
2733 1221 3218 1293 eloquentissimus
3277 1236 3402 1278 cum
3468 1210 3640 1286 esset,

2048 1312 2284 1385 amplius
2333 1313 2586 1370 incitavit
2639 1312 2789 1370 Pelei
2833 1312 3003 1368 tilium
3033 1312 3322 1370 Achillem.
3388 1311 3487 1368 Hic
3513 1327 3645 1367 vero

2047 1405 2226 1462 minus
2250 1405 2564 1473 vehemens,
2599 1406 2924 1476 paedagogus
2973 1405 3226 1475 inquam,
3251 1405 3490 1462 sedatior
3519 1403 3643 1459 fuit.

2047 1494 2362 1553 Telamonis
2379 1513 2507 1554 vero
2533 1497 2680 1554 illius
2699 1496 2860 1568 Aiax,
2893 1497 2986 1567 qui
3013 1496 3244 1554 dicendo
3267 1497 3487 1552 infimus
3516 1495 3638 1558 fuit,

2047 1587 2328 1660 persuasit
2351 1607 2366 1644 :
2398 1589 2682 1660 potuitque
2703 1588 2842 1660 Aiax
2860 1587 3214 1644 Telamonius
3244 1595 3454 1644 tantum
3476 1599 3646 1656 quan-

2051 1689 2164 1738 tum
2192 1679 2408 1738 Laertis
2433 1681 2604 1738 illium
2633 1679 2883 1753 Ulyssem
2916 1679 3222 1752 oportebat.
3263 1677 3342 1734 llli
3365 1694 3502 1736 vero
3524 1686 3647 1734 tan-

2053 1783 2166 1831 tum
2191 1773 2412 1840 accidit,
2443 1783 2706 1846 quantum
2739 1773 2887 1830 hunc
2915 1773 3164 1844 perferre
3193 1787 3294 1843 par
3323 1781 3464 1828 erat.

2253 1883 2510 1944 CDXLV.
2551 1913 2624 1928 --
2661 1881 2915 1941 ZOSIMO
2948 1879 3433 1939 PRESBYTERO.

369 1974 632 2031 Virtutem
655 1973 931 2030 colendam
985 1985 1256 2042 portatur,
1284 1986 1447 2046 quam
1481 1949 1947 2050 proposita‘etiant
2001 1995 2117 2034 terra
2153 1994 2216 2036 se
2255 1981 2450 2036 sectari
2495 1979 2654 2050 malle
2679 1987 2925 2045 testatur,
2961 1993 3122 2050 quam
3155 1976 3340 2031 vitium
3367 1979 3647 2048 proposito

1331 2047 1570 2116 prwmio.
1609 2042 1848 2115 (Confer.
1887 2045 1980 2104 lib.

2056 2089 2071 2117 ,
2101 2053 2257 2123 epist.
2285 2050 2392 2107 240
2417 2057 2466 2106 e‘t
2497 2049 2654 2123 225.)
2912 2042 2922 2045 Ὗ
2972 2042 2984 2050 ’
3368 2042 3378 2046 ”
3467 2042 3480 2048 ’
3727 2053 3736 2061 ”

420 2177 536 2250 Τὴν
573 2176 818 2250 ἐμαυτοῦ
865 2175 1097 2247 γνώμην
1131 2175 1324 2247 σαφῶς
1353 2177 1530 2231 εἰπεῖν
1567 2174 1852 2246 βούλομαι.
1883 2175 1950 2230 El

351 2270 411 2326 ss
434 2289 522 2335 τις
541 2269 926 2343 ὑπερϐολικῶς
960 2270 1218 2342 εἰρῆσθαι
1250 2269 1394 2337 δόξει
1416 2311 1430 2332 ,
1453 2267 1702 2324 δοκείτω.
1734 2270 1800 2322 Oi
1839 2269 1950 2342 γὰρ

351 2363 457 2432 τῆς
480 2363 682 2436 ἀρετῆς
711 2363 946 2435 ἐρασταὶ
993 2363 1413 2434 μαρτυρήσουσι
1438 2359 1518 2432 τῷ
1565 2360 1946 2433 ῥηθησομένῳ.

351 2457 504 2527 Φημὶ
543 2452 726 2512 τοίνυν
747 2494 762 2521 ,
791 2453 842 2508 εί
875 2453 977 2526 μὲν
996 2455 1066 2525 τῇ
1087 2453 1258 2526 ἀρετῇ
1278 2451 1550 2524 τιμωρία,
1582 2455 1652 2524 τῇ
1693 2452 1751 2506 δὲ
1779 2451 1953 2525 κακίᾳ

353 2547 620 2618 στέφανος
659 2547 947 2614 ἀπέκειτο,
979 2545 1154 2618 ἥδιστ’
1188 2544 1257 2600 ἂν
1295 2544 1452 2617 δίκην
1479 2543 1690 2599 δέδωκα
1723 2544 1952 2616 φιλάρε-

350 2658 449 2706 τος
478 2638 576 2707 ὢν,
627 2639 661 2712 ἢ
711 2637 985 2708 ἒστέφθην
1024 2635 1227 2700 κακίας
1259 2633 1338 2690 ὣν
1382 2635 1647 2708 ἐραστής.
1689 2634 1878 2700 οὕτως
1919 2636 1954 2707 ἠ

355 2734 459 2806 μὲν
485 2733 657 2788 κακία
679 2773 695 2800 ,
727 2732 834 2788 κᾶν
879 2731 1148 2802 στέφανον
1180 2727 1501 2802 προξενοίη,
1533 2728 1718 2801 πάσης
1743 2747 1834 2800 μοι
1867 2746 1952 2783 τι-

357 2825 577 2900 μωρίας
604 2825 756 2880 δοκεί
780 2822 1146 2896 χαλεπωτέρα
1169 2819 1331 2878 εῖναι.
1369 2821 1434 2876 Ἦ
1455 2821 1512 2877 δὲ
1545 2820 1718 2895 ἀρετὴ
1746 2821 1950 2894 τιμαλο

355 2919 634 2990 φεστέρα,
696 2916 804 2973 κᾶν
867 2915 1144 2990 τιμωρίας
1186 2915 1264 2988 μὴ
1291 2915 1572 2988 ἀμοιροίη.
1617 2915 1683 2970 Ἦ
1715 2915 1814 2988 μὲν
1860 2909 1956 2970 οὖν

355 3011 630 3083 εἰρημένη
663 3028 754 3082 μοι
775 3009 870 3082 ἥδε
897 3008 1197 3081 ὑπερϐολὴ,
1219 3008 1296 3073 ὼς
1334 3009 1494 3081 φαῖέν
1516 3025 1684 3077 τινες,
1713 3001 1816 3064 ὧδε
1841 3008 1957 3081 ἔχει

355 3101 453 3155 καὶ
478 3097 600 3165 ἃλις
629 3099 825 3172 ἐχέτω.
858 3101 922 3154 Εἰ
943 3098 1002 3153 δὲ
1027 3100 1124 3154 καὶ
1144 3101 1365 3164 πάντως
1391 3102 1458 3171 τῇ
1497 3099 1602 3171 μὲν
1631 3101 1803 3174 ἀρετῇ
1836 3101 1961 3156 στέ-

359 3211 532 3264 φανος
554 3234 571 3260 ,
629 3194 780 3266 τῇδὲ
819 3194 990 3266 κακία
1024 3194 1267 3266 τιμωρία
1312 3193 1640 3260 ἀπόκειται,
1663 3193 1716 3246 τί
1742 3195 1860 3248 ἐστι
1897 3194 1962 3249 τὸ

357 3285 556 3340 πεῖσαν
585 3303 646 3340 σε
677 3289 760 3350 εἰς
783 3285 878 3340 τὸν
902 3285 1162 3358 πυθμένα
1183 3287 1284 3356 τῆς
1309 3285 1512 3351 κακίας
1533 3286 1959 3343 καταποντῶσαι

357 3379 592 3448 σαυτόν;
621 3377 796 3452 ἡδέως
817 3379 884 3434 ἄν
915 3395 1010 3433 σου
1036 3377 1312 3449 πυθοίμην
1337 3377 1471 3448 ἐγώ.

615 3497 820 3566 ΥΜΞΓ.
851 3525 923 3539 --
960 3494 1310 3566 ΠΑΑΛΑΔῙῼ
1345 3493 1671 3566 ΔΙΑΚΟΝῼ.

2120 2179 2280 2239 Libet
2305 2195 2482 2238 meam
2510 2181 2658 2238 clare
2687 2179 2939 2254 proferre
2976 2179 3326 2238 sententiam.
3361 2179 3474 2236 Etsi
3507 2181 3641 2251 quid

2049 2289 2216 2347 supra
2249 2273 2409 2331 ﬁdem
2443 2275 2623 2332 dicere
2666 2275 2894 2340 videar,
2931 2273 3005 2329 sit
3041 2273 3115 2328 ita
3154 2287 3309 2328 sane.
3351 2271 3639 2328 Testilica-

2051 2371 2258 2427 buntur
2285 2369 2432 2426 enim
2457 2369 2682 2426 virtutis
2724 2367 2954 2425 studiosi
2992 2367 3136 2438 quod
3170 2366 3374 2424 dicam.
3419 2364 3647 2423 Atiirmo

2052 2464 2256 2534 itaque,
2299 2461 2570 2532 siquidem
2607 2459 2795 2515 virtuti
2844 2473 3038 2530 pmna,
3067 2457 3220 2514 vitiis
3270 2471 3404 2514 vero
3437 2471 3644 2514 corona

2052 2554 2332 2627 proposita
2372 2555 2479 2619 sit,
2528 2551 2826 2622 Iucundius
2873 2564 3126 2621 pmnam,
3171 2549 3264 2622 qui
3305 2549 3524 2606 virtutis
3572 2552 3648 2606 sit

2054 2662 2269 2714 amans,
2295 2645 2574 2712 daturum,
2604 2659 2767 2714 quam
2795 2642 2843 2700 si
2876 2653 3190 2708 coronetur,
3213 2643 3286 2700 oh
3315 2641 3644 2714 improbita-

2056 2749 2166 2796 tem
2221 2737 2382 2810 hujus
2427 2751 2658 2794 amans:
2694 2738 2777 2794 sic
2811 2736 3154 2807 improbitas,
3186 2750 3447 2792 coronam
3481 2736 3647 2792 etiam

2043 2833 2277 2907 _adepta,
2301 2829 2452 2885 omni
2481 2844 2604 2886 esse
2633 2844 2833 2902 genere
2857 2827 3244 2900 suppliciorum
3269 2826 3550 2884 molestior
3575 2829 3655 2883 vi-

2058 2922 2238 2980 detur.
2256 2921 2442 2979 Virtus
2465 2937 2595 2978 vero
2616 2922 2937 2994 pretiosior,
2965 2923 3072 2978 etsi
3110 2935 3274 2993 poena
3306 2935 3412 2978 non
3442 2931 3650 2978 careat.

2059 3015 2187 3073 [iac
2230 3015 2414 3088 itaque
2444 3015 2606 3072 ﬁdem
2633 3017 2906 3073 excedens
2945 3015 3218 3072 sententia
3243 3055 3261 3082 ,
3297 3023 3359 3072 ut
3399 3016 3658 3071 dixerunt

2060 3107 2308 3179 quidam,
2347 3107 2472 3164 talis
2492 3115 2579 3164 est
2612 3117 2670 3164 et
2699 3107 2920 3164 suﬂicit.
2971 3107 3030 3164 Si
3063 3122 3195 3163 vero
3225 3107 3448 3163 omnino
3481 3106 3654 3160 virtu-

2064 3209 2172 3257 tem
2217 3200 2536 3270 praamium,
2573 3200 2761 3256 vitium
2797 3209 2979 3256 autem
3019 3211 3184 3268 pmna
3227 3205 3484 3263 maneat,
3527 3194 3659 3266 quid

2061 3301 2148 3348 est
2175 3291 2322 3362 quod
2365 3301 2419 3348 Ie
2447 3292 2692 3360 alliciat,
2750 3301 2810 3347 ut
2857 3292 2911 3348 in
2957 3291 3216 3362 nequitiae
3247 3291 3572 3347 barathrum
3605 3297 3658 3346 te

2067 3383 2367 3456 eonjieias?
2403 3383 2636 3441 libenter
2664 3398 2766 3455 ego
2793 3384 2850 3440 id
2887 3393 2938 3439 te
2967 3397 3242 3454 rogarem.

2285 3493 2565 3552 CDXLVI.
2597 3525 2671 3537 --
2709 3493 3056 3552 PALLADIO
3091 3491 3416 3552 DIACONO.

989 3587 1168 3644 Monet
1197 3597 1252 3643 ut
1283 3597 1462 3643 caveat
1493 3603 1557 3642 ne
1593 3589 1648 3643 in
1674 3587 1858 3643 eadem
1899 3588 2104 3645 incidat
2133 3589 2262 3646 vitia
2294 3607 2414 3664 quae
2452 3592 2510 3647 in
2541 3591 2652 3648 alio
2679 3591 3030 3656 reprehendit.

443 3703 782 3776 ’Δνθρώπιον
823 3701 1030 3774 φαῦλον
1057 3743 1073 3771 ,
1097 3701 1196 3758 καὶ
1235 3700 1514 3774 βδελυρὸν,
1548 3701 1646 3756 καὶ
1675 3701 1954 3774 κίϐδηλον,

358 3795 458 3851 καὶ
475 3795 530 3849 τί
557 3795 668 3867 γὰρ
695 3796 759 3850 οὐ
803 3793 918 3868 (58)
947 3792 1060 3848 τῶν
1089 3793 1338 3866 αἰσχρῶν
1361 3793 1598 3859 καλέσας
1621 3795 1682 3850 ὲν
1710 3797 1828 3858 τοῖς
1856 3795 1957 3849 αὑ·-

354 3885 456 3942 τοῦ
478 3888 772 3959 γράμμασι
805 3885 1080 3957 Ζώσιμον,
1113 3884 1293 3957 ἀληθῆ
1336 3885 1436 3956 μὲν
1463 3883 1650 3956 λέγεις
1677 3903 1693 3917 ·
1740 3886 1958 3942 δέδοικα

358 3981 422 4035 δὲ
457 3980 532 4052 μὴ
562 3981 658 4035 καὶ
689 3980 854 4044 αὐτὸς
881 3979 1078 4052 μικρὸν
1105 3977 1336 4050 ὕστερον
1358 3976 1612 4044 ’τοιοῦτος
1648 3978 1956 4052 εὑρεθείης.

373 4071 596 4126 Ἐκεῖνα
625 4070 758 4144 γάρ.
790 4069 868 4136 ὣς
889 4069 1025 4141 φασί
1055 4086 1226 4136 τινες,
1257 4067 1412 4142 ἧρξω
1433 4070 1719 4142 πράττειν,
1751 4069 1790 4126 ἃ
1809 4071 1955 4124 ἐκεῖ·

359 4181 456 4230 νος
507 4163 770 4237 πράττων
821 4163 904 4228 είς
949 4163 1253 4236 ἀνήκεστον
1301 4160 1644 4234 ἀναλγησίαν
1693 4159 1952 4217 τετελεῦ-

360 4274 524 4329 τηκε.

665 4447 673 4456 κ
710 4371 892 4428 ΥΜΖν.
919 4401 990 4414 -
1009 4369 1254 4441 ,ΜΩΣΕῼ
1287 4367 1609 4442 ΔΙΑΚΟΝῼ.

441 4581 542 4638 Ἐν
580 4584 742 4654 μόνον
789 4583 956 4640 καλὸν
997 4583 1145 4656 ἔχειν
1178 4599 1270 4652 μοι
1325 4581 1476 4636 δοκεῖ
1497 4580 1528 4632 ό
1577 4575 1830 4643 πλοῦτος,
1871 4579 1958 4634 ὅτι

2134 3699 2354 3758 Falsum
2389 3701 2836 3768 homuncionem,
2873 3701 3271 3760 exsecrandum
3303 3712 3470 3773 atque
3505 3701 3658 3759 adul—

2065 3792 2304 3848 terinum
2327 3833 2343 3860 ,
2383 3803 2440 3850 et
2471 3795 2604 3865 quid
2645 3809 2754 3852 non
2782 3794 2913 3851 findi
2941 3795 3189 3851 criminis
3216 3795 3324 3852 tuis
3370 3795 3424 3852 in
3461 3795 3660 3850 litteris

2065 3883 2347 3941 Zosimum
2383 3885 2697 3954 nominans,
2727 3901 2858 3943 vere
2885 3886 3108 3957 quidem
3132 3885 3308 3943 dicis:
3355 3900 3549 3942 vereor
3571 3888 3654 3940 ta-

2067 3989 2192 4032 men
2231 3989 2302 4032 ne
2331 3984 2389 4033 et
2439 3977 2561 4046 ipse
2621 3987 2748 4049 post
2797 3978 2964 4049 paulo
3010 3977 3137 4036 talis
3171 3977 3495 4049 reperiaris.
3562 3976 3658 4032 Illa

2065 4069 2266 4126 etenim
2296 4083 2461 4142 agere
2477 4070 2693 4142 incipis,
2721 4071 2884 4144 691
2905 4082 2967 4128 ut
2987 4073 3209 4144 quidam
3242 4071 3514 4138 relhrunt,
3537 4085 3662 4142 qua:

2065 4161 2158 4220 ille
2185 4161 2536 4222 committens
2565 4161 2624 4220 in
2655 4162 3015 4221 incurabilem
3044 4163 3239 4220 incidit
3269 4163 3545 4220 morbum.

2964 4273 2984 4287 ι.
3247 4254 3278 4283 ο

2381 4366 2689 4444 cpxnvn.
2725 4399 2796 4410 -
2837 4365 2998 4426 ιίοει
3030 4363 3350 4424 οιΑοοΝο.

1570 4463 1646 4520 De
1675 4463 1896 4522 divitiis.
1925 4463 2096 4538 (Infr.
2123 4466 2278 4536 epist.
2309 4467 2464 4540 450.)

2143 4577 2356 4634 Divitiae
2399 4593 2568 4635 unum
2627 4578 2760 4635 mihi
2807 4577 3092 4636 continere
3139 4579 3343 4634 bonum
3377 4575 3658 4645 videntur,

361 4678 480 4742 τοῖς
541 4641 782 4748 μαλιστα
835 4641 1086 4752 φιλοῢσῖδ
1133 4641 1299 4733 aiast
1353 4673 1640 4738 κινδύνους
1682 4641 2000 4740 ἐξαισίουςΙ

2067 4668 2212 4741 quod
2240 4683 2338 4726 eas
2367 4667 2679 4726 amantibus
2716 4667 2957 4740 ingentia
2995 4667 3214 4740 pariant
3246 4663 3517 4738 pericula.

364 4768 676 4826 ἀποτίκτει.

857 4881 1045 4938 ΥΜΙΡ.
1081 4910 1153 4924 —-
1183 4881 1466 4938 ΖΗΝΩΝῙ.

2489 4871 2815 4931 CDXLVIII.
2851 4903 2922 4915 —
2971 4869 3246 4928 ZENONI.

1189 4971 1538 5044 Hermogenis
1567 4970 1800 5044 episcOpi
1829 4970 1972 5026 laus.
2010 4968 2251 5043 (Confer.
2289 4967 2442 5038 epist.
2479 4967 2586 5024 558
2613 4977 2662 5022 et
2685 4965 2836 5039 466.)

443 5093 513 5146 Ὃ
575 5089 840 5169 βούλομαι
891 5091 1176 5166 συντόμως
1217 5091 1431 5164 φράσαι
1480 5091 1610 5165 περὶ
1643 5090 1738 5146 τοῦ
1777 5089 1961 5148 πάντα

365 5183 596 5255 ἀρίστου
639 5181 1030 5254 Ἑρμογένους,
1080 5181 1178 5238 τοῦ
1225 5183 1399 5249 δντως
1421 5183 1749 5250 ἐπισκόπου,
1796 5181 1960 5236 τοῦτό

368 5277 550 5328 ἔστιν·
597 5273 681 5328 ὃτι
735 5272 996 5328 τοσοῦτον
1037 5275 1210 5346 ἀρετῇ
1264 5275 1394 5340 τοὺς
1446 5275 1589 5344 ἄγαν
1641 5273 1968 5345 εὐδοκίμους

371 5361 612 5435 παριὼν,
643 5363 770 5418 ὅσον
799 5363 1002 5419 ἐκεῖνοι
1034 5365 1162 5431 τοὺς
1205 5363 1403 5429 ἀλλους
1454 5364 1725 5430 ἅπαντας.
1749 5365 1828 5428 ὡς
1864 5379 1970 5436 μη-

369 5453 464 5512 δὲν
507 5453 658 5530 μέγα
707 5455 1200 5530 διαπραττόμενος,
1257 5456 1403 5512 οὕτω
1448 5457 1742 5522 διάκειται,
1791 5454 1969 5520 οὕτως

2141 5088 2300 5146 Libet
2345 5089 2540 5161 paucis
2595 5090 2662 5146 de
2708 5087 3082 5161 optimoviro
3131 5083 3482 5159 Hermogene
3535 5098 3665 5140 vere

2067 5179 2326 5252 episcopo
2350 5179 2518 5235 verba
2555 5177 2762 5246 facere,
2804 5177 3067 5234 nimirum
3101 5177 3304 5234 virtute
3333 5173 3492 5230 valde
3533 5187 3664 5243 pro-

2071 5271 2261 5328 batum
2288 5281 2517 5327 caeteros
2567 5277 2780 5327 tantum
2827 5269 3060 5326 transire
3105 5278 3272 5338 atque
3310 5261 3664 5330 antecellere,

2071 5375 2334 5434 quantum
2375 5363 2452 5419 illi
2484 5363 2700 5420 caeteris
2739 5371 3006 5434 praestant
3036 5381 3050 5417 :
3095 5361 3142 5416 is
3163 5358 3320 5430 quasi
3360 5354 3498 5412 nihil
3531 5369 3668 5425 pne-

2071 5457 2280 5514 clarum
2310 5455 2538 5528 egisset,
2582 5457 2657 5513 ita
2689 5457 2758 5514 de
2783 5471 2845 5514 se
2882 5453 3169 5519 sentiebat,
3195 5459 3255 5506 nt
3301 5446 3666 5506 humilitatem

1475 5633 1712 5694 VARUS
1749 5634 2138 5694 LECTIONES
2175 5635 2266 5693 ET
2307 5633 2540 5696 NOTAE.

449 5799 568 5873 (56)
599 5801 683 5868 Τῷ
715 5801 913 5872 τρόπῳ
939 5797 1475 5873 παρακαλούντψ,
1499 5803 1606 5873 etc.
1639 5792 1974 5873 Vincentem:

377 5865 472 5944 p16
503 5865 673 5942 magis
696 5865 851 5944 quam
881 5865 1122 5944 oratione
1153 5869 1485 5944 persuaderi.
1515 5866 1792 5944 Menandri
1823 5865 1971 5944 illud

377 5935 659 6015 respexit:
689 5935 902 6016 Τρόπος
928 5941 1038 5995 ἔσθ’
1063 5943 1091 5995 ὁ
1115 5938 1318 5996 πείθων
1348 5937 1443 5994 τοῦ
1473 5936 1744 6011 λέγοντος,
1785 5936 1844 5990 οὐ
1889 5935 1973 5989 λό-

2079 5809 2195 5863 γος.
2229 5791 2431 5863 Cnnl'er
2461 5793 2622 5863 epist.
2652 5789 2778 5863 ﬁlii.
2821 5787 3063 5848 Scuor'r.

2151 5855 2264 5931 {37)
2297 5861 2422 5918 Vat.
2449 5855 2644 5933 630_et
2673 5859 2780 5933 Alt.
2815 5856 3277 5933 προσεσχηκέναι.
3299 5855 3512 5914 l’ossnt.

2154 5930 2269 6001 (58)
2297 5934 2463 5990 Iidem
2499 5931 2692 5988 tollunt
2725 5930 2808 5984 οὐ.
2839 5930 2916 5988 Ib.
