4070 6388
461 408 598 475 1587

1650 412 1712 474 S.
1752 411 2048 475 ISIDORI
2090 410 2532 475 PELUSIOT/E

3578 409 3700 475 1583

463 516 772 588 praesidium
819 530 884 575 ac
914 519 1310 576 munimentum
1356 518 1589 575 aliarum
1623 533 1748 578 esse
1778 522 2039 577 virtutum

2146 521 2300 593 ᾠήθη
2334 521 2446 574 δεῖν
2475 519 2577 591 τὴν
2626 515 3152 589 ταπεινοφροσύνην,
3186 513 3373 588 ὥσπερ
3402 517 3642 588 φρούριον
3672 522 3701 593 ἦ

463 608 713 665 duceret.
1048 663 1055 669 .

720 720 995 780 CDXLIX.
1028 752 1099 763 --
1138 721 1440 783 EUTONIO
1471 722 1788 781 DlACONO.

2156 614 2526 688 φυλακτήριον
2558 612 2665 667 τῶν
2696 611 2870 667 ἄλλων
2903 608 3346 681 κατορθωμάτων
3383 610 3543 682 ἔχειν.

2443 725 2628 780 ΥΜΘ’.
2663 753 2733 766 --
2768 722 3073 792 ΕΥΤΟΝιῼ
3116 721 3436 791 ΔΙΔΚΟΝῼ.

1364 816 1630 873 Bonorum
1661 818 2025 889 malorumque
2054 819 2180 874 dum
2206 817 2499 874 laudantur
2523 819 2829 873 discrimen.

534 932 604 990 Ut
624 947 809 990 eorum
830 933 923 1004 qui
951 932 1160 1005 judicio
1183 942 1312 990 sunt
1338 934 1684 990 condemnati
1718 934 1848 1000 vita,
1878 934 2039 990 modo

2219 935 2432 1005 ’Ὠσπερ
2455 933 2573 988 Ενια
2588 933 2697 986 τῶν
2716 931 3079 1004 ἐγκλημάτων
3101 927 3292 983 εἴωθεν
3317 928 3516 984 ἄπιστα
3542 938 3701 990 ποιεῖν

457 1024 685 1095 probata
706 1024 960 1095 claraque
982 1027 1236 1093 exsistat,
1264 1026 1626 1098 quorumdam
1657 1025 1798 1082 solet
1824 1040 2039 1083 accusa-

2146 1033 2172 1086 ὁ
2194 1030 2301 1085 τῶν
2330 1030 2669 1103 κρινομένων
2692 1029 2829 1100 βίος,
2866 1028 3154 1099 εὐδόκιμος
3193 1026 3268 1080 ὣν
3309 1028 3403 1082 καὶ
3439 1027 3676 1101 λαμπρός
3696 1045 3709 1058 θ

459 1115 660 1171 tionem
692 1114 942 1175 refellere
972 1135 987 1185 ;
1037 1119 1118 1175 sic
1154 1130 1211 1175 et
1260 1118 1606 1176 laudationes
1643 1119 1840 1175 nimias
1875 1118 2042 1175 falsas

456 1206 750 1261 ostendere
776 1217 1183 1265 consueverunt
1225 1224 1406 1265 mores
1435 1207 1792 1279 quorumdam
1835 1208 2043 1264 sinistri

451 1295 607 1366 juxta
638 1313 702 1354 ac
733 1298 884 1355 mali.
921 1299 979 1355 Si
1012 1300 1158 1356 enim
1184 1300 1433 1372 plerique
1454 1298 1734 1365 mortales,
1759 1300 1851 1370 qui
1886 1300 2042 1356 laude

456 1387 675 1460 dignum
715 1389 852 1445 nihil
887 1405 1081 1462 gerere
1115 1392 1373 1457 student,
1418 1390 1659 1461 gaudent
1688 1391 1906 1461 quidem
1951 1406 2042 1447 ca-

454 1475 677 1535 lumniis
700 1519 717 1546 ,
757 1480 1008 1537 laudibus
1058 1491 1246 1537 contra
1290 1482 1684 1538 contristantur
1721 1481 1866 1552 (illas
1893 1482 2039 1537 enim

455 1579 647 1626 contra
693 1586 754 1629 se
805 1572 910 1629 dici
959 1573 1277 1645 opinantur,
1324 1573 1422 1629 has
1462 1589 1596 1629 vero
1649 1588 1927 1643 nunquam
1979 1589 2041 1633 se

455 1673 847 1723 consecuturos
871 1666 1113 1739 sperant)
1139 1685 1153 1722 :
1178 1667 1377 1723 virtute
1400 1681 1531 1723 vero
1566 1667 1824 1732 illustres,
1842 1668 2041 1737 probos

454 1767 592 1822 quos
630 1769 737 1809 non
781 1765 1014 1822 norunt,
1051 1757 1322 1812 calumnia
1353 1763 1633 1824 oneratos,
1685 1759 1849 1812 etiam
1880 1766 2039 1812 sute-

2145 1122 2320 1186 οὖτως
2350 1122 2467 1175 ἔνια
2494 1121 2603 1174 τῶν
2656 1122 2951 1192 ἐγκωμίων
2991 1119 3237 1190 πέφυκεν
3268 1119 3472 1174 ἄπιστα
3502 1125 3662 1175 ποιεῖν
3690 1126 3715 1176 ό

2144 1216 2253 1270 τῶν
2284 1213 2784 1285 ἐγκωμιαζομένων
2819 1214 3042 1287 τρόπος,
3066 1215 3255 1280 σκαιὸς
3286 1213 3361 1270 ὢν
3390 1215 3482 1270 καὶ
3503 1216 3717 1285 φαῦλος.

2147 1307 2210 1361 El
2234 1307 2344 1379 γὰρ
2379 1308 2468 1361 καὶ
2514 1305 2701 1359 πολλοὶ
2731 1306 2841 1361 τῶν
2883 1306 3211 1379 ἀνθρώπων,
3239 1307 3348 1361 τῶν
3374 1308 3536 1379 μηδὲν
3564 1309 3712 1378 λόγου

2147 1396 2299 1464 ἄξιον
2337 1400 2509 1453 ποιεῖν
2568 1397 2884 1464 ἐθελόντων,
2934 1399 3188 1470 χαίρουσι
3240 1398 3338 1469 μὲν
3378 1401 3496 1461 ταῖς
3548 1397 3719 1452 διαϐο-

2148 1487 2292 1554 λαῖς,
2356 1486 2771 1559 δυσχεραίνουσι
2831 1488 2890 1541 δὲ
2952 1488 3046 1542 ἐπὶ
3103 1490 3218 1553 τοῖς
3272 1488 3559 1560 ἐγκωμίοις
3612 1489 3718 1560 (τὰς

2152 1580 2252 1651 μέν
2296 1580 2407 1652 γὰρ
2450 1581 2544 1634 καὶ
2589 1580 2712 1634 καθ’
2734 1581 2957 1636 ’ἑαυτῶν
2994 1574 3258 1653 ἡγοῦνται
3306 1581 3578 1651 λέγεσθαι,
3622 1581 3720 1635 τῶν

2148 1672 2205 1727 δὲ
2258 1672 2516 1727 οὐδέποτε
2559 1671 2865 1727 ἀπολαῦσαι
2912 1673 3335 1745 προσδοκῶσιν)·
3391 1672 3503 1727 ἀλλ’
3532 1669 3620 1725 οὖν
3663 1689 3719 1740 γε

2147 1767 2196 1818 οί
2231 1766 2327 1837 τὴν
2361 1765 2565 1838 ἀρετὴν
2606 1764 2953 1837 ἐστεμμένοι,
2980 1766 3108 1830 τοὺς
3150 1766 3249 1836 μὲν
3273 1765 3524 1837 ἀρίστους
3548 1766 3627 1835 ἐφ’
3650 1758 3722 1827 οἷς

455 1857 619 1912 quam
658 1847 874 1912 norint,
910 1847 1163 1904 innoxios
1194 1849 1497 1904 declarant.
1535 1846 1704 1903 Malos
1726 1863 1857 1903 vero
1894 1849 1939 1903 si
1971 1847 2038 1902 ad

2147 1856 2209 1909 οὐ
2252 1855 2488 1922 συνίασι,
2534 1855 3021 1928 διαϐαλλομένους,
3079 1858 3176 1912 καὶ
3228 1858 3337 1928 πρὸ
3394 1856 3721 1925 διαγνώσεως

455 1935 688 2006 gratiam
732 1936 1047 2004 laudentur,
1099 1939 1257 1995 laude
1299 1940 1551 2012 judicant
1601 1939 1879 2012 indignos,
1918 1955 2034 1995 non

455 2033 567 2082 tam
597 2027 665 2083 ob
693 2014 1041 2100 dicta,'quam
1072 2032 1142 2086 ob
1164 2040 1315 2103 gesta
1338 2031 1604 2103 judicium
1637 2030 1894 2088 ferentes.
1931 2032 2040 2101 lgi-

453 2124 546 2173 tur
586 2133 764 2190 neque
821 2121 1009 2192 optimi
1064 2122 1392 2178 calumniam
1443 2123 1571 2178 dum
1631 2123 1915 2194 patiuntur
1962 2124 2043 2178 in-

453 2208 746 2280 dignentur
770 2211 1003 2284 (jactata
1032 2214 1176 2269 enim
1209 2214 1342 2270 nihil
1367 2216 1433 2272 ad
1455 2216 1590 2272 alios
1611 2217 1926 2289 pertinent),
1947 2234 2042 2275 ne-

451 2316 560 2371 que
611 2303 853 2360 vicissim
908 2305 1156 2362 homines
1206 2307 1426 2378 pessimi
1491 2307 1699 2365 laudari
1750 2310 2039 2366 exsultent.

452 2392 594 2450 Sunt
623 2395 768 2452 enim
802 2394 872 2454 ab
901 2396 969 2455 iis
997 2397 1189 2455 alienae
1220 2399 1581 2470 pronuntiata:
1611 2400 1821 2459 laudes.

909 2701 1063 2760 CDL.
1097 2731 1169 2744 —
1206 2700 1575 2760 HEHACLIO.

2145 1928 2546 2003 ἀπαλλάττουσι
2568 1949 2678 2004 τῶν
2706 1950 3095 2022 ἐγκλημάτων.
3128 1951 3271 2015 Τοὺς
3299 1950 3357 2004 δὲ
3386 1950 3639 2019 φαύλους,
3671 1951 3715 2003 εί

2150 2041 2291 2112 πρὸς
2337 2039 2499 2112 χάριν
2565 2042 3026 2113 ἐγκωμιασθεῖεν,
3099 2041 3363 2108 ἀναξίους
3425 2038 3561 2096 εῖναι
3620 2041 3721 2094 τῶν

2152 2130 2391 2187 ἐπαίνων
2440 2131 2778 2203 νομίζουσιν,
2816 2133 2917 2188 οὐκ
2963 2134 3073 2189 ἀπὸ
3103 2134 3213 2189 τῶν
3253 2133 3589 2206 λεγομένων,
3616 2132 3725 2187 ἀλλ’

2148 2223 2257 2280 ἀπὸ
2284 2222 2392 2278 τῶν
2428 2220 2821 2295 πραττομένων
2849 2223 2948 2289 τὰς
2970 2224 3187 2297 ψήφους
3209 2225 3499 2296 φέροντες.
3534 2217 3730 2277 οὐκοῦν

2150 2316 2290 2386 μήτε
2333 2317 2382 2369 οἱ
2433 2315 2649 2387 ἄριστοι
2723 2316 3140 2390 διαϐαλλόμενοι
3205 2317 3728 2389 δυσχεραινέτωσαν,

2144 2409 2317 2478 (οὐδὲν
2342 2407 2452 2481 γὰρ
2498 2409 2634 2480 πρὸς
2664 2409 2862 2474 αὐτοὺς
2887 2410 2957 2465 τὰ
2997 2410 3343 2481 λεγόμενα),
3391 2407 3518 2481 μήθ’
3555 2408 3604 2461 oi
3649 2407 3732 2461 κάι⁴

2145 2516 2322 2554 κιστοι
2391 2498 2871 2571 ἐγκωμιαζόμενοι
2931 2498 3387 2570 ἀγαλλέσθωσαν.
3461 2496 3733 2566 annm

2141 2591 2251 2663 γὰρ
2286 2591 2468 2647 αὐτῶν
2500 2594 2616 2645 ἐστι
2649 2590 2717 2645 τὰ
2746 2590 3024 2663 ἐγκώμια.

2607 2708 2738 2763 TN’.
2785 2738 2851 2749 —-
2892 2709 3278 2778 ΗΡΑΚΛΕΙῼ.

1752 2793 1885 2861 Qua:
1911 2812 2043 2853 verre
2067 2796 2270 2853 divitiae
2291 2809 2436 2854 sunt.

521 2906 796 2974 Quotnam
841 2906 1087 2977 pluribus
1133 2907 1413 2964 inhiantes
1452 2907 1611 2963 bonis
1655 2908 1908 2965 omnibus
1942 2924 2041 2965 ex-

448 2998 705 3055 ciderunt
735 3037 752 3064 ,
818 3006 873 3055 et
936 2998 1206 3069 superﬂua
1262 3009 1661 3069 corrogantes,
1730 3002 2040 3057 necessaria

449 3091 613 3147 etiam
644 3090 988 3146 amiserunt?
1025 3100 1079 3148 et
1105 3091 1377 3162 legitimos
1397 3092 1727 3149 excedentes
1756 3094 2041 3161 terminos,

2219 2911 2385 2966 Πόσοι
2429 2912 2524 2966 τοῦ
2574 2913 2822 2978 πλείονος
2879 2912 3354 2985 ἐπιθυμήσαντες,
3404 2910 3505 2966 τοῦ
3552 2910 3740 2973 παντὸς

2147 3000 2425 3069 ἐξέπεσον,
2476 3004 2571 3057 καὶ
2605 3006 2674 3059 τὰ
2738 3004 2972 3075 περιττά
3029 3004 3472 3073 συναγαγόντες,
3524 3003 3616 3055 καὶ
3669 3001 3729 3054 τὰ

2146 3095 2423 3163 ἀναγκαῖα
2473 3094 2792 3164 ἀπώλεσαν;
2856 3097 2950 3150 καὶ
3005 3094 3356 3166 ὑπερόάντες
3415 3096 3544 3157 τοὺς
3601 3109 3741 3146 νενο-

447 3180 613 3237 etiam
646 3179 1016 3243 mediocribus
1036 3183 1214 3239 orbati
1244 3193 1371 3238 sunt
1399 3183 1593 3239 bonis?
1622 3182 2039 3256 Supervacanen

2150 3186 2453 3257 μισμένους
2501 3187 2684 3259 ὄρους,
2745 3188 2976 3242 καὶτῶν
3030 3186 3274 3259 μετρίων
3304 3185 3737 3258 ὲγυμνώθησαν;

448 3271 637 3342 itaque
687 3274 1022 3341 resecanda,
1069 3280 1129 3330 ut
1176 3276 1498 3332 necessariis
1529 3277 1783 3334 ditemur.
1856 3277 2039 3349 Neque

2148 3279 2269 3351 Χρὴ
2316 3275 2410 3334 οὖν
2470 3279 2825 3350 περικόπτειν

448 3366 599 3422 enim
625 3366 821 3437 opibus
848 3368 1152 3437 abundare,
1180 3368 1275 3425 sed
1309 3369 1376 3425 iis
1406 3383 1516 3425 non
1542 3370 1807 3441 indigere,
1836 3370 2041 3427 divitias

448 3466 577 3513 sunt
608 3459 883 3516 maximae.

638 3665 811 3740 692
842 3667 1017 3727 σου.
1057 3698 1126 3710 --
1173 3667 1481 3728 EUTONIO
1517 3666 1839 3725 DlACONO.

2906 3279 2975 3334 τὰ
3032 3279 3307 3350 περιττὰ,
3388 3278 3457 3349 ἵν’
3530 3279 3586 3330 ἐν
3638 3277 3742 3339 τοῖς

2148 3371 2468 3439 ἀναγκαίοις
2506 3372 2825 3443 πλουτῶμεν
2856 3390 2869 3403 ι
2915 3372 2976 3425 οὐ
3030 3370 3141 3442 γὰρ
3171 3370 3269 3424 τὸν
3300 3369 3539 3424 πλοῦτον
3583 3367 3740 3438 ἔχειν,

2147 3462 2285 3517 ἀλλὰ
2355 3463 2416 3517 τὸ
2484 3464 2559 3537 μὴ
2636 3464 2848 3519 δεῖσθαι
2952 3463 3209 3529 πλούτου,
3303 3460 3546 3525 πλοῦτός
3635 3462 3746 3512 ἐστι

2150 3556 2425 3626 μέγιστος.

2454 3665 2630 3723 ΥΝΑν.
2662 3695 2730 3707 -
2761 3666 3065 3737 errem
3104 3666 3447 3737 maxum).

871 3761 952 3816 De
977 3759 1191 3815 Eusebii
1224 3761 1454 3833 episcopi
1488 3759 1695 3818 Pelusii
1720 3762 1980 3828 moribus,
2012 3762 2078 3816 de
2099 3776 2203 3831 quo
2227 3759 2364 3815 alias
2395 3770 2554 3828 stupe.
2592 3757 2758 3831 (Infr.
2795 3758 2903 3815 470
2935 3768 2982 3814 et
3014 3775 3136 3829 sup.
3165 3757 3322 3825 129.)

519 3876 684 3934 Aliud
715 3884 834 3944 est,
867 3876 954 3932 vir
980 3874 1321 3941 admit-aude,
1352 3875 1405 3930 in
1436 3862 1802 3945 suspicionem
1828 3876 2036 3942 venire,

2216 3876 2292 3929 Οὐ
2334 3873 2552 3940 ταυτὸν,
2598 3868 2645 3929 ὦ
2696 3873 2991 3944 θαυμάσιε,
3066 3872 3137 3926 τὸ’
3188 3870 3628 3944 ὑποπτευθῆναι
3673 3869 3747 3940 τῷ

448 3972 597 4030 aliud
623 3984 755 4027 vero
785 3967 1129 4039 reprehendi.
1167 3967 1303 4024 Illud
1339 3968 1486 4023 enim
1521 3982 1642 4024 esse
1671 3967 1845 4023 fertur
1873 3969 2039 4023 etiam

2146 3965 2374 4021 άλῶναι’
2412 3966 2475 4020 τὸ
2527 3966 2628 4038 μὲν
2661 3966 2772 4038 γὰρ
2832 3966 2927 4020 καὶ
2984 3965 3130 4020 κατὰ
3162 3965 3261 4020 τοῦ
3321 3966 3401 4038 μὴ
3455 3966 3747 4038 δράσαντος

450 4066 526 4122 nil
555 4062 856 4133 agentium,
887 4060 992 4117 boe
1016 4076 1148 4118 vero
1172 4060 1240 4118 de
1264 4062 1584 4130 compertis.
1623 4058 1681 4116 Si
1712 4076 1843 4118 vero
1871 4061 2038 4118 Euse-

2146 4059 2383 4129 λέγεται,
2406 4061 2466 4115 τὸ
2490 4061 2547 4114 δέ
2578 4061 2720 4116 κατὰ
2744 4059 2837 4115 τοῦ
2866 4060 3237 4133 φωραθέντος.
3264 4062 3331 4116 El
3366 4062 3428 4116 δὲ
3465 4060 3741 4125 Εὐσέϐιος,

448 4160 593 4227 bius,
635 4168 696 4215 ut
720 4156 943 4222 scribis,
982 4154 1121 4213 alios
1151 4163 1357 4211 temere
1391 4154 1447 4209 in
1476 4154 1843 4225 suspicionem
1868 4170 2035 4212 voca-

2146 4151 2220 4215 ὡς
2276 4152 2404 4223 φὴς,
2452 4151 2582 4216 τοὺς
2641 4150 2741 4223 μὲν
2804 4150 2984 4223 μάτην
3033 4151 3483 4223 ὑπονοουμένους
3511 4150 3605 4204 καὶ
3629 4149 3735 4202 δια-

454 4263 542 4307 tos
571 4260 964 4319 accusatosque
1000 4247 1243 4318 expellit,
1276 4246 1413 4303 alios
1452 4256 1633 4303 autem
1662 4246 2035 4317 deprehensos

2149 4244 2527 4315 ϐαλλομένους
2564 4244 2965 4315 ἐξοστρακίζει,
3004 4245 3132 4307 τοὺς
3185 4243 3243 4297 δὲ
3298 4244 3541 4309 ἁλόντας
3573 4243 3745 4316 μείζο-

380 4330 383 4331 ⁷
449 4342 655 4412 majore
681 4342 877 4413 dignos
900 4339 1072 4412 gradu
1106 4348 1362 4404 censeat,
1415 4350 1523 4405 qua
1549 4339 1917 4395 assentatione
1951 4339 2036 4392 i'n-

2149 4353 2237 4401 νος
2266 4336 2411 4402 ἀξιοῖ
2462 4336 2697 4408 βαθμοῦ,
2736 4336 2812 4408 πῆ
2863 4336 2964 4408 μὲν
3016 4336 3343 4401 κολακείαις
3399 4337 3740 4406 πειθόμενος.

447 4437 674 4503 ductus,
729 4446 837 4505 qua
885 4431 1133 4503 pecuniis
1175 4432 1432 4498 inhians,
1479 4430 1587 4486 noli
1641 4431 1923 4487 admirari.
1979 4431 2037 4487 Si

2149 4427 2225 4498 πῆ
2251 4427 2309 4480 δὲ
2343 4429 2642 4499 χρημάτων
2673 4428 3022 4500 ὀρεγόμενος,
3063 4426 3137 4499 μὴ
3172 4428 3507 4501 θαυμάσῃς.
3548 4430 3611 4482 El
3646 4427 3738 4496 μὲν

446 4527 593 4583 enim
616 4529 800 4582 omnia
826 4532 972 4582 recta
998 4524 1203 4581 faceret
1228 4523 1461 4590 ratione,
1493 4520 1724 4579 fortasse
1746 4522 1878 4579 illud
1903 4538 2036 4595 quo-

2146 4520 2254 4590 γὰρ
2300 4521 2348 4574 τ’
2384 4520 2518 4576 ἄλλα
2567 4522 2746 4578 πάντα
2795 4522 2938 4577 κατὰ
2995 4522 3153 4591 λόγον
3209 4522 3373 4594 αὐτῷ
3419 4522 3739 4595 ἐπράττετο,

447 4635 556 4690 que
576 4618 974 4677 emendandum
1005 4616 1368 4693 existimaret.
1408 4614 1467 4672 Si
1489 4630 1620 4672 vero
1642 4615 1754 4689 agit
1782 4616 2037 4672 universa

2146 4613 2279 4677 ἴσως
2314 4612 2428 4684 (39)
2480 4613 2576 4671 καὶ
2630 4612 2790 4668 τοῦτο
2856 4614 3201 4686 διορθώσεως
3268 4618 3545 4687 ἠξίωσεν.
3602 4615 3664 4669 Εἰ
3695 4612 3746 4665 δὲ

447 4727 570 4783 qua:
615 4726 725 4768 non
769 4717 1024 4783 oportet,
1078 4709 1185 4767 hoc
1212 4723 1427 4782 quoque
1462 4708 1685 4782 dignum
1728 4721 1853 4765 esse
1886 4707 2039 4765 illius

2146 4705 2324 4760 πάντα
2356 4705 2458 4777 δρᾷ
2483 4705 2518 4760 δι
2547 4707 2681 4777 δρᾷν
2721 4706 2782 4759 οὐ
2814 4705 2993 4777 θέμις,
3030 4709 3125 4761 καὶ
3159 4707 3326 4764 τοῦτο
3376 4709 3537 4774 ἄξιον
3559 4708 3618 4762 ὃν
3648 4705 3743 4759 τῶν

2071 4496 2118 4555 1)

448 4802 694 4861 moribus
724 4816 833 4860 non
867 4801 1132 4875 ambigat.

941 4911 1140 4970 CDLll.
1175 4942 1247 4955 —
1283 4910 1537 4971 PAULO.

2143 4795 2309 4859 αὑτοῦ
2343 4796 2562 4868 τρόπων
2608 4795 2817 4868 μηδένα
2857 4797 3134 4864 ξενιζέτω.

2654 4892 2831 4966 ῨΝΒν.
2871 4940 2942 4951 --—
2980 4910 3234 4983 ΠΑΥΛῼ.

1387 5000 1491 5060 Uni
1516 5006 1811 5062 vacandum
1847 5006 1971 5061 arti.
2002 5001 2184 5077 (Supr.
2217 5001 2408 5056 similis
2437 5003 2588 5071 epist.
2628 5003 2776 5066 580.)

525 5116 628 5186 Qui
654 5115 879 5172 omnino
907 5116 1104 5171 multas
1133 5117 1391 5175 scientias
1417 5126 1673 5188 artesque
1704 5118 1913 5184 didicit,
1937 5121 2039 5174 etsi

449 5210 693 5266 omnium
729 5208 1011 5265 hominum
1051 5207 1125 5263 sit
1151 5208 1644 5280 ingeniosissimus,
1680 5224 2040 5280 unamquam-

457 5314 557 5369 que
617 5314 807 5355 earum
867 5297 935 5352 ad
999 5310 1271 5353 summum
1334 5308 1529 5354 exacta
1588 5296 1869 5368 diligentia
1929 5311 2037 5351 non

453 5398 688 5459 tractat,
735 5405 858 5446 cum
905 5388 1132 5444 multum
1173 5389 1458 5459 temporis,
1493 5389 1637 5459 quod
1684 5389 1950 5444 exercitio
1981 5399 2038 5446 et

451 5496 595 5537 cum
635 5483 836 5553 prioris
867 5484 1001 5539 artis
1043 5481 1286 5552 impendi
1326 5480 1523 5546 debet,
1558 5482 1611 5535 in
1644 5481 1872 5537 alterius
1900 5482 2036 5537 artis

454 5576 862 5645 recuperatione
885 5583 1275 5633 consumatur:
1319 5573 1412 5629 sed
1462 5573 1516 5629 in
1547 5587 1614 5629 eo
1640 5574 1858 5644 quidem
1887 5577 2032 5647 quod

2219 5121 2292 5174 Οὐ
2327 5120 2544 5183 πάντως
2584 5120 2612 5173 ὁ
2659 5119 2858 5183 πολλὰς
2896 5120 3211 5193 ἐπιστήμας
3259 5117 3295 5190 ἢ
3331 5118 3541 5189 τέχνας
3571 5130 3741 5190 μεμα-

2145 5211 2351 5284 θηκὼς,
2380 5211 2489 5266 οὐδ’
2527 5211 2594 5265 ἂν
2640 5212 2860 5266 πάντων
2904 5210 3213 5284 ἀνθρώπων
3259 5210 3651 5279 εὐφυέστατος
3688 5200 3740 5278 ᾗ.

2142 5304 2383 5376 ἑκάστην
2408 5302 2589 5358 αὐτῶν
2614 5305 2695 5367 εἰς
2747 5304 2916 5376 ἄκρον
2975 5301 3216 5374 ἀκριϐοῖ,
3246 5299 3350 5355 τοῦ
3399 5301 3605 5372 χρόνου
3650 5292 3739 5349 τοῦ

2141 5397 2446 5467 ὀφείλοντος
2468 5399 2548 5462 είς
2599 5397 2697 5470 τὴν
2765 5396 3002 5468 ἄσκησιν
3043 5397 3139 5451 καὶ
3190 5395 3289 5466 τὴν
3361 5393 3608 5465 μελέτην
3648 5392 3744 5458 τῆς

2139 5487 2366 5560 πρώτης
2421 5487 2617 5559 τέχνης
2677 5487 3048 5557 ἀναλωθῆναι,
3139 5487 3219 5549 εἰς
3298 5484 3481 5554 ἄλλης
3552 5479 3745 5549 τέχνης

2141 5576 2410 5649 ἀνάληψιν
2452 5577 2883 5650 δαπανωμένου*
2935 5575 3071 5631 ἀλλά
3131 5575 3464 5630 πλεονεκτεῖ
3522 5570 3621 5643 μὲν
3669 5562 3747 5634 τῷ

1543 5732 1781 5788 VARUS
1821 5733 2212 5793 LECTIONES
2248 5736 2337 5795 ET
2380 5736 2614 5797 NOTJE.

536 5876 646 5946 (39)
676 5877 821 5936 Inter
845 5882 971 5946 ἴσως
1003 5892 1056 5941 et
1086 5883 1180 5937 καὶ
1212 5885 1373 5942 iidem
1409 5885 1650 5942 inserunt
1673 5887 1756 5941 ἄν.
1797 5888 2012 5949 Possm.
