4070 6418
375 455 513 522 1589

1259 458 1801 522 EPISTOLARUM
1837 461 1985 522 LIB.
2025 463 2092 524 V.
2133 485 2204 498 -νι
2233 463 2471 524 EPIST.
2517 463 2764 526 CDLIV.

3524 421 3669 528 περί)

371 569 577 635 πολλάς
600 568 821 638 εἰδέναι,
855 569 1394 628 άντιπλεονεκτεῖται
1439 574 1498 628 δὲ
1540 573 1672 646 παρ’
1722 575 1960 630 ἑκάστου

2076 574 2270 630 multas
2315 575 2488 640 sciat,
2529 576 2712 631 omnia
2769 575 2870 631 sibi
2919 573 3203 644 superiora
3239 572 3514 640 vindicat,
3560 573 3658 630 sed

371 661 484 716 τῶν
524 661 656 730 μίαν
685 660 884 732 τέχνην
914 667 994 727 είς
1029 663 1200 735 ἄκρον
1257 665 1606 736 ἠσκηκότων.
1649 665 1742 738 Μὴ
1776 666 1958 721 τοίνυν

375 751 502 823 μηδ’
535 752 700 818 αὐτὸς
753 752 934 809 πάντα
972 754 1172 810 εἰδέναι
1219 755 1362 810 θέλε.
1411 757 1508 811 Ἐκ
1539 757 1648 828 γὰρ
1678 757 1874 812 τούτου
1903 759 1963 812 τὸ

376 845 542 915 μηδὲν
568 845 814 918 ἀκριϐῶς
837 847 1036 902 είδέναι
1091 849 1220 923 περὶ
1269 849 1505 903 ⁴ἑκαστον
1555 851 1804 919 γίγνεται
1827 848 1964 920 (40).

389 937 550 994 Ἀλλὰ
602 941 744 1014 πρὸς
789 940 890 996 ἕνα
949 943 1164 1013 βλέπων
1229 944 1459 1012 σκοπὸν,
1520 945 1640 998 ἐκεῖ
1690 945 1868 998 τεῖνον
1904 943 1967 998 τὸ

373 1031 532 1103 ὄμμα
576 1033 679 1104 τῆς
705 1033 968 1099 διανοίας.
1017 1035 1173 1088 Οὕτω
1227 1036 1336 1106 γὰρ
1387 1037 1620 1110 περιέσῃ
1649 1034 1745 1090 τοῦ
1781 1036 1963 1107 πράγ-

376 1139 565 1194 ματος.

840 1238 1015 1295 ΥΝΓο.
1054 1271 1124 1281 -
1162 1241 1251 1314 rp
1293 1241 1498 1314 ΑΥΤῼ.

2071 674 2262 721 contra
2295 665 2622 736 deprimitur
2650 666 2719 720 ab
2753 679 3088 736 unoquoque
3108 679 3298 720 eorum
3318 707 3333 732 ,
3361 662 3452 735 qui
3496 678 3658 720 unam

2075 759 2142 814 ad
2175 772 2445 814 summum
2469 759 2844 814 exeolucrunt.
2879 756 2958 814 Ne
2991 759 3156 829 igitur
3181 757 3364 812 omnia
3392 756 3537 813 scire
3560 769 3661 812 ve-

2076 850 2184 904 lis:
2221 864 2284 905 ex
2325 850 2430 904 hoc
2456 849 2602 904 enim
2630 848 2860 904 el'ﬁcitur
2885 848 3020 904 nihil
3057 858 3312 904 accurate
3345 851 3400 903 in
3431 847 3662 919 singulis

2076 943 2327 1012 c0guosci
2361 960 2377 998 :
2423 943 2522 999 sed
2555 959 2720 997 unitm
2751 953 3003 1014 spectans
3027 957 3252 1013 scopum
3273 983 3289 1010 ,
3325 941 3433 998 huc
3462 940 3662 999 mentis

2075 1036 2248 1090 aciem
2299 1034 2490 1106 dirige.
2565 1033 2659 1091 Sic
2697 1036 2842 1091 enim
2887 1047 3000 1091 rem
3047 1033 3386 1106 expugnabis
3425 1043 3482 1089 et
3525 1047 3660 1091 con-

2075 1126 2346 1196 sequeris.

2569 1239 2794 1297 CDLlll.
2829 1271 2898 1282 ——-
2933 1239 3162 1295 EIDEM.

373 1331 562 1388 Aliena
592 1342 809 1403 peccata
833 1337 1118 1389 verecunde
1145 1337 1573 1408 perstringenda,
1620 1326 1860 1422 ne'alior.
1892 1345 2215 1478 ραι-ρὲὃιῗῗε
2251 1337 2358 1404 ipse
2397 1334 2634 1406 linguam
2680 1335 3022 1390 contaminet.
3068 1332 3228 1404 (Vide
3265 1333 3418 1401 epist.
3445 1330 3582 1396 49.1;
3613 1339 3662 1386 et

1840 1425 1895 1462 in
1928 1424 1986 1462 ra
2139 1448 2149 1460 .

1840 1424 1986 1462 intra
2025 1424 2149 1462 θυι.

449 1519 714 1593 Εύφημον
763 1522 863 1594 μὲν
910 1521 1056 1596 ἔχειν
1108 1523 1216 1596 χρὴ
1267 1523 1360 1578 καὶ
1417 1523 1622 1596 σεμνὴν
1663 1521 1763 1594 τὴν
1793 1519 1968 1592 γλῶτ-

376 1630 482 1668 ταν
501 1630 517 1648 ο
553 1614 742 1686 ἐπειδὴ
773 1615 830 1668 δὲ
857 1617 984 1680 τοὺς
1026 1617 1108 1680 είς
1136 1615 1302 1671 αὐτὸν
1333 1616 1433 1688 τῆς
1459 1615 1660 1680 κακίας
1695 1613 1788 1668 τὸν
1827 1610 1966 1665 πυθ-

387 1709 526 1776 μένα
581 1709 1028 1778 νεναυαγηκότας
1075 1707 1376 1780 άνιμᾶσθαι
1428 1709 1558 1780 χρὴ,
1613 1705 1967 1761 ἀτοπώτατον

373 1796 435 1850 δὲ
467 1797 616 1851 δοκεῖ
659 1797 751 1853 τὸν
807 1798 1002 1864 ἄλλους
1037 1800 1342 1872 ἀναστῆσαι
1403 1799 1751 1870 βουλόμενον,
1802 1795 1968 1852 αὑτὸν

2141 1523 2348 1579 Bonam
2399 1522 2556 1578 decet
2621 1533 2951 1592 gravemque
2997 1517 3260 1573 adhibere
3306 1519 3361 1571 in
3409 1529 3663 1572 sermone

2069 1615 2347 1686 linguam’,
2397 1613 2833 1686 quandoquidem
2866 1617 3084 1681 oportet
3133 1623 3165 1664 e
3209 1605 3479 1678 profundo
3507 1621 3664 1664 coeno

2071 1707 2330 1764 vitiorum
2368 1707 2502 1763 alios
2557 1715 2804 1778 prompte
2831 1703 3142 1758 extrahere.
3197 1699 3511 1756 Ahsurdum
3537 1712 3664 1753 vero

2073 1800 2294 1876 ridetur
2323 1798 2460 1856 alios
2500 1799 2712 1868 erigere
2745 1805 3034 1853 conantem
3067 1793 3244 1864 ipsum
3287 1791 3416 1846 labi.
3475 1787 3550 1846 Ut
3594 1789 3666 1846 sit

376 1888 766 1946 καταπίπτειν.
824 1889 910 1956 Ὠς
947 1891 1015 1946 ἂν
1061 1887 1172 1955 οἷός
1207 1908 1268 1946 τε
1321 1891 1603 1962 τυγχάνει,
1652 1890 1863 1954 δίκαιος
1896 1887 1964 1942 ἂν

2076 1906 2322 1962 aequum,
2365 1890 2540 1960 quoad
2571 1889 2687 1958 ejus
2720 1888 2833 1943 ﬁeri
2887 1892 3098 1956 potest,
3131 1896 3446 1939 sermonum
3480 1880 3665 1951 gravi-

375 1981 468 2054 εἴη
519 1983 896 2056 περιστέλλειν
947 1985 1049 2058 τὴν
1089 1985 1200 2040 τῶν
1240 1986 1589 2058 πραγμάτων
1631 1982 1966 2055 αἰσχρότητα

373 2079 444 2147 τῇ
470 2077 580 2130 τῶν
601 2077 802 2144 λέξεων
854 2079 1144 2149 σεμνότητι
1171 2095 1186 2110 ο
1221 2077 1310 2134 ἴνα
1364 2078 1440 2151 μὴ
1487 2075 1784 2147 ἐπιστύψαι
1823 2073 1969 2129 ἐκεί-

376 2185 501 2231 νους
530 2167 854 2239 βουλόμενος
881 2170 981 2240 τὴν
1012 2169 1206 2226 ἑαυτοῦ
1230 2169 1481 2241 γλῶτταν
1503 2167 1962 2240 καταρῤυπαίνοιο

378 2259 520 2330 μηδὲ
547 2260 854 2326 ἀπαλλάξαι
883 2261 1166 2334 μολυσμοῦ
1196 2261 1419 2329 ἐθέλων,
1453 2261 1617 2325 αὐτὸς
1660 2259 1963 2332 μολύνοιτο.

285 2424 292 2430 _
375 2351 449 2404 Εί
499 2351 556 2405 δὲ
607 2353 776 2426 φαίης
809 2357 892 2410 ὅτι
941 2355 1003 2408 ού
1035 2354 1270 2430 δυνατόν
1319 2356 1436 2408 ἐστι
1493 2355 1589 2408 καὶ
1634 2353 1832 2425 σεμνὸν
1883 2353 1965 2407 εί-

372 2444 500 2496 πεῖν
519 2442 654 2516 (41),
707 2446 802 2500 καὶ
853 2426 1204 2517 καθάψασθαι
1245 2445 1338 2501 τοῦ
1396 2445 1722 2510 ἀκούοντος·
1777 2444 1965 2516 φαίην,

373 2534 512 2588 ὅτιὸ
555 2535 651 2589 τοῦ
697 2537 920 2610 μετρίου
947 2539 1175 2612 ἐλέγχου
1226 2538 1615 2610 καταφρονῶν,
1675 2531 1835 2604 οὗτος
1868 2537 1967 2594 καὶ

371 2628 474 2684 τοῦ
503 2630 748 2706 ἀμέτρου
779 2633 874 2686 καὶ
901 2633 1117 2706 γυμνοῦ
1149 2633 1310 2686 πλέον
1331 2631 1744 2704 ὀλιγωρήσειεν.
1771 2631 1835 2684 Εἰ
1859 2629 1968 2700 γάρ

375 2721 412 2790 ἡ
451 2722 696 2794 πραότης
727 2723 822 2778 τοῦ
845 2725 1121 2795 λέγοντος,
1146 2725 1240 2779 καὶ
1270 2727 1304 2798 ἡ
1333 2727 1431 2798 τῆς
1467 2723 1666 2790 λέξεως
1699 2721 1969 2794 σεμνότης

375 2812 480 2868 οὒκ
519 2813 758 2886 ὠφελεῖ,
820 2817 986 2889 σχολῇ
1039 2833 1102 2886 γε
1149 2815 1334 2888 γυμνὴ
1396 2815 1506 2870 τῶν
1562 2813 1970 2886 πεπραγμένων

375 2903 530 2978 αὐτῷ
562 2907 595 2979 ἡ
630 2907 886 2980 προφορὰ
933 2909 1232 2982 ὠφελήσει.

487 3020 660 3078 ΥΝΔι.
701 3053 772 3070 -
820 3023 1338 3096 ΑιήΑθοΔΑιΜοΝι
1374 3024 1859 3099 ΓΡΑΜΜΑΤΙΚῼ.
1914 2993 1920 3002 ’

2081 1991 2188 2038 tate
2215 1975 2395 2036 rerum
2423 1993 2606 2053 tegere
2631 1978 3044 2051 turpitudinem,
3070 1991 3138 2032 ne
3165 1975 3290 2030 dum
3319 1975 3457 2031 alios
3484 1975 3667 2031 studet

2074 2074 2348 2144 mordere,
2373 2089 2526 2130 suam
2555 2075 2671 2144 ipse
2697 2073 2943 2144 inquinet
2976 2071 3241 2138 linguam,
3268 2082 3448 2140 neque
3474 2067 3664 2124 sordes

2073 2166 2262 2223 volens
2290 2167 2516 2224 alterius
2543 2165 2751 2232 tollere,
2781 2165 2899 2234 ipse
2926 2161 3264 2233 inquinetur.
3294 2160 3366 2214 At
3385 2159 3432 2216 si
3458 2158 3666 2215 dixeris

2074 2260 2192 2316 ﬁeri
2226 2275 2331 2316 non
2371 2275 2532 2330 posse
2562 2268 2622 2315 ut
2647 2259 2772 2330 quis
2799 2256 3029 2314 sublime
3056 2255 3232 2322 dicat,
3265 2261 3322 2310 ct
3353 2253 3422 2310 ab
3448 2252 3666 2308 audito-

2071 2354 2222 2410 ribus
2239 2352 2594 2424 intelligatur,
2609 2349 2915 2422 respondeo
2938 2367 2952 2404 :
2973 2347 3078 2416 Qui
3103 2347 3438 2403 moderatam
3455 2343 3663 2414 respuit

2071 2445 2568 2517 reprehensionem,
2601 2443 2688 2500 hic
2715 2450 2771 2498 et
2809 2439 3156 2498 immodicam
3187 2437 3498 2508 nudamque
3535 2450 3668 2491 con-

2074 2545 2302 2592 tenmet.
2339 2535 2396 2592 Si
2423 2535 2568 2593 enim
2595 2534 2830 2592 dicentis
2857 2532 2992 2588 mite
3015 2531 3312 2604 ingenium,
3342 2528 3662 2585 verborum-

2071 2644 2177 2700 que
2208 2629 2450 2701 gravitas
2475 2629 2608 2684 nihil
2643 2627 2886 2701 prodest,
2917 2640 2986 2683 ne
3025 2627 3170 2682 nuda
3198 2623 3418 2695 quidem
3447 2636 3478 2678 a
3503 2621 3668 2679 rebus

2072 2725 2376 2782 enuntiatio
2405 2733 2490 2780 est
2522 2723 2826 2796 profutura.

2125 3023 2355 3080 CDLlV.
2391 3055 2464 3065 --
2511 3023 3090 3083 AGATllODEMONI
3131 3021 3616 3082 GRAMMATICO.
3654 3105 3658 3109 _

895 3112 974 3169 De
1000 3112 1314 3172 Mithridate
1338 3132 1452 3188 rege
1476 3117 1692 3188 ejusque
1719 3125 1906 3172 contra
1931 3131 2130 3172 uenena
2166 3115 2612 3186 alexipharmaco.
2645 3115 2825 3188 (Cani.
2853 3119 3008 3188 epist.
3035 3116 3151 3190 66.)
3221 3165 3226 3170 .

449 3242 720 3308 Πολλάκις
745 3245 774 3298 ὃ
794 3245 1003 3299 ἐπινοεῖ
1029 3262 1112 3310 τις
1131 3246 1213 3310 είς
1239 3246 1543 3315 ἀσφάλειαν
1560 3245 1790 3313 ἑαυτοῦ,
1807 3245 1970 3302 τοῦτο

2152 3243 2283 3311 Quae
2336 3245 2406 3300 ad
2455 3259 2705 3301 securam
2755 3245 2839 3302 sui
2889 3245 3108 3302 tutelam
3153 3246 3278 3317 quis
3319 3245 3666 3316 excogitavit,

375 3336 704 3408 εὑρίσκεται
775 3339 1178 3410 χαλεπωτάτων
1246 3309 1423 3392 αἴτιον
1475 3309 1795 3412 συμφορῶνί
1858 3340 1965 3394 Καὶ

2076 3335 2242 3408 693
2290 3337 2406 3398 haec.
2441 3351 2586 3408 saepe
2619 3352 2837 3393 causam
2868 3353 2990 3394 esse
3029 3338 3389 3393 maximarum
3425 3338 3668 3408 comperi

373 3428 468 3482 ἵνα
492 3427 562 3483 τὰ
595 3428 734 3486 ἄλλα
761 3430 942 3503 παρῶ,
980 3430 1059 3500 ἓν,
1085 3431 1154 3486 δι’
1181 3428 1243 3488 οὗ
1279 3434 1460 3489 πάντα
1513 3433 1759 3506 μηνύσω,
1804 3433 1966 3499 λέξω.

371 3519 738 3592 Μιθριδάτης,
767 3521 844 3588 ὥς
876 3527 1107 3594 φασιν,δ
1139 3525 1438 3598 Παρθυέων
1483 3526 1582 3582 καὶ
1611 3526 1788 3582 ἄλλων
1838 3527 1970 3582 πολ-

370 3607 484 3664 λῶν
509 3609 680 3665 ἐθνῶν
710 3611 1075 3683 βασιλεύσας,
1097 3613 1188 3668 ἐπὶ
1231 3613 1376 3684 μέγα
1429 3614 1714 3686 δυνάμεως
1771 3615 1971 3689 προελ-

372 3699 506 3768 θὼν,
554 3702 650 3757 καὶ
701 3701 918 3774 πλούτῳ
979 3703 1167 3776 κομῶν
1219 3706 1318 3760 καὶ
1371 3705 1684 3778 συμμαχίᾳ,
1735 3705 1830 3762 καὶ
1887 3708 1969 3770 είς

372 3789 538 3852 αὐτὸν
567 3792 770 3858 ἐλάσας
821 3795 921 3866 τῆς
950 3795 1303 3869 ἀνθρωπίνης
1352 3796 1658 3870 εὐημερίας
1691 3799 1784 3852 τὸν
1815 3799 1963 3870 ὅρον,

373 3883 640 3954 φοϐηθεὶς
675 3887 751 3958 μὴ
785 3886 1102 3961 δηλητηρίῳ
1134 3889 1475 3962 ἀναιρεθείη,
1514 3888 1966 3962 ἀλεξιφάρμακον

372 3974 557 4046 ἑαυτῷ
607 3977 1036 4033 κατεσκεύασεν.
1081 3980 1512 4054 Μεταϐαλούσης
1545 3977 1639 4036 οὖν
1681 3980 1831 4053 αὐτῷ
1869 3981 1969 4052 τῆς

372 4065 700 4138 εὐημερίας,
746 4069 829 4131 είς
885 4069 1160 4142 τοσαύτην
1202 4066 1370 4142 ἦλθεν
1420 4073 1691 4144 ἀνάγκην,
1754 4072 1831 4136 ὡς
1887 4073 1968 4136 είς

371 4158 840 4228 φαρμακοποσίαν
911 4161 1216 4232 τραπῆναι.
1306 4162 1395 4227 Ὠς
1457 4161 1515 4216 δὲ
1584 4163 1737 4218 οὐδὲν
1804 4163 1968 4234 ἤνυεν

373 4246 555 4320 (ἔτυχε
595 4249 724 4322 γὰρ,
747 4250 822 4315 ὡς
851 4249 1008 4323 ἔφην,
1043 4253 1305 4326 πρόπομα
1339 4253 1478 4324 πρὸς
1527 4255 1636 4308 πᾶν
1666 4253 1964 4326 φάρμακον

370 4339 698 4414 ἀνδροφόνον
729 4345 1180 4418 ἀλεξιφάρμακον
1241 4345 1521 4418 προπιὼν,
1569 4345 1713 4402 ὥστε
1767 4345 1843 4418 μὴ
1895 4345 1966 4400 τὰ

370 4433 682 4507 δηλητήρια
753 4437 919 4493 αὐτὸν
985 4437 1234 4510 βλάψαι),
1287 4433 1348 4493 οὗ
1403 4438 1878 4512 προκατειληφυία
1932 4439 1966 4508 ἡ

369 4526 625 4600 δύναμις,
659 4528 754 4584 τὸν
783 4533 850 4586 ἐκ
877 4529 972 4586 τοῦ
1007 4532 1336 4605 δηλητηρίου
1375 4532 1454 4586 ίὸν
1485 4533 1588 4586 οὐκ
1621 4533 1773 4586 είασε
1824 4549 1964 4604 κρα-

368 4621 558 4692 τῆσαι.
621 4621 688 4674 Τί
735 4617 830 4677 οὖν
901 4623 1260 4690 sobria-269w;
1309 4623 1446 4678 Τινὰ
1493 4623 1603 4680 τῶν
1647 4623 1968 4696 δορυφόρων

372 4711 573 4767 ἑαυτοῦ
623 4715 720 4769 καὶ
765 4715 1128 4788 σκηπτούχων
1188 4716 1663 4788 ἐφελκυσάμενος,
1745 4715 1960 4770 κελεύει

371 4804 619 4873 πατάξαι
645 4804 759 4877 (42)
814 4805 1042 4878 καιρίαν
1091 4809 1171 4872 είς
1210 4806 1272 4860 τὸ
1305 4807 1532 4880 στέρνον
1575 4805 1656 4879 τῷ
1697 4807 1962 4880 ἀκινάκῃ.

379 4900 480 4966 ’ος
508 4898 566 4956 δὲ
607 4901 858 4968 πατάξας
891 4901 1137 4968 άνείλεν·
1184 4902 1358 4970 οὕτως
1389 4903 1544 4957 οὐδὲν
1592 4904 1798 4956 ἐκεῖνον
1823 4901 1968 4972 ὠφέ-

2077 3427 2468 3483 calamitatum.
2513 3428 2691 3498 thue
2719 3439 2915 3484 caetera
2949 3430 3220 3496 omittam,
3251 3445 3417 3485 unum
3457 3431 3523 3486 ad
3553 3445 3668 3485 rem

2078 3519 2217 3575 hanc
2244 3519 2626 3576 declarandam
2657 3521 2880 3578 all'eram
2907 3541 2922 3581 :
2957 3525 3392 3592 Mithridates,ut
3419 3535 3668 3592 narrant,

2075 3610 2404 3667 Parthorum
2429 3613 2523 3670 ille
2549 3616 2907 3686 gentiumque
2930 3616 3288 3688 plurimarum
3317 3633 3432 3682 rex,
3462 3619 3664 3689 ingenti

2076 3715 2368 3775 provectus
2411 3707 2674 3776 potentia,
2709 3709 2903 3778 opibus
2929 3708 3176 3774 amuens,
3207 3723 3272 3766 ac
3305 3710 3662 3766 ﬁnitimorum

2077 3797 2366 3864 societate,
2396 3813 2570 3869 eoque
2589 3799 2766 3856 elatus
2799 3803 3019 3858 tandem
3047 3803 3298 3858 humana:
3331 3805 3666 3874 prosperita-

2077 3891 2177 3957 tis,
2222 3892 2390 3962 coepit
2426 3893 2602 3948 vereri
2651 3908 2718 3948 ne
2753 3909 2964 3952 veneno
2998 3895 3301 3952 tolleretur.
3361 3897 3670 3954 Pharmaco

2075 3983 2265 4055 itaque
2291 3993 2344 4041 et
2375 3986 2622 4043 antidoto
2647 4001 2706 4043 se
2734 3989 2949 4045 munire
2971 3972 3213 4058 animum
3243 3990 3456 4047 induxit
3484 4005 3664 4047 suum.

2077 4075 2338 4134 Vertente
2369 4077 2549 4148 itaque
2579 4091 2760 4133 rerum
2791 4081 3152 4134 secundarum
3187 4083 3570 4152 prosperitate,
3599 4096 3670 4136 eo

2077 4166 2320 4222 vicissim
2348 4167 2572 4224 adactus
2602 4177 2688 4224 est
2711 4171 3054 4225 necessitatis
3089 4180 3168 4242 ut,
3202 4182 3411 4226 veneno
3445 4171 3662 4238 hausto,

2075 4262 2244 4314 vitam
2292 4257 2448 4314 ﬁnire
2493 4269 2732 4330 cuperet.
2771 4259 2926 4327 Quod
2977 4276 3098 4315 cum
3149 4269 3256 4316 non
3314 4264 3660 4334 procederet,

2077 4348 2332 4421 (bibebat
2358 4353 2528 4420 enim,
2576 4363 2634 4406 ut
2659 4351 2833 4418 aiunt,
2867 4368 2934 4410 ex
2969 4353 3126 4408 melle
3154 4361 3208 4408 et
3236 4353 3366 4409 vino
3411 4355 3664 4426 poculum

2077 4441 2340 4498 adversus
2381 4443 2544 4498 noxia
2583 4443 2767 4498 omnia
2793 4445 2988 4498 toxica
3040 4443 3376 4512 remedium,
3427 4459 3497 4501 ne
3536 4445 3668 4517 quid

2075 4532 2293 4590 aconita
2339 4535 2652 4607 nocerent),
2681 4536 2766 4591 vis
2815 4535 2958 4590 illius
3006 4535 3349 4605 praeveniens
3393 4552 3666 4592 venenum

2075 4638 2338 4696 superare
2368 4641 2475 4680 non
2511 4626 2658 4682 sivit.
2689 4627 2828 4696 Quid
2863 4629 3048 4682 evenit
3079 4629 3298 4700 itaque?
3330 4629 3530 4700 rogas?
3561 4629 3670 4700 lgi-

2071 4725 2159 4772 tur
2187 4731 2218 4772 c
2247 4719 2498 4788 corporis
2535 4719 2856 4775 cusrodibus
2897 4720 3186 4776 satellitem
3232 4731 3450 4776 acutum
3504 4720 3672 4793 jussit

2078 4811 2354 4868 acinacem
2408 4811 2464 4867 in
2506 4821 2696 4882 pectus
2750 4812 2856 4871 sibi
2903 4813 3126 4886 adigere
3173 4828 3240 4870 ac
3283 4813 3470 4870 ferire.
3534 4813 3670 4870 Per-

2078 4903 2338 4960 cutiendo
2387 4905 2570 4976 itaque
2624 4918 2654 4958 c
2689 4905 2867 4962 medio
2907 4905 3186 4961 dominum
3235 4905 3484 4972 sustulit,
3533 4903 3669 4962 adeo

1375 5161 1379 5164 Α
1467 5078 1706 5136 ΥΑΒΙΑΕ
1747 5079 2137 5138 LECTIGNES
2167 5081 2257 5137 ΕΤ
2285 5081 2524 5140 NOTIE.

464 5242 556 5311 ιο)
585 5241 691 5298 Pro
711 5241 910 5297 εἰδέναι
928 5241 1057 5313 περὶ
1088 5241 1318 5313 ἕκαστον
1331 5240 1578 5311 γίγνεται
1601 5241 1760 5313 codd.
1781 5242 1956 5313 Yatic.

369 5310 480 5370 650
501 5310 556 5370 et
591 5313 706 5367 aut.
740 5313 916 5368 solum
953 5310 1155 5381 legunt,
1187 5311 1396 5384 εἰδέναι
1409 5310 1780 5384 περιγίνεται.
1803 5312 1970 5384 Paulo

368 5397 492 5456 post
509 5399 617 5456 pro,
633 5385 755 5438 ἐκεῖ
776 5386 950 5456 τεῖνον
973 5399 1080 5438 uno
1101 5381 1268 5456 verbo
1294 5381 1545 5456 scribunt
1571 5381 1970 5456 Exrewovmos.

445 5452 559 5522 (Μ)
595 5455 728 5509 Ὅτι
773 5456 847 5510 οὐ
889 5453 1155 5509 δυνατόν
1197 5452 1328 5506 ἐστι
1364 5453 1464 5507 καὶ
1491 5452 1724 5522 σεμνὸν
1759 5452 1970 5510 εἰπεῖν.

373 5522 518 5596 sunt
539 5522 656 5580 haec
681 5525 795 5595 ipsa
827 5523 1202 5596 Chrysostomi
1233 5525 1610 5596 verbahomil.
1636 5523 1691 5589 4,
1717 5523 1771 5596 in
1796 5523 1970 5596 Epist.

372 5595 443 5650 ad
474 5593 730 5660 Romani,
761 5595 853 5665 qui
893 5593 953 5650 et
987 5595 1195 5665 ibidem,
1223 5594 1466 5662 disserit,
1489 5609 1582 5649 eos
1612 5593 1960 5665 quialiorum

373 5663 993 5734 reprehemlere‘volunt
1031 5663 1258 5736 ﬂagitia,
1291 5665 1409 5735 cogi
1451 5663 1764 5720 necessario
1802 5665 1962 5720 foedi-

374 5746 544 5810 tatem
591 5736 805 5791 illorum
860 5737 1172 5810 denudare,
1208 5745 1262 5789 et
1297 5737 1474 5810 quasi
1500 5736 1570 5790 ob
1598 5736 1787 5810 oculos
1828 5751 1963 5810 ape-

375 5806 630 5876 orandam
669 5821 994 5876 proponere,
1027 5806 1150 5876 quia
1185 5820 1374 5873 parum
1409 5806 1612 5876 alioqui
1654 5806 1958 5874 proﬁcient.

375 5875 584 5948 lnrcam
621 5875 734 5930 rem
781 5877 974 5931 solitus
1021 5887 1075 5930 et
1103 5877 1344 5948 chirurgi
1387 5875 1582 5932 alierre
1626 5878 1958 5948 exetnplum,

376 5947 472 6016 qui
499 5957 558 6001 ut
594 5949 720 6002 tabo
754 5963 816 6004 ac
839 5949 991 6004 sanie
1019 5945 1312 6018 σηπεδόνος
1363 5963 1554 6004 manus
1607 5947 1760 6004 ulcus
1786 5945 1959 6016 sanet,

2074 5257 2180 5300 non
2203 5253 2436 5316 aleretur
2475 5243 2578 5316 sibi
2624 5259 2818 5316 manus
2873 5245 3184 5316 inquinare,
3231 5245 3488 5316 atquein
3532 5243 3664 5316 feti-

2085 5315 2364 5385 dissimum
2394 5329 2494 5383 pus
2524 5314 2838 5370 immittere.
2873 5314 2964 5372 Sic
2999 5315 3051 5370 in
3080 5314 3378 5385 Epistolam
3401 5315 3561 5385 Pauli
3599 5317 3668 5371 ad

2081 5384 2394 5439 Corinthios
2420 5400 2560 5454 saepe
2597 5393 2864 5453 repetens,
2901 5395 2957 5440 et
2989 5387 3042 5441 in
3077 5383 3245 5454 Epist.
3277 5387 3345 5440 ad
3376 5383 3693 5441 Tltessan-.

2084 5453 2448 5530 nicenscs_(_nt_
2467 5453 2520 5510 in
2539 5453 2710 5530 Persii
2737 5467 2976 5530 satyram
3001 5455 3036 5512 4
3062 5453 3372 5530 observavit
3399 5455 3664 5530 Qasaub.)

2083 5535 2266 5590 monet
2323 5523 3040 5595 distinguemlum,'utrum
3099 5526 3348 5582 dicantur
3395 5523 3665 5594 ejusmodi

2075 5610 2358 5651 sermones
2383 5613 2447 5650 ex
2477 5595 2732 5666 loquendi
2759 5595 2976 5662 aﬁ'ectu,
3001 5611 3070 5650 an
3105 5597 3655 5666 curandirvoluntate.

2069 5666 2221 5738 Quod
2251 5676 2430 5738 autem
2490 5665 2575 5738 hic
2631 5669 2866 5722 Isidorus
2915 5681 3075 5734 supra
3105 5666 3281 5738 dixit,
3331 5665 3659 5738 βουλόμενος

2067 5733 2167 5819 τὴν
2217 5737 2412 5819 ἐαυτοῦ
2459 5733 2706 5819 γλῶττα-ν
2759 5733 3221 5819 καταρρυπαίνοι,
3281 5733 3520 5819 reperies
3571 5754 3662 5819 ge-

2071 5808 2216 5861 tniita
2247 5807 2373 5862 infr.
2400 5811 2558 5879 epist.
2593 5808 2697 5863 507
2721 5848 2735 5872 ,
2769 5807 3088 5876 quamcum
3131 5807 3216 5862 Itis
3262 5809 3571 5864 connnittas
3599 5808 3667 5862 li-

2068 5887 2174 5934 cet.
2204 5879 2444 5933 Senorr.

2141 5948 2256 6021 (4‘2)
2289 5948 2533 6007 Πατάεαι
2574 5950 2734 6006 iidem
2763 5957 2961 6019 augent
3001 5949 3051 6003 in
3089 5949 3422 6020 παρατάξαι.
3455 5949 3664 6007 Possm.
