4070 6380
478 461 608 527 1591
1679 470 1739 530 S.
1783 471 2078 532 ISIDORI

2119 474 2573 536 PELUSIOTzE~
3590 475 3713 541 1599.

475 574 609 628 nihil
641 572 1159 645 illi,quod'remedio
1181 576 1490 648 quaesierat,
1522 579 1744 649 profuit.
1779 583 1858 638 Ab
1884 584 2051 639 hosti-
2081 638 2082 644 η

2108 605 2122 646 ι
2155 585 2320 657 λησεν
2360 588 2392 657 ή
2421 586 2621 653 δόξασα
2657 585 2807 658 αύτῷ
2861 585 3155 656 ἀσφάλεια.
3205 584 3344 655 Παρ⁹
3378 584 3584 656 ὲχθρῶν
3614 587 3715 655 γάρ

475 665 573 719 bus
604 666 749 718 enim
781 680 1046 720 venenum
1087 667 1269 722 datum
1311 668 1377 724 iri
1412 672 1636 738 veritus,
1681 672 1911 743 ideoque
1961 689 2047 728 re-

2153 677 2312 730 τοῦτο
2364 676 2648 730 πείσεσθαι
2702 678 3102 748 προσδοκήσας,
3169 676 3266 728 καὶ
3313 674 3401 728 διὰ
3444 675 3601 730 τοῦτο
3644 677 3718 748 τῷ

474 757 653 810 medio
677 758 894 811 assiduo
923 773 1074 824 usus,
1115 773 1238 814 cum
1288 762 1422 816 mori
1458 772 1639 818 certus
1669 775 1830 830 esset,
1869 766 2049 820 necari

2155 765 2585 837 άλεξιφαρμάκῳ
2635 767 3006 838 χρησάμενος,
3053 766 3175 820 οὐδὲ
3207 765 3534 836 βουλόμενος
3588 769 3717 820 ἀπο-

475 864 541 902 co
565 865 669 902 nou
707 851 900 918 potuit,
933 851 1102 906 donec
1136 851 1187 905 in
1221 852 1429 908 viscera
1464 853 1671 910 ferrum
1702 855 2046 913 conderetur.

2155 857 2339 912 θανεῖν
2367 858 2628 930 ἠδυνήθη,
2654 859 2760 921 ἓως
2791 858 2856 912 ἃν
2883 860 2942 912 τδ
2988 857 3139 928 ξίφος
3184 857 3326 912 κατά
3371 856 3466 910 τοῦ
3509 857 3719 927 στέρνου

472 937 618 992 Nihil
675 941 855 1008 itaque
897 939 1004 996 tale
1047 942 1497 1010 excogitandum,
1542 946 1845 1000 sed‘vivere
1877 945 2050 1016 magis

2152 950 2403 1021 διηλάθη;
2438 949 2560 1022 Χρὴ
2589 945 2680 1004 οὖν
2719 949 2884 1021 μηδὲν
2913 951 3154 1004 τοιοῦτον
3190 951 3418 1016 ἐννοεῖν,
3445 948 3581 1002 ἀλλά
3627 949 3722 1020 ζῇν

475 1037 587 1081 tuto
618 1030 981 1098 praestabilius
1009 1041 1092 1085 est
1110 1071 1126 1096 ,
1171 1042 1465 1103 nostraque
1489 1036 1671 1090 omnia
1697 1037 1895 1092 divinae
1922 1045 2049 1092 sunt

2157 1041 2419 1112 ἁπλότητι
2448 1041 2650 1112 μᾶλλον
2675 1043 3098 1114 προσκείμενον,
3139 1042 3236 1096 καὶ
3259 1043 3324 1114 τῇ
3354 1041 3477 1112 θείᾳ
3505 1043 3723 1112 προνοίᾳ

474 1121 831 1188 permittenda
865 1123 1240 1192 providentia.

2157 1131 2522 1202 ἐπιτρέποντα
2548 1132 2618 1185 τὰ
2639 1133 2762 1185 καθ’
2785 1133 2995 1188 ἑαυτόν.

787 1256 985 1314 CDLV.
1008 1290 1079 1300 —
1109 1260 1410 1318 AMPELIO
1463 1261 1726 1320 COMITI.

2469 1261 2644 1316 TNE'.
2677 1293 2746 1305 —
2785 1263 3100 1334 ΑΜΠΕΛῙῼ
3130 1262 3426 1317 ΚΟΜΗΤΙ.

1282 1352 1386 1419 Qui
1410 1356 1585 1423 paruit
1615 1365 1767 1419 recte,
1794 1356 1920 1409 bene
1948 1356 2170 1424 imperat
2201 1352 2334 1424 (45).
2369 1350 2546 1422 (Cani.
2579 1353 2734 1422 epist.
2763 1353 2914 1425 225.)

541 1464 624 1519 Ad
654 1474 802 1520 recte
831 1464 954 1519 aliis
978 1465 1388 1535 imperandum,
1423 1470 1556 1524 nihil
1597 1485 1750 1541 aeque
1782 1470 1944 1535 valet,
1989 1479 2048 1524 ut

2231 1469 2396 1522 Οὐδὲν
2415 1468 2557 1523 οὕτω
2587 1470 2735 1522 ποιεῖ
2763 1469 3008 1539 νομίμως
3026 1468 3238 1541 ἄρχειν,
3280 1468 3358 1531 ὡς
3399 1466 3460 1521 τὸ
3493 1469 3725 1538 νομίμως

471 1557 628 1612 alteri
682 1556 920 1627 legitime
979 1561 1242 1627 paruisse.
1305 1560 1408 1628 Qui
1462 1564 1606 1618 enim
1663 1572 1809 1618 recte
1849 1564 2052 1627 obedit,

2159 1556 2382 1632 ἦρχθαι.
2434 1560 2491 1613 Ὀ
2514 1561 2622 1630 γὰρ
2657 1559 2859 1629 ἀγαθὸς
2886 1561 2945 1613 ἐν
2999 1560 3282 1630 ὑπηκόοις,
3342 1557 3543 1626 ἀγαθὸς
3588 1556 3725 1610 ἔσται

471 1649 521 1705 is
556 1647 884 1718 imperando
933 1649 1183 1705 excellet.
1237 1651 1450 1708 Faciles
1503 1668 1634 1708 vero
1685 1665 1740 1709 et
1789 1654 2057 1725 proclives

2161 1655 2258 1706 xui.
2290 1653 2348 1705 ὲν
2375 1653 2660 1723 ἡγεμόσιν.
2706 1653 2772 1705 Οἱ
2807 1650 2852 1704 δ’
2897 1654 2955 1705 έν
2987 1650 3066 1720 τῷ
3122 1649 3424 1704 ἰδιωτεύειν
3465 1648 3559 1702 καὶ
3585 1664 3725 1718 πρω-

471 1749 602 1796 sunt
628 1741 694 1792 ad
725 1738 1010 1809 factiones,
1039 1741 1130 1811 qui
1155 1758 1267 1799 suae
1303 1744 1610 1814 reipublicae
1645 1745 1917 1815 principes
1937 1760 2056 1800 esse

2159 1746 2442 1798 τοστατεῖν
2468 1743 2772 1815 πρόχειροι,
2829 1744 2925 1796 καὶ
2965 1745 3102 1814 πρὸς
3144 1741 3208 1795 τὸ
3257 1739 3525 1812 άρχεσθαι
3555 1741 3728 1794 ἀνεπιρ

472 1833 713 1902 ευρίυιιι.
2160 1837 2381 1908 τήδειοι,
2410 1832 2554 1891 οὗτοι
2593 1838 2687 1891 καὶ
2719 1837 2800 1900 είς
2840 1836 3023 1907 ἀρχὴν
3057 1833 3577 1905 ἀνεπιτηδειότατοι.

777 1950 998 2007 cum.
1023 1947 1485 2022 —_PELUSIOR.
1525 1947 1745 2003 PLEBl.
2088 1946 2129 2000 ιι

2088 1946 2129 2000 n
2495 1952 2683 2019 ΥΝςν.
2712 1981 2782 1991 -
2819 1949 3012 2021 ΔΗΜῼ
3046 1947 3414 2020 umorum.

1479 2038 1735 2094 Prwsidis
1773 2035 1879 2094 siue
1903 2041 2136 2109 episcopi
2177 2040 2456 2096 adventum
2488 2044 2714 2098 nuntiat.

539 2147 797 2208 Libenter
821 2153 911 2222 qui
942 2152 1095 2209 vobis
1134 2152 1420 2222 imperabit
1453 2152 1775 2222 legationem
1802 2153 2006 2224 accepit
2036 2172 2050 2208 :

2246 2161 2525 2230 Ἀσμένως
2577 2161 2795 2227 ἐδέξατο
2849 2160 2948 2232 τὴν
3003 2159 3306 2230 πρεσϐείαν
3356 2159 3385 2210 ὁ
3441 2157 3536 2227 τὴν
3565 2154 3727 2224 ἀρχὴν

470 2241 599 2297 olim
635 2244 778 2298 enim
836 2247 904 2301 ad
955 2246 1280 2302 veniendum
1333 2245 1623 2309 incitatus,
1654 2253 1714 2300 ut
1755 2245 1907 2300 vobis
1936 2261 2048 2301 me-

2155 2251 2308 2323 ὑμῶν
2337 2251 2537 2322 λαχών.
2566 2253 2677 2306 Καὶ
2706 2253 2875 2306 πάλαι
2901 2253 3010 2324 γὰρ
3052 2252 3392 2324 ὡρμημένος
3440 2250 3613 2318 ήκειν,
3643 2246 3730 2299 καὶ

474 2331 663 2390 liorem
721 2335 965 2392 formam
1000 2338 1312 2407 reipublicae
1371 2337 1696 2394 ostenderet
1730 2377 1744 2402 ,
1809 2349 2049 2393 nostram

2151 2348 2221 2398 τά
2249 2345 2369 2400 καθ’
2401 2347 2545 2416 ὑμᾶς
2569 2347 2627 2399 ὲν
2649 2347 2892 2416 ἀμείνονι
2921 2345 3042 2414 ὄψει
3067 2345 3458 2414 .καταστῆσαι,
3487 2341 3584 2411 τὴν
3607 2341 3733 2408 ἡμε-

475 2431 812 2496 exspectavit
844 2430 1171 2485 sententiam
1205 2446 1221 2488 :
1254 2443 1360 2499 qua
1395 2438 1614 2498 accepta
1655 2438 1846 2494 sponte
1875 2430 2055 2499 potius

2151 2438 2318 2508 τέραν
2346 2437 2577 2507 ἀνέμενε
2606 2437 2830 2509 γνώμην
2855 2453 2869 2468 ⁸
2899 2434 2966 2510 ἧς
2995 2437 3328 2506 λαϐόμενος,
3364 2435 3438 2498 ὡς
3470 2430 3724 2499 αὐτόκλη-

470 2531 632 2588 quam
652 2532 911 2578 evocatus
935 2522 1178 2579 accedet.

2154 2542 2246 2587 τος
2283 2525 2487 2596 μᾶλλον
2513 2527 2546 2597 ἢ
2581 2527 2657 2590 ὡς
2689 2525 3028 2596 κεκλημένος
3054 2523 3338 2592 ἀφίξεται.

614 2631 862 2690 CDLVII.
894 2663 954 2674 -—
1001 2632 1394 2691 TIIEODOSIO
1451 2633 1935 2691 PRESISYTERO.

1933 2679 1935 2688 ι
2364 2640 2631 2695 ΥΝΖ’.-
2691 2640 3018 2710 ΘΕΟΔΟΣΙῼ
3061 2637 3540 2708 ΠΡΕΣΒΥΤΕΡῼ.

1336 2727 1579 2790 Aeceten,
1602 2726 1762 2781 veluti
1787 2725 2075 2797 Olympici:
2097 2727 2490 2786 decertaturum
2525 2731 2875 2787 commendat.

543 2853 645 2921 Qui
679 2853 782 2911 has
819 2865 921 2912 tuae
957 2858 1146 2929 pietati
1185 2859 1396 2914 litteras
1435 2857 1634 2922 reddit,
1665 2857 1880 2912 abunde
1911 2858 2058 2914 domi

2245 2867 2304 2920 Ὀ
2337 2869 2403 2939 τῇ
2435 2869 2500 2939 σῇ
2534 2867 2814 2939 θεοσεϐείᾳ
2845 2868 3171 2939 προσφέρων
3203 2869 3361 2920 τουτί
3394 2865 3452 2918 τὸ
3493 2864 3733 2936 γράμμα,

470 2951 526 2999 et
548 2959 645 3014 per
679 2961 758 3011 se,
807 2955 863 3000 ut
899 2962 928 3002 a
962 2949 1220 3017 magistro
1250 2947 1579 3003 exercitatus
1622 2957 1677 3004 et
1720 2948 1864 3004 vires
1892 2963 2060 3018 expe-

2162 2959 2449 3031 αὐτάρκως
2491 2960 2675 3013 οἴκαδε
2727 2961 2822 3014 καὶ
2859 2960 2982 3014 καθ’
3039 2960 3230 3014 ἑαυτὸν
3281 2959 3365 3022 ὡς
3415 2957 3562 3029 παρὰ
3620 2973 3735 3010 παις

472 3036 832 3106 rientiamque
890 3053 996 3093 non
1029 3040 1277 3109 exiguam
1312 3041 1365 3094 in
1414 3039 1631 3096 virtutis
1676 3041 1922 3112 palaestra
1953 3040 2059 3094 sibi

2161 3050 2410 3121 δοτρίόου
2454 3050 2738 3121 ἀσκηθεὶς,
2779 3051 2873 3105 καὶ
2927 3052 3118 3123 ῥώμην
3152 3053 3246 3106 καὶ
3288 3052 3492 3122 τέχνην
3538 3050 3594 3102 ὲν
3633 3049 3735 3109 τοῖς

472 3128 831 3196 comparavit,
878 3129 922 3182 is
958 3129 1010 3182 in
1056 3145 1299 3186 eremum
1350 3130 1649 3197 contendit,
1702 3132 1975 3201 praeconio
2003 3144 2060 3185 se

2161 3145 2262 3212 τῆς
2285 3144 2487 3214 ἀρετῆς
2520 3144 2728 3212 ἀγῶσιν
2759 3145 2818 3197 οὐ
2870 3143 3073 3214 μικρὰν
3112 3141 3533 3214 συλλεξάμενος,
3554 3139 3733 3210 ὥρμη-

473 3216 878 3287 Olympicorum
946 3220 1286 3287 subiiciens,
1349 3231 1404 3277 et
1445 3222 1611 3276 animi
1664 3223 2059 3278 exercitaturus

2127 3249 2129 3302 ς
2164 3245 2256 3282 σεν
2296 3230 2390 3283 ἐπὶ
2421 3230 2518 3301 τήν
2544 3229 2773 3302 ἔρημον,
2829 3233 2942 3295 τοῖς
2994 3231 3357 3302 κηρύγμασιν
3393 3230 3580 3284 ἑαυτὸν
3611 3228 3734 3280 ὑπο-

473 3308 770 3380 Olympica.
833 3311 1196 3377 Quamobrem
1256 3312 1330 3367 illi
1393 3313 1622 3368 ostende
1668 3327 1828 3383 pares
1883 3323 2060 3369 certa-

2160 3323 2343 3394 θήσων
2367 3325 2480 3388 τοῖς
2510 3324 2886 3404 Ὀλυμπικῶς,
2904 3325 3000 3380 καὶ
3019 3325 3086 3378 τά
3113 3343 3179 3378 πε
3190 3326 3241 3396 pi.
3271 3324 3458 3396 ψυχῆς
3482 3322 3735 3392 Ὀλύμπια

474 3401 680 3453 minum
735 3399 903 3471 leges,
954 3401 1120 3474 695
1171 3418 1309 3472 quas
1363 3418 1592 3470 servas,
1641 3419 1711 3460 ne
1764 3404 1854 3458 ille
1904 3412 2059 3460 extra

2160 3416 2582 3485 άγωνισόμενος.
2613 3417 2836 3472 Δείκνυε
2877 3418 3057 3472 τοίνυν
3099 3416 3248 3487 αύτῷ
3277 3418 3353 3471 δι’
3381 3411 3454 3471 ὧν
3488 3415 3735 3487 πράττεις

475 3500 755 3547 certamen
808 3493 996 3561 pulsus
1037 3496 1259 3564 aberret
1325 3511 1513 3566 scopo,
1547 3509 1647 3551 nec
1682 3497 1734 3550 in
1764 3496 2064 3552 certamine

2168 3512 2292 3573 τοὺς
2316 3510 2425 3563 τῶν
2456 3509 2855 3580 παλαισμάτων
2887 3509 3116 3580 νόμους’
3157 3508 3244 3561 ἵνα
3281 3510 3429 3581 μήτε
3463 3505 3734 3576 ὲξαγώνιος

477 3587 629 3635 stans
673 3592 979 3651 superetur,
1014 3584 1109 3639 sed
1148 3595 1426 3654 spectatus
1482 3587 1650 3656 probe
1677 3601 1932 3644 coronam
1972 3601 2061 3640 ac-

2169 3595 2459 3664 γενόμενος
2512 3595 2804 3666 διαμάρτοι
2848 3595 2944 3649 τοῦ
2998 3593 3227 3659 σκοποῦ,
3299 3597 3446 3668 μήτε
3498 3596 3576 3658 εἰς
3621 3593 3736 3654 τοὺς

479 3671 969 3748 clamationemque
994 3687 1287 3733 mereatur.

2171 3685 2386 3754 ἀγῶνας
2413 3685 2687 3751 καταστάς
2715 3686 2975 3758 ἡττηθείη
2994 3703 3009 3718 ο
3037 3686 3153 3740 ἀλλ’
3186 3687 3478 3758 εὐδόκιμος
3509 3687 3736 3754 ἀποφαν-

2169 3778 2304 3843 θεὶς,
2345 3779 2625 3848 στεφάνων
2650 3781 2745 3831 καὶ
2787 3778 3144 3850 ἀναῤῥήσεων
3167 3779 3450 3851 ἀξιωθείη.

679 3895 952 3952 CDLVIII.
983 3930 1048 3938 —
1073 3897 1409 3954 ASCLEPIO
1455 3895 1841 3952 SOPHISTA-J.

2449 3891 2630 3946 TNH'.
2664 3921 2732 3934 -—
2757 3891 3114 3963 ΑΣΚΛΗΠΙῼ
3142 3891 3456 3962 ΣΟΦΙΣΤῌ.

1073 3991 1404 4060 Harpocram
1436 3995 1716 4056 rhetorem,
1748 3993 1836 4045 cui
1868 3990 2023 4044 ludus
2047 3985 2362 4058 aperiendus
2389 3986 2774 4052 committatur,
2805 3987 3154 4042 commendat.

553 4123 862 4196 Harpocras
908 4126 1175 4183 orationis
1222 4125 1443 4192 artifex,
1473 4127 1569 4182 sed
1623 4123 1794 4196 magis
1843 4139 2054 4179 morum

2246 4121 2578 4192 Ἀρποκρᾶςν
2643 4123 2672 4176 ὁ
2715 4122 2936 4193 τρόπων
3002 4122 3262 4194 μᾶλλονῆ
3301 4123 3482 4192 λόγων
3537 4119 3735 4174 παιδευ-

483 4219 832 4277 honestorum
869 4219 920 4273 in
961 4219 1400 4275 adolescentibus
1455 4218 1753 4287 formator,
1793 4217 1886 4288 qui
1930 4231 2059 4286 erga

2158 4214 2279 4286 τὴς,
2309 4217 2339 4269 ὁ
2384 4217 2452 4286 τῇ
2515 4214 2639 4286 θείᾳ
2672 4214 2942 4286 θρησκείᾳ
2993 4215 3363 4287 διαφερόντως
3397 4214 3735 4283 ἀνακείμενος

485 4327 698 4367 sacram
748 4311 1070 4383 religionem
1133 4310 1334 4366 eximie
1405 4319 1490 4366 est
1545 4307 1814 4374 affectus,
1865 4309 2062 4379 cuique

2163 4299 2227 4376 (ᾧ
2258 4306 2428 4378 ὄνομα
2463 4307 2565 4378 μὲν
2595 4301 2664 4378 ἦν
2704 4307 2995 4378 σοφιστὴς,
3043 4311 3070 4361 ό
3098 4308 3154 4361 δὲ
3190 4307 3304 4378 βίος
3337 4311 3401 4362 ὲκ
3429 4303 3730 4377 φιλοσοφίας

480 4404 742 4474 sophista:
796 4405 1015 4474 quidem
1077 4402 1420 4471 rhetorisque
1466 4414 1664 4456 nomen
1712 4399 1902 4466 datur,
1953 4399 2062 4453 vita

2161 4396 2502 4468 άκιδδήλου),
2535 4397 2564 4448 ὁ
2590 4396 2666 4466 μὴ
2687 4395 2892 4467 πλῆθος
2921 4396 3057 4450 νέων
3087 4396 3321 4468 περιιὼν
3359 4397 3449 4450 καὶ
3475 4392 3729 4465 θηρεύων.

485 4505 666 4550 tamen
719 4509 848 4550 vere
899 4503 983 4551 est
1039 4493 1436 4564 philosophica.
1493 4491 1593 4548 llic
1642 4491 1901 4562 iuvenum
1956 4507 2063 4547 non

2164 4487 2282 4541 ἀλλ’
2317 4485 2412 4552 οὓς
2448 4488 2598 4559 ἑώρα
2632 4485 2947 4551 δεικνύντας
2979 4489 3183 4560 ἀρετῆς
3231 4486 3480 4558 σύμϐολα
3509 4489 3729 4555 ἐγκατα-

481 4584 730 4639 ambiens
785 4583 996 4654 copiam
1042 4599 1106 4639 ac
1153 4582 1536 4648 venationem,
1585 4583 1682 4638 sed
1734 4596 1828 4638 eos
1882 4582 2062 4653 potius

2130 4585 2137 4623 l
2167 4581 2340 4650 λέγων
2368 4579 2446 4652 τῷ
2475 4579 2659 4652 χορῷ,⁶
2693 4581 2721 4634 ὁ
2749 4579 2824 4652 μὴ
2876 4580 2969 4649 ἀφ’
3005 4573 3080 4635 ὧν
3114 4579 3342 4650 μισθοὺς
3381 4578 3599 4650 λήψοιτο
3620 4570 3737 4627 τούο

483 4673 856 4731 adolescentes
877 4673 1070 4744 quaerit
1095 4673 1389 4739 auditores,
1416 4687 1552 4744 quos
1572 4673 1789 4728 virtutis
1820 4673 2061 4741 praebere

2165 4692 2292 4738 τους
2319 4673 2573 4744 ἀγαπῶν,
2603 4674 2719 4727 ἀλλ’
2763 4673 2858 4737 οὓς
2901 4673 3018 4745 ⁴ᾔδει
3051 4674 3376 4737 σπουδαίους
3429 4669 3731 4740 ἐσομένους,-

483 4763 632 4818 videt
679 4765 856 4836 signa,
906 4779 1111 4835 eosque
1158 4767 1211 4822 in
1246 4772 1447 4822 (:me
1481 4763 1642 4835 legit;
1699 4777 1837 4834 quos
1867 4779 1971 4819 non
2007 4773 2066 4818 ut

2167 4764 2374 4820 τούτων
2399 4765 2848 4836 ἐπιμελούμενος,
2889 4765 2982 4819 τὸν
3034 4765 3148 4835 βίον
3184 4762 3542 4834 κατέστρεψε.
3587 4755 3726 4810 Ἐπεὶ

486 4858 790 4912 mercedem
842 4857 966 4915 inde
1007 4857 1211 4929 capiat,
1243 4843 1363 4915 ideo
1415 4857 1660 4924 adamat,
1697 4869 1886 4911 verum
1924 4869 2062 4928 quos

2168 4857 2347 4913 τοίνυν
2379 4857 2668 4911 παιδευτοῦ
2696 4857 2889 4929 χρῄζει
2921 4859 2956 4929 ή
2991 4858 3172 4923 πόλις,
3211 4854 3451 4928 μήνυσόν
3478 4868 3616 4916 τινα,
3644 4845 3727 4900 καὶ

485 4945 760 5002 studiosos
813 4948 931 5004 fore
984 4950 1392 5018 animadvertit,
1443 4964 1634 5006 eorum
1684 4961 1874 5004 curam
1924 4963 2060 5002 sus-

1359 4960 1392 5018 ι,
1443 4964 1634 5006 eorum
1684 4961 1874 5004 curam
1924 4963 2060 5002 sus-
2167 4949 2407 5002 ἀλύουσα
2435 4949 2629 5003 οὐκᾶν
2658 4949 2966 5021 διαμάρτοι.

485 5037 715 5107 cipiens,
748 5040 914 5095 vitam
944 5057 1231 5114 moresque
1275 5043 1617 5113 potissimum
1653 5041 1877 5098 format.
1911 5039 2046 5096 Cum
2119 5042 2284 5112 igitur
2325 5043 2580 5114 magistro
2621 5045 2754 5100 urbs
2802 5053 2984 5100 vestra
3065 5041 3327 5114 indigeat,
3375 5035 3637 5110 signiﬁca,
3681 5037 3728 5084 οι

483 5127 760 5201 accipiens
787 5145 892 5186 non
925 5133 1216 5188 aberrabit.

1595 5290 1832 5348 VARIE
1871 5288 2261 5348 LECTIONES
2294 5289 2382 5346 ET
2416 5287 2655 5348 NOTAE.

559 5468 671 5540 (£5)
706 5467 1155 5543 Philosophorum
1196 5469 1249 5524 id
1290 5469 1416 5543 olim
1447 5484 1512 5524 ac
1554 5471 1928 5543 religiosorum
1961 5469 2066 5525 ho-
2169 5486 2251 5543 ra,
2285 5467 2378 5524 sed
2394 5471 2501 5543 _ubi
2529 5470 2677 5543 prius
2700 5468 3161 5543 imperiumferre
3189 5461 3748 5543 didiceri§._Et_Plat'o

489 5529 706 5611 minuta
726 5529 949 5611 aureum
976 5559 989 5596 :
1017 5539 1316 5611 Nonrecte
1345 5541 1599 5611 imperare
1632 5529 1724 5611 q‘iu
1747 5556 1928 5609 parere
1957 5556 2060 5611 non

2171 5529 2268 5595 liii.
2297 5541 2457 5611 vtDe
2485 5529 2681 5611 legibus
2719 5554 2737 5593 :
2773 5529 2840 5594 ’⁸0
2875 5537 2948 5611 μὴ
2978 5529 3293 5611 δουλεύσας,
3322 5535 3443 5611 οὐδ’
3472 5535 3537 5589 ἂν
3560 5529 3739 5586 δεσπό-

488 5607 876 5679 ιίὶάὶσρνὶζεδίο
905 5608 1060 5679 ειοιιιι.
1088 5607 1358 5664 Climacus
1391 5607 1456 5663 ad
1494 5607 1793 5679 Pastorem,
1831 5624 1903 5679 ex
1947 5610 2064 5662 Ari-

2169 5627 2270 5678 της
2317 5607 2549 5678 γένοιτο
2568 5610 2720 5675 ἄξιος
2767 5607 3013 5679 ἐπαίνου.
3073 5608 3447 5679 Ιεοοιδιεεῄῑη
3475 5615 3749 5679 _e_xtre‘tno_

486 5677 680 5756 stotele
704 5677 814 5756 λιιι).
850 5678 1232 5756 tttnPoliticibn
1258 5697 1282 5756 _:
1311 5679 1424 5756 οὐκ·
1458 5679 1606 5734 ἔστιν
1645 5677 1703 5732 εὖ
1750 5670 1935 5756 ἀρξε-ιν

2171 5670 2388 5756 Νἶεοὸέε
2479 5670 2902 5756 Ἐἀνάρχῳθαι
2931 5679 3165 5756 μάθωσι,
3203 5677 3380 5756 πολλῷ
3400 5670 3725 5756 μᾶλλονάρξ

495 5697 680 5730 Itowle
724 5697 814 5730 un.
850 5697 909 5733 ιιι
957 5697 1232 5734 ronttcwn
1267 5697 1412 5733 :oux
1458 5697 1606 5734 εστιν
1645 5697 1703 5732 ευ
1750 5697 1935 5749 αρςειν
1965 5697 2061 5732 εαν

495 5744 571 5818 μὴ
595 5745 879 5813 ἀρχθέντα,
911 5748 1099 5817 [legere
1126 5750 1311 5818 nescit.
1335 5749 1424 5818 qui
1442 5767 1624 5816 parere
1651 5751 1834 5803 nescit.
1869 5749 1935 5801 Et
1964 5748 2060 5801 lsi-

2171 5697 2388 5733 mcocte
2411 5697 2431 5734 .·
2483 5697 2603 5732 ’δαν
2641 5697 2712 5750 αρ
2751 5697 2902 5733 εσυαι
2931 5697 3165 5746 μαυωσι,
3203 5697 3380 5748 milan
3451 5697 3602 5729 αΑΛον
3631 5697 3724 5737 αμ-

2168 5766 2284 5818 χειν
2334 5750 2674 5818 δυνήσονται.
2716 5697 2832 5803 ἲίὸἱ
2875 5750 2982 5817 regi
3029 5751 3347 5814 didicerint,
3389 5697 3546 5818 facile
3567 5744 3724 5799 etiam

494 5813 658 5890 dorus
694 5813 1022 5890 nostersup.
1055 5817 1210 5890 epist:
1239 5813 1366 5870 225'.
1405 5813 1619 5890 Solonis
1651 5831 1863 5890 quoque
1891 5819 2056 5890 lcgis-
2165 5813 2286 5874 aliis
2309 5813 2548 5889 poterunt
2581 5821 2861 5890 imperare.
2892 5813 3132 5877 Sinon.

499 5879 684 5934 latoris
721 5890 801 5934 est
830 5900 840 5934 :
884 5879 1308 5953 ’Λρχε,’πρῶτον
1353 5886 1535 5956 μαθὼν
1564 5879 1846 5958 ἄρχεσθαι,
1881 5879 2055 5955 Ιυῖνε-
