4070 6368
312 463 374 526 15

348 464 452 531 563
1204 465 1591 526 EPISTULA]

616 576 793 633 ΥΝΘν.
827 605 898 617 -
928 568 1192 649 Imaum
1223 578 1591 652 EfllEKOllt).

1204 465 1747 527 EPISTOLARUM
1790 468 1937 528 LIB.
1981 469 2127 529 ιε-
2166 470 2405 530 EPIST.
2431 470 2682 531 CDL‘U.

1923 591 1971 648 Α

3212 522 3217 525 ,
3446 455 3584 526 15θᾶ

2263 579 2491 639 coth.
2518 613 2587 624 .-
2616 578 2893 638 lSIDORO
2947 556 3303 634 EPISCOPO.

414 688 708 747 Laborauti
737 701 787 748 et
814 691 1028 763 facienti
1050 701 1307 763 quantum
1341 692 1396 747 in
1428 709 1483 748 se
1502 702 1601 759 est,
1639 692 1781 749 Deus
1822 692 1923 763 fert
1950 696 2232 753 auxilium.
2272 694 2543 752 Virtutum
2587 694 2726 750 laus.
2753 693 2908 767 (Sup.
2947 695 3101 765 epist.
3134 679 3480 752 3|5e1527.)

394 804 456 858 ⁸0
496 804 596 875 μὲν
639 804 843 877 ἀρετὴν
875 806 1109 873 ἀσκῶν,
1145 805 1355 870 δίκαιος
1408 805 1476 861 ἂν
1537 806 1623 878 εῖη
1675 809 1770 862 καὶ
1794 808 1896 879 τὴν

310 895 467 951 θείαν
495 897 576 960 εἰς
609 895 863 968 βοήθειαν
912 896 1293 952 ἐπικαλεῖσθαι
1341 883 1548 969 ῥοπήν·
1582 900 1611 953 ὁ
1656 898 1713 951 δὲ
1763 898 1898 971 μηδ-

312 990 452 1052 όλως
493 988 796 1061 φροντίζων
848 989 1073 1061 ἀρετῆς,
1135 991 1246 1045 οὐδ’
1283 990 1350 1046 ἂν
1401 990 1619 1062 καλοίη,
1664 991 1899 1063 ἐπήκοον

312 1081 427 1147 ἕξει
455 1082 515 1135 τὸ
548 1082 728 1136 Θεῖον.
758 1081 850 1153 Τῷ
885 1081 997 1155 γὰρ
1041 1084 1218 1138 πάντα
1261 1083 1330 1138 τὰ
1373 1085 1504 1157 παρ’
1540 1084 1737 1138 ἑαυτοῦ
1762 1086 1899 1157 πλη·-

318 1175 512 1247 ροῦντιΔ
557 1175 804 1246 εὐμενῶς
853 1176 1116 1233 ὲπινεὺει.
1168 1177 1287 1232 Ἶινα
1338 1177 1396 1231 δὲ
1429 1177 1525 1231 καὶ
1575 1177 1665 1232 διὰ
1716 1195 1899 1251 παρα-

313 1267 624 1338 δειγμάτων
649 1266 873 1337 βαδίσας
901 1270 930 1324 ὁ
968 1269 1128 1338 λόγος
1161 1269 1495 1342 σαφέστερον
1546 1269 1707 1325 τοῦτο
1734 1272 1898 1344 ποιή-

317 1372 410 1430 σῃ,
454 1357 651 1429 παρεὶς
679 1357 742 1411 τὸ
769 1358 955 1428 φάναι.
989 1358 1053 1414 Εἰ
1081 1361 1116 1431 ἡ
1159 1360 1337 1432 πόρνη
1374 1360 1628 1431 βούλεται
1655 1362 1757 1433 μὲν
1790 1378 1901 1416 σω-

317 1449 499 1521 θῆναι,
539 1451 599 1504 οὐ
648 1449 902 1520 βούλεται
957 1451 1015 1506 δὲ
1069 1452 1442 1525 σωφρονῆσαι,
1492 1453 1612 1518 πῶς
1663 1452 1903 1524 σωθήσε-

315 1557 440 1608 ται;
487 1540 699 1594 Ἐκεῖνο
736 1541 952 1614 φράσω.
982 1543 1165 1597 Ἔστω
1204 1560 1289 1607 τις
1315 1543 1621 1615 γράμματα
1658 1544 1757 1615 μὲν
1780 1545 1903 1597 ὲπι-

319 1631 512 1700 θυμῶν
583 1631 802 1703 μαθεῖν,
856 1634 937 1698 είς
996 1632 1319 1688 διδασκάλου
1378 1633 1436 1688 δὲ
1497 1633 1573 1706 μὴ
1655 1633 1855 1704 φοιτῶν
1885 1647 1901 1663 ’

318 1720 441 1777 εἶτα
496 1723 576 1795 τῷ
628 1728 1023 1797 γραμματιστῇ
1067 1725 1391 1799 άγοράζοντι
1442 1724 1684 1797 ἐντυχὼν
1734 1724 1901 1791 λέξοι·

319 1816 556 1889 Ποίησόν
595 1833 665 1888 με
700 1816 895 1888 μαθεῖν
941 1817 1278 1889 γράμματα’
1318 1813 1409 1893 ἄρ’
1448 1818 1549 1889 οὐχ
1594 1819 1704 1890 ἡγῇ
1755 1819 1903 1873 ἐκεῖ-

320 1922 412 1959 νον
474 1905 744 1977 λαμπρῶς
789 1900 1187 1978 ἀποκρίνεσθαι
1236 1906 1486 1977 λέγονταο
1517 1907 1905 1979 Ἐμδρόντητε,

322 1996 418 2050 καὶ
464 1996 580 2060 πῶς
616 1996 683 2050 ἂν
727 1992 913 2053 δύναιο
970 1998 1186 2070 μαθεῖν,
1248 1988 1387 2071 μήτε
1441 1999 1522 2062 είς
1571 1998 1897 2053 διδασκάλου

323 2086 547 2154 φοιτῶν,
574 2088 714 2158 μήτε
738 2088 978 2160 γραφίδα
1009 2090 1105 2143 καὶ
1142 2089 1326 2145 δέλτον
1368 2091 1730 2161 κεκτημένος,
1766 2092 1904 2163 μήτε

325 2181 507 2232 πονεῖν
534 2178 892 2251 βουλόμενος;
926 2182 1004 2253 Τῇ
1047 2181 1148 2252 μὲν
1199 2182 1308 2255 γάρ
1336 2182 1603 2255 ἐπιθυμίᾳ
1631 2185 1698 2255 τῇ
1752 2185 1819 2255 σῇ
1855 2184 1904 2236 εί

325 2270 355 2322 6
408 2269 571 2333 πόνος
625 2270 925 2344 συναφθείη
977 2273 1075 2325 καὶ
1134 2272 1310 2345 ήὲμὴ
1379 2274 1606 2343 σπουδὴ,
1665 2272 1906 2328 ἔσταιτι

325 2360 508 2416 πλέον.
539 2362 604 2415 Et
633 2361 689 2415 δὲ
727 2362 907 2433 λέγοις
943 2362 1042 2434 μὲν
1075 2363 1386 2435 ἐπιθυμεῖν,
1443 2365 1582 2437 μηδὲ
1629 2368 1803 2430 ποιοῖς
1830 2359 1906 2421 ὧν

322 2454 374 2507 οἱ
447 2452 848 2525 ἐπιθυμοῦντες
909 2455 1145 2521 ποιοῦσι,
1208 2455 1326 2520 πῶς
1401 2455 1594 2527 μαθεῖν
1666 2456 1906 2535 δυνήσῃς

323 2545 573 2600 Τοιοῦτοί
604 2548 709 2601 εἱσι
745 2548 839 2602 καὶ
867 2548 917 2601 οἱ
947 2548 1145 2619 ἀρετῆς
1168 2547 1422 2618 λέγοντες
1464 2548 1563 2619 μὲν
1594 2548 1905 2620 ἐπιθυμεῖν,

320 2637 424 2710 τὴν
449 2638 510 2693 δὲ
532 2641 612 2705 εἰς
638 2638 810 2711 αὐτὴν
836 2639 1111 2713 φέρουσαν
1138 2639 1256 2695 ὁδῦν
1291 2638 1803 2713 ἀποδιδράσκοντες.

684 2940 894 2997 γεκ-
928 2941 1138 2997 HPoNt
1168 2939 1641 3011 ΠΡΕΣΒΥΤΕΡῼ.

2069 810 2274 868 Virtuti
2301 824 2523 882 operam
2550 809 2769 865 navanti
2799 823 3013 879 mquam
3044 814 3130 862 est
3155 806 3394 860 divinum
3420 802 3585 859 etiam

1998 903 2315 974 implorare,
2358 914 2416 960 ut
2446 918 2602 973 opem
2652 901 2793 956 Deus
2836 899 2995 965 ferat,
3041 898 3327 953 auxilium.
3374 895 3445 949 At
3493 892 3586 963 qui

1998 998 2128 1069 ejus-
2146 998 2347 1054 nullam
2380 997 2531 1054 ducit
2564 996 2854 1061 rationem,
2896 1006 3071 1062 neque
3101 991 3319 1046 invocat
3352 986 3586 1049 Numen,

2000 1091 2135 1147 illud
2182 1090 2477 1160 propitium
2511 1103 2618 1143 non
2664 1086 3001 1158 experietur.
3053 1084 3160 1150 Qui
3202 1083 3347 1138 enim
3377 1079 3585 1142 omnia,

2001 1184 2178 1255 quoad
2224 1182 2342 1250 ejus
2393 1181 2512 1238 ﬁeri
2549 1188 2750 1252 potest,
2802 1178 3010 1249 implet,
3078 1178 3313 1247 benigne
3344 1174 3394 1229 ei
3446 1172 3593 1228 Deus

2004 1276 2214 1332 annuit.
2252 1273 2320 1330 Ut
2369 1289 2498 1330 vero
2548 1273 2814 1343 exemplis
2861 1273 3028 1327 etiam
3074 1283 3256 1324 sermo
3294 1266 3495 1321 clarius
3536 1263 3593 1319 id

2003 1367 2280 1433 ostendat,
2310 1365 2494 1420 dicere
2523 1364 2656 1419 mihi
2690 1363 2894 1418 videris
2927 1380 2940 1417 :
2968 1360 3109 1427 Quid
3136 1359 3182 1414 si
3214 1367 3455 1413 scortum
3489 1353 3593 1410 sal-

2005 1457 2124 1511 vari
2148 1456 2301 1520 velit,
2326 1469 2443 1510 non
2483 1453 2612 1510 velit
2642 1462 2823 1509 tamen
2856 1454 2924 1509 ab
2954 1448 3344 1521 incontinentis
3374 1459 3595 1517 tempe-

2006 1561 2149 1613 rare,
2207 1559 2314 1615 qua
2375 1548 2590 1599 demum
2641 1543 2854 1599 ratione
2910 1538 3250 1597 salvabitur?
3308 1536 3403 1591 Est
3450 1536 3595 1606 quod

2004 1636 2360 1706 respondeam
2398 1652 2412 1689 :
2450 1632 2535 1690 Sit
2570 1635 2663 1706 qui
2696 1635 2910 1690 discere
2954 1633 3167 1689 litteras
3203 1632 3412 1702 cupiat,
3465 1642 3599 1700 pra:-

2004 1737 2279 1799 ceptorem
2316 1737 2496 1784 tamen
2531 1727 2665 1783 nolit
2693 1728 3065 1796 frequentare,
3100 1726 3299 1782 dehinc
3327 1724 3379 1780 in
3410 1738 3599 1793 gram-

2004 1819 2268 1876 matisten
2302 1818 2428 1889 (boc
2462 1828 2573 1883 est,
2601 1817 2846 1874 scribere
2896 1819 3182 1873 docentem
3209 1857 3225 1884 ,
3275 1830 3341 1870 ac
3388 1814 3454 1869 de
3505 1812 3598 1866 lit-

2009 1911 2140 1968 teris
2195 1911 2596 1982 disserentem)
2651 1908 2896 1964 incidens
2957 1908 3102 1963 dicat
3153 1922 3169 1960 :
3219 1906 3456 1962 Litteras
3512 1916 3601 1958 me

2010 2003 2247 2072 doceas;
2280 2018 2463 2058 annon
2494 2002 2642 2057 clare
2691 2013 3078 2070 responsurum
3136 1996 3378 2067 opinaris
3409 2014 3423 2050 :
3452 1994 3599 2050 Heus

1937 2067 1981 2124 Β
2012 2067 2242 2163 stolide,
2273 2096 2545 2169 quomodo
2575 2067 2797 2151 discere
2817 2107 3015 2169 queas,
3029 2091 3072 2146 si
3099 2104 3274 2160 neque
3303 2096 3600 2160 praecepto-
3682 2118 3691 2127 -

2015 2201 2131 2242 rem
2187 2184 2534 2257 frequentas,
2569 2200 2749 2257 neque
2783 2185 2981 2256 stylum
3022 2181 3188 2238 babes
3230 2181 3597 2249 tabulamque,

2015 2285 2069 2333 et
2097 2276 2347 2333 laborare
2380 2277 2640 2333 recusas?
2678 2275 2805 2331 Tuae
2839 2275 2984 2333 enim
3028 2272 3272 2329 discendi
3313 2269 3601 2340 cupiditati

2015 2369 2060 2426 si
2092 2366 2389 2426 acce’sserit
2419 2369 2598 2436 labor,
2619 2378 2783 2439 atque
2810 2382 2974 2437 opera
3007 2366 3170 2418 etiam
3204 2378 3344 2429 mea,
3378 2360 3602 2417 absolu-

2015 2468 2128 2517 tum
2158 2460 2287 2532 quid
2319 2460 2734 2533 perfectumque
2773 2459 2987 2515 evadet.
3018 2455 3174 2523 Quod
3207 2457 3252 2512 si
3288 2456 3602 2510 desiderare

2016 2538 2235 2624 quidem
2294 2562 2347 2607 te
2397 2552 2657 2621 afﬁrmes,
2721 2567 2894 2625 neque
2942 2565 3005 2607 ea
3052 2564 3181 2627 ages
3234 2562 3355 2618 qua:
3397 2543 3602 2601 sciendi

2016 2643 2198 2714 cupidi
2229 2642 2410 2699 facere
2435 2654 2858 2713 consueverunt,
2877 2642 3148 2715 quomodo
3165 2640 3373 2693 discere
3398 2629 3607 2702 queas?

2020 2732 2114 2789 Sic
2162 2732 2255 2803 qui
2306 2734 2562 2787 virtutem
2621 2740 2811 2804 optare
2873 2747 2933 2789 se
2984 2731 3191 2796 dicunt,
3250 2724 3508 2781 ac‘viam
3539 2733 3610 2775 co

2022 2823 2309 2880 ducentem
2343 2823 2552 2895 ingredi
2585 2824 2881 2896 refugiunt.

2259 2937 2468 2994 CDLX.
2492 2969 2563 2979 -—-
2582 2937 2843 2994 HERONI
2891 2930 3375 2993 PRESBYTERO.

959 3040 1223 3097 Sectaudu
1247 3056 1308 3094 ea
1329 3056 1449 3112 quae
1486 3041 1556 3095 ad
1587 3026 1829 3095 virtutem
1866 3037 2245 3117 acquirendam
2283 3040 2606 3096 adminiculo
2635 3057 2746 3095 esse
2765 3047 2977 3111 queant.

402 3157 589 3229 Μηδὲν
640 3155 825 3228 τίμιον
868 3140 1019 3213 εἶναι
1060 3155 1274 3228 νόμιζε,
1304 3156 1332 3209 ὃ
1381 3156 1456 3228 μὴ
1531 3156 1668 3229 πρὸς
1714 3155 1919 3229 ἀρετὴν
2006 3156 2035 3161 ’”

328 3252 502 3324 φέρῃ,
540 3251 678 3323 μηδὲ
707 3253 835 3322 ποιῇ
864 3251 1125 3322 ἀμείνους
1150 3251 1278 3314 τοὺς
1310 3251 1441 3319 περὶ
1491 3249 1626 3303 αὐτὸ
1672 3246 1913 3302 σπουδά-

2095 3157 2240 3215 Cave
2272 3165 2429 3228 putes
2455 3155 2685 3226 alicujus
2714 3169 2834 3210 esse
2862 3150 3045 3222 pretii,
3072 3146 3225 3219 quod
3257 3144 3325 3201 ad
3358 3143 3614 3198 virtutem

2021 3266 2127 3306 non
2178 3252 2364 3317 ducat,
2403 3263 2579 3319 neque
2608 3247 2862 3302 meliores
2893 3244 3081 3299 reddat
3130 3240 3233 3295 sibi
3267 3237 3500 3293 deditos.
3532 3233 3616 3288 Ad

329 3344 547 3411 ζοντας.
573 3344 734 3416 Φέρει
756 3343 813 3397 δὲ
858 3344 938 3409 εἰς
962 3341 1167 3415 ἀρετὴν
1189 3342 1250 3396 τὸ
1282 3343 1397 3405 τοῖς
1441 3340 1753 3411 φιλαρέτοις
1784 3340 1915 3393 ἀκο-

2024 3344 2284 3399 virtutem
2316 3350 2496 3398 autem
2551 3354 2711 3394 manu
2743 3337 2986 3401 duceris,
3007 3335 3053 3389 si
3105 3333 3306 3388 virtute
3362 3325 3619 3397 praeditos

330 3436 563 3503 λουθεῖν,
594 3438 691 3490 καὶ
722 3436 934 3507 ὁμιλεῖν
970 3437 1084 3499 τοῖς
1140 3434 1632 3505 σωφρονεστάτοις,
1670 3431 1808 3486 ἀλλὰ
1837 3432 1914 3502 μὴ

330 3533 444 3594 τοῖς
496 3529 917 3598 ἀσελγεστάτοις
936 3546 949 3559 ο
1001 3530 1115 3592 τοῖς
1189 3525 1638 3599 εἰρηνικωτάτοις
1692 3522 1793 3578 καῖ
1836 3516 1921 3586 οἷς

333 3620 735 3692 συνδιατρίϐειν
784 3619 1081 3686 λυσιτελὲς,
1117 3618 1257 3675 ἀλλά
1305 3618 1381 3690 μὴ
1416 3620 1529 3682 τοῖς
1579 3600 1915 3689 μαχιμωτά-

332 3731 466 3778 τοις.
500 3708 575 3768 Εὖ
613 3712 725 3786 γὰρ
783 3712 983 3766 εἰδέναι
1016 3711 1144 3784 χρὴ,
1192 3712 1275 3766 ὅτι
1307 3709 1503 3774 κακίας
1541 3726 1625 3773 τις
1671 3709 1801 3781 ῥᾷον
1827 3726 1925 3781 με.

332 3804 739 3879 ταλαμϐάνειῆ
789 3806 1014 3877 ἀρετῆς.
1056 3804 1121 3858 El
1150 3802 1260 3874 γὰρ
1313 3798 1383 3873 ἦν
1435 3804 1567 3875 ῥᾷον
1606 3801 1669 3856 τὸ
1718 3801 1924 3874 ἀρετῆς

338 3900 651 3969 μετασχεῖν,
675 3896 848 3969 ὲχρῆν
894 3897 1130 3961 καὶτοῖς
1185 3895 1471 3958 κακίστοις
1504 3896 1745 3949 συνεῖναι
1792 3894 1923 3957 τοὺς

337 3990 675 4061 δυναμένους
731 3988 938 4060 ταύτην
989 3987 1345 4062 χαρίσασθαι.
1411 3986 1634 4059 Ἐπειδὴ
1674 3986 1734 4041 δὲ
1762 3985 1924 4040 τοῦτο

334 4079 625 4148 δύσκολον,
667 4079 891 4152 ἄμεινον
925 4079 985 4134 ἐν
1029 4076 1303 4156 ἀσφαλείᾳ
1351 4072 1513 4144 εἶναι,
1570 4076 1666 4130 καὶ
1706 4074 1931 4146 φεύγειν

336 4173 466 4236 τοὺς
495 4171 786 4243 πονηρούς.
830 4171 895 4225 Εί
931 4169 1043 4242 γὰρ
1088 4171 1286 4225 ἐκεῖνοι
1319 4170 1421 4224 οὐκ
1469 4169 1834 4240 ὠφελοῦνται,
1858 4168 1930 4223 δι’

338 4264 408 4334 ἢν
432 4263 614 4321 αἰτίαν
637 4263 801 4327 αὐτὸς
825 4261 1160 4336 ζημιοῦσαι;

679 4464 851 4522 rma
877 4494 947 4507 —
978 4465 1218 4521 term
1259 4463 1588 4536 ΔιΑιςοΝᾳ.

2023 3434 2310 3505 sequaris,
2367 3440 2531 3502 atque
2561 3439 2728 3485 .utare
2781 3424 3124 3487 familiariter
3175 3414 3622 3490 prudentissimis

2028 3526 2378 3592 hominibus,
2433 3524 2526 3580 sed
2577 3522 2801 3578 libidine
2863 3519 3088 3575 minime
3142 3512 3458 3574 dissolutis,
3506 3508 3620 3562 vita

2025 3631 2157 3674 vero
2175 3615 2382 3686 pacatis
2404 3630 2467 3670 ac
2490 3613 2719 3685 placidis
2748 3610 2983 3666 maxime
3004 3607 3268 3670 moribus,
3297 3603 3621 3673 quibuscum

2027 3708 2237 3766 versari
2275 3707 2540 3780 perutile,
2583 3720 2688 3761 non
2736 3719 2861 3760 cum
2904 3698 3281 3758 contentiosis.
3327 3693 3621 3751 Sciendum

2032 3804 2179 3859 enim
2205 3817 2354 3865 vere,
2388 3800 2550 3856 citius
2579 3799 2731 3855 vitiis
2768 3812 2932 3869 quam
2962 3792 3254 3850 virtutibus
3287 3789 3430 3858 capi.
3457 3782 3624 3856 695

2035 3891 2095 3949 Si
2127 3894 2274 3950 enim
2311 3891 2525 3948 facilius
2558 3891 2701 3947 foret
2750 3891 3009 3944 virtutem
3057 3880 3309 3953 adipisci,
3338 3877 3627 3949 oportebat
3738 3882 3761 3901 ο

2035 3999 2177 4043 sane
2193 3999 2317 4042 cum
2338 3983 2598 4057 pessimis
2642 3980 2852 4039 versari
2879 3993 2995 4044 eos,
3031 3972 3124 4046 qui
3157 3974 3297 4028 hanc
3323 3966 3630 4026 communi-

2038 4092 2173 4135 care
2199 4084 2440 4148 possent.
2484 4073 2633 4130 Cum-
2669 4069 2891 4133 veroid
2925 4062 3245 4138 perdifﬁcile
3275 4059 3368 4124 sit,
3404 4060 3629 4148 praestat

2041 4175 2158 4225 tuto
2183 4142 2346 4239 agere
2377 4175 2435 4222 et
2462 4163 2741 4235 improbos
2777 4150 2975 4217 vitare.
3013 4152 3293 4225 Siquidem
3323 4142 3629 4239 veroyn‘ibil

2039 4232 2310 4317 commodi
2354 4232 2596 4314 referunt
2643 4250 2897 4324 improbi,
2945 4262 3066 4313 cur,
3111 4255 3342 4315 quasso,
3386 4237 3482 4293 tibi
3525 4232 3627 4305 ipsi

2040 4351 2237 4407 δῦθι-το
2266 4350 2525 4408 damnum
2553 4344 2784 4403 studes?

2326 4461 2557 4522 CDLXI.
2587 4491 2658 4503 —
2695 4455 2979 4514 HIERACI
3019 4447 3341 4511 DlAC-ONO.

960 4633 972 4642 .
1032 4558 1287 4613 Animum
1310 4571 1471 4628 quam
1510 4570 1701 4625 corpus
1732 4552 1971 4611 excolere
2001 4570 2245 4628 prastat.
2278 4558 2355 4614 De
2376 4557 2627 4612 societate
2655 4551 2933 4606 bonorum.

423 4693 491 4749 ’Β
527 4692 691 4763 φύσις
714 4691 933 4766 ἀνάγκῃ
958 4693 1055 4746 καὶ
1081 4691 1230 4764 ὅροις
1254 4689 1484 4758 δέδεται,
1515 4690 1550 4761 ἡ
1578 4688 1636 4744 δὲ
1667 4664 1921 4761 προαίρε-

2102 4685 2309 4743 Natura
2339 4680 2652 4740 necessitati
2697 4677 2975 4753 certisque
3011 4681 3115 4731 est-
3140 4650 3336 4726 ﬁnibus
3369 4663 3632 4726 astricta;

342 4803 430 4851 σις
452 4783 742 4856 ἐλευθερίᾳ
785 4784 882 4839 καὶ
910 4783 1133 4857 ἐξουσίᾳ
1171 4783 1487 4856 τετίμηται.
1516 4781 1585 4836 Τί
1633 4778 1933 4851 τοιγαροῦν

341 4878 407 4932 τὸ
436 4876 597 4947 σῶμα
655 4874 1038 4942 καλλωπίζων,
1075 4875 1179 4946 τῆς
1202 4874 1384 4948 ψυχῆς
1426 4873 1693 4947 ἀμελεῖς;
1745 4870 1938 4943 Μυρία

348 4969 452 5041 μὲν
492 4970 608 5040 (44)
642 4968 749 5039 ἐὰν,
772 4969 1084 5041 μηχανήσῃ,
1117 4967 1181 5022 τδ
1200 4965 1440 5039 εἰδεχθὲς
1467 4964 1629 5037 σῶμα
1655 4962 1937 5035 εὔμορφον

343 5062 407 5116 οὐ
437 5062 703 5131 ποιήσεις.
747 5060 986 5131 Ῥᾷονδὲ
1016 5057 1117 5130 τὴν
1151 5058 1332 5130 ψυχὴν
1361 5058 1443 5122 είς
1485 5055 1656 5127 αὐτὴν
1682 5053 1776 5109 τοῦ
1808 5054 1943 5110 κάλ-

345 5154 474 5219 λους
507 5154 824 5222 ἀναγάγοις,
856 5154 905 5205 εί
951 5150 1184 5223 βούλοιο,
1240 5149 1341 5221 τὴν
1384 5148 1633 5221 κορυφήν
1656 5162 1671 5178 ⁸
1733 5145 1831 5201 καὶ
1873 5145 1938 5200 τὸ

349 5245 475 5317 μιν,
509 5246 559 5300 εἰ
588 5244 683 5298 καὶ
711 5243 936 5297 δυνατὸν
960 5237 1051 5317 ἦν,
1083 5242 1359 5312 ἀνωφελὲς
1386 5236 1456 5314 ἦν
1483 5241 1579 5295 καὶ
1607 5239 1901 5311 ἐπίφθονον
1919 5257 1934 5273 ο

347 5339 411 5394 τὸ
441 5338 500 5393 δὲ
530 5336 625 5393 καὶ
641 5336 936 5408 ὠφέλιμον,
954 5335 1052 5390 καὶ
1078 5333 1277 5405 φθόνου
1306 5335 1575 5406 κρεῖττον,
1607 5335 1701 5389 καὶ
1726 5334 1942 5405 βασκα-

350 5429 467 5493 νίας
534 5427 827 5498 ἀνώτερον.
892 5428 956 5481 Ei
1012 5427 1072 5481 δὲ
1120 5425 1363 5498 νομίζεις
1406 5425 1667 5480 δύσκολον
1696 5421 1839 5479 εἶναι
1878 5425 1942 5479 τὸ

352 5519 622 5593 ἀναϐῆναι
649 5520 743 5573 ἐπὶ
770 5518 868 5590 τὴν
889 5519 1135 5592 κορυφὴν
1164 5517 1266 5589 τῆς
1302 5518 1525 5591 ἀρετῆς,
1559 5517 1797 5589 μάλιστα
1836 5516 1938 5586 μὲν

352 5613 493 5668 εἰσὶν
555 5613 607 5668 oi
662 5613 757 5668 καὶ
811 5611 971 5667 τοῦτο
1022 5612 1340 5678 ἀνύσαντες,
1392 5611 1489 5667 καὶ
1543 5612 1607 5664 ὲκ
1637 5608 1733 5663 τοῦ
1771 5607 1935 5680 βυθοῦ

2032 4780 2321 4836 arbitrium
2376 4792 2507 4832 vero
2561 4773 2817 4829 libertate
2875 4785 2940 4825 ac
3016 4770 3287 4836 potestate
3349 4758 3636 4828 praeditum

2035 4881 2140 4929 est.
2168 4870 2280 4928 Cur
2309 4869 2478 4941 igitur
2522 4880 2725 4935 corpus
2769 4868 3027 4918 accurate
3063 4867 3341 4912 exornans
3395 4851 3637 4905 animam

2041 4961 2320 5035 negligis?
2375 4958 2615 5017 Tametsi
2669 4956 2816 5013 enim
2879 4945 3299 5007 innumerabilia
3357 4943 3637 5007 moliaris,

2044 5034 2246 5126 corpus
2267 5052 2513 5109 deforme
2544 5050 2746 5105 frustra
2797 5040 3101 5100 formosum
3129 5036 3351 5094 coneris
3384 5034 3638 5090 reddere.

2044 5145 2115 5199 At
2144 5121 2378 5214 pronum
2428 5146 2513 5195 est
2542 5151 2607 5193 ac
2635 5135 2793 5191 facile
2839 5133 3083 5187 animam
3133 5130 3203 5184 ad
3253 5138 3557 5214 summum,
3594 5121 3640 5214 si

2045 5212 2199 5302 libet,
2259 5228 2678 5305 pulchritudinis
2731 5226 2947 5283 culmen
3006 5222 3303 5278 adducere.
3370 5214 3449 5283 si
3509 5212 3642 5305 illud

2041 5304 2286 5399 quidem,
2332 5322 2583 5396 quamvis
2639 5318 2764 5376 ﬁeri
2812 5323 3015 5388 queat,
3050 5310 3243 5368 inutile
3275 5317 3455 5362 tamen
3484 5304 3556 5358 sit
3585 5311 3644 5399 et

2041 5394 2292 5477 odiosum
2321 5394 2467 5475 :iboc
2495 5431 2627 5472 vero
2675 5411 2917 5487 perutile
2949 5417 3004 5464 et
3034 5415 3190 5462 extra
3225 5413 3446 5458 omnem
3497 5394 3642 5487 invi-

2042 5515 2199 5571 diam
2242 5511 2539 5581 odiumque
2574 5485 2833 5580 positum.
2877 5503 2936 5561 Si
2980 5508 3158 5557 autem
3212 5502 3372 5568 putes
3424 5485 3643 5545 diliciie

2042 5622 2185 5677 esse,
2217 5614 2276 5661 ut
2306 5604 2430 5676 quis
2450 5602 2518 5659 ad
2538 5614 2811 5659 summum
2845 5593 3067 5653 virtutis
3094 5592 3305 5662 apicem
3336 5583 3654 5656 pertingat,

1472 5763 1706 5822 VARUE
1746 5761 2131 5820 LECTIONES
2174 5760 2260 5816 ET
2297 5758 2532 5817 NOTAE.

436 5922 549 5997 ιιι)
574 5923 719 5982 inter
748 5925 844 5999 μὲν
872 5934 925 5983 et
965 5925 1057 5980 ἐὰν
1092 5924 1249 5981 iidem
1276 5901 1526 5980 inserunt
1554 5924 1681 5995 γάρ.
1730 5920 1945 5991 Possis.
1994 5996 1999 6000 ἦ
