  <div class='ocr_page' id='page_1' title='image "/cluster/home/n/w/nwhite01/storage/ocr_20150623/78/coo.31924054869791/805.png"; bbox 0 0 4070 6386; ppageno 0'>
   <div class='ocr_carea' id='block_1_1' title="bbox 555 426 3800 504">
    <p class='ocr_par' dir='ltr' id='par_1_1' title="bbox 555 426 3800 504">
     <span class='ocr_line' id='line_1_1' title="bbox 555 426 3800 504; baseline 0.003 -22"><span class='ocrx_word' id='word_1_1' title='bbox 555 437 692 504; x_wconf 58' lang='lat'><strong>15,95</strong></span> <span class='ocrx_word' id='word_1_2' title='bbox 1753 430 1795 490; x_wconf 88' lang='lat' dir='ltr'><strong>s</strong></span> <span class='ocrx_word' id='word_1_3' title='bbox 1859 427 2150 489; x_wconf 66' lang='lat'>151130111</span> <span class='ocrx_word' id='word_1_4' title='bbox 2188 426 2632 488; x_wconf 67' lang='lat' dir='ltr'><strong>PELUSIOTE</strong></span> <span class='ocrx_word' id='word_1_5' title='bbox 3679 427 3800 494; x_wconf 73' lang='lat'><strong>1596</strong></span> 
     </span>
    </p>
   </div>
   <div class='ocr_carea' id='block_1_2' title="bbox 552 535 2133 616">
    <p class='ocr_par' dir='ltr' id='par_1_2' title="bbox 552 543 2132 616">
     <span class='ocr_line' id='line_1_2' title="bbox 552 543 2132 616; baseline -0.008 -10"><span class='ocrx_word' id='word_1_6' title='bbox 552 563 680 606; x_wconf 89' lang='lat' dir='ltr'><strong>sunt</strong></span> <span class='ocrx_word' id='word_1_7' title='bbox 715 558 896 606; x_wconf 83' lang='lat' dir='ltr'><strong>tamen</strong></span> <span class='ocrx_word' id='word_1_8' title='bbox 952 547 1194 612; x_wconf 82' lang='lat' dir='ltr'><strong>omnino,</strong></span> <span class='ocrx_word' id='word_1_9' title='bbox 1251 545 1341 616; x_wconf 96' lang='lat' dir='ltr'><strong>qui</strong></span> <span class='ocrx_word' id='word_1_10' title='bbox 1390 559 1455 600; x_wconf 90' lang='lat' dir='ltr'><strong>eo</strong></span> <span class='ocrx_word' id='word_1_11' title='bbox 1500 543 1855 614; x_wconf 84' lang='lat' dir='ltr'><strong>perveniant,</strong></span> <span class='ocrx_word' id='word_1_12' title='bbox 1911 551 2072 611; x_wconf 88' lang='lat' dir='ltr'><strong>atque</strong></span> <span class='ocrx_word' id='word_1_13' title='bbox 2101 556 2132 594; x_wconf 91' lang='lat' dir='ltr'><strong>e</strong></span> 
     </span>
    </p>
   </div>
   <div class='ocr_carea' id='block_1_3' title="bbox 2242 535 3802 616">
    <p class='ocr_par' dir='ltr' id='par_1_3' title="bbox 2242 535 3802 616">
     <span class='ocr_line' id='line_1_3' title="bbox 2242 535 3802 616; baseline 0.004 -26"><span class='ocrx_word' id='word_1_14' title='bbox 2242 539 2332 609; x_wconf 82' lang='grc' dir='ltr'><strong>τῆς</strong></span> <span class='ocrx_word' id='word_1_15' title='bbox 2361 539 2562 604; x_wconf 83' lang='grc' dir='ltr'><strong>κακίας</strong></span> <span class='ocrx_word' id='word_1_16' title='bbox 2619 537 2756 609; x_wconf 82' lang='grc' dir='ltr'><strong>πρὸς</strong></span> <span class='ocrx_word' id='word_1_17' title='bbox 2801 536 2970 608; x_wconf 74' lang='grc' dir='ltr'><strong>ἄκρον</strong></span> <span class='ocrx_word' id='word_1_18' title='bbox 3023 535 3428 608; x_wconf 75' lang='grc' dir='ltr'><strong>ἀναϐεϐηκότες</strong></span> <span class='ocrx_word' id='word_1_19' title='bbox 3477 537 3700 616; x_wconf 63' lang='grc' dir='ltr'><strong>ἀρετῆς.</strong></span> <span class='ocrx_word' id='word_1_20' title='bbox 3745 545 3802 600; x_wconf 81' lang='lat' dir='ltr'><strong>El</strong></span> 
     </span>
    </p>
   </div>
   <div class='ocr_carea' id='block_1_4' title="bbox 552 626 2133 704">
    <p class='ocr_par' dir='ltr' id='par_1_4' title="bbox 552 631 2133 695">
     <span class='ocr_line' id='line_1_4' title="bbox 552 631 2133 695; baseline -0.006 0"><span class='ocrx_word' id='word_1_21' title='bbox 552 637 779 695; x_wconf 87' lang='lat' dir='ltr'><strong>malitiae</strong></span> <span class='ocrx_word' id='word_1_22' title='bbox 829 637 1089 691; x_wconf 79' lang='lat' dir='ltr'><strong>barathro</strong></span> <span class='ocrx_word' id='word_1_23' title='bbox 1119 637 1186 690; x_wconf 87' lang='lat' dir='ltr'><strong>ad</strong></span> <span class='ocrx_word' id='word_1_24' title='bbox 1221 633 1441 689; x_wconf 90' lang='lat' dir='ltr'><strong>virtutis</strong></span> <span class='ocrx_word' id='word_1_25' title='bbox 1475 633 1733 688; x_wconf 74' lang='lat' dir='ltr'><strong>verticem</strong></span> <span class='ocrx_word' id='word_1_26' title='bbox 1775 631 2133 686; x_wconf 72' lang='lat' dir='ltr'><strong>conscendere</strong></span> 
     </span>
    </p>
   </div>
   <div class='ocr_carea' id='block_1_5' title="bbox 2242 626 3804 704">
    <p class='ocr_par' dir='ltr' id='par_1_5' title="bbox 2245 626 3804 704">
     <span class='ocr_line' id='line_1_5' title="bbox 2245 626 3804 704; baseline 0.002 -20"><span class='ocrx_word' id='word_1_27' title='bbox 2245 631 2305 684; x_wconf 87' lang='grc' dir='ltr'><strong>δέ</strong></span> <span class='ocrx_word' id='word_1_28' title='bbox 2341 648 2424 684; x_wconf 92' lang='grc' dir='ltr'><strong>σοι</strong></span> <span class='ocrx_word' id='word_1_29' title='bbox 2451 631 2710 685; x_wconf 82' lang='grc' dir='ltr'><strong>δύσκολον</strong></span> <span class='ocrx_word' id='word_1_30' title='bbox 2741 626 2880 684; x_wconf 78' lang='grc' dir='ltr'><strong>εῖναι</strong></span> <span class='ocrx_word' id='word_1_31' title='bbox 2911 629 3070 683; x_wconf 83' lang='grc' dir='ltr'><strong>τοῦτο</strong></span> <span class='ocrx_word' id='word_1_32' title='bbox 3107 630 3283 697; x_wconf 83' lang='grc' dir='ltr'><strong>δοκεῖ,</strong></span> <span class='ocrx_word' id='word_1_33' title='bbox 3315 631 3408 684; x_wconf 69' lang='grc' dir='ltr'><strong>καὶ</strong></span> <span class='ocrx_word' id='word_1_34' title='bbox 3442 631 3696 703; x_wconf 76' lang='grc' dir='ltr'><strong>ἀπόστηθι</strong></span> <span class='ocrx_word' id='word_1_35' title='bbox 3716 635 3804 704; x_wconf 84' lang='grc' dir='ltr'><strong>τῆς</strong></span> 
     </span>
    </p>
   </div>
   <div class='ocr_carea' id='block_1_6' title="bbox 553 719 2133 794">
    <p class='ocr_par' dir='ltr' id='par_1_6' title="bbox 553 719 2133 792">
     <span class='ocr_line' id='line_1_6' title="bbox 553 719 2133 792; baseline -0.006 -8"><span class='ocrx_word' id='word_1_36' title='bbox 553 727 826 784; x_wconf 75' lang='lat' dir='ltr'><strong>nitantur.</strong></span> <span class='ocrx_word' id='word_1_37' title='bbox 851 725 1006 792; x_wconf 83' lang='lat' dir='ltr'><strong>Quod</strong></span> <span class='ocrx_word' id='word_1_38' title='bbox 1037 725 1082 780; x_wconf 87' lang='lat' dir='ltr'><strong>si</strong></span> <span class='ocrx_word' id='word_1_39' title='bbox 1111 724 1330 780; x_wconf 86' lang='lat' dir='ltr'><strong>dillicile</strong></span> <span class='ocrx_word' id='word_1_40' title='bbox 1373 725 1644 789; x_wconf 89' lang='lat' dir='ltr'><strong>videatur,</strong></span> <span class='ocrx_word' id='word_1_41' title='bbox 1695 719 1910 777; x_wconf 84' lang='lat' dir='ltr'><strong>discede</strong></span> <span class='ocrx_word' id='word_1_42' title='bbox 1941 720 2010 774; x_wconf 89' lang='lat' dir='ltr'><strong>ab</strong></span> <span class='ocrx_word' id='word_1_43' title='bbox 2037 720 2133 774; x_wconf 91' lang='lat' dir='ltr'><strong>im-</strong></span> 
     </span>
    </p>
   </div>
   <div class='ocr_carea' id='block_1_7' title="bbox 2242 719 3802 794">
    <p class='ocr_par' dir='ltr' id='par_1_7' title="bbox 2245 720 3802 794">
     <span class='ocr_line' id='line_1_7' title="bbox 2245 720 3802 794; baseline 0.001 -18"><span class='ocrx_word' id='word_1_44' title='bbox 2245 723 2469 788; x_wconf 87' lang='grc' dir='ltr'><strong>κακίας,</strong></span> <span class='ocrx_word' id='word_1_45' title='bbox 2500 723 2596 775; x_wconf 72' lang='grc' dir='ltr'><strong>καὶ</strong></span> <span class='ocrx_word' id='word_1_46' title='bbox 2630 722 2764 792; x_wconf 71' lang='grc' dir='ltr'><strong>ἅψαι</strong></span> <span class='ocrx_word' id='word_1_47' title='bbox 2787 721 2889 790; x_wconf 80' lang='grc' dir='ltr'><strong>τῆς</strong></span> <span class='ocrx_word' id='word_1_48' title='bbox 2917 721 3010 774; x_wconf 77' lang='grc' dir='ltr'><strong>ἐπὶ</strong></span> <span class='ocrx_word' id='word_1_49' title='bbox 3035 720 3135 792; x_wconf 84' lang='grc' dir='ltr'><strong>τὴν</strong></span> <span class='ocrx_word' id='word_1_50' title='bbox 3156 720 3355 792; x_wconf 79' lang='grc' dir='ltr'><strong>ἀρετὴν</strong></span> <span class='ocrx_word' id='word_1_51' title='bbox 3379 721 3640 794; x_wconf 76' lang='grc' dir='ltr'>φερούσης</span> <span class='ocrx_word' id='word_1_52' title='bbox 3671 725 3802 778; x_wconf 81' lang='grc' dir='ltr'><strong>ὁδοῦο</strong></span> 
     </span>
    </p>
   </div>
   <div class='ocr_carea' id='block_1_8' title="bbox 553 807 2133 888">
    <p class='ocr_par' dir='ltr' id='par_1_8' title="bbox 553 807 2133 888">
     <span class='ocr_line' id='line_1_8' title="bbox 553 807 2133 888; baseline -0.006 -18"><span class='ocrx_word' id='word_1_53' title='bbox 553 817 845 888; x_wconf 87' lang='lat' dir='ltr'><strong>probitate,</strong></span> <span class='ocrx_word' id='word_1_54' title='bbox 877 823 932 870; x_wconf 91' lang='lat' dir='ltr'><strong>et</strong></span> <span class='ocrx_word' id='word_1_55' title='bbox 968 814 1178 871; x_wconf 75' lang='lat' dir='ltr'><strong>insiste</strong></span> <span class='ocrx_word' id='word_1_56' title='bbox 1211 814 1298 869; x_wconf 86' lang='lat' dir='ltr'><strong>via</strong></span> <span class='ocrx_word' id='word_1_57' title='bbox 1349 827 1472 882; x_wconf 66' lang='lat' dir='ltr'><strong>quae</strong></span> <span class='ocrx_word' id='word_1_58' title='bbox 1530 812 1598 866; x_wconf 91' lang='lat' dir='ltr'><strong>ad</strong></span> <span class='ocrx_word' id='word_1_59' title='bbox 1654 810 1911 865; x_wconf 77' lang='lat' dir='ltr'><strong>virtutem</strong></span> <span class='ocrx_word' id='word_1_60' title='bbox 1970 807 2133 862; x_wconf 81' lang='lat' dir='ltr'><strong>ducit.</strong></span> 
     </span>
    </p>
   </div>
   <div class='ocr_carea' id='block_1_9' title="bbox 2242 807 3806 888">
    <p class='ocr_par' dir='ltr' id='par_1_9' title="bbox 2243 812 3806 886">
     <span class='ocr_line' id='line_1_9' title="bbox 2243 812 3806 886; baseline 0.001 -18"><span class='ocrx_word' id='word_1_61' title='bbox 2243 815 2304 868; x_wconf 81' lang='grc' dir='ltr'><strong>τὸ</strong></span> <span class='ocrx_word' id='word_1_62' title='bbox 2332 815 2440 886; x_wconf 80' lang='grc' dir='ltr'><strong>γὰρ</strong></span> <span class='ocrx_word' id='word_1_63' title='bbox 2465 813 2546 868; x_wconf 79' lang='grc' dir='ltr'><strong>ἔτι</strong></span> <span class='ocrx_word' id='word_1_64' title='bbox 2581 814 2778 886; x_wconf 75' lang='grc' dir='ltr'><strong>μικρὸν</strong></span> <span class='ocrx_word' id='word_1_65' title='bbox 2829 812 3021 867; x_wconf 76' lang='grc' dir='ltr'><strong>ἑαυτοῦ</strong></span> <span class='ocrx_word' id='word_1_66' title='bbox 3077 813 3378 886; x_wconf 81' lang='grc' dir='ltr'><strong>διαφέρειν,</strong></span> <span class='ocrx_word' id='word_1_67' title='bbox 3427 814 3488 866; x_wconf 76' lang='grc' dir='ltr'><strong>οὐ</strong></span> <span class='ocrx_word' id='word_1_68' title='bbox 3514 813 3593 866; x_wconf 80' lang='grc' dir='ltr'><strong>δεῖ</strong></span> <span class='ocrx_word' id='word_1_69' title='bbox 3627 817 3806 884; x_wconf 68' lang='grc' dir='ltr'><strong>μικρὸν</strong></span> 
     </span>
    </p>
   </div>
   <div class='ocr_carea' id='block_1_10' title="bbox 553 899 2133 979">
    <p class='ocr_par' dir='ltr' id='par_1_10' title="bbox 553 899 2133 976">
     <span class='ocr_line' id='line_1_10' title="bbox 553 899 2133 976; baseline -0.006 -13"><span class='ocrx_word' id='word_1_70' title='bbox 553 908 709 976; x_wconf 86' lang='lat' dir='ltr'><strong>Quod</strong></span> <span class='ocrx_word' id='word_1_71' title='bbox 742 907 787 962; x_wconf 92' lang='lat' dir='ltr'><strong>si</strong></span> <span class='ocrx_word' id='word_1_72' title='bbox 828 908 1008 961; x_wconf 86' lang='lat' dir='ltr'><strong>adhuc</strong></span> <span class='ocrx_word' id='word_1_73' title='bbox 1041 905 1254 961; x_wconf 87' lang='lat' dir='ltr'><strong>modice</strong></span> <span class='ocrx_word' id='word_1_74' title='bbox 1281 905 1485 958; x_wconf 69' lang='lat' dir='ltr'><strong>distare</strong></span> <span class='ocrx_word' id='word_1_75' title='bbox 1511 903 1778 967; x_wconf 84' lang='lat' dir='ltr'><strong>videatur,</strong></span> <span class='ocrx_word' id='word_1_76' title='bbox 1809 900 1919 956; x_wconf 91' lang='lat' dir='ltr'><strong>noli</strong></span> <span class='ocrx_word' id='word_1_77' title='bbox 1949 899 2133 954; x_wconf 77' lang='lat' dir='ltr'><strong>existi-</strong></span> 
     </span>
    </p>
   </div>
   <div class='ocr_carea' id='block_1_11' title="bbox 2242 899 3804 979">
    <p class='ocr_par' dir='ltr' id='par_1_11' title="bbox 2242 904 3804 979">
     <span class='ocr_line' id='line_1_11' title="bbox 2242 904 3804 979; baseline 0.001 -20"><span class='ocrx_word' id='word_1_78' title='bbox 2242 907 2518 979; x_wconf 78' lang='grc' dir='ltr'><strong>ἡγεῖσθαι.</strong></span> <span class='ocrx_word' id='word_1_79' title='bbox 2553 907 2726 962; x_wconf 79' lang='grc' dir='ltr'>Τοῦτο</span> <span class='ocrx_word' id='word_1_80' title='bbox 2756 905 2813 960; x_wconf 83' lang='grc' dir='ltr'><strong>δὲ</strong></span> <span class='ocrx_word' id='word_1_81' title='bbox 2842 906 3018 972; x_wconf 72' lang='grc' dir='ltr'><strong>ἔσται,</strong></span> <span class='ocrx_word' id='word_1_82' title='bbox 3060 907 3109 960; x_wconf 90' lang='grc' dir='ltr'><strong>εί</strong></span> <span class='ocrx_word' id='word_1_83' title='bbox 3141 907 3257 970; x_wconf 83' lang='grc' dir='ltr'><strong>τοῖς</strong></span> <span class='ocrx_word' id='word_1_84' title='bbox 3295 904 3395 976; x_wconf 83' lang='grc' dir='ltr'><strong>μὲν</strong></span> <span class='ocrx_word' id='word_1_85' title='bbox 3424 907 3670 978; x_wconf 71' lang='grc' dir='ltr'><strong>πονηροξς</strong></span> <span class='ocrx_word' id='word_1_86' title='bbox 3694 909 3804 960; x_wconf 82' lang='grc' dir='ltr'><strong>ὲπι-</strong></span> 
     </span>
    </p>
   </div>
   <div class='ocr_carea' id='block_1_12' title="bbox 552 993 2133 1070">
    <p class='ocr_par' dir='ltr' id='par_1_12' title="bbox 552 993 2133 1061">
     <span class='ocr_line' id='line_1_12' title="bbox 552 993 2133 1061; baseline -0.006 -4"><span class='ocrx_word' id='word_1_87' title='bbox 552 1016 704 1057; x_wconf 86' lang='lat' dir='ltr'><strong>mare</strong></span> <span class='ocrx_word' id='word_1_88' title='bbox 731 1000 1024 1056; x_wconf 82' lang='lat' dir='ltr'><strong>modicum.</strong></span> <span class='ocrx_word' id='word_1_89' title='bbox 1047 999 1104 1052; x_wconf 92' lang='lat' dir='ltr'><strong>ld</strong></span> <span class='ocrx_word' id='word_1_90' title='bbox 1137 999 1228 1052; x_wconf 88' lang='lat' dir='ltr'><strong>fiet</strong></span> <span class='ocrx_word' id='word_1_91' title='bbox 1250 997 1295 1052; x_wconf 83' lang='lat' dir='ltr'><strong>si</strong></span> <span class='ocrx_word' id='word_1_92' title='bbox 1333 997 1508 1052; x_wconf 73' lang='lat' dir='ltr'><strong>noxiis</strong></span> <span class='ocrx_word' id='word_1_93' title='bbox 1529 995 1649 1048; x_wconf 63' lang='lat' dir='ltr'><strong>vitae</strong></span> <span class='ocrx_word' id='word_1_94' title='bbox 1672 993 1939 1048; x_wconf 87' lang='lat' dir='ltr'><strong>institutis</strong></span> <span class='ocrx_word' id='word_1_95' title='bbox 1962 1005 2133 1061; x_wconf 86' lang='lat' dir='ltr'><strong>neque</strong></span> 
     </span>
    </p>
   </div>
   <div class='ocr_carea' id='block_1_13' title="bbox 2242 993 3804 1070">
    <p class='ocr_par' dir='ltr' id='par_1_13' title="bbox 2254 995 3804 1070">
     <span class='ocr_line' id='line_1_13' title="bbox 2254 995 3804 1070; baseline 0 -19"><span class='ocrx_word' id='word_1_96' title='bbox 2254 997 2556 1070; x_wconf 80' lang='grc' dir='ltr'><strong>τηδεύμασι</strong></span> <span class='ocrx_word' id='word_1_97' title='bbox 2604 999 2742 1070; x_wconf 82' lang='grc' dir='ltr'><strong>μήτε</strong></span> <span class='ocrx_word' id='word_1_98' title='bbox 2790 998 2956 1062; x_wconf 72' lang='grc' dir='ltr'><strong>αὐτὸς</strong></span> <span class='ocrx_word' id='word_1_99' title='bbox 3001 997 3238 1070; x_wconf 82' lang='grc' dir='ltr'><strong>χρῆσθαι</strong></span> <span class='ocrx_word' id='word_1_100' title='bbox 3296 995 3632 1067; x_wconf 74' lang='grc' dir='ltr'><strong>βουληθείης,</strong></span> <span class='ocrx_word' id='word_1_101' title='bbox 3679 999 3804 1069; x_wconf 84' lang='grc' dir='ltr'><strong>μήτε</strong></span> 
     </span>
    </p>
   </div>
   <div class='ocr_carea' id='block_1_14' title="bbox 556 1084 2133 1163">
    <p class='ocr_par' dir='ltr' id='par_1_14' title="bbox 556 1084 2133 1163">
     <span class='ocr_line' id='line_1_14' title="bbox 556 1084 2133 1163; baseline -0.005 -16"><span class='ocrx_word' id='word_1_102' title='bbox 556 1093 633 1147; x_wconf 89' lang='lat' dir='ltr'><strong>uti</strong></span> <span class='ocrx_word' id='word_1_103' title='bbox 664 1092 781 1163; x_wconf 81' lang='lat' dir='ltr'><strong>ipso</strong></span> <span class='ocrx_word' id='word_1_104' title='bbox 816 1091 984 1157; x_wconf 88' lang='lat' dir='ltr'><strong>voles,</strong></span> <span class='ocrx_word' id='word_1_105' title='bbox 1025 1104 1202 1159; x_wconf 82' lang='lat' dir='ltr'><strong>neque</strong></span> <span class='ocrx_word' id='word_1_106' title='bbox 1248 1089 1320 1144; x_wconf 87' lang='lat' dir='ltr'><strong>iis</strong></span> <span class='ocrx_word' id='word_1_107' title='bbox 1351 1088 1444 1158; x_wconf 87' lang='lat' dir='ltr'><strong>qui</strong></span> <span class='ocrx_word' id='word_1_108' title='bbox 1482 1094 1708 1142; x_wconf 82' lang='lat' dir='ltr'><strong>utantur</strong></span> <span class='ocrx_word' id='word_1_109' title='bbox 1738 1086 1816 1142; x_wconf 85' lang='lat' dir='ltr'><strong>sis</strong></span> <span class='ocrx_word' id='word_1_110' title='bbox 1849 1084 2133 1140; x_wconf 82' lang='lat' dir='ltr'><strong>familiaris</strong></span> 
     </span>
    </p>
   </div>
   <div class='ocr_carea' id='block_1_15' title="bbox 2242 1084 3802 1163">
    <p class='ocr_par' dir='ltr' id='par_1_15' title="bbox 2243 1087 3802 1162">
     <span class='ocr_line' id='line_1_15' title="bbox 2243 1087 3802 1162; baseline -0.001 -18"><span class='ocrx_word' id='word_1_111' title='bbox 2243 1093 2355 1154; x_wconf 83' lang='grc' dir='ltr'><strong>τοῖς</strong></span> <span class='ocrx_word' id='word_1_112' title='bbox 2376 1090 2681 1162; x_wconf 79' lang='grc' dir='ltr'><strong>χρωμένοις</strong></span> <span class='ocrx_word' id='word_1_113' title='bbox 2727 1089 2989 1162; x_wconf 83' lang='grc' dir='ltr'><strong>χρῆσθαι,</strong></span> <span class='ocrx_word' id='word_1_114' title='bbox 3013 1093 3126 1155; x_wconf 85' lang='grc' dir='ltr'><strong>τοῖς</strong></span> <span class='ocrx_word' id='word_1_115' title='bbox 3161 1090 3218 1144; x_wconf 83' lang='grc' dir='ltr'><strong>δὲ</strong></span> <span class='ocrx_word' id='word_1_116' title='bbox 3245 1087 3470 1157; x_wconf 79' lang='grc' dir='ltr'>ἀγαθοῖς</span> <span class='ocrx_word' id='word_1_117' title='bbox 3509 1089 3604 1143; x_wconf 77' lang='grc' dir='ltr'><strong>καὶ</strong></span> <span class='ocrx_word' id='word_1_118' title='bbox 3635 1091 3802 1160; x_wconf 77' lang='grc' dir='ltr'><strong>πράγ-</strong></span> 
     </span>
    </p>
   </div>
   <div class='ocr_carea' id='block_1_16' title="bbox 557 1176 2133 1255">
    <p class='ocr_par' dir='ltr' id='par_1_16' title="bbox 557 1176 2130 1250">
     <span class='ocr_line' id='line_1_16' title="bbox 557 1176 2130 1250; baseline -0.006 -10"><span class='ocrx_word' id='word_1_119' title='bbox 557 1183 719 1240; x_wconf 83' lang='lat' dir='ltr'><strong>bonis</strong></span> <span class='ocrx_word' id='word_1_120' title='bbox 774 1193 968 1239; x_wconf 85' lang='lat' dir='ltr'><strong>contra</strong></span> <span class='ocrx_word' id='word_1_121' title='bbox 1005 1182 1139 1237; x_wconf 83' lang='lat' dir='ltr'><strong>viris</strong></span> <span class='ocrx_word' id='word_1_122' title='bbox 1182 1195 1246 1236; x_wconf 86' lang='lat' dir='ltr'><strong>ac</strong></span> <span class='ocrx_word' id='word_1_123' title='bbox 1307 1180 1541 1250; x_wconf 76' lang='lat' dir='ltr'><strong>negotiis</strong></span> <span class='ocrx_word' id='word_1_124' title='bbox 1601 1179 1832 1248; x_wconf 90' lang='lat' dir='ltr'><strong>teipsum</strong></span> <span class='ocrx_word' id='word_1_125' title='bbox 1895 1176 2130 1233; x_wconf 88' lang='lat' dir='ltr'><strong>dederis.</strong></span> 
     </span>
    </p>
   </div>
   <div class='ocr_carea' id='block_1_17' title="bbox 2242 1176 3801 1255">
    <p class='ocr_par' dir='ltr' id='par_1_17' title="bbox 2251 1180 3801 1255">
     <span class='ocr_line' id='line_1_17' title="bbox 2251 1180 3801 1255; baseline -0.001 -19"><span class='ocrx_word' id='word_1_126' title='bbox 2251 1199 2385 1255; x_wconf 87' lang='grc' dir='ltr'><strong>μασι</strong></span> <span class='ocrx_word' id='word_1_127' title='bbox 2415 1183 2508 1236; x_wconf 77' lang='grc' dir='ltr'><strong>καὶ</strong></span> <span class='ocrx_word' id='word_1_128' title='bbox 2557 1182 2786 1254; x_wconf 79' lang='grc' dir='ltr'><strong>ἀνδράσι</strong></span> <span class='ocrx_word' id='word_1_129' title='bbox 2839 1181 3138 1254; x_wconf 75' lang='grc' dir='ltr'><strong>συνάψειας</strong></span> <span class='ocrx_word' id='word_1_130' title='bbox 3174 1181 3390 1236; x_wconf 84' lang='grc' dir='ltr'><strong>σαυτόν.</strong></span> <span class='ocrx_word' id='word_1_131' title='bbox 3421 1180 3556 1244; x_wconf 80' lang='grc' dir='ltr'><strong>Τοὺς</strong></span> <span class='ocrx_word' id='word_1_132' title='bbox 3591 1181 3684 1252; x_wconf 81' lang='grc' dir='ltr'><strong>μὲν</strong></span> <span class='ocrx_word' id='word_1_133' title='bbox 3709 1183 3801 1254; x_wconf 76' lang='grc' dir='ltr'><strong>γὰρ</strong></span> 
     </span>
    </p>
   </div>
   <div class='ocr_carea' id='block_1_18' title="bbox 553 1269 2133 1346">
    <p class='ocr_par' dir='ltr' id='par_1_18' title="bbox 553 1269 2133 1340">
     <span class='ocr_line' id='line_1_18' title="bbox 553 1269 2133 1340; baseline -0.004 -10"><span class='ocrx_word' id='word_1_134' title='bbox 553 1275 762 1332; x_wconf 81' lang='lat' dir='ltr'><strong>Probas</strong></span> <span class='ocrx_word' id='word_1_135' title='bbox 813 1275 1054 1339; x_wconf 87' lang='lat' dir='ltr'><strong>etenim,</strong></span> <span class='ocrx_word' id='word_1_136' title='bbox 1109 1273 1323 1329; x_wconf 75' lang='lat' dir='ltr'><strong>tametsi</strong></span> <span class='ocrx_word' id='word_1_137' title='bbox 1385 1280 1439 1327; x_wconf 90' lang='lat' dir='ltr'><strong>te</strong></span> <span class='ocrx_word' id='word_1_138' title='bbox 1486 1271 1740 1336; x_wconf 87' lang='lat' dir='ltr'><strong>oderint,</strong></span> <span class='ocrx_word' id='word_1_139' title='bbox 1795 1269 1984 1340; x_wconf 74' lang='lat' dir='ltr'><strong>lugere</strong></span> <span class='ocrx_word' id='word_1_140' title='bbox 2030 1283 2133 1325; x_wconf 89' lang='lat' dir='ltr'><strong>nou</strong></span> 
     </span>
    </p>
   </div>
   <div class='ocr_carea' id='block_1_19' title="bbox 2242 1269 3802 1346">
    <p class='ocr_par' dir='ltr' id='par_1_19' title="bbox 2242 1273 3802 1346">
     <span class='ocr_line' id='line_1_19' title="bbox 2242 1273 3802 1346; baseline -0.004 -14"><span class='ocrx_word' id='word_1_141' title='bbox 2242 1274 2479 1344; x_wconf 74' lang='grc' dir='ltr'><strong>ἀγαθοὺς</strong></span> <span class='ocrx_word' id='word_1_142' title='bbox 2505 1275 2625 1329; x_wconf 78' lang='grc' dir='ltr'><strong>οὐδὲ</strong></span> <span class='ocrx_word' id='word_1_143' title='bbox 2659 1274 2986 1346; x_wconf 82' lang='grc' dir='ltr'><strong>μισούμενον</strong></span> <span class='ocrx_word' id='word_1_144' title='bbox 3009 1274 3235 1345; x_wconf 80' lang='grc' dir='ltr'><strong>φεύγειν</strong></span> <span class='ocrx_word' id='word_1_145' title='bbox 3265 1273 3395 1346; x_wconf 83' lang='grc' dir='ltr'><strong>χρὴ,</strong></span> <span class='ocrx_word' id='word_1_146' title='bbox 3422 1273 3551 1337; x_wconf 80' lang='grc' dir='ltr'><strong>τοὺς</strong></span> <span class='ocrx_word' id='word_1_147' title='bbox 3572 1273 3629 1326; x_wconf 71' lang='grc' dir='ltr'><strong>δὲ</strong></span> <span class='ocrx_word' id='word_1_148' title='bbox 3657 1289 3802 1345; x_wconf 79' lang='grc' dir='ltr'><strong>πονη-</strong></span> 
     </span>
    </p>
   </div>
   <div class='ocr_carea' id='block_1_20' title="bbox 551 1363 2133 1438">
    <p class='ocr_par' dir='ltr' id='par_1_20' title="bbox 551 1365 1678 1438">
     <span class='ocr_line' id='line_1_20' title="bbox 551 1365 1678 1438; baseline -0.005 -16"><span class='ocrx_word' id='word_1_149' title='bbox 551 1376 786 1438; x_wconf 84' lang='lat' dir='ltr'><strong>oportet,</strong></span> <span class='ocrx_word' id='word_1_150' title='bbox 821 1374 875 1420; x_wconf 91' lang='lat' dir='ltr'><strong>at</strong></span> <span class='ocrx_word' id='word_1_151' title='bbox 901 1381 1030 1422; x_wconf 87' lang='lat' dir='ltr'><strong>vero</strong></span> <span class='ocrx_word' id='word_1_152' title='bbox 1053 1366 1242 1426; x_wconf 82' lang='lat' dir='ltr'><strong>malos,</strong></span> <span class='ocrx_word' id='word_1_153' title='bbox 1271 1365 1369 1419; x_wconf 90' lang='lat' dir='ltr'><strong>etsi</strong></span> <span class='ocrx_word' id='word_1_154' title='bbox 1397 1375 1445 1420; x_wconf 90' lang='lat' dir='ltr'><strong>te</strong></span> <span class='ocrx_word' id='word_1_155' title='bbox 1472 1370 1678 1418; x_wconf 88' lang='lat' dir='ltr'><strong>ament.</strong></span> 
     </span>
    </p>
   </div>
   <div class='ocr_carea' id='block_1_21' title="bbox 2242 1363 2876 1438">
    <p class='ocr_par' dir='ltr' id='par_1_21' title="bbox 2242 1363 2876 1438">
     <span class='ocr_line' id='line_1_21' title="bbox 2242 1363 2876 1438; baseline 0 -17"><span class='ocrx_word' id='word_1_156' title='bbox 2242 1369 2367 1437; x_wconf 78' lang='grc' dir='ltr'><strong>ροὺς</strong></span> <span class='ocrx_word' id='word_1_157' title='bbox 2391 1367 2488 1420; x_wconf 78' lang='grc' dir='ltr'><strong>καὶ</strong></span> <span class='ocrx_word' id='word_1_158' title='bbox 2517 1363 2876 1438; x_wconf 71' lang='grc' dir='ltr'><strong>φιλούμενον.</strong></span> 
     </span>
    </p>
   </div>
   <div class='ocr_carea' id='block_1_22' title="bbox 715 1472 2133 1550">
    <p class='ocr_par' dir='ltr' id='par_1_22' title="bbox 715 1472 1964 1538">
     <span class='ocr_line' id='line_1_22' title="bbox 715 1472 1964 1538; baseline -0.006 0"><span class='ocrx_word' id='word_1_159' title='bbox 715 1479 968 1538; x_wconf 82' lang='lat' dir='ltr'><strong>CDLXll.</strong></span> <span class='ocrx_word' id='word_1_160' title='bbox 1007 1510 1079 1522; x_wconf 95' lang='lat'><strong><em>—</em></strong></span> <span class='ocrx_word' id='word_1_161' title='bbox 1103 1474 1481 1534; x_wconf 77' lang='lat' dir='ltr'><strong>THEODORO</strong></span> <span class='ocrx_word' id='word_1_162' title='bbox 1535 1472 1964 1533; x_wconf 84' lang='lat' dir='ltr'><strong>AUGUSTALL</strong></span> 
     </span>
    </p>
   </div>
   <div class='ocr_carea' id='block_1_23' title="bbox 2242 1472 3605 1550">
    <p class='ocr_par' dir='ltr' id='par_1_23' title="bbox 2447 1477 3605 1550">
     <span class='ocr_line' id='line_1_23' title="bbox 2447 1477 3605 1550; baseline 0 -17"><span class='ocrx_word' id='word_1_163' title='bbox 2447 1479 2615 1534; x_wconf 69' lang='grc' dir='ltr'><strong>ΥΞΒι.</strong></span> <span class='ocrx_word' id='word_1_164' title='bbox 2649 1509 2722 1521; x_wconf 83' lang='grc'><strong><em>--</em></strong></span> <span class='ocrx_word' id='word_1_165' title='bbox 2747 1478 3052 1550; x_wconf 66' lang='grc' dir='ltr'>οΕοΔοΡῃ</span> <span class='ocrx_word' id='word_1_166' title='bbox 3101 1477 3605 1550; x_wconf 76' lang='grc' dir='ltr'><strong>ΛΥΓΟΥΣΤΑΛΙῼ.</strong></span> 
     </span>
    </p>
   </div>
   <div class='ocr_carea' id='block_1_24' title="bbox 735 1569 3259 1644">
    <p class='ocr_par' dir='ltr' id='par_1_24' title="bbox 735 1569 3259 1644">
     <span class='ocr_line' id='line_1_24' title="bbox 735 1569 3259 1644; baseline 0 -18"><span class='ocrx_word' id='word_1_167' title='bbox 735 1571 741 1578; x_wconf 82' lang='grc'><em>’</em></span> <span class='ocrx_word' id='word_1_168' title='bbox 1162 1570 1476 1626; x_wconf 82' lang='lat' dir='ltr'><strong>Comitatem</strong></span> <span class='ocrx_word' id='word_1_169' title='bbox 1508 1571 1684 1641; x_wconf 82' lang='lat' dir='ltr'><strong>potius</strong></span> <span class='ocrx_word' id='word_1_170' title='bbox 1713 1585 1871 1640; x_wconf 84' lang='lat' dir='ltr'><strong>quam</strong></span> <span class='ocrx_word' id='word_1_171' title='bbox 1899 1569 2204 1638; x_wconf 78' lang='lat' dir='ltr'><strong>superbiam</strong></span> <span class='ocrx_word' id='word_1_172' title='bbox 2237 1581 2285 1628; x_wconf 86' lang='lat' dir='ltr'><strong>et</strong></span> <span class='ocrx_word' id='word_1_173' title='bbox 2315 1575 2515 1642; x_wconf 68' lang='lat' dir='ltr'><strong>fastum</strong></span> <span class='ocrx_word' id='word_1_174' title='bbox 2547 1575 2930 1644; x_wconf 72' lang='lat' dir='ltr'><strong>imperantibus</strong></span> <span class='ocrx_word' id='word_1_175' title='bbox 2959 1573 3259 1627; x_wconf 81' lang='lat' dir='ltr'><strong>convenire.</strong></span> 
     </span>
    </p>
   </div>
   <div class='ocr_carea' id='block_1_25' title="bbox 624 1682 2133 1760">
    <p class='ocr_par' dir='ltr' id='par_1_25' title="bbox 624 1682 2133 1756">
     <span class='ocr_line' id='line_1_25' title="bbox 624 1682 2133 1756; baseline -0.001 -16"><span class='ocrx_word' id='word_1_176' title='bbox 624 1683 741 1740; x_wconf 86' lang='lat' dir='ltr'><strong>Non</strong></span> <span class='ocrx_word' id='word_1_177' title='bbox 771 1687 1066 1756; x_wconf 86' lang='lat' dir='ltr'><strong>superbum</strong></span> <span class='ocrx_word' id='word_1_178' title='bbox 1101 1686 1410 1754; x_wconf 84' lang='lat' dir='ltr'><strong>elatumque</strong></span> <span class='ocrx_word' id='word_1_179' title='bbox 1449 1683 1728 1753; x_wconf 80' lang='lat' dir='ltr'><strong>ingenium</strong></span> <span class='ocrx_word' id='word_1_180' title='bbox 1765 1683 1832 1738; x_wconf 91' lang='lat' dir='ltr'><strong>ad</strong></span> <span class='ocrx_word' id='word_1_181' title='bbox 1854 1682 2133 1753; x_wconf 63' lang='lat' dir='ltr'><strong>imperanc</strong></span> 
     </span>
    </p>
   </div>
   <div class='ocr_carea' id='block_1_26' title="bbox 2242 1682 3804 1760">
    <p class='ocr_par' dir='ltr' id='par_1_26' title="bbox 2312 1687 3804 1760">
     <span class='ocr_line' id='line_1_26' title="bbox 2312 1687 3804 1760; baseline -0.002 -15"><span class='ocrx_word' id='word_1_182' title='bbox 2312 1691 2389 1746; x_wconf 83' lang='grc' dir='ltr'><strong>Οὐ</strong></span> <span class='ocrx_word' id='word_1_183' title='bbox 2417 1690 2478 1742; x_wconf 84' lang='grc' dir='ltr'><strong>τὸ</strong></span> <span class='ocrx_word' id='word_1_184' title='bbox 2497 1688 2815 1754; x_wconf 68' lang='grc' dir='ltr'><strong>ἀλαζονικον</strong></span> <span class='ocrx_word' id='word_1_185' title='bbox 2847 1691 2943 1744; x_wconf 75' lang='grc' dir='ltr'><strong>καὶ</strong></span> <span class='ocrx_word' id='word_1_186' title='bbox 2983 1688 3296 1760; x_wconf 76' lang='grc' dir='ltr'>ὑπέρογκον</span> <span class='ocrx_word' id='word_1_187' title='bbox 3327 1687 3522 1758; x_wconf 82' lang='grc' dir='ltr'><strong>δεῖγμα</strong></span> <span class='ocrx_word' id='word_1_188' title='bbox 3580 1689 3804 1760; x_wconf 75' lang='grc' dir='ltr'><strong>ἄρχοντι-</strong></span> 
     </span>
    </p>
   </div>
   <div class='ocr_carea' id='block_1_27' title="bbox 551 1774 2133 1852">
    <p class='ocr_par' dir='ltr' id='par_1_27' title="bbox 551 1774 2130 1844">
     <span class='ocr_line' id='line_1_27' title="bbox 551 1774 2130 1844; baseline -0.002 -13"><span class='ocrx_word' id='word_1_189' title='bbox 551 1776 678 1831; x_wconf 89' lang='lat' dir='ltr'><strong>dum</strong></span> <span class='ocrx_word' id='word_1_190' title='bbox 721 1792 842 1831; x_wconf 90' lang='lat' dir='ltr'><strong>cum</strong></span> <span class='ocrx_word' id='word_1_191' title='bbox 890 1776 1028 1832; x_wconf 80' lang='lat' dir='ltr'><strong>fastu</strong></span> <span class='ocrx_word' id='word_1_192' title='bbox 1069 1790 1128 1832; x_wconf 88' lang='lat' dir='ltr'><strong>se</strong></span> <span class='ocrx_word' id='word_1_193' title='bbox 1173 1779 1308 1830; x_wconf 87' lang='lat' dir='ltr'><strong>dans</strong></span> <span class='ocrx_word' id='word_1_194' title='bbox 1365 1775 1676 1843; x_wconf 83' lang='lat' dir='ltr'><strong>reipublicae</strong></span> <span class='ocrx_word' id='word_1_195' title='bbox 1726 1774 2130 1844; x_wconf 68' lang='lat' dir='ltr'><strong>gubernaudaz,</strong></span> 
     </span>
    </p>
   </div>
   <div class='ocr_carea' id='block_1_28' title="bbox 2242 1774 3807 1852">
    <p class='ocr_par' dir='ltr' id='par_1_28' title="bbox 2242 1779 3807 1852">
     <span class='ocr_line' id='line_1_28' title="bbox 2242 1779 3807 1852; baseline -0.002 -18"><span class='ocrx_word' id='word_1_196' title='bbox 2242 1780 2338 1834; x_wconf 81' lang='grc' dir='ltr'><strong>κοῦ</strong></span> <span class='ocrx_word' id='word_1_197' title='bbox 2367 1783 2536 1845; x_wconf 82' lang='grc' dir='ltr'><strong>ἐστιν,</strong></span> <span class='ocrx_word' id='word_1_198' title='bbox 2562 1780 2636 1843; x_wconf 89' lang='grc' dir='ltr'><strong>ὡς</strong></span> <span class='ocrx_word' id='word_1_199' title='bbox 2668 1782 2800 1850; x_wconf 86' lang='grc' dir='ltr'><strong>ήγῇ,</strong></span> <span class='ocrx_word' id='word_1_200' title='bbox 2834 1781 3204 1852; x_wconf 81' lang='grc' dir='ltr'><strong>φρονήματος,</strong></span> <span class='ocrx_word' id='word_1_201' title='bbox 3240 1779 3384 1835; x_wconf 70' lang='grc' dir='ltr'><strong>ἀλλὰ</strong></span> <span class='ocrx_word' id='word_1_202' title='bbox 3411 1779 3472 1832; x_wconf 79' lang='grc' dir='ltr'><strong>τὸ</strong></span> <span class='ocrx_word' id='word_1_203' title='bbox 3501 1781 3696 1850; x_wconf 64' lang='grc' dir='ltr'><strong>ἥμερον</strong></span> <span class='ocrx_word' id='word_1_204' title='bbox 3723 1779 3807 1832; x_wconf 78' lang='grc' dir='ltr'><strong>καὶ</strong></span> 
     </span>
    </p>
   </div>
   <div class='ocr_carea' id='block_1_29' title="bbox 553 1863 2133 1941">
    <p class='ocr_par' dir='ltr' id='par_1_29' title="bbox 553 1863 2133 1936">
     <span class='ocr_line' id='line_1_29' title="bbox 553 1863 2133 1936; baseline 0 -16"><span class='ocrx_word' id='word_1_205' title='bbox 553 1875 612 1920; x_wconf 91' lang='lat' dir='ltr'><strong>ut</strong></span> <span class='ocrx_word' id='word_1_206' title='bbox 639 1867 940 1932; x_wconf 82' lang='lat' dir='ltr'><strong>existimas,</strong></span> <span class='ocrx_word' id='word_1_207' title='bbox 981 1877 1165 1933; x_wconf 88' lang='lat' dir='ltr'><strong>aptum</strong></span> <span class='ocrx_word' id='word_1_208' title='bbox 1193 1877 1297 1935; x_wconf 91' lang='lat' dir='ltr'><strong>est,</strong></span> <span class='ocrx_word' id='word_1_209' title='bbox 1347 1866 1440 1920; x_wconf 88' lang='lat' dir='ltr'><strong>sed</strong></span> <span class='ocrx_word' id='word_1_210' title='bbox 1491 1866 1622 1923; x_wconf 87' lang='lat' dir='ltr'><strong>mite</strong></span> <span class='ocrx_word' id='word_1_211' title='bbox 1649 1865 1831 1936; x_wconf 87' lang='lat' dir='ltr'><strong>potius</strong></span> <span class='ocrx_word' id='word_1_212' title='bbox 1880 1879 1945 1920; x_wconf 88' lang='lat' dir='ltr'><strong>ac</strong></span> <span class='ocrx_word' id='word_1_213' title='bbox 1977 1863 2133 1920; x_wconf 80' lang='lat' dir='ltr'><strong>facile</strong></span> 
     </span>
    </p>
   </div>
   <div class='ocr_carea' id='block_1_30' title="bbox 2242 1863 3806 1941">
    <p class='ocr_par' dir='ltr' id='par_1_30' title="bbox 2242 1868 3806 1941">
     <span class='ocr_line' id='line_1_30' title="bbox 2242 1868 3806 1941; baseline 0 -19"><span class='ocrx_word' id='word_1_214' title='bbox 2242 1869 2580 1940; x_wconf 78' lang='grc' dir='ltr'><strong>εὐπρόσιτον,</strong></span> <span class='ocrx_word' id='word_1_215' title='bbox 2614 1869 2710 1922; x_wconf 70' lang='grc' dir='ltr'><strong>καὶ</strong></span> <span class='ocrx_word' id='word_1_216' title='bbox 2749 1868 2810 1922; x_wconf 79' lang='grc' dir='ltr'><strong>τὸ</strong></span> <span class='ocrx_word' id='word_1_217' title='bbox 2841 1868 3007 1923; x_wconf 79' lang='grc' dir='ltr'><strong>πᾶσιν</strong></span> <span class='ocrx_word' id='word_1_218' title='bbox 3045 1871 3162 1939; x_wconf 82' lang='grc' dir='ltr'><strong>μετ’</strong></span> <span class='ocrx_word' id='word_1_219' title='bbox 3189 1868 3496 1932; x_wconf 71' lang='grc' dir='ltr'><strong>ἐπιεικείας</strong></span> <span class='ocrx_word' id='word_1_220' title='bbox 3523 1868 3806 1941; x_wconf 79' lang='grc' dir='ltr'><strong>προσφέρε-</strong></span> 
     </span>
    </p>
   </div>
   <div class='ocr_carea' id='block_1_31' title="bbox 551 1956 2133 2032">
    <p class='ocr_par' dir='ltr' id='par_1_31' title="bbox 551 1956 2133 2030">
     <span class='ocr_line' id='line_1_31' title="bbox 551 1956 2133 2030; baseline -0.001 -16"><span class='ocrx_word' id='word_1_221' title='bbox 551 1959 913 2030; x_wconf 86' lang='lat' dir='ltr'><strong>cmnihusque</strong></span> <span class='ocrx_word' id='word_1_222' title='bbox 963 1974 1022 2016; x_wconf 88' lang='lat' dir='ltr'><strong>se</strong></span> <span class='ocrx_word' id='word_1_223' title='bbox 1072 1977 1136 2016; x_wconf 78' lang='lat' dir='ltr'><strong>ex</strong></span> <span class='ocrx_word' id='word_1_224' title='bbox 1195 1975 1350 2029; x_wconf 63' lang='lat' dir='ltr'><strong>aequo</strong></span> <span class='ocrx_word' id='word_1_225' title='bbox 1385 1959 1813 2014; x_wconf 85' lang='lat' dir='ltr'><strong>accommodans</strong></span> <span class='ocrx_word' id='word_1_226' title='bbox 1853 1956 2133 2026; x_wconf 83' lang='lat' dir='ltr'><strong>ingenium</strong></span> 
     </span>
    </p>
   </div>
   <div class='ocr_carea' id='block_1_32' title="bbox 2242 1956 3804 2032">
    <p class='ocr_par' dir='ltr' id='par_1_32' title="bbox 2245 1959 3804 2032">
     <span class='ocr_line' id='line_1_32' title="bbox 2245 1959 3804 2032; baseline -0.001 -18"><span class='ocrx_word' id='word_1_227' title='bbox 2245 1959 2388 2015; x_wconf 89' lang='grc' dir='ltr'><strong>σθαι.</strong></span> <span class='ocrx_word' id='word_1_228' title='bbox 2456 1961 2667 2014; x_wconf 85' lang='grc' dir='ltr'>Ἐκεῖνο</span> <span class='ocrx_word' id='word_1_229' title='bbox 2702 1959 2802 2030; x_wconf 76' lang='grc' dir='ltr'><strong>μὲν</strong></span> <span class='ocrx_word' id='word_1_230' title='bbox 2854 1961 2964 2030; x_wconf 77' lang='grc' dir='ltr'><strong>γὰρ</strong></span> <span class='ocrx_word' id='word_1_231' title='bbox 3015 1959 3394 2032; x_wconf 78' lang='grc' dir='ltr'><strong>θηριοπρεπὲς</strong></span> <span class='ocrx_word' id='word_1_232' title='bbox 3435 1959 3526 2012; x_wconf 72' lang='grc' dir='ltr'><strong>καὶ</strong></span> <span class='ocrx_word' id='word_1_233' title='bbox 3579 1959 3804 2028; x_wconf 76' lang='grc' dir='ltr'><strong>ὀφιῶδες,</strong></span> 
     </span>
    </p>
   </div>
   <div class='ocr_carea' id='block_1_33' title="bbox 551 2049 2133 2124">
    <p class='ocr_par' dir='ltr' id='par_1_33' title="bbox 551 2049 2133 2124">
     <span class='ocr_line' id='line_1_33' title="bbox 551 2049 2133 2124; baseline -0.001 -21"><span class='ocrx_word' id='word_1_234' title='bbox 551 2050 952 2124; x_wconf 69' lang='lat' dir='ltr'><strong>praeferendum</strong></span> <span class='ocrx_word' id='word_1_235' title='bbox 984 2059 1088 2108; x_wconf 89' lang='lat' dir='ltr'><strong>est.</strong></span> <span class='ocrx_word' id='word_1_236' title='bbox 1145 2051 1278 2106; x_wconf 85' lang='lat' dir='ltr'><strong>illud</strong></span> <span class='ocrx_word' id='word_1_237' title='bbox 1314 2053 1534 2123; x_wconf 88' lang='lat' dir='ltr'><strong>quidem</strong></span> <span class='ocrx_word' id='word_1_238' title='bbox 1576 2049 1810 2105; x_wconf 89' lang='lat' dir='ltr'><strong>ferinum</strong></span> <span class='ocrx_word' id='word_1_239' title='bbox 1859 2049 2019 2120; x_wconf 80' lang='lat' dir='ltr'><strong>plane</strong></span> <span class='ocrx_word' id='word_1_240' title='bbox 2053 2058 2133 2104; x_wconf 90' lang='lat' dir='ltr'><strong>est</strong></span> 
     </span>
    </p>
   </div>
   <div class='ocr_carea' id='block_1_34' title="bbox 2242 2049 3804 2124">
    <p class='ocr_par' dir='ltr' id='par_1_34' title="bbox 2244 2049 3804 2122">
     <span class='ocr_line' id='line_1_34' title="bbox 2244 2049 3804 2122; baseline 0 -17"><span class='ocrx_word' id='word_1_241' title='bbox 2244 2049 2402 2105; x_wconf 77' lang='grc' dir='ltr'><strong>τοῦτο</strong></span> <span class='ocrx_word' id='word_1_242' title='bbox 2429 2049 2486 2104; x_wconf 87' lang='grc' dir='ltr'><strong>δὲ</strong></span> <span class='ocrx_word' id='word_1_243' title='bbox 2520 2049 2768 2122; x_wconf 81' lang='grc' dir='ltr'><strong>ἀρχικὸν,</strong></span> <span class='ocrx_word' id='word_1_244' title='bbox 2803 2051 2898 2104; x_wconf 75' lang='grc' dir='ltr'><strong>καὶ</strong></span> <span class='ocrx_word' id='word_1_245' title='bbox 2923 2052 3036 2114; x_wconf 86' lang='grc' dir='ltr'><strong>τοῖς</strong></span> <span class='ocrx_word' id='word_1_246' title='bbox 3071 2051 3340 2122; x_wconf 83' lang='grc' dir='ltr'><strong>ὑπηκόοις</strong></span> <span class='ocrx_word' id='word_1_247' title='bbox 3368 2049 3804 2105; x_wconf 87' lang='grc' dir='ltr'><strong>λυσιτελέστατον.</strong></span> 
     </span>
    </p>
   </div>
   <div class='ocr_carea' id='block_1_35' title="bbox 553 2141 2133 2215">
    <p class='ocr_par' dir='ltr' id='par_1_35' title="bbox 553 2143 2133 2215">
     <span class='ocr_line' id='line_1_35' title="bbox 553 2143 2133 2215; baseline 0.001 -19"><span class='ocrx_word' id='word_1_248' title='bbox 553 2160 616 2198; x_wconf 86' lang='lat' dir='ltr'><strong>ac</strong></span> <span class='ocrx_word' id='word_1_249' title='bbox 669 2145 974 2215; x_wconf 85' lang='lat' dir='ltr'><strong>viperinum</strong></span> <span class='ocrx_word' id='word_1_250' title='bbox 1035 2162 1049 2200; x_wconf 91' lang='lat'><strong>:</strong></span> <span class='ocrx_word' id='word_1_251' title='bbox 1108 2145 1213 2200; x_wconf 88' lang='lat' dir='ltr'><strong>hoc</strong></span> <span class='ocrx_word' id='word_1_252' title='bbox 1263 2153 1453 2199; x_wconf 86' lang='lat' dir='ltr'><strong>contra</strong></span> <span class='ocrx_word' id='word_1_253' title='bbox 1512 2147 1698 2214; x_wconf 87' lang='lat' dir='ltr'><strong>aptum</strong></span> <span class='ocrx_word' id='word_1_254' title='bbox 1760 2143 2012 2212; x_wconf 88' lang='lat' dir='ltr'><strong>imperio,</strong></span> <span class='ocrx_word' id='word_1_255' title='bbox 2073 2157 2133 2198; x_wconf 90' lang='lat' dir='ltr'><strong>ac</strong></span> 
     </span>
    </p>
   </div>
   <div class='ocr_carea' id='block_1_36' title="bbox 2242 2141 3808 2215">
    <p class='ocr_par' dir='ltr' id='par_1_36' title="bbox 2246 2141 3808 2214">
     <span class='ocr_line' id='line_1_36' title="bbox 2246 2141 3808 2214; baseline -0.001 -17"><span class='ocrx_word' id='word_1_256' title='bbox 2246 2143 2320 2198; x_wconf 81' lang='grc' dir='ltr'><strong>Οὐ</strong></span> <span class='ocrx_word' id='word_1_257' title='bbox 2366 2142 2478 2214; x_wconf 82' lang='grc' dir='ltr'><strong>γὰρ</strong></span> <span class='ocrx_word' id='word_1_258' title='bbox 2527 2141 2634 2196; x_wconf 75' lang='grc' dir='ltr'><strong>ἀπὸ</strong></span> <span class='ocrx_word' id='word_1_259' title='bbox 2679 2143 3052 2214; x_wconf 82' lang='grc' dir='ltr'><strong>φρονήματος,</strong></span> <span class='ocrx_word' id='word_1_260' title='bbox 3080 2141 3196 2196; x_wconf 79' lang='grc' dir='ltr'><strong>ἀλλ’</strong></span> <span class='ocrx_word' id='word_1_261' title='bbox 3231 2141 3346 2197; x_wconf 84' lang='grc' dir='ltr'>ἀπὸ</span> <span class='ocrx_word' id='word_1_262' title='bbox 3378 2143 3680 2214; x_wconf 76' lang='grc' dir='ltr'><strong>φρονήσεως</strong></span> <span class='ocrx_word' id='word_1_263' title='bbox 3710 2142 3808 2196; x_wconf 82' lang='grc' dir='ltr'><strong>τῶν</strong></span> 
     </span>
    </p>
   </div>
   <div class='ocr_carea' id='block_1_37' title="bbox 551 2235 2137 2309">
    <p class='ocr_par' dir='ltr' id='par_1_37' title="bbox 551 2235 2137 2309">
     <span class='ocr_line' id='line_1_37' title="bbox 551 2235 2137 2309; baseline 0.001 -19"><span class='ocrx_word' id='word_1_264' title='bbox 551 2238 787 2294; x_wconf 89' lang='lat' dir='ltr'><strong>subditis</strong></span> <span class='ocrx_word' id='word_1_265' title='bbox 821 2239 980 2309; x_wconf 77' lang='lat' dir='ltr'><strong>longe</strong></span> <span class='ocrx_word' id='word_1_266' title='bbox 1015 2239 1386 2293; x_wconf 84' lang='lat' dir='ltr'><strong>utilissimum.</strong></span> <span class='ocrx_word' id='word_1_267' title='bbox 1439 2235 1628 2308; x_wconf 88' lang='lat' dir='ltr'><strong>Neque</strong></span> <span class='ocrx_word' id='word_1_268' title='bbox 1668 2237 1810 2303; x_wconf 87' lang='lat' dir='ltr'><strong>enim</strong></span> <span class='ocrx_word' id='word_1_269' title='bbox 1846 2235 2011 2302; x_wconf 89' lang='lat' dir='ltr'><strong>fastu,</strong></span> <span class='ocrx_word' id='word_1_270' title='bbox 2042 2236 2137 2292; x_wconf 87' lang='lat' dir='ltr'><strong>sed</strong></span> 
     </span>
    </p>
   </div>
   <div class='ocr_carea' id='block_1_38' title="bbox 553 2325 2142 2399">
    <p class='ocr_par' dir='ltr' id='par_1_38' title="bbox 553 2325 2142 2399">
     <span class='ocr_line' id='line_1_38' title="bbox 553 2325 2142 2399; baseline 0.001 -18"><span class='ocrx_word' id='word_1_271' title='bbox 553 2329 840 2394; x_wconf 85' lang='lat' dir='ltr'><strong>prudentia</strong></span> <span class='ocrx_word' id='word_1_272' title='bbox 877 2325 1259 2399; x_wconf 84' lang='lat' dir='ltr'><strong>praefectorum</strong></span> <span class='ocrx_word' id='word_1_273' title='bbox 1301 2344 1388 2382; x_wconf 88' lang='lat' dir='ltr'><strong>res</strong></span> <span class='ocrx_word' id='word_1_274' title='bbox 1417 2329 1786 2398; x_wconf 88' lang='lat' dir='ltr'><strong>subjectorum</strong></span> <span class='ocrx_word' id='word_1_275' title='bbox 1829 2327 2142 2383; x_wconf 83' lang='lat' dir='ltr'><strong>instauran-</strong></span> 
     </span>
    </p>
   </div>
   <div class='ocr_carea' id='block_1_39' title="bbox 555 2419 2142 2493">
    <p class='ocr_par' dir='ltr' id='par_1_39' title="bbox 555 2419 2142 2493">
     <span class='ocr_line' id='line_1_39' title="bbox 555 2419 2142 2493; baseline 0.003 -20"><span class='ocrx_word' id='word_1_276' title='bbox 555 2429 660 2474; x_wconf 89' lang='lat' dir='ltr'><strong>tur.</strong></span> <span class='ocrx_word' id='word_1_277' title='bbox 681 2419 775 2476; x_wconf 87' lang='lat' dir='ltr'><strong>llle</strong></span> <span class='ocrx_word' id='word_1_278' title='bbox 795 2423 936 2476; x_wconf 89' lang='lat' dir='ltr'><strong>enim</strong></span> <span class='ocrx_word' id='word_1_279' title='bbox 954 2421 1198 2493; x_wconf 88' lang='lat' dir='ltr'><strong>utrisque</strong></span> <span class='ocrx_word' id='word_1_280' title='bbox 1217 2438 1408 2493; x_wconf 88' lang='lat' dir='ltr'><strong>parum</strong></span> <span class='ocrx_word' id='word_1_281' title='bbox 1429 2431 1598 2487; x_wconf 90' lang='lat' dir='ltr'><strong>tutus,</strong></span> <span class='ocrx_word' id='word_1_282' title='bbox 1613 2422 1728 2477; x_wconf 85' lang='lat' dir='ltr'><strong>haec</strong></span> <span class='ocrx_word' id='word_1_283' title='bbox 1745 2435 1873 2476; x_wconf 90' lang='lat' dir='ltr'><strong>vero</strong></span> <span class='ocrx_word' id='word_1_284' title='bbox 1895 2421 2142 2492; x_wconf 83' lang='lat' dir='ltr'><strong>utrisque</strong></span> 
     </span>
    </p>
   </div>
   <div class='ocr_carea' id='block_1_40' title="bbox 554 2513 2136 2586">
    <p class='ocr_par' dir='ltr' id='par_1_40' title="bbox 554 2513 2136 2586">
     <span class='ocr_line' id='line_1_40' title="bbox 554 2513 2136 2586; baseline 0.001 -20"><span class='ocrx_word' id='word_1_285' title='bbox 554 2521 700 2568; x_wconf 86' lang='lat' dir='ltr'><strong>tuta:</strong></span> <span class='ocrx_word' id='word_1_286' title='bbox 725 2513 846 2567; x_wconf 89' lang='lat' dir='ltr'><strong>istis</strong></span> <span class='ocrx_word' id='word_1_287' title='bbox 871 2514 1088 2585; x_wconf 87' lang='lat' dir='ltr'><strong>quidem</strong></span> <span class='ocrx_word' id='word_1_288' title='bbox 1117 2514 1163 2569; x_wconf 89' lang='lat' dir='ltr'><strong>si</strong></span> <span class='ocrx_word' id='word_1_289' title='bbox 1189 2514 1474 2586; x_wconf 89' lang='lat' dir='ltr'><strong>imperium</strong></span> <span class='ocrx_word' id='word_1_290' title='bbox 1498 2513 1564 2570; x_wconf 87' lang='lat' dir='ltr'><strong>ad</strong></span> <span class='ocrx_word' id='word_1_291' title='bbox 1591 2513 1904 2584; x_wconf 88' lang='lat' dir='ltr'><strong>popularem</strong></span> <span class='ocrx_word' id='word_1_292' title='bbox 1937 2521 2136 2568; x_wconf 88' lang='lat' dir='ltr'><strong>statum</strong></span> 
     </span>
    </p>
   </div>
   <div class='ocr_carea' id='block_1_41' title="bbox 551 2603 2136 2679">
    <p class='ocr_par' dir='ltr' id='par_1_41' title="bbox 551 2603 2136 2679">
     <span class='ocr_line' id='line_1_41' title="bbox 551 2603 2136 2679; baseline -0.001 -19"><span class='ocrx_word' id='word_1_293' title='bbox 551 2615 796 2674; x_wconf 88' lang='lat' dir='ltr'><strong>spectare</strong></span> <span class='ocrx_word' id='word_1_294' title='bbox 819 2607 1080 2673; x_wconf 90' lang='lat' dir='ltr'><strong>creditur,</strong></span> <span class='ocrx_word' id='word_1_295' title='bbox 1111 2607 1196 2662; x_wconf 92' lang='lat' dir='ltr'><strong>his</strong></span> <span class='ocrx_word' id='word_1_296' title='bbox 1226 2622 1354 2662; x_wconf 86' lang='lat' dir='ltr'><strong>vero</strong></span> <span class='ocrx_word' id='word_1_297' title='bbox 1383 2607 1428 2662; x_wconf 90' lang='lat' dir='ltr'><strong>si</strong></span> <span class='ocrx_word' id='word_1_298' title='bbox 1459 2605 1772 2663; x_wconf 85' lang='lat' dir='ltr'><strong>dominandi</strong></span> <span class='ocrx_word' id='word_1_299' title='bbox 1805 2603 2136 2679; x_wconf 81' lang='lat' dir='ltr'><strong>[libidinem]</strong></span> 
     </span>
    </p>
   </div>
   <div class='ocr_carea' id='block_1_42' title="bbox 553 2697 1773 2769">
    <p class='ocr_par' dir='ltr' id='par_1_42' title="bbox 553 2697 1773 2769">
     <span class='ocr_line' id='line_1_42' title="bbox 553 2697 1773 2769; baseline 0.005 -20"><span class='ocrx_word' id='word_1_300' title='bbox 553 2711 761 2767; x_wconf 84' lang='lat' dir='ltr'><strong>amore,</strong></span> <span class='ocrx_word' id='word_1_301' title='bbox 797 2699 890 2769; x_wconf 88' lang='lat' dir='ltr'><strong>qui</strong></span> <span class='ocrx_word' id='word_1_302' title='bbox 928 2697 1181 2752; x_wconf 89' lang='lat' dir='ltr'><strong>timorem</strong></span> <span class='ocrx_word' id='word_1_303' title='bbox 1216 2698 1410 2765; x_wconf 89' lang='lat' dir='ltr'><strong>vincit,</strong></span> <span class='ocrx_word' id='word_1_304' title='bbox 1441 2707 1773 2768; x_wconf 87' lang='lat' dir='ltr'><strong>permutent.</strong></span> 
     </span>
    </p>
   </div>
   <div class='ocr_carea' id='block_1_43' title="bbox 1002 2807 1676 2866">
    <p class='ocr_par' dir='ltr' id='par_1_43' title="bbox 1002 2807 1676 2866">
     <span class='ocr_line' id='line_1_43' title="bbox 1002 2807 1676 2866; baseline -0.001 -2"><span class='ocrx_word' id='word_1_305' title='bbox 1002 2807 1278 2866; x_wconf 81' lang='lat' dir='ltr'><strong>CDLXl’lI.</strong></span> <span class='ocrx_word' id='word_1_306' title='bbox 1309 2840 1380 2850; x_wconf 93' lang='lat'><strong><em>—</em></strong></span> <span class='ocrx_word' id='word_1_307' title='bbox 1401 2809 1676 2866; x_wconf 84' lang='lat' dir='ltr'><strong>ALYPlO.</strong></span> 
     </span>
    </p>
   </div>
   <div class='ocr_carea' id='block_1_44' title="bbox 2245 2231 3806 2306">
    <p class='ocr_par' dir='ltr' id='par_1_44' title="bbox 2245 2231 3806 2306">
     <span class='ocr_line' id='line_1_44' title="bbox 2245 2231 3806 2306; baseline -0.001 -18"><span class='ocrx_word' id='word_1_308' title='bbox 2245 2234 2533 2306; x_wconf 75' lang='grc' dir='ltr'><strong>ἡγεμόνων</strong></span> <span class='ocrx_word' id='word_1_309' title='bbox 2571 2233 2641 2288; x_wconf 82' lang='grc' dir='ltr'><strong>τὰ</strong></span> <span class='ocrx_word' id='word_1_310' title='bbox 2667 2235 2775 2287; x_wconf 84' lang='grc' dir='ltr'><strong>τῶν</strong></span> <span class='ocrx_word' id='word_1_311' title='bbox 2805 2232 3065 2305; x_wconf 75' lang='grc' dir='ltr'><strong>ὑπηκόων</strong></span> <span class='ocrx_word' id='word_1_312' title='bbox 3097 2232 3462 2304; x_wconf 77' lang='grc' dir='ltr'><strong>κατορθοῦται</strong></span> <span class='ocrx_word' id='word_1_313' title='bbox 3509 2231 3806 2304; x_wconf 81' lang='grc' dir='ltr'><strong>πράγματα.</strong></span> 
     </span>
    </p>
   </div>
   <div class='ocr_carea' id='block_1_45' title="bbox 2243 2323 3806 2398">
    <p class='ocr_par' dir='ltr' id='par_1_45' title="bbox 2243 2323 3806 2398">
     <span class='ocr_line' id='line_1_45' title="bbox 2243 2323 3806 2398; baseline -0.003 -18"><span class='ocrx_word' id='word_1_314' title='bbox 2243 2326 2318 2380; x_wconf 87' lang='grc' dir='ltr'>Τὸ</span> <span class='ocrx_word' id='word_1_315' title='bbox 2355 2325 2456 2396; x_wconf 89' lang='grc' dir='ltr'><strong>μὲν</strong></span> <span class='ocrx_word' id='word_1_316' title='bbox 2469 2325 2578 2398; x_wconf 83' lang='grc' dir='ltr'><strong>γὰρ</strong></span> <span class='ocrx_word' id='word_1_317' title='bbox 2612 2326 2708 2380; x_wconf 74' lang='grc' dir='ltr'><strong>καὶ</strong></span> <span class='ocrx_word' id='word_1_318' title='bbox 2728 2327 2910 2390; x_wconf 83' lang='grc' dir='ltr'><strong>αὐτοῖς</strong></span> <span class='ocrx_word' id='word_1_319' title='bbox 2937 2325 3162 2388; x_wconf 73' lang='grc' dir='ltr'><strong>καὶτοῖς</strong></span> <span class='ocrx_word' id='word_1_320' title='bbox 3193 2324 3522 2396; x_wconf 79' lang='grc' dir='ltr'><strong>ἀρχομένοις</strong></span> <span class='ocrx_word' id='word_1_321' title='bbox 3543 2323 3806 2394; x_wconf 77' lang='grc' dir='ltr'><strong>σφαλερὸν,</strong></span> 
     </span>
    </p>
   </div>
   <div class='ocr_carea' id='block_1_46' title="bbox 2244 2415 3806 2490">
    <p class='ocr_par' dir='ltr' id='par_1_46' title="bbox 2244 2415 3806 2490">
     <span class='ocr_line' id='line_1_46' title="bbox 2244 2415 3806 2490; baseline -0.003 -18"><span class='ocrx_word' id='word_1_322' title='bbox 2244 2419 2278 2489; x_wconf 83' lang='grc' dir='ltr'><strong>ἡ</strong></span> <span class='ocrx_word' id='word_1_323' title='bbox 2336 2417 2395 2472; x_wconf 79' lang='grc' dir='ltr'><strong>δὲ</strong></span> <span class='ocrx_word' id='word_1_324' title='bbox 2445 2417 2727 2489; x_wconf 76' lang='grc' dir='ltr'><strong>ἑκατέροις</strong></span> <span class='ocrx_word' id='word_1_325' title='bbox 2785 2418 3035 2489; x_wconf 77' lang='grc' dir='ltr'><strong>ἀσφαλής</strong></span> <span class='ocrx_word' id='word_1_326' title='bbox 3055 2433 3070 2449; x_wconf 77' lang='grc' dir='ltr'><strong><em>ο</em></strong></span> <span class='ocrx_word' id='word_1_327' title='bbox 3103 2418 3218 2480; x_wconf 85' lang='grc' dir='ltr'><strong>τοῖς</strong></span> <span class='ocrx_word' id='word_1_328' title='bbox 3263 2416 3373 2487; x_wconf 84' lang='grc' dir='ltr'><strong>μὲν</strong></span> <span class='ocrx_word' id='word_1_329' title='bbox 3405 2416 3535 2490; x_wconf 70' lang='grc'><strong>(45),</strong></span> <span class='ocrx_word' id='word_1_330' title='bbox 3562 2417 3611 2469; x_wconf 75' lang='grc' dir='ltr'><strong>εί</strong></span> <span class='ocrx_word' id='word_1_331' title='bbox 3637 2415 3692 2469; x_wconf 81' lang='grc' dir='ltr'><strong>τὸ</strong></span> <span class='ocrx_word' id='word_1_332' title='bbox 3716 2415 3806 2486; x_wconf 79' lang='grc' dir='ltr'><strong>ἀρ-</strong></span> 
     </span>
    </p>
   </div>
   <div class='ocr_carea' id='block_1_47' title="bbox 2243 2509 3805 2584">
    <p class='ocr_par' dir='ltr' id='par_1_47' title="bbox 2243 2509 3805 2584">
     <span class='ocr_line' id='line_1_47' title="bbox 2243 2509 3805 2584; baseline -0.004 -18"><span class='ocrx_word' id='word_1_333' title='bbox 2243 2513 2397 2583; x_wconf 80' lang='grc' dir='ltr'><strong>χικὸν</strong></span> <span class='ocrx_word' id='word_1_334' title='bbox 2425 2513 2520 2568; x_wconf 77' lang='grc' dir='ltr'><strong>ἐπὶ</strong></span> <span class='ocrx_word' id='word_1_335' title='bbox 2555 2513 2616 2566; x_wconf 79' lang='grc' dir='ltr'><strong>τὸ</strong></span> <span class='ocrx_word' id='word_1_336' title='bbox 2639 2510 3079 2584; x_wconf 81' lang='grc' dir='ltr'><strong>δημοτικώτερον</strong></span> <span class='ocrx_word' id='word_1_337' title='bbox 3113 2511 3295 2566; x_wconf 83' lang='grc' dir='ltr'><strong>νεύειν</strong></span> <span class='ocrx_word' id='word_1_338' title='bbox 3322 2510 3682 2564; x_wconf 86' lang='grc' dir='ltr'><strong>ἀναπείθοιεν·</strong></span> <span class='ocrx_word' id='word_1_339' title='bbox 3708 2509 3805 2570; x_wconf 84' lang='grc' dir='ltr'><strong>τοῖς</strong></span> 
     </span>
    </p>
   </div>
   <div class='ocr_carea' id='block_1_48' title="bbox 2241 2599 3804 2675">
    <p class='ocr_par' dir='ltr' id='par_1_48' title="bbox 2241 2599 3804 2675">
     <span class='ocr_line' id='line_1_48' title="bbox 2241 2599 3804 2675; baseline -0.005 -17"><span class='ocrx_word' id='word_1_340' title='bbox 2241 2603 2322 2668; x_wconf 81' lang='grc' dir='ltr'><strong>δὲ,</strong></span> <span class='ocrx_word' id='word_1_341' title='bbox 2377 2605 2427 2658; x_wconf 83' lang='grc' dir='ltr'><strong>εί</strong></span> <span class='ocrx_word' id='word_1_342' title='bbox 2483 2604 2584 2675; x_wconf 82' lang='grc' dir='ltr'><strong>τὴν</strong></span> <span class='ocrx_word' id='word_1_343' title='bbox 2635 2603 2936 2658; x_wconf 75' lang='grc' dir='ltr'><strong>ἐπιείκειαν</strong></span> <span class='ocrx_word' id='word_1_344' title='bbox 2977 2602 3077 2674; x_wconf 76' lang='grc' dir='ltr'><strong>τὴν</strong></span> <span class='ocrx_word' id='word_1_345' title='bbox 3127 2600 3472 2674; x_wconf 81' lang='grc' dir='ltr'><strong>ἡγεμονικὴν</strong></span> <span class='ocrx_word' id='word_1_346' title='bbox 3506 2601 3583 2665; x_wconf 88' lang='grc' dir='ltr'><strong>είς</strong></span> <span class='ocrx_word' id='word_1_347' title='bbox 3613 2599 3804 2670; x_wconf 74' lang='grc' dir='ltr'><strong>ἀγάπην</strong></span> 
     </span>
    </p>
   </div>
   <div class='ocr_carea' id='block_1_49' title="bbox 2247 2693 3497 2766">
    <p class='ocr_par' dir='ltr' id='par_1_49' title="bbox 2247 2693 3497 2766">
     <span class='ocr_line' id='line_1_49' title="bbox 2247 2693 3497 2766; baseline -0.002 -18"><span class='ocrx_word' id='word_1_348' title='bbox 2247 2693 2470 2766; x_wconf 78' lang='grc' dir='ltr'><strong>μείζονα</strong></span> <span class='ocrx_word' id='word_1_349' title='bbox 2489 2694 2584 2750; x_wconf 79' lang='grc' dir='ltr'><strong>τοῦ</strong></span> <span class='ocrx_word' id='word_1_350' title='bbox 2608 2695 2775 2765; x_wconf 78' lang='grc' dir='ltr'>φόϐου</span> <span class='ocrx_word' id='word_1_351' title='bbox 2809 2695 3186 2766; x_wconf 86' lang='grc' dir='ltr'><strong>τυγχάνουσαν</strong></span> <span class='ocrx_word' id='word_1_352' title='bbox 3216 2693 3497 2766; x_wconf 62' lang='grc' dir='ltr'><strong>τρέφοιεν.</strong></span> 
     </span>
    </p>
   </div>
   <div class='ocr_carea' id='block_1_50' title="bbox 2753 2805 3332 2880">
    <p class='ocr_par' dir='ltr' id='par_1_50' title="bbox 2753 2805 3332 2880">
     <span class='ocr_line' id='line_1_50' title="bbox 2753 2805 3332 2880; baseline -0.002 -19"><span class='ocrx_word' id='word_1_353' title='bbox 2753 2805 2918 2862; x_wconf 79' lang='grc' dir='ltr'>ΥΞῐν.</span> <span class='ocrx_word' id='word_1_354' title='bbox 2951 2836 3018 2847; x_wconf 72' lang='grc' dir='ltr'><strong>-ο</strong></span> <span class='ocrx_word' id='word_1_355' title='bbox 3041 2807 3332 2880; x_wconf 80' lang='grc' dir='ltr'><strong>ΑΛΥΠΙῼ.</strong></span> 
     </span>
    </p>
   </div>
   <div class='ocr_carea' id='block_1_51' title="bbox 1480 2899 2902 2972">
    <p class='ocr_par' dir='ltr' id='par_1_51' title="bbox 1480 2899 2902 2972">
     <span class='ocr_line' id='line_1_51' title="bbox 1480 2899 2902 2972; baseline -0.001 -16"><span class='ocrx_word' id='word_1_356' title='bbox 1480 2901 1708 2959; x_wconf 77' lang='lat' dir='ltr'><strong>Theatra</strong></span> <span class='ocrx_word' id='word_1_357' title='bbox 1741 2902 1980 2972; x_wconf 79' lang='lat' dir='ltr'><strong>uitanda,</strong></span> <span class='ocrx_word' id='word_1_358' title='bbox 2015 2909 2072 2956; x_wconf 85' lang='lat' dir='ltr'><strong>ut</strong></span> <span class='ocrx_word' id='word_1_359' title='bbox 2106 2899 2378 2956; x_wconf 69' lang='lat' dir='ltr'><strong>libidinosi</strong></span> <span class='ocrx_word' id='word_1_360' title='bbox 2411 2900 2609 2956; x_wconf 86' lang='lat' dir='ltr'><strong>amoris</strong></span> <span class='ocrx_word' id='word_1_361' title='bbox 2647 2899 2902 2954; x_wconf 76' lang='lat' dir='ltr'><strong>scholam.</strong></span> 
     </span>
    </p>
   </div>
   <div class='ocr_carea' id='block_1_52' title="bbox 622 3011 2138 3086">
    <p class='ocr_par' dir='ltr' id='par_1_52' title="bbox 622 3011 2138 3086">
     <span class='ocr_line' id='line_1_52' title="bbox 622 3011 2138 3086; baseline 0.003 -20"><span class='ocrx_word' id='word_1_362' title='bbox 622 3011 849 3068; x_wconf 87' lang='lat' dir='ltr'><strong>Theatri</strong></span> <span class='ocrx_word' id='word_1_363' title='bbox 905 3012 1158 3084; x_wconf 83' lang='lat' dir='ltr'><strong>quisquis</strong></span> <span class='ocrx_word' id='word_1_364' title='bbox 1203 3013 1400 3071; x_wconf 88' lang='lat' dir='ltr'><strong>insano</strong></span> <span class='ocrx_word' id='word_1_365' title='bbox 1447 3028 1634 3070; x_wconf 89' lang='lat' dir='ltr'><strong>amore</strong></span> <span class='ocrx_word' id='word_1_366' title='bbox 1679 3025 1875 3086; x_wconf 90' lang='lat' dir='ltr'><strong>captus</strong></span> <span class='ocrx_word' id='word_1_367' title='bbox 1921 3024 2048 3083; x_wconf 86' lang='lat' dir='ltr'><strong>est,</strong></span> <span class='ocrx_word' id='word_1_368' title='bbox 2103 3029 2138 3070; x_wconf 87' lang='grc' dir='ltr'>ο</span> 
     </span>
    </p>
   </div>
   <div class='ocr_carea' id='block_1_53' title="bbox 547 3105 2138 3180">
    <p class='ocr_par' dir='ltr' id='par_1_53' title="bbox 547 3105 2138 3180">
     <span class='ocr_line' id='line_1_53' title="bbox 547 3105 2138 3180; baseline 0.003 -20"><span class='ocrx_word' id='word_1_369' title='bbox 547 3105 756 3174; x_wconf 81' lang='lat' dir='ltr'><strong>Optime</strong></span> <span class='ocrx_word' id='word_1_370' title='bbox 803 3105 1070 3171; x_wconf 86' lang='lat' dir='ltr'><strong>virorum,</strong></span> <span class='ocrx_word' id='word_1_371' title='bbox 1111 3107 1340 3164; x_wconf 88' lang='lat' dir='ltr'><strong>insanus</strong></span> <span class='ocrx_word' id='word_1_372' title='bbox 1390 3107 1631 3164; x_wconf 87' lang='lat' dir='ltr'><strong>vicissim</strong></span> <span class='ocrx_word' id='word_1_373' title='bbox 1672 3123 1738 3165; x_wconf 90' lang='lat' dir='ltr'><strong>ac</strong></span> <span class='ocrx_word' id='word_1_374' title='bbox 1775 3108 2024 3180; x_wconf 89' lang='lat' dir='ltr'><strong>perditus</strong></span> <span class='ocrx_word' id='word_1_375' title='bbox 2075 3107 2138 3164; x_wconf 86' lang='lat' dir='ltr'><strong>flt</strong></span> 
     </span>
    </p>
   </div>
   <div class='ocr_carea' id='block_1_54' title="bbox 2327 3006 3805 3086">
    <p class='ocr_par' dir='ltr' id='par_1_54' title="bbox 2327 3006 3805 3086">
     <span class='ocr_line' id='line_1_54' title="bbox 2327 3006 3805 3086; baseline -0.003 -18"><span class='ocrx_word' id='word_1_376' title='bbox 2327 3013 2386 3068; x_wconf 82' lang='grc' dir='ltr'><strong>Ὀ</strong></span> <span class='ocrx_word' id='word_1_377' title='bbox 2411 3013 2808 3086; x_wconf 82' lang='grc' dir='ltr'><strong>θεατρομανὴς,</strong></span> <span class='ocrx_word' id='word_1_378' title='bbox 2843 3006 2888 3068; x_wconf 83' lang='grc' dir='ltr'><strong>ὦ</strong></span> <span class='ocrx_word' id='word_1_379' title='bbox 2923 3011 3190 3084; x_wconf 76' lang='grc' dir='ltr'><strong>βέλτιστε,</strong></span> <span class='ocrx_word' id='word_1_380' title='bbox 3214 3013 3579 3086; x_wconf 78' lang='grc' dir='ltr'><strong>ἐρωτομανὴς</strong></span> <span class='ocrx_word' id='word_1_381' title='bbox 3603 3012 3805 3083; x_wconf 87' lang='grc' dir='ltr'><strong>γίνεται.</strong></span> 
     </span>
    </p>
   </div>
   <div class='ocr_carea' id='block_1_55' title="bbox 2243 3105 3808 3180">
    <p class='ocr_par' dir='ltr' id='par_1_55' title="bbox 2243 3105 3808 3180">
     <span class='ocr_line' id='line_1_55' title="bbox 2243 3105 3808 3180; baseline -0.005 -20"><span class='ocrx_word' id='word_1_382' title='bbox 2243 3105 2416 3176; x_wconf 82' lang='grc' dir='ltr'><strong>Φεῦγε</strong></span> <span class='ocrx_word' id='word_1_383' title='bbox 2438 3105 2616 3160; x_wconf 80' lang='grc' dir='ltr'><strong>τοίνυν</strong></span> <span class='ocrx_word' id='word_1_384' title='bbox 2645 3106 2840 3167; x_wconf 74' lang='grc' dir='ltr'><strong>ἐκεῖνο,</strong></span> <span class='ocrx_word' id='word_1_385' title='bbox 2869 3106 2958 3161; x_wconf 79' lang='grc' dir='ltr'><strong>ἴνα</strong></span> <span class='ocrx_word' id='word_1_386' title='bbox 2987 3106 3064 3180; x_wconf 84' lang='grc' dir='ltr'><strong>μὴ</strong></span> <span class='ocrx_word' id='word_1_387' title='bbox 3108 3105 3268 3160; x_wconf 84' lang='grc' dir='ltr'><strong>τοῦτο</strong></span> <span class='ocrx_word' id='word_1_388' title='bbox 3313 3106 3550 3177; x_wconf 80' lang='grc' dir='ltr'><strong>τεχθείη.</strong></span> <span class='ocrx_word' id='word_1_389' title='bbox 3579 3107 3808 3176; x_wconf 73' lang='grc' dir='ltr'><strong>’Ἄμεινον</strong></span> 
     </span>
    </p>
   </div>
   <div class='ocr_carea' id='block_1_56' title="bbox 551 3195 2133 3270">
    <p class='ocr_par' dir='ltr' id='par_1_56' title="bbox 551 3196 2133 3268">
     <span class='ocr_line' id='line_1_56' title="bbox 551 3196 2133 3268; baseline 0.004 -19"><span class='ocrx_word' id='word_1_390' title='bbox 551 3207 790 3252; x_wconf 87' lang='lat' dir='ltr'><strong>amator.</strong></span> <span class='ocrx_word' id='word_1_391' title='bbox 845 3196 985 3252; x_wconf 87' lang='lat' dir='ltr'><strong>Illud</strong></span> <span class='ocrx_word' id='word_1_392' title='bbox 1042 3197 1230 3268; x_wconf 83' lang='lat' dir='ltr'><strong>itaque</strong></span> <span class='ocrx_word' id='word_1_393' title='bbox 1272 3199 1468 3256; x_wconf 83' lang='lat' dir='ltr'><strong>vitium</strong></span> <span class='ocrx_word' id='word_1_394' title='bbox 1518 3200 1754 3268; x_wconf 87' lang='lat' dir='ltr'><strong>declina,</strong></span> <span class='ocrx_word' id='word_1_395' title='bbox 1814 3216 1882 3256; x_wconf 89' lang='lat' dir='ltr'><strong>ne</strong></span> <span class='ocrx_word' id='word_1_396' title='bbox 1936 3201 1988 3256; x_wconf 88' lang='lat' dir='ltr'><strong>in</strong></span> <span class='ocrx_word' id='word_1_397' title='bbox 2035 3201 2133 3256; x_wconf 88' lang='lat' dir='ltr'><strong>hoc</strong></span> 
     </span>
    </p>
   </div>
   <div class='ocr_carea' id='block_1_57' title="bbox 2242 3195 3806 3270">
    <p class='ocr_par' dir='ltr' id='par_1_57' title="bbox 2242 3195 3806 3270">
     <span class='ocr_line' id='line_1_57' title="bbox 2242 3195 3806 3270; baseline -0.003 -18"><span class='ocrx_word' id='word_1_398' title='bbox 2242 3197 2354 3270; x_wconf 88' lang='grc' dir='ltr'><strong>γὰρ</strong></span> <span class='ocrx_word' id='word_1_399' title='bbox 2381 3197 2456 3269; x_wconf 85' lang='grc' dir='ltr'><strong>μὴ</strong></span> <span class='ocrx_word' id='word_1_400' title='bbox 2490 3195 2788 3269; x_wconf 81' lang='grc' dir='ltr'><strong>ριζωθῆναι</strong></span> <span class='ocrx_word' id='word_1_401' title='bbox 2823 3197 2924 3269; x_wconf 84' lang='grc' dir='ltr'><strong>τὴν</strong></span> <span class='ocrx_word' id='word_1_402' title='bbox 2951 3199 3124 3263; x_wconf 77' lang='grc' dir='ltr'><strong>νόσον,</strong></span> <span class='ocrx_word' id='word_1_403' title='bbox 3153 3199 3187 3270; x_wconf 81' lang='grc' dir='ltr'><strong>ἢ</strong></span> <span class='ocrx_word' id='word_1_404' title='bbox 3231 3199 3564 3270; x_wconf 77' lang='grc' dir='ltr'><strong>ριζωθείσαν</strong></span> <span class='ocrx_word' id='word_1_405' title='bbox 3587 3199 3806 3252; x_wconf 82' lang='grc' dir='ltr'><strong>ἀνασπα-</strong></span> 
     </span>
    </p>
   </div>
   <div class='ocr_carea' id='block_1_58' title="bbox 548 3285 2136 3362">
    <p class='ocr_par' dir='ltr' id='par_1_58' title="bbox 548 3285 2136 3362">
     <span class='ocr_line' id='line_1_58' title="bbox 548 3285 2136 3362; baseline 0.003 -21"><span class='ocrx_word' id='word_1_406' title='bbox 548 3286 782 3344; x_wconf 89' lang='lat' dir='ltr'><strong>incidas.</strong></span> <span class='ocrx_word' id='word_1_407' title='bbox 825 3285 1058 3344; x_wconf 67' lang='lat' dir='ltr'><strong>Pratstat</strong></span> <span class='ocrx_word' id='word_1_408' title='bbox 1103 3288 1251 3351; x_wconf 86' lang='lat' dir='ltr'><strong>enim</strong></span> <span class='ocrx_word' id='word_1_409' title='bbox 1285 3290 1533 3346; x_wconf 88' lang='lat' dir='ltr'><strong>morbum</strong></span> <span class='ocrx_word' id='word_1_410' title='bbox 1565 3291 1778 3347; x_wconf 88' lang='lat' dir='ltr'><strong>radices</strong></span> <span class='ocrx_word' id='word_1_411' title='bbox 1811 3305 1916 3346; x_wconf 92' lang='lat' dir='ltr'><strong>non</strong></span> <span class='ocrx_word' id='word_1_412' title='bbox 1951 3306 2136 3362; x_wconf 83' lang='lat' dir='ltr'><strong>agere,</strong></span> 
     </span>
    </p>
   </div>
   <div class='ocr_carea' id='block_1_59' title="bbox 547 3375 2137 3454">
    <p class='ocr_par' dir='ltr' id='par_1_59' title="bbox 547 3375 2137 3454">
     <span class='ocr_line' id='line_1_59' title="bbox 547 3375 2137 3454; baseline 0.004 -25"><span class='ocrx_word' id='word_1_413' title='bbox 547 3393 709 3444; x_wconf 88' lang='lat' dir='ltr'><strong>quam</strong></span> <span class='ocrx_word' id='word_1_414' title='bbox 731 3375 897 3450; x_wconf 85' lang='lat' dir='ltr'><strong>jactis</strong></span> <span class='ocrx_word' id='word_1_415' title='bbox 918 3377 1032 3446; x_wconf 84' lang='lat' dir='ltr'><strong>jam</strong></span> <span class='ocrx_word' id='word_1_416' title='bbox 1065 3380 1340 3441; x_wconf 82' lang='lat' dir='ltr'><strong>radicibus</strong></span> <span class='ocrx_word' id='word_1_417' title='bbox 1370 3379 1626 3450; x_wconf 82' lang='lat' dir='ltr'><strong>avellere,</strong></span> <span class='ocrx_word' id='word_1_418' title='bbox 1648 3380 1790 3452; x_wconf 91' lang='lat' dir='ltr'><strong>quod</strong></span> <span class='ocrx_word' id='word_1_419' title='bbox 1809 3383 2137 3454; x_wconf 88' lang='lat' dir='ltr'><strong>quibusdam</strong></span> 
     </span>
    </p>
   </div>
   <div class='ocr_carea' id='block_1_60' title="bbox 547 3467 1958 3542">
    <p class='ocr_par' dir='ltr' id='par_1_60' title="bbox 547 3467 1958 3542">
     <span class='ocr_line' id='line_1_60' title="bbox 547 3467 1958 3542; baseline 0.004 -18"><span class='ocrx_word' id='word_1_420' title='bbox 547 3467 784 3536; x_wconf 87' lang='lat' dir='ltr'><strong>dilIicile,</strong></span> <span class='ocrx_word' id='word_1_421' title='bbox 823 3471 945 3526; x_wconf 86' lang='lat' dir='ltr'><strong>aliis</strong></span> <span class='ocrx_word' id='word_1_422' title='bbox 969 3485 1100 3527; x_wconf 87' lang='lat' dir='ltr'><strong>vero</strong></span> <span class='ocrx_word' id='word_1_423' title='bbox 1131 3473 1297 3528; x_wconf 90' lang='lat' dir='ltr'><strong>etiam</strong></span> <span class='ocrx_word' id='word_1_424' title='bbox 1332 3472 1668 3542; x_wconf 85' lang='lat' dir='ltr'><strong>impossibile</strong></span> <span class='ocrx_word' id='word_1_425' title='bbox 1692 3475 1958 3530; x_wconf 88' lang='lat' dir='ltr'><strong>videatur.</strong></span> 
     </span>
    </p>
   </div>
   <div class='ocr_carea' id='block_1_61' title="bbox 717 3583 1964 3657">
    <p class='ocr_par' dir='ltr' id='par_1_61' title="bbox 717 3583 1964 3657">
     <span class='ocr_line' id='line_1_61' title="bbox 717 3583 1964 3657; baseline 0 -15"><span class='ocrx_word' id='word_1_426' title='bbox 717 3583 888 3657; x_wconf 72' lang='lat'><strong>693</strong></span> <span class='ocrx_word' id='word_1_427' title='bbox 911 3583 1186 3643; x_wconf 79' lang='lat' dir='ltr'><strong>cowa.</strong></span> <span class='ocrx_word' id='word_1_428' title='bbox 1217 3615 1288 3627; x_wconf 89' lang='grc'><strong><em>-</em></strong></span> <span class='ocrx_word' id='word_1_429' title='bbox 1316 3585 1596 3644; x_wconf 72' lang='lat' dir='ltr'><strong>meum</strong></span> <span class='ocrx_word' id='word_1_430' title='bbox 1638 3585 1964 3644; x_wconf 84' lang='lat' dir='ltr'><strong>DlACONO.</strong></span> 
     </span>
    </p>
   </div>
   <div class='ocr_carea' id='block_1_62' title="bbox 2251 3287 3806 3360">
    <p class='ocr_par' dir='ltr' id='par_1_62' title="bbox 2251 3287 3806 3360">
     <span class='ocr_line' id='line_1_62' title="bbox 2251 3287 3806 3360; baseline -0.001 -19"><span class='ocrx_word' id='word_1_431' title='bbox 2251 3287 2469 3360; x_wconf 78' lang='grc' dir='ltr'><strong>σθῆναι,</strong></span> <span class='ocrx_word' id='word_1_432' title='bbox 2510 3287 2646 3359; x_wconf 84' lang='grc' dir='ltr'><strong>ὅπερ</strong></span> <span class='ocrx_word' id='word_1_433' title='bbox 2698 3287 2810 3342; x_wconf 79' lang='grc' dir='ltr'><strong>τισὶ</strong></span> <span class='ocrx_word' id='word_1_434' title='bbox 2867 3287 2966 3358; x_wconf 81' lang='grc' dir='ltr'><strong>μὲν</strong></span> <span class='ocrx_word' id='word_1_435' title='bbox 3023 3287 3314 3359; x_wconf 79' lang='grc' dir='ltr'><strong>δύσκολον,</strong></span> <span class='ocrx_word' id='word_1_436' title='bbox 3349 3289 3459 3344; x_wconf 77' lang='grc' dir='ltr'><strong>τισὶ</strong></span> <span class='ocrx_word' id='word_1_437' title='bbox 3489 3289 3544 3344; x_wconf 75' lang='grc' dir='ltr'><strong>δὲ</strong></span> <span class='ocrx_word' id='word_1_438' title='bbox 3575 3287 3806 3344; x_wconf 79' lang='grc' dir='ltr'><strong>ἀδύνατον</strong></span> 
     </span>
    </p>
   </div>
   <div class='ocr_carea' id='block_1_63' title="bbox 2248 3381 2732 3456">
    <p class='ocr_par' dir='ltr' id='par_1_63' title="bbox 2248 3381 2732 3456">
     <span class='ocr_line' id='line_1_63' title="bbox 2248 3381 2732 3456; baseline 0.004 -18"><span class='ocrx_word' id='word_1_439' title='bbox 2248 3381 2387 3440; x_wconf 78' lang='grc' dir='ltr'><strong>εἶναι</strong></span> <span class='ocrx_word' id='word_1_440' title='bbox 2409 3385 2560 3440; x_wconf 88' lang='grc' dir='ltr'><strong>δοκεῖ</strong></span> <span class='ocrx_word' id='word_1_441' title='bbox 2596 3382 2732 3456; x_wconf 73' lang='grc'><strong>(46).</strong></span> 
     </span>
    </p>
   </div>
   <div class='ocr_carea' id='block_1_64' title="bbox 2545 3588 3517 3665">
    <p class='ocr_par' dir='ltr' id='par_1_64' title="bbox 2545 3588 3517 3665">
     <span class='ocr_line' id='line_1_64' title="bbox 2545 3588 3517 3665; baseline 0.004 -22"><span class='ocrx_word' id='word_1_442' title='bbox 2545 3588 2709 3646; x_wconf 86' lang='grc' dir='ltr'><strong>ΥΞΔ¹.</strong></span> <span class='ocrx_word' id='word_1_443' title='bbox 2731 3620 2802 3630; x_wconf 92' lang='grc'><strong><em>-</em></strong></span> <span class='ocrx_word' id='word_1_444' title='bbox 2823 3589 3141 3657; x_wconf 81' lang='grc' dir='ltr'><strong>ΔΙΟΓΕΝΕΙ</strong></span> <span class='ocrx_word' id='word_1_445' title='bbox 3187 3592 3517 3665; x_wconf 76' lang='grc' dir='ltr'><strong>ΔΙΑΚΟΝῼ.</strong></span> 
     </span>
    </p>
   </div>
   <div class='ocr_carea' id='block_1_65' title="bbox 1877 3680 2514 3749">
    <p class='ocr_par' dir='ltr' id='par_1_65' title="bbox 1877 3680 2514 3749">
     <span class='ocr_line' id='line_1_65' title="bbox 1877 3680 2514 3749; baseline 0 -11"><span class='ocrx_word' id='word_1_446' title='bbox 1877 3680 2052 3738; x_wconf 79' lang='lat' dir='ltr'><strong>Amici</strong></span> <span class='ocrx_word' id='word_1_447' title='bbox 2083 3697 2189 3749; x_wconf 68' lang='lat' dir='ltr'><strong>non</strong></span> <span class='ocrx_word' id='word_1_448' title='bbox 2219 3683 2514 3738; x_wconf 81' lang='lat' dir='ltr'><strong>deserendi.</strong></span> 
     </span>
    </p>
   </div>
   <div class='ocr_carea' id='block_1_66' title="bbox 617 3787 2126 3862">
    <p class='ocr_par' dir='ltr' id='par_1_66' title="bbox 617 3787 2126 3862">
     <span class='ocr_line' id='line_1_66' title="bbox 617 3787 2126 3862; baseline 0.007 -20"><span class='ocrx_word' id='word_1_449' title='bbox 617 3787 752 3849; x_wconf 80' lang='lat' dir='ltr'><strong>Cum</strong></span> <span class='ocrx_word' id='word_1_450' title='bbox 803 3802 1068 3860; x_wconf 77' lang='lat' dir='ltr'><strong>germano</strong></span> <span class='ocrx_word' id='word_1_451' title='bbox 1111 3789 1440 3862; x_wconf 81' lang='lat' dir='ltr'><strong>sinceraque</strong></span> <span class='ocrx_word' id='word_1_452' title='bbox 1485 3807 1676 3850; x_wconf 87' lang='lat' dir='ltr'><strong>amore</strong></span> <span class='ocrx_word' id='word_1_453' title='bbox 1726 3793 1984 3855; x_wconf 79' lang='lat' dir='ltr'><strong>ﬁduciam</strong></span> <span class='ocrx_word' id='word_1_454' title='bbox 2033 3794 2126 3852; x_wconf 81' lang='lat' dir='ltr'><strong>ha-</strong></span> 
     </span>
    </p>
   </div>
   <div class='ocr_carea' id='block_1_67' title="bbox 2312 3794 3803 3872">
    <p class='ocr_par' dir='ltr' id='par_1_67' title="bbox 2312 3794 3803 3872">
     <span class='ocr_line' id='line_1_67' title="bbox 2312 3794 3803 3872; baseline 0.004 -24"><span class='ocrx_word' id='word_1_455' title='bbox 2312 3794 2424 3866; x_wconf 83' lang='grc' dir='ltr'><strong>Τῆς</strong></span> <span class='ocrx_word' id='word_1_456' title='bbox 2455 3797 2686 3867; x_wconf 83' lang='grc' dir='ltr'><strong>γνησίας</strong></span> <span class='ocrx_word' id='word_1_457' title='bbox 2717 3799 2811 3852; x_wconf 75' lang='grc' dir='ltr'><strong>καί</strong></span> <span class='ocrx_word' id='word_1_458' title='bbox 2833 3798 3162 3870; x_wconf 78' lang='grc' dir='ltr'><strong>εἰλικρινοῦς</strong></span> <span class='ocrx_word' id='word_1_459' title='bbox 3200 3801 3392 3872; x_wconf 81' lang='grc' dir='ltr'><strong>φιλίας</strong></span> <span class='ocrx_word' id='word_1_460' title='bbox 3439 3802 3498 3856; x_wconf 80' lang='grc' dir='ltr'><strong>τδ</strong></span> <span class='ocrx_word' id='word_1_461' title='bbox 3540 3801 3686 3865; x_wconf 76' lang='grc' dir='ltr'><strong>ἀδεὲς</strong></span> <span class='ocrx_word' id='word_1_462' title='bbox 3726 3801 3803 3870; x_wconf 76' lang='grc' dir='ltr'><strong>εγ·</strong></span> 
     </span>
    </p>
   </div>
   <div class='ocr_carea' id='block_1_68' title="bbox 545 3879 2133 3974">
    <p class='ocr_par' dir='ltr' id='par_1_68' title="bbox 545 3879 2133 3974">
     <span class='ocr_line' id='line_1_68' title="bbox 545 3879 2133 3974; baseline 0.004 -39"><span class='ocrx_word' id='word_1_463' title='bbox 545 3879 680 3958; x_wconf 80' lang='lat' dir='ltr'><strong>bere</strong></span> <span class='ocrx_word' id='word_1_464' title='bbox 735 3880 1122 3974; x_wconf 72' lang='lat' dir='ltr'><strong>spoponderis,</strong></span> <span class='ocrx_word' id='word_1_465' title='bbox 1177 3897 1297 3950; x_wconf 88' lang='lat' dir='ltr'><strong>cur,</strong></span> <span class='ocrx_word' id='word_1_466' title='bbox 1358 3898 1564 3954; x_wconf 64' lang='lat' dir='ltr'><strong>quaeso,</strong></span> <span class='ocrx_word' id='word_1_467' title='bbox 1625 3885 1835 3944; x_wconf 77' lang='lat' dir='ltr'><strong>alnicos</strong></span> <span class='ocrx_word' id='word_1_468' title='bbox 1887 3885 2007 3942; x_wconf 88' lang='lat' dir='ltr'><strong>illos</strong></span> <span class='ocrx_word' id='word_1_469' title='bbox 2035 3897 2133 3942; x_wconf 70' lang='lat' dir='ltr'><strong>tua:</strong></span> 
     </span>
    </p>
   </div>
   <div class='ocr_carea' id='block_1_69' title="bbox 2242 3879 3870 3974">
    <p class='ocr_par' dir='ltr' id='par_1_69' title="bbox 2242 3889 3870 3974">
     <span class='ocr_line' id='line_1_69' title="bbox 2242 3889 3870 3974; baseline 0.002 -33"><span class='ocrx_word' id='word_1_470' title='bbox 2242 3889 2550 3961; x_wconf 85' lang='grc' dir='ltr'><strong>γυωμένης,</strong></span> <span class='ocrx_word' id='word_1_471' title='bbox 2578 3889 2646 3943; x_wconf 90' lang='grc' dir='ltr'><strong>δι’</strong></span> <span class='ocrx_word' id='word_1_472' title='bbox 2674 3891 2742 3962; x_wconf 80' lang='grc' dir='ltr'><strong>ἢν</strong></span> <span class='ocrx_word' id='word_1_473' title='bbox 2795 3891 2974 3948; x_wconf 71' lang='grc' dir='ltr'><strong>αἰτίαν</strong></span> <span class='ocrx_word' id='word_1_474' title='bbox 3013 3893 3176 3957; x_wconf 71' lang='grc' dir='ltr'><strong>αὐτὸς</strong></span> <span class='ocrx_word' id='word_1_475' title='bbox 3209 3895 3342 3960; x_wconf 75' lang='grc' dir='ltr'><strong>τοὺς</strong></span> <span class='ocrx_word' id='word_1_476' title='bbox 3365 3894 3800 3967; x_wconf 84' lang='grc' dir='ltr'><strong>ὲμπιστευθέντας</strong></span> <span class='ocrx_word' id='word_1_477' title='bbox 3863 3968 3870 3974; x_wconf 33' lang='lat'><strong><em>.</em></strong></span> 
     </span>
    </p>
   </div>
   <div class='ocr_carea' id='block_1_70' title="bbox 549 3968 2138 4046">
    <p class='ocr_par' dir='ltr' id='par_1_70' title="bbox 549 3968 2138 4046">
     <span class='ocr_line' id='line_1_70' title="bbox 549 3968 2138 4046; baseline 0.004 -22"><span class='ocrx_word' id='word_1_478' title='bbox 549 3968 876 4026; x_wconf 82' lang='lat' dir='ltr'><strong>commissos</strong></span> <span class='ocrx_word' id='word_1_479' title='bbox 907 3968 1034 4026; x_wconf 84' lang='lat' dir='ltr'><strong>fidei</strong></span> <span class='ocrx_word' id='word_1_480' title='bbox 1067 3971 1121 4026; x_wconf 89' lang='lat' dir='ltr'><strong>in</strong></span> <span class='ocrx_word' id='word_1_481' title='bbox 1179 3981 1428 4042; x_wconf 82' lang='lat' dir='ltr'><strong>apertum</strong></span> <span class='ocrx_word' id='word_1_482' title='bbox 1457 3974 1740 4046; x_wconf 81' lang='lat' dir='ltr'><strong>conjecisti</strong></span> <span class='ocrx_word' id='word_1_483' title='bbox 1797 3975 2138 4046; x_wconf 83' lang='lat' dir='ltr'><strong>periculum?</strong></span> 
     </span>
    </p>
   </div>
   <div class='ocr_carea' id='block_1_71' title="bbox 2236 3979 3800 4058">
    <p class='ocr_par' dir='ltr' id='par_1_71' title="bbox 2236 3979 3800 4058">
     <span class='ocr_line' id='line_1_71' title="bbox 2236 3979 3800 4058; baseline 0.002 -26"><span class='ocrx_word' id='word_1_484' title='bbox 2236 3995 2322 4032; x_wconf 84' lang='grc' dir='ltr'><strong>σοι</strong></span> <span class='ocrx_word' id='word_1_485' title='bbox 2341 3979 2492 4051; x_wconf 78' lang='grc' dir='ltr'><strong>παρὰ</strong></span> <span class='ocrx_word' id='word_1_486' title='bbox 2523 3979 2632 4034; x_wconf 85' lang='grc' dir='ltr'><strong>τῶν</strong></span> <span class='ocrx_word' id='word_1_487' title='bbox 2662 3981 2832 4051; x_wconf 80' lang='grc' dir='ltr'><strong>φίλων</strong></span> <span class='ocrx_word' id='word_1_488' title='bbox 2858 3985 2940 4048; x_wconf 85' lang='grc' dir='ltr'><strong>είς</strong></span> <span class='ocrx_word' id='word_1_489' title='bbox 2964 3979 3246 4056; x_wconf 81' lang='grc' dir='ltr'><strong>προῦπτον</strong></span> <span class='ocrx_word' id='word_1_490' title='bbox 3279 3985 3515 4058; x_wconf 69' lang='grc' dir='ltr'><strong>ἔρριψας</strong></span> <span class='ocrx_word' id='word_1_491' title='bbox 3547 3985 3800 4047; x_wconf 83' lang='grc' dir='ltr'><strong>κίνδυνον;</strong></span> 
     </span>
    </p>
   </div>
   <div class='ocr_carea' id='block_1_72' title="bbox 547 4057 2133 4149">
    <p class='ocr_par' dir='ltr' id='par_1_72' title="bbox 547 4057 2133 4134">
     <span class='ocr_line' id='line_1_72' title="bbox 547 4057 2133 4134; baseline 0.008 -20"><span class='ocrx_word' id='word_1_492' title='bbox 547 4057 656 4114; x_wconf 83' lang='lat' dir='ltr'><strong>Sed</strong></span> <span class='ocrx_word' id='word_1_493' title='bbox 688 4059 940 4120; x_wconf 83' lang='lat' dir='ltr'><strong>fortassis</strong></span> <span class='ocrx_word' id='word_1_494' title='bbox 980 4062 1132 4118; x_wconf 85' lang='lat' dir='ltr'><strong>rudis</strong></span> <span class='ocrx_word' id='word_1_495' title='bbox 1182 4063 1300 4134; x_wconf 87' lang='lat' dir='ltr'><strong>ipse</strong></span> <span class='ocrx_word' id='word_1_496' title='bbox 1332 4079 1474 4121; x_wconf 81' lang='lat' dir='ltr'><strong>verae</strong></span> <span class='ocrx_word' id='word_1_497' title='bbox 1503 4080 1562 4124; x_wconf 86' lang='lat' dir='ltr'><strong>es</strong></span> <span class='ocrx_word' id='word_1_498' title='bbox 1603 4067 1880 4134; x_wconf 62' lang='lat' dir='ltr'><strong>amicitiae,</strong></span> <span class='ocrx_word' id='word_1_499' title='bbox 1915 4068 2133 4127; x_wconf 83' lang='lat' dir='ltr'><strong>minime</strong></span> 
     </span>
    </p>
   </div>
   <div class='ocr_carea' id='block_1_73' title="bbox 2242 4057 3802 4149">
    <p class='ocr_par' dir='ltr' id='par_1_73' title="bbox 2248 4057 3802 4149">
     <span class='ocr_line' id='line_1_73' title="bbox 2248 4057 3802 4149; baseline 0.002 -24"><span class='ocrx_word' id='word_1_500' title='bbox 2248 4071 2386 4138; x_wconf 72' lang='grc' dir='ltr'><strong>Ἀλλ’</strong></span> <span class='ocrx_word' id='word_1_501' title='bbox 2425 4071 2558 4137; x_wconf 78' lang='grc' dir='ltr'><strong>ίσως</strong></span> <span class='ocrx_word' id='word_1_502' title='bbox 2586 4073 2773 4144; x_wconf 80' lang='grc' dir='ltr'><strong>φιλίας</strong></span> <span class='ocrx_word' id='word_1_503' title='bbox 2814 4075 3144 4149; x_wconf 75' lang='grc' dir='ltr'><strong>εἰλικρινοῦς</strong></span> <span class='ocrx_word' id='word_1_504' title='bbox 3171 4057 3440 4148; x_wconf 78' lang='grc' dir='ltr'><strong>ἄγευστος</strong></span> <span class='ocrx_word' id='word_1_505' title='bbox 3481 4077 3556 4132; x_wconf 83' lang='grc' dir='ltr'><strong>ὢν</strong></span> <span class='ocrx_word' id='word_1_506' title='bbox 3586 4077 3673 4131; x_wconf 69' lang='grc' dir='ltr'><strong>καὶ</strong></span> <span class='ocrx_word' id='word_1_507' title='bbox 3696 4071 3802 4128; x_wconf 73' lang='grc' dir='ltr'><strong>ἀτι-</strong></span> 
     </span>
    </p>
   </div>
   <div class='ocr_carea' id='block_1_74' title="bbox 545 4152 1317 4224">
    <p class='ocr_par' dir='ltr' id='par_1_74' title="bbox 545 4152 1317 4224">
     <span class='ocr_line' id='line_1_74' title="bbox 545 4152 1317 4224; baseline 0.008 -20"><span class='ocrx_word' id='word_1_508' title='bbox 545 4165 653 4224; x_wconf 87' lang='lat' dir='ltr'><strong>que</strong></span> <span class='ocrx_word' id='word_1_509' title='bbox 680 4152 954 4224; x_wconf 82' lang='lat' dir='ltr'><strong>perfectus</strong></span> <span class='ocrx_word' id='word_1_510' title='bbox 984 4153 1090 4211; x_wconf 87' lang='lat' dir='ltr'><strong>hoc</strong></span> <span class='ocrx_word' id='word_1_511' title='bbox 1121 4155 1317 4212; x_wconf 85' lang='lat' dir='ltr'><strong>fecisti.</strong></span> 
     </span>
    </p>
   </div>
   <div class='ocr_carea' id='block_1_75' title="bbox 964 4261 1711 4321">
    <p class='ocr_par' dir='ltr' id='par_1_75' title="bbox 964 4261 1711 4321">
     <span class='ocr_line' id='line_1_75' title="bbox 964 4261 1711 4321; baseline 0 -1"><span class='ocrx_word' id='word_1_512' title='bbox 964 4261 1220 4320; x_wconf 77' lang='lat' dir='ltr'><strong>GDLXV.</strong></span> <span class='ocrx_word' id='word_1_513' title='bbox 1251 4292 1324 4306; x_wconf 91' lang='lat'><strong>—-</strong></span> <span class='ocrx_word' id='word_1_514' title='bbox 1349 4262 1711 4321; x_wconf 80' lang='lat' dir='ltr'><strong>ASCLEPIO.</strong></span> 
     </span>
    </p>
   </div>
   <div class='ocr_carea' id='block_1_76' title="bbox 2239 4165 2938 4240">
    <p class='ocr_par' dir='ltr' id='par_1_76' title="bbox 2239 4165 2938 4240">
     <span class='ocr_line' id='line_1_76' title="bbox 2239 4165 2938 4240; baseline 0.006 -21"><span class='ocrx_word' id='word_1_515' title='bbox 2239 4165 2427 4232; x_wconf 88' lang='grc' dir='ltr'><strong>λεστος</strong></span> <span class='ocrx_word' id='word_1_516' title='bbox 2449 4165 2608 4221; x_wconf 83' lang='grc' dir='ltr'><strong>τοῦτο</strong></span> <span class='ocrx_word' id='word_1_517' title='bbox 2639 4167 2938 4240; x_wconf 78' lang='grc' dir='ltr'><strong>διεπράξω.</strong></span> 
     </span>
    </p>
   </div>
   <div class='ocr_carea' id='block_1_77' title="bbox 2685 4275 3370 4352">
    <p class='ocr_par' dir='ltr' id='par_1_77' title="bbox 2685 4275 3370 4352">
     <span class='ocr_line' id='line_1_77' title="bbox 2685 4275 3370 4352; baseline 0.009 -24"><span class='ocrx_word' id='word_1_518' title='bbox 2685 4275 2852 4330; x_wconf 66' lang='lat' dir='ltr'><strong>res.</strong></span> <span class='ocrx_word' id='word_1_519' title='bbox 2885 4306 2959 4316; x_wconf 92' lang='lat'><strong><em>—</em></strong></span> <span class='ocrx_word' id='word_1_520' title='bbox 2987 4277 3370 4352; x_wconf 82' lang='grc' dir='ltr'><strong>ΛΣΚΛΗΠΙῼ.</strong></span> 
     </span>
    </p>
   </div>
   <div class='ocr_carea' id='block_1_78' title="bbox 1185 4351 3170 4432">
    <p class='ocr_par' dir='ltr' id='par_1_78' title="bbox 1185 4351 3170 4432">
     <span class='ocr_line' id='line_1_78' title="bbox 1185 4351 3170 4432; baseline 0.008 -24"><span class='ocrx_word' id='word_1_521' title='bbox 1185 4351 1389 4408; x_wconf 88' lang='lat' dir='ltr'><strong>Cedant</strong></span> <span class='ocrx_word' id='word_1_522' title='bbox 1421 4371 1574 4409; x_wconf 83' lang='lat' dir='ltr'><strong>arma</strong></span> <span class='ocrx_word' id='word_1_523' title='bbox 1607 4365 1762 4426; x_wconf 69' lang='lat' dir='ltr'><strong>togae.</strong></span> <span class='ocrx_word' id='word_1_524' title='bbox 1790 4354 1960 4412; x_wconf 79' lang='lat' dir='ltr'><strong>Cicer.</strong></span> <span class='ocrx_word' id='word_1_525' title='bbox 2019 4371 2038 4410; x_wconf 88' lang='lat' dir='ltr'><strong>l</strong></span> <span class='ocrx_word' id='word_1_526' title='bbox 2099 4359 2253 4432; x_wconf 69' lang='lat' dir='ltr'><strong>Ome.</strong></span> <span class='ocrx_word' id='word_1_527' title='bbox 2293 4373 2340 4417; x_wconf 85' lang='lat' dir='ltr'><strong>et</strong></span> <span class='ocrx_word' id='word_1_528' title='bbox 2364 4373 2549 4418; x_wconf 88' lang='lat' dir='ltr'><strong>contra</strong></span> <span class='ocrx_word' id='word_1_529' title='bbox 2585 4364 2641 4420; x_wconf 86' lang='lat' dir='ltr'><strong>in</strong></span> <span class='ocrx_word' id='word_1_530' title='bbox 2684 4365 3008 4422; x_wconf 78' lang='lat' dir='ltr'><strong>Mureniana</strong></span> <span class='ocrx_word' id='word_1_531' title='bbox 3027 4377 3170 4424; x_wconf 86' lang='lat' dir='ltr'><strong>orat.</strong></span> 
     </span>
    </p>
   </div>
   <div class='ocr_carea' id='block_1_79' title="bbox 615 4467 2136 4544">
    <p class='ocr_par' dir='ltr' id='par_1_79' title="bbox 615 4467 2136 4544">
     <span class='ocr_line' id='line_1_79' title="bbox 615 4467 2136 4544; baseline 0.007 -24"><span class='ocrx_word' id='word_1_532' title='bbox 615 4467 1066 4539; x_wconf 82' lang='lat' dir='ltr'><strong>Quandoquidem</strong></span> <span class='ocrx_word' id='word_1_533' title='bbox 1090 4471 1382 4525; x_wconf 78' lang='lat' dir='ltr'><strong>oStendere</strong></span> <span class='ocrx_word' id='word_1_534' title='bbox 1409 4468 1646 4528; x_wconf 83' lang='lat' dir='ltr'><strong>fortasse</strong></span> <span class='ocrx_word' id='word_1_535' title='bbox 1668 4477 1822 4544; x_wconf 87' lang='lat' dir='ltr'><strong>cupis</strong></span> <span class='ocrx_word' id='word_1_536' title='bbox 1850 4473 2136 4544; x_wconf 84' lang='lat' dir='ltr'><strong>sapientiae</strong></span> 
     </span>
    </p>
   </div>
   <div class='ocr_carea' id='block_1_80' title="bbox 2325 4480 3800 4556">
    <p class='ocr_par' dir='ltr' id='par_1_80' title="bbox 2325 4480 3800 4556">
     <span class='ocr_line' id='line_1_80' title="bbox 2325 4480 3800 4556; baseline 0.005 -22"><span class='ocrx_word' id='word_1_537' title='bbox 2325 4480 2544 4553; x_wconf 85' lang='grc' dir='ltr'><strong>Ἐπειδὴ</strong></span> <span class='ocrx_word' id='word_1_538' title='bbox 2571 4481 2740 4548; x_wconf 81' lang='grc' dir='ltr'><strong>δεῖξαι</strong></span> <span class='ocrx_word' id='word_1_539' title='bbox 2799 4483 2931 4548; x_wconf 70' lang='grc' dir='ltr'><strong>ἴσως</strong></span> <span class='ocrx_word' id='word_1_540' title='bbox 2979 4483 3304 4556; x_wconf 80' lang='grc' dir='ltr'><strong>βουλόμενος</strong></span> <span class='ocrx_word' id='word_1_541' title='bbox 3353 4485 3454 4556; x_wconf 86' lang='grc' dir='ltr'><strong>τῆς</strong></span> <span class='ocrx_word' id='word_1_542' title='bbox 3499 4483 3680 4554; x_wconf 81' lang='grc' dir='ltr'><strong>σοφίας</strong></span> <span class='ocrx_word' id='word_1_543' title='bbox 3715 4481 3800 4551; x_wconf 82' lang='grc' dir='ltr'><strong>τῆς</strong></span> 
     </span>
    </p>
   </div>
   <div class='ocr_carea' id='block_1_81' title="bbox 548 4562 2133 4649">
    <p class='ocr_par' dir='ltr' id='par_1_81' title="bbox 548 4563 2125 4640">
     <span class='ocr_line' id='line_1_81' title="bbox 548 4563 2125 4640; baseline 0.005 -23"><span class='ocrx_word' id='word_1_544' title='bbox 548 4563 712 4632; x_wconf 85' lang='lat' dir='ltr'><strong>hujus</strong></span> <span class='ocrx_word' id='word_1_545' title='bbox 770 4565 956 4619; x_wconf 91' lang='lat' dir='ltr'><strong>mundi</strong></span> <span class='ocrx_word' id='word_1_546' title='bbox 1003 4563 1252 4620; x_wconf 85' lang='lat' dir='ltr'><strong>bellicam</strong></span> <span class='ocrx_word' id='word_1_547' title='bbox 1285 4573 1550 4634; x_wconf 62' lang='lat' dir='ltr'><strong>praestare</strong></span> <span class='ocrx_word' id='word_1_548' title='bbox 1595 4565 2125 4640; x_wconf 65' lang='lat' dir='ltr'><strong>fortitudinem,’opo</strong></span> 
     </span>
    </p>
   </div>
   <div class='ocr_carea' id='block_1_82' title="bbox 2242 4562 3796 4649">
    <p class='ocr_par' dir='ltr' id='par_1_82' title="bbox 2242 4571 3796 4649">
     <span class='ocr_line' id='line_1_82' title="bbox 2242 4571 3796 4649; baseline -0.003 -23"><span class='ocrx_word' id='word_1_549' title='bbox 2242 4573 2506 4644; x_wconf 77' lang='grc' dir='ltr'><strong>κοσμικῆς</strong></span> <span class='ocrx_word' id='word_1_550' title='bbox 2531 4575 2818 4644; x_wconf 85' lang='grc' dir='ltr'><strong>κρείττονα</strong></span> <span class='ocrx_word' id='word_1_551' title='bbox 2849 4575 2950 4648; x_wconf 82' lang='grc' dir='ltr'><strong>τὴν</strong></span> <span class='ocrx_word' id='word_1_552' title='bbox 2995 4578 3056 4630; x_wconf 82' lang='grc' dir='ltr'><strong>ὲν</strong></span> <span class='ocrx_word' id='word_1_553' title='bbox 3111 4579 3228 4642; x_wconf 76' lang='grc' dir='ltr'><strong>τοῖς</strong></span> <span class='ocrx_word' id='word_1_554' title='bbox 3261 4577 3526 4649; x_wconf 83' lang='grc' dir='ltr'><strong>πολέμοις</strong></span> <span class='ocrx_word' id='word_1_555' title='bbox 3549 4571 3796 4644; x_wconf 83' lang='grc' dir='ltr'><strong>ἀνδρείαν,</strong></span> 
     </span>
    </p>
   </div>
   <div class='ocr_carea' id='block_1_83' title="bbox 544 4655 2130 4732">
    <p class='ocr_par' dir='ltr' id='par_1_83' title="bbox 544 4655 2130 4732">
     <span class='ocr_line' id='line_1_83' title="bbox 544 4655 2130 4732; baseline 0.006 -23"><span class='ocrx_word' id='word_1_556' title='bbox 544 4655 704 4724; x_wconf 85' lang='lat' dir='ltr'><strong>ponis</strong></span> <span class='ocrx_word' id='word_1_557' title='bbox 759 4655 916 4714; x_wconf 82' lang='lat' dir='ltr'><strong>nobis</strong></span> <span class='ocrx_word' id='word_1_558' title='bbox 961 4666 1240 4712; x_wconf 87' lang='lat' dir='ltr'><strong>oratorem</strong></span> <span class='ocrx_word' id='word_1_559' title='bbox 1285 4658 1554 4714; x_wconf 86' lang='lat' dir='ltr'><strong>dicentem</strong></span> <span class='ocrx_word' id='word_1_560' title='bbox 1593 4675 1608 4712; x_wconf 89' lang='lat'><strong>:</strong></span> <span class='ocrx_word' id='word_1_561' title='bbox 1649 4661 1926 4727; x_wconf 80' lang='lat' dir='ltr'><strong>Quantum</strong></span> <span class='ocrx_word' id='word_1_562' title='bbox 1985 4665 2130 4732; x_wconf 88' lang='lat' dir='ltr'><strong>quod</strong></span> 
     </span>
    </p>
   </div>
   <div class='ocr_carea' id='block_1_84' title="bbox 543 4749 2132 4831">
    <p class='ocr_par' dir='ltr' id='par_1_84' title="bbox 543 4749 2132 4831">
     <span class='ocr_line' id='line_1_84' title="bbox 543 4749 2132 4831; baseline 0.007 -32"><span class='ocrx_word' id='word_1_563' title='bbox 543 4755 755 4816; x_wconf 86' lang='lat' dir='ltr'><strong>aperte,</strong></span> <span class='ocrx_word' id='word_1_564' title='bbox 797 4763 962 4820; x_wconf 85' lang='lat' dir='ltr'><strong>quam</strong></span> <span class='ocrx_word' id='word_1_565' title='bbox 991 4749 1135 4820; x_wconf 87' lang='lat' dir='ltr'><strong>quod</strong></span> <span class='ocrx_word' id='word_1_566' title='bbox 1185 4749 1326 4806; x_wconf 90' lang='lat' dir='ltr'><strong>clam</strong></span> <span class='ocrx_word' id='word_1_567' title='bbox 1387 4749 1624 4831; x_wconf 70' lang='lat' dir='ltr'><strong>geritur,</strong></span> <span class='ocrx_word' id='word_1_568' title='bbox 1663 4753 1857 4810; x_wconf 88' lang='lat' dir='ltr'><strong>melius</strong></span> <span class='ocrx_word' id='word_1_569' title='bbox 1906 4763 2030 4824; x_wconf 86' lang='lat' dir='ltr'><strong>est;</strong></span> <span class='ocrx_word' id='word_1_570' title='bbox 2075 4764 2132 4813; x_wconf 88' lang='lat' dir='ltr'><strong>et</strong></span> 
     </span>
    </p>
   </div>
   <div class='ocr_carea' id='block_1_85' title="bbox 543 4840 2128 4918">
    <p class='ocr_par' dir='ltr' id='par_1_85' title="bbox 543 4840 2128 4918">
     <span class='ocr_line' id='line_1_85' title="bbox 543 4840 2128 4918; baseline 0.009 -28"><span class='ocrx_word' id='word_1_571' title='bbox 543 4840 761 4895; x_wconf 86' lang='lat' dir='ltr'><strong>vincere</strong></span> <span class='ocrx_word' id='word_1_572' title='bbox 789 4850 978 4911; x_wconf 83' lang='lat' dir='ltr'><strong>aperto</strong></span> <span class='ocrx_word' id='word_1_573' title='bbox 1003 4841 1196 4910; x_wconf 78' lang='lat' dir='ltr'><strong>Marte,</strong></span> <span class='ocrx_word' id='word_1_574' title='bbox 1237 4858 1400 4914; x_wconf 86' lang='lat' dir='ltr'><strong>quam</strong></span> <span class='ocrx_word' id='word_1_575' title='bbox 1430 4845 1827 4918; x_wconf 84' lang='lat' dir='ltr'><strong>supplantaudo</strong></span> <span class='ocrx_word' id='word_1_576' title='bbox 1859 4857 2128 4916; x_wconf 84' lang='lat' dir='ltr'><strong>evertere,</strong></span> 
     </span>
    </p>
   </div>
   <div class='ocr_carea' id='block_1_86' title="bbox 460 4929 2130 5011">
    <p class='ocr_par' dir='ltr' id='par_1_86' title="bbox 460 4929 2130 5011">
     <span class='ocr_line' id='line_1_86' title="bbox 460 4929 2130 5011; baseline 0.008 -28"><span class='ocrx_word' id='word_1_577' title='bbox 460 5005 465 5011; x_wconf 23' lang='lat'><strong>.</strong></span> <span class='ocrx_word' id='word_1_578' title='bbox 545 4929 998 4998; x_wconf 82' lang='lat' dir='ltr'><strong>honorificentius</strong></span> <span class='ocrx_word' id='word_1_579' title='bbox 1054 4933 1314 4995; x_wconf 81' lang='lat' dir='ltr'><strong>exsistit:</strong></span> <span class='ocrx_word' id='word_1_580' title='bbox 1347 4935 1429 4992; x_wconf 90' lang='lat' dir='ltr'><strong>sic</strong></span> <span class='ocrx_word' id='word_1_581' title='bbox 1477 4948 1533 4992; x_wconf 92' lang='lat' dir='ltr'><strong>et</strong></span> <span class='ocrx_word' id='word_1_582' title='bbox 1590 4938 1878 4995; x_wconf 85' lang='lat' dir='ltr'><strong>honestius</strong></span> <span class='ocrx_word' id='word_1_583' title='bbox 1926 4939 2029 4996; x_wconf 78' lang='lat' dir='ltr'><strong>fuit</strong></span> <span class='ocrx_word' id='word_1_584' title='bbox 2063 4955 2130 4996; x_wconf 88' lang='lat' dir='ltr'><strong>ac</strong></span> 
     </span>
    </p>
   </div>
   <div class='ocr_carea' id='block_1_87' title="bbox 543 5021 2128 5105">
    <p class='ocr_par' dir='ltr' id='par_1_87' title="bbox 543 5021 2128 5105">
     <span class='ocr_line' id='line_1_87' title="bbox 543 5021 2128 5105; baseline 0.01 -31"><span class='ocrx_word' id='word_1_585' title='bbox 543 5021 868 5082; x_wconf 82' lang='lat' dir='ltr'><strong>laudabilius</strong></span> <span class='ocrx_word' id='word_1_586' title='bbox 892 5039 922 5082; x_wconf 87' lang='lat' dir='ltr'><strong>a</strong></span> <span class='ocrx_word' id='word_1_587' title='bbox 943 5026 1165 5091; x_wconf 85' lang='lat' dir='ltr'><strong>Conone</strong></span> <span class='ocrx_word' id='word_1_588' title='bbox 1190 5029 1348 5098; x_wconf 87' lang='lat' dir='ltr'><strong>duce,</strong></span> <span class='ocrx_word' id='word_1_589' title='bbox 1368 5044 1532 5105; x_wconf 79' lang='lat' dir='ltr'><strong>quam</strong></span> <span class='ocrx_word' id='word_1_590' title='bbox 1555 5046 1585 5088; x_wconf 84' lang='lat' dir='ltr'><strong>a</strong></span> <span class='ocrx_word' id='word_1_591' title='bbox 1609 5030 1982 5091; x_wconf 85' lang='lat' dir='ltr'><strong>Themistocle</strong></span> <span class='ocrx_word' id='word_1_592' title='bbox 2008 5051 2128 5090; x_wconf 89' lang='lat' dir='ltr'><strong>mn-</strong></span> 
     </span>
    </p>
   </div>
   <div class='ocr_carea' id='block_1_88' title="bbox 544 5114 2128 5194">
    <p class='ocr_par' dir='ltr' id='par_1_88' title="bbox 544 5114 2128 5194">
     <span class='ocr_line' id='line_1_88' title="bbox 544 5114 2128 5194; baseline 0.011 -27"><span class='ocrx_word' id='word_1_593' title='bbox 544 5127 636 5168; x_wconf 86' lang='lat' dir='ltr'><strong>ros</strong></span> <span class='ocrx_word' id='word_1_594' title='bbox 662 5114 1078 5187; x_wconf 36' lang='lat' dir='ltr'><strong>Atheniensium;</strong></span> <span class='ocrx_word' id='word_1_595' title='bbox 1110 5122 1392 5178; x_wconf 84' lang='lat' dir='ltr'><strong>constitui.</strong></span> <span class='ocrx_word' id='word_1_596' title='bbox 1419 5121 1522 5180; x_wconf 86' lang='lat' dir='ltr'><strong>Hic</strong></span> <span class='ocrx_word' id='word_1_597' title='bbox 1549 5123 1696 5180; x_wconf 87' lang='lat' dir='ltr'><strong>enim</strong></span> <span class='ocrx_word' id='word_1_598' title='bbox 1731 5123 1897 5194; x_wconf 85' lang='lat' dir='ltr'><strong>clam,</strong></span> <span class='ocrx_word' id='word_1_599' title='bbox 1923 5126 2014 5186; x_wconf 84' lang='lat' dir='ltr'><strong>ille</strong></span> <span class='ocrx_word' id='word_1_600' title='bbox 2045 5127 2128 5186; x_wconf 84' lang='lat' dir='ltr'><strong>vi-</strong></span> 
     </span>
    </p>
   </div>
   <div class='ocr_carea' id='block_1_89' title="bbox 543 5213 2126 5298">
    <p class='ocr_par' dir='ltr' id='par_1_89' title="bbox 543 5213 2126 5298">
     <span class='ocr_line' id='line_1_89' title="bbox 543 5213 2126 5298; baseline 0.009 -36"><span class='ocrx_word' id='word_1_601' title='bbox 543 5219 664 5263; x_wconf 81' lang='lat' dir='ltr'><strong>ctor</strong></span> <span class='ocrx_word' id='word_1_602' title='bbox 682 5221 870 5298; x_wconf 56' lang='lat' dir='ltr'><strong>eorum</strong></span> <span class='ocrx_word' id='word_1_603' title='bbox 888 5213 982 5282; x_wconf 82' lang='lat' dir='ltr'><strong>qui</strong></span> <span class='ocrx_word' id='word_1_604' title='bbox 1011 5213 1433 5282; x_wconf 82' lang='lat' dir='ltr'><strong>prohibuissent,</strong></span> <span class='ocrx_word' id='word_1_605' title='bbox 1452 5215 1652 5274; x_wconf 82' lang='lat' dir='ltr'><strong>eﬂ&#39;ecit.</strong></span> <span class='ocrx_word' id='word_1_606' title='bbox 1679 5215 1814 5274; x_wconf 84' lang='lat' dir='ltr'><strong>Illud</strong></span> <span class='ocrx_word' id='word_1_607' title='bbox 1839 5221 2126 5288; x_wconf 80' lang='lat' dir='ltr'><strong>conﬁrmo,</strong></span> 
     </span>
    </p>
   </div>
   <div class='ocr_carea' id='block_1_90' title="bbox 543 5302 2129 5384">
    <p class='ocr_par' dir='ltr' id='par_1_90' title="bbox 543 5302 2129 5384">
     <span class='ocr_line' id='line_1_90' title="bbox 543 5302 2129 5384; baseline 0.011 -32"><span class='ocrx_word' id='word_1_608' title='bbox 543 5313 720 5368; x_wconf 86' lang='lat' dir='ltr'><strong>neque</strong></span> <span class='ocrx_word' id='word_1_609' title='bbox 737 5302 878 5358; x_wconf 85' lang='lat' dir='ltr'><strong>hanc</strong></span> <span class='ocrx_word' id='word_1_610' title='bbox 896 5318 1074 5374; x_wconf 77' lang='lat' dir='ltr'><strong>neque</strong></span> <span class='ocrx_word' id='word_1_611' title='bbox 1095 5305 1242 5360; x_wconf 86' lang='lat' dir='ltr'><strong>illam</strong></span> <span class='ocrx_word' id='word_1_612' title='bbox 1268 5307 1658 5380; x_wconf 84' lang='lat' dir='ltr'><strong>recipiendam,</strong></span> <span class='ocrx_word' id='word_1_613' title='bbox 1683 5311 1781 5368; x_wconf 83' lang='lat' dir='ltr'><strong>sed</strong></span> <span class='ocrx_word' id='word_1_614' title='bbox 1806 5307 2129 5384; x_wconf 81' lang='lat' dir='ltr'><strong>sapientiam</strong></span> 
     </span>
    </p>
   </div>
   <div class='ocr_carea' id='block_1_91' title="bbox 485 5378 2131 5483">
    <p class='ocr_par' dir='ltr' id='par_1_91' title="bbox 485 5378 2131 5483">
     <span class='ocr_line' id='line_1_91' title="bbox 485 5378 2131 5483; baseline 0.012 -42"><span class='ocrx_word' id='word_1_615' title='bbox 485 5378 493 5483; x_wconf 54' lang='grc' dir='ltr'>ξ</span> <span class='ocrx_word' id='word_1_616' title='bbox 543 5388 764 5456; x_wconf 89' lang='lat' dir='ltr'><strong>quidem</strong></span> <span class='ocrx_word' id='word_1_617' title='bbox 795 5390 963 5458; x_wconf 83' lang='lat' dir='ltr'><strong>illam,</strong></span> <span class='ocrx_word' id='word_1_618' title='bbox 989 5393 1094 5452; x_wconf 90' lang='lat' dir='ltr'><strong>nisi</strong></span> <span class='ocrx_word' id='word_1_619' title='bbox 1135 5393 1316 5452; x_wconf 85' lang='lat' dir='ltr'><strong>divina</strong></span> <span class='ocrx_word' id='word_1_620' title='bbox 1347 5378 1572 5454; x_wconf 82' lang='lat' dir='ltr'><strong>scientia</strong></span> <span class='ocrx_word' id='word_1_621' title='bbox 1607 5378 1944 5469; x_wconf 65' lang='lat' dir='ltr'><strong>instruatur,</strong></span> <span class='ocrx_word' id='word_1_622' title='bbox 1980 5403 2131 5472; x_wconf 83' lang='lat' dir='ltr'><strong>nihili</strong></span> 
     </span>
    </p>
   </div>
   <div class='ocr_carea' id='block_1_92' title="bbox 2239 4664 3798 4742">
    <p class='ocr_par' dir='ltr' id='par_1_92' title="bbox 2239 4664 3798 4742">
     <span class='ocr_line' id='line_1_92' title="bbox 2239 4664 3798 4742; baseline 0.01 -25"><span class='ocrx_word' id='word_1_623' title='bbox 2239 4664 2593 4737; x_wconf 84' lang='grc' dir='ltr'><strong>ἀπετείχισας</strong></span> <span class='ocrx_word' id='word_1_624' title='bbox 2619 4667 2754 4739; x_wconf 84' lang='grc' dir='ltr'><strong>ἡμῖν</strong></span> <span class='ocrx_word' id='word_1_625' title='bbox 2771 4668 2865 4722; x_wconf 75' lang='grc' dir='ltr'><strong>τὸν</strong></span> <span class='ocrx_word' id='word_1_626' title='bbox 2899 4670 3107 4742; x_wconf 76' lang='grc' dir='ltr'><strong>ῥήτορα</strong></span> <span class='ocrx_word' id='word_1_627' title='bbox 3128 4671 3412 4740; x_wconf 85' lang='grc' dir='ltr'><strong>φάσκοντα</strong></span> <span class='ocrx_word' id='word_1_628' title='bbox 3431 4687 3446 4702; x_wconf 78' lang='grc' dir='ltr'><strong>ο</strong></span> <span class='ocrx_word' id='word_1_629' title='bbox 3473 4667 3622 4740; x_wconf 82' lang='grc' dir='ltr'><strong>Ὀσῳ</strong></span> <span class='ocrx_word' id='word_1_630' title='bbox 3637 4666 3692 4720; x_wconf 74' lang='grc' dir='ltr'>ἐδ</span> <span class='ocrx_word' id='word_1_631' title='bbox 3712 4679 3798 4732; x_wconf 58' lang='grc' dir='ltr'><strong>φσθ</strong></span> 
     </span>
    </p>
   </div>
   <div class='ocr_carea' id='block_1_93' title="bbox 2237 4757 3796 4833">
    <p class='ocr_par' dir='ltr' id='par_1_93' title="bbox 2237 4757 3796 4833">
     <span class='ocr_line' id='line_1_93' title="bbox 2237 4757 3796 4833; baseline 0.003 -21"><span class='ocrx_word' id='word_1_632' title='bbox 2237 4757 2410 4829; x_wconf 85' lang='grc' dir='ltr'><strong>νερῶς</strong></span> <span class='ocrx_word' id='word_1_633' title='bbox 2435 4759 2530 4814; x_wconf 83' lang='grc' dir='ltr'><strong>τοῦ</strong></span> <span class='ocrx_word' id='word_1_634' title='bbox 2564 4760 2739 4832; x_wconf 78' lang='grc' dir='ltr'><strong>λάθρα</strong></span> <span class='ocrx_word' id='word_1_635' title='bbox 2771 4765 3040 4830; x_wconf 80' lang='grc' dir='ltr'><strong>κρεῖττον,</strong></span> <span class='ocrx_word' id='word_1_636' title='bbox 3061 4765 3157 4820; x_wconf 79' lang='grc' dir='ltr'><strong>καὶ</strong></span> <span class='ocrx_word' id='word_1_637' title='bbox 3183 4763 3243 4818; x_wconf 85' lang='grc' dir='ltr'><strong>τὺ</strong></span> <span class='ocrx_word' id='word_1_638' title='bbox 3283 4761 3604 4833; x_wconf 82' lang='grc' dir='ltr'><strong>νικῶνταςῆ</strong></span> <span class='ocrx_word' id='word_1_639' title='bbox 3643 4772 3796 4828; x_wconf 70' lang='grc' dir='ltr'><strong>παρα·</strong></span> 
     </span>
    </p>
   </div>
   <div class='ocr_carea' id='block_1_94' title="bbox 2237 4851 3794 4930">
    <p class='ocr_par' dir='ltr' id='par_1_94' title="bbox 2237 4851 3794 4930">
     <span class='ocr_line' id='line_1_94' title="bbox 2237 4851 3794 4930; baseline -0.002 -22"><span class='ocrx_word' id='word_1_640' title='bbox 2237 4854 2649 4926; x_wconf 78' lang='grc' dir='ltr'><strong>κρουσαμένους</strong></span> <span class='ocrx_word' id='word_1_641' title='bbox 2677 4857 2942 4927; x_wconf 76' lang='grc' dir='ltr'><strong>πράττειν</strong></span> <span class='ocrx_word' id='word_1_642' title='bbox 2980 4857 3162 4924; x_wconf 76' lang='grc' dir='ltr'><strong>ὁτιοῦν</strong></span> <span class='ocrx_word' id='word_1_643' title='bbox 3192 4858 3563 4930; x_wconf 68' lang='grc' dir='ltr'><strong>ἐντιμότερονι</strong></span> <span class='ocrx_word' id='word_1_644' title='bbox 3585 4851 3794 4918; x_wconf 82' lang='grc' dir='ltr'><strong>τοσούτῳ</strong></span> 
     </span>
    </p>
   </div>
   <div class='ocr_carea' id='block_1_95' title="bbox 2239 4942 3791 5020">
    <p class='ocr_par' dir='ltr' id='par_1_95' title="bbox 2239 4942 3791 5020">
     <span class='ocr_line' id='line_1_95' title="bbox 2239 4942 3791 5020; baseline 0.003 -19"><span class='ocrx_word' id='word_1_645' title='bbox 2239 4945 2458 5001; x_wconf 85' lang='grc' dir='ltr'><strong>κάλλιον</strong></span> <span class='ocrx_word' id='word_1_646' title='bbox 2511 4947 2738 5003; x_wconf 82' lang='grc' dir='ltr'><strong>Κόνωνα</strong></span> <span class='ocrx_word' id='word_1_647' title='bbox 2780 4947 2852 5002; x_wconf 78' lang='grc' dir='ltr'><strong>τὰ</strong></span> <span class='ocrx_word' id='word_1_648' title='bbox 2913 4949 3072 5020; x_wconf 79' lang='grc' dir='ltr'><strong>τείχη</strong></span> <span class='ocrx_word' id='word_1_649' title='bbox 3123 4949 3324 5020; x_wconf 82' lang='grc' dir='ltr'><strong>στῆσαι</strong></span> <span class='ocrx_word' id='word_1_650' title='bbox 3369 4942 3791 5019; x_wconf 78' lang='grc' dir='ltr'><strong>Θεμιστοκλέους·</strong></span> 
     </span>
    </p>
   </div>
   <div class='ocr_carea' id='block_1_96' title="bbox 2251 5035 3791 5114">
    <p class='ocr_par' dir='ltr' id='par_1_96' title="bbox 2251 5035 3791 5114">
     <span class='ocr_line' id='line_1_96' title="bbox 2251 5035 3791 5114; baseline 0.001 -24"><span class='ocrx_word' id='word_1_651' title='bbox 2251 5035 2314 5090; x_wconf 88' lang='grc' dir='ltr'><strong>Ὃ</strong></span> <span class='ocrx_word' id='word_1_652' title='bbox 2348 5035 2448 5107; x_wconf 81' lang='grc' dir='ltr'><strong>μὲν</strong></span> <span class='ocrx_word' id='word_1_653' title='bbox 2478 5037 2587 5109; x_wconf 79' lang='grc' dir='ltr'><strong>γὰρ</strong></span> <span class='ocrx_word' id='word_1_654' title='bbox 2623 5037 2823 5102; x_wconf 84' lang='grc' dir='ltr'><strong>λαθὼν,</strong></span> <span class='ocrx_word' id='word_1_655' title='bbox 2882 5041 2912 5094; x_wconf 77' lang='grc' dir='ltr'><strong><em>ὁ</em></strong></span> <span class='ocrx_word' id='word_1_656' title='bbox 2971 5041 3029 5096; x_wconf 84' lang='grc' dir='ltr'><strong>δὲ</strong></span> <span class='ocrx_word' id='word_1_657' title='bbox 3057 5042 3289 5114; x_wconf 82' lang='grc' dir='ltr'><strong>νικήσας</strong></span> <span class='ocrx_word' id='word_1_658' title='bbox 3317 5041 3447 5104; x_wconf 83' lang='grc' dir='ltr'><strong>τοὺς</strong></span> <span class='ocrx_word' id='word_1_659' title='bbox 3473 5037 3791 5094; x_wconf 80' lang='grc' dir='ltr'><strong>κωλύσαντας</strong></span> 
     </span>
    </p>
   </div>
   <div class='ocr_carea' id='block_1_97' title="bbox 2237 5113 3792 5207">
    <p class='ocr_par' dir='ltr' id='par_1_97' title="bbox 2237 5113 3792 5207">
     <span class='ocr_line' id='line_1_97' title="bbox 2237 5113 3792 5207; baseline -0.008 -13"><span class='ocrx_word' id='word_1_660' title='bbox 2237 5113 2412 5194; x_wconf 49' lang='grc' dir='ltr'><strong>ταῦτα</strong></span> <span class='ocrx_word' id='word_1_661' title='bbox 2425 5131 2703 5200; x_wconf 76' lang='grc' dir='ltr'><strong>ἐποίησεν.</strong></span> <span class='ocrx_word' id='word_1_662' title='bbox 2740 5133 2948 5189; x_wconf 75' lang='grc' dir='ltr'><strong>Ἐκεῖνο</strong></span> <span class='ocrx_word' id='word_1_663' title='bbox 2975 5150 3140 5204; x_wconf 80' lang='grc' dir='ltr'><strong>φημι,</strong></span> <span class='ocrx_word' id='word_1_664' title='bbox 3178 5135 3262 5188; x_wconf 83' lang='grc' dir='ltr'><strong>ὅτι</strong></span> <span class='ocrx_word' id='word_1_665' title='bbox 3291 5133 3530 5207; x_wconf 83' lang='grc' dir='ltr'><strong>μάλιστα</strong></span> <span class='ocrx_word' id='word_1_666' title='bbox 3573 5129 3664 5200; x_wconf 78' lang='grc' dir='ltr'><strong>μὲν</strong></span> <span class='ocrx_word' id='word_1_667' title='bbox 3688 5121 3792 5178; x_wconf 71' lang='grc' dir='ltr'><strong>οὔτε</strong></span> 
     </span>
    </p>
   </div>
   <div class='ocr_carea' id='block_1_98' title="bbox 2235 5217 3788 5298">
    <p class='ocr_par' dir='ltr' id='par_1_98' title="bbox 2235 5217 3788 5298">
     <span class='ocr_line' id='line_1_98' title="bbox 2235 5217 3788 5298; baseline 0.001 -22"><span class='ocrx_word' id='word_1_668' title='bbox 2235 5221 2463 5296; x_wconf 80' lang='grc' dir='ltr'><strong>ταύτην,</strong></span> <span class='ocrx_word' id='word_1_669' title='bbox 2501 5221 2625 5279; x_wconf 77' lang='grc' dir='ltr'><strong>οὔτε</strong></span> <span class='ocrx_word' id='word_1_670' title='bbox 2653 5225 2872 5298; x_wconf 76' lang='grc' dir='ltr'><strong>ἐκείνην</strong></span> <span class='ocrx_word' id='word_1_671' title='bbox 2901 5226 3282 5298; x_wconf 74' lang='grc' dir='ltr'><strong>ἀποδεχόμεθα</strong></span> <span class='ocrx_word' id='word_1_672' title='bbox 3308 5243 3321 5257; x_wconf 90' lang='grc'>·</span> <span class='ocrx_word' id='word_1_673' title='bbox 3349 5225 3489 5282; x_wconf 81' lang='grc' dir='ltr'><strong>ἀλλὰ</strong></span> <span class='ocrx_word' id='word_1_674' title='bbox 3533 5223 3630 5294; x_wconf 82' lang='grc' dir='ltr'><strong>τὴν</strong></span> <span class='ocrx_word' id='word_1_675' title='bbox 3674 5217 3788 5291; x_wconf 62' lang='grc' dir='ltr'><strong>μὲν,</strong></span> 
     </span>
    </p>
   </div>
   <div class='ocr_carea' id='block_1_99' title="bbox 2239 5305 3793 5391">
    <p class='ocr_par' dir='ltr' id='par_1_99' title="bbox 2239 5305 3793 5391">
     <span class='ocr_line' id='line_1_99' title="bbox 2239 5305 3793 5391; baseline 0 -23"><span class='ocrx_word' id='word_1_676' title='bbox 2239 5315 2289 5368; x_wconf 84' lang='grc' dir='ltr'><strong>εί</strong></span> <span class='ocrx_word' id='word_1_677' title='bbox 2321 5315 2396 5386; x_wconf 80' lang='grc' dir='ltr'><strong>μὴ</strong></span> <span class='ocrx_word' id='word_1_678' title='bbox 2419 5315 2722 5390; x_wconf 82' lang='grc' dir='ltr'><strong>κοσμηθείη</strong></span> <span class='ocrx_word' id='word_1_679' title='bbox 2749 5321 2812 5391; x_wconf 80' lang='grc' dir='ltr'><strong>τῇ</strong></span> <span class='ocrx_word' id='word_1_680' title='bbox 2840 5319 2961 5391; x_wconf 84' lang='grc' dir='ltr'><strong>θείᾳ</strong></span> <span class='ocrx_word' id='word_1_681' title='bbox 2980 5318 3287 5386; x_wconf 74' lang='grc' dir='ltr'><strong>παιδεύσει,</strong></span> <span class='ocrx_word' id='word_1_682' title='bbox 3309 5318 3464 5374; x_wconf 81' lang='grc' dir='ltr'><strong>οὐδὲν</strong></span> <span class='ocrx_word' id='word_1_683' title='bbox 3490 5311 3624 5370; x_wconf 79' lang='grc' dir='ltr'><strong>εἶναι</strong></span> <span class='ocrx_word' id='word_1_684' title='bbox 3646 5305 3793 5382; x_wconf 69' lang='grc' dir='ltr'><strong>ἡγοῦ·</strong></span> 
     </span>
    </p>
   </div>
   <div class='ocr_carea' id='block_1_100' title="bbox 2243 5399 3792 5482">
    <p class='ocr_par' dir='ltr' id='par_1_100' title="bbox 2243 5399 3792 5482">
     <span class='ocr_line' id='line_1_100' title="bbox 2243 5399 3792 5482; baseline -0.008 -17"><span class='ocrx_word' id='word_1_685' title='bbox 2243 5405 2384 5478; x_wconf 82' lang='grc' dir='ltr'><strong>μεθα</strong></span> <span class='ocrx_word' id='word_1_686' title='bbox 2403 5423 2416 5438; x_wconf 92' lang='grc'><strong>·</strong></span> <span class='ocrx_word' id='word_1_687' title='bbox 2447 5409 2548 5480; x_wconf 88' lang='grc' dir='ltr'><strong>τὴν</strong></span> <span class='ocrx_word' id='word_1_688' title='bbox 2577 5409 2636 5464; x_wconf 79' lang='grc' dir='ltr'><strong>δὲ</strong></span> <span class='ocrx_word' id='word_1_689' title='bbox 2663 5410 2982 5482; x_wconf 80' lang='grc' dir='ltr'><strong>κακίζομεν.</strong></span> <span class='ocrx_word' id='word_1_690' title='bbox 3032 5412 3364 5468; x_wconf 77' lang='grc' dir='ltr'><strong>’Δδικεῖσθαι</strong></span> <span class='ocrx_word' id='word_1_691' title='bbox 3397 5410 3526 5482; x_wconf 78' lang='grc' dir='ltr'><strong>γὰρ,</strong></span> <span class='ocrx_word' id='word_1_692' title='bbox 3569 5407 3663 5460; x_wconf 82' lang='grc' dir='ltr'><strong>οὐκ</strong></span> <span class='ocrx_word' id='word_1_693' title='bbox 3691 5399 3792 5456; x_wconf 77' lang='grc' dir='ltr'><strong>ἀδι-</strong></span> 
     </span>
    </p>
   </div>
   <div class='ocr_carea' id='block_1_101' title="bbox 541 5479 2133 5578">
    <p class='ocr_par' dir='ltr' id='par_1_101' title="bbox 541 5479 2133 5575">
     <span class='ocr_line' id='line_1_101' title="bbox 541 5479 2133 5575; baseline 0.009 -40"><span class='ocrx_word' id='word_1_694' title='bbox 541 5479 916 5551; x_wconf 80' lang='lat' dir='ltr'><strong>aestimamus,</strong></span> <span class='ocrx_word' id='word_1_695' title='bbox 965 5483 1114 5542; x_wconf 86' lang='lat' dir='ltr'><strong>illam</strong></span> <span class='ocrx_word' id='word_1_696' title='bbox 1159 5493 1338 5544; x_wconf 83' lang='lat' dir='ltr'><strong>autem</strong></span> <span class='ocrx_word' id='word_1_697' title='bbox 1381 5490 1797 5560; x_wconf 68' lang='lat' dir='ltr'><strong>vituperamus.</strong></span> <span class='ocrx_word' id='word_1_698' title='bbox 1845 5493 2133 5575; x_wconf 75' lang='lat' dir='ltr'><strong>Didicimus</strong></span> 
     </span>
    </p>
   </div>
   <div class='ocr_carea' id='block_1_102' title="bbox 2242 5479 3794 5578">
    <p class='ocr_par' dir='ltr' id='par_1_102' title="bbox 2242 5479 3794 5578">
     <span class='ocr_line' id='line_1_102' title="bbox 2242 5479 3794 5578; baseline -0.001 -26"><span class='ocrx_word' id='word_1_699' title='bbox 2242 5500 2350 5554; x_wconf 73' lang='grc' dir='ltr'><strong>κεῖν</strong></span> <span class='ocrx_word' id='word_1_700' title='bbox 2383 5501 2808 5576; x_wconf 78' lang='grc' dir='ltr'><strong>μεμαθήκαμεν.</strong></span> <span class='ocrx_word' id='word_1_701' title='bbox 2843 5479 3122 5576; x_wconf 71' lang='grc' dir='ltr'><strong>Ἀνδρείαν</strong></span> <span class='ocrx_word' id='word_1_702' title='bbox 3146 5504 3203 5560; x_wconf 83' lang='grc' dir='ltr'><strong>δὲ</strong></span> <span class='ocrx_word' id='word_1_703' title='bbox 3223 5479 3526 5578; x_wconf 75' lang='grc' dir='ltr'><strong>ἡγούμεθα,</strong></span> <span class='ocrx_word' id='word_1_704' title='bbox 3556 5497 3647 5571; x_wconf 76' lang='grc' dir='ltr'><strong>τὴν</strong></span> <span class='ocrx_word' id='word_1_705' title='bbox 3670 5488 3794 5548; x_wconf 78' lang='grc' dir='ltr'><strong>κατᾶ</strong></span> 
     </span>
    </p>
   </div>
   <div class='ocr_carea' id='block_1_103' title="bbox 1647 5646 2714 5714">
    <p class='ocr_par' dir='ltr' id='par_1_103' title="bbox 1647 5646 2714 5714">
     <span class='ocr_line' id='line_1_103' title="bbox 1647 5646 2714 5714; baseline 0.009 -12"><span class='ocrx_word' id='word_1_706' title='bbox 1647 5646 1886 5705; x_wconf 71' lang='lat' dir='ltr'><strong>VARUE</strong></span> <span class='ocrx_word' id='word_1_707' title='bbox 1926 5650 2312 5710; x_wconf 75' lang='lat' dir='ltr'><strong>LECTIONES</strong></span> <span class='ocrx_word' id='word_1_708' title='bbox 2353 5653 2440 5711; x_wconf 81' lang='lat' dir='ltr'><strong>ET</strong></span> <span class='ocrx_word' id='word_1_709' title='bbox 2480 5655 2714 5714; x_wconf 64' lang='lat' dir='ltr'><strong>NOTAE.</strong></span> 
     </span>
    </p>
   </div>
   <div class='ocr_carea' id='block_1_104' title="bbox 621 5782 2122 5871">
    <p class='ocr_par' dir='ltr' id='par_1_104' title="bbox 621 5782 2122 5871">
     <span class='ocr_line' id='line_1_104' title="bbox 621 5782 2122 5871; baseline 0.008 -21"><span class='ocrx_word' id='word_1_710' title='bbox 621 5782 734 5858; x_wconf 72' lang='lat'><strong>(-1.5)</strong></span> <span class='ocrx_word' id='word_1_711' title='bbox 772 5787 903 5849; x_wconf 86' lang='lat' dir='ltr'><strong>Post</strong></span> <span class='ocrx_word' id='word_1_712' title='bbox 929 5795 1026 5866; x_wconf 78' lang='grc' dir='ltr'><strong>μὲν</strong></span> <span class='ocrx_word' id='word_1_713' title='bbox 1066 5799 1398 5871; x_wconf 73' lang='grc' dir='ltr'><strong>οὐιΙιιιιιγὰρ</strong></span> <span class='ocrx_word' id='word_1_714' title='bbox 1449 5801 1602 5858; x_wconf 89' lang='lat' dir='ltr'><strong>codd.</strong></span> <span class='ocrx_word' id='word_1_715' title='bbox 1634 5803 1755 5859; x_wconf 82' lang='lat' dir='ltr'><strong>Vat.</strong></span> <span class='ocrx_word' id='word_1_716' title='bbox 1790 5806 1892 5862; x_wconf 82' lang='lat'><strong>650</strong></span> <span class='ocrx_word' id='word_1_717' title='bbox 1923 5821 1974 5864; x_wconf 85' lang='lat' dir='ltr'><strong>ct</strong></span> <span class='ocrx_word' id='word_1_718' title='bbox 2019 5811 2122 5865; x_wconf 79' lang='grc' dir='ltr'><strong>Αιι.</strong></span> 
     </span>
    </p>
   </div>
   <div class='ocr_carea' id='block_1_105' title="bbox 597 5872 761 5914">
    <p class='ocr_par' dir='ltr' id='par_1_105' title="bbox 597 5872 761 5914">
     <span class='ocr_line' id='line_1_105' title="bbox 597 5872 761 5914; baseline 0.024 -6"><span class='ocrx_word' id='word_1_719' title='bbox 597 5872 761 5914; x_wconf 61' lang='grc' dir='ltr'><strong>θεειδ.</strong></span> 
     </span>
    </p>
   </div>
   <div class='ocr_carea' id='block_1_106' title="bbox 2253 5801 3788 5916">
    <p class='ocr_par' dir='ltr' id='par_1_106' title="bbox 2253 5801 3788 5916">
     <span class='ocr_line' id='line_1_106' title="bbox 2253 5801 3788 5916; baseline -0.022 -27"><span class='ocrx_word' id='word_1_720' title='bbox 2253 5885 2272 5895; x_wconf 64' lang='grc'><strong>,</strong></span> <span class='ocrx_word' id='word_1_721' title='bbox 2317 5815 2519 5916; x_wconf 62' lang='grc' dir='ltr'><strong>(Ξδῌη</strong></span> <span class='ocrx_word' id='word_1_722' title='bbox 2561 5817 2662 5873; x_wconf 67' lang='lat' dir='ltr'><strong>“ne</strong></span> <span class='ocrx_word' id='word_1_723' title='bbox 2695 5834 2774 5888; x_wconf 70' lang='lat' dir='ltr'><strong>rp.</strong></span> <span class='ocrx_word' id='word_1_724' title='bbox 2811 5833 2906 5887; x_wconf 81' lang='lat' dir='ltr'><strong>pro</strong></span> <span class='ocrx_word' id='word_1_725' title='bbox 2934 5817 3080 5873; x_wconf 71' lang='grc' dir='ltr'><strong>δοκεῖ</strong></span> <span class='ocrx_word' id='word_1_726' title='bbox 3124 5818 3271 5876; x_wconf 84' lang='lat' dir='ltr'><strong>solus</strong></span> <span class='ocrx_word' id='word_1_727' title='bbox 3314 5815 3484 5871; x_wconf 78' lang='lat' dir='ltr'><strong>Vatic.</strong></span> <span class='ocrx_word' id='word_1_728' title='bbox 3537 5807 3634 5868; x_wconf 85' lang='lat'><strong>650</strong></span> <span class='ocrx_word' id='word_1_729' title='bbox 3659 5801 3788 5879; x_wconf 88' lang='lat' dir='ltr'><strong>ponit</strong></span> 
     </span>
    </p>
   </div>
   <div class='ocr_carea' id='block_1_107' title="bbox 2248 5902 2515 5942">
    <p class='ocr_par' dir='ltr' id='par_1_107' title="bbox 2248 5902 2515 5942">
     <span class='ocr_line' id='line_1_107' title="bbox 2248 5902 2515 5942; baseline 0.015 -7"><span class='ocrx_word' id='word_1_730' title='bbox 2248 5902 2406 5938; x_wconf 60' lang='lat' dir='ltr'><strong>coxo).</strong></span> <span class='ocrx_word' id='word_1_731' title='bbox 2443 5902 2515 5942; x_wconf 72' lang='lat' dir='ltr'><strong>ll).</strong></span> 
     </span>
    </p>
   </div>
  </div>
