  <div class='ocr_page' id='page_1' title='image "/cluster/home/n/w/nwhite01/storage/ocr_20150623/78/coo.31924054869791/806.png"; bbox 0 0 4070 6398; ppageno 0'>
   <div class='ocr_carea' id='block_1_1' title="bbox 252 439 391 510">
    <p class='ocr_par' dir='ltr' id='par_1_1' title="bbox 252 439 391 510">
     <span class='ocr_line' id='line_1_1' title="bbox 252 439 391 510; baseline 0.029 -4"><span class='ocrx_word' id='word_1_1' title='bbox 252 439 391 510; x_wconf 78' lang='lat'><strong>1597</strong></span> 
     </span>
    </p>
   </div>
   <div class='ocr_carea' id='block_1_2' title="bbox 1147 438 2698 513">
    <p class='ocr_par' dir='ltr' id='par_1_2' title="bbox 1147 438 2698 513">
     <span class='ocr_line' id='line_1_2' title="bbox 1147 438 2698 513; baseline 0.006 -11"><span class='ocrx_word' id='word_1_2' title='bbox 1147 441 1689 504; x_wconf 78' lang='lat' dir='ltr'><strong>EPISTOLARUM</strong></span> <span class='ocrx_word' id='word_1_3' title='bbox 1731 441 1876 504; x_wconf 84' lang='lat' dir='ltr'><strong>LIB.</strong></span> <span class='ocrx_word' id='word_1_4' title='bbox 1917 438 2068 504; x_wconf 49' lang='lat' dir='ltr'><strong>VE-</strong></span> <span class='ocrx_word' id='word_1_5' title='bbox 2107 443 2350 508; x_wconf 90' lang='lat' dir='ltr'><strong>EPIST.</strong></span> <span class='ocrx_word' id='word_1_6' title='bbox 2389 449 2698 513; x_wconf 83' lang='lat' dir='ltr'><strong>CDLXIX.</strong></span> 
     </span>
    </p>
   </div>
   <div class='ocr_carea' id='block_1_3' title="bbox 3421 437 3558 507">
    <p class='ocr_par' dir='ltr' id='par_1_3' title="bbox 3421 437 3558 507">
     <span class='ocr_line' id='line_1_3' title="bbox 3421 437 3558 507; baseline 0.015 -2"><span class='ocrx_word' id='word_1_7' title='bbox 3421 437 3558 507; x_wconf 72' lang='lat'><strong>1538</strong></span> 
     </span>
    </p>
   </div>
   <div class='ocr_carea' id='block_1_4' title="bbox 245 556 1914 638">
    <p class='ocr_par' dir='ltr' id='par_1_4' title="bbox 245 556 1914 632">
     <span class='ocr_line' id='line_1_4' title="bbox 245 556 1914 632; baseline -0.002 -16"><span class='ocrx_word' id='word_1_8' title='bbox 245 567 362 622; x_wconf 81' lang='grc' dir='ltr'><strong>τῶν</strong></span> <span class='ocrx_word' id='word_1_9' title='bbox 380 556 660 631; x_wconf 78' lang='grc' dir='ltr'><strong>δυσχερῶν</strong></span> <span class='ocrx_word' id='word_1_10' title='bbox 687 557 1016 632; x_wconf 62' lang='grc' dir='ltr'>ὑπεροψίαν,</span> <span class='ocrx_word' id='word_1_11' title='bbox 1048 559 1141 612; x_wconf 68' lang='grc' dir='ltr'>καὶ</span> <span class='ocrx_word' id='word_1_12' title='bbox 1189 560 1246 612; x_wconf 77' lang='grc' dir='ltr'>τὸ</span> <span class='ocrx_word' id='word_1_13' title='bbox 1271 559 1538 628; x_wconf 79' lang='grc' dir='ltr'><strong>γενναίως</strong></span> <span class='ocrx_word' id='word_1_14' title='bbox 1564 558 1752 630; x_wconf 79' lang='grc' dir='ltr'>φέρειν</span> <span class='ocrx_word' id='word_1_15' title='bbox 1779 559 1850 613; x_wconf 76' lang='grc' dir='ltr'><strong>τὰ</strong></span> <span class='ocrx_word' id='word_1_16' title='bbox 1883 565 1914 622; x_wconf 79' lang='grc' dir='ltr'>Α</span> 
     </span>
    </p>
   </div>
   <div class='ocr_carea' id='block_1_5' title="bbox 1975 556 3560 638">
    <p class='ocr_par' dir='ltr' id='par_1_5' title="bbox 1975 560 3560 638">
     <span class='ocr_line' id='line_1_5' title="bbox 1975 560 3560 638; baseline 0.001 -23"><span class='ocrx_word' id='word_1_17' title='bbox 1975 561 2103 616; x_wconf 75' lang='lat' dir='ltr'><strong>:nim</strong></span> <span class='ocrx_word' id='word_1_18' title='bbox 2125 562 2422 620; x_wconf 78' lang='lat' dir='ltr'><strong>Christiani</strong></span> <span class='ocrx_word' id='word_1_19' title='bbox 2447 565 2700 638; x_wconf 88' lang='lat' dir='ltr'><strong>accipere</strong></span> <span class='ocrx_word' id='word_1_20' title='bbox 2724 580 2890 638; x_wconf 85' lang='lat' dir='ltr'><strong>quam</strong></span> <span class='ocrx_word' id='word_1_21' title='bbox 2920 563 3104 622; x_wconf 87' lang='lat' dir='ltr'><strong>facere</strong></span> <span class='ocrx_word' id='word_1_22' title='bbox 3126 560 3382 632; x_wconf 88' lang='lat' dir='ltr'><strong>iniuriam</strong></span> <span class='ocrx_word' id='word_1_23' title='bbox 3401 561 3560 632; x_wconf 84' lang='lat' dir='ltr'><strong>longe</strong></span> 
     </span>
    </p>
   </div>
   <div class='ocr_carea' id='block_1_6' title="bbox 249 650 1851 726">
    <p class='ocr_par' dir='ltr' id='par_1_6' title="bbox 249 650 1851 726">
     <span class='ocr_line' id='line_1_6' title="bbox 249 650 1851 726; baseline -0.001 -18"><span class='ocrx_word' id='word_1_24' title='bbox 249 651 644 726; x_wconf 75' lang='grc' dir='ltr'>συμϐαίνοντα.</span> <span class='ocrx_word' id='word_1_25' title='bbox 683 652 746 705; x_wconf 87' lang='lat' dir='ltr'><strong>Ei</strong></span> <span class='ocrx_word' id='word_1_26' title='bbox 776 651 833 705; x_wconf 82' lang='grc' dir='ltr'>δὲ</span> <span class='ocrx_word' id='word_1_27' title='bbox 857 653 963 724; x_wconf 85' lang='grc' dir='ltr'>χρή</span> <span class='ocrx_word' id='word_1_28' title='bbox 998 669 1052 706; x_wconf 88' lang='grc' dir='ltr'><strong>τι</strong></span> <span class='ocrx_word' id='word_1_29' title='bbox 1105 651 1200 706; x_wconf 71' lang='grc' dir='ltr'><strong>καὶ</strong></span> <span class='ocrx_word' id='word_1_30' title='bbox 1248 652 1387 724; x_wconf 80' lang='grc' dir='ltr'>πρὸς</span> <span class='ocrx_word' id='word_1_31' title='bbox 1409 650 1501 706; x_wconf 78' lang='grc' dir='ltr'>τὸν</span> <span class='ocrx_word' id='word_1_32' title='bbox 1532 653 1742 724; x_wconf 77' lang='grc' dir='ltr'>ῥήτορα</span> <span class='ocrx_word' id='word_1_33' title='bbox 1772 653 1851 706; x_wconf 77' lang='grc' dir='ltr'>εί-</span> 
     </span>
    </p>
   </div>
   <div class='ocr_carea' id='block_1_7' title="bbox 247 740 1852 816">
    <p class='ocr_par' dir='ltr' id='par_1_7' title="bbox 247 740 1852 816">
     <span class='ocr_line' id='line_1_7' title="bbox 247 740 1852 816; baseline 0.001 -16"><span class='ocrx_word' id='word_1_34' title='bbox 247 746 396 810; x_wconf 84' lang='grc' dir='ltr'>πεῖν,</span> <span class='ocrx_word' id='word_1_35' title='bbox 413 744 620 814; x_wconf 72' lang='grc' dir='ltr'>εἴποιμ’</span> <span class='ocrx_word' id='word_1_36' title='bbox 659 743 760 800; x_wconf 79' lang='grc' dir='ltr'><strong>ἄν·</strong></span> <span class='ocrx_word' id='word_1_37' title='bbox 815 744 960 798; x_wconf 77' lang='grc' dir='ltr'>Ἀλλ’</span> <span class='ocrx_word' id='word_1_38' title='bbox 1001 746 1032 798; x_wconf 86' lang='grc' dir='ltr'>ὁ</span> <span class='ocrx_word' id='word_1_39' title='bbox 1088 745 1252 816; x_wconf 69' lang='grc' dir='ltr'>σοφίᾳ.</span> <span class='ocrx_word' id='word_1_40' title='bbox 1304 745 1748 816; x_wconf 75' lang='grc' dir='ltr'>περιγενόμενος,</span> <span class='ocrx_word' id='word_1_41' title='bbox 1807 740 1852 801; x_wconf 79' lang='grc' dir='ltr'><strong>ὦ</strong></span> 
     </span>
    </p>
   </div>
   <div class='ocr_carea' id='block_1_8' title="bbox 249 831 1852 910">
    <p class='ocr_par' dir='ltr' id='par_1_8' title="bbox 249 831 1852 910">
     <span class='ocr_line' id='line_1_8' title="bbox 249 831 1852 910; baseline -0.002 -17"><span class='ocrx_word' id='word_1_42' title='bbox 249 835 504 907; x_wconf 79' lang='grc' dir='ltr'>ρητόρων</span> <span class='ocrx_word' id='word_1_43' title='bbox 538 833 754 907; x_wconf 80' lang='grc' dir='ltr'>ἄριστε,</span> <span class='ocrx_word' id='word_1_44' title='bbox 788 835 948 906; x_wconf 77' lang='grc' dir='ltr'>δῆλος</span> <span class='ocrx_word' id='word_1_45' title='bbox 967 831 1036 908; x_wconf 79' lang='grc' dir='ltr'>ἧν</span> <span class='ocrx_word' id='word_1_46' title='bbox 1053 836 1136 891; x_wconf 82' lang='grc' dir='ltr'>ὅτι</span> <span class='ocrx_word' id='word_1_47' title='bbox 1159 837 1252 890; x_wconf 68' lang='grc' dir='ltr'>καὶ</span> <span class='ocrx_word' id='word_1_48' title='bbox 1276 837 1530 908; x_wconf 82' lang='grc' dir='ltr'>νικήσας,</span> <span class='ocrx_word' id='word_1_49' title='bbox 1557 838 1605 890; x_wconf 83' lang='lat' dir='ltr'><strong>si</strong></span> <span class='ocrx_word' id='word_1_50' title='bbox 1631 836 1852 910; x_wconf 77' lang='grc' dir='ltr'>συνέϐη,</span> 
     </span>
    </p>
   </div>
   <div class='ocr_carea' id='block_1_9' title="bbox 246 927 1859 1002">
    <p class='ocr_par' dir='ltr' id='par_1_9' title="bbox 246 927 1859 1002">
     <span class='ocr_line' id='line_1_9' title="bbox 246 927 1859 1002; baseline 0.001 -20"><span class='ocrx_word' id='word_1_51' title='bbox 246 927 512 999; x_wconf 84' lang='grc' dir='ltr'>πολεμῶν</span> <span class='ocrx_word' id='word_1_52' title='bbox 545 927 885 999; x_wconf 83' lang='grc' dir='ltr'>περιεγένετ’</span> <span class='ocrx_word' id='word_1_53' title='bbox 910 928 977 984; x_wconf 81' lang='grc' dir='ltr'>ἂν</span> <span class='ocrx_word' id='word_1_54' title='bbox 1002 929 1292 1000; x_wconf 75' lang='grc' dir='ltr'>μείζονωςο</span> <span class='ocrx_word' id='word_1_55' title='bbox 1324 931 1352 984; x_wconf 85' lang='grc' dir='ltr'>ὁ</span> <span class='ocrx_word' id='word_1_56' title='bbox 1377 929 1435 982; x_wconf 80' lang='grc' dir='ltr'>δὲ</span> <span class='ocrx_word' id='word_1_57' title='bbox 1459 929 1683 1002; x_wconf 78' lang='grc' dir='ltr'><strong>ἀνδρείᾳ</strong></span> <span class='ocrx_word' id='word_1_58' title='bbox 1718 948 1859 1002; x_wconf 84' lang='grc' dir='ltr'>κρα-</span> 
     </span>
    </p>
   </div>
   <div class='ocr_carea' id='block_1_10' title="bbox 247 1016 1858 1094">
    <p class='ocr_par' dir='ltr' id='par_1_10' title="bbox 247 1016 1858 1094">
     <span class='ocr_line' id='line_1_10' title="bbox 247 1016 1858 1094; baseline 0.002 -20"><span class='ocrx_word' id='word_1_59' title='bbox 247 1022 426 1092; x_wconf 79' lang='grc' dir='ltr'>τήσας</span> <span class='ocrx_word' id='word_1_60' title='bbox 459 1021 660 1093; x_wconf 80' lang='grc' dir='ltr'>ἄδηλος</span> <span class='ocrx_word' id='word_1_61' title='bbox 697 1016 788 1092; x_wconf 79' lang='grc' dir='ltr'>ἦν,</span> <span class='ocrx_word' id='word_1_62' title='bbox 825 1021 876 1076; x_wconf 86' lang='grc' dir='ltr'><strong>εί</strong></span> <span class='ocrx_word' id='word_1_63' title='bbox 913 1021 1078 1094; x_wconf 79' lang='grc' dir='ltr'>σοφίᾳ</span> <span class='ocrx_word' id='word_1_64' title='bbox 1128 1023 1480 1094; x_wconf 81' lang='grc' dir='ltr'>περιεγένετο</span> <span class='ocrx_word' id='word_1_65' title='bbox 1528 1025 1640 1090; x_wconf 85' lang='grc' dir='ltr'>τοῖς</span> <span class='ocrx_word' id='word_1_66' title='bbox 1671 1023 1858 1089; x_wconf 81' lang='grc' dir='ltr'>ὅπλοις</span> 
     </span>
    </p>
   </div>
   <div class='ocr_carea' id='block_1_11' title="bbox 247 1113 530 1188">
    <p class='ocr_par' dir='ltr' id='par_1_11' title="bbox 247 1113 530 1188">
     <span class='ocr_line' id='line_1_11' title="bbox 247 1113 530 1188; baseline 0.011 -20"><span class='ocrx_word' id='word_1_67' title='bbox 247 1113 530 1188; x_wconf 76' lang='grc' dir='ltr'>ἡττηθείς.</span> 
     </span>
    </p>
   </div>
   <div class='ocr_carea' id='block_1_12' title="bbox 759 1397 1362 1474">
    <p class='ocr_par' dir='ltr' id='par_1_12' title="bbox 759 1397 1362 1474">
     <span class='ocr_line' id='line_1_12' title="bbox 759 1397 1362 1474; baseline 0.003 -22"><span class='ocrx_word' id='word_1_68' title='bbox 759 1397 940 1474; x_wconf 72' lang='grc' dir='ltr'>Υεςσ.</span> <span class='ocrx_word' id='word_1_69' title='bbox 970 1427 1043 1438; x_wconf 87' lang='grc'><strong>-</strong></span> <span class='ocrx_word' id='word_1_70' title='bbox 1079 1398 1362 1454; x_wconf 79' lang='lat' dir='ltr'><strong>ZHNan.</strong></span> 
     </span>
    </p>
   </div>
   <div class='ocr_carea' id='block_1_13' title="bbox 1963 655 3560 726">
    <p class='ocr_par' dir='ltr' id='par_1_13' title="bbox 1963 655 3560 726">
     <span class='ocr_line' id='line_1_13' title="bbox 1963 655 3560 726; baseline -0.001 -16"><span class='ocrx_word' id='word_1_71' title='bbox 1963 668 2085 710; x_wconf 88' lang='lat' dir='ltr'><strong>esse</strong></span> <span class='ocrx_word' id='word_1_72' title='bbox 2119 658 2484 726; x_wconf 73' lang='lat' dir='ltr'><strong>prmslantius.</strong></span> <span class='ocrx_word' id='word_1_73' title='bbox 2519 658 2927 716; x_wconf 78' lang='lat' dir='ltr'><strong>Fortitudinem</strong></span> <span class='ocrx_word' id='word_1_74' title='bbox 2957 658 3104 715; x_wconf 90' lang='lat' dir='ltr'><strong>enim</strong></span> <span class='ocrx_word' id='word_1_75' title='bbox 3137 655 3560 719; x_wconf 78' lang='lat' dir='ltr'><strong>existimamus,</strong></span> 
     </span>
    </p>
   </div>
   <div class='ocr_carea' id='block_1_14' title="bbox 1963 750 3560 822">
    <p class='ocr_par' dir='ltr' id='par_1_14' title="bbox 1963 750 3560 822">
     <span class='ocr_line' id='line_1_14' title="bbox 1963 750 3560 822; baseline -0.003 -20"><span class='ocrx_word' id='word_1_76' title='bbox 1963 763 2147 802; x_wconf 89' lang='lat' dir='ltr'><strong>rermn</strong></span> <span class='ocrx_word' id='word_1_77' title='bbox 2179 764 2302 806; x_wconf 84' lang='lat' dir='ltr'><strong>esse</strong></span> <span class='ocrx_word' id='word_1_78' title='bbox 2325 750 2622 806; x_wconf 78' lang='lat' dir='ltr'><strong>diﬂicilium</strong></span> <span class='ocrx_word' id='word_1_79' title='bbox 2653 751 3098 822; x_wconf 87' lang='lat' dir='ltr'><strong>despicientiam,</strong></span> <span class='ocrx_word' id='word_1_80' title='bbox 3129 758 3186 804; x_wconf 84' lang='lat' dir='ltr'><strong>et</strong></span> <span class='ocrx_word' id='word_1_81' title='bbox 3217 762 3406 804; x_wconf 87' lang='lat' dir='ltr'><strong>eorum</strong></span> <span class='ocrx_word' id='word_1_82' title='bbox 3441 761 3560 816; x_wconf 71' lang='lat' dir='ltr'><strong>qua:</strong></span> 
     </span>
    </p>
   </div>
   <div class='ocr_carea' id='block_1_15' title="bbox 1967 837 3563 910">
    <p class='ocr_par' dir='ltr' id='par_1_15' title="bbox 1967 837 3563 910">
     <span class='ocr_line' id='line_1_15' title="bbox 1967 837 3563 910; baseline -0.001 -18"><span class='ocrx_word' id='word_1_83' title='bbox 1967 839 2224 894; x_wconf 88' lang='lat' dir='ltr'><strong>accidunt</strong></span> <span class='ocrx_word' id='word_1_84' title='bbox 2287 841 2653 898; x_wconf 84' lang='lat' dir='ltr'><strong>tolerantiam.</strong></span> <span class='ocrx_word' id='word_1_85' title='bbox 2720 841 2860 910; x_wconf 85' lang='lat' dir='ltr'><strong>Quid</strong></span> <span class='ocrx_word' id='word_1_86' title='bbox 2910 857 3043 897; x_wconf 86' lang='lat' dir='ltr'><strong>vero</strong></span> <span class='ocrx_word' id='word_1_87' title='bbox 3099 839 3309 896; x_wconf 89' lang='lat' dir='ltr'><strong>oratori</strong></span> <span class='ocrx_word' id='word_1_88' title='bbox 3367 838 3444 892; x_wconf 89' lang='lat' dir='ltr'><strong>illi</strong></span> <span class='ocrx_word' id='word_1_89' title='bbox 3491 837 3563 890; x_wconf 88' lang='lat' dir='ltr'><strong>sit</strong></span> 
     </span>
    </p>
   </div>
   <div class='ocr_carea' id='block_1_16' title="bbox 1966 932 3562 1002">
    <p class='ocr_par' dir='ltr' id='par_1_16' title="bbox 1966 932 3562 1002">
     <span class='ocr_line' id='line_1_16' title="bbox 1966 932 3562 1002; baseline -0.003 -17"><span class='ocrx_word' id='word_1_90' title='bbox 1966 932 2404 1000; x_wconf 87' lang='lat' dir='ltr'><strong>respondendum</strong></span> <span class='ocrx_word' id='word_1_91' title='bbox 2425 975 2441 1001; x_wconf 92' lang='lat'><strong>,</strong></span> <span class='ocrx_word' id='word_1_92' title='bbox 2474 935 2554 991; x_wconf 87' lang='lat' dir='ltr'><strong>sic</strong></span> <span class='ocrx_word' id='word_1_93' title='bbox 2603 935 2802 991; x_wconf 87' lang='lat' dir='ltr'><strong>habeto</strong></span> <span class='ocrx_word' id='word_1_94' title='bbox 2833 953 2848 990; x_wconf 87' lang='lat'><strong>:</strong></span> <span class='ocrx_word' id='word_1_95' title='bbox 2882 933 2927 990; x_wconf 91' lang='lat'><strong>0</strong></span> <span class='ocrx_word' id='word_1_96' title='bbox 2961 935 3239 988; x_wconf 84' lang='lat' dir='ltr'><strong>rhetorum</strong></span> <span class='ocrx_word' id='word_1_97' title='bbox 3290 938 3562 1002; x_wconf 65' lang='lat' dir='ltr'><strong>praestan-</strong></span> 
     </span>
    </p>
   </div>
   <div class='ocr_carea' id='block_1_17' title="bbox 1961 1021 3562 1097">
    <p class='ocr_par' dir='ltr' id='par_1_17' title="bbox 1961 1021 3562 1097">
     <span class='ocr_line' id='line_1_17' title="bbox 1961 1021 3562 1097; baseline 0.001 -21"><span class='ocrx_word' id='word_1_98' title='bbox 1961 1021 2209 1089; x_wconf 88' lang='lat' dir='ltr'><strong>tissime,</strong></span> <span class='ocrx_word' id='word_1_99' title='bbox 2251 1026 2503 1097; x_wconf 85' lang='lat' dir='ltr'><strong>quisquis</strong></span> <span class='ocrx_word' id='word_1_100' title='bbox 2536 1027 2805 1097; x_wconf 86' lang='lat' dir='ltr'><strong>sapientia</strong></span> <span class='ocrx_word' id='word_1_101' title='bbox 2843 1027 3092 1096; x_wconf 87' lang='lat' dir='ltr'><strong>superior</strong></span> <span class='ocrx_word' id='word_1_102' title='bbox 3133 1023 3342 1090; x_wconf 80' lang='lat' dir='ltr'><strong>evasit,</strong></span> <span class='ocrx_word' id='word_1_103' title='bbox 3391 1021 3562 1092; x_wconf 89' lang='lat' dir='ltr'><strong>magis</strong></span> 
     </span>
    </p>
   </div>
   <div class='ocr_carea' id='block_1_18' title="bbox 1959 1112 3564 1192">
    <p class='ocr_par' dir='ltr' id='par_1_18' title="bbox 1959 1112 3564 1192">
     <span class='ocr_line' id='line_1_18' title="bbox 1959 1112 3564 1192; baseline 0 -23"><span class='ocrx_word' id='word_1_104' title='bbox 1959 1112 2298 1183; x_wconf 85' lang='lat' dir='ltr'><strong>inelarescit,</strong></span> <span class='ocrx_word' id='word_1_105' title='bbox 2333 1133 2501 1192; x_wconf 88' lang='lat' dir='ltr'><strong>quam</strong></span> <span class='ocrx_word' id='word_1_106' title='bbox 2549 1121 2726 1175; x_wconf 89' lang='lat' dir='ltr'><strong>victor</strong></span> <span class='ocrx_word' id='word_1_107' title='bbox 2765 1119 2857 1190; x_wconf 86' lang='lat' dir='ltr'><strong>qui</strong></span> <span class='ocrx_word' id='word_1_108' title='bbox 2907 1119 3200 1190; x_wconf 72' lang='lat' dir='ltr'><strong>pugnando“</strong></span> <span class='ocrx_word' id='word_1_109' title='bbox 3245 1114 3426 1172; x_wconf 81' lang='lat' dir='ltr'><strong>evadit</strong></span> <span class='ocrx_word' id='word_1_110' title='bbox 3472 1129 3564 1169; x_wconf 84' lang='lat' dir='ltr'><strong>su-</strong></span> 
     </span>
    </p>
   </div>
   <div class='ocr_carea' id='block_1_19' title="bbox 1958 1206 3565 1282">
    <p class='ocr_par' dir='ltr' id='par_1_19' title="bbox 1958 1206 3565 1282">
     <span class='ocr_line' id='line_1_19' title="bbox 1958 1206 3565 1282; baseline 0.002 -22"><span class='ocrx_word' id='word_1_111' title='bbox 1958 1206 2164 1276; x_wconf 88' lang='lat' dir='ltr'><strong>perior.</strong></span> <span class='ocrx_word' id='word_1_112' title='bbox 2201 1208 2484 1266; x_wconf 86' lang='lat' dir='ltr'><strong>Fortitudo</strong></span> <span class='ocrx_word' id='word_1_113' title='bbox 2529 1221 2711 1267; x_wconf 88' lang='lat' dir='ltr'><strong>autem</strong></span> <span class='ocrx_word' id='word_1_114' title='bbox 2747 1212 2972 1268; x_wconf 90' lang='lat' dir='ltr'><strong>vincens</strong></span> <span class='ocrx_word' id='word_1_115' title='bbox 3003 1212 3303 1282; x_wconf 81' lang='lat' dir='ltr'><strong>ignoratur,</strong></span> <span class='ocrx_word' id='word_1_116' title='bbox 3346 1209 3392 1266; x_wconf 88' lang='lat' dir='ltr'><strong>si</strong></span> <span class='ocrx_word' id='word_1_117' title='bbox 3435 1223 3565 1279; x_wconf 84' lang='lat' dir='ltr'><strong>pru-</strong></span> 
     </span>
    </p>
   </div>
   <div class='ocr_carea' id='block_1_20' title="bbox 1960 1297 2682 1375">
    <p class='ocr_par' dir='ltr' id='par_1_20' title="bbox 1960 1297 2682 1375">
     <span class='ocr_line' id='line_1_20' title="bbox 1960 1297 2682 1375; baseline 0.01 -22"><span class='ocrx_word' id='word_1_118' title='bbox 1960 1297 2143 1356; x_wconf 82' lang='lat' dir='ltr'><strong>dentis</strong></span> <span class='ocrx_word' id='word_1_119' title='bbox 2175 1302 2346 1358; x_wconf 89' lang='lat' dir='ltr'><strong>armis</strong></span> <span class='ocrx_word' id='word_1_120' title='bbox 2370 1313 2682 1375; x_wconf 85' lang='lat' dir='ltr'><strong>superetur.</strong></span> 
     </span>
    </p>
   </div>
   <div class='ocr_carea' id='block_1_21' title="bbox 2421 1411 3112 1473">
    <p class='ocr_par' dir='ltr' id='par_1_21' title="bbox 2421 1411 3112 1473">
     <span class='ocr_line' id='line_1_21' title="bbox 2421 1411 3112 1473; baseline 0.006 -4"><span class='ocrx_word' id='word_1_121' title='bbox 2421 1411 2703 1471; x_wconf 80' lang='lat' dir='ltr'><strong>CDLXVI.</strong></span> <span class='ocrx_word' id='word_1_122' title='bbox 2736 1445 2808 1456; x_wconf 90' lang='lat'>—</span> <span class='ocrx_word' id='word_1_123' title='bbox 2835 1413 3112 1473; x_wconf 80' lang='grc' dir='ltr'><strong>ΖΕΝΟΝΙ.</strong></span> 
     </span>
    </p>
   </div>
   <div class='ocr_carea' id='block_1_22' title="bbox 399 1488 3421 1578">
    <p class='ocr_par' dir='ltr' id='par_1_22' title="bbox 399 1488 3421 1578">
     <span class='ocr_line' id='line_1_22' title="bbox 399 1488 3421 1578; baseline 0.006 -35"><span class='ocrx_word' id='word_1_124' title='bbox 399 1488 750 1561; x_wconf 70' lang='lat' dir='ltr'><strong>Hermogenis</strong></span> <span class='ocrx_word' id='word_1_125' title='bbox 777 1489 1008 1559; x_wconf 80' lang='lat' dir='ltr'><strong>episcopi</strong></span> <span class='ocrx_word' id='word_1_126' title='bbox 1027 1490 1180 1557; x_wconf 79' lang='lat' dir='ltr'><strong>.laus,</strong></span> <span class='ocrx_word' id='word_1_127' title='bbox 1201 1496 1252 1544; x_wconf 86' lang='lat' dir='ltr'><strong>et</strong></span> <span class='ocrx_word' id='word_1_128' title='bbox 1281 1489 1554 1565; x_wconf 69' lang='lat' dir='ltr'><strong>modestiae</strong></span> <span class='ocrx_word' id='word_1_129' title='bbox 1585 1489 2010 1566; x_wconf 79' lang='lat' dir='ltr'><strong>Immilitalisque</strong></span> <span class='ocrx_word' id='word_1_130' title='bbox 2041 1503 2451 1564; x_wconf 79' lang='lat' dir='ltr'><strong>commendatio.</strong></span> <span class='ocrx_word' id='word_1_131' title='bbox 2483 1504 2574 1576; x_wconf 76' lang='lat' dir='ltr'><strong>(Ut</strong></span> <span class='ocrx_word' id='word_1_132' title='bbox 2606 1518 2656 1561; x_wconf 85' lang='lat' dir='ltr'><strong>et</strong></span> <span class='ocrx_word' id='word_1_133' title='bbox 2683 1523 2846 1577; x_wconf 83' lang='lat' dir='ltr'><strong>supra</strong></span> <span class='ocrx_word' id='word_1_134' title='bbox 2877 1509 3032 1578; x_wconf 78' lang='lat' dir='ltr'><strong>epist.</strong></span> <span class='ocrx_word' id='word_1_135' title='bbox 3061 1507 3170 1563; x_wconf 74' lang='lat'><strong>558</strong></span> <span class='ocrx_word' id='word_1_136' title='bbox 3199 1516 3247 1562; x_wconf 82' lang='lat' dir='ltr'><strong>et</strong></span> <span class='ocrx_word' id='word_1_137' title='bbox 3271 1504 3421 1576; x_wconf 66' lang='grc'><strong>448.)</strong></span> 
     </span>
    </p>
   </div>
   <div class='ocr_carea' id='block_1_23' title="bbox 337 1601 1852 1674">
    <p class='ocr_par' dir='ltr' id='par_1_23' title="bbox 337 1601 1852 1674">
     <span class='ocr_line' id='line_1_23' title="bbox 337 1601 1852 1674; baseline 0.002 -17"><span class='ocrx_word' id='word_1_138' title='bbox 337 1601 682 1674; x_wconf 83' lang='grc' dir='ltr'>Ἑρμογένης</span> <span class='ocrx_word' id='word_1_139' title='bbox 705 1603 734 1656; x_wconf 85' lang='grc' dir='ltr'>ὁ</span> <span class='ocrx_word' id='word_1_140' title='bbox 772 1601 1095 1667; x_wconf 67' lang='grc' dir='ltr'>ἐπίσκοπος,</span> <span class='ocrx_word' id='word_1_141' title='bbox 1138 1601 1364 1670; x_wconf 82' lang='grc' dir='ltr'>ἀγαθὸς,</span> <span class='ocrx_word' id='word_1_142' title='bbox 1389 1603 1438 1658; x_wconf 79' lang='grc' dir='ltr'><strong>εί</strong></span> <span class='ocrx_word' id='word_1_143' title='bbox 1461 1603 1556 1658; x_wconf 87' lang='grc' dir='ltr'><strong>καί</strong></span> <span class='ocrx_word' id='word_1_144' title='bbox 1578 1621 1664 1668; x_wconf 89' lang='grc' dir='ltr'><strong>τις</strong></span> <span class='ocrx_word' id='word_1_145' title='bbox 1691 1603 1852 1671; x_wconf 74' lang='grc' dir='ltr'>ἄλλος</span> 
     </span>
    </p>
   </div>
   <div class='ocr_carea' id='block_1_24' title="bbox 251 1693 1854 1769">
    <p class='ocr_par' dir='ltr' id='par_1_24' title="bbox 251 1693 1854 1769">
     <span class='ocr_line' id='line_1_24' title="bbox 251 1693 1854 1769; baseline 0.001 -20"><span class='ocrx_word' id='word_1_146' title='bbox 251 1696 505 1766; x_wconf 73' lang='grc' dir='ltr'>γέγονεν,</span> <span class='ocrx_word' id='word_1_147' title='bbox 533 1695 694 1766; x_wconf 84' lang='grc' dir='ltr'>ἀνήρ.</span> <span class='ocrx_word' id='word_1_148' title='bbox 719 1693 965 1769; x_wconf 71' lang='grc' dir='ltr'>Τραφεὶς</span> <span class='ocrx_word' id='word_1_149' title='bbox 989 1694 1098 1765; x_wconf 75' lang='grc' dir='ltr'><strong>γὰρ</strong></span> <span class='ocrx_word' id='word_1_150' title='bbox 1128 1693 1188 1748; x_wconf 84' lang='grc' dir='ltr'>ὲν</span> <span class='ocrx_word' id='word_1_151' title='bbox 1213 1695 1327 1758; x_wconf 90' lang='grc' dir='ltr'>τοῖς</span> <span class='ocrx_word' id='word_1_152' title='bbox 1359 1693 1456 1748; x_wconf 83' lang='grc' dir='ltr'><strong>τοῦ</strong></span> <span class='ocrx_word' id='word_1_153' title='bbox 1486 1693 1728 1768; x_wconf 75' lang='grc' dir='ltr'>Χριστοῦ</span> <span class='ocrx_word' id='word_1_154' title='bbox 1765 1696 1854 1750; x_wconf 84' lang='grc' dir='ltr'><strong>νό-</strong></span> 
     </span>
    </p>
   </div>
   <div class='ocr_carea' id='block_1_25' title="bbox 256 1783 1858 1859">
    <p class='ocr_par' dir='ltr' id='par_1_25' title="bbox 256 1783 1858 1859">
     <span class='ocr_line' id='line_1_25' title="bbox 256 1783 1858 1859; baseline -0.002 -17"><span class='ocrx_word' id='word_1_155' title='bbox 256 1805 406 1859; x_wconf 84' lang='grc' dir='ltr'>μοις,</span> <span class='ocrx_word' id='word_1_156' title='bbox 451 1784 762 1850; x_wconf 78' lang='grc' dir='ltr'>παιδευθεὶς</span> <span class='ocrx_word' id='word_1_157' title='bbox 808 1784 866 1838; x_wconf 81' lang='grc' dir='ltr'>δὲ</span> <span class='ocrx_word' id='word_1_158' title='bbox 921 1787 982 1839; x_wconf 80' lang='grc' dir='ltr'>ὲν</span> <span class='ocrx_word' id='word_1_159' title='bbox 1007 1786 1120 1848; x_wconf 88' lang='grc' dir='ltr'>τοῖς</span> <span class='ocrx_word' id='word_1_160' title='bbox 1149 1783 1531 1849; x_wconf 82' lang='grc' dir='ltr'>ἀποστολικοῖς</span> <span class='ocrx_word' id='word_1_161' title='bbox 1561 1785 1858 1858; x_wconf 83' lang='grc' dir='ltr'>παραδείγ-</span> 
     </span>
    </p>
   </div>
   <div class='ocr_carea' id='block_1_26' title="bbox 2039 1613 3568 1691">
    <p class='ocr_par' dir='ltr' id='par_1_26' title="bbox 2039 1613 3568 1691">
     <span class='ocr_line' id='line_1_26' title="bbox 2039 1613 3568 1691; baseline 0.003 -21"><span class='ocrx_word' id='word_1_162' title='bbox 2039 1613 2342 1688; x_wconf 81' lang='lat' dir='ltr'><strong>Episcopus</strong></span> <span class='ocrx_word' id='word_1_163' title='bbox 2396 1617 2772 1691; x_wconf 80' lang='lat' dir='ltr'><strong>Hermogenes</strong></span> <span class='ocrx_word' id='word_1_164' title='bbox 2826 1621 3034 1691; x_wconf 85' lang='lat' dir='ltr'><strong>probus</strong></span> <span class='ocrx_word' id='word_1_165' title='bbox 3066 1619 3163 1675; x_wconf 82' lang='lat' dir='ltr'><strong>‘vir</strong></span> <span class='ocrx_word' id='word_1_166' title='bbox 3199 1629 3304 1686; x_wconf 88' lang='lat' dir='ltr'><strong>est,</strong></span> <span class='ocrx_word' id='word_1_167' title='bbox 3353 1619 3402 1676; x_wconf 93' lang='lat' dir='ltr'><strong>si</strong></span> <span class='ocrx_word' id='word_1_168' title='bbox 3445 1619 3568 1689; x_wconf 88' lang='lat' dir='ltr'><strong>quis</strong></span> 
     </span>
    </p>
   </div>
   <div class='ocr_carea' id='block_1_27' title="bbox 1965 1705 3568 1782">
    <p class='ocr_par' dir='ltr' id='par_1_27' title="bbox 1965 1705 3568 1782">
     <span class='ocr_line' id='line_1_27' title="bbox 1965 1705 3568 1782; baseline 0.001 -20"><span class='ocrx_word' id='word_1_169' title='bbox 1965 1705 2124 1763; x_wconf 86' lang='lat' dir='ltr'><strong>alius.</strong></span> <span class='ocrx_word' id='word_1_170' title='bbox 2154 1709 2430 1766; x_wconf 80' lang='lat' dir='ltr'><strong>Educatus</strong></span> <span class='ocrx_word' id='word_1_171' title='bbox 2459 1711 2604 1766; x_wconf 89' lang='lat' dir='ltr'><strong>enim</strong></span> <span class='ocrx_word' id='word_1_172' title='bbox 2639 1711 2694 1766; x_wconf 91' lang='lat' dir='ltr'><strong>in</strong></span> <span class='ocrx_word' id='word_1_173' title='bbox 2724 1711 2931 1767; x_wconf 84' lang='lat' dir='ltr'><strong>Christi</strong></span> <span class='ocrx_word' id='word_1_174' title='bbox 2953 1710 3367 1782; x_wconf 83' lang='lat' dir='ltr'><strong>lege,exemplis</strong></span> <span class='ocrx_word' id='word_1_175' title='bbox 3389 1719 3568 1764; x_wconf 89' lang='lat' dir='ltr'><strong>autem</strong></span> 
     </span>
    </p>
   </div>
   <div class='ocr_carea' id='block_1_28' title="bbox 1968 1796 3571 1872">
    <p class='ocr_par' dir='ltr' id='par_1_28' title="bbox 1968 1796 3571 1872">
     <span class='ocr_line' id='line_1_28' title="bbox 1968 1796 3571 1872; baseline 0.002 -21"><span class='ocrx_word' id='word_1_176' title='bbox 1968 1796 2252 1854; x_wconf 89' lang='lat' dir='ltr'><strong>institutus</strong></span> <span class='ocrx_word' id='word_1_177' title='bbox 2287 1799 2625 1871; x_wconf 80' lang='lat' dir='ltr'><strong>apostolicis,</strong></span> <span class='ocrx_word' id='word_1_178' title='bbox 2659 1802 2915 1872; x_wconf 90' lang='lat' dir='ltr'><strong>episcopo</strong></span> <span class='ocrx_word' id='word_1_179' title='bbox 2946 1815 3078 1858; x_wconf 86' lang='lat' dir='ltr'><strong>vero</strong></span> <span class='ocrx_word' id='word_1_180' title='bbox 3107 1802 3268 1872; x_wconf 86' lang='lat' dir='ltr'><strong>digna</strong></span> <span class='ocrx_word' id='word_1_181' title='bbox 3301 1800 3469 1857; x_wconf 90' lang='lat' dir='ltr'><strong>sentit</strong></span> <span class='ocrx_word' id='word_1_182' title='bbox 3514 1808 3571 1855; x_wconf 88' lang='lat' dir='ltr'><strong>et</strong></span> 
     </span>
    </p>
   </div>
   <div class='ocr_carea' id='block_1_29' title="bbox 259 1874 1914 1961">
    <p class='ocr_par' dir='ltr' id='par_1_29' title="bbox 259 1874 1914 1952">
     <span class='ocr_line' id='line_1_29' title="bbox 259 1874 1914 1952; baseline 0 -19"><span class='ocrx_word' id='word_1_183' title='bbox 259 1897 451 1952; x_wconf 82' lang='grc' dir='ltr'>μασιν,</span> <span class='ocrx_word' id='word_1_184' title='bbox 491 1878 804 1949; x_wconf 76' lang='grc' dir='ltr'>ἐπισκοπῆς</span> <span class='ocrx_word' id='word_1_185' title='bbox 845 1877 901 1931; x_wconf 78' lang='grc' dir='ltr'>δὲ</span> <span class='ocrx_word' id='word_1_186' title='bbox 926 1874 1053 1942; x_wconf 74' lang='grc' dir='ltr'>ἄξια</span> <span class='ocrx_word' id='word_1_187' title='bbox 1087 1877 1183 1930; x_wconf 72' lang='grc' dir='ltr'>καὶ</span> <span class='ocrx_word' id='word_1_188' title='bbox 1208 1878 1486 1950; x_wconf 84' lang='grc' dir='ltr'>φρονήσας</span> <span class='ocrx_word' id='word_1_189' title='bbox 1503 1878 1598 1932; x_wconf 74' lang='grc' dir='ltr'><strong>καὶ</strong></span> <span class='ocrx_word' id='word_1_190' title='bbox 1617 1879 1853 1950; x_wconf 81' lang='grc' dir='ltr'>πράξας,</span> <span class='ocrx_word' id='word_1_191' title='bbox 1886 1887 1914 1949; x_wconf 79' lang='grc' dir='ltr'>Ῑ</span> 
     </span>
    </p>
   </div>
   <div class='ocr_carea' id='block_1_30' title="bbox 1975 1874 3567 1961">
    <p class='ocr_par' dir='ltr' id='par_1_30' title="bbox 1975 1889 3567 1961">
     <span class='ocr_line' id='line_1_30' title="bbox 1975 1889 3567 1961; baseline 0.003 -19"><span class='ocrx_word' id='word_1_192' title='bbox 1975 1889 2300 1959; x_wconf 75' lang='lat' dir='ltr'><strong>exsequitur.</strong></span> <span class='ocrx_word' id='word_1_193' title='bbox 2346 1890 2711 1961; x_wconf 84' lang='lat' dir='ltr'><strong>Temporibus</strong></span> <span class='ocrx_word' id='word_1_194' title='bbox 2750 1907 2882 1948; x_wconf 75' lang='lat' dir='ltr'><strong>vero</strong></span> <span class='ocrx_word' id='word_1_195' title='bbox 2925 1892 3335 1948; x_wconf 90' lang='lat' dir='ltr'><strong>accommodam</strong></span> <span class='ocrx_word' id='word_1_196' title='bbox 3365 1892 3567 1947; x_wconf 88' lang='lat' dir='ltr'><strong>famam</strong></span> 
     </span>
    </p>
   </div>
   <div class='ocr_carea' id='block_1_31' title="bbox 261 1969 1861 2043">
    <p class='ocr_par' dir='ltr' id='par_1_31' title="bbox 261 1969 1861 2043">
     <span class='ocr_line' id='line_1_31' title="bbox 261 1969 1861 2043; baseline 0 -18"><span class='ocrx_word' id='word_1_197' title='bbox 261 1970 591 2043; x_wconf 78' lang='grc' dir='ltr'>συνηὸῶσαν</span> <span class='ocrx_word' id='word_1_198' title='bbox 625 1970 736 2040; x_wconf 71' lang='grc'><strong>(47)</strong></span> <span class='ocrx_word' id='word_1_199' title='bbox 767 1969 845 2041; x_wconf 82' lang='grc' dir='ltr'>τῷ</span> <span class='ocrx_word' id='word_1_200' title='bbox 899 1969 1080 2041; x_wconf 83' lang='grc' dir='ltr'>χρόνῳ</span> <span class='ocrx_word' id='word_1_201' title='bbox 1126 1969 1224 2042; x_wconf 82' lang='grc' dir='ltr'>τὴν</span> <span class='ocrx_word' id='word_1_202' title='bbox 1257 1970 1417 2036; x_wconf 83' lang='grc' dir='ltr'>δόξαν</span> <span class='ocrx_word' id='word_1_203' title='bbox 1446 1973 1540 2026; x_wconf 77' lang='grc' dir='ltr'>καὶ</span> <span class='ocrx_word' id='word_1_204' title='bbox 1568 1971 1666 2043; x_wconf 86' lang='grc' dir='ltr'>τὴν</span> <span class='ocrx_word' id='word_1_205' title='bbox 1694 1971 1861 2043; x_wconf 82' lang='grc' dir='ltr'>τιμὴν</span> 
     </span>
    </p>
   </div>
   <div class='ocr_carea' id='block_1_32' title="bbox 257 2053 1862 2137">
    <p class='ocr_par' dir='ltr' id='par_1_32' title="bbox 257 2053 1862 2137">
     <span class='ocr_line' id='line_1_32' title="bbox 257 2053 1862 2137; baseline 0 -19"><span class='ocrx_word' id='word_1_206' title='bbox 257 2064 545 2136; x_wconf 85' lang='grc' dir='ltr'>κέκτηται.</span> <span class='ocrx_word' id='word_1_207' title='bbox 591 2063 650 2118; x_wconf 87' lang='lat'><strong>&#39;0</strong></span> <span class='ocrx_word' id='word_1_208' title='bbox 678 2063 790 2135; x_wconf 80' lang='grc' dir='ltr'><strong>γὰρ</strong></span> <span class='ocrx_word' id='word_1_209' title='bbox 819 2066 932 2128; x_wconf 87' lang='grc' dir='ltr'>τοῖς</span> <span class='ocrx_word' id='word_1_210' title='bbox 959 2063 1142 2129; x_wconf 77' lang='grc' dir='ltr'>ἄλλοις</span> <span class='ocrx_word' id='word_1_211' title='bbox 1156 2067 1270 2130; x_wconf 74' lang='grc' dir='ltr'>τοῖς</span> <span class='ocrx_word' id='word_1_212' title='bbox 1301 2064 1400 2136; x_wconf 84' lang='grc' dir='ltr'><strong>τὴν</strong></span> <span class='ocrx_word' id='word_1_213' title='bbox 1434 2053 1639 2137; x_wconf 82' lang='grc' dir='ltr'>ἀρετὴν</span> <span class='ocrx_word' id='word_1_214' title='bbox 1661 2064 1862 2119; x_wconf 85' lang='grc' dir='ltr'>ἀσκοῦ-</span> 
     </span>
    </p>
   </div>
   <div class='ocr_carea' id='block_1_33' title="bbox 260 2155 1862 2231">
    <p class='ocr_par' dir='ltr' id='par_1_33' title="bbox 260 2155 1862 2231">
     <span class='ocr_line' id='line_1_33' title="bbox 260 2155 1862 2231; baseline 0.001 -20"><span class='ocrx_word' id='word_1_215' title='bbox 260 2174 347 2214; x_wconf 92' lang='grc' dir='ltr'><strong>σιν</strong></span> <span class='ocrx_word' id='word_1_216' title='bbox 410 2155 818 2228; x_wconf 68' lang='grc' dir='ltr'>ἀντοφθαλμεῖν</span> <span class='ocrx_word' id='word_1_217' title='bbox 883 2157 1278 2231; x_wconf 87' lang='grc' dir='ltr'>μεμελετηκὼς</span> <span class='ocrx_word' id='word_1_218' title='bbox 1324 2157 1540 2228; x_wconf 84' lang='grc' dir='ltr'>φθόνος,</span> <span class='ocrx_word' id='word_1_219' title='bbox 1573 2157 1862 2230; x_wconf 83' lang='grc' dir='ltr'>τούτῳδιά</span> 
     </span>
    </p>
   </div>
   <div class='ocr_carea' id='block_1_34' title="bbox 262 2247 1864 2324">
    <p class='ocr_par' dir='ltr' id='par_1_34' title="bbox 262 2247 1864 2324">
     <span class='ocr_line' id='line_1_34' title="bbox 262 2247 1864 2324; baseline 0.001 -22"><span class='ocrx_word' id='word_1_220' title='bbox 262 2249 327 2304; x_wconf 85' lang='grc' dir='ltr'>τὸ</span> <span class='ocrx_word' id='word_1_221' title='bbox 369 2248 606 2320; x_wconf 81' lang='grc' dir='ltr'>μέγεθος</span> <span class='ocrx_word' id='word_1_222' title='bbox 626 2249 729 2319; x_wconf 79' lang='grc' dir='ltr'>τῆς</span> <span class='ocrx_word' id='word_1_223' title='bbox 777 2247 1087 2320; x_wconf 83' lang='grc' dir='ltr'>πραότητος</span> <span class='ocrx_word' id='word_1_224' title='bbox 1124 2249 1352 2322; x_wconf 75' lang='grc' dir='ltr'>καὶτῆς</span> <span class='ocrx_word' id='word_1_225' title='bbox 1387 2250 1864 2324; x_wconf 80' lang='grc' dir='ltr'>μετριοφροσύνης</span> 
     </span>
    </p>
   </div>
   <div class='ocr_carea' id='block_1_35' title="bbox 258 2339 1864 2412">
    <p class='ocr_par' dir='ltr' id='par_1_35' title="bbox 258 2339 1864 2412">
     <span class='ocr_line' id='line_1_35' title="bbox 258 2339 1864 2412; baseline 0.001 -18"><span class='ocrx_word' id='word_1_226' title='bbox 258 2341 371 2394; x_wconf 77' lang='grc' dir='ltr'>οὐδ’</span> <span class='ocrx_word' id='word_1_227' title='bbox 432 2339 754 2411; x_wconf 80' lang='grc' dir='ltr'>ἀντιϐλέψαι</span> <span class='ocrx_word' id='word_1_228' title='bbox 803 2341 1130 2412; x_wconf 78' lang='grc' dir='ltr'>ἐτόλμησεν.</span> <span class='ocrx_word' id='word_1_229' title='bbox 1191 2341 1258 2395; x_wconf 86' lang='grc' dir='ltr'><em>Ἦ</em></span> <span class='ocrx_word' id='word_1_230' title='bbox 1307 2341 1416 2412; x_wconf 80' lang='grc' dir='ltr'>γὰρ</span> <span class='ocrx_word' id='word_1_231' title='bbox 1473 2342 1613 2412; x_wconf 85' lang='grc' dir='ltr'>πρὸς</span> <span class='ocrx_word' id='word_1_232' title='bbox 1662 2341 1732 2396; x_wconf 77' lang='grc' dir='ltr'><strong>τὰ</strong></span> <span class='ocrx_word' id='word_1_233' title='bbox 1777 2343 1864 2396; x_wconf 80' lang='grc' dir='ltr'><strong>ὲν-</strong></span> 
     </span>
    </p>
   </div>
   <div class='ocr_carea' id='block_1_36' title="bbox 258 2431 1866 2508">
    <p class='ocr_par' dir='ltr' id='par_1_36' title="bbox 258 2431 1866 2508">
     <span class='ocr_line' id='line_1_36' title="bbox 258 2431 1866 2508; baseline 0.002 -22"><span class='ocrx_word' id='word_1_234' title='bbox 258 2431 524 2497; x_wconf 82' lang='grc' dir='ltr'>δοξὸτατα</span> <span class='ocrx_word' id='word_1_235' title='bbox 580 2431 690 2488; x_wconf 82' lang='grc' dir='ltr'><strong>τῶν</strong></span> <span class='ocrx_word' id='word_1_236' title='bbox 752 2432 933 2503; x_wconf 74' lang='grc' dir='ltr'>ἔργων</span> <span class='ocrx_word' id='word_1_237' title='bbox 984 2434 1287 2508; x_wconf 83' lang='grc' dir='ltr'>σύντροφος</span> <span class='ocrx_word' id='word_1_238' title='bbox 1337 2434 1614 2506; x_wconf 84' lang='grc' dir='ltr'>ἀγρυπνία</span> <span class='ocrx_word' id='word_1_239' title='bbox 1655 2452 1866 2508; x_wconf 87' lang='grc' dir='ltr'>κοσμη-</span> 
     </span>
    </p>
   </div>
   <div class='ocr_carea' id='block_1_37' title="bbox 259 2525 1864 2600">
    <p class='ocr_par' dir='ltr' id='par_1_37' title="bbox 259 2525 1864 2600">
     <span class='ocr_line' id='line_1_37' title="bbox 259 2525 1864 2600; baseline 0.004 -22"><span class='ocrx_word' id='word_1_240' title='bbox 259 2525 420 2581; x_wconf 81' lang='grc' dir='ltr'>θεῖσα</span> <span class='ocrx_word' id='word_1_241' title='bbox 471 2528 542 2598; x_wconf 77' lang='grc' dir='ltr'><strong>τῇ</strong></span> <span class='ocrx_word' id='word_1_242' title='bbox 594 2526 1092 2600; x_wconf 74' lang='grc' dir='ltr'>ταπεινοφροσύνῃ,</span> <span class='ocrx_word' id='word_1_243' title='bbox 1155 2527 1250 2582; x_wconf 77' lang='grc' dir='ltr'><strong>καὶ</strong></span> <span class='ocrx_word' id='word_1_244' title='bbox 1293 2526 1385 2582; x_wconf 86' lang='grc' dir='ltr'><strong>τδν</strong></span> <span class='ocrx_word' id='word_1_245' title='bbox 1413 2527 1519 2582; x_wconf 85' lang='grc' dir='ltr'><strong>τῶν</strong></span> <span class='ocrx_word' id='word_1_246' title='bbox 1551 2527 1864 2584; x_wconf 84' lang='grc' dir='ltr'>καλλίστων</span> 
     </span>
    </p>
   </div>
   <div class='ocr_carea' id='block_1_38' title="bbox 259 2618 1864 2692">
    <p class='ocr_par' dir='ltr' id='par_1_38' title="bbox 259 2618 1864 2692">
     <span class='ocr_line' id='line_1_38' title="bbox 259 2618 1864 2692; baseline 0 -18"><span class='ocrx_word' id='word_1_247' title='bbox 259 2620 520 2692; x_wconf 85' lang='grc' dir='ltr'>λυμεῶνα</span> <span class='ocrx_word' id='word_1_248' title='bbox 549 2619 746 2689; x_wconf 80' lang='grc' dir='ltr'>φθόνον</span> <span class='ocrx_word' id='word_1_249' title='bbox 805 2618 1274 2675; x_wconf 85' lang='grc' dir='ltr'>κατεδουλώσατο.</span> <span class='ocrx_word' id='word_1_250' title='bbox 1309 2619 1373 2674; x_wconf 84' lang='lat' dir='ltr'><strong>Ei</strong></span> <span class='ocrx_word' id='word_1_251' title='bbox 1420 2619 1602 2676; x_wconf 84' lang='grc' dir='ltr'>τοίνυν</span> <span class='ocrx_word' id='word_1_252' title='bbox 1636 2622 1730 2676; x_wconf 70' lang='grc' dir='ltr'>καὶ</span> <span class='ocrx_word' id='word_1_253' title='bbox 1763 2622 1864 2674; x_wconf 83' lang='grc' dir='ltr'><strong>αὑ-</strong></span> 
     </span>
    </p>
   </div>
   <div class='ocr_carea' id='block_1_39' title="bbox 259 2711 1866 2787">
    <p class='ocr_par' dir='ltr' id='par_1_39' title="bbox 259 2711 1866 2787">
     <span class='ocr_line' id='line_1_39' title="bbox 259 2711 1866 2787; baseline 0.001 -22"><span class='ocrx_word' id='word_1_254' title='bbox 259 2711 352 2776; x_wconf 71' lang='grc' dir='ltr'>τὸς</span> <span class='ocrx_word' id='word_1_255' title='bbox 380 2713 507 2766; x_wconf 83' lang='grc' dir='ltr'>κατ’</span> <span class='ocrx_word' id='word_1_256' title='bbox 542 2711 690 2781; x_wconf 81' lang='grc' dir='ltr'>ἴχνος</span> <span class='ocrx_word' id='word_1_257' title='bbox 717 2711 930 2765; x_wconf 76' lang='grc' dir='ltr'>ἐκείνου</span> <span class='ocrx_word' id='word_1_258' title='bbox 959 2711 1179 2782; x_wconf 75' lang='grc' dir='ltr'>βαδίσαι</span> <span class='ocrx_word' id='word_1_259' title='bbox 1235 2713 1571 2785; x_wconf 76' lang='grc' dir='ltr'>προῄρησαι,</span> <span class='ocrx_word' id='word_1_260' title='bbox 1610 2713 1866 2787; x_wconf 83' lang='grc' dir='ltr'>καθάπερ</span> 
     </span>
    </p>
   </div>
   <div class='ocr_carea' id='block_1_40' title="bbox 261 2803 1865 2880">
    <p class='ocr_par' dir='ltr' id='par_1_40' title="bbox 261 2803 1865 2880">
     <span class='ocr_line' id='line_1_40' title="bbox 261 2803 1865 2880; baseline 0.002 -24"><span class='ocrx_word' id='word_1_261' title='bbox 261 2805 344 2868; x_wconf 80' lang='grc' dir='ltr'><strong>εις</strong></span> <span class='ocrx_word' id='word_1_262' title='bbox 408 2803 720 2876; x_wconf 81' lang='grc' dir='ltr'>ἀρχέτυπδν</span> <span class='ocrx_word' id='word_1_263' title='bbox 775 2819 901 2858; x_wconf 90' lang='grc' dir='ltr'>τινα</span> <span class='ocrx_word' id='word_1_264' title='bbox 966 2806 1156 2862; x_wconf 79' lang='grc' dir='ltr'>εἰκόνα</span> <span class='ocrx_word' id='word_1_265' title='bbox 1207 2806 1375 2878; x_wconf 78' lang='grc' dir='ltr'>ὀρῶν,</span> <span class='ocrx_word' id='word_1_266' title='bbox 1431 2805 1703 2880; x_wconf 71' lang='grc' dir='ltr'>σφράγιζε</span> <span class='ocrx_word' id='word_1_267' title='bbox 1764 2805 1865 2878; x_wconf 80' lang='grc' dir='ltr'><strong>τὴν</strong></span> 
     </span>
    </p>
   </div>
   <div class='ocr_carea' id='block_1_41' title="bbox 271 2897 1868 2972">
    <p class='ocr_par' dir='ltr' id='par_1_41' title="bbox 271 2897 1868 2972">
     <span class='ocr_line' id='line_1_41' title="bbox 271 2897 1868 2972; baseline -0.001 -18"><span class='ocrx_word' id='word_1_268' title='bbox 271 2897 480 2970; x_wconf 81' lang='grc' dir='ltr'>ἀρετὴν</span> <span class='ocrx_word' id='word_1_269' title='bbox 509 2898 575 2968; x_wconf 79' lang='grc' dir='ltr'>τῇ</span> <span class='ocrx_word' id='word_1_270' title='bbox 603 2897 1067 2971; x_wconf 68' lang='grc' dir='ltr'>μετριοφροσύνῃ.</span> <span class='ocrx_word' id='word_1_271' title='bbox 1094 2897 1284 2970; x_wconf 81' lang='grc' dir='ltr'>Καλὴν</span> <span class='ocrx_word' id='word_1_272' title='bbox 1308 2899 1419 2972; x_wconf 78' lang='grc' dir='ltr'>γὰρ</span> <span class='ocrx_word' id='word_1_273' title='bbox 1448 2899 1750 2970; x_wconf 72' lang='grc' dir='ltr'>ἀσφάλειαν</span> <span class='ocrx_word' id='word_1_274' title='bbox 1775 2899 1868 2954; x_wconf 83' lang='grc' dir='ltr'>καὶ</span> 
     </span>
    </p>
   </div>
   <div class='ocr_carea' id='block_1_42' title="bbox 268 2989 1868 3064">
    <p class='ocr_par' dir='ltr' id='par_1_42' title="bbox 268 2989 1868 3064">
     <span class='ocr_line' id='line_1_42' title="bbox 268 2989 1868 3064; baseline 0.002 -20"><span class='ocrx_word' id='word_1_275' title='bbox 268 2991 535 3063; x_wconf 84' lang='grc' dir='ltr'>μέγιστον</span> <span class='ocrx_word' id='word_1_276' title='bbox 583 2990 901 3062; x_wconf 88' lang='grc' dir='ltr'>σήμαντρον</span> <span class='ocrx_word' id='word_1_277' title='bbox 929 2989 1008 3062; x_wconf 83' lang='grc' dir='ltr'>τῷ</span> <span class='ocrx_word' id='word_1_278' title='bbox 1034 2989 1247 3063; x_wconf 82' lang='grc' dir='ltr'>ταμείῳ</span> <span class='ocrx_word' id='word_1_279' title='bbox 1285 2992 1394 3046; x_wconf 82' lang='grc' dir='ltr'>τῶν</span> <span class='ocrx_word' id='word_1_280' title='bbox 1424 2991 1868 3064; x_wconf 80' lang='grc' dir='ltr'>κατορθωμάτων</span> 
     </span>
    </p>
   </div>
   <div class='ocr_carea' id='block_1_43' title="bbox 261 3081 578 3156">
    <p class='ocr_par' dir='ltr' id='par_1_43' title="bbox 261 3081 578 3156">
     <span class='ocr_line' id='line_1_43' title="bbox 261 3081 578 3156; baseline 0.009 -20"><span class='ocrx_word' id='word_1_281' title='bbox 261 3081 429 3156; x_wconf 68' lang='grc' dir='ltr'>ἔπιθή</span> <span class='ocrx_word' id='word_1_282' title='bbox 439 3099 498 3137; x_wconf 90' lang='grc' dir='ltr'><strong>σε</strong></span> <span class='ocrx_word' id='word_1_283' title='bbox 509 3101 578 3148; x_wconf 78' lang='grc' dir='ltr'><strong>ις.</strong></span> 
     </span>
    </p>
   </div>
   <div class='ocr_carea' id='block_1_44' title="bbox 589 3193 1557 3267">
    <p class='ocr_par' dir='ltr' id='par_1_44' title="bbox 589 3193 1557 3267">
     <span class='ocr_line' id='line_1_44' title="bbox 589 3193 1557 3267; baseline 0.002 -19"><span class='ocrx_word' id='word_1_284' title='bbox 589 3193 756 3250; x_wconf 84' lang='grc' dir='ltr'>ΥΞΖ’.</span> <span class='ocrx_word' id='word_1_285' title='bbox 786 3225 855 3235; x_wconf 88' lang='grc'><strong>-</strong></span> <span class='ocrx_word' id='word_1_286' title='bbox 882 3195 1050 3252; x_wconf 76' lang='grc' dir='ltr'><strong>ΗΛΙΑ</strong></span> <span class='ocrx_word' id='word_1_287' title='bbox 1077 3193 1557 3267; x_wconf 82' lang='grc' dir='ltr'><strong>ΠΡΕΣΒΥΤΕΡῼ.</strong></span> 
     </span>
    </p>
   </div>
   <div class='ocr_carea' id='block_1_45' title="bbox 1967 1979 3569 2058">
    <p class='ocr_par' dir='ltr' id='par_1_45' title="bbox 1967 1979 3569 2058">
     <span class='ocr_line' id='line_1_45' title="bbox 1967 1979 3569 2058; baseline 0.002 -23"><span class='ocrx_word' id='word_1_288' title='bbox 1967 1989 2022 2035; x_wconf 92' lang='lat' dir='ltr'><strong>et</strong></span> <span class='ocrx_word' id='word_1_289' title='bbox 2051 1979 2277 2050; x_wconf 79' lang='lat' dir='ltr'><strong>gloriam</strong></span> <span class='ocrx_word' id='word_1_290' title='bbox 2307 1989 2393 2037; x_wconf 90' lang='lat' dir='ltr'><strong>est</strong></span> <span class='ocrx_word' id='word_1_291' title='bbox 2417 1991 2765 2039; x_wconf 83' lang='lat' dir='ltr'><strong>consecutus.</strong></span> <span class='ocrx_word' id='word_1_292' title='bbox 2805 1982 3036 2052; x_wconf 85' lang='lat' dir='ltr'><strong>Invidia,</strong></span> <span class='ocrx_word' id='word_1_293' title='bbox 3061 1999 3185 2058; x_wconf 75' lang='lat' dir='ltr'><strong>qua:</strong></span> <span class='ocrx_word' id='word_1_294' title='bbox 3212 1985 3347 2039; x_wconf 88' lang='lat' dir='ltr'><strong>alios</strong></span> <span class='ocrx_word' id='word_1_295' title='bbox 3365 1984 3569 2040; x_wconf 89' lang='lat' dir='ltr'><strong>virtute</strong></span> 
     </span>
    </p>
   </div>
   <div class='ocr_carea' id='block_1_46' title="bbox 1966 2073 3566 2150">
    <p class='ocr_par' dir='ltr' id='par_1_46' title="bbox 1966 2073 3566 2150">
     <span class='ocr_line' id='line_1_46' title="bbox 1966 2073 3566 2150; baseline 0.001 -22"><span class='ocrx_word' id='word_1_296' title='bbox 1966 2073 2228 2144; x_wconf 64' lang='lat' dir='ltr'><strong>praeditos</strong></span> <span class='ocrx_word' id='word_1_297' title='bbox 2260 2075 2436 2144; x_wconf 81' lang='lat' dir='ltr'><strong>palam</strong></span> <span class='ocrx_word' id='word_1_298' title='bbox 2470 2074 2610 2131; x_wconf 89' lang='lat' dir='ltr'><strong>solet</strong></span> <span class='ocrx_word' id='word_1_299' title='bbox 2639 2091 2978 2150; x_wconf 79' lang='lat' dir='ltr'><strong>oppugnare,</strong></span> <span class='ocrx_word' id='word_1_300' title='bbox 3013 2077 3158 2134; x_wconf 90' lang='lat' dir='ltr'><strong>hunc</strong></span> <span class='ocrx_word' id='word_1_301' title='bbox 3191 2080 3259 2133; x_wconf 87' lang='lat' dir='ltr'><strong>oh</strong></span> <span class='ocrx_word' id='word_1_302' title='bbox 3287 2079 3566 2148; x_wconf 77' lang='lat' dir='ltr'><strong>ingentem</strong></span> 
     </span>
    </p>
   </div>
   <div class='ocr_carea' id='block_1_47' title="bbox 1967 2167 3564 2240">
    <p class='ocr_par' dir='ltr' id='par_1_47' title="bbox 1967 2167 3564 2240">
     <span class='ocr_line' id='line_1_47' title="bbox 1967 2167 3564 2240; baseline 0.003 -23"><span class='ocrx_word' id='word_1_303' title='bbox 1967 2179 2180 2219; x_wconf 88' lang='lat' dir='ltr'><strong>morum</strong></span> <span class='ocrx_word' id='word_1_304' title='bbox 2216 2167 2716 2236; x_wconf 86' lang='lat' dir='ltr'><strong>mansuetudinem,</strong></span> <span class='ocrx_word' id='word_1_305' title='bbox 2744 2169 3186 2240; x_wconf 75' lang='lat' dir='ltr'><strong>singularemque</strong></span> <span class='ocrx_word' id='word_1_306' title='bbox 3214 2170 3564 2236; x_wconf 85' lang='lat' dir='ltr'><strong>modestiam,</strong></span> 
     </span>
    </p>
   </div>
   <div class='ocr_carea' id='block_1_48' title="bbox 1966 2255 3568 2334">
    <p class='ocr_par' dir='ltr' id='par_1_48' title="bbox 1966 2255 3568 2334">
     <span class='ocr_line' id='line_1_48' title="bbox 1966 2255 3568 2334; baseline 0.005 -22"><span class='ocrx_word' id='word_1_307' title='bbox 1966 2271 2036 2313; x_wconf 87' lang='lat' dir='ltr'><strong>ne</strong></span> <span class='ocrx_word' id='word_1_308' title='bbox 2067 2255 2314 2328; x_wconf 78' lang='lat' dir='ltr'><strong>aspicere</strong></span> <span class='ocrx_word' id='word_1_309' title='bbox 2335 2259 2553 2329; x_wconf 87' lang='lat' dir='ltr'><strong>quidem</strong></span> <span class='ocrx_word' id='word_1_310' title='bbox 2595 2261 2851 2318; x_wconf 87' lang='lat' dir='ltr'><strong>sustinet.</strong></span> <span class='ocrx_word' id='word_1_311' title='bbox 2881 2263 3148 2334; x_wconf 79' lang='lat' dir='ltr'><strong>Vigilandi</strong></span> <span class='ocrx_word' id='word_1_312' title='bbox 3181 2264 3327 2320; x_wconf 91' lang='lat' dir='ltr'><strong>enim</strong></span> <span class='ocrx_word' id='word_1_313' title='bbox 3375 2263 3568 2320; x_wconf 89' lang='lat' dir='ltr'><strong>claris-</strong></span> 
     </span>
    </p>
   </div>
   <div class='ocr_carea' id='block_1_49' title="bbox 1967 2348 3561 2422">
    <p class='ocr_par' dir='ltr' id='par_1_49' title="bbox 1967 2348 3561 2422">
     <span class='ocr_line' id='line_1_49' title="bbox 1967 2348 3561 2422; baseline 0.003 -17"><span class='ocrx_word' id='word_1_314' title='bbox 1967 2348 2124 2405; x_wconf 88' lang='lat' dir='ltr'><strong>simis</strong></span> <span class='ocrx_word' id='word_1_315' title='bbox 2177 2349 2343 2406; x_wconf 89' lang='lat' dir='ltr'><strong>rebus</strong></span> <span class='ocrx_word' id='word_1_316' title='bbox 2395 2351 2565 2421; x_wconf 78' lang='lat' dir='ltr'><strong>gestis</strong></span> <span class='ocrx_word' id='word_1_317' title='bbox 2618 2361 2878 2422; x_wconf 85' lang='lat' dir='ltr'><strong>agnatum</strong></span> <span class='ocrx_word' id='word_1_318' title='bbox 2943 2355 3186 2411; x_wconf 89' lang='lat' dir='ltr'><strong>studium</strong></span> <span class='ocrx_word' id='word_1_319' title='bbox 3248 2354 3561 2410; x_wconf 82' lang='lat' dir='ltr'><strong>humilitate</strong></span> 
     </span>
    </p>
   </div>
   <div class='ocr_carea' id='block_1_50' title="bbox 1968 2428 3558 2516">
    <p class='ocr_par' dir='ltr' id='par_1_50' title="bbox 1968 2428 3558 2516">
     <span class='ocr_line' id='line_1_50' title="bbox 1968 2428 3558 2516; baseline 0.004 -20"><span class='ocrx_word' id='word_1_320' title='bbox 1968 2428 2314 2507; x_wconf 84' lang='lat' dir='ltr'><strong>exornatum,</strong></span> <span class='ocrx_word' id='word_1_321' title='bbox 2345 2442 2550 2516; x_wconf 90' lang='lat' dir='ltr'><strong>optima</strong></span> <span class='ocrx_word' id='word_1_322' title='bbox 2581 2459 2810 2516; x_wconf 65' lang='lat' dir='ltr'><strong>quaeque</strong></span> <span class='ocrx_word' id='word_1_323' title='bbox 2834 2455 3274 2516; x_wconf 87' lang='lat' dir='ltr'><strong>corrumpentem</strong></span> <span class='ocrx_word' id='word_1_324' title='bbox 3297 2445 3558 2502; x_wconf 81' lang='lat' dir='ltr'><strong>invidiam</strong></span> 
     </span>
    </p>
   </div>
   <div class='ocr_carea' id='block_1_51' title="bbox 1967 2533 3569 2610">
    <p class='ocr_par' dir='ltr' id='par_1_51' title="bbox 1967 2533 3569 2610">
     <span class='ocr_line' id='line_1_51' title="bbox 1967 2533 3569 2610; baseline 0.004 -24"><span class='ocrx_word' id='word_1_325' title='bbox 1967 2533 2197 2603; x_wconf 88' lang='lat' dir='ltr'><strong>pedibus</strong></span> <span class='ocrx_word' id='word_1_326' title='bbox 2223 2535 2336 2594; x_wconf 88' lang='lat' dir='ltr'><strong>suis</strong></span> <span class='ocrx_word' id='word_1_327' title='bbox 2361 2538 2600 2610; x_wconf 79' lang='lat' dir='ltr'><strong>subegit.</strong></span> <span class='ocrx_word' id='word_1_328' title='bbox 2631 2537 2812 2606; x_wconf 86' lang='lat' dir='ltr'><strong>Quare</strong></span> <span class='ocrx_word' id='word_1_329' title='bbox 2837 2540 2880 2593; x_wconf 85' lang='lat' dir='ltr'><strong>si</strong></span> <span class='ocrx_word' id='word_1_330' title='bbox 2902 2538 3288 2608; x_wconf 87' lang='lat' dir='ltr'><strong>eiusincedere</strong></span> <span class='ocrx_word' id='word_1_331' title='bbox 3316 2538 3569 2609; x_wconf 75' lang='lat' dir='ltr'><strong>vestigiis</strong></span> 
     </span>
    </p>
   </div>
   <div class='ocr_carea' id='block_1_52' title="bbox 1969 2624 3564 2704">
    <p class='ocr_par' dir='ltr' id='par_1_52' title="bbox 1969 2624 3564 2704">
     <span class='ocr_line' id='line_1_52' title="bbox 1969 2624 3564 2704; baseline 0.004 -24"><span class='ocrx_word' id='word_1_332' title='bbox 1969 2624 2245 2694; x_wconf 85' lang='lat' dir='ltr'><strong>statuisti,</strong></span> <span class='ocrx_word' id='word_1_333' title='bbox 2279 2629 2427 2686; x_wconf 90' lang='lat' dir='ltr'><strong>velut</strong></span> <span class='ocrx_word' id='word_1_334' title='bbox 2467 2631 2520 2686; x_wconf 92' lang='lat' dir='ltr'><strong>in</strong></span> <span class='ocrx_word' id='word_1_335' title='bbox 2571 2632 2865 2704; x_wconf 86' lang='lat' dir='ltr'><strong>imaginem</strong></span> <span class='ocrx_word' id='word_1_336' title='bbox 2916 2633 2984 2689; x_wconf 84' lang='lat' dir='ltr'><strong>ad</strong></span> <span class='ocrx_word' id='word_1_337' title='bbox 3033 2631 3218 2688; x_wconf 82' lang='lat' dir='ltr'><strong>vivum</strong></span> <span class='ocrx_word' id='word_1_338' title='bbox 3245 2633 3564 2703; x_wconf 78' lang='lat' dir='ltr'><strong>expressam</strong></span> 
     </span>
    </p>
   </div>
   <div class='ocr_carea' id='block_1_53' title="bbox 1973 2716 3568 2797">
    <p class='ocr_par' dir='ltr' id='par_1_53' title="bbox 1973 2716 3568 2797">
     <span class='ocr_line' id='line_1_53' title="bbox 1973 2716 3568 2797; baseline 0.013 -27"><span class='ocrx_word' id='word_1_339' title='bbox 1973 2716 2212 2785; x_wconf 89' lang='lat' dir='ltr'><strong>intuens,</strong></span> <span class='ocrx_word' id='word_1_340' title='bbox 2266 2720 2493 2793; x_wconf 80' lang='lat' dir='ltr'><strong>obsigna</strong></span> <span class='ocrx_word' id='word_1_341' title='bbox 2543 2725 2798 2780; x_wconf 86' lang='lat' dir='ltr'><strong>virtutem</strong></span> <span class='ocrx_word' id='word_1_342' title='bbox 2839 2724 2988 2794; x_wconf 88' lang='lat' dir='ltr'><strong>ejus,</strong></span> <span class='ocrx_word' id='word_1_343' title='bbox 3039 2727 3209 2782; x_wconf 90' lang='lat' dir='ltr'><strong>veluti</strong></span> <span class='ocrx_word' id='word_1_344' title='bbox 3263 2727 3568 2797; x_wconf 73' lang='lat' dir='ltr'><strong>signaculo.</strong></span> 
     </span>
    </p>
   </div>
   <div class='ocr_carea' id='block_1_54' title="bbox 1970 2809 3570 2888">
    <p class='ocr_par' dir='ltr' id='par_1_54' title="bbox 1970 2809 3570 2888">
     <span class='ocr_line' id='line_1_54' title="bbox 1970 2809 3570 2888; baseline 0.005 -25"><span class='ocrx_word' id='word_1_345' title='bbox 1970 2809 2303 2868; x_wconf 88' lang='lat' dir='ltr'><strong>humilitate.</strong></span> <span class='ocrx_word' id='word_1_346' title='bbox 2334 2812 2629 2872; x_wconf 87' lang='lat' dir='ltr'><strong>Pulchrum</strong></span> <span class='ocrx_word' id='word_1_347' title='bbox 2649 2819 2792 2874; x_wconf 91' lang='lat' dir='ltr'><strong>enim</strong></span> <span class='ocrx_word' id='word_1_348' title='bbox 2828 2817 3139 2888; x_wconf 60' lang='lat' dir='ltr'><strong>praesidium</strong></span> <span class='ocrx_word' id='word_1_349' title='bbox 3163 2819 3570 2887; x_wconf 84' lang='lat' dir='ltr'><strong>maximumque</strong></span> 
     </span>
    </p>
   </div>
   <div class='ocr_carea' id='block_1_55' title="bbox 1973 2901 3570 2982">
    <p class='ocr_par' dir='ltr' id='par_1_55' title="bbox 1973 2901 3570 2982">
     <span class='ocr_line' id='line_1_55' title="bbox 1973 2901 3570 2982; baseline 0.006 -27"><span class='ocrx_word' id='word_1_350' title='bbox 1973 2901 2188 2972; x_wconf 90' lang='lat' dir='ltr'><strong>signum</strong></span> <span class='ocrx_word' id='word_1_351' title='bbox 2239 2907 2619 2978; x_wconf 87' lang='lat' dir='ltr'><strong>promptuario</strong></span> <span class='ocrx_word' id='word_1_352' title='bbox 2683 2910 3050 2982; x_wconf 89' lang='lat' dir='ltr'><strong>thesauroque</strong></span> <span class='ocrx_word' id='word_1_353' title='bbox 3101 2919 3250 2968; x_wconf 86' lang='lat' dir='ltr'><strong>recte</strong></span> <span class='ocrx_word' id='word_1_354' title='bbox 3301 2910 3570 2968; x_wconf 87' lang='lat' dir='ltr'><strong>factorum</strong></span> 
     </span>
    </p>
   </div>
   <div class='ocr_carea' id='block_1_56' title="bbox 1974 2995 2275 3064">
    <p class='ocr_par' dir='ltr' id='par_1_56' title="bbox 1974 2995 2275 3064">
     <span class='ocr_line' id='line_1_56' title="bbox 1974 2995 2275 3064; baseline 0.02 -18"><span class='ocrx_word' id='word_1_355' title='bbox 1974 2995 2275 3064; x_wconf 89' lang='lat' dir='ltr'><strong>appendes.</strong></span> 
     </span>
    </p>
   </div>
   <div class='ocr_carea' id='block_1_57' title="bbox 2076 3197 3450 3278">
    <p class='ocr_par' dir='ltr' id='par_1_57' title="bbox 2076 3197 3450 3278">
     <span class='ocr_line' id='line_1_57' title="bbox 2076 3197 3450 3278; baseline 0.002 -21"><span class='ocrx_word' id='word_1_356' title='bbox 2076 3197 2243 3272; x_wconf 73' lang='lat'><strong>697</strong></span> <span class='ocrx_word' id='word_1_357' title='bbox 2275 3199 2580 3258; x_wconf 82' lang='lat' dir='ltr'><strong>anxvu.</strong></span> <span class='ocrx_word' id='word_1_358' title='bbox 2623 3233 2695 3245; x_wconf 91' lang='grc'><strong><em>-</em></strong></span> <span class='ocrx_word' id='word_1_359' title='bbox 2737 3203 2921 3260; x_wconf 65' lang='lat' dir='ltr'><strong>sum</strong></span> <span class='ocrx_word' id='word_1_360' title='bbox 2958 3201 3450 3278; x_wconf 75' lang='lat' dir='ltr'><strong>PRESBYTERO,</strong></span> 
     </span>
    </p>
   </div>
   <div class='ocr_carea' id='block_1_58' title="bbox 1146 3280 2680 3357">
    <p class='ocr_par' dir='ltr' id='par_1_58' title="bbox 1146 3280 2680 3357">
     <span class='ocr_line' id='line_1_58' title="bbox 1146 3280 2680 3357; baseline 0.007 -20"><span class='ocrx_word' id='word_1_361' title='bbox 1146 3280 1271 3338; x_wconf 81' lang='lat' dir='ltr'><strong>Non</strong></span> <span class='ocrx_word' id='word_1_362' title='bbox 1295 3291 1470 3355; x_wconf 85' lang='lat' dir='ltr'><strong>pudor</strong></span> <span class='ocrx_word' id='word_1_363' title='bbox 1493 3294 1572 3340; x_wconf 79' lang='lat' dir='ltr'><strong>est</strong></span> <span class='ocrx_word' id='word_1_364' title='bbox 1605 3283 1685 3339; x_wconf 77' lang='lat' dir='ltr'><strong>nil</strong></span> <span class='ocrx_word' id='word_1_365' title='bbox 1713 3286 1872 3356; x_wconf 77' lang='lat' dir='ltr'><strong>scire,</strong></span> <span class='ocrx_word' id='word_1_366' title='bbox 1899 3288 2070 3357; x_wconf 84' lang='lat' dir='ltr'><strong>pudor</strong></span> <span class='ocrx_word' id='word_1_367' title='bbox 2097 3301 2172 3346; x_wconf 70' lang='lat' dir='ltr'><strong>est</strong></span> <span class='ocrx_word' id='word_1_368' title='bbox 2204 3292 2280 3347; x_wconf 79' lang='lat' dir='ltr'><strong>nil</strong></span> <span class='ocrx_word' id='word_1_369' title='bbox 2309 3293 2510 3348; x_wconf 78' lang='lat' dir='ltr'><strong>discere</strong></span> <span class='ocrx_word' id='word_1_370' title='bbox 2533 3294 2680 3350; x_wconf 80' lang='lat' dir='ltr'><strong>velle.</strong></span> 
     </span>
    </p>
   </div>
   <div class='ocr_carea' id='block_1_59' title="bbox 345 3390 1914 3476">
    <p class='ocr_par' dir='ltr' id='par_1_59' title="bbox 345 3392 1914 3472">
     <span class='ocr_line' id='line_1_59' title="bbox 345 3392 1914 3472; baseline -0.006 -14"><span class='ocrx_word' id='word_1_371' title='bbox 345 3401 408 3458; x_wconf 85' lang='lat'><strong>&#39;0</strong></span> <span class='ocrx_word' id='word_1_372' title='bbox 439 3399 718 3456; x_wconf 80' lang='grc' dir='ltr'>διδάσκειν</span> <span class='ocrx_word' id='word_1_373' title='bbox 755 3399 853 3472; x_wconf 81' lang='grc' dir='ltr'>μὲν</span> <span class='ocrx_word' id='word_1_374' title='bbox 890 3399 968 3472; x_wconf 84' lang='grc' dir='ltr'>μὴ</span> <span class='ocrx_word' id='word_1_375' title='bbox 1007 3398 1330 3470; x_wconf 84' lang='grc' dir='ltr'>δυνάμενος,</span> <span class='ocrx_word' id='word_1_376' title='bbox 1381 3399 1576 3471; x_wconf 79' lang='grc' dir='ltr'>μαθεῖν</span> <span class='ocrx_word' id='word_1_377' title='bbox 1602 3400 1660 3454; x_wconf 85' lang='grc' dir='ltr'>δὲ</span> <span class='ocrx_word' id='word_1_378' title='bbox 1687 3392 1914 3471; x_wconf 70' lang='grc' dir='ltr'>βουλό-1</span> 
     </span>
    </p>
   </div>
   <div class='ocr_carea' id='block_1_60' title="bbox 1975 3390 3566 3476">
    <p class='ocr_par' dir='ltr' id='par_1_60' title="bbox 2048 3399 3566 3476">
     <span class='ocr_line' id='line_1_60' title="bbox 2048 3399 3566 3476; baseline 0.003 -21"><span class='ocrx_word' id='word_1_379' title='bbox 2048 3399 2258 3457; x_wconf 88' lang='lat' dir='ltr'><strong>Docere</strong></span> <span class='ocrx_word' id='word_1_380' title='bbox 2279 3403 2372 3472; x_wconf 90' lang='lat' dir='ltr'><strong>qui</strong></span> <span class='ocrx_word' id='word_1_381' title='bbox 2406 3405 2635 3470; x_wconf 87' lang='lat' dir='ltr'><strong>nesciat,</strong></span> <span class='ocrx_word' id='word_1_382' title='bbox 2660 3405 2876 3461; x_wconf 85' lang='lat' dir='ltr'><strong>discere</strong></span> <span class='ocrx_word' id='word_1_383' title='bbox 2899 3419 3029 3460; x_wconf 90' lang='lat' dir='ltr'><strong>vero</strong></span> <span class='ocrx_word' id='word_1_384' title='bbox 3075 3412 3326 3476; x_wconf 79' lang='lat' dir='ltr'><strong>exoptat,</strong></span> <span class='ocrx_word' id='word_1_385' title='bbox 3362 3405 3566 3476; x_wconf 85' lang='lat' dir='ltr'><strong>dignus</strong></span> 
     </span>
    </p>
   </div>
   <div class='ocr_carea' id='block_1_61' title="bbox 264 3490 1871 3571">
    <p class='ocr_par' dir='ltr' id='par_1_61' title="bbox 264 3490 1871 3571">
     <span class='ocr_line' id='line_1_61' title="bbox 264 3490 1871 3571; baseline -0.003 -20"><span class='ocrx_word' id='word_1_386' title='bbox 264 3514 432 3571; x_wconf 82' lang='grc' dir='ltr'>μενος</span> <span class='ocrx_word' id='word_1_387' title='bbox 462 3495 735 3568; x_wconf 79' lang='grc' dir='ltr'>ἀποδοχῆς</span> <span class='ocrx_word' id='word_1_388' title='bbox 763 3495 910 3548; x_wconf 73' lang='grc' dir='ltr'>ἐστιν</span> <span class='ocrx_word' id='word_1_389' title='bbox 931 3491 1100 3558; x_wconf 78' lang='grc' dir='ltr'>ἄξιος.</span> <span class='ocrx_word' id='word_1_390' title='bbox 1129 3491 1190 3545; x_wconf 90' lang='lat'><strong>&#39;0</strong></span> <span class='ocrx_word' id='word_1_391' title='bbox 1215 3491 1272 3546; x_wconf 79' lang='grc' dir='ltr'>δὲ</span> <span class='ocrx_word' id='word_1_392' title='bbox 1303 3491 1441 3563; x_wconf 82' lang='grc' dir='ltr'>πρὸς</span> <span class='ocrx_word' id='word_1_393' title='bbox 1468 3490 1548 3563; x_wconf 81' lang='grc' dir='ltr'>τῷ</span> <span class='ocrx_word' id='word_1_394' title='bbox 1573 3491 1648 3564; x_wconf 85' lang='grc' dir='ltr'>μὴ</span> <span class='ocrx_word' id='word_1_395' title='bbox 1672 3491 1871 3548; x_wconf 75' lang='grc' dir='ltr'>εἰδέναι</span> 
     </span>
    </p>
   </div>
   <div class='ocr_carea' id='block_1_62' title="bbox 261 3583 1865 3658">
    <p class='ocr_par' dir='ltr' id='par_1_62' title="bbox 261 3583 1865 3658">
     <span class='ocr_line' id='line_1_62' title="bbox 261 3583 1865 3658; baseline -0.004 -13"><span class='ocrx_word' id='word_1_396' title='bbox 261 3589 364 3645; x_wconf 74' lang='grc' dir='ltr'>καὶ</span> <span class='ocrx_word' id='word_1_397' title='bbox 391 3587 668 3644; x_wconf 75' lang='grc' dir='ltr'>διδάσκειν</span> <span class='ocrx_word' id='word_1_398' title='bbox 702 3585 1202 3657; x_wconf 75' lang='grc' dir='ltr'>ἐπαγγελλόμενος,</span> <span class='ocrx_word' id='word_1_399' title='bbox 1237 3583 1478 3658; x_wconf 73' lang='grc' dir='ltr'>ἐσχάτην</span> <span class='ocrx_word' id='word_1_400' title='bbox 1501 3584 1865 3640; x_wconf 87' lang='grc' dir='ltr'>ἀπαιδευσίαν</span> 
     </span>
    </p>
   </div>
   <div class='ocr_carea' id='block_1_63' title="bbox 261 3673 1866 3752">
    <p class='ocr_par' dir='ltr' id='par_1_63' title="bbox 261 3673 1866 3752">
     <span class='ocr_line' id='line_1_63' title="bbox 261 3673 1866 3752; baseline -0.003 -16"><span class='ocrx_word' id='word_1_401' title='bbox 261 3680 462 3748; x_wconf 86' lang='grc' dir='ltr'>νοσῶν,</span> <span class='ocrx_word' id='word_1_402' title='bbox 489 3679 613 3734; x_wconf 82' lang='grc' dir='ltr'>οὐδὲ</span> <span class='ocrx_word' id='word_1_403' title='bbox 639 3678 832 3752; x_wconf 78' lang='grc' dir='ltr'>μαθεῖν</span> <span class='ocrx_word' id='word_1_404' title='bbox 854 3677 1166 3749; x_wconf 85' lang='grc' dir='ltr'>δυνήσεται,</span> <span class='ocrx_word' id='word_1_405' title='bbox 1195 3674 1290 3730; x_wconf 83' lang='grc' dir='ltr'>τοῦ</span> <span class='ocrx_word' id='word_1_406' title='bbox 1317 3675 1496 3731; x_wconf 83' lang='grc' dir='ltr'>δοκεῖν</span> <span class='ocrx_word' id='word_1_407' title='bbox 1530 3675 1728 3733; x_wconf 81' lang='grc' dir='ltr'>εἰδέναι</span> <span class='ocrx_word' id='word_1_408' title='bbox 1759 3673 1866 3749; x_wconf 87' lang='grc' dir='ltr'>χώ-</span> 
     </span>
    </p>
   </div>
   <div class='ocr_carea' id='block_1_64' title="bbox 266 3769 858 3845">
    <p class='ocr_par' dir='ltr' id='par_1_64' title="bbox 266 3769 858 3845">
     <span class='ocr_line' id='line_1_64' title="bbox 266 3769 858 3845; baseline -0.005 -19"><span class='ocrx_word' id='word_1_409' title='bbox 266 3787 368 3845; x_wconf 83' lang='grc' dir='ltr'><strong>ραν</strong></span> <span class='ocrx_word' id='word_1_410' title='bbox 395 3771 474 3844; x_wconf 75' lang='grc' dir='ltr'>μὴ</span> <span class='ocrx_word' id='word_1_411' title='bbox 499 3769 858 3845; x_wconf 78' lang='grc' dir='ltr'>παρέχοντος.</span> 
     </span>
    </p>
   </div>
   <div class='ocr_carea' id='block_1_65' title="bbox 585 3880 1551 3954">
    <p class='ocr_par' dir='ltr' id='par_1_65' title="bbox 585 3880 1551 3954">
     <span class='ocr_line' id='line_1_65' title="bbox 585 3880 1551 3954; baseline -0.002 -16"><span class='ocrx_word' id='word_1_412' title='bbox 585 3883 763 3938; x_wconf 83' lang='grc' dir='ltr'>ΥΞΗ’.</span> <span class='ocrx_word' id='word_1_413' title='bbox 783 3911 856 3924; x_wconf 87' lang='lat'><strong>—-</strong></span> <span class='ocrx_word' id='word_1_414' title='bbox 889 3880 1169 3954; x_wconf 80' lang='grc' dir='ltr'><strong>ΣΕΡΗΝῼ</strong></span> <span class='ocrx_word' id='word_1_415' title='bbox 1221 3880 1551 3952; x_wconf 74' lang='grc' dir='ltr'><strong>ΔΙΑΚΟΝῼ.</strong></span> 
     </span>
    </p>
   </div>
   <div class='ocr_carea' id='block_1_66' title="bbox 1981 3492 3576 3568">
    <p class='ocr_par' dir='ltr' id='par_1_66' title="bbox 1981 3492 3576 3568">
     <span class='ocr_line' id='line_1_66' title="bbox 1981 3492 3576 3568; baseline 0.004 -21"><span class='ocrx_word' id='word_1_416' title='bbox 1981 3492 2077 3562; x_wconf 86' lang='lat' dir='ltr'><strong>qui</strong></span> <span class='ocrx_word' id='word_1_417' title='bbox 2108 3493 2426 3564; x_wconf 88' lang='lat' dir='ltr'><strong>recipiatur.</strong></span> <span class='ocrx_word' id='word_1_418' title='bbox 2455 3496 2557 3564; x_wconf 87' lang='lat' dir='ltr'><strong>Qui</strong></span> <span class='ocrx_word' id='word_1_419' title='bbox 2582 3511 2712 3552; x_wconf 89' lang='lat' dir='ltr'><strong>vero</strong></span> <span class='ocrx_word' id='word_1_420' title='bbox 2740 3506 2796 3552; x_wconf 90' lang='lat' dir='ltr'><strong>et</strong></span> <span class='ocrx_word' id='word_1_421' title='bbox 2826 3497 2963 3554; x_wconf 88' lang='lat' dir='ltr'><strong>nihil</strong></span> <span class='ocrx_word' id='word_1_422' title='bbox 2993 3497 3136 3554; x_wconf 89' lang='lat' dir='ltr'><strong>seire</strong></span> <span class='ocrx_word' id='word_1_423' title='bbox 3155 3507 3210 3554; x_wconf 91' lang='lat' dir='ltr'><strong>et</strong></span> <span class='ocrx_word' id='word_1_424' title='bbox 3234 3497 3429 3554; x_wconf 90' lang='lat' dir='ltr'><strong>docere</strong></span> <span class='ocrx_word' id='word_1_425' title='bbox 3449 3511 3576 3568; x_wconf 91' lang='lat' dir='ltr'><strong>pro-</strong></span> 
     </span>
    </p>
   </div>
   <div class='ocr_carea' id='block_1_67' title="bbox 1971 3583 3577 3660">
    <p class='ocr_par' dir='ltr' id='par_1_67' title="bbox 1971 3583 3577 3660">
     <span class='ocr_line' id='line_1_67' title="bbox 1971 3583 3577 3660; baseline 0.002 -20"><span class='ocrx_word' id='word_1_426' title='bbox 1971 3583 2156 3642; x_wconf 80' lang='lat' dir='ltr'><strong>fessus</strong></span> <span class='ocrx_word' id='word_1_427' title='bbox 2182 3596 2270 3643; x_wconf 86' lang='lat' dir='ltr'><strong>est</strong></span> <span class='ocrx_word' id='word_1_428' title='bbox 2315 3601 2531 3644; x_wconf 87' lang='lat' dir='ltr'><strong>summa</strong></span> <span class='ocrx_word' id='word_1_429' title='bbox 2580 3589 2798 3644; x_wconf 88' lang='lat' dir='ltr'><strong>inscitia</strong></span> <span class='ocrx_word' id='word_1_430' title='bbox 2843 3588 3124 3657; x_wconf 89' lang='lat' dir='ltr'><strong>laborans,</strong></span> <span class='ocrx_word' id='word_1_431' title='bbox 3164 3604 3341 3660; x_wconf 88' lang='lat' dir='ltr'><strong>neque</strong></span> <span class='ocrx_word' id='word_1_432' title='bbox 3363 3589 3577 3645; x_wconf 88' lang='lat' dir='ltr'><strong>discere</strong></span> 
     </span>
    </p>
   </div>
   <div class='ocr_carea' id='block_1_68' title="bbox 1973 3677 3578 3751">
    <p class='ocr_par' dir='ltr' id='par_1_68' title="bbox 1973 3677 3578 3751">
     <span class='ocr_line' id='line_1_68' title="bbox 1973 3677 3578 3751; baseline 0.004 -21"><span class='ocrx_word' id='word_1_433' title='bbox 1973 3677 2262 3733; x_wconf 89' lang='lat' dir='ltr'><strong>commode</strong></span> <span class='ocrx_word' id='word_1_434' title='bbox 2293 3679 2520 3748; x_wconf 87' lang='lat' dir='ltr'><strong>poterit,</strong></span> <span class='ocrx_word' id='word_1_435' title='bbox 2541 3679 2686 3750; x_wconf 90' lang='lat' dir='ltr'><strong>quod</strong></span> <span class='ocrx_word' id='word_1_436' title='bbox 2720 3679 2900 3735; x_wconf 87' lang='lat' dir='ltr'><strong>locum</strong></span> <span class='ocrx_word' id='word_1_437' title='bbox 2926 3694 3032 3737; x_wconf 92' lang='lat' dir='ltr'><strong>non</strong></span> <span class='ocrx_word' id='word_1_438' title='bbox 3049 3679 3314 3751; x_wconf 66' lang='lat' dir='ltr'><strong>praebeat,</strong></span> <span class='ocrx_word' id='word_1_439' title='bbox 3343 3689 3404 3738; x_wconf 90' lang='lat' dir='ltr'><strong>ut</strong></span> <span class='ocrx_word' id='word_1_440' title='bbox 3431 3680 3578 3737; x_wconf 87' lang='lat' dir='ltr'><strong>scire</strong></span> 
     </span>
    </p>
   </div>
   <div class='ocr_carea' id='block_1_69' title="bbox 1973 3765 2352 3838">
    <p class='ocr_par' dir='ltr' id='par_1_69' title="bbox 1973 3765 2352 3838">
     <span class='ocr_line' id='line_1_69' title="bbox 1973 3765 2352 3838; baseline 0.005 -18"><span class='ocrx_word' id='word_1_441' title='bbox 1973 3765 2147 3822; x_wconf 81' lang='lat' dir='ltr'><strong>videri</strong></span> <span class='ocrx_word' id='word_1_442' title='bbox 2167 3776 2352 3838; x_wconf 89' lang='lat' dir='ltr'><strong>queat.</strong></span> 
     </span>
    </p>
   </div>
   <div class='ocr_carea' id='block_1_70' title="bbox 2223 3878 3307 3942">
    <p class='ocr_par' dir='ltr' id='par_1_70' title="bbox 2223 3878 3307 3942">
     <span class='ocr_line' id='line_1_70' title="bbox 2223 3878 3307 3942; baseline 0.007 -8"><span class='ocrx_word' id='word_1_443' title='bbox 2223 3878 2548 3937; x_wconf 78' lang='lat' dir='ltr'><strong>CDLXVlli.</strong></span> <span class='ocrx_word' id='word_1_444' title='bbox 2582 3911 2652 3924; x_wconf 96' lang='lat'><strong>--</strong></span> <span class='ocrx_word' id='word_1_445' title='bbox 2683 3880 2956 3939; x_wconf 78' lang='lat' dir='ltr'><strong>SERENO</strong></span> <span class='ocrx_word' id='word_1_446' title='bbox 2985 3881 3307 3942; x_wconf 85' lang='lat' dir='ltr'><strong>DIACONO.</strong></span> 
     </span>
    </p>
   </div>
   <div class='ocr_carea' id='block_1_71' title="bbox 1492 3969 2364 4044">
    <p class='ocr_par' dir='ltr' id='par_1_71' title="bbox 1492 3969 2364 4044">
     <span class='ocr_line' id='line_1_71' title="bbox 1492 3969 2364 4044; baseline 0 -16"><span class='ocrx_word' id='word_1_447' title='bbox 1492 3972 1722 4044; x_wconf 80' lang='lat' dir='ltr'><strong>Superbi</strong></span> <span class='ocrx_word' id='word_1_448' title='bbox 1754 3981 1801 4029; x_wconf 84' lang='lat' dir='ltr'><strong>et</strong></span> <span class='ocrx_word' id='word_1_449' title='bbox 1837 3970 1965 4027; x_wconf 85' lang='lat' dir='ltr'><strong>elati</strong></span> <span class='ocrx_word' id='word_1_450' title='bbox 2009 3969 2364 4040; x_wconf 79' lang='lat' dir='ltr'><strong>deprimendi.</strong></span> 
     </span>
    </p>
   </div>
   <div class='ocr_carea' id='block_1_72' title="bbox 337 4083 1868 4170">
    <p class='ocr_par' dir='ltr' id='par_1_72' title="bbox 337 4083 1868 4170">
     <span class='ocr_line' id='line_1_72' title="bbox 337 4083 1868 4170; baseline -0.008 -21"><span class='ocrx_word' id='word_1_451' title='bbox 337 4093 408 4150; x_wconf 88' lang='lat' dir='ltr'><strong>Ei</strong></span> <span class='ocrx_word' id='word_1_452' title='bbox 441 4083 518 4148; x_wconf 80' lang='grc' dir='ltr'><strong>ὧν</strong></span> <span class='ocrx_word' id='word_1_453' title='bbox 573 4088 1004 4162; x_wconf 78' lang='grc' dir='ltr'>ὴμφισὸήτησας</span> <span class='ocrx_word' id='word_1_454' title='bbox 1054 4086 1132 4158; x_wconf 83' lang='grc' dir='ltr'>μὴ</span> <span class='ocrx_word' id='word_1_455' title='bbox 1183 4085 1390 4160; x_wconf 83' lang='grc' dir='ltr'>τυχὼν,</span> <span class='ocrx_word' id='word_1_456' title='bbox 1421 4085 1562 4141; x_wconf 82' lang='grc' dir='ltr'><strong>ἀλλά</strong></span> <span class='ocrx_word' id='word_1_457' title='bbox 1589 4083 1868 4170; x_wconf 80' lang='grc' dir='ltr'>λαμπρῶς</span> 
     </span>
    </p>
   </div>
   <div class='ocr_carea' id='block_1_73' title="bbox 260 4173 1868 4257">
    <p class='ocr_par' dir='ltr' id='par_1_73' title="bbox 260 4173 1868 4257">
     <span class='ocr_line' id='line_1_73' title="bbox 260 4173 1868 4257; baseline -0.006 -18"><span class='ocrx_word' id='word_1_458' title='bbox 260 4184 548 4257; x_wconf 72' lang='grc' dir='ltr'>ἡττηθεὶς,</span> <span class='ocrx_word' id='word_1_459' title='bbox 579 4182 677 4238; x_wconf 80' lang='grc' dir='ltr'><strong>νῦν</strong></span> <span class='ocrx_word' id='word_1_460' title='bbox 705 4181 869 4254; x_wconf 86' lang='grc' dir='ltr'>χάριν</span> <span class='ocrx_word' id='word_1_461' title='bbox 913 4180 1094 4244; x_wconf 87' lang='grc' dir='ltr'>δοκεῖς</span> <span class='ocrx_word' id='word_1_462' title='bbox 1139 4179 1334 4246; x_wconf 84' lang='grc' dir='ltr'>αίτεῖν,</span> <span class='ocrx_word' id='word_1_463' title='bbox 1374 4177 1536 4252; x_wconf 81' lang='grc' dir='ltr'>δῆλος</span> <span class='ocrx_word' id='word_1_464' title='bbox 1581 4173 1632 4232; x_wconf 77' lang='grc' dir='ltr'>εἴ</span> <span class='ocrx_word' id='word_1_465' title='bbox 1659 4175 1738 4249; x_wconf 86' lang='grc' dir='ltr'>τῷ</span> <span class='ocrx_word' id='word_1_466' title='bbox 1764 4175 1868 4247; x_wconf 85' lang='grc' dir='ltr'>τῆς</span> 
     </span>
    </p>
   </div>
   <div class='ocr_carea' id='block_1_74' title="bbox 264 4267 1864 4349">
    <p class='ocr_par' dir='ltr' id='par_1_74' title="bbox 264 4267 1864 4349">
     <span class='ocr_line' id='line_1_74' title="bbox 264 4267 1864 4349; baseline -0.006 -19"><span class='ocrx_word' id='word_1_467' title='bbox 264 4275 499 4349; x_wconf 86' lang='grc' dir='ltr'>χάριτος</span> <span class='ocrx_word' id='word_1_468' title='bbox 543 4274 771 4348; x_wconf 78' lang='grc' dir='ltr'>ὀνόματι</span> <span class='ocrx_word' id='word_1_469' title='bbox 838 4271 1000 4327; x_wconf 84' lang='grc' dir='ltr'>λῦσαι</span> <span class='ocrx_word' id='word_1_470' title='bbox 1053 4270 1125 4325; x_wconf 78' lang='grc' dir='ltr'>τὰ</span> <span class='ocrx_word' id='word_1_471' title='bbox 1187 4269 1448 4341; x_wconf 80' lang='grc' dir='ltr'>κριθέντα</span> <span class='ocrx_word' id='word_1_472' title='bbox 1502 4267 1864 4342; x_wconf 79' lang='grc' dir='ltr'>πειρώμενος.</span> 
     </span>
    </p>
   </div>
   <div class='ocr_carea' id='block_1_75' title="bbox 266 4357 1868 4440">
    <p class='ocr_par' dir='ltr' id='par_1_75' title="bbox 266 4357 1868 4440">
     <span class='ocr_line' id='line_1_75' title="bbox 266 4357 1868 4440; baseline -0.006 -15"><span class='ocrx_word' id='word_1_473' title='bbox 266 4372 334 4425; x_wconf 84' lang='lat' dir='ltr'><strong>Ei</strong></span> <span class='ocrx_word' id='word_1_474' title='bbox 370 4370 427 4423; x_wconf 84' lang='grc' dir='ltr'>δὲ</span> <span class='ocrx_word' id='word_1_475' title='bbox 457 4369 639 4438; x_wconf 86' lang='grc' dir='ltr'>λέγοις</span> <span class='ocrx_word' id='word_1_476' title='bbox 667 4366 763 4423; x_wconf 81' lang='grc' dir='ltr'>καὶ</span> <span class='ocrx_word' id='word_1_477' title='bbox 781 4365 937 4440; x_wconf 84' lang='grc' dir='ltr'><strong>παρά</strong></span> <span class='ocrx_word' id='word_1_478' title='bbox 959 4363 1056 4418; x_wconf 79' lang='grc' dir='ltr'><strong>τοῦ</strong></span> <span class='ocrx_word' id='word_1_479' title='bbox 1077 4361 1404 4426; x_wconf 85' lang='grc' dir='ltr'>δικάσαντος</span> <span class='ocrx_word' id='word_1_480' title='bbox 1446 4361 1743 4433; x_wconf 69' lang='grc' dir='ltr'>ἠδικῆσθαι</span> <span class='ocrx_word' id='word_1_481' title='bbox 1785 4357 1868 4431; x_wconf 77' lang='grc' dir='ltr'><strong>(τὸ</strong></span> 
     </span>
    </p>
   </div>
   <div class='ocr_carea' id='block_1_76' title="bbox 269 4451 1873 4533">
    <p class='ocr_par' dir='ltr' id='par_1_76' title="bbox 269 4451 1873 4533">
     <span class='ocr_line' id='line_1_76' title="bbox 269 4451 1873 4533; baseline -0.006 -20"><span class='ocrx_word' id='word_1_482' title='bbox 269 4461 376 4533; x_wconf 78' lang='grc' dir='ltr'>μὲν</span> <span class='ocrx_word' id='word_1_483' title='bbox 413 4458 489 4523; x_wconf 84' lang='grc' dir='ltr'>ὼς</span> <span class='ocrx_word' id='word_1_484' title='bbox 523 4457 752 4521; x_wconf 86' lang='grc' dir='ltr'>δικαίως</span> <span class='ocrx_word' id='word_1_485' title='bbox 781 4455 1063 4528; x_wconf 66' lang='grc' dir='ltr'>ἡττηθεὶς,</span> <span class='ocrx_word' id='word_1_486' title='bbox 1105 4451 1255 4508; x_wconf 74' lang='grc' dir='ltr'>ἐάσω</span> <span class='ocrx_word' id='word_1_487' title='bbox 1285 4453 1512 4526; x_wconf 82' lang='grc' dir='ltr'>λέγειν),</span> <span class='ocrx_word' id='word_1_488' title='bbox 1551 4451 1611 4505; x_wconf 85' lang='grc' dir='ltr'>τὸ</span> <span class='ocrx_word' id='word_1_489' title='bbox 1663 4451 1743 4518; x_wconf 75' lang='grc' dir='ltr'>δὲ,</span> <span class='ocrx_word' id='word_1_490' title='bbox 1797 4451 1873 4514; x_wconf 83' lang='grc' dir='ltr'>ὡς</span> 
     </span>
    </p>
   </div>
   <div class='ocr_carea' id='block_1_77' title="bbox 267 4543 1874 4624">
    <p class='ocr_par' dir='ltr' id='par_1_77' title="bbox 267 4543 1874 4624">
     <span class='ocr_line' id='line_1_77' title="bbox 267 4543 1874 4624; baseline -0.007 -17"><span class='ocrx_word' id='word_1_491' title='bbox 267 4551 552 4624; x_wconf 81' lang='grc' dir='ltr'>κέκριται,</span> <span class='ocrx_word' id='word_1_492' title='bbox 583 4549 748 4618; x_wconf 78' lang='grc' dir='ltr'>λέξω.</span> <span class='ocrx_word' id='word_1_493' title='bbox 789 4546 928 4602; x_wconf 83' lang='grc' dir='ltr'><strong>Οὐδὲ</strong></span> <span class='ocrx_word' id='word_1_494' title='bbox 957 4545 1072 4618; x_wconf 80' lang='grc' dir='ltr'>γὰρ</span> <span class='ocrx_word' id='word_1_495' title='bbox 1121 4543 1188 4600; x_wconf 85' lang='grc' dir='ltr'>ἂν</span> <span class='ocrx_word' id='word_1_496' title='bbox 1225 4545 1334 4600; x_wconf 77' lang='grc' dir='ltr'>οὐδ’</span> <span class='ocrx_word' id='word_1_497' title='bbox 1365 4544 1511 4600; x_wconf 77' lang='grc' dir='ltr'>οὕτω</span> <span class='ocrx_word' id='word_1_498' title='bbox 1541 4544 1874 4616; x_wconf 75' lang='grc' dir='ltr'>κεκριμένον</span> 
     </span>
    </p>
   </div>
   <div class='ocr_carea' id='block_1_78' title="bbox 2047 4085 3580 4160">
    <p class='ocr_par' dir='ltr' id='par_1_78' title="bbox 2047 4085 3580 4160">
     <span class='ocr_line' id='line_1_78' title="bbox 2047 4085 3580 4160; baseline 0.004 -18"><span class='ocrx_word' id='word_1_499' title='bbox 2047 4085 2106 4142; x_wconf 82' lang='lat' dir='ltr'><strong>Si</strong></span> <span class='ocrx_word' id='word_1_500' title='bbox 2139 4103 2246 4144; x_wconf 91' lang='lat' dir='ltr'><strong>non</strong></span> <span class='ocrx_word' id='word_1_501' title='bbox 2279 4097 2564 4146; x_wconf 87' lang='lat' dir='ltr'><strong>assecutus</strong></span> <span class='ocrx_word' id='word_1_502' title='bbox 2605 4087 2660 4145; x_wconf 88' lang='lat' dir='ltr'><strong>id</strong></span> <span class='ocrx_word' id='word_1_503' title='bbox 2714 4102 2884 4160; x_wconf 83' lang='lat' dir='ltr'><strong>super</strong></span> <span class='ocrx_word' id='word_1_504' title='bbox 2917 4103 3029 4160; x_wconf 87' lang='lat' dir='ltr'><strong>quo</strong></span> <span class='ocrx_word' id='word_1_505' title='bbox 3081 4090 3436 4160; x_wconf 89' lang='lat' dir='ltr'><strong>contendisti,</strong></span> <span class='ocrx_word' id='word_1_506' title='bbox 3485 4095 3580 4148; x_wconf 85' lang='lat' dir='ltr'><strong>sed</strong></span> 
     </span>
    </p>
   </div>
   <div class='ocr_carea' id='block_1_79' title="bbox 1977 4180 3582 4254">
    <p class='ocr_par' dir='ltr' id='par_1_79' title="bbox 1977 4180 3582 4254">
     <span class='ocr_line' id='line_1_79' title="bbox 1977 4180 3582 4254; baseline 0.002 -21"><span class='ocrx_word' id='word_1_507' title='bbox 1977 4180 2271 4239; x_wconf 81' lang='lat' dir='ltr'><strong>manifeste</strong></span> <span class='ocrx_word' id='word_1_508' title='bbox 2302 4193 2594 4254; x_wconf 88' lang='lat' dir='ltr'><strong>superatus</strong></span> <span class='ocrx_word' id='word_1_509' title='bbox 2624 4181 2861 4250; x_wconf 85' lang='lat' dir='ltr'><strong>gratiam</strong></span> <span class='ocrx_word' id='word_1_510' title='bbox 2887 4181 3052 4237; x_wconf 89' lang='lat' dir='ltr'><strong>modo</strong></span> <span class='ocrx_word' id='word_1_511' title='bbox 3081 4182 3364 4252; x_wconf 89' lang='lat' dir='ltr'><strong>postulare</strong></span> <span class='ocrx_word' id='word_1_512' title='bbox 3397 4183 3582 4238; x_wconf 86' lang='lat' dir='ltr'><strong>videa-</strong></span> 
     </span>
    </p>
   </div>
   <div class='ocr_carea' id='block_1_80' title="bbox 1975 4270 3580 4342">
    <p class='ocr_par' dir='ltr' id='par_1_80' title="bbox 1975 4270 3580 4342">
     <span class='ocr_line' id='line_1_80' title="bbox 1975 4270 3580 4342; baseline 0 -14"><span class='ocrx_word' id='word_1_513' title='bbox 1975 4272 2074 4333; x_wconf 87' lang='lat' dir='ltr'><strong>ris.</strong></span> <span class='ocrx_word' id='word_1_514' title='bbox 2105 4283 2335 4342; x_wconf 85' lang='lat' dir='ltr'><strong>apparet</strong></span> <span class='ocrx_word' id='word_1_515' title='bbox 2365 4282 2418 4328; x_wconf 88' lang='lat' dir='ltr'><strong>te</strong></span> <span class='ocrx_word' id='word_1_516' title='bbox 2473 4281 2731 4328; x_wconf 88' lang='lat' dir='ltr'><strong>conatum</strong></span> <span class='ocrx_word' id='word_1_517' title='bbox 2768 4283 2890 4326; x_wconf 87' lang='lat' dir='ltr'><strong>esse</strong></span> <span class='ocrx_word' id='word_1_518' title='bbox 2940 4270 3130 4340; x_wconf 80' lang='lat' dir='ltr'><strong>gratiae</strong></span> <span class='ocrx_word' id='word_1_519' title='bbox 3181 4272 3423 4339; x_wconf 86' lang='lat' dir='ltr'><strong>nomine,</strong></span> <span class='ocrx_word' id='word_1_520' title='bbox 3459 4287 3580 4342; x_wconf 63' lang='lat' dir='ltr'><strong>quae</strong></span> 
     </span>
    </p>
   </div>
   <div class='ocr_carea' id='block_1_81' title="bbox 1977 4361 3580 4434">
    <p class='ocr_par' dir='ltr' id='par_1_81' title="bbox 1977 4361 3580 4434">
     <span class='ocr_line' id='line_1_81' title="bbox 1977 4361 3580 4434; baseline -0.001 -15"><span class='ocrx_word' id='word_1_521' title='bbox 1977 4373 2107 4419; x_wconf 82' lang='lat' dir='ltr'><strong>sunt</strong></span> <span class='ocrx_word' id='word_1_522' title='bbox 2133 4363 2406 4434; x_wconf 83' lang='lat' dir='ltr'><strong>iudicata,</strong></span> <span class='ocrx_word' id='word_1_523' title='bbox 2437 4364 2598 4420; x_wconf 86' lang='lat' dir='ltr'><strong>irrita</strong></span> <span class='ocrx_word' id='word_1_524' title='bbox 2627 4361 2878 4418; x_wconf 84' lang='lat' dir='ltr'><strong>reddere.</strong></span> <span class='ocrx_word' id='word_1_525' title='bbox 2916 4361 2976 4418; x_wconf 86' lang='lat' dir='ltr'><strong>Si</strong></span> <span class='ocrx_word' id='word_1_526' title='bbox 3009 4362 3164 4420; x_wconf 84' lang='lat' dir='ltr'><strong>dices</strong></span> <span class='ocrx_word' id='word_1_527' title='bbox 3197 4363 3364 4418; x_wconf 85' lang='lat' dir='ltr'><strong>etiam</strong></span> <span class='ocrx_word' id='word_1_528' title='bbox 3399 4380 3430 4418; x_wconf 73' lang='grc' dir='ltr'><strong>ιι</strong></span> <span class='ocrx_word' id='word_1_529' title='bbox 3459 4379 3580 4420; x_wconf 85' lang='lat' dir='ltr'><strong>sen-</strong></span> 
     </span>
    </p>
   </div>
   <div class='ocr_carea' id='block_1_82' title="bbox 1979 4453 3579 4526">
    <p class='ocr_par' dir='ltr' id='par_1_82' title="bbox 1979 4453 3579 4526">
     <span class='ocr_line' id='line_1_82' title="bbox 1979 4453 3579 4526; baseline 0 -16"><span class='ocrx_word' id='word_1_530' title='bbox 1979 4457 2205 4514; x_wconf 85' lang='lat' dir='ltr'><strong>tentiam</strong></span> <span class='ocrx_word' id='word_1_531' title='bbox 2234 4453 2450 4512; x_wconf 81' lang='lat' dir='ltr'><strong>ferente</strong></span> <span class='ocrx_word' id='word_1_532' title='bbox 2475 4454 2742 4524; x_wconf 87' lang='lat' dir='ltr'><strong>iniuriam</strong></span> <span class='ocrx_word' id='word_1_533' title='bbox 2777 4454 2901 4512; x_wconf 80' lang='lat' dir='ltr'><strong>ﬁeri</strong></span> <span class='ocrx_word' id='word_1_534' title='bbox 2928 4455 3118 4526; x_wconf 88' lang='lat' dir='ltr'><strong>(idque</strong></span> <span class='ocrx_word' id='word_1_535' title='bbox 3149 4464 3208 4512; x_wconf 77' lang='lat' dir='ltr'><strong>ut</strong></span> <span class='ocrx_word' id='word_1_536' title='bbox 3236 4455 3363 4526; x_wconf 86' lang='lat' dir='ltr'><strong>jure</strong></span> <span class='ocrx_word' id='word_1_537' title='bbox 3389 4457 3579 4513; x_wconf 88' lang='lat' dir='ltr'><strong>convi-</strong></span> 
     </span>
    </p>
   </div>
   <div class='ocr_carea' id='block_1_83' title="bbox 1976 4544 3576 4618">
    <p class='ocr_par' dir='ltr' id='par_1_83' title="bbox 1976 4544 3576 4618">
     <span class='ocr_line' id='line_1_83' title="bbox 1976 4544 3576 4618; baseline -0.001 -16"><span class='ocrx_word' id='word_1_538' title='bbox 1976 4556 2120 4614; x_wconf 92' lang='lat' dir='ltr'><strong>ctus,</strong></span> <span class='ocrx_word' id='word_1_539' title='bbox 2153 4547 2314 4602; x_wconf 86' lang='lat' dir='ltr'><strong>mitto</strong></span> <span class='ocrx_word' id='word_1_540' title='bbox 2343 4545 2578 4618; x_wconf 88' lang='lat' dir='ltr'><strong>dicere),</strong></span> <span class='ocrx_word' id='word_1_541' title='bbox 2607 4544 2740 4600; x_wconf 88' lang='lat' dir='ltr'><strong>illud</strong></span> <span class='ocrx_word' id='word_1_542' title='bbox 2772 4554 2833 4601; x_wconf 89' lang='lat' dir='ltr'><strong>ut</strong></span> <span class='ocrx_word' id='word_1_543' title='bbox 2862 4544 3163 4615; x_wconf 86' lang='lat' dir='ltr'><strong>iudicatum</strong></span> <span class='ocrx_word' id='word_1_544' title='bbox 3193 4544 3270 4604; x_wconf 89' lang='lat' dir='ltr'><strong>sit</strong></span> <span class='ocrx_word' id='word_1_545' title='bbox 3316 4546 3576 4604; x_wconf 78' lang='lat' dir='ltr'><strong>referam.</strong></span> 
     </span>
    </p>
   </div>
   <div class='ocr_carea' id='block_1_84' title="bbox 264 4635 1914 4736">
    <p class='ocr_par' dir='ltr' id='par_1_84' title="bbox 264 4635 1914 4736">
     <span class='ocr_line' id='line_1_84' title="bbox 264 4635 1914 4736; baseline -0.006 -38"><span class='ocrx_word' id='word_1_546' title='bbox 264 4640 363 4718; x_wconf 74' lang='grc' dir='ltr'>ἦν,</span> <span class='ocrx_word' id='word_1_547' title='bbox 391 4642 490 4698; x_wconf 80' lang='grc' dir='ltr'><strong>τοῦ</strong></span> <span class='ocrx_word' id='word_1_548' title='bbox 521 4642 850 4705; x_wconf 88' lang='grc' dir='ltr'>δικάσαντος</span> <span class='ocrx_word' id='word_1_549' title='bbox 884 4639 1188 4694; x_wconf 84' lang='grc' dir='ltr'>ἀδεκάστου</span> <span class='ocrx_word' id='word_1_550' title='bbox 1237 4638 1624 4736; x_wconf 42' lang='grc' dir='ltr'>τυγχάνοντος..</span> <span class='ocrx_word' id='word_1_551' title='bbox 1689 4637 1770 4736; x_wconf 30' lang='grc' dir='ltr'>έίᾷ</span> <span class='ocrx_word' id='word_1_552' title='bbox 1797 4635 1874 4708; x_wconf 78' lang='grc' dir='ltr'>μὴ</span> <span class='ocrx_word' id='word_1_553' title='bbox 1909 4681 1914 4735; x_wconf 56' lang='lat'>1</span> 
     </span>
    </p>
   </div>
   <div class='ocr_carea' id='block_1_85' title="bbox 1975 4635 3584 4736">
    <p class='ocr_par' dir='ltr' id='par_1_85' title="bbox 1979 4635 3584 4708">
     <span class='ocr_line' id='line_1_85' title="bbox 1979 4635 3584 4708; baseline 0 -15"><span class='ocrx_word' id='word_1_554' title='bbox 1979 4635 2132 4694; x_wconf 81' lang='lat' dir='ltr'><strong>Nihil</strong></span> <span class='ocrx_word' id='word_1_555' title='bbox 2179 4638 2327 4694; x_wconf 90' lang='lat' dir='ltr'><strong>enim</strong></span> <span class='ocrx_word' id='word_1_556' title='bbox 2385 4637 2465 4694; x_wconf 90' lang='lat' dir='ltr'><strong>sic</strong></span> <span class='ocrx_word' id='word_1_557' title='bbox 2483 4636 2790 4708; x_wconf 86' lang='lat' dir='ltr'><strong>iudicatum</strong></span> <span class='ocrx_word' id='word_1_558' title='bbox 2843 4637 3029 4706; x_wconf 86' lang='lat' dir='ltr'><strong>fuerit,</strong></span> <span class='ocrx_word' id='word_1_559' title='bbox 3083 4651 3209 4694; x_wconf 87' lang='lat' dir='ltr'><strong>cum</strong></span> <span class='ocrx_word' id='word_1_560' title='bbox 3259 4638 3584 4696; x_wconf 83' lang='lat' dir='ltr'><strong>muneribus</strong></span> 
     </span>
    </p>
   </div>
   <div class='ocr_carea' id='block_1_86' title="bbox 267 4728 1914 4807">
    <p class='ocr_par' dir='ltr' id='par_1_86' title="bbox 267 4728 1914 4807">
     <span class='ocr_line' id='line_1_86' title="bbox 267 4728 1914 4807; baseline -0.006 -15"><span class='ocrx_word' id='word_1_561' title='bbox 267 4738 334 4792; x_wconf 78' lang='grc' dir='ltr'>τὸ</span> <span class='ocrx_word' id='word_1_562' title='bbox 356 4735 584 4802; x_wconf 84' lang='grc' dir='ltr'>δικαίως</span> <span class='ocrx_word' id='word_1_563' title='bbox 621 4734 854 4807; x_wconf 82' lang='grc' dir='ltr'>προσῆν.</span> <span class='ocrx_word' id='word_1_564' title='bbox 888 4734 1038 4805; x_wconf 84' lang='grc' dir='ltr'>Πλὴν</span> <span class='ocrx_word' id='word_1_565' title='bbox 1080 4731 1218 4788; x_wconf 87' lang='grc' dir='ltr'><strong>ἀλλά</strong></span> <span class='ocrx_word' id='word_1_566' title='bbox 1260 4733 1357 4786; x_wconf 76' lang='grc' dir='ltr'>καὶ</span> <span class='ocrx_word' id='word_1_567' title='bbox 1389 4730 1532 4802; x_wconf 85' lang='grc' dir='ltr'><strong>μετά</strong></span> <span class='ocrx_word' id='word_1_568' title='bbox 1559 4728 1620 4784; x_wconf 85' lang='grc' dir='ltr'>τὸ</span> <span class='ocrx_word' id='word_1_569' title='bbox 1649 4729 1875 4800; x_wconf 80' lang='grc' dir='ltr'>νικῆσαι</span> <span class='ocrx_word' id='word_1_570' title='bbox 1909 4728 1914 4735; x_wconf 83' lang='grc'><em>’</em></span> 
     </span>
    </p>
   </div>
   <div class='ocr_carea' id='block_1_87' title="bbox 1975 4728 3583 4807">
    <p class='ocr_par' dir='ltr' id='par_1_87' title="bbox 1983 4729 3583 4801">
     <span class='ocr_line' id='line_1_87' title="bbox 1983 4729 3583 4801; baseline 0.001 -16"><span class='ocrx_word' id='word_1_571' title='bbox 1983 4729 2151 4786; x_wconf 86' lang='lat' dir='ltr'><strong>fuerit</strong></span> <span class='ocrx_word' id='word_1_572' title='bbox 2177 4729 2550 4800; x_wconf 83' lang='lat' dir='ltr'><strong>incorruptus,</strong></span> <span class='ocrx_word' id='word_1_573' title='bbox 2577 4729 2672 4800; x_wconf 92' lang='lat' dir='ltr'><strong>qui</strong></span> <span class='ocrx_word' id='word_1_574' title='bbox 2717 4731 3048 4786; x_wconf 87' lang='lat' dir='ltr'><strong>sententiam</strong></span> <span class='ocrx_word' id='word_1_575' title='bbox 3083 4730 3230 4796; x_wconf 80' lang='lat' dir='ltr'><strong>tulit;</strong></span> <span class='ocrx_word' id='word_1_576' title='bbox 3263 4731 3368 4787; x_wconf 79' lang='lat' dir='ltr'><strong>nisi</strong></span> <span class='ocrx_word' id='word_1_577' title='bbox 3411 4731 3464 4787; x_wconf 89' lang='lat' dir='ltr'><strong>id</strong></span> <span class='ocrx_word' id='word_1_578' title='bbox 3489 4731 3583 4801; x_wconf 85' lang='lat' dir='ltr'><strong>ju-</strong></span> 
     </span>
    </p>
   </div>
   <div class='ocr_carea' id='block_1_88' title="bbox 266 4820 1878 4902">
    <p class='ocr_par' dir='ltr' id='par_1_88' title="bbox 266 4820 1878 4902">
     <span class='ocr_line' id='line_1_88' title="bbox 266 4820 1878 4902; baseline -0.006 -18"><span class='ocrx_word' id='word_1_579' title='bbox 266 4831 378 4902; x_wconf 83' lang='grc' dir='ltr'>τὴν</span> <span class='ocrx_word' id='word_1_580' title='bbox 405 4832 568 4901; x_wconf 85' lang='grc' dir='ltr'>χάριν</span> <span class='ocrx_word' id='word_1_581' title='bbox 597 4828 814 4898; x_wconf 86' lang='grc' dir='ltr'>δίδωμι,</span> <span class='ocrx_word' id='word_1_582' title='bbox 844 4827 902 4890; x_wconf 84' lang='grc' dir='ltr'>ὅς</span> <span class='ocrx_word' id='word_1_583' title='bbox 936 4842 1002 4895; x_wconf 89' lang='grc' dir='ltr'><strong>γε</strong></span> <span class='ocrx_word' id='word_1_584' title='bbox 1034 4825 1146 4880; x_wconf 82' lang='grc' dir='ltr'>οὐδ’</span> <span class='ocrx_word' id='word_1_585' title='bbox 1179 4823 1246 4879; x_wconf 82' lang='grc' dir='ltr'>ἂν</span> <span class='ocrx_word' id='word_1_586' title='bbox 1280 4823 1342 4889; x_wconf 77' lang='grc' dir='ltr'>ἐξ</span> <span class='ocrx_word' id='word_1_587' title='bbox 1375 4822 1556 4895; x_wconf 78' lang='grc' dir='ltr'>ἀρχῆς</span> <span class='ocrx_word' id='word_1_588' title='bbox 1601 4820 1878 4894; x_wconf 75' lang='grc' dir='ltr'>ἠγωνισά-</span> 
     </span>
    </p>
   </div>
   <div class='ocr_carea' id='block_1_89' title="bbox 273 4913 1874 4996">
    <p class='ocr_par' dir='ltr' id='par_1_89' title="bbox 273 4913 1874 4996">
     <span class='ocr_line' id='line_1_89' title="bbox 273 4913 1874 4996; baseline -0.005 -21"><span class='ocrx_word' id='word_1_589' title='bbox 273 4940 412 4996; x_wconf 86' lang='grc' dir='ltr'>μην,</span> <span class='ocrx_word' id='word_1_590' title='bbox 476 4922 592 4994; x_wconf 81' lang='grc' dir='ltr'>είγε</span> <span class='ocrx_word' id='word_1_591' title='bbox 650 4918 962 4988; x_wconf 77' lang='grc' dir='ltr'>καταγνοὺς</span> <span class='ocrx_word' id='word_1_592' title='bbox 1016 4915 1220 4977; x_wconf 80' lang='grc' dir='ltr'>σαυτοῦ</span> <span class='ocrx_word' id='word_1_593' title='bbox 1267 4913 1605 4987; x_wconf 83' lang='grc' dir='ltr'>συγγνώμην</span> <span class='ocrx_word' id='word_1_594' title='bbox 1641 4914 1874 4987; x_wconf 72' lang='grc' dir='ltr'>ᾔτησας.</span> 
     </span>
    </p>
   </div>
   <div class='ocr_carea' id='block_1_90' title="bbox 1984 4821 3588 4895">
    <p class='ocr_par' dir='ltr' id='par_1_90' title="bbox 1984 4821 3588 4895">
     <span class='ocr_line' id='line_1_90' title="bbox 1984 4821 3588 4895; baseline 0.001 -17"><span class='ocrx_word' id='word_1_595' title='bbox 1984 4831 2128 4878; x_wconf 90' lang='lat' dir='ltr'><strong>stum</strong></span> <span class='ocrx_word' id='word_1_596' title='bbox 2171 4821 2358 4879; x_wconf 89' lang='lat' dir='ltr'><strong>fuerit.</strong></span> <span class='ocrx_word' id='word_1_597' title='bbox 2397 4821 2786 4880; x_wconf 85' lang='lat' dir='ltr'><strong>Verumtamen</strong></span> <span class='ocrx_word' id='word_1_598' title='bbox 2813 4838 2957 4878; x_wconf 89' lang='lat' dir='ltr'><strong>nunc</strong></span> <span class='ocrx_word' id='word_1_599' title='bbox 2982 4831 3106 4894; x_wconf 87' lang='lat' dir='ltr'><strong>post</strong></span> <span class='ocrx_word' id='word_1_600' title='bbox 3140 4822 3428 4880; x_wconf 85' lang='lat' dir='ltr'><strong>victoriam</strong></span> <span class='ocrx_word' id='word_1_601' title='bbox 3460 4839 3588 4895; x_wconf 63' lang='lat' dir='ltr'><strong>grac</strong></span> 
     </span>
    </p>
   </div>
   <div class='ocr_carea' id='block_1_91' title="bbox 1986 4915 3588 4995">
    <p class='ocr_par' dir='ltr' id='par_1_91' title="bbox 1986 4915 3588 4995">
     <span class='ocr_line' id='line_1_91' title="bbox 1986 4915 3588 4995; baseline 0.002 -25"><span class='ocrx_word' id='word_1_602' title='bbox 1986 4915 2119 4971; x_wconf 90' lang='lat' dir='ltr'><strong>tiam</strong></span> <span class='ocrx_word' id='word_1_603' title='bbox 2155 4915 2249 4984; x_wconf 81' lang='lat' dir='ltr'><strong>do,</strong></span> <span class='ocrx_word' id='word_1_604' title='bbox 2275 4915 2490 4986; x_wconf 87' lang='lat' dir='ltr'><strong>qualem</strong></span> <span class='ocrx_word' id='word_1_605' title='bbox 2545 4916 2628 4995; x_wconf 49' lang='lat' dir='ltr'><strong>ab.</strong></span> <span class='ocrx_word' id='word_1_606' title='bbox 2653 4915 2810 4971; x_wconf 89' lang='lat' dir='ltr'><strong>initio</strong></span> <span class='ocrx_word' id='word_1_607' title='bbox 2855 4925 3151 4986; x_wconf 89' lang='lat' dir='ltr'><strong>antequam</strong></span> <span class='ocrx_word' id='word_1_608' title='bbox 3187 4925 3462 4975; x_wconf 84' lang='lat' dir='ltr'><strong>certarem</strong></span> <span class='ocrx_word' id='word_1_609' title='bbox 3489 4917 3588 4973; x_wconf 88' lang='lat' dir='ltr'><strong>de-</strong></span> 
     </span>
    </p>
   </div>
   <div class='ocr_carea' id='block_1_92' title="bbox 268 5002 1914 5086">
    <p class='ocr_par' dir='ltr' id='par_1_92' title="bbox 268 5002 1876 5086">
     <span class='ocr_line' id='line_1_92' title="bbox 268 5002 1876 5086; baseline -0.006 -18"><span class='ocrx_word' id='word_1_610' title='bbox 268 5011 402 5086; x_wconf 77' lang='grc' dir='ltr'>Χρὴ</span> <span class='ocrx_word' id='word_1_611' title='bbox 424 5011 536 5085; x_wconf 81' lang='grc' dir='ltr'><strong>γὰρ</strong></span> <span class='ocrx_word' id='word_1_612' title='bbox 591 5011 654 5065; x_wconf 81' lang='grc' dir='ltr'>τὸ</span> <span class='ocrx_word' id='word_1_613' title='bbox 710 5009 968 5081; x_wconf 85' lang='grc' dir='ltr'>φρόνημα</span> <span class='ocrx_word' id='word_1_614' title='bbox 1028 5007 1139 5062; x_wconf 84' lang='grc' dir='ltr'><strong>τῶν</strong></span> <span class='ocrx_word' id='word_1_615' title='bbox 1200 5005 1591 5079; x_wconf 80' lang='grc' dir='ltr'>σφαλλομένων</span> <span class='ocrx_word' id='word_1_616' title='bbox 1643 5005 1765 5076; x_wconf 84' lang='grc' dir='ltr'>μὲν,</span> <span class='ocrx_word' id='word_1_617' title='bbox 1802 5002 1876 5076; x_wconf 84' lang='grc' dir='ltr'>μὴ</span> 
     </span>
    </p>
   </div>
   <div class='ocr_carea' id='block_1_93' title="bbox 1975 5002 3590 5086">
    <p class='ocr_par' dir='ltr' id='par_1_93' title="bbox 1985 5005 3590 5080">
     <span class='ocr_line' id='line_1_93' title="bbox 1985 5005 3590 5080; baseline 0.001 -16"><span class='ocrx_word' id='word_1_618' title='bbox 1985 5009 2215 5078; x_wconf 85' lang='lat' dir='ltr'><strong>dissem,</strong></span> <span class='ocrx_word' id='word_1_619' title='bbox 2249 5009 2294 5065; x_wconf 90' lang='lat' dir='ltr'><strong>si</strong></span> <span class='ocrx_word' id='word_1_620' title='bbox 2328 5009 2540 5065; x_wconf 88' lang='lat' dir='ltr'><strong>veniam</strong></span> <span class='ocrx_word' id='word_1_621' title='bbox 2559 5008 2932 5080; x_wconf 87' lang='lat' dir='ltr'><strong>postulasses.</strong></span> <span class='ocrx_word' id='word_1_622' title='bbox 2967 5005 3199 5078; x_wconf 88' lang='lat' dir='ltr'><strong>Oportet</strong></span> <span class='ocrx_word' id='word_1_623' title='bbox 3225 5010 3373 5066; x_wconf 90' lang='lat' dir='ltr'><strong>enim</strong></span> <span class='ocrx_word' id='word_1_624' title='bbox 3402 5025 3590 5080; x_wconf 86' lang='lat' dir='ltr'><strong>super-</strong></span> 
     </span>
    </p>
   </div>
   <div class='ocr_carea' id='block_1_94' title="bbox 269 5097 1914 5176">
    <p class='ocr_par' dir='ltr' id='par_1_94' title="bbox 269 5097 1876 5176">
     <span class='ocr_line' id='line_1_94' title="bbox 269 5097 1876 5176; baseline -0.005 -16"><span class='ocrx_word' id='word_1_625' title='bbox 269 5105 546 5176; x_wconf 78' lang='grc' dir='ltr'>οἱομένων</span> <span class='ocrx_word' id='word_1_626' title='bbox 578 5103 636 5157; x_wconf 82' lang='grc' dir='ltr'>δὲ</span> <span class='ocrx_word' id='word_1_627' title='bbox 663 5101 962 5172; x_wconf 72' lang='grc' dir='ltr'>ἐσφάλθαι,</span> <span class='ocrx_word' id='word_1_628' title='bbox 997 5099 1284 5172; x_wconf 84' lang='grc' dir='ltr'>καθαιρεῖν</span> <span class='ocrx_word' id='word_1_629' title='bbox 1303 5115 1319 5132; x_wconf 77' lang='grc' dir='ltr'><strong><em>ο</em></strong></span> <span class='ocrx_word' id='word_1_630' title='bbox 1347 5101 1770 5170; x_wconf 85' lang='grc' dir='ltr'>γνωσιμαχοῦσι</span> <span class='ocrx_word' id='word_1_631' title='bbox 1817 5097 1876 5152; x_wconf 80' lang='grc' dir='ltr'>δὲ</span> 
     </span>
    </p>
   </div>
   <div class='ocr_carea' id='block_1_95' title="bbox 1975 5097 3587 5176">
    <p class='ocr_par' dir='ltr' id='par_1_95' title="bbox 1979 5097 3587 5170">
     <span class='ocr_line' id='line_1_95' title="bbox 1979 5097 3587 5170; baseline -0.002 -12"><span class='ocrx_word' id='word_1_632' title='bbox 1979 5100 2080 5158; x_wconf 88' lang='lat' dir='ltr'><strong>bos</strong></span> <span class='ocrx_word' id='word_1_633' title='bbox 2113 5100 2348 5166; x_wconf 86' lang='lat' dir='ltr'><strong>animos,</strong></span> <span class='ocrx_word' id='word_1_634' title='bbox 2375 5113 2566 5156; x_wconf 90' lang='lat' dir='ltr'><strong>eorum</strong></span> <span class='ocrx_word' id='word_1_635' title='bbox 2609 5098 2702 5170; x_wconf 91' lang='lat' dir='ltr'><strong>qui</strong></span> <span class='ocrx_word' id='word_1_636' title='bbox 2727 5097 2970 5167; x_wconf 89' lang='lat' dir='ltr'><strong>superati</strong></span> <span class='ocrx_word' id='word_1_637' title='bbox 2994 5098 3125 5164; x_wconf 85' lang='lat' dir='ltr'><strong>sint,</strong></span> <span class='ocrx_word' id='word_1_638' title='bbox 3161 5113 3267 5154; x_wconf 91' lang='lat' dir='ltr'><strong>non</strong></span> <span class='ocrx_word' id='word_1_639' title='bbox 3308 5109 3486 5166; x_wconf 78' lang='lat' dir='ltr'><strong>tamen</strong></span> <span class='ocrx_word' id='word_1_640' title='bbox 3525 5111 3587 5154; x_wconf 89' lang='lat' dir='ltr'><strong>se</strong></span> 
     </span>
    </p>
   </div>
   <div class='ocr_carea' id='block_1_96' title="bbox 273 5197 868 5272">
    <p class='ocr_par' dir='ltr' id='par_1_96' title="bbox 273 5197 868 5272">
     <span class='ocr_line' id='line_1_96' title="bbox 273 5197 868 5272; baseline 0 -18"><span class='ocrx_word' id='word_1_641' title='bbox 273 5197 620 5272; x_wconf 84' lang='grc' dir='ltr'>συγγνώμην</span> <span class='ocrx_word' id='word_1_642' title='bbox 657 5198 868 5270; x_wconf 82' lang='grc' dir='ltr'>νέμειν.</span> 
     </span>
    </p>
   </div>
   <div class='ocr_carea' id='block_1_97' title="bbox 520 5402 1633 5476">
    <p class='ocr_par' dir='ltr' id='par_1_97' title="bbox 520 5402 1633 5476">
     <span class='ocr_line' id='line_1_97' title="bbox 520 5402 1633 5476; baseline -0.005 -13"><span class='ocrx_word' id='word_1_643' title='bbox 520 5406 689 5463; x_wconf 73' lang='lat' dir='ltr'><strong>rae.</strong></span> <span class='ocrx_word' id='word_1_644' title='bbox 718 5437 792 5449; x_wconf 91' lang='lat'><strong>—</strong></span> <span class='ocrx_word' id='word_1_645' title='bbox 821 5405 1036 5463; x_wconf 75' lang='lat' dir='ltr'><strong>apem</strong></span> <span class='ocrx_word' id='word_1_646' title='bbox 1062 5402 1633 5476; x_wconf 82' lang='grc' dir='ltr'><strong>ΠΟΛΙΤΕΥΟΜΕΝῼ.</strong></span> 
     </span>
    </p>
   </div>
   <div class='ocr_carea' id='block_1_98' title="bbox 1980 5191 3583 5264">
    <p class='ocr_par' dir='ltr' id='par_1_98' title="bbox 1980 5191 3583 5264">
     <span class='ocr_line' id='line_1_98' title="bbox 1980 5191 3583 5264; baseline 0.001 -19"><span class='ocrx_word' id='word_1_647' title='bbox 1980 5193 2154 5251; x_wconf 85' lang='lat' dir='ltr'><strong>victos</strong></span> <span class='ocrx_word' id='word_1_648' title='bbox 2187 5191 2525 5256; x_wconf 80' lang='lat' dir='ltr'><strong>existiment,</strong></span> <span class='ocrx_word' id='word_1_649' title='bbox 2559 5191 2894 5263; x_wconf 89' lang='lat' dir='ltr'><strong>deprimere,</strong></span> <span class='ocrx_word' id='word_1_650' title='bbox 2947 5192 3166 5248; x_wconf 88' lang='lat' dir='ltr'><strong>veniam</strong></span> <span class='ocrx_word' id='word_1_651' title='bbox 3201 5207 3332 5249; x_wconf 89' lang='lat' dir='ltr'><strong>vero</strong></span> <span class='ocrx_word' id='word_1_652' title='bbox 3381 5193 3583 5264; x_wconf 86' lang='lat' dir='ltr'><strong>resipi-</strong></span> 
     </span>
    </p>
   </div>
   <div class='ocr_carea' id='block_1_99' title="bbox 1980 5284 2554 5344">
    <p class='ocr_par' dir='ltr' id='par_1_99' title="bbox 1980 5284 2554 5344">
     <span class='ocr_line' id='line_1_99' title="bbox 1980 5284 2554 5344; baseline -0.009 0"><span class='ocrx_word' id='word_1_653' title='bbox 1980 5286 2259 5344; x_wconf 86' lang='lat' dir='ltr'><strong>scentibus</strong></span> <span class='ocrx_word' id='word_1_654' title='bbox 2295 5284 2554 5341; x_wconf 86' lang='lat' dir='ltr'><strong>tribuere.</strong></span> 
     </span>
    </p>
   </div>
   <div class='ocr_carea' id='block_1_100' title="bbox 2120 5396 3416 5464">
    <p class='ocr_par' dir='ltr' id='par_1_100' title="bbox 2120 5396 3416 5464">
     <span class='ocr_line' id='line_1_100' title="bbox 2120 5396 3416 5464; baseline -0.002 -8"><span class='ocrx_word' id='word_1_655' title='bbox 2120 5397 2402 5456; x_wconf 80' lang='lat' dir='ltr'><strong>CDLXIX.</strong></span> <span class='ocrx_word' id='word_1_656' title='bbox 2427 5429 2499 5440; x_wconf 87' lang='lat'><strong>-—-</strong></span> <span class='ocrx_word' id='word_1_657' title='bbox 2537 5396 2801 5458; x_wconf 77' lang='lat' dir='ltr'><strong>HERONI</strong></span> <span class='ocrx_word' id='word_1_658' title='bbox 2845 5398 3053 5458; x_wconf 81' lang='lat' dir='ltr'><strong>REMP.</strong></span> <span class='ocrx_word' id='word_1_659' title='bbox 3092 5397 3416 5464; x_wconf 71' lang='lat' dir='ltr'><strong>GERENTI.</strong></span> 
     </span>
    </p>
   </div>
   <div class='ocr_carea' id='block_1_101' title="bbox 1529 5491 2324 5563">
    <p class='ocr_par' dir='ltr' id='par_1_101' title="bbox 1529 5491 2324 5563">
     <span class='ocr_line' id='line_1_101' title="bbox 1529 5491 2324 5563; baseline -0.003 -15"><span class='ocrx_word' id='word_1_660' title='bbox 1529 5494 1802 5550; x_wconf 85' lang='lat' dir='ltr'><strong>Bonorum</strong></span> <span class='ocrx_word' id='word_1_661' title='bbox 1845 5491 2104 5548; x_wconf 76' lang='lat' dir='ltr'><strong>sodalitas</strong></span> <span class='ocrx_word' id='word_1_662' title='bbox 2145 5500 2324 5563; x_wconf 79' lang='lat' dir='ltr'><strong>grata.</strong></span> 
     </span>
    </p>
   </div>
   <div class='ocr_carea' id='block_1_102' title="bbox 356 5586 1878 5673">
    <p class='ocr_par' dir='ltr' id='par_1_102' title="bbox 356 5586 1878 5673">
     <span class='ocr_line' id='line_1_102' title="bbox 356 5586 1878 5673; baseline -0.011 -18"><span class='ocrx_word' id='word_1_663' title='bbox 356 5597 452 5673; x_wconf 80' lang='grc' dir='ltr'><strong>Μὴ</strong></span> <span class='ocrx_word' id='word_1_664' title='bbox 479 5597 671 5670; x_wconf 80' lang='grc' dir='ltr'>ὥσπερ</span> <span class='ocrx_word' id='word_1_665' title='bbox 699 5593 903 5668; x_wconf 81' lang='grc' dir='ltr'>ταῦρος</span> <span class='ocrx_word' id='word_1_666' title='bbox 940 5593 1037 5648; x_wconf 68' lang='grc' dir='ltr'>καὶ</span> <span class='ocrx_word' id='word_1_667' title='bbox 1073 5588 1380 5665; x_wconf 75' lang='grc' dir='ltr'>ἀγέρωχος,</span> <span class='ocrx_word' id='word_1_668' title='bbox 1413 5587 1511 5642; x_wconf 71' lang='grc' dir='ltr'>καὶ</span> <span class='ocrx_word' id='word_1_669' title='bbox 1537 5586 1878 5658; x_wconf 78' lang='grc' dir='ltr'>ἀτιμαγέλας</span> 
     </span>
    </p>
   </div>
   <div class='ocr_carea' id='block_1_103' title="bbox 2063 5578 3579 5654">
    <p class='ocr_par' dir='ltr' id='par_1_103' title="bbox 2063 5578 3579 5654">
     <span class='ocr_line' id='line_1_103' title="bbox 2063 5578 3579 5654; baseline 0.001 -15"><span class='ocrx_word' id='word_1_670' title='bbox 2063 5582 2184 5639; x_wconf 85' lang='lat' dir='ltr'><strong>Noli</strong></span> <span class='ocrx_word' id='word_1_671' title='bbox 2213 5590 2273 5641; x_wconf 90' lang='lat' dir='ltr'><strong>ut</strong></span> <span class='ocrx_word' id='word_1_672' title='bbox 2305 5582 2548 5638; x_wconf 86' lang='lat' dir='ltr'><strong>insolens</strong></span> <span class='ocrx_word' id='word_1_673' title='bbox 2583 5594 3006 5654; x_wconf 84' lang='lat' dir='ltr'><strong>armentumque</strong></span> <span class='ocrx_word' id='word_1_674' title='bbox 3059 5578 3319 5640; x_wconf 82' lang='lat' dir='ltr'><strong>deserens</strong></span> <span class='ocrx_word' id='word_1_675' title='bbox 3368 5590 3579 5653; x_wconf 80' lang='lat' dir='ltr'><strong>taurus.</strong></span> 
     </span>
    </p>
   </div>
   <div class='ocr_carea' id='block_1_104' title="bbox 1410 5677 2480 5762">
    <p class='ocr_par' dir='ltr' id='par_1_104' title="bbox 1410 5677 2480 5762">
     <span class='ocr_line' id='line_1_104' title="bbox 1410 5677 2480 5762; baseline -0.007 0"><span class='ocrx_word' id='word_1_676' title='bbox 1410 5702 1646 5762; x_wconf 70' lang='lat' dir='ltr'><strong>vasta:</strong></span> <span class='ocrx_word' id='word_1_677' title='bbox 1684 5699 2072 5760; x_wconf 77' lang='lat' dir='ltr'><strong>LECTIONES</strong></span> <span class='ocrx_word' id='word_1_678' title='bbox 2111 5677 2213 5756; x_wconf 33' lang='lat' dir='ltr'><strong>ET.</strong></span> <span class='ocrx_word' id='word_1_679' title='bbox 2239 5697 2480 5756; x_wconf 65' lang='lat' dir='ltr'><strong>NOTIE.</strong></span> 
     </span>
    </p>
   </div>
   <div class='ocr_carea' id='block_1_105' title="bbox 357 5828 1878 5924">
    <p class='ocr_par' dir='ltr' id='par_1_105' title="bbox 357 5828 1878 5924">
     <span class='ocr_line' id='line_1_105' title="bbox 357 5828 1878 5924; baseline 0 0"><span class='ocrx_word' id='word_1_680' title='bbox 357 5839 639 5924; x_wconf 53' lang='lat' dir='ltr'><strong>(imm</strong></span> <span class='ocrx_word' id='word_1_681' title='bbox 671 5836 1065 5924; x_wconf 58' lang='grc' dir='ltr'><strong>συνηξῶσανεξ</strong></span> <span class='ocrx_word' id='word_1_682' title='bbox 1093 5831 1171 5924; x_wconf 57' lang='lat' dir='ltr'><strong>si.</strong></span> <span class='ocrx_word' id='word_1_683' title='bbox 1195 5828 1878 5924; x_wconf 56' lang='grc' dir='ltr'><strong>,κρέγξεξἰίρρτηξεξξῐειτηίειῖ</strong></span> 
     </span>
    </p>
   </div>
   <div class='ocr_carea' id='block_1_106' title="bbox 277 5901 1870 5982">
    <p class='ocr_par' dir='ltr' id='par_1_106' title="bbox 277 5901 1870 5982">
     <span class='ocr_line' id='line_1_106' title="bbox 277 5901 1870 5982; baseline -0.009 -12"><span class='ocrx_word' id='word_1_684' title='bbox 277 5901 500 5970; x_wconf 65' lang='lat' dir='ltr'><strong>indunt</strong></span> <span class='ocrx_word' id='word_1_685' title='bbox 559 5901 1016 5980; x_wconf 78' lang='grc' dir='ltr'>συνακμᾶζουσαν</span> <span class='ocrx_word' id='word_1_686' title='bbox 1114 5901 1500 5962; x_wconf 32' lang='lat' dir='ltr'><strong>sed—&quot;fortasse</strong></span> <span class='ocrx_word' id='word_1_687' title='bbox 1576 5901 1870 5973; x_wconf 81' lang='lat' dir='ltr'><strong>supplcha</strong></span> 
     </span>
    </p>
   </div>
   <div class='ocr_carea' id='block_1_107' title="bbox 1986 5814 3590 5954">
    <p class='ocr_par' dir='ltr' id='par_1_107' title="bbox 1986 5814 3590 5954">
     <span class='ocr_line' id='line_1_107' title="bbox 1986 5814 3590 5954; baseline -0.006 -73"><span class='ocrx_word' id='word_1_688' title='bbox 1986 5827 2162 5954; x_wconf 70' lang='lat' dir='ltr'><strong>[fuerit</strong></span> <span class='ocrx_word' id='word_1_689' title='bbox 2197 5825 2510 5899; x_wconf 84' lang='lat' dir='ltr'><strong>coniunctio</strong></span> <span class='ocrx_word' id='word_1_690' title='bbox 2541 5824 2658 5893; x_wconf 74' lang='grc' dir='ltr'>καὶ,</span> <span class='ocrx_word' id='word_1_691' title='bbox 2687 5836 2808 5894; x_wconf 72' lang='lat' dir='ltr'><strong>quae</strong></span> <span class='ocrx_word' id='word_1_692' title='bbox 2837 5822 2943 5879; x_wconf 91' lang='lat' dir='ltr'><strong>duo</strong></span> <span class='ocrx_word' id='word_1_693' title='bbox 2988 5819 3077 5878; x_wconf 89' lang='lat' dir='ltr'><strong>illa</strong></span> <span class='ocrx_word' id='word_1_694' title='bbox 3122 5823 3308 5875; x_wconf 87' lang='lat' dir='ltr'><strong>nectat</strong></span> <span class='ocrx_word' id='word_1_695' title='bbox 3335 5814 3590 5877; x_wconf 68' lang='lat' dir='ltr'><strong>nomina,</strong></span> 
     </span>
     <span class='ocr_line' id='line_1_108' title="bbox 2009 5903 2194 5954; baseline 0 0"><span class='ocrx_word' id='word_1_696' title='bbox 2009 5903 2194 5954; x_wconf 75' lang='lat' dir='ltr'><strong>&#39;ossm.</strong></span> 
     </span>
    </p>
   </div>
   <div class='ocr_carea' id='block_1_108' title="bbox 2009 5903 2194 5957">
    <p class='ocr_par' dir='ltr' id='par_1_108' title="bbox 2009 5903 2194 5957">
     <span class='ocr_line' id='line_1_109' title="bbox 2009 5903 2194 5957; baseline -0.011 -2"><span class='ocrx_word' id='word_1_697' title='bbox 2009 5903 2194 5957; x_wconf 74' lang='lat' dir='ltr'><strong>‘ossm.</strong></span> 
     </span>
    </p>
   </div>
  </div>
