4070 6370
316 278 449 348 1601
1128 275 1665 339 EPISTOLARUM
1705 276 1853 339 LIB.
1894 276 1963 339 V.
2000 299 2069 311 ·-
2107 276 2344 340 EPIST.
2380 275 2735 337 CDLXXVI.
3468 278 3603 345 1609

318 396 515 467 μανίαν
536 392 670 465 εχει.
709 392 831 463 Χρὴ
858 392 1147 463 τοιγαροῦν
1185 392 1309 456 τοὺς
1334 391 1689 463 ἱερωμένους,
1713 388 1909 461 ὥσπερ

2016 404 2215 444 rorem.
2244 389 2409 445 Decet
2439 389 2624 460 itaque
2651 392 2825 445 sacris
2875 390 3157 445 dedicatos
3201 389 3364 445 veluti
3404 392 3600 456 templa

311 487 611 558 ἀνάκτορα,
668 484 871 549 παντὸς
926 484 1258 556 τυραννικοῦ
1309 483 1403 538 καὶ
1435 479 1666 552 αἰσχροῦ
1696 477 1901 543 πάθους

2012 482 2195 536 omnis
2225 483 2521 552 tyrannica:
2564 482 2831 552 tardaeque
2874 481 3304 551 perturbationis
3351 494 3609 554 expertes

314 579 551 642 ἀὸάτους
581 576 807 641 ἑαυτοὺς
837 576 1134 647 διατηρεῖν.

811 692 976 748 T01".
1008 722 1079 732 —
1107 690 1393 746 ΜΛΡΩΝῘ.

2010 586 2069 627 se
2100 585 2449 627 conservare.

2331 718 2339 725 .
2409 681 2736 738 coLxxut.
2768 714 2838 730 —.
2881 656 3175 744 nauem.

961 784 1159 856 Fugito
1194 795 1406 854 peccata
1438 796 1485 840 et
1513 786 1737 856 famam,
1773 780 2267 852 existimationeque
2292 754 2492 834 malum
2538 780 2697 850 facile
2730 781 2958 835 sedabis.

396 900 492 953 Ἐκ
515 899 626 953 τῶν
648 897 990 971 πραγμάτων
1018 897 1093 961 ὡς
1118 897 1187 951 τά
1227 896 1397 952 πολλὰ
1427 898 1483 951 αἱ
1515 898 1697 968 φῆμαι
1729 895 1895 966 φύον-

306 1008 432 1045 ταιο
472 993 528 1045 αι
591 992 690 1062 μὲν
720 988 814 1044 οὖν
855 990 1074 1059 ἀληθεῖς
1106 990 1169 1043 οὐ
1228 989 1447 1061 ῥαδίως,
1494 989 1640 1061 τάχα
1667 988 1726 1043 δὲ
1754 988 1895 1042 κούδ’

308 1083 447 1146 ὅλως
476 1083 812 1137 σϐέννυνται.
840 1084 907 1136 Ai.
933 1083 988 1135 δὲ
1004 1076 1240 1153 ψευδεῖς,
1259 1082 1356 1135 καὶ
1380 1082 1531 1153 παρά
1555 1080 1666 1135 τῶν
1685 1080 1898 1152 ἐχθρῶν

307 1175 507 1247 φθόνου
567 1175 755 1230 ἕνεκεν
800 1172 1198 1247 πραττόμεναι,
1235 1174 1313 1238 ὡς
1340 1173 1410 1228 τά
1447 1173 1714 1246 ἀράχνεια
1752 1171 1896 1241 ὑφά-

309 1284 514 1338 σματα,
555 1260 751 1321 θᾶττον
784 1265 1112 1320 διαλύονται.
1143 1266 1401 1320 Πέπαυσο
1440 1265 1619 1319 τοίνυν
1644 1263 1751 1318 τῶν
1772 1265 1899 1318 ἀτό-

307 1378 429 1415 πων
469 1361 753 1432 πράξεων
785 1361 835 1413 εί
887 1360 945 1415 δὲ
983 1362 1081 1431 μὴ,
1116 1361 1191 1433 μὴ
1239 1359 1541 1429 ἀγανάκτει
1596 1357 1765 1412 κατάν
1798 1358 1899 1430 τῆς

310 1454 526 1525 φήμης,
543 1452 619 1515 ὡς
653 1452 961 1524 πανταχόσε
979 1453 1373 1524 κωμῳδούσης.
1396 1451 1533 1506 Οὐδὲ
1559 1451 1669 1524 γὰρ
1698 1446 1811 1506 οἶόν
1837 1468 1896 1505 τε

309 1545 470 1617 ῥίζης
505 1544 616 1618 (48)
638 1544 868 1609 κλάδους
902 1544 977 1616 μὴ
1015 1545 1308 1615 ἀναφῦναι.

618 1655 785 1710 ΥΟΔ’.
823 1689 887 1703 --
919 1658 1184 1730 ΙΣΙΔΩΡῼ
1230 1658 1603 1730 ΕΠΙΣΚΟΠῼ.

2074 888 2240 944 Fama
2274 890 2517 945 nascitur
2565 889 2882 960 plerumque
2915 905 2977 944 ex
3008 891 3137 961 ipsis
3174 894 3426 964 negotiis,
3454 909 3597 963 qum,

2001 981 2047 1036 si
2079 995 2206 1036 vera
2236 981 2475 1044 exsistit,
2505 994 2610 1035 non
2646 979 2822 1046 facile,
2860 982 2997 1036 forte
3023 985 3184 1037 etiam
3221 1001 3327 1039 non
3364 988 3588 1040 omnino

2003 1074 2387 1143 exstinguitur.
2452 1072 2612 1128 Falsa
2653 1086 2843 1128 contra
2902 1076 2969 1128 ab
3018 1076 3266 1130 hostibus
3308 1078 3425 1133 fere
3485 1079 3596 1132 odii

2007 1183 2172 1224 causa
2201 1168 2457 1232 conﬁcta,
2496 1166 2674 1223 instar
2715 1168 2833 1223 tela:
2856 1181 3180 1223 aranearum
3221 1170 3330 1225 cito
3386 1171 3595 1225 interit.

2003 1261 2371 1327 Quamobrem
2419 1260 2613 1315 desine
2661 1259 2896 1315 absurde
2918 1274 3096 1330 agere,
3125 1261 3364 1332 alioquin
3397 1263 3596 1318 famam

2002 1351 2577 1418 existimatiouetnque
2613 1351 2687 1403 tui
2721 1363 2986 1404 accusare
3033 1350 3164 1413 noli,
3206 1352 3360 1420 quasi
3395 1353 3597 1423 ubique

2003 1443 2418 1514 perstringaris.
2457 1441 2568 1496 Nec
2589 1441 2736 1497 enim
2779 1441 2896 1496 lieri
2952 1450 3131 1510 potest
3164 1444 3295 1513 quin
3324 1459 3356 1501 e
3397 1445 3597 1501 radici-

2000 1537 2100 1592 bus
2133 1536 2268 1590 rami
2294 1534 2579 1605 pullulent.

2114 1648 2284 1720 399
2318 1646 2648 1703 anxxw.
2689 1677 2761 1690 —
2802 1645 3082 1705 tsmoao
3132 1646 3491 1705 EPISCOPO.

1236 1749 1517 1805 Hominem
1542 1750 1778 1821 iniquum
1806 1756 1856 1803 et
1880 1746 2201 1816 injuriosum
2234 1741 2508 1797 admoneri
2540 1740 2671 1799 vult.

381 1856 654 1926 Πιστεύω,
687 1854 771 1913 ὅτι
810 1861 860 1914 εί
897 1859 1054 1930 γνοίη
1085 1859 1238 1932 παρά
1263 1859 1369 1930 τῆς
1411 1860 1512 1930 σῆς
1561 1858 1842 1930 ὁσιότητος
1868 1859 1897 1911 ὁ

302 1954 373 2024 τῇ
408 1951 605 2007 ἑαυτοῦ
636 1952 949 2024 ἐπιτρέπων
993 1952 1244 2024 δυνάμει,
1274 1952 1378 2017 ὅτι,
1427 1952 1524 2005 σὺν
1548 1949 1668 2021 Θεῷ
1706 1951 1893 2020 φάναι,

302 2042 431 2113 τῆς·
458 2042 789 2112 Ἐκκλησίας
815 2043 881 2097 ὲκ
910 2045 1011 2114 τῆς
1059 2041 1267 2099 ἄνωθεν
1313 2040 1569 2121 βοηθείας
1595 2040 1897 2112 ὠχυρωμέ-

307 2152 431 2206 νης,
461 2137 558 2190 καὶ
588 2135 699 2189 τῶν
723 2136 905 2207 νόμων
938 2135 1294 2208 ἐρρωμένων,
1340 2133 1516 2197 οὐδεὶς
1546 2133 1698 2206 παρά
1720 2132 1782 2186 τὸ
1811 2132 1892 2186 δί-

303 2244 464 2281 καιον
493 2227 858 2283 ἐκϐιάσασθαι
887 2227 979 2282 τὸν
1021 2226 1233 2298 πένητα
1277 2226 1366 2296 ἐφ’
1413 2225 1570 2296 ὖόρει
1615 2226 1718 2295 τῆς
1772 2226 1896 2279 Ἐκ-

302 2316 540 2388 κλησίας
567 2317 669 2389 τῆς
706 2318 1010 2390 ὀρεγούσης
1041 2319 1154 2383 τοῖς
1203 2316 1580 2386 ἀδικουμένοις
1611 2315 1707 2387 τὴν
1734 2319 1895 2387 χεῖρα

300 2410 622 2483 δυνήσεται,
655 2412 1030 2483 ἀποστήσεται
1072 2411 1173 2482 τῆς
1206 2409 1349 2464 κατά
1383 2409 1479 2464 τοῦ
1517 2411 1754 2481 πένητος
1782 2410 1895 2464 ἀδι-

300 2500 454 2567 κίας,
494 2500 695 2572 μᾶλλον
723 2502 782 2555 δὲ
824 2503 925 2572 τῆς
946 2501 1079 2579 ’καθ’
1113 2500 1331 2556 ἑαυτοῦ.
1362 2501 1438 2555 υὺ
1472 2501 1583 2588 ⁸ιάρ
1636 2500 1895 2557 τοσοῦτον

293 2598 327 2650 ό
360 2595 590 2667 πάσχων
624 2595 785 2669 (τέως
841 2599 951 2670 γὰρ
995 2597 1167 2662 οὕτως
1200 2595 1482 2670 εἰρήσθω),
1529 2598 1654 2652 ὅσον
1684 2599 1712 2651 ό
1749 2597 1892 2667 δρῶν

294 2686 591 2744 ἀδικεῖται.

518 2796 686 2852 ΥοΕ’.
718 2826 788 2839 -
826 2795 1173 2871 ΔΘΑΝΑΣΙῼ
1201 2797 1676 2872 ΠΡΕΣΒΥΤΕΡῼ.

2078 1853 2276 1919 Credo,
2314 1853 2361 1909 si
2428 1854 2548 1923 quis
2595 1862 2703 1909 tua:
2755 1869 2814 1909 se
2848 1856 3194 1912 committens
3243 1857 3519 1924 potestati,
3565 1872 3598 1914 ι

2008 1956 2095 2003 tua
2118 1948 2416 2003 sanctitate
2450 1956 2767 2016 cognoscat,
2796 1949 2964 2018 quod,
2999 1958 3057 2002 ut
3081 1963 3206 2002 cum
3234 1947 3344 2003 Deo
3376 1949 3589 2019 loquar,

2004 2055 2126 2095 cum
2178 2039 2419 2094 Ecclesia
2473 2038 2684 2095 ccelesti
2730 2024 2936 2094 auxilio
2988 2041 3285 2106 nmniatur,
3340 2042 3596 2114 legesque

2003 2132 2240 2195 valeant,
2292 2132 2475 2187 nullus
2510 2147 2608 2200 per
2646 2131 3030 2188 contumeliam
3078 2132 3333 2188 Ecclesia:
3369 2150 3593 2200 manum

2002 2222 2148 2278 laesis
2174 2223 2446 2278 tendentis
2475 2233 2671 2293 praeter
2703 2224 2786 2279 fas
2806 2224 2963 2294 etjus
3001 2226 3223 2294 pauperi
3250 2225 3356 2279 vim
3388 2226 3594 2283 inferre

2001 2299 2226 2384 poterit,
2254 2315 2335 2370 sic
2367 2315 2743 2385 unusquisque
2769 2318 2843 2377 ab.
2862 2317 3059 2385 injuria
3092 2328 3282 2372 contra
3321 2333 3588 2389 pauperes

2002 2408 2175 2477 magis
2200 2422 2361 2476 quam
2394 2416 2582 2462 contra
2611 2424 2671 2463 se
2699 2408 3014 2471 abstinebit.
3048 2409 3236 2481 Neqoe
3278 2412 3423 2467 enim
3466 2420 3593 2467 tan-

2009 2506 2120 2554 tum
2162 2501 2207 2555 is
2259 2500 2349 2570 qui
2409 2502 2611 2571 accipit
2656 2500 2933 2571 injuriam,
2994 2512 3055 2558 ut
3110 2503 3245 2561 alias
3284 2504 3594 2573 docuimus,

1997 2598 2262 2660 quantum
2298 2590 2389 2660 qui
2414 2590 2541 2647 facit
2571 2591 2674 2648 sibi
2708 2590 2809 2663 ipsi
2839 2602 3018 2650 nocet.

2108 2791 2416 2848 CDLXXV.
2446 2824 2515 2834 —
2543 2791 2944 2867 ΑΤΠΑΝΑΞΙΟ
2990 2790 3481 2855 PRESBYTERO.

1168 2909 1369 2967 Virtuti
1401 2914 1580 2984 potius
1601 2929 1739 2969 vero!
1768 2926 1927 2982 quam
1956 2907 2191 2963 orationi
2218 2906 2413 2976 fucata:
2436 2908 2772 2963 studendum.

374 3045 573 3116 Πρώην
599 3045 699 3118 μὲν
723 3045 925 3119 ἐτέρων
951 3047 1172 3120 ἤκουον,
1196 3046 1293 3102 νῦν
1312 3047 1368 3102 δὲ
1394 3047 1567 3117 ἔγνων
1589 3047 1893 3102 δεινότατον

2070 3040 2256 3111 Nuper
2285 3058 2351 3096 ex
2380 3041 2489 3097 alio
2519 3043 2722 3110 audivi,
2757 3058 2901 3098 nunc
2947 3043 3111 3099 etiam
3150 3045 3401 3116 cognovi,
3453 3047 3594 3118 opti-

293 3136 431 3191 ὄντα
462 3154 521 3190 σε
557 3136 907 3210 ῥητορεύειν*
943 3138 1002 3203 ὃς
1049 3140 1143 3192 ἐπὶ
1172 3138 1435 3210 πράξεσιν
1479 3139 1622 3193 οὕτω
1655 3137 1896 3210 παρανό-

298 3247 430 3301 μοις
461 3234 557 3283 xei
590 3233 856 3302 πονηραῖς
893 3229 1068 3300 λόγων
1120 3218 1463 3304 εὐπρέπειαν
1510 3232 1743 3301 ἑχόντων
1795 3230 1896 3283 οὐκ

291 3322 609 3394 ἠπόρησας.
641 3322 782 3375 Ἀλλ’
801 3323 899 3393 οὐχ
920 3325 948 3377 ό
967 3323 1131 3395 τέχνῃ
1153 3322 1422 3395 τάληθοῦς
1446 3323 1892 3394 περιγενόμενος,

295 3414 545 3469 ἐπαίνων
572 3408 746 3480 άξιος,
788 3415 902 3468 ἀλλ’
958 3415 988 3468 ό
1017 3416 1075 3469 τὸ
1105 3415 1309 3487 ἀληθὲς
1358 3415 1603 3485 ἀτέχνως
1643 3412 1888 3486 φράζων.

311 3507 616 3578 Ἀφέμενος
637 3508 822 3561 τοίνυν
848 3508 949 3579 τῆς
983 3507 1311 3580 δεινότητος,
1335 3506 1461 3578 ἔχου
1485 3507 1583 3578 τῆς
1608 3504 1886 3577 ἀληθείας,

295 3598 403 3652 καὶ
429 3598 521 3651 τὸν
560 3597 673 3668 βίον
718 3596 814 3652 τὸν
859 3596 1059 3651 σαυτοῦ
1108 3597 1245 3669 πρὸς
1290 3598 1497 3668 ταύτην
1533 3595 1749 3666 βλέπων
1785 3594 1884 3667 96-

296 3688 483 3760 θμιζε.
506 3688 570 3741 Ei
592 3687 701 3759 γάρ
726 3689 822 3742 καὶ
865 3680 1187 3760 ἀνθρώπους
1231 3684 1705 3759 παραλογίσασθαι
1731 3686 1894 3758 δυνη-

297 3780 480 3852 Θείης,
514 3782 563 3834 εἰ
590 3780 685 3835 καὶ
717 3782 800 3835 δτι
835 3780 1069 3853 μάλιστα
1091 3780 1148 3835 δὲ
1180 3782 1311 3852 παρ’
1348 3781 1536 3844 αὐτοῖς
1578 3778 1893 3851 ἐφωράθης,

299 3872 443 3930 ἀλλὰ
474 3873 566 3929 τὸν
598 3872 1041 3946 ἀπαραλόγιστον
1065 3873 1127 3928 οὐ
1169 3871 1483 3943 φενακίσεις
1523 3871 1740 3943 κριτήν.

375 4182 561 4249 ΥΟΕΓ.
586 4211 659 4222 --
699 4181 1190 4305 MAPTIgIliAEbII‘ﬁb
1197 4178 1488 4324 13921311),
1530 4176 1819 4244 ΜΑΡΩΝΙ,

1999 3152 2145 3189 tntnn
2173 3146 2223 3191 te
2248 3136 2458 3190 dicendi
2489 3151 2609 3190 esse
2659 3135 2948 3205 artillcetn,
2984 3138 3091 3207 qui
3150 3140 3217 3193 dc
3247 3139 3406 3195 rebus
3455 3142 3593 3195 adeo

1998 3227 2101 3299 legi
2137 3228 2429 3283 contrariis
2455 3238 2618 3296 atque
2663 3228 2924 3297 improbis
2976 3231 3139 3285 verba
3190 3231 3592 3302 dictionemque

1999 3320 2077 3374 ita
2109 3322 2504 3389 composueris,
2564 3321 2695 3373 nihil
2743 3330 2801 3374 ut
2870 3322 3276 3377 desideraretur
3332 3325 3587 3394 amplius.

2002 3410 2111 3466 Sed
2155 3427 2330 3481 neque
2370 3414 2460 3481 qui
2507 3413 2794 3466 veritatem
2859 3423 2978 3468 arte
3022 3424 3246 3484 superat
3299 3414 3460 3469 laude
3528 3417 3590 3471 lit

2009 3506 2228 3576 dignus,
2263 3506 2358 3559 sed
2381 3506 2473 3575 qui
2504 3520 2623 3559 cam
2668 3505 2786 3559 sine
2834 3504 2960 3559 fuco
3014 3515 3070 3561 et
3112 3516 3230 3561 arte
3292 3507 3587 3577 eloquitur.

2002 3595 2370 3663 Quamobrem
2410 3597 2575 3652 missa
2613 3597 2827 3652 dicendi
2879 3598 2970 3652 illa
3025 3580 3318 3668 gravitate,
3354 3602 3419 3654 da
3460 3616 3592 3671 ope-

1996 3707 2110 3746 ram
2148 3692 2386 3757 veritati,
2422 3694 2495 3756 ad,
2520 3708 2750 3763 eamque
2798 3694 3098 3764 respiciens
3140 3707 3286 3751 tuam
3317 3712 3583 3767 compone

1994 3785 2187 3840 vitam.
2211 3784 2323 3839 Etsi
2345 3785 2488 3839 enim
2519 3785 2749 3841 dicendo
2781 3788 3181 3844 circumvenire
3228 3799 3384 3859 potes
3415 3791 3592 3845 homi-

1994 3892 2113 3943 nes,
2160 3878 2409 3947 quamvis
2465 3878 2533 3933 ab
2582 3877 2686 3933 illis
2753 3878 3152 3948 deprehensus,
3214 3896 3339 3936 eum
3407 3892 3589 3937 tamen

1997 3985 2159 4041 quem
2191 3972 2330 4026 ratio
2363 3988 2640 4042 nunquam
2667 3972 2824 4043 fugit,
2844 3973 3082 4042 iudicem
3108 3973 3298 4032 fallere
3317 3990 3592 4047 nunquam

2001 4079 2199 4136 possm.

2037 4174 2372 4237 CDLXXVI.
2428 4208 2503 4248 7—
2558 4177 3008 4243 MARTINIANO,
3080 4177 3355 4248 ZOSIMO,
3408 4180 3534 4239 MA—

2422 4247 2586 4304 ROM
2623 4249 2709 4303 ET
2735 4250 2822 4306 EU
2835 4249 3152 4307 STATIHO.

1051 4367 1133 4420 Ad
1160 4368 1349 4421 bonum
1396 4369 1603 4438 frugem
1634 4383 1726 4422 eos
1748 4364 1956 4428 invitat,
1998 4373 2052 4417 ut
2092 4373 2147 4419 et
2177 4380 2324 4432 supr.
2356 4366 2514 4431 epist.
2545 4365 2672 4432 3H,
2714 4366 2842 4421 “5.

387 4482 670 4553 Ἐνέτυχον
700 4481 841 4553 ἁγίῳ
872 4480 1048 4554 ἀνδρὶ,
1082 4474 1127 4550 ᾧ
1157 4479 1316 4552 ἔργον
1364 4481 1481 4533 ἐστὶ
1522 4479 1583 4533 τὸ
1616 4479 1758 4551 ὑπὲρ
1782 4478 1894 4534 τῶν

2070 4474 2296 4531 Occurri
2336 4492 2508 4548 nuper
2567 4479 2687 4534 viro
2733 4489 2943 4558 sancto,
3004 4482 3159 4553 cujus
3226 4481 3466 4541 cilicium
3512 4484 3588 4541 sit

309 4573 620 4627 πταιόντων
649 4573 918 4627 ἱκετεύειν
958 4573 1021 4625 τὸ
1052 4571 1209 4626 Θεῖον
1237 4571 1376 4644 (ῐστε
1401 4571 1458 4624 δὲ
1487 4571 1545 4625 δν
1570 4572 1761 4644 λέγω),
1797 4572 1894 4626 καὶ
1918 4650 1925 4656 _

304 4659 452 4718 εἶδον
484 4664 743 4718 ὑπόθεσιν
777 4662 929 4734 αὒτῷ
959 4662 1212 4735 δακρύων
1254 4663 1464 4717 ἀενάων
1495 4664 1587 4717 τὸν
1626 4662 1893 4734 ὑμέτερον

304 4757 639 4828 γεγενῆσθαι
668 4756 802 4829 βίον.
850 4756 1253 4827 Αίσχυνόμενος
1286 4756 1395 4829 γὰρ
1438 4756 1532 4809 ἐπὶ
1576 4757 1691 4820 τοῖς
1742 4756 1896 4827 παρὰ

307 4847 531 4901 πάντων
562 4849 694 4917 περὶ
728 4845 885 4918 ὑμῶν
929 4845 1410 4917 κωμῳδουμένοις,
1459 4846 1615 4916 ἔλεγε
1645 4851 1757 4911 τοῖς
1787 4864 1896 4901 πα·-

309 4939 576 5012 ρακαλεῖν
628 4938 1032 5010 πειρωμένοις⁹
1074 4956 1094 4990 t
1148 4940 1376 5007 Ἄφετε,
1418 4940 1634 5011 πικρῶς
1664 4940 1898 4994 κλαύσο-

313 5050 436 5104 μαι,
476 5033 551 5104 μὴ
581 5032 907 5104 κατισχύετε
936 5031 1279 5103 παρακαλεῖν
1332 5049 1422 5103 με.
1459 5046 1479 5083 ι
1515 5028 1647 5086 Εἶτα
1678 5032 1755 5096 ὡς
1802 5034 1900 5086 ἁν-

307 5127 530 5178 ένευσεν
558 5124 736 5192 ὀλίγον
759 5126 823 5178 ὲκ
849 5124 960 5178 τῶν
975 5123 1208 5196 θρήνων,
1235 5125 1337 5178 οὐκ
1369 5120 1465 5179 οἶδ’
1497 5126 1526 5179 ὅ
1557 5143 1608 5179 τι
1637 5126 1902 5198 ἐννοήσας

311 5217 397 5288 (οὐ
440 5215 551 5288 γάρ
603 5216 847 5286 ἀσφαλὲς
882 5216 993 5271 τῶν
1041 5217 1255 5289 ἀδήλων
1288 5218 1681 5290 κατατολμᾷν),
1712 5218 1901 5292 ὥσπερ

309 5311 500 5376 ἔνθους
551 5309 868 5379 γενόμενος,
920 5310 1018 5364 καὶ
1067 5310 1149 5374 είς
1196 5310 1427 5382 οὐρανὸν
1459 5310 1795 5381 ἀναϐλέψας,
1824 5310 1901 5376 ὡς

308 5401 475 5458 αὐτὸν
504 5402 646 5474 ὁρῶν
688 5401 779 5456 τὸν
820 5402 1037 5456 πάντων
1067 5402 1366 5474 Δεσπότην,
1397 5403 1622 5473 ἐϐόησεν
1645 5417 1657 5431 °
1700 5420 1718 5454 t
1762 5402 1901 5468 Δόξα

2002 4568 2169 4623 Deum
2206 4582 2305 4636 pro
2351 4569 2794 4639 delinquentibus
2847 4571 3164 4649 suppliciter
3215 4588 3375 4629 orare
3427 4576 3591 4647 (nosti

2002 4678 2165 4729 quem
2193 4661 2418 4730 dicam),
2452 4674 2506 4720 et
2533 4662 2782 4718 videbam
2808 4667 3093 4719 materiam
3120 4666 3194 4720 illi
3226 4677 3485 4736 perpetuo
3517 4669 3594 4725 la-

2003 4752 2281 4827 cryntantli
2318 4754 2554 4809 oblatam
2590 4764 2827 4809 vestram
2863 4756 2931 4810 ob
2964 4756 3151 4811 vitam.
3208 4755 3423 4814 Pudore
3448 4762 3592 4816 enim

2005 4847 2098 4903 ille
2136 4846 2372 4903 suﬂ‘usus
2427 4864 2591 4917 sul-er
2638 4850 2721 4906 his
2757 4865 2879 4920 quae
2917 4851 2983 4906 de
3028 4852 3182 4906 vobis
3246 4866 3595 4912 accusatores

2007 4951 2459 5009 commemorant,
2516 4942 2585 4999 iis
2632 4944 2723 5012 qui
2770 4943 3044 4998 consolari
3090 4945 3452 5015 conabantur,
3513 4946 3597 5003 sic

2006 5034 2082 5087 ait
2119 5052 2132 5088 :
2176 5051 2196 5086 ι
2235 5034 2414 5088 Sinite
2439 5035 2830 5089 miserabiliter
2872 5035 3175 5104 deplorem,
3204 5050 3380 5108 neque
3425 5039 3594 5095 solari

2005 5138 2093 5179 me
2122 5122 2388 5180 desistite.
2423 5142 2442 5177 ›
2486 5125 2690 5181 Deinde
2717 5127 2807 5181 ubi
2829 5140 2891 5182 se
2914 5127 3160 5201 nonnihil
3184 5145 3211 5181 a
3237 5127 3592 5200 laerytnando

2005 5217 2246 5289 collegit,
2284 5219 2469 5275 nescio
2495 5219 2625 5289 quid
2650 5220 2899 5291 cngitans
2945 5220 3147 5292 (neque
3189 5222 3335 5275 enim
3390 5222 3596 5279 incerta

2003 5312 2223 5383 aggredi
2258 5322 2431 5366 tutum
2472 5313 2601 5384 εει),
2627 5314 2796 5370 veluti
2836 5313 3072 5368 Numine
3100 5312 3332 5380 albatus,
3361 5313 3595 5370 celum-

2002 5422 2109 5477 que
2135 5406 2430 5477 aspiciens,
2456 5409 2608 5477 quasi
2645 5408 2888 5464 omnium
2925 5406 3140 5465 videret
3174 5389 3485 5477 Dominum,
3516 5406 3597 5463 sic

1411 5562 1641 5620 VARUE
1677 5562 2063 5621 LECTIONES
2100 5564 2186 5621 ET
2226 5564 2463 5622 ΝΟΤιΕ.

381 5711 498 5797 (43)
531 5721 680 5782 Inter
718 5720 877 5799 ρἱης
916 5733 968 5784 et
1010 5725 1238 5793 κλάδους
1280 5738 1425 5787 recte
1460 5725 1618 5787 codd.
1655 5726 1913 5786 VatrGEO

2019 5727 2129 5785 Alt.
2160 5728 2410 5787 inserunt
2448 5729 2680 5815 τοῦσης.
2722 5731 2935 5787 Possm.
