4070 6374
545 281 680 346 ιοῡι

1742 289 1804 347 S.
1847 286 2140 348 ISlDORI
2185 283 2626 345 PELUSIOTrE

3666 299 3787 364 1604

540 403 866 458 exclamavit
921 421 993 456 τι
1029 402 1174 468 Tibi,
1228 404 1366 469 Rex,
1408 403 1603 475 gloria,
1657 403 1825 474 gloria
1885 403 1979 457 tibi
2035 403 2127 457 sit.

2244 421 2344 465 σοι,
2378 399 2623 472 βασιλεῦ,
2662 399 2788 466 δόξα
2828 417 2928 454 σοι.
2963 399 3145 470 Πόσης
3183 401 3550 474 μακροθυμίας
3583 410 3787 484 πέλαγος

541 495 768 564 Quanta!
798 495 1075 566 patientiae
1121 497 1216 552 tibi
1246 495 1510 568 pelagus?
1557 505 1820 566 quantum
1875 505 2128 549 avertens

2244 496 2386 568 παρὰ
2430 497 2541 550 eoi!
2583 496 2754 565 πόσης
2799 494 3154 562 ἀνεξικακίας
3198 493 3498 568 θησαυρόςι
3535 501 3594 553 Οἱ
3634 503 3712 559 διὰ
3737 509 3790 564 τὸ

543 589 744 646 malum
775 589 1160 659 de‘pcllensque
1216 591 1504 646 tbesaurus
1556 591 1656 646 es?
1698 589 1836 656 Quot
1889 599 1982 644 tuo
2035 605 2129 643 no-

541 683 688 735 mine
726 695 792 736 ex
839 681 1092 736 obscuris
1115 691 1279 750 atque
1327 682 1744 750 iugloriiS'clzu-i
1786 682 2132 750 illustresque

543 771 692 834 facti,
736 770 942 826 honore
975 779 1165 825 contra
1221 783 1295 835 te,
1333 775 1422 842 qui
1467 773 1746 828 ltonurasti
1807 773 1971 842 ipsos,
2005 782 2136 826 sunt

543 863 724 926 abusi,
757 861 1066 932 audentque
1093 857 1198 916 neu
1244 864 1513 926 audenda,
1562 877 1829 933 sacraque
1875 861 2138 918 conviciis

541 951 929 1022 proscindunt,
958 964 1246 1022 peccantes
1274 954 1426 1008 venia
1449 955 1612 1007 etiam
1641 955 1880 1024 indigna.
1911 971 1930 1004 ι
1961 952 2138 1020 Quare

541 1046 643 1100 nisi
675 1047 762 1100 hic
791 1061 889 1116 pro
921 1046 1042 1100 aliis
1087 1061 1275 1110 orans,
1321 1056 1377 1099 et
1413 1061 1511 1114 pro
1563 1047 1764 1100 vestris
1799 1047 1965 1100 etiam
2000 1044 2135 1100 deli-

543 1139 650 1192 ctis
711 1138 804 1192 Dei
860 1121 1213 1208 patientiam.
1254 1139 1832 1208 longanimitalemque
1883 1138 2138 1208 precibus

2237 583 2411 656 ὄνομα
2438 585 2496 639 τὸ
2529 586 2621 639 σὺν
2664 585 2724 650 ἐξ
2756 584 2983 655 ἀφανῶν
3036 581 3132 638 καὶ
3162 583 3368 655 ἀτίμων
3417 586 3650 662 λαμπροὶ
3700 597 3785 652 καὶ

2241 677 2595 748 περίϐλεπτοι
2630 677 2938 746 γεγονότες,
2972 679 3038 748 τῇ
3069 679 3202 748 τιμῇ
3248 677 3388 732 κατὰ
3431 680 3521 733 σοῦ
3549 682 3636 736 τοῦ
3665 702 3794 741 τετιο

2245 769 2484 840 μηκότος
2534 768 2855 840 κέχρηνται,
2917 769 3014 823 καὶ
3059 767 3329 838 τολμῶσιν
3379 771 3667 843 ἀτόλμητα,
3709 779 3795 832 καὶ

2247 861 2630 932 ἐνυϐρίζουσιν
2660 863 2741 926 είς
2766 861 2837 915 τὰ
2863 863 3016 930 ἅγια,
3052 858 3382 931 συγγνώμης
3417 863 3796 935 ἁμαρτάνοντες

2247 955 2490 1025 μείζονα.
2529 973 2548 1006 ι
2591 954 2654 1008 Εί
2687 953 2866 1008 τοίνυν
2917 954 3012 1008 καὶ
3043 953 3072 1006 6
3117 953 3257 1024 ὑπὲρ
3313 955 3420 1007 τῶν
3461 955 3628 1010 ἄλλων
3678 977 3797 1030 πρεο

2246 1046 2474 1112 σϐεύων,
2494 1046 2584 1100 διὰ
2599 1045 2665 1100 τὰ
2681 1045 2924 1117 ὑμέτερα
2940 1044 3258 1116 πταίσματα
3271 1045 3368 1115 τὴν
3384 1043 3529 1100 θείαν
3545 1046 3794 1123 ἐξεπλάγη

2249 1137 2657 1210 μακροθυμίαν,
2700 1139 2784 1200 τίς
2829 1137 2970 1210 ὑπὲρ
3017 1135 3173 1208 ὑμῶν
3208 1136 3512 1204 ins-redeat;
3546 1139 3628 1202 τίς
3680 1159 3796 1212 πρε-

540 1228 805 1300 fatigarit,
825 1231 970 1300 quis,
1005 1246 1209 1309 (ιιιαξεο,
1239 1233 1459 1301 supplex
1495 1247 1590 1300 pro
1617 1231 1769 1288 vobis
1802 1229 1999 1284 fuerit?
2024 1229 2139 1299 quis

2247 1229 2500 1296 σϐεύσεις
2531 1230 2614 1294 τίς
2646 1231 3089 1300 παραστήσεται;
3133 1227 3466 1292 Ἐννοοῦντες
3494 1224 3604 1295 οὖν,
3631 1225 3679 1284 οἷ
3701 1232 3793 1288 τῶν

540 1322 962 1389 dcprecabitur?
992 1323 1178 1392 ecquis
1207 1321 1462 1375 assistet?
1491 1320 1800 1390 Cogitantes
1822 1321 2006 1388 itaque
2035 1333 2142 1390 quo

539 1415 805 1469 malorum
835 1414 1185 1477 deveneritis,
1217 1430 1244 1466 a
1269 1412 1489 1482 ﬂagitiis
1520 1413 1812 1466 abstinete.

629 1526 793 1596 700
820 1525 1170 1580 CDLXXVII.
1202 1555 1266 1564 —-
1291 1523 1602 1579 OLYMPIO
1639 1524 1726 1580 ET
1772 1523 2068 1580 ISIDOBO.

2243 1320 2431 1376 κακῶν
2458 1322 2602 1387 ὲστε,
2641 1319 2927 1375 παύσασθε
2956 1318 3323 1389 ἀσύγγνωστα
3347 1319 3638 1384 πταίοντες.

2559 1524 2730 1579 ΥοΖν.
2768 1554 2837 1564 -
2870 1520 3204 1595 eamme,
3236 1521 3515 1594 ιΣιΔοΡο.

541 1615 674 1684 Qui:
699 1635 812 1672 vere
835 1620 1064 1688 sapiens.
1103 1617 1177 1689 (γ
1183 1618 1266 1671 ide
1291 1618 1446 1686 epist.
1491 1616 1644 1687 497.)
1681 1615 2016 1743 νὶτιιιεῷςιίῖι
2063 1615 2632 1740 docté'iuzjuugeuda.
2670 1615 2777 1670 Illa
2819 1617 3028 1684 [ructus
3060 1623 3136 1668 est
3188 1615 3380 1680 instar,
3416 1615 3524 1670 Ita'c
3550 1612 3792 1684 foliorum.

1445 1731 1452 1737 .
1909 1704 1935 1739 υ
2005 1704 2063 1740 ον
2103 1704 2172 1740 κη
2214 1705 2240 1742 e
2317 1701 2503 1741 tamn.

1909 1701 2063 1740 υΑΑον
2103 1701 2240 1742 unde
2278 1701 2503 1741 αιειιιηι.

611 1777 920 1846 Sapientem
960 1775 1208 1845 equidem
1262 1775 1501 1838 nomino,
1559 1790 1665 1830 non
1711 1777 1803 1846 qui
1851 1784 2134 1846 promptus
2164 1789 2210 1850 Β

543 1867 597 1920 ἱιι
629 1866 811 1936 lingua
853 1866 1048 1920 habent
1099 1877 1382 1936 poetarum
1441 1865 1792 1934 rhapsodias,
1844 1867 2141 1921 disertasve

540 1968 818 2013 oratorum
865 1957 1167 2020 orationes,
1213 1965 1308 2010 aut
1353 1955 1800 2025 philosophorum
1858 1956 2044 2020 tricas,
2082 1966 2141 2010 ut

537 2050 842 2115 existimas,
875 2046 968 2102 sed
995 2047 1088 2118 qui
1115 2061 1298 2103 mores
1331 2047 1567 2112 excolat.
1605 2048 1882 2120 vitamque
1915 2063 2140 2118 compo-

542 2141 647 2196 site
672 2138 852 2208 degat.
882 2137 1038 2193 llunc
1067 2153 1174 2192 non
1212 2137 1398 2193 extolli
1429 2137 1578 2192 hisce
1609 2145 1775 2208 puto:
1808 2138 1966 2193 talem
1992 2141 2139 2196 enim

539 2247 640 2287 nec
691 2231 761 2285 ab
795 2230 903 2284 illis
961 2229 1240 2285 deturbari
1299 2229 1740 2300 praacipitemque
1795 2229 1913 2284 dari
1969 2243 2131 2300 posse

540 2324 820 2379 existimo.
877 2321 1208 2392 [inprobitas
1260 2321 1405 2376 enim
1473 2320 1692 2375 dicendi
1727 2320 1829 2376 sibi
1873 2333 2138 2392 arrogans

543 2417 796 2486 peritiam
824 2416 983 2487 longe
1011 2414 1264 2485 graviora
1299 2427 1462 2484 quam
1491 2411 1730 2480 inscitia,
1767 2410 1908 2466 mala
1934 2419 2136 2481 patrat.

537 2507 755 2562 Miraris
808 2516 864 2562 tu
914 2508 1132 2576 quidem
1181 2505 1236 2560 id
1282 2520 1313 2558 a
1365 2519 1454 2559 me
1492 2503 1878 2574 pronuntiari;
1941 2511 2133 2558 testem

537 2597 679 2652 dabo
719 2595 1120 2669 Thucydidem,
1151 2595 1305 2664 cujus
1337 2595 1453 2650 haec
1482 2594 1646 2648 verba
1689 2601 1856 2649 sunt:
1899 2609 1919 2644 ι
1961 2593 2135 2662 Impe-

537 2690 666 2745 ritia
705 2691 987 2746 modestiae
1017 2689 1308 2760 conjuncta
1345 2686 1535 2741 utilior
1581 2694 1664 2740 est
1709 2683 1976 2740 industria
2015 2697 2137 2736 cum

543 2782 800 2839 libertate
848 2782 1162 2852 conjuncta.
1201 2781 1279 2834 Ac
1315 2779 1636 2850 plerumque
1679 2775 1774 2846 qui
1830 2775 2139 2832 humilioris

543 2885 673 2932 sunt
705 2875 934 2944 ingenii,
973 2874 1165 2929 melius
1201 2888 1362 2941 quam
1407 2870 1722 2926 solertiorcs
1753 2868 2138 2939 rempublicam

545 2967 956 3022 administrant.
1006 2983 1024 3016 ι
1078 2965 1268 3034 Itaque
1298 2963 1345 3018 si
1382 2979 1483 3018 nec
1517 2962 1723 3032 ingenii
1755 2961 2136 3016 dexteritatem

543 3057 634 3112 ille
672 3057 879 3126 recepit
919 3056 1142 3125 (damno
1193 3053 1336 3108 malo
1371 3053 1531 3108 enim
1567 3061 1650 3106 est
1685 3065 1791 3106 non
1837 3060 1983 3106 recte
2009 3049 2137 3104 illud

2312 1777 2483 1846 Σοφὸν
2519 1775 2699 1845 ἔγωγε
2751 1773 2994 1846 ἠγοῦμαι
3048 1774 3110 1828 οὐ
3139 1772 3232 1827 τὸν
3275 1773 3378 1838 τὰς
3425 1772 3533 1827 τῶν
3585 1776 3800 1847 ποιητῶν

2248 1870 2550 1942 ῥαψῳδίας,
2589 1870 2684 1922 καὶ
2713 1865 2813 1931 τὰς
2842 1866 2952 1920 τῶν
2977 1867 3228 1938 ῥητόρων
3254 1867 3588 1938 δεινότητας,
3609 1867 3694 1921 καὶ
3717 1865 3806 1930 τὰς

2241 1963 2353 2016 τῶν
2399 1961 2582 2032 σοφῶν
2620 1959 2942 2033 τερθρειας,
2992 1958 3068 2022 ὡς
3119 1960 3392 2030 νομίζεις,
3448 1959 3536 2012 ἐπὶ
3583 1958 3806 2030 γλώττης

2243 2054 2454 2125 ἔχοντα,
2492 2052 2630 2106 ἀλλά
2659 2050 2752 2106 τὸν
2776 2051 2837 2104 τὸ
2866 2046 2998 2122 ἦθος
3024 2050 3436 2120 ὲξασκήσαντα,
3467 2049 3562 2103 καὶ
3588 2049 3670 2103 τὸν
3697 2050 3810 2120 τρό-

2244 2162 2344 2198 πον
2374 2143 2739 2216 ρυθμίσαντα.
2767 2141 2876 2197 Τὸν
2901 2142 3014 2215 γάρ
3039 2139 3286 2196 τοιοῦτον
3337 2141 3443 2219 οξδ⁹
3473 2141 3563 2194 ὑπ’
3607 2140 3809 2194 ἐκείνων

2249 2235 2753 2311 ἐκτραχηλίζεσθαι
2780 2229 2959 2306 οἶμαι.
2990 2231 3234 2304 Πονηρία
3269 2233 3387 2304 γὰρ
3414 2231 3508 2304 τὴν
3532 2229 3621 2286 τοῦ
3645 2231 3808 2302 λέγειν

2243 2327 2539 2398 ἐμπειρίαν
2590 2323 3006 2397 προσλαϐοῦσα,
3051 2321 3235 2393 πολλῷ
3286 2321 3669 2394 ἀργαλεώτερα
3723 2321 3810 2390 τῆς

2245 2413 2486 2485 ἀμαθίας
2513 2413 2812 2486 ἐργάζεται
2839 2412 3008 2468 κακά.
3042 2409 3106 2464 Ei
3143 2410 3201 2464 δὲ
3244 2407 3553 2481 θαυμάζεις
3579 2407 3638 2462 τὸ
3672 2408 3806 2480 είρη-

2255 2506 2436 2577 μένον,
2488 2507 2826 2578 ὲγγυήσεται
2870 2502 3202 2574 Θουκυδίδης
3257 2501 3444 2571 λέγων
3467 2517 3480 2532 ⁸
3519 2519 3538 2554 ι
3596 2499 3805 2572 ’Διιαθία

2246 2599 2386 2669 μετὰ
2420 2598 2779 2670 σωφροσύνης
2820 2595 3267 2668 ὡφελιμώτερον,
3326 2595 3360 2667 ἢ
3403 2593 3638 2665 δεξιότης
3683 2591 3800 2663 μετὰ

2242 2689 2558 2755 ἀκολασίας.
2599 2709 2617 2743 ι
2640 2691 2705 2744 Et
2727 2691 2908 2744 τοίνυν
2936 2689 3058 2742 οὐδὲ
3088 2687 3190 2760 τὴν
3224 2687 3464 2758 εὐφυΐαν
3505 2687 3697 2750 ἐκεῖνος
3716 2685 3805 2738 ἀπ-

2247 2783 2468 2848 εδέξατο
2500 2785 2660 2856 (πρὸς
2693 2781 2866 2838 κακοῦ
2897 2782 3004 2854 γάρ
3033 2781 3245 2852 γίνεται
3276 2783 3398 2844 τοῖς
3435 2779 3507 2850 μὴ
3539 2777 3708 2841 καλῶς
3730 2775 3806 2829 αὐ-

2243 2875 2340 2946 τὴν
2366 2874 2720 2947 γεωργοῦσι),
2777 2875 2941 2946 σχολῇ
2981 2890 3046 2942 γε
3081 2871 3348 2944 περὶτῆς
3376 2869 3572 2938 ἔξωθεν
3611 2867 3805 2924 παιδεύ-

2245 2985 2383 3032 σεως
2427 2967 2858 3038 ἀποφανούμεθα
2889 2967 2965 3030 ὡς
3005 2965 3164 3030 ἀξίας
3193 2963 3386 3033 λόγου,
3423 2964 3547 3016 ὅταν
3585 2959 3805 3032 ότρόπος

2243 3059 2544 3124 ἀκόλαστος
2567 3060 2675 3132 εἴη.
2709 3060 2772 3113 El
2800 3057 2900 3131 μὲν
2927 3053 3020 3112 οὖν
3049 3056 3220 3127 ἄμφω
3245 3056 3552 3119 συνέϐαινε,
3576 3052 3808 3124 φρόνησίς

540 3147 893 3220 colentibus),
924 3147 1094 3203 multo
1119 3147 1300 3202 minus
1345 3145 1414 3202 ab
1459 3153 1689 3200 externa
1723 3142 2010 3215 disciplina
2041 3157 2136 3198 ceu

2244 3170 2301 3205 τε
2324 3151 2420 3206 καὶ⁵
2458 3152 2740 3215 παίδευσις
2765 3191 2780 3218 ,
2828 3151 3102 3216 τουτέστι,
3159 3151 3370 3224 τρόπος
3402 3149 3498 3205 καὶ
3548 3149 3711 3230 λόγος,
3753 3142 3803 3199 εὖ

543 3243 706 3314 digna
740 3255 996 3298 sermone
1033 3241 1406 3306 ceusebimur,
1447 3239 1538 3296 ubi
1572 3252 1753 3293 mores
1789 3237 1992 3292 fuerint
2021 3237 2138 3293 dis-

541 3337 730 3391 soluti.
773 3338 956 3402 Quare
998 3335 1044 3391 si
1103 3344 1339 3404 utraque
1395 3333 1746 3398 obvenerint,
1777 3330 2060 3403 prudentia
2087 3339 2141 3386 et

541 3438 692 3482 recta
727 3427 1020 3491 institutio,
1049 3426 1154 3481 hoc
1178 3435 1282 3492 est,
1310 3439 1490 3481 mores
1533 3424 1861 3492 dicendique
1887 3421 2138 3488 facultas,

543 3523 683 3576 bene
704 3535 791 3576 res
819 3520 984 3574 habet
1007 3536 1022 3584 ;
1053 3520 1096 3574 si
1121 3532 1248 3574 vero
1273 3517 1501 3573 alterum
1529 3516 1688 3581 desit,
1719 3513 1912 3569 melius
1933 3514 2134 3583 eligen-

543 3616 672 3669 dum
704 3623 812 3669 est.
854 3613 1110 3668 Testatur
1147 3611 1197 3666 id
1235 3611 1400 3666 etiam
1455 3609 1630 3673 Plato,
1662 3622 1770 3678 quo
1803 3607 1920 3662 solo
1964 3607 2142 3662 inore

543 3705 765 3760 assidue
800 3704 1070 3774 gestando
1141 3702 1417 3774 gloriaris.
1477 3700 1569 3754 Ait
1615 3700 1760 3754 enim
1797 3717 1812 3754 :
1861 3717 1880 3751 ‹
1916 3699 2141 3752 Animas

547 3797 758 3864 optime
792 3810 821 3848 a
853 3795 1145 3864 iuventute
1172 3793 1474 3859 institutas,
1507 3792 1551 3846 si
1584 3791 1786 3846 malum
1818 3791 2140 3846 nanciscatu-

559 3897 649 3940 tur
671 3895 1090 3955 praeceptorem,
1119 3883 1276 3939 valde
1301 3883 1474 3939 malas
1513 3885 1686 3950 reddi,
1734 3902 1754 3935 ι
1783 3897 2142 3952 magnamque

549 3976 879 4047 injustitiam
929 3990 1248 4046 meramque
1285 3975 1690 4046 improbitatem
1721 3989 1786 4031 ex
1817 3975 1950 4029 falsa
1991 3975 2140 4029 inve-

547 4079 838 4138 terataque
878 4079 1074 4124 natura
1128 4077 1388 4138 corrupta
1426 4067 1752 4123 educatione
1787 4065 1943 4134 ﬁeri,
1987 4073 2141 4119 natu-

545 4174 664 4214 ram
693 4174 826 4214 vero
863 4158 1192 4215 imbecillem
1232 4174 1554 4230 magnorum
1578 4173 1697 4227 quae.
1726 4172 1825 4212 nec
1854 4157 1996 4212 bona
2024 4156 2132 4212 sint

546 4267 648 4306 nec
671 4251 838 4317 mala,
872 4266 1093 4307 causam
1145 4251 1417 4306 interdum
1459 4251 1745 4305 exsistere.
1777 4249 2139 4316 Quamobrem

545 4343 590 4396 si
630 4341 927 4398 historicus
963 4357 1234 4408 suuunus,
1287 4342 1653 4411 princepsque
1691 4339 2138 4410 pltilOSOpliorum

546 4450 730 4492 mores
765 4436 1000 4491 orationi
1056 4443 1110 4490 et
1149 4435 1274 4488 vita:
1331 4433 1786 4488 consuetudinem
1835 4433 2141 4502 omnigeni».

546 4528 808 4582 doctrime
829 4537 1170 4596 atileponcre
1196 4525 1296 4579 visi
1331 4523 1462 4590 sint,
1489 4523 1642 4595 quid,
1667 4538 1872 4593 quaeso,
1907 4522 2133 4578 absurdi

545 4618 875 4674 cstasscria
924 4632 1013 4672 me
1061 4616 1292 4670 fructum
1323 4613 1466 4670 foliis
1507 4614 1683 4684 magis
1725 4628 1846 4669 esse
1889 4628 2136 4669 necessa-

545 4709 727 4764 rium?
759 4708 1018 4766 Fructum
1050 4719 1229 4763 autem
1255 4707 1512 4763 virtutem
1537 4721 1658 4762 esse
1701 4705 1974 4771 dicimus;
2009 4705 2134 4761 folia

547 4816 680 4856 vero
722 4799 1054 4872 frondesque
1089 4801 1227 4857 bene
1253 4795 1472 4853 dicendi
1497 4812 1619 4852 esse
1655 4796 1994 4852 facultatem.
2029 4793 2136 4850 Fo-

548 4890 620 4945 lia
655 4891 872 4960 quidem
903 4900 1157 4946 ornatum
1192 4890 1374 4946 arbori
1399 4887 1633 4943 afferunt
1666 4888 1892 4959 agitata,
1930 4897 1987 4941 at
2010 4885 2172 4943 vero'

2242 3245 2308 3300 ἂν
2339 3245 2472 3316 ἔχοι.
2511 3246 2572 3298 Εἰ
2602 3246 2658 3298 δὲ
2682 3245 2914 3316 θάτερον
2946 3245 3228 3316 λείπηται,
3263 3245 3498 3318 ἄμεινον
3532 3241 3732 3297 ἑλέσθαι
3755 3239 3807 3292 τὸ

2244 3339 2515 3408 κρεῖττον.
2551 3337 2673 3390 Ὅτι
2699 3336 2754 3388 δὲ
2787 3335 2944 3390 ταῦθ’
2980 3334 3156 3399 οὕτως
3191 3335 3335 3406 ἔχει,
3374 3335 3697 3406 ὲγγυήσειαι
3726 3329 3806 3384 καὶ

2245 3430 2495 3492 Πλάτων,
2549 3429 2608 3483 ὃν
2651 3430 2820 3494 αὐτὸς
2860 3431 2955 3484 καὶ
3006 3429 3168 3500 μόνον
3218 3429 3512 3502 ὀνομάζων
3543 3423 3802 3498 ἐναϐρύνῃ.

2243 3523 2384 3594 Φησὶ
2413 3523 2521 3592 γάρ
2543 3540 2557 3554 '
2607 3542 2624 3574 ι
2663 3523 2813 3594 Φημὶ
2844 3522 2946 3584 τὰς
2981 3521 3161 3594 ψυχὰς
3190 3521 3293 3586 τὰς
3331 3520 3692 3592 εὐφυεστάτας
3724 3533 3806 3570 κα·

2243 3615 2344 3684 κῆς
2377 3601 2754 3683 παιδαγωγίας
2795 3612 3088 3686 τυχούσας,
3135 3613 3509 3686 διαφερόντως
3542 3608 3708 3673 κακὰς
3735 3607 3805 3676 γί-

2243 3704 2454 3759 νεσθαι’
2502 3724 2519 3756 ι
2557 3706 2652 3758 καὶ
2704 3705 2817 3775 (49)
2865 3705 2934 3758 τά
2970 3705 3180 3776 μεγάλα
3232 3707 3576 3777 ἀδικήματα,
3605 3703 3693 3756 καὶ
3723 3699 3804 3770 τὴν

2242 3795 2481 3866 ἄκρατον
2527 3795 2790 3867 πονηρίαν
2825 3797 2890 3849 ἐκ
2934 3794 3167 3868 φαύλης,
3198 3795 3320 3850 ἀλλ’
3357 3798 3459 3850 οὐκ
3489 3797 3553 3850 ὲκ
3581 3791 3805 3859 νεανικῆς

2244 3887 2479 3957 φύσεως,
2521 3891 2696 3959 τροφῇ
2749 3887 3102 3958 διολλυμένης
3146 3888 3440 3958 γίγνεσθαι
3472 3905 3486 3920 ο
3532 3885 3719 3955 ἀσθενῆ
3758 3881 3804 3934 δὲ

2243 3976 2405 4047 φύσιν
2429 3976 2684 4048 μεγάλων
2711 3976 2836 4031 οὔτε
2865 3977 3074 4042 κακῶν,
3099 3977 3224 4032 οὕτε
3243 3979 3472 4048 ἀγαθῶν
3497 3977 3671 4033 αἰτίαν
3696 3971 3806 4027 ποτὲ

2243 4066 2482 4122 ἔσεσθαι.
2522 4067 2585 4120 Ei
2613 4066 2797 4122 τοίνυν
2830 4069 2925 4123 καὶ
2957 4070 2986 4123 ό
3027 4067 3136 4122 τῶν
3169 4070 3609 4142 ἱστοριογράφων
3640 4066 3803 4136 ἄκρος.

2243 4161 2339 4214 καὶ
2363 4161 2392 4212 6
2421 4159 2531 4214 τῶν
2572 4160 2881 4230 φιλοσόφων
2927 4166 3226 4232 κορυφαῖος
3263 4165 3328 4218 τὸ
3361 4159 3494 4237 ἦθος
3523 4162 3614 4216 τοῦ
3645 4159 3805 4226 λόγω.

2243 4254 2338 4306 καὶ
2369 4252 2458 4306 τὸν
2496 4253 2698 4324 τρόπον
2721 4254 2822 4325 τῆς
2857 4253 3203 4324 πολυμαθίας
3233 4255 3622 4326 προκρίνοντες
3651 4247 3809 4318 ὤφθη-

2246 4360 2368 4409 σαν,
2399 4344 2454 4396 τί
2482 4343 2682 4398 ἄτοπόν
2715 4362 2876 4416 φημι,
2910 4346 3003 4400 τὸν
3035 4346 3249 4418 καρπὸν
3279 4345 3458 4416 λέγων
3482 4341 3810 4414 ἀναγκαιότεο

2249 4451 2342 4506 ρον
2367 4433 2476 4487 τῶν
2507 4433 2722 4505 φύλλων
2749 4439 3036 4509 ἡγεῖσθαι;
3066 4439 3294 4512 Καρπὺν
3322 4441 3425 4511 μὲν
3449 4440 3558 4512 γὰρ
3577 4435 3806 4508 ὁρίζομαι
3833 4471 3844 4488 .

2244 4522 2393 4582 εἶναι
2418 4527 2519 4600 τὴν
2547 4529 2776 4602 ἀρετὴν,
2815 4531 2994 4602 φύλλα
3025 4531 3124 4604 τὴν
3155 4531 3518 4602 εὐγλωττίαν.
3553 4530 3696 4584 Ποιεί
3724 4525 3808 4596 μὲν

2244 4616 2340 4675 οὖν
2373 4639 2495 4676 τινα
2523 4623 2728 4696 κόσμον
2760 4625 2838 4697 τῷ
2868 4625 3076 4699 δένδρῳ
3109 4627 3222 4700 (50)
3256 4628 3325 4682 τὰ
3350 4627 3528 4696 φύλλα
3559 4619 3805 4694 περισειό-

2249 4731 2409 4784 μενα,
2436 4714 2552 4768 ἀλλ’
2578 4717 2606 4770 6
2635 4718 2847 4789 καρπός
2867 4721 3018 4774 ἐστιν
3037 4721 3066 4772 6
3087 4718 3444 4791 ζητούμενος,
3474 4719 3542 4774 δι’
3567 4715 3625 4770 ὃν
3646 4711 3732 4768 καὶ
3749 4710 3805 4764 τὰ
3847 4699 3853 4704 ’
3895 4776 3901 4782 ,

2249 4804 2427 4874 φύλλα
2457 4808 2772 4879 γεγένηται.
2805 4811 2919 4865 Καὶ
2947 4810 3078 4892 ἴσως
3117 4809 3262 4866 οὕτω
3291 4810 3559 4882 κέκληται
3588 4803 3728 4878 παρά
3755 4800 3806 4853 τὸ

2249 4896 2542 4965 φυλάττειν
2572 4900 2760 4955 αὐτόν.

547 4983 641 5054 qui
671 4982 956 5050 quaeritur,
978 4981 1186 5038 fructus
1207 4982 1444 5046 exsistit,
1485 4978 1641 5049 cujus
1704 4979 1878 5049 gratia
1943 4977 2034 5034 illa
2091 4982 2480 5045 adnascantur.
2516 4991 2583 5045 Et
2638 4993 2768 5050 hinc
2827 4994 2964 5050 forte
2999 4992 3053 5067 [a
3091 4994 3296 5052 Graecis
3351 4995 3553 5066 φύλλον
3585 4988 3684 5046 ἀπδ
3710 4981 3788 5039 τοῦ

551 5074 843 5146 φυλάττειν
870 5089 898 5128 a
933 5073 1318 5146 custodiendo]
1359 5087 1555 5128 nomen
1591 5071 1875 5127 sortiatur.

981 5163 1215 5220 CDLXX
1230 5163 1357 5218 νιιι.
1389 5195 1460 5206 -
1490 5159 1724 5219 EIDEM.

2723 5167 2899 5222 rom
2938 5199 3010 5208 —
3037 5167 3124 5242 Tn
3156 5170 3360 5242 ΑΥΤῼ.

1053 5253 1124 5308 De
1144 5251 1344 5307 Zosimi
1369 5264 1416 5308 et
1452 5253 1716 5308 sodalium
1754 5252 1918 5308 vitiis.
1947 5251 2108 5323 (Infr.
2155 5251 2308 5322 epist.
2345 5252 2496 5324 482.)
2541 5253 2748 5312 Veritas
2775 5263 2960 5330 quanti
2991 5265 3328 5318 mtimanda.

635 5339 796 5402 Valde
840 5352 894 5398 tu
947 5343 1161 5413 quidem
1209 5342 1524 5409 admiraris,
1579 5357 1701 5412 qua:
1751 5357 1922 5412 nuper
1965 5343 2132 5397 ad-te

2311 5343 2485 5408 Αὐτὸς
2515 5345 2616 5416 μὲν
2656 5346 2778 5404 λίαν
2808 5346 3192 5425 ὲξεθαύμασας
3239 5354 3306 5410 τά
3361 5352 3556 5428 πρώην
3603 5346 3806 5410 ὲτιιστα⁸

1668 5475 1898 5532 VARIAS
1933 5477 2320 5536 LECTIONES
2353 5480 2443 5538 ET
2480 5481 2718 5545 ΝΟΤδΕ.

647 5641 744 5711 49)
767 5641 874 5697 Καὶ
905 5640 1062 5694 iidem
1089 5646 1298 5694 mutant
1321 5638 1372 5691 in
1401 5637 1458 5707 ἢ.
1494 5634 1705 5692 Possm.

624 5641 740 5782 250)
775 5711 916 5767 Inter
949 5711 1154 5781 δένδρῳ
1203 5719 1257 5766 et
1284 5706 1351 5762 τὰ
1396 5707 1640 5762 inserunt
1684 5723 1705 5760 κ

653 5702 740 5785 5ο)
775 5711 916 5767 Inter
949 5711 1154 5781 δένδρῳ
1203 5719 1257 5766 et
1284 5706 1351 5762 τὰ
1396 5702 1640 5762 inserunt
1684 5705 1778 5760 mi.
1829 5707 1988 5765 iidem
2029 5707 2266 5767 codices.
2313 5702 2390 5760 lo.
