4070 6386
325 283 343 350 1
355 285 460 348 θθ5

1213 284 1754 346 EPISTOLARUM
1795 285 1942 344 LIB.
1985 285 2050 344 V.
2077 309 2145 318 -
2177 286 2416 348 EPIST.
2454 291 2780 353 CDLXXX.

3447 303 3588 370 ,1606

315 389 475 444 λέντα
501 406 512 420 ·
547 389 886 455 κινδυνεύεις
920 390 976 445 δὲ
1010 391 1149 444 αὐτὰ
1186 392 1518 464 ἀνατρέπειν
1561 393 1643 462 τῷ
1696 409 1903 464 γεγρα-

2009 395 2331 462 conscripsi,
2363 402 2583 466 propius
2626 411 2684 454 ut
2719 401 2852 456 nihil
2885 403 2955 458 sit
3001 419 3162 474 quant
3213 417 3272 462 ut
3322 408 3586 480 reponas,

309 483 492 554 φέναι,
522 483 591 536 δι’
639 483 708 555 ἥν
751 483 933 537 αἰτίαν
979 482 1250 554 Ζώσιμος,
1283 484 1380 538 καὶ
1431 484 1752 549 Εὐστάθιος,
1807 483 1902 537 καὶ

308 575 516 645 Μάρων
573 575 713 646 μήτε
757 574 922 646 λόγῳ,
963 576 1100 646 μήτε
1155 575 1254 646 βίῳ
1299 575 1732 645 διαπρέποντες,
1781 576 1900 629 ἀλλ’

308 661 673 718 ἀπαιδευσίαν
730 663 971 735 ἐσχάτην
1007 665 1066 716 ἐν
1121 665 1369 736 ἐκατέρῳ
1422 666 1744 734 νοσοῦντεςο,
1803 667 1900 722 καὶ

260 777 270 783 ·
306 755 572 826 κωμῳδία
605 756 702 809 καὶ
728 755 902 822 γέλως
939 757 1074 810 πᾶσι
1107 757 1484 828 προκείμενοι,
1521 758 1772 814 δοκοῦσιν
1820 761 1902 824 εἰς

309 844 614 916 ἱερωσύνην
643 845 839 900 τελεῖν.
889 843 1030 914 Ἐγὼ
1049 845 1107 899 δὲ
1133 847 1312 917 ἁπλῆν
1346 847 1442 900 καὶ
1464 847 1606 919 σαφῆ
1633 848 1734 920 τὴν
1759 849 1898 902 ἀπο-

307 935 502 1005 λογίαν
535 937 862 1007 ποιήσομαι.
896 938 958 990 Εἰ
988 937 1086 1008 μὲν
1113 937 1223 1008 γὰρ
1255 938 1395 1010 ὑπὲρ
1419 938 1600 994 αὐτῶν
1624 939 1714 992 τὸν
1741 939 1896 1008 λόγον

309 1028 686 1100 ἐποιησάμην,
716 1029 816 1100 τὴν
832 1029 1032 1100 ἀρετὴν
1061 1034 1160 1103 τῆς
1193 1031 1530 1096 παιδεύσεως
1563 1033 1894 1104 προκρίνων,

301 1121 532 1184 εἰκότως
560 1120 624 1174 ἄν
667 1137 736 1191 με
770 1122 850 1185 εἰς
879 1124 1126 1195 ἀνάγκην
1177 1123 1474 1192 ἀπολογίας
1518 1124 1896 1196 κατέστησας⁶

301 1211 442 1266 εἰδὲ
501 1211 814 1284 προσώπων
863 1214 962 1284 μὲν
993 1214 1152 1284 λόγος
1198 1211 1266 1286 ἦν
1323 1216 1501 1280 οὐδεὶς
1525 1257 1540 1283 ,
1587 1216 1721 1270 αὐτὸ
1749 1217 1806 1272 δὲ
1835 1219 1896 1272 τὸ

300 1304 543 1374 πρᾶγμα
591 1303 716 1358 καθ’
744 1304 909 1358 ἐαυτὸ
955 1305 1343 1372 ἐϐασανίζετοο
1379 1307 1455 1372 ὡς
1503 1309 1600 1362 καὶ
1638 1309 1802 1364 αὐτόν
1832 1327 1893 1364 σε

299 1393 680 1462 ἐκπλαγέντα,
711 1395 787 1459 ὡς
816 1395 976 1468 ἔφης,
1019 1397 1082 1450 τὸ
1116 1397 1314 1463 κάλλος
1363 1400 1457 1453 καὶ
1499 1400 1600 1472 τὴν
1627 1401 1894 1474 ’ἀλήθειαν

295 1484 412 1538 τῶν
437 1486 866 1557 γεγραμμένων,
895 1487 1118 1559 μείζους
1139 1489 1170 1560 ἢ
1205 1489 1326 1544 κατ’
1359 1491 1460 1561 ἐμὲ
1484 1492 1740 1557 ἐπαίνους
1762 1495 1894 1567 ὑφῆ-

292 1597 411 1632 ναι.
442 1580 510 1632 Τί
540 1579 742 1651 δήποτε
765 1580 860 1634 νῦν
891 1580 1212 1653 ἀνθρώπους
1241 1585 1386 1648 ὅπως
1413 1583 1613 1656 δήποτε
1641 1586 1892 1658 βιοῦντας

290 1675 382 1732 εἰς
412 1670 577 1740 μέσον
599 1669 941 1744 προύθηκας,
974 1673 1280 1744 ἐξελέγχειν
1301 1675 1371 1729 τὰ
1401 1675 1592 1746 πρώην
1609 1677 1891 1748 γραφέντα

289 1762 635 1832 ἐπ.χειρῶν;
691 1763 826 1816 Οὐδὲ
876 1763 986 1836 γὰρ
1033 1765 1084 1817 εἰ
1133 1765 1343 1837 μυρίων
1393 1768 1592 1822 ἐκεῖνοι
1648 1768 1884 1840 γέμουσι

291 1853 512 1921 κακῶν,
547 1853 642 1908 καὶ
673 1855 882 1918 πάντας
915 1855 1263 1928 ἀπέκρυψαν,
1311 1858 1386 1924 ὡς
1433 1861 1741 1932 γέγραφας,
1770 1867 1892 1928 ταῖς

292 1946 696 2018 παρανομίαις,
727 1947 830 2018 ἤδη
858 1951 888 2002 ό
909 1947 1066 2018 λόγος
1092 1951 1121 2003 ὁ
1146 1951 1278 2021 παρ’
1311 1951 1468 2022 ἡμῶν
1499 1953 1528 2006 ό
1553 1957 1619 2026 τῇ
1665 1955 1892 2028 ἀληθείᾳ

289 2041 670 2113 ὠχυρωμένος
695 2042 1168 2114 ἀνατραπήσεται.
1231 2045 1376 2098 Ἀλλ’
1408 2047 1610 2100 ἐκεῖνοι
1643 2048 1742 2118 μὲν
1785 2049 1886 2122 ἤδη

287 2131 532 2186 τοιοῦτοί
559 2133 667 2186 εἰσι
709 2135 849 2206 μετὰ
876 2133 970 2190 τοῦ
1015 2135 1423 2208 κωμῳδεῖσθαι,
1471 2139 1566 2194 καὶ
1609 2140 1765 2212 δίκην
1794 2143 1887 2196 ἀν-

291 2225 558 2280 ύποιστον
576 2225 912 2299 δώσουσιν-ἠ
945 2227 1000 2282 δέ
1027 2228 1256 2300 ἀλήθεια
1279 2231 1574 2302 διαλάμψει
1599 2231 1881 2302 μειζόνως,

284 2317 356 2370 οὐ
385 2317 516 2388 παρ’
561 2317 768 2388 ’ὀλίγων
823 2320 1076 2391 πονηρῶν
1125 2321 1484 2394 ἐλεγχομένη,
1535 2323 1672 2378 ἀλλὰ
1703 2325 1874 2396 ταύτῃ

289 2408 538 2479 μάλιστα
564 2409 924 2483 λαμπροτέρα
949 2413 1231 2486 γινομένη,
1267 2415 1350 2468 ὅτι
1377 2417 1506 2479 τοὺς
1537 2416 1612 2486 μὴ
1637 2415 1878 2489 ἐρῶντας

285 2500 487 2570 αὐτῆς,
515 2500 795 2566 δυσκλεεῖς
818 2504 1220 2575 ἀποφαίνουσα,
1249 2507 1374 2572 τοὺς
1396 2507 1634 2580 ἐραστὰς
1663 2509 1880 2564 εὐκλεε-

285 2589 526 2654 στάτους
557 2591 955 2662 ἀπεργάζεται.

616 2724 788 2782 ree.
820 2755 892 2768 -
935 2726 1238 2802 ΕΥΤΟΝΙῼ
1275 2730 1599 2806 ΔΙΑΚΟΝῼ.

2013 483 2270 553 quidnam
2297 487 2367 541 sit
2391 504 2592 558 causa‘,
2617 507 2713 546 cur
2735 493 3007 562 Zosimus,
3059 497 3372 558 Eustathius
3391 489 3449 558 ἐἰ
3474 503 3588 560 Ma-

2007 588 2103 627 ron
2133 589 2307 644 neque
2335 579 2602 646 oratione,
2672 598 2848 654 neque
2881 586 3096 642 vivendi
3153 591 3403 648 instituto
3433 611 3582 650 como

2005 665 2166 735 positi
2230 667 2358 733 sint,
2397 669 2489 724 scd
2550 681 2792 730 extrema
2845 677 3062 734 inscitia
3095 681 3150 734 in
3185 691 3416 754 utroque
3459 700 3588 756 pec-

2003 766 2208 823 cantes,
2238 773 2358 813 cum
2396 761 2508 816 aeri
2543 767 2954 834 reprehensioni
3001 772 3248 839 obnoxii,
3291 785 3402 830 tum
3447 777 3588 833 ludi-

2002 847 2123 903 brio
2172 849 2404 918 expositi
2456 853 2522 905 ad
2588 859 2952 915 sacerdotium
3003 871 3207 920 temere
3263 867 3580 936 irruperint.

2000 935 2262 1005 Equidem
2293 939 2616 1008 simpliciter
2639 945 2963 1017 sincereque
3003 935 3389 1010 defensionem
3413 957 3577 1012 insti-

2001 1037 2170 1083 tuam.
2211 1031 2366 1100 701
2400 1033 2680 1102 Siquidem
2735 1039 2878 1092 enim
2911 1045 2976 1094 de
3002 1041 3134 1110 ipsis
3155 1059 3464 1102 sermonem
3499 1049 3586 1102 in-

1998 1119 2148 1172 stitui
2179 1110 2432 1176 virtutem
2456 1123 2756 1194 disciplina:
2783 1127 3096 1197 praeferens,
3117 1131 3240 1200 jure
3267 1125 3474 1205 optimo
3496 1153 3583 1196 me

1996 1211 2064 1265 ad
2097 1211 2205 1266 mei
2245 1207 2616 1271 defensionem
2665 1221 2979 1289 compulisti
3012 1239 3028 1289 ;
3067 1224 3111 1278 si
3159 1241 3287 1282 vero
3322 1243 3583 1299 persona.

1996 1317 2115 1356 rum
2159 1303 2308 1358 nulla
2335 1315 2453 1359 erat
2505 1308 2665 1374 ratio,
2702 1312 2980 1381 negotium
3034 1331 3164 1369 vero
3195 1319 3367 1388 ipsum
3394 1337 3490 1390 per
3522 1337 3584 1378 se

1995 1391 2289 1462 diligenter
2323 1397 2766 1466 examinabatur,
2821 1410 2878 1455 ut
2919 1401 3034 1472 ipse
3065 1406 3388 1475 admiratus,
3438 1413 3582 1481 quod

1995 1482 2224 1548 aiebas,
2257 1485 2718 1556 pulchritudinem
2771 1499 2828 1546 et
2870 1494 3157 1550 veritatem
3225 1499 3576 1570 scriptorum,

1995 1575 2229 1646 majores
2261 1591 2422 1645 quam
2457 1593 2669 1634 mereor
2712 1581 2898 1639 laudes
2949 1599 3290 1656 coutexeres,
3317 1591 3578 1661 quidnam

1993 1665 2258 1736 sanejam
2295 1667 2545 1724 homines
2583 1675 3075 1746 quomodocunqne
3109 1679 3353 1736 viventes
3378 1684 3430 1736 in
3467 1699 3581 1738 me-

1924 1749 1964 1804 Β
1995 1753 2142 1810 dium
2169 1758 2462 1826 protulisti,
2491 1759 2815 1832 redarguere
2832 1765 3032 1836 scripta
3059 1784 3234 1836 nuper
3257 1771 3584 1840 aggresws?

1999 1847 2116 1904 Non
2144 1851 2290 1904 enim
2315 1850 2362 1905 si
2393 1851 2622 1908 inlinitis
2668 1855 2743 1910 illi
2773 1866 2902 1912 sunt
2951 1858 3138 1916 referti
3199 1863 3373 1928 nalis,
3407 1874 3482 1930 et,
3522 1873 3584 1920 ut

1991 1941 2284 2010 scripsisti,
2336 1953 2563 1998 cunctos
2604 1947 2902 2002 sceleribus
2952 1951 3065 2006 suis
3117 1952 3436 2020 obscurant,
3462 1957 3578 2026 jam

1989 2033 2168 2087 oratio
2193 2047 2219 2084 a
2255 2034 2410 2087 nobis
2443 2037 2673 2092 veritate
2726 2039 2940 2094 ﬁrmata
2975 2044 3341 2100 subvertetnr.
3377 2035 3576 2104 Verum

1987 2122 2062 2176 illi
2093 2123 2226 2178 tales
2269 2134 2393 2192 post
2437 2127 2918 2196 reprehensionem
2960 2133 3127 2187 etiam
3175 2137 3574 2199 intolerandam

1987 2213 2136 2268 luent
2169 2229 2408 2282 poenam.
2442 2217 2558 2286 Ipsa
2589 2233 2773 2274 autem
2818 2223 3020 2279 veritas
3062 2231 3234 2298 magis
3273 2229 3568 2298 elucesret,

1985 2320 2093 2358 non
2139 2321 2168 2359 a
2214 2309 2404 2377 paut'is
2458 2311 2719 2380 improbis
2749 2317 3108 2385 reprehensa,
3151 2322 3245 2376 sed
3298 2323 3401 2378 hoc
3449 2324 3570 2394 ipso

1987 2395 2184 2470 clarior
2235 2397 2399 2465 facta,
2435 2403 2578 2470 quod
2626 2419 2721 2459 vos
2754 2407 2938 2463 hostes
2979 2409 3240 2481 inglorios
3275 2415 3572 2472 ostendens

1989 2500 2263 2546 arttatores
2297 2492 2684 2551 celeberrimos
2707 2495 2934 2553 eﬂiciat.

2196 2740 2527 2800 CDLXXIX.
2571 2777 2642 2788 —
2682 2745 2988 2808 EUTONIO
3029 2753 3349 2813 DIACONO.

282 2835 453 2892 .Hulti
489 2847 758 2894 merentur
805 2850 992 2896 nomen
1033 2849 1084 2896 et
1119 2858 1220 2898 non
1249 2843 1458 2913 habent,
1505 2848 1595 2901 sed
1636 2848 2039 2976 multilfgmam
2069 2855 2280 2925 habent,
2329 2875 2490 2930 quam
2536 2878 2642 2917 non
2691 2875 2979 2924 merentur.
3033 2868 3251 2927 Invidia
3307 2875 3431 2930 boni
3462 2870 3574 2940 fere

1826 2942 1854 2976 α
1895 2935 2074 2976 orant.

1826 2935 2074 2981 avaram.
3454 2979 3459 2985 .

361 3035 571 3102 Πόσους
593 3039 694 3094 οἴει
730 3039 839 3094 τῶν
866 3041 1168 3114 ἀνθρώπων
1191 3045 1512 3120 ἀνωνύμους
1535 3051 1630 3105 καὶ
1651 3053 1874 3122 ἀδίξους

282 3123 432 3182 εἶναι
462 3129 643 3202 πολλῷ
680 3132 1137 3207 σπουδαιοτέρους
1178 3141 1586 3212 γεγενημένους
1617 3144 1725 3199 τῶν
1751 3147 1874 3216 ᾁδο-
1904 3127 1946 3183 C

287 3221 472 3292 μένων
501 3239 516 3291 ;
549 3223 626 3295 τῷ
653 3227 782 3288 τοὺς
807 3227 906 3297 μὲν
933 3231 1174 3300 ποιητῶν
1199 3235 1384 3302 τυχεῖν
1425 3236 1518 3288 καὶ
1545 3235 1867 3308 λογοποιῶν,

281 3311 401 3366 τῶν
433 3315 544 3368 πᾶν
577 3315 640 3368 τὸ
673 3317 1050 3388 πραττόμενον
1080 3321 1156 3391 μὴ
1181 3321 1319 3390 πρὸς
1351 3321 1450 3394 τὴν
1479 3323 1735 3395 ἀλήθειαν
1757 3345 1875 3400 κρι-

281 3405 514 3470 νόντων,
536 3405 674 3460 ἀλλὰ
701 3407 838 3480 πρὸς
860 3409 928 3481 ἣν
961 3405 1108 3482 εἶχον
1125 3410 1337 3466 εὔνοιαν
1362 3414 1874 3487 ὑπολαμϐανόντων,

237 3521 244 3533 ι
284 3495 388 3548 καὶ
419 3493 480 3548 τὸ
510 3494 860 3568 κατορθωθὲν
884 3497 1263 3570 οὐρανόμηκες
1294 3502 1594 3558 ποιούντων
1617 3523 1631 3537 ·
1661 3509 1788 3572 τοὺς
1815 3509 1873 3562 δὲ

287 3583 370 3655 μὴ
443 3583 738 3657 ἐσχηκέναι
779 3587 908 3651 τοὺς
963 3589 1314 3662 ύμνήσαντας
1357 3593 1444 3646 διὰ
1475 3595 1688 3664 φθόνον,
1738 3598 1876 3670 ὅπερ

279 3678 411 3738 ταῖς
433 3674 715 3749 λαμπραῖς
735 3676 1000 3749 πράξεσιν
1026 3681 1342 3738 ἀκολουθεῖν
1361 3683 1576 3740 εἴωθεν.
1605 3688 1876 3744 Ἐνταῦθα

299 3768 408 3840 μὲν
442 3763 537 3824 οὖν
574 3769 622 3823 εἰ
656 3771 751 3824 καὶ
794 3769 981 3836 ἔδοξαν
1011 3775 1060 3827 οἰ
1097 3773 1194 3845 μὲν
1229 3776 1698 3850 ἁνακεκηρύχθαι,
1730 3783 1779 3835 oi
1818 3783 1876 3837 δὲ

286 3860 691 3932 σεσιωπῆσθαι,
723 3860 818 3916 τοῦ
848 3862 1056 3935 κόσμου
1079 3864 1264 3920 λοιπὸν
1295 3869 1376 3934 εἰς
1407 3869 1562 3936 τέλος
1583 3873 1876 3946 ἐπειγομέ-

284 3968 410 4016 νου,
445 3952 628 4006 ἐκεῖσε
659 3953 788 4018 τοὺς
823 3949 994 4020 θντως
1035 3955 1326 4030 λαμπροὺς
1358 3964 1452 4016 καὶ
1481 3964 1724 4032 ἐνδόξους
1751 3967 1878 4038 ὀψό-

291 4039 460 4114 μεθα,
493 4043 594 4114 τῆς
641 4041 794 4108 θείας
823 4043 981 4117 δίκης
1009 4047 1109 4102 οὐκ
1147 4049 1480 4124 ἀνεξομένης
1507 4055 1572 4108 ἐκ
1623 4057 1722 4128 τῆς
1768 4057 1878 4112 τῶν

286 4129 602 4204 ἀνθρώπων
649 4131 810 4206 δόξης
843 4136 1090 4206 ἐνεγκεῖν
1135 4140 1234 4210 τὴν
1285 4143 1486 4214 ψῆφον,
1525 4143 1643 4200 ἀλλ’
1675 4149 1741 4202 ἐκ
1775 4149 1879 4220 τῆς

285 4225 518 4292 οἰκείας,
549 4225 651 4298 τῆς
696 4227 1028 4301 εἰλικρινοῦς
1093 4234 1190 4287 καὶ
1233 4233 1602 4295 ἀδιαπτώτου.
1654 4243 1746 4314 Μὴ
1781 4241 1877 4299 οὖν

281 4319 576 4392 ὀλιγώρει,
602 4323 653 4375 εἰ
691 4323 1117 4396 οὐρανοπολίτης
1147 4324 1223 4380 ὢν
1265 4328 1366 4392 τὰς
1389 4329 1498 4384 τῶν
1541 4331 1877 4403 φθονούντων

296 4427 384 4465 σοι
405 4410 654 4481 γλώττας
681 4415 887 4488 αἰχμῆς
907 4417 1164 4487 νεηκόνου
1192 4417 1454 4492 ὀξυτέρας
1481 4423 1713 4498 αἰσθάνῃ
1737 4428 1876 4484 κατά

298 4501 505 4556 σαυτοῦ
535 4505 864 4576 φερομένας,
893 4505 1032 4561 ἀλλὰ
1059 4505 1147 4562 διὰ
1168 4508 1327 4564 τοῦτο
1357 4509 1592 4582 μάλιστα
1628 4513 1874 4590 λαμπρό-

290 4609 460 4667 τερος
489 4593 713 4651 έσεσθαι
749 4597 1142 4687 προσδόκησον.

761 4755 894 4811 ΥἸΡ.
933 4785 1003 4797 -
1037 4758 1127 4830 To
1155 4759 1361 4833 ΑΥΤῼ.

2063 3059 2334 3128 Quotnam
2379 3073 2539 3134 putas
2581 3065 2831 3126 homines
2876 3071 2994 3128 sine
3042 3072 3185 3128 fama
3257 3076 3577 3150 ignotosque

1980 3154 2164 3210 vivere
2193 3157 2410 3212 virtutis
2458 3160 2628 3230 magis
2674 3163 2944 3219 studiosos
2970 3165 3338 3239 clarioresque
3364 3213 3380 3236 ,
3411 3187 3573 3242 quam

1983 3247 2038 3301 hi
2069 3263 2295 3316 quorum
2325 3249 2688 3306 decantantur
2718 3256 2986 3310 nomina?
3019 3257 3081 3312 lli
3105 3261 3249 3314 enim
3274 3264 3418 3318 nacti
3450 3265 3573 3333 qni-

1979 3340 2098 3394 dem
2149 3351 2272 3394 sunt
2304 3355 2489 3410 poetas
2515 3353 2676 3412 atque
2713 3346 3024 3415 historicos,
3057 3367 3144 3407 res
3171 3363 3352 3424 gestas
3380 3370 3572 3414 omnes

1979 3447 2084 3486 non
2121 3447 2187 3486 ex
2221 3447 2370 3502 vero,
2395 3435 2490 3488 sed
2517 3436 2682 3492 animi
2735 3438 3113 3496 benevolentia
3149 3443 3200 3498 in
3237 3446 3408 3515 majus
3440 3462 3569 3516 pro-

1981 3525 2264 3590 vehentcs,
2307 3535 2361 3580 et
2392 3527 2661 3596 quidquid
2701 3539 2849 3586 recte
2891 3532 3110 3588 factum
3139 3535 3191 3590 in
3227 3537 3422 3592 cadum
3456 3539 3572 3593 lano

1978 3615 2137 3671 dibus
2170 3617 2506 3672 extulerunt.
2554 3618 2629 3672 llli
2677 3632 2865 3677 contra
2925 3625 2994 3680 ob
3045 3625 3303 3681 invidiam
3329 3629 3468 3699 (qua:
3502 3631 3568 3686 il-

1980 3706 2170 3762 lustria
2210 3709 2526 3780 plerumque
2569 3714 2773 3782 stipare
2815 3714 2954 3770 facta
2999 3719 3306 3789 consuevit)
3344 3722 3566 3779 minime

1979 3801 2256 3867 consecuti
2289 3801 2377 3871 qui
2413 3803 2790 3872 pranlicarent.
2817 3804 2916 3861 Hic
2957 3807 3121 3878 igitur
3147 3810 3246 3864 etsi
3276 3811 3564 3874 videantur

1981 3890 2031 3946 lti
2098 3891 2313 3960 quidem
2377 3895 2684 3963 prtedicari,
2749 3896 2824 3952 illi
2895 3915 3028 3955 vero
3085 3899 3304 3958 silentio
3367 3906 3564 3974 premi,

1982 3981 2183 4038 mundo
2205 3983 2422 4038 tandem
2459 3985 2524 4038 ad
2559 3984 2719 4040 linem
2747 3987 3000 4056 deducto,
3031 3989 3140 4046 illic
3171 4007 3356 4049 revera
3389 3994 3568 4050 claros

1981 4084 2036 4130 et
2062 4075 2330 4146 gloriosos
2359 4076 2684 4145 videbimus,
2734 4080 2828 4136 Dei
2869 4081 3083 4151 justitia
3121 4099 3224 4138 non
3260 4088 3570 4142 sustinente

1981 4161 2296 4236 sull‘raginm
2341 4163 2486 4222 ferre
2517 4177 2580 4222 ex
2616 4169 2919 4238 hominum,
2961 4173 3055 4228 sed
3097 4188 3166 4227 ex
3201 4176 3419 4244 propria
3451 4177 3568 4230 sin-

1981 4269 2104 4310 cera
2151 4265 2315 4326 atque
2353 4259 2559 4314 erroris
2607 4269 2828 4327 experte
2877 4261 3171 4317 sententia.
3213 4262 3356 4318 Cave
3403 4265 3570 4333 igitur

1981 4359 2110 4414 agas
2133 4344 2351 4414 ignave,
2374 4347 2418 4402 si
2445 4348 2852 4404 cmliexsistcns
2877 4350 3052 4406 incola
3083 4351 3177 4406 tibi
3207 4352 3560 4410 invidentium

1981 4433 2193 4505 linguas
2223 4445 2382 4490 acuto
2415 4438 2636 4508 cuspide
2685 4439 2957 4496 acutiores
3001 4441 3208 4510 pridem
3257 4441 3311 4497 in
3363 4451 3414 4498 te
3455 4443 3568 4515 jaci

1980 4525 2210 4593 sentias,
2253 4527 2346 4584 sed
2377 4543 2477 4598 per
2507 4529 2622 4586 litec
2665 4531 2847 4601 potius
2898 4529 3184 4588 clariorem
3212 4541 3264 4588 te
3291 4532 3405 4590 fore
3431 4549 3567 4591 con-

1982 4616 2155 4674 hdito.
2867 4628 2872 4633 ”

2456 4732 2760 4834 CDLXXX.
2793 4811 2862 4822 —
2893 4781 3126 4840 EIDEM.

1078 4867 1304 4924 Virtutis
1332 4867 1580 4929 studium
1604 4882 1861 4945 praeconii
1885 4901 1974 4956 spe
1997 4888 2183 4944 alitur.
2221 4889 2349 4961 Spes
2383 4889 2520 4948 bona
2551 4893 2643 4946 dat
2665 4893 2818 4948 vires.

311 5065 315 5068 η
368 5001 533 5068 "laet,
570 5001 652 5055 ὅτι
681 5003 796 5066 τοῖς
814 5001 914 5073 τῆς
937 5001 1138 5074 ἀρετῆς
1164 5003 1350 5070 πόνοις
1377 5006 1442 5061 ἐκ
1465 5007 1690 5082 πρώτης
1714 5011 1876 5087 μέχρι

290 5093 562 5164 τελευτῆς
585 5095 997 5167 ἐγκαρτερῆσαι
1026 5095 1124 5167 οὐχ
1147 5089 1259 5150 οἷόν
1283 5113 1364 5164 τε,
1408 5097 1484 5170 μὴ
1509 5101 1610 5171 τῆς
1643 5105 1877 5180 προσδᾳ-

290 5185 420 5249 κίας
447 5185 561 5240 τῶν
590 5185 772 5258 γερῶν
797 5187 1138 5259 κιρναμένης
1187 5188 1371 5260 ἡρέμα
1414 5190 1492 5263 τῷ
1537 5193 1744 5265 ἱδρῶτι,
1781 5197 1880 5252 καὶ

290 5276 456 5343 κατὰ,
484 5275 662 5348 βραχὺ
723 5275 948 5342 ἀλύπως
995 5294 1056 5332 τε
1099 5279 1195 5332 καὶ
1241 5279 1478 5350 κούφως,
1535 5284 1630 5338 καὶ
1679 5287 1880 5358 τρόπον

291 5368 417 5422 τινὰ
451 5369 571 5438 μετ’
609 5368 956 5442 εὐφροσύνης
999 5371 1484 5444 παραπεμπούσης
1513 5375 1606 5429 ἐπὶ
1658 5377 1720 5430 τὸ
1767 5379 1876 5435 τῶν

287 5459 521 5525 ἀγώνων
562 5460 739 5526 τέλος.
792 5459 856 5514 El
902 5461 1082 5517 τοίνυν
1141 5462 1358 5518 θεάσοιο
1405 5463 1693 5536 ἄνθρωπον
1745 5471 1874 5536 τοὺς

289 5555 491 5618 πόνους
530 5555 631 5626 τῆς
659 5556 881 5628 ἀρετῆς,
918 5555 1018 5620 τὰς
1051 5555 1153 5626 τῆς
1187 5557 1402 5629 τρυφῆς
1434 5563 1547 5624 τοῖς
1583 5563 1873 5635 ἐχέφροσιν

289 5643 507 5713 ἡδονὰς,
537 5646 830 5716 φεύγοντα,
864 5647 974 5701 ἴσθι
1006 5647 1087 5702 ὅτι
1137 5647 1295 5713 ἐλπὶς
1329 5649 1479 5722 αύτῴ
1531 5657 1742 5726 χρηστὴ
1773 5659 1874 5710 οὐκ

290 5734 468 5794 ἀνθεῖ.

2053 5023 2202 5080 Scito
2239 5025 2353 5082 lieri
2395 5042 2500 5084 non
2530 5041 2692 5098 posse
2717 5037 2776 5082 ut
2805 5027 2931 5098 quis
2961 5027 3030 5084 ab
3064 5031 3292 5089 exordio
3315 5033 3380 5088 ad
3409 5034 3574 5100 linem,

1981 5131 2155 5187 usque
2193 5117 2408 5174 labores
2445 5133 2544 5186 pro
2583 5118 2786 5176 virtute
2821 5129 3100 5190 susceptos
3131 5135 3446 5181 constanter
3485 5137 3568 5182 to-

1985 5209 2144 5286 leret,
2173 5210 2276 5265 nisi
2305 5210 2652 5280 praemiorum
2686 5209 2919 5268 admista
2947 5218 3357 5286 exspectatione
3382 5221 3572 5282 sudori

1987 5280 2266 5372 paulatim,
2294 5311 2351 5356 et
2376 5301 2506 5368 cito,
2540 5301 2949 5374 indolenterque
2979 5320 3042 5360 ac
3073 5306 3290 5374 leniter,
3320 5322 3384 5362 ac
3412 5309 3572 5366 modo

1983 5393 2218 5463 quodam
2251 5407 2372 5446 eum
2407 5392 2680 5448 hilaritate
2709 5395 2987 5466 praemissa
3013 5411 3184 5466 usque
3220 5399 3286 5453 ad
3314 5400 3569 5456 certami—

1985 5499 2112 5538 num
2145 5492 2472 5539 extremutu.
2507 5483 2564 5538 Si
2604 5485 2786 5557 itaque
2815 5487 3085 5542 hominem
3121 5489 3322 5544 videris
3347 5490 3569 5546 virtutis

1986 5571 2199 5628 labores
2263 5573 2406 5642 (quae
2480 5575 2836 5645 prudentibus
2909 5577 3182 5634 deliciosa‘.
3263 5579 3567 5650 voluptates

1983 5661 2273 5733 exsistunt)
2309 5665 2624 5738 fugientem,
2663 5669 2876 5727 noveris
2918 5669 3115 5726 bonam
3144 5670 3222 5728 illi
3271 5685 3422 5745 spem
3452 5687 3563 5733 non

1988 5753 2241 5824 relinqui.
