4070 6388
505 256 639 324 1607

847 373 1007 444 702
1039 372 1368 429 CDLXXXI.
1415 403 1486 417 .-
1525 371 1753 428 ElDElli.

1696 260 1756 317 S.
1796 256 2084 317 ISIDORI
2126 254 2562 315 PBLUSIOTJE

2111 390 2160 445 Δ

3625 247 3775 315 1603

2651 370 2825 423 )‘ﬂA’.
2859 400 2926 409 —
2957 369 3043 438 re
3089 369 3290 440 arra.

1148 491 1222 544 De
1257 492 1518 560 corruptis
1550 489 1882 544 sacerdotum
1906 488 2258 558 quorumdam
2292 490 2543 544 moribus.
2576 487 2756 558 (Conf.
2790 489 2946 557 epist.
2981 487 3130 550 552.)

577 601 842 656 Terribile
876 616 1038 664 nunc,
1067 612 1119 655 et
1152 602 1306 656 valde
1333 603 1549 670 quidem
1597 602 1841 656 terribile
1885 611 1968 657 est
2017 602 2086 656 ad

503 695 864 747 sacerdotium
898 694 1224 763 pertingere.
1265 694 1509 749 Alterum
1540 695 1683 748 enim
1713 694 1905 748 horum
1941 695 2086 747 acci-

505 787 635 838 dere
658 781 796 836 solet
825 801 839 838 :
872 796 960 838 aut
983 784 1140 852 juxta
1168 796 1377 840 veteres
1406 795 1460 839 et
1489 785 1817 854 apostolicos
1848 778 2087 839 canones

505 877 777 931 viventem
815 877 1048 931 invisum
1079 893 1220 940 esse,
1252 878 1570 946 insidiisque
1595 876 1771 946 appeti
1803 876 1870 930 ab
1899 876 1964 930 iis
1995 877 2085 944 qui

507 983 652 1024 nunc
694 984 790 1038 per
822 978 1169 1037 apparentem
1197 985 1393 1024 noxam
1425 978 1480 1024 et
1505 968 1837 1039 illegitimam
1861 981 2088 1022 consue-

508 1061 770 1124 tudinem,
808 1071 1063 1128 tanquam
1099 1058 1192 1113 Dei
1222 1069 1445 1114 servent
1487 1059 1681 1128 legem,
1717 1067 1970 1126 recteque
2005 1057 2087 1110 vi-

505 1162 695 1206 ventes
733 1151 1156 1220 expellunt;aut
1193 1150 1599 1204 submittentem
1634 1163 1723 1212 se,
1773 1156 1828 1202 et
1871 1146 2086 1217 pr0pria

505 1242 746 1312 neglecta
806 1243 1000 1306 salute,
1041 1241 1222 1296 multis
1267 1241 1387 1295 aliis
1444 1240 1641 1294 offerre
1682 1238 2088 1303 on‘endiculum,

497 1351 614 1406 quo
641 1334 842 1403 duplici
872 1335 1090 1388 nomine
1121 1335 1368 1404 ingentes
1395 1343 1521 1387 sunt
1550 1346 1742 1402 poenas
1759 1332 1957 1387 daturi.
1992 1330 2095 1384 Fc-

506 1427 661 1480 licem
690 1429 869 1496 itaque
899 1427 1138 1490 nomino,
1175 1424 1266 1493 qui
1294 1426 1404 1478 hoc
1439 1434 1627 1492 captus
1652 1439 1755 1478 non
1791 1423 1859 1478 sit
1887 1437 2090 1476 amore.

507 1519 563 1575 Si
593 1536 722 1574 vero
761 1535 866 1573 non
901 1527 1090 1589 captus
1121 1518 1422 1579 ordinetur,
1466 1516 1698 1584 primum
1746 1523 1926 1568 servet
1965 1528 2094 1582 pro-

507 1613 738 1682 positum
764 1619 999 1680 oportet,
1028 1623 1328 1679 magnaque
1352 1605 1604 1676 loquendi
1637 1604 1907 1668 libertate,
1943 1604 2088 1658 anti-

2265 602 2502 674 Φοὸερόν
2532 605 2670 668 ἐστι,
2705 602 2800 655 καὶ¹
2828 601 2948 655 λίαν
2992 601 3223 672 φοϐερὸν
3252 601 3312 656 τὸ
3347 601 3428 664 είς
3463 601 3778 674 ῖερωσύνην

2197 693 2316 745 νυνὶ
2349 692 2585 745 τελέσαι.
2616 694 2772 744 Δυοῖν
2804 693 2913 763 γὰρ
2940 691 3090 762 αὑτῷ
3132 691 3361 762 θάτερον
3395 690 3774 764 δὐμὸήσεταιο

2193 783 2227 853 ἢ
2277 783 2422 837 κατά
2458 785 2585 847 τοὺς
2637 783 2900 854 ἀρχαίους
2953 783 3050 838 καὶ
3101 783 3492 846 ἀποστολικοῦς
3539 783 3781 846 κανόνας

2195 873 2374 937 ζῶντα
2415 872 2710 944 μισηθῆναι
2735 874 2828 926 καὶ
2871 872 3326 943 ἐπιϐουλευθῆναι
3357 874 3506 945 παρά
3535 875 3646 926 τῶν
3677 874 3787 945 τὴν

2194 967 2316 1018 νυνὶ
2364 965 2779 1018 ἐπιπολάσασαν
2827 964 3100 1034 ἐπιϐλαὸῆ
3135 965 3229 1018 καὶ
3277 965 3595 1034 παράνομον
3644 983 3778 1019 συν-

2195 1055 2390 1126 ήθειαν
2432 1056 2509 1119 ὡς
2531 1057 2696 1127 νόμον
2723 1056 2866 1109 θεῖον
2894 1057 3292 1127 φυλαττόντων,
3325 1059 3419 1112 καὶ
3447 1058 3574 1121 τοὺς
3599 1057 3784 1128 ὀρθῶς

2197 1147 2444 1218 βιοῦντας
2473 1147 3005 1219 ἐξοστρακιζὸντων·
3037 1149 3070 1219 ἢ
3104 1149 3620 1203 ὐποκατακλίναντα
3644 1152 3779 1203 ἐαυ-

2197 1237 2310 1300 τὸν,
2339 1235 2434 1289 καὶ
2460 1237 2562 1307 τῆς
2587 1237 2784 1290 ἐαυτοῦ
2821 1237 3115 1307 ἁφειδῆσαι
3143 1238 3438 1309 σωτηρίας,
3466 1239 3562 1291 καὶ
3585 1238 3779 1302 ἀλλους

2203 1327 2432 1392 πολλοὺς
2467 1328 2841 1396 σκανδαλίσαι,
2880 1329 3021 1400 ὑπὲρ
3046 1321 3120 1382 ὧν
3149 1330 3242 1382 καὶ
3271 1329 3426 1392 δίκας
3476 1330 3778 1401 σφοδροτά-

2201 1437 2300 1484 τας
2326 1419 2510 1474 δώσει.
2547 1421 2838 1492 Μακάριον
2875 1421 2973 1491 μὲν
3002 1417 3094 1475 οῦν
3127 1421 3188 1474 τὸ
3223 1421 3357 1492 μηδέ
3392 1421 3596 1474 ἁλῶναί
3647 1438 3780 1475 ποτε

2199 1511 2278 1583 τῷ
2323 1511 2552 1583 τοιούτῳ
2594 1511 2778 1583 ἔρωτι.
2810 1515 2874 1566 Εἰ
2919 1514 2976 1567 δὲ
3029 1513 3104 1585 μὴ
3155 1513 3316 1578 ἁλοὺς
3345 1515 3772 1586 χειροτονηθείη,

2200 1604 2408 1675 ἐχέσθω
2436 1605 2530 1658 τοῦ
2560 1605 2826 1676 προτέρου
2864 1605 3089 1669 σκοποῦ,
3139 1607 3233 1659 καὶ
3277 1605 3415 1676 μετὰ
3465 1606 3780 1678 παρρησίας

506 1719 610 1772 qua
639 1714 800 1772 atque
839 1701 1135 1771 apostolica
1185 1708 1411 1754 renovet
1459 1699 1697 1762 decreta,
1739 1712 1806 1751 ne
1839 1696 2089 1750 saeerd‘o«

2198 1698 2266 1748 τὰ
2294 1696 2500 1766 ἀρχαῖα
2521 1697 2616 1748 καὶ
2649 1694 2982 1750 ἀποστολικά
3012 1695 3319 1766 πράγματα
3342 1697 3672 1758 ἀνανεούτω,
3705 1697 3783 1767 μὴ

508 1794 639 1847 tium
688 1807 830 1848 nunc
875 1792 1310 1863 propinantibns,
1373 1790 1664 1859 omniaque
1713 1796 1770 1842 et
1827 1788 2010 1842 dicere
2039 1796 2093 1842 et

505 1884 685 1940 facere
732 1885 894 1938 licere
925 1885 1024 1938 sibi
1059 1885 1428 1952 opinantibus,
1465 1881 1516 1934 in
1552 1879 1697 1933 vitiis
1741 1887 2088 1948 cooperetur.

500 1973 730 2027 'Pra-stat
779 1973 924 2027 enim
979 1973 1192 2026 insidiis
1241 1971 1421 2041 appeti
1475 1987 1540 2026 ac
1596 1971 1770 2042 rejici,
1816 1985 1978 2040 quam
2035 1969 2090 2024 id

498 2078 673 2133 genus
701 2065 982 2134 aggregari
1011 2064 1340 2119 hominibus.

694 2246 1048 2306 CDLXXXII.
1082 2281 1140 2290 —
1173 2249 1522 2306 LAMPETIO
1562 2248 1910 2306 EPISCOPO.

2199 1789 2312 1849 τοῖς
2338 1785 2432 1840 νῦν
2463 1786 2790 1858 προτείνουσι
2832 1786 2930 1856 τὴν
2960 1787 3284 1858 ἱερωσύνην,
3314 1790 3406 1841 καὶ
3454 1788 3635 1842 πάντα
3690 1791 3790 1842 καὶ

2195 1879 2380 1948 λέγειν
2420 1881 2515 1932 καὶ
2559 1879 2824 1950 πράττειν
2874 1878 3077 1943 ἐξεῖναι.
3108 1880 3294 1944 αὐτοῖς
3330 1881 3665 1948 νομίζουσιν,
3702 1883 3791 1945 είς

2195 1969 2265 2023 τά
2313 1969 2635 2039 πταίσματα
2677 1968 3072 2041 συμπράττων.
3122 1971 3384 2040 Κρεῖττον
3419 1969 3527 2041 γὰρ
3566 1970 3624 2023 τὸ
3655 1972 3790 2022 ἐπι-

2195 2061 2558 2132 ϐουλευθῆναι
2586 2062 2681 2114 καὶ
2707 2061 3286 2132 ἀποχειροτονηθῆναι,
3319 2059 3412 2115 τοῦ
3443 2061 3583 2133 μετά
3606 2059 3793 2115 τοιού-

2121 2236 2124 2240 .
2196 2173 2304 2209 των
2349 2152 2558 2225 ἀνδρῶν
2587 2153 2869 2224 τετάχθαι.

2463 2243 2637 2299 ΥΠΒ’.
2670 2275 2742 2286 --
2768 2247 3127 2317 ΛΑΜΠΕΤίῼ
3156 2248 3522 2320 ΕΠΙΣΚΟΠῼ.

928 2341 1005 2396 De
1035 2343 1370 2410 improbitate
1392 2341 1590 2396 Zosimi
1639 2343 2002 2411 sociorumque
2023 2354 2046 2395 :
2081 2353 2176 2408 pro
2209 2338 2273 2391 iis
2306 2336 2589 2391 orandum.
2624 2334 2812 2404 (Supr.
2846 2336 2998 2404 epist.
3042 2335 3168 2403 457,
3206 2337 3353 2408 MO.)

574 2437 887 2507 Deplorarc,
918 2454 1023 2492 non
1054 2439 1347 2492 conviciari
1397 2440 1563 2494 debes
1591 2438 1902 2506 Eusebium,
1933 2438 2088 2493 Clue-

507 2542 733 2584 remona
761 2537 814 2582 et
847 2528 1147 2594 Zosimum,
1182 2529 1577 2600 improborum,
1605 2539 1665 2584 ut
1696 2530 1914 2595 scribis,
1943 2544 2089 2584 sum-

505 2634 645 2685 mos,
673 2635 738 2674 ac
762 2621 966 2674 malitia
1017 2621 1220 2674 nemini
1275 2622 1654 2676 concedentes.
1706 2621 1860 2688 Quod
1905 2622 1949 2676 si
1985 2621 2094 2676 Eu-

505 2711 738 2766 stathius
787 2725 906 2765 cum
963 2709 1181 2766 Marone
1238 2711 1431 2766 iisdem
1486 2712 1800 2767 insistentes
1850 2712 2094 2781 vestigiis

507 2801 648 2855 vinci
695 2800 930 2855 nondum
983 2810 1294 2869 potuerunt,
1325 2802 1694 2871 excedentque
1717 2811 1769 2856 et
1791 2801 1865 2854 illi
1893 2801 2095 2870 iniqui-

2268 2432 2344 2486 Οὐ
2390 2431 2695 2502 κωμῳδεῖν,
2745 2430 2882 2483 ἀλλὰ
2931 2430 3297 2502 καταθρηνεῖν
3337 2433 3575 2502 ὀφείλεις
3608 2433 3788 2486 Ebos-

2195 2527 2310 2580 6ιόν
2335 2542 2394 2578 τε
2418 2525 2511 2578 καὶ
2536 2524 2863 2596 Χαιρήμονα
2889 2524 2981 2576 καὶ
3001 2523 3270 2594 Ζώσιμον,
3292 2524 3442 2590 τοὺς,
3472 2524 3548 2588 ὡς
3577 2525 3785 2596 γέγρα-

2196 2636 2327 2688 φας,
2344 2616 2808 2689 κορυφαιοτάτους
2834 2615 2942 2668 τῶν
2969 2615 3177 2680 κακῶν,
3204 2618 3298 2669 καὶ
3324 2617 3516 2686 μηδενὶ
3547 2616 3779 2688 ὑπερδο-

2195 2713 2294 2783 λὴν
2322 2709 2783 2779 καταλείψαντας.
2820 2709 2884 2762 Ei
2907 2708 2965 2761 δὲ
2998 2709 3092 2762 καὶ
3126 2708 3428 2772 Εὑστάθιος
3454 2710 3552 2764 καὶ
3574 2711 3781 2779 Μάρων

2194 2805 2308 2867 τοῖς
2375 2803 2576 2872 ἴχνεσιν
2627 2800 2807 2854 αὐτῶν
2883 2799 3338 2865 ἀκολουθοῦντες,
3397 2801 3610 2854 οὐδέπω
3677 2804 3782 2872 μὲν

504 2900 638 2955 tate,
667 2891 735 2945 ad
767 2901 888 2944 vota
921 2906 985 2944 ac
1021 2906 1208 2959 preces
1245 2901 1545 2955 vertamur,
1589 2901 1649 2945 ut
1681 2891 1926 2960 utrisque
1959 2890 2089 2944 resi-

2203 2892 2576 2963 ἁμιλληθῆναι
2622 2891 2962 2961 δεδύνηνται,
2994 2889 3145 2958 δῆλοι
3173 2890 3231 2943 δέ
3273 2891 3379 2944 είσι
3409 2892 3502 2943 καὶ
3543 2891 3786 2962 ὕπερὸαο

504 2981 747 3050 piscendi
785 2981 838 3033 in
875 2981 1134 3048 viamque
1175 2983 1435 3036 redeundi
1488 2981 1824 3049 facultatem,
1866 2983 2026 3036 veluti
2063 2997 2089 3037 ε

2202 2984 2483 3055 λούμενοι·
2523 2985 2603 3044 είς
2628 2982 2792 3053 εὐχὴν
2839 2981 3165 3053 τρεψοίμην,
3207 2982 3347 3036 ὥστε
3380 2983 3656 3046 κάκείνοις
3686 2985 3784 3036 καὶ

505 3071 758 3125 machina
815 3073 1112 3140 respiciens
1137 3087 1272 3136 -eos,
1319 3074 1456 3128 Deus
1509 3073 1791 3144 largiatur.
1841 3071 2089 3129 Fortasse

2196 3078 2408 3140 τούτοις
2439 3075 2780 3146 μετάγνωσιν
2801 3073 2991 3145 ὥσπερ
3016 3077 3080 3126 ἐκ
3111 3075 3359 3145 μηχανῆς
3394 3092 3537 3138 τινος
3572 3077 3782 3144 ἐπιφα-

504 3162 677 3227 enim,
715 3162 815 3216 etsi
858 3177 1162 3232 repugnare
1187 3172 1266 3217 tot
1300 3164 1572 3232 tantisque
1607 3174 1878 3233 nequeant
1911 3172 2086 3218 tenta-

2195 3168 2371 3239 νῆναι.
2406 3167 2560 3236 Τάχα
2589 3182 2706 3228 πως
2739 3166 2788 3216 εἰ
2816 3165 2908 3217 καὶ
2935 3164 3009 3234 μὴ
3029 3163 3478 3234 ἀναμαχέσασθαι
3499 3164 3785 3234 δυνηθεῖεν

507 3252 714 3306 tionum
745 3255 1154 3320 certaminibus,
1199 3255 1388 3310 saltem
1437 3257 1616 3324 aliqua
1650 3257 1755 3312 illis
1792 3255 2089 3312 consolatic

2196 3259 2291 3324 τὰς
2325 3257 2594 3321 τοσαύτας
2639 3258 2735 3311 καὶ⁵
2767 3255 3113 3330 τηλικαύτας·
3136 3257 3327 3325 ἥττας,
3361 3256 3495 3312 ἀλλά
3524 3256 3633 3310 κᾶν
3675 3273 3786 3309 πα-

503 3345 668 3398 tantis
704 3358 891 3400 eorum
909 3344 1322 3414 probationibus
1344 3345 1615 3400 obveniet.

555 3523 930 3582 CDLXXXIII.
989 3557 1062 3571 --
1115 3527 1491 3584 THEODORO
1552 3528 2042 3586 SCllOLASTlCO.

2198 3349 2438 3421 ραμυθία
2469 3366 2553 3411 τις
2582 3350 2767 3411 αὐτοῖς
2790 3350 2848 3401 ἐν
2887 3351 3003 3411 τοῖς
3031 3347 3224 3412 δεινοῖς
3274 3349 3505 3412 ἐκείνοις
3556 3347 3785 3418 βασανι-

2195 3440 2441 3512 στηρίοις
2467 3438 2708 3510 τεχθείη.

2413 3531 2587 3585 Υιπν.
2623 3561 2691 3572 -
2737 3531 3042 3602 ΘΕΟΔΩΡῼ
3075 3529 3532 3602 ΣΧΟΛΑΣΤΙΚῼ.

1182 3621 1250 3678 Ut
1288 3626 1422 3679 vires
1446 3625 1639 3692 desint,
1673 3627 1914 3682 voluntas
1947 3627 2239 3681 laudanda.
2288 3627 2506 3699 (Confer
2547 3626 2771 3681 similem
2803 3627 2954 3696 epist.
2985 3625 3100 3694 25.)

579 3735 830 3792 Maximis
872 3736 1016 3791 vinci
1068 3735 1472 3792 laudationibus
1519 3752 1622 3792 non
1657 3737 1972 3793 indecorum
2005 3739 2089 3805 iis,

2261 3741 2374 3792 Οὐκ
2404 3739 2630 3810 αἰσχρὸν
2668 3738 2777 3791 τῶν
2833 3737 3108 3808 μεγίστων
3154 3736 3446 3806 ἐγκωμίων
3485 3735 3784 3806 ἡττᾶσθαι,

509 3827 603 3897 qui
659 3827 889 3882 dicendo
952 3827 1240 3896 adaquare
1300 3830 1574 3882 orationes
1631 3838 1924 3895 nequeant,
1993 3843 2089 3884 nec

2196 3824 2270 3892 οἷς
2305 3828 2566 3893 ἐξισῶσαι
2595 3829 2721 3891 τοὺς
2748 3827 2938 3897 λόγους
2968 3828 3067 3898 οὐχ
3117 3821 3228 3880 οἷόν
3257 3841 3349 3879 τε*
3379 3824 3504 3879 οὔτε
3560 3826 3671 3898 μὴν
3700 3827 3784 3879 δί-

503 3935 716 3988 azquum
745 3920 1006 3988 dignitate
1035 3919 1386 3975 inferioribus
1417 3921 1672 3976 facultate
1697 3921 1862 3974 etiam
1897 3935 2089 3975 conce-

2196 3937 2368 3986 καιον,
2390 3922 2488 3991 τῆς
2510 3919 2667 3985 ἀξίας
2697 3920 3039 3991 ὑστεροῦσιν,
3064 3920 3167 3992 ἤδη
3193 3920 3364 3973 καὶτὸ
3381 3919 3522 3972 κατά
3548 3920 3788 3990 δύναμιν

505 4011 652 4063 dere.
693 4009 796 4074 Qui
831 4011 974 4064 enim
1003 4010 1225 4067 laudare
1257 4014 1555 4078 contendit,
1583 4015 1754 4068 victus
1785 4024 1962 4069 autem
1987 4023 2089 4081 est,

2196 4014 2479 4068 ἐλλείπειν.
2517 4014 2576 4067 '0
2591 4015 2698 4084 γὰρ
2729 4015 3013 4068 ἐπαινέσαι
3037 4013 3424 4085 φιλονεικήσας
3459 4013 3589 4084 μὲν,
3607 4017 3785 4084 ἡττη-

504 4100 763 4170 propositi
796 4115 890 4153 seu
930 4101 1220 4158 voluntatis
1267 4103 1424 4159 laude
1460 4104 1874 4160 condecoratur.
1904 4106 2084 4172 Quare

2196 4109 2305 4172 θεὶς
2335 4109 2413 4172 δὲ,
2477 4109 2543 4178 τῇ
2597 4110 2693 4178 τῆς
2764 4105 3139 4179 προαιρέσεως
3203 4103 3328 4177 δόξῃ
3398 4105 3782 4176 κεκόσμηται·

506 4191 553 4244 si
612 4191 936 4247 rusticitatis
1006 4193 1287 4248 infamiam
1360 4196 1594 4267 abjicere
1628 4205 1734 4251 stat
1791 4197 2081 4264 sententia,

2196 4198 2384 4253 οὐκοῦν
2420 4198 2537 4268 εἴγε
2581 4202 2902 4268 σκαιότητος
2932 4197 3146 4262 ἀδοξίαν
3186 4197 3594 4270 ἀπορῤίψασθαι
3645 4198 3782 4269 βου-

504 4276 773 4338 tentemus
825 4294 880 4337 et
915 4285 1034 4339 illos
1087 4287 1332 4351 laudare,
1375 4303 1602 4359 quorum
1638 4289 1754 4343 laus
1781 4289 1952 4359 major
1979 4299 2085 4355 est,

2196 4290 2409 4362 toga-18a,
2467 4289 2790 4362 πειρώμεθα
2849 4290 3137 4355 κάκείνους
3183 4291 3450 4356 ἐπαινεῖν,
3481 4283 3564 4353 οἷς
3634 4290 3785 4362 ὑπὲρ

499 4390 670 4446 quam
716 4376 897 4432 verbis
942 4388 1103 4447 queat
1130 4381 1383 4448 exprimi.
1435 4381 1658 4436 Pra'slat
1695 4381 1839 4435 enim
1883 4383 2085 4436 oratio-

2196 4385 2372 4448 λόγους
2403 4385 2431 4436 ὁ
2464 4382 2706 4447 ἔπαινος.
2739 4383 2998 4454 Ἄμεινον
3029 4382 3138 4454 γάρ
3165 4385 3222 4436 ἐν
3249 4386 3358 4446 τοῖς
3384 4381 3567 4451 λόγοις
3599 4383 3783 4454 ἡττω-

498 4468 656 4524 nibus
701 4469 878 4525 victos
934 4471 1002 4525 ob
1032 4472 1322 4526 consilium
1375 4473 1819 4544 voluntatemque
1853 4474 2080 4530 laudari.

2196 4476 2392 4547 μένους
2423 4478 2488 4548 τῇ
2537 4479 2637 4547 τῆς
2689 4476 3066 4547 προαιρέσεως
3096 4474 3535 4539 καλλωπίζεσθαι
3565 4475 3781 4546 eum-

2192 4583 2420 4642 μοσυνῃ.

833 4653 993 4724 703
1019 4654 1395 4712 CDLXXXIV.
1426 4683 1492 4696 —
1517 4657 1746 4715 EIDEM.

2649 4660 2821 4714 ΥΠΔῖ
2854 4692 2925 4701 -
2967 4662 3056 4734 To
3104 4660 3304 4732 arm.

913 4745 1273 4814 Belligerandi
1302 4759 1348 4801 et
1374 4749 1646 4803 societatis
1689 4748 1888 4804 bellica:
1933 4750 2237 4806 discrimen.
2278 4750 2462 4822 (Supr.
2498 4753 2652 4822 epist.
2676 4753 2803 4822 285,
2843 4755 3026 4808 eadem
3048 4767 3121 4809 est
3151 4754 3352 4825 initio.)

569 4833 755 4906 Longe
792 4837 958 4894 tutius
986 4850 1067 4894 est
1101 4856 1206 4894 non
1245 4842 1584 4908 belligerare,
1620 4859 1778 4913 quam
1815 4845 1939 4899 belli
1985 4862 2075 4901 so-

2256 4846 2442 4917 Πολλῴ
2506 4847 2910 4919 ἀσφαλέστερον
2973 4851 3032 4902 τὸ
3095 4849 3171 4921 μὴ
3245 4850 3606 4921 πολεμεῖσθαι
3678 4852 3774 4906 τοῦ

497 4925 749 4978 cietatem
803 4927 961 4980 inire.
1007 4926 1140 4981 Illud
1210 4931 1354 4982 enim
1409 4931 1577 4984 otium
1636 4931 1830 5000 negotii
1885 4945 2077 5001 expers

2196 4939 2610 5010 πυμμαχεῖσθαι.
2646 4941 2719 4993 Τὸ
2741 4941 2842 5012 μὲν
2868 4940 2978 5013 γὰρ
3017 4941 3249 5012 ἡσυχίαν
3272 4942 3387 5012 ἔχει
3412 4944 3771 5014 ἀπράγμονα,

495 5014 653 5070 ααειι
678 5033 695 5084 ;
725 5016 826 5071 hoc
848 5031 976 5072 vero
1003 5033 1376 5088 swpcnutnero
1399 5022 1539 5090 cogit
1564 5037 1667 5075 una
1685 5039 1807 5076 cum
1835 5023 1995 5078 sociis
2023 5024 2076 5076 in

2196 5030 2245 5082 τὸ
2275 5030 2332 5082 δὲ
2355 5029 2657 5098 ἀναγκάζει
2693 5031 3065 5102 συμπολεμεῖν
3118 5031 3378 5096 πολλάκις
3424 5036 3537 5096 τοῖς
3570 5033 3770 5105 βοηθή-

497 5108 708 5164 bostem
763 5124 1026 5178 pugnare,
1065 5113 1280 5166 tametsi
1339 5113 1536 5167 bellum
1592 5115 1852 5185 injustum
1894 5131 2076 5172 susce-

2196 5137 2332 5186 not,
2351 5121 2445 5173 καὶ
2466 5121 2514 5172 εί
2546 5121 2747 5185 ἀδίκως
2783 5122 3093 5192 πολεμοῖεν,
3118 5122 3211 5174 καί
3241 5122 3399 5194 χάριν
3430 5121 3616 5176 ἄδικον
3650 5126 3770 5178 ἀντὶ

494 5200 696 5270 perint,
723 5211 779 5255 et
808 5201 1060 5267 injustam
1089 5205 1317 5271 gratiam
1350 5221 1446 5274 pro
1475 5207 1618 5273 justa
1649 5210 1962 5277 rependere.

2196 5209 2397 5273 ςικαίας
2425 5211 2677 5265 ἐκτίνειν.

835 5293 1186 5349 ωυωιχχν.
1219 5326 1288 5334 -
1330 5298 1744 5356 lSCllYRlONi.

2619 5303 2709 5358 ΥΠ
2721 5307 2793 5360 E'.
2840 5335 2905 5346 —
2962 5306 3339 5363 ιΣΧΥΡιΩΝι.

492 5385 695 5458 Spretis
729 5390 1014 5444 mundanis
1043 5403 1091 5445 et
1123 5395 1359 5461 caducis,
1401 5397 1695 5452 caelestibus
1719 5399 2034 5454 studendum
2051 5417 2081 5482 ;.
2097 5410 2146 5455 et
2177 5402 2241 5504 dte
2279 5401 2371 5456 illo
2407 5402 2742 5459 Ecclesiaste:
2773 5421 2791 5458 :
2842 5423 2860 5456 ι
2905 5403 3128 5460 Vanitas
3158 5407 3476 5466 vanizatum,
3511 5414 3559 5456 et
3593 5406 3767 5457 omnia

1959 5487 2165 5528 ιιαιιιιαε
2203 5487 2244 5524 ὐ
2285 5491 2303 5524 ι

563 5553 778 5612 Videris
808 5557 1062 5628 ignorare
1087 5562 1336 5619 tenebras
1366 5563 1489 5619 vitae
1523 5565 1831 5623 mortalium
1857 5567 1907 5622 in
1939 5567 2073 5624 ima-

2259 5569 2484 5632 Ἔοικας
2515 5567 2734 5636 ἀγνοεῖν
2760 5567 2862 5641 τῆς
2905 5569 3166 5641 βιωτικῆς
3197 5569 3494 5640 φαντασίας
3543 5567 3641 5625 τὸν
3685 5567 3768 5634 ζε-

563 5708 588 5741 ι
615 5707 792 5765 Eccle.
831 5727 870 5780 l,
903 5716 958 5769 2.
