  <div class='ocr_page' id='page_1' title='image "/cluster/home/n/w/nwhite01/storage/ocr_20150623/78/coo.31924054869791/812.png"; bbox 0 0 4070 6366; ppageno 0'>
   <div class='ocr_carea' id='block_1_1' title="bbox 290 328 3547 403">
    <p class='ocr_par' dir='ltr' id='par_1_1' title="bbox 290 328 3547 403">
     <span class='ocr_line' id='line_1_1' title="bbox 290 328 3547 403; baseline 0.002 -11"><span class='ocrx_word' id='word_1_1' title='bbox 290 329 425 403; x_wconf 75' lang='grc'><strong>1609</strong></span> <span class='ocrx_word' id='word_1_2' title='bbox 1124 328 1656 392; x_wconf 72' lang='lat' dir='ltr'><strong>EPISTULARUM</strong></span> <span class='ocrx_word' id='word_1_3' title='bbox 1697 328 1844 389; x_wconf 86' lang='lat' dir='ltr'><strong>LIB.</strong></span> <span class='ocrx_word' id='word_1_4' title='bbox 1886 331 2035 391; x_wconf 83' lang='lat' dir='ltr'><strong>V.-</strong></span> <span class='ocrx_word' id='word_1_5' title='bbox 2071 330 2307 391; x_wconf 85' lang='lat' dir='ltr'><strong>EPIST.</strong></span> <span class='ocrx_word' id='word_1_6' title='bbox 2350 331 2823 395; x_wconf 78' lang='lat' dir='ltr'><strong>CDLXXXVIII.</strong></span> <span class='ocrx_word' id='word_1_7' title='bbox 3406 331 3547 399; x_wconf 82' lang='grc'><strong>1610</strong></span> 
     </span>
    </p>
   </div>
   <div class='ocr_carea' id='block_1_2' title="bbox 288 425 1894 511">
    <p class='ocr_par' dir='ltr' id='par_1_2' title="bbox 288 434 1894 511">
     <span class='ocr_line' id='line_1_2' title="bbox 288 434 1894 511; baseline -0.001 -18"><span class='ocrx_word' id='word_1_8' title='bbox 288 459 411 511; x_wconf 88' lang='grc' dir='ltr'>φον,</span> <span class='ocrx_word' id='word_1_9' title='bbox 451 438 544 493; x_wconf 70' lang='grc' dir='ltr'><strong>καλ⁸</strong></span> <span class='ocrx_word' id='word_1_10' title='bbox 573 441 669 509; x_wconf 76' lang='grc' dir='ltr'>τῆς</span> <span class='ocrx_word' id='word_1_11' title='bbox 698 436 847 500; x_wconf 85' lang='grc' dir='ltr'>θείας</span> <span class='ocrx_word' id='word_1_12' title='bbox 888 436 1201 505; x_wconf 75' lang='grc' dir='ltr'><strong>φιλοσοφίας</strong></span> <span class='ocrx_word' id='word_1_13' title='bbox 1232 437 1293 489; x_wconf 77' lang='grc' dir='ltr'>τὸ</span> <span class='ocrx_word' id='word_1_14' title='bbox 1324 436 1458 507; x_wconf 88' lang='grc' dir='ltr'>φῶς.</span> <span class='ocrx_word' id='word_1_15' title='bbox 1510 435 1717 489; x_wconf 67' lang='grc' dir='ltr'>Οὐκοῦν</span> <span class='ocrx_word' id='word_1_16' title='bbox 1759 434 1857 488; x_wconf 68' lang='grc' dir='ltr'>ἕνα</span> <span class='ocrx_word' id='word_1_17' title='bbox 1887 480 1894 492; x_wconf 94' lang='grc'><em>.</em></span> 
     </span>
    </p>
   </div>
   <div class='ocr_carea' id='block_1_3' title="bbox 1969 425 3546 511">
    <p class='ocr_par' dir='ltr' id='par_1_3' title="bbox 1969 425 3546 509">
     <span class='ocr_line' id='line_1_3' title="bbox 1969 425 3546 509; baseline 0.006 -19"><span class='ocrx_word' id='word_1_18' title='bbox 1969 435 2216 506; x_wconf 83' lang='lat' dir='ltr'><strong>ginando,</strong></span> <span class='ocrx_word' id='word_1_19' title='bbox 2241 425 2340 493; x_wconf 81' lang='lat' dir='ltr'><strong>nec</strong></span> <span class='ocrx_word' id='word_1_20' title='bbox 2371 453 2480 495; x_wconf 91' lang='lat' dir='ltr'><strong>non</strong></span> <span class='ocrx_word' id='word_1_21' title='bbox 2510 439 2692 495; x_wconf 81' lang='lat' dir='ltr'><strong>lumen</strong></span> <span class='ocrx_word' id='word_1_22' title='bbox 2718 438 2917 495; x_wconf 69' lang='lat' dir='ltr'><strong>divinae</strong></span> <span class='ocrx_word' id='word_1_23' title='bbox 2951 435 3322 509; x_wconf 62' lang='lat' dir='ltr'><strong>philosOphiae.</strong></span> <span class='ocrx_word' id='word_1_24' title='bbox 3360 439 3546 498; x_wconf 85' lang='lat' dir='ltr'><strong>Unum</strong></span> 
     </span>
    </p>
   </div>
   <div class='ocr_carea' id='block_1_4' title="bbox 290 526 1894 601">
    <p class='ocr_par' dir='ltr' id='par_1_4' title="bbox 290 526 1866 600">
     <span class='ocr_line' id='line_1_4' title="bbox 290 526 1866 600; baseline -0.003 -16"><span class='ocrx_word' id='word_1_25' title='bbox 290 547 375 584; x_wconf 85' lang='grc' dir='ltr'><strong>σοι</strong></span> <span class='ocrx_word' id='word_1_26' title='bbox 402 528 512 583; x_wconf 86' lang='grc' dir='ltr'><strong>τῶν</strong></span> <span class='ocrx_word' id='word_1_27' title='bbox 540 529 806 600; x_wconf 72' lang='grc' dir='ltr'>ἑκατέρου</span> <span class='ocrx_word' id='word_1_28' title='bbox 845 526 1169 598; x_wconf 82' lang='grc' dir='ltr'>πράγματος</span> <span class='ocrx_word' id='word_1_29' title='bbox 1205 530 1403 598; x_wconf 86' lang='grc' dir='ltr'>πεῖραν</span> <span class='ocrx_word' id='word_1_30' title='bbox 1443 527 1739 598; x_wconf 77' lang='grc' dir='ltr'>ειληφὸτων</span> <span class='ocrx_word' id='word_1_31' title='bbox 1758 526 1866 598; x_wconf 83' lang='grc' dir='ltr'>χρὴ</span> 
     </span>
    </p>
   </div>
   <div class='ocr_carea' id='block_1_5' title="bbox 1969 526 3544 601">
    <p class='ocr_par' dir='ltr' id='par_1_5' title="bbox 1972 529 3544 601">
     <span class='ocr_line' id='line_1_5' title="bbox 1972 529 3544 601; baseline 0.003 -18"><span class='ocrx_word' id='word_1_32' title='bbox 1972 529 2156 599; x_wconf 97' lang='lat' dir='ltr'><strong>itaque</strong></span> <span class='ocrx_word' id='word_1_33' title='bbox 2184 529 2281 585; x_wconf 88' lang='lat' dir='ltr'><strong>tibi</strong></span> <span class='ocrx_word' id='word_1_34' title='bbox 2310 530 2595 601; x_wconf 89' lang='lat' dir='ltr'><strong>utriusque</strong></span> <span class='ocrx_word' id='word_1_35' title='bbox 2624 531 2700 586; x_wconf 86' lang='lat' dir='ltr'><strong>rei</strong></span> <span class='ocrx_word' id='word_1_36' title='bbox 2729 530 3106 600; x_wconf 77' lang='lat' dir='ltr'><strong>experimento</strong></span> <span class='ocrx_word' id='word_1_37' title='bbox 3140 536 3316 600; x_wconf 87' lang='lat' dir='ltr'><strong>capto,</strong></span> <span class='ocrx_word' id='word_1_38' title='bbox 3353 538 3544 588; x_wconf 86' lang='lat' dir='ltr'><strong>testem</strong></span> 
     </span>
    </p>
   </div>
   <div class='ocr_carea' id='block_1_6' title="bbox 291 618 1894 694">
    <p class='ocr_par' dir='ltr' id='par_1_6' title="bbox 291 618 1866 694">
     <span class='ocr_line' id='line_1_6' title="bbox 291 618 1866 694; baseline -0.001 -21"><span class='ocrx_word' id='word_1_39' title='bbox 291 622 546 694; x_wconf 81' lang='grc' dir='ltr'>μάρτυρα</span> <span class='ocrx_word' id='word_1_40' title='bbox 593 619 908 687; x_wconf 75' lang='grc' dir='ltr'>ἀξιόπιστον</span> <span class='ocrx_word' id='word_1_41' title='bbox 957 619 1340 688; x_wconf 80' lang='grc' dir='ltr'><strong>παραγαγεῖν·</strong></span> <span class='ocrx_word' id='word_1_42' title='bbox 1394 619 1527 689; x_wconf 79' lang='grc' dir='ltr'>ημῖν</span> <span class='ocrx_word' id='word_1_43' title='bbox 1588 618 1696 687; x_wconf 86' lang='grc' dir='ltr'>γὰρ</span> <span class='ocrx_word' id='word_1_44' title='bbox 1734 618 1866 680; x_wconf 71' lang='grc' dir='ltr'>ἴσως</span> 
     </span>
    </p>
   </div>
   <div class='ocr_carea' id='block_1_7' title="bbox 1969 618 3547 694">
    <p class='ocr_par' dir='ltr' id='par_1_7' title="bbox 1969 618 3547 691">
     <span class='ocr_line' id='line_1_7' title="bbox 1969 618 3547 691; baseline 0.003 -18"><span class='ocrx_word' id='word_1_45' title='bbox 1969 618 2117 674; x_wconf 92' lang='lat' dir='ltr'><strong>omni</strong></span> <span class='ocrx_word' id='word_1_46' title='bbox 2169 618 2485 688; x_wconf 72' lang='lat' dir='ltr'><strong>exceptione</strong></span> <span class='ocrx_word' id='word_1_47' title='bbox 2537 620 2800 691; x_wconf 77' lang='lat' dir='ltr'><strong>majorem</strong></span> <span class='ocrx_word' id='word_1_48' title='bbox 2858 619 3143 687; x_wconf 84' lang='lat' dir='ltr'><strong>adducam,</strong></span> <span class='ocrx_word' id='word_1_49' title='bbox 3201 620 3327 690; x_wconf 85' lang='lat' dir='ltr'><strong>quia</strong></span> <span class='ocrx_word' id='word_1_50' title='bbox 3388 621 3547 677; x_wconf 84' lang='lat' dir='ltr'><strong>nobis</strong></span> 
     </span>
    </p>
   </div>
   <div class='ocr_carea' id='block_1_8' title="bbox 287 703 1866 781">
    <p class='ocr_par' dir='ltr' id='par_1_8' title="bbox 287 703 1866 781">
     <span class='ocr_line' id='line_1_8' title="bbox 287 703 1866 781; baseline -0.004 -14"><span class='ocrx_word' id='word_1_51' title='bbox 287 714 349 766; x_wconf 87' lang='grc' dir='ltr'><strong>οὑ</strong></span> <span class='ocrx_word' id='word_1_52' title='bbox 378 710 673 781; x_wconf 81' lang='grc' dir='ltr'><strong>πεισθήσῃ.</strong></span> <span class='ocrx_word' id='word_1_53' title='bbox 707 708 839 762; x_wconf 80' lang='grc' dir='ltr'>Τίνα</span> <span class='ocrx_word' id='word_1_54' title='bbox 866 703 958 761; x_wconf 80' lang='grc' dir='ltr'><strong>οὖν</strong></span> <span class='ocrx_word' id='word_1_55' title='bbox 985 709 1092 778; x_wconf 81' lang='grc' dir='ltr'><strong>ἡγῇ</strong></span> <span class='ocrx_word' id='word_1_56' title='bbox 1148 707 1450 779; x_wconf 85' lang='grc' dir='ltr'>ἀξιόχρεων</span> <span class='ocrx_word' id='word_1_57' title='bbox 1476 725 1490 774; x_wconf 89' lang='lat'><strong>;</strong></span> <span class='ocrx_word' id='word_1_58' title='bbox 1533 707 1720 760; x_wconf 84' lang='grc' dir='ltr'>Βούλει</span> <span class='ocrx_word' id='word_1_59' title='bbox 1772 706 1866 760; x_wconf 81' lang='grc' dir='ltr'>τὸν</span> 
     </span>
    </p>
   </div>
   <div class='ocr_carea' id='block_1_9' title="bbox 287 793 1867 874">
    <p class='ocr_par' dir='ltr' id='par_1_9' title="bbox 287 793 1867 874">
     <span class='ocr_line' id='line_1_9' title="bbox 287 793 1867 874; baseline -0.004 -17"><span class='ocrx_word' id='word_1_60' title='bbox 287 802 583 874; x_wconf 78' lang='grc' dir='ltr'>Σολομῶνα</span> <span class='ocrx_word' id='word_1_61' title='bbox 642 802 718 865; x_wconf 85' lang='grc' dir='ltr'><strong>είς</strong></span> <span class='ocrx_word' id='word_1_62' title='bbox 752 800 916 870; x_wconf 81' lang='grc' dir='ltr'>μέσον</span> <span class='ocrx_word' id='word_1_63' title='bbox 964 799 1298 869; x_wconf 72' lang='grc' dir='ltr'>ἀγάγωμενς</span> <span class='ocrx_word' id='word_1_64' title='bbox 1353 793 1519 861; x_wconf 76' lang='grc' dir='ltr'>Οὗτος</span> <span class='ocrx_word' id='word_1_65' title='bbox 1552 798 1660 869; x_wconf 80' lang='grc' dir='ltr'><strong>γὰρ</strong></span> <span class='ocrx_word' id='word_1_66' title='bbox 1703 795 1867 869; x_wconf 77' lang='grc' dir='ltr'>ἡνίκα</span> 
     </span>
    </p>
   </div>
   <div class='ocr_carea' id='block_1_10' title="bbox 290 888 1865 965">
    <p class='ocr_par' dir='ltr' id='par_1_10' title="bbox 290 888 1865 965">
     <span class='ocr_line' id='line_1_10' title="bbox 290 888 1865 965; baseline -0.004 -18"><span class='ocrx_word' id='word_1_67' title='bbox 290 895 393 965; x_wconf 80' lang='grc' dir='ltr'>μὲν</span> <span class='ocrx_word' id='word_1_68' title='bbox 420 893 498 963; x_wconf 83' lang='grc' dir='ltr'>τῷ</span> <span class='ocrx_word' id='word_1_69' title='bbox 527 892 637 946; x_wconf 88' lang='grc' dir='ltr'><strong>τῶν</strong></span> <span class='ocrx_word' id='word_1_70' title='bbox 668 890 935 962; x_wconf 76' lang='grc' dir='ltr'><strong>βιωτικῶν</strong></span> <span class='ocrx_word' id='word_1_71' title='bbox 966 890 1310 961; x_wconf 78' lang='grc' dir='ltr'><strong>πραγμάτων</strong></span> <span class='ocrx_word' id='word_1_72' title='bbox 1338 888 1504 959; x_wconf 75' lang='grc' dir='ltr'>ἔρωτι</span> <span class='ocrx_word' id='word_1_73' title='bbox 1538 888 1865 961; x_wconf 85' lang='grc' dir='ltr'>κεκράτητε,</span> 
     </span>
    </p>
   </div>
   <div class='ocr_carea' id='block_1_11' title="bbox 292 978 1863 1054">
    <p class='ocr_par' dir='ltr' id='par_1_11' title="bbox 292 978 1863 1054">
     <span class='ocr_line' id='line_1_11' title="bbox 292 978 1863 1054; baseline -0.003 -17"><span class='ocrx_word' id='word_1_74' title='bbox 292 984 530 1054; x_wconf 81' lang='grc' dir='ltr'>μέγιστά</span> <span class='ocrx_word' id='word_1_75' title='bbox 554 998 615 1035; x_wconf 90' lang='grc' dir='ltr'><strong>τε</strong></span> <span class='ocrx_word' id='word_1_76' title='bbox 654 981 793 1036; x_wconf 81' lang='grc' dir='ltr'>αὑτὰ</span> <span class='ocrx_word' id='word_1_77' title='bbox 841 982 1049 1051; x_wconf 74' lang='grc' dir='ltr'>ἠγεῖτο,</span> <span class='ocrx_word' id='word_1_78' title='bbox 1098 980 1196 1033; x_wconf 79' lang='grc' dir='ltr'>καὶ</span> <span class='ocrx_word' id='word_1_79' title='bbox 1240 978 1519 1050; x_wconf 78' lang='grc' dir='ltr'><strong>θαύματος</strong></span> <span class='ocrx_word' id='word_1_80' title='bbox 1551 980 1863 1050; x_wconf 85' lang='grc' dir='ltr'>κρείττονα,</span> 
     </span>
    </p>
   </div>
   <div class='ocr_carea' id='block_1_12' title="bbox 290 1066 1870 1140">
    <p class='ocr_par' dir='ltr' id='par_1_12' title="bbox 290 1066 1870 1140">
     <span class='ocr_line' id='line_1_12' title="bbox 290 1066 1870 1140; baseline -0.004 -13"><span class='ocrx_word' id='word_1_81' title='bbox 290 1076 389 1127; x_wconf 77' lang='grc' dir='ltr'>καὶ</span> <span class='ocrx_word' id='word_1_82' title='bbox 416 1074 597 1125; x_wconf 82' lang='grc' dir='ltr'>πᾶσαν</span> <span class='ocrx_word' id='word_1_83' title='bbox 619 1069 748 1140; x_wconf 61' lang='grc' dir='ltr'><strong>περὶ⁵</strong></span> <span class='ocrx_word' id='word_1_84' title='bbox 769 1068 910 1122; x_wconf 86' lang='grc' dir='ltr'>αὐτὰ</span> <span class='ocrx_word' id='word_1_85' title='bbox 924 1067 1021 1138; x_wconf 87' lang='grc' dir='ltr'><strong>τὴν</strong></span> <span class='ocrx_word' id='word_1_86' title='bbox 1050 1068 1310 1138; x_wconf 76' lang='grc' dir='ltr'>φροντίδα</span> <span class='ocrx_word' id='word_1_87' title='bbox 1326 1066 1556 1138; x_wconf 74' lang='grc' dir='ltr'>ἔστρεφε</span> <span class='ocrx_word' id='word_1_88' title='bbox 1571 1084 1586 1099; x_wconf 88' lang='grc'><strong>·</strong></span> <span class='ocrx_word' id='word_1_89' title='bbox 1614 1066 1870 1138; x_wconf 81' lang='grc' dir='ltr'>λαμπράς</span> 
     </span>
    </p>
   </div>
   <div class='ocr_carea' id='block_1_13' title="bbox 291 1156 1869 1233">
    <p class='ocr_par' dir='ltr' id='par_1_13' title="bbox 291 1156 1869 1233">
     <span class='ocr_line' id='line_1_13' title="bbox 291 1156 1869 1233; baseline -0.003 -18"><span class='ocrx_word' id='word_1_90' title='bbox 291 1162 396 1233; x_wconf 84' lang='grc' dir='ltr'>μὲν</span> <span class='ocrx_word' id='word_1_91' title='bbox 423 1158 874 1229; x_wconf 78' lang='grc' dir='ltr'>οἰκοδομούμενος</span> <span class='ocrx_word' id='word_1_92' title='bbox 910 1157 1107 1222; x_wconf 79' lang='grc' dir='ltr'><strong>οἰκίας,</strong></span> <span class='ocrx_word' id='word_1_93' title='bbox 1134 1156 1359 1227; x_wconf 90' lang='grc' dir='ltr'>χρυσίον</span> <span class='ocrx_word' id='word_1_94' title='bbox 1383 1156 1439 1209; x_wconf 81' lang='grc' dir='ltr'>δὲ</span> <span class='ocrx_word' id='word_1_95' title='bbox 1466 1156 1712 1223; x_wconf 81' lang='grc' dir='ltr'>συνάγων</span> <span class='ocrx_word' id='word_1_96' title='bbox 1737 1173 1751 1187; x_wconf 92' lang='grc'><strong>·</strong></span> <span class='ocrx_word' id='word_1_97' title='bbox 1775 1156 1869 1210; x_wconf 77' lang='grc' dir='ltr'>καὶ</span> 
     </span>
    </p>
   </div>
   <div class='ocr_carea' id='block_1_14' title="bbox 289 1247 1869 1324">
    <p class='ocr_par' dir='ltr' id='par_1_14' title="bbox 289 1247 1869 1324">
     <span class='ocr_line' id='line_1_14' title="bbox 289 1247 1869 1324; baseline -0.003 -18"><span class='ocrx_word' id='word_1_98' title='bbox 289 1251 590 1324; x_wconf 81' lang='grc' dir='ltr'>μουσικοὺς</span> <span class='ocrx_word' id='word_1_99' title='bbox 624 1250 725 1320; x_wconf 82' lang='grc' dir='ltr'>μὲν</span> <span class='ocrx_word' id='word_1_100' title='bbox 746 1249 944 1320; x_wconf 80' lang='grc' dir='ltr'>χοροὺς</span> <span class='ocrx_word' id='word_1_101' title='bbox 978 1250 1319 1318; x_wconf 79' lang='grc' dir='ltr'>συγκροτῶν,</span> <span class='ocrx_word' id='word_1_102' title='bbox 1366 1247 1779 1320; x_wconf 83' lang='grc' dir='ltr'>τραπεζοποιῶν</span> <span class='ocrx_word' id='word_1_103' title='bbox 1812 1248 1869 1301; x_wconf 80' lang='grc' dir='ltr'>δὲ</span> 
     </span>
    </p>
   </div>
   <div class='ocr_carea' id='block_1_15' title="bbox 289 1340 1870 1415">
    <p class='ocr_par' dir='ltr' id='par_1_15' title="bbox 289 1340 1870 1415">
     <span class='ocr_line' id='line_1_15' title="bbox 289 1340 1870 1415; baseline 0.015 -35"><span class='ocrx_word' id='word_1_104' title='bbox 289 1346 428 1415; x_wconf 70' lang='grc' dir='ltr'><strong>γένη</strong></span> <span class='ocrx_word' id='word_1_105' title='bbox 469 1343 567 1398; x_wconf 62' lang='grc' dir='ltr'><strong>καὶ</strong></span> <span class='ocrx_word' id='word_1_106' title='bbox 605 1342 883 1414; x_wconf 80' lang='grc' dir='ltr'>μαγείρων</span> <span class='ocrx_word' id='word_1_107' title='bbox 934 1340 1214 1412; x_wconf 80' lang='grc' dir='ltr'>κτώμενος</span> <span class='ocrx_word' id='word_1_108' title='bbox 1237 1356 1252 1372; x_wconf 82' lang='grc'><strong>’</strong></span> <span class='ocrx_word' id='word_1_109' title='bbox 1306 1344 1399 1394; x_wconf 77' lang='grc' dir='ltr'><strong>καὶ</strong></span> <span class='ocrx_word' id='word_1_110' title='bbox 1463 1341 1565 1412; x_wconf 81' lang='grc' dir='ltr'>τὴν</span> <span class='ocrx_word' id='word_1_111' title='bbox 1611 1341 1719 1394; x_wconf 81' lang='grc' dir='ltr'><strong>ἀπὸ</strong></span> <span class='ocrx_word' id='word_1_112' title='bbox 1769 1342 1870 1411; x_wconf 81' lang='grc' dir='ltr'>τῆς</span> 
     </span>
    </p>
   </div>
   <div class='ocr_carea' id='block_1_16' title="bbox 289 1432 1866 1507">
    <p class='ocr_par' dir='ltr' id='par_1_16' title="bbox 289 1432 1866 1507">
     <span class='ocr_line' id='line_1_16' title="bbox 289 1432 1866 1507; baseline -0.002 -18"><span class='ocrx_word' id='word_1_113' title='bbox 289 1436 518 1507; x_wconf 77' lang='grc' dir='ltr'>ἐσθῆτος</span> <span class='ocrx_word' id='word_1_114' title='bbox 546 1433 774 1507; x_wconf 86' lang='grc' dir='ltr'>τρυφὴν,</span> <span class='ocrx_word' id='word_1_115' title='bbox 795 1433 890 1487; x_wconf 68' lang='grc' dir='ltr'><strong>καὶ¹</strong></span> <span class='ocrx_word' id='word_1_116' title='bbox 910 1433 1007 1505; x_wconf 82' lang='grc' dir='ltr'><strong>τὴν</strong></span> <span class='ocrx_word' id='word_1_117' title='bbox 1034 1434 1141 1488; x_wconf 84' lang='grc' dir='ltr'><strong>ἀπὸ</strong></span> <span class='ocrx_word' id='word_1_118' title='bbox 1160 1433 1270 1486; x_wconf 82' lang='grc' dir='ltr'><strong>τῶν</strong></span> <span class='ocrx_word' id='word_1_119' title='bbox 1295 1433 1637 1505; x_wconf 78' lang='grc' dir='ltr'>παραδείσων</span> <span class='ocrx_word' id='word_1_120' title='bbox 1656 1432 1866 1505; x_wconf 78' lang='grc' dir='ltr'>τέρψιν,</span> 
     </span>
    </p>
   </div>
   <div class='ocr_carea' id='block_1_17' title="bbox 286 1522 1868 1596">
    <p class='ocr_par' dir='ltr' id='par_1_17' title="bbox 286 1522 1868 1596">
     <span class='ocr_line' id='line_1_17' title="bbox 286 1522 1868 1596; baseline -0.003 -16"><span class='ocrx_word' id='word_1_121' title='bbox 286 1527 387 1580; x_wconf 77' lang='grc' dir='ltr'>καὶ</span> <span class='ocrx_word' id='word_1_122' title='bbox 427 1526 527 1595; x_wconf 77' lang='grc' dir='ltr'>τὴν</span> <span class='ocrx_word' id='word_1_123' title='bbox 565 1524 673 1579; x_wconf 79' lang='grc' dir='ltr'><strong>ἀπὸ</strong></span> <span class='ocrx_word' id='word_1_124' title='bbox 702 1525 810 1579; x_wconf 84' lang='grc' dir='ltr'><strong>τῶν</strong></span> <span class='ocrx_word' id='word_1_125' title='bbox 843 1522 1114 1595; x_wconf 83' lang='grc' dir='ltr'>λαμπρῶν</span> <span class='ocrx_word' id='word_1_126' title='bbox 1137 1523 1404 1594; x_wconf 87' lang='grc' dir='ltr'>σωμάτων</span> <span class='ocrx_word' id='word_1_127' title='bbox 1428 1522 1618 1596; x_wconf 77' lang='grc' dir='ltr'>ἡδονὴν</span> <span class='ocrx_word' id='word_1_128' title='bbox 1634 1522 1868 1593; x_wconf 77' lang='grc' dir='ltr'>δαψιλῶς</span> 
     </span>
    </p>
   </div>
   <div class='ocr_carea' id='block_1_18' title="bbox 287 1614 1871 1689">
    <p class='ocr_par' dir='ltr' id='par_1_18' title="bbox 287 1614 1871 1689">
     <span class='ocr_line' id='line_1_18' title="bbox 287 1614 1871 1689; baseline -0.003 -16"><span class='ocrx_word' id='word_1_129' title='bbox 287 1616 472 1689; x_wconf 82' lang='grc' dir='ltr'>ἑαυτῷ</span> <span class='ocrx_word' id='word_1_130' title='bbox 492 1616 945 1687; x_wconf 79' lang='grc' dir='ltr'>παρασκευάζων,</span> <span class='ocrx_word' id='word_1_131' title='bbox 962 1614 1056 1670; x_wconf 75' lang='grc' dir='ltr'>καὶ</span> <span class='ocrx_word' id='word_1_132' title='bbox 1073 1617 1272 1680; x_wconf 79' lang='grc' dir='ltr'>πᾶσαν,</span> <span class='ocrx_word' id='word_1_133' title='bbox 1288 1615 1366 1678; x_wconf 83' lang='grc' dir='ltr'><strong>ὡς</strong></span> <span class='ocrx_word' id='word_1_134' title='bbox 1384 1617 1577 1681; x_wconf 79' lang='grc' dir='ltr'>εἰπεῖν,</span> <span class='ocrx_word' id='word_1_135' title='bbox 1599 1614 1871 1687; x_wconf 84' lang='grc' dir='ltr'>λεωφόρον</span> 
     </span>
    </p>
   </div>
   <div class='ocr_carea' id='block_1_19' title="bbox 283 1704 1871 1779">
    <p class='ocr_par' dir='ltr' id='par_1_19' title="bbox 283 1704 1871 1779">
     <span class='ocr_line' id='line_1_19' title="bbox 283 1704 1871 1779; baseline 0 -19"><span class='ocrx_word' id='word_1_136' title='bbox 283 1706 645 1779; x_wconf 81' lang='grc' dir='ltr'>ψυχαγωγίας</span> <span class='ocrx_word' id='word_1_137' title='bbox 657 1708 750 1761; x_wconf 76' lang='grc' dir='ltr'><strong>καὶ</strong></span> <span class='ocrx_word' id='word_1_138' title='bbox 764 1706 1005 1777; x_wconf 67' lang='grc' dir='ltr'>τέρψεως</span> <span class='ocrx_word' id='word_1_139' title='bbox 1022 1705 1360 1776; x_wconf 82' lang='grc' dir='ltr'>ἀνατέμνων.</span> <span class='ocrx_word' id='word_1_140' title='bbox 1378 1705 1590 1776; x_wconf 81' lang='grc' dir='ltr'>Ἐπειδὴ</span> <span class='ocrx_word' id='word_1_141' title='bbox 1603 1704 1660 1759; x_wconf 79' lang='grc' dir='ltr'>δὲ</span> <span class='ocrx_word' id='word_1_142' title='bbox 1678 1705 1871 1777; x_wconf 77' lang='grc' dir='ltr'>μικρὸν</span> 
     </span>
    </p>
   </div>
   <div class='ocr_carea' id='block_1_20' title="bbox 285 1795 1868 1868">
    <p class='ocr_par' dir='ltr' id='par_1_20' title="bbox 285 1795 1868 1868">
     <span class='ocr_line' id='line_1_20' title="bbox 285 1795 1868 1868; baseline -0.003 -15"><span class='ocrx_word' id='word_1_143' title='bbox 285 1797 500 1853; x_wconf 65' lang='grc' dir='ltr'>ἐκεῖθεν</span> <span class='ocrx_word' id='word_1_144' title='bbox 526 1797 718 1868; x_wconf 78' lang='grc' dir='ltr'>ὥσπερ</span> <span class='ocrx_word' id='word_1_145' title='bbox 750 1797 859 1851; x_wconf 81' lang='grc' dir='ltr'><strong>άπὸ</strong></span> <span class='ocrx_word' id='word_1_146' title='bbox 910 1796 1109 1868; x_wconf 85' lang='grc' dir='ltr'>μανίας</span> <span class='ocrx_word' id='word_1_147' title='bbox 1149 1797 1438 1866; x_wconf 80' lang='grc' dir='ltr'>ἀνήνεγκε,</span> <span class='ocrx_word' id='word_1_148' title='bbox 1479 1795 1575 1849; x_wconf 77' lang='grc' dir='ltr'>καὶ</span> <span class='ocrx_word' id='word_1_149' title='bbox 1616 1796 1868 1868; x_wconf 87' lang='grc' dir='ltr'>καθάπερ</span> 
     </span>
    </p>
   </div>
   <div class='ocr_carea' id='block_1_21' title="bbox 286 1887 1865 1960">
    <p class='ocr_par' dir='ltr' id='par_1_21' title="bbox 286 1887 1865 1960">
     <span class='ocr_line' id='line_1_21' title="bbox 286 1887 1865 1960; baseline -0.003 -15"><span class='ocrx_word' id='word_1_150' title='bbox 286 1892 355 1945; x_wconf 66' lang='grc' dir='ltr'>ἐκ</span> <span class='ocrx_word' id='word_1_151' title='bbox 388 1888 712 1960; x_wconf 76' lang='grc' dir='ltr'>λαϐυρίνθου</span> <span class='ocrx_word' id='word_1_152' title='bbox 753 1888 900 1953; x_wconf 83' lang='grc' dir='ltr'>τινὸς</span> <span class='ocrx_word' id='word_1_153' title='bbox 937 1887 1169 1960; x_wconf 77' lang='grc' dir='ltr'>ζοφεροῦ</span> <span class='ocrx_word' id='word_1_154' title='bbox 1198 1888 1334 1959; x_wconf 85' lang='grc' dir='ltr'>πρὸς</span> <span class='ocrx_word' id='word_1_155' title='bbox 1370 1887 1431 1941; x_wconf 88' lang='grc' dir='ltr'><strong>τὸ</strong></span> <span class='ocrx_word' id='word_1_156' title='bbox 1468 1887 1865 1959; x_wconf 78' lang='grc' dir='ltr'>ὑπέρλαμπρον</span> 
     </span>
    </p>
   </div>
   <div class='ocr_carea' id='block_1_22' title="bbox 285 1978 1867 2054">
    <p class='ocr_par' dir='ltr' id='par_1_22' title="bbox 285 1978 1867 2054">
     <span class='ocr_line' id='line_1_22' title="bbox 285 1978 1867 2054; baseline -0.002 -19"><span class='ocrx_word' id='word_1_157' title='bbox 285 1982 389 2052; x_wconf 80' lang='grc' dir='ltr'>τῆς</span> <span class='ocrx_word' id='word_1_158' title='bbox 458 1981 830 2054; x_wconf 84' lang='grc' dir='ltr'>ὑπερκοσμίου</span> <span class='ocrx_word' id='word_1_159' title='bbox 877 1978 1191 2050; x_wconf 82' lang='grc' dir='ltr'>φιλοσοφίας</span> <span class='ocrx_word' id='word_1_160' title='bbox 1256 1979 1559 2047; x_wconf 73' lang='grc' dir='ltr'>ἀναϐλέψαι</span> <span class='ocrx_word' id='word_1_161' title='bbox 1629 1978 1867 2051; x_wconf 75' lang='grc' dir='ltr'>ἠδυνήθη</span> 
     </span>
    </p>
   </div>
   <div class='ocr_carea' id='block_1_23' title="bbox 288 2070 1866 2143">
    <p class='ocr_par' dir='ltr' id='par_1_23' title="bbox 288 2070 1866 2143">
     <span class='ocr_line' id='line_1_23' title="bbox 288 2070 1866 2143; baseline -0.003 -16"><span class='ocrx_word' id='word_1_162' title='bbox 288 2072 430 2143; x_wconf 82' lang='grc' dir='ltr'>φῶς,</span> <span class='ocrx_word' id='word_1_163' title='bbox 480 2072 544 2127; x_wconf 83' lang='grc' dir='ltr'>τὸ</span> <span class='ocrx_word' id='word_1_164' title='bbox 592 2072 896 2143; x_wconf 79' lang='grc' dir='ltr'>τηνικαῦτα</span> <span class='ocrx_word' id='word_1_165' title='bbox 950 2073 1049 2143; x_wconf 84' lang='grc' dir='ltr'>τὴν</span> <span class='ocrx_word' id='word_1_166' title='bbox 1099 2070 1310 2142; x_wconf 74' lang='grc' dir='ltr'>ὑψηλὴν</span> <span class='ocrx_word' id='word_1_167' title='bbox 1356 2071 1575 2141; x_wconf 85' lang='grc' dir='ltr'>ἐκείνην</span> <span class='ocrx_word' id='word_1_168' title='bbox 1634 2070 1866 2124; x_wconf 75' lang='grc' dir='ltr'>καὶτῶν</span> 
     </span>
    </p>
   </div>
   <div class='ocr_carea' id='block_1_24' title="bbox 287 2160 1868 2236">
    <p class='ocr_par' dir='ltr' id='par_1_24' title="bbox 287 2160 1868 2236">
     <span class='ocr_line' id='line_1_24' title="bbox 287 2160 1868 2236; baseline -0.003 -18"><span class='ocrx_word' id='word_1_169' title='bbox 287 2163 534 2236; x_wconf 80' lang='grc' dir='ltr'>οὐρανῶν</span> <span class='ocrx_word' id='word_1_170' title='bbox 568 2162 726 2229; x_wconf 77' lang='grc' dir='ltr'>ἀξίαν</span> <span class='ocrx_word' id='word_1_171' title='bbox 750 2162 945 2234; x_wconf 74' lang='grc' dir='ltr'>ἔρρηξε</span> <span class='ocrx_word' id='word_1_172' title='bbox 977 2164 1161 2232; x_wconf 81' lang='grc' dir='ltr'>φωνήν</span> <span class='ocrx_word' id='word_1_173' title='bbox 1187 2179 1199 2188; x_wconf 91' lang='grc'><strong>·</strong></span> <span class='ocrx_word' id='word_1_174' title='bbox 1243 2181 1261 2213; x_wconf 77' lang='grc' dir='ltr'><strong>ι</strong></span> <span class='ocrx_word' id='word_1_175' title='bbox 1297 2160 1608 2231; x_wconf 86' lang='grc' dir='ltr'>Ματαιότης</span> <span class='ocrx_word' id='word_1_176' title='bbox 1643 2178 1868 2231; x_wconf 84' lang='grc' dir='ltr'>ματαιο-</span> 
     </span>
    </p>
   </div>
   <div class='ocr_carea' id='block_1_25' title="bbox 285 2252 1868 2327">
    <p class='ocr_par' dir='ltr' id='par_1_25' title="bbox 285 2252 1868 2327">
     <span class='ocr_line' id='line_1_25' title="bbox 285 2252 1868 2327; baseline -0.001 -20"><span class='ocrx_word' id='word_1_177' title='bbox 285 2258 495 2327; x_wconf 85' lang='grc' dir='ltr'>τήτων,</span> <span class='ocrx_word' id='word_1_178' title='bbox 524 2255 592 2309; x_wconf 84' lang='grc' dir='ltr'>τὰ</span> <span class='ocrx_word' id='word_1_179' title='bbox 621 2256 801 2309; x_wconf 88' lang='grc' dir='ltr'>πάντα</span> <span class='ocrx_word' id='word_1_180' title='bbox 831 2253 1156 2325; x_wconf 84' lang='grc' dir='ltr'>ματαιότης.</span> <span class='ocrx_word' id='word_1_181' title='bbox 1212 2273 1231 2305; x_wconf 76' lang='grc' dir='ltr'><strong>ι</strong></span> <span class='ocrx_word' id='word_1_182' title='bbox 1286 2255 1349 2308; x_wconf 81' lang='lat' dir='ltr'><strong>El</strong></span> <span class='ocrx_word' id='word_1_183' title='bbox 1388 2253 1568 2308; x_wconf 87' lang='grc' dir='ltr'>τοίνυν</span> <span class='ocrx_word' id='word_1_184' title='bbox 1596 2254 1624 2307; x_wconf 86' lang='grc' dir='ltr'><strong>ό</strong></span> <span class='ocrx_word' id='word_1_185' title='bbox 1655 2252 1780 2324; x_wconf 87' lang='grc' dir='ltr'>μηδ’</span> <span class='ocrx_word' id='word_1_186' title='bbox 1811 2254 1868 2305; x_wconf 79' lang='grc' dir='ltr'>ὲν</span> 
     </span>
    </p>
   </div>
   <div class='ocr_carea' id='block_1_26' title="bbox 286 2340 1869 2419">
    <p class='ocr_par' dir='ltr' id='par_1_26' title="bbox 286 2340 1869 2419">
     <span class='ocr_line' id='line_1_26' title="bbox 286 2340 1869 2419; baseline -0.002 -19"><span class='ocrx_word' id='word_1_187' title='bbox 286 2347 507 2419; x_wconf 81' lang='grc' dir='ltr'>χρόνοις</span> <span class='ocrx_word' id='word_1_188' title='bbox 550 2346 923 2416; x_wconf 82' lang='grc' dir='ltr'>γεγενημένος</span> <span class='ocrx_word' id='word_1_189' title='bbox 975 2344 1177 2414; x_wconf 86' lang='grc' dir='ltr'>πολλὴν</span> <span class='ocrx_word' id='word_1_190' title='bbox 1226 2341 1519 2397; x_wconf 79' lang='grc' dir='ltr'>ἀπαιτοῦσι</span> <span class='ocrx_word' id='word_1_191' title='bbox 1548 2340 1869 2412; x_wconf 87' lang='grc' dir='ltr'>φιλοσοφίας</span> 
     </span>
    </p>
   </div>
   <div class='ocr_carea' id='block_1_27' title="bbox 286 2432 1868 2513">
    <p class='ocr_par' dir='ltr' id='par_1_27' title="bbox 286 2432 1868 2513">
     <span class='ocr_line' id='line_1_27' title="bbox 286 2432 1868 2513; baseline -0.006 -15"><span class='ocrx_word' id='word_1_192' title='bbox 286 2439 616 2513; x_wconf 76' lang='grc' dir='ltr'>ἀκρίδειαν,</span> <span class='ocrx_word' id='word_1_193' title='bbox 661 2432 903 2510; x_wconf 73' lang='grc' dir='ltr'>ἠδυνήθη</span> <span class='ocrx_word' id='word_1_194' title='bbox 961 2438 1192 2492; x_wconf 83' lang='grc' dir='ltr'>συνιδεῖν</span> <span class='ocrx_word' id='word_1_195' title='bbox 1253 2436 1314 2490; x_wconf 84' lang='grc' dir='ltr'><strong>τὸ</strong></span> <span class='ocrx_word' id='word_1_196' title='bbox 1350 2435 1459 2489; x_wconf 85' lang='grc' dir='ltr'><strong>τῶν</strong></span> <span class='ocrx_word' id='word_1_197' title='bbox 1522 2436 1868 2507; x_wconf 84' lang='grc' dir='ltr'>πραγμάτων</span> 
     </span>
    </p>
   </div>
   <div class='ocr_carea' id='block_1_28' title="bbox 284 2528 1865 2603">
    <p class='ocr_par' dir='ltr' id='par_1_28' title="bbox 284 2528 1865 2603">
     <span class='ocr_line' id='line_1_28' title="bbox 284 2528 1865 2603; baseline -0.003 -16"><span class='ocrx_word' id='word_1_198' title='bbox 284 2532 539 2603; x_wconf 81' lang='grc' dir='ltr'>ἀνόητον,</span> <span class='ocrx_word' id='word_1_199' title='bbox 560 2533 655 2587; x_wconf 75' lang='grc' dir='ltr'>καὶ</span> <span class='ocrx_word' id='word_1_200' title='bbox 678 2531 880 2603; x_wconf 81' lang='grc' dir='ltr'>πολλὴν</span> <span class='ocrx_word' id='word_1_201' title='bbox 903 2530 1083 2585; x_wconf 84' lang='grc' dir='ltr'>αὑτῶν</span> <span class='ocrx_word' id='word_1_202' title='bbox 1111 2528 1458 2601; x_wconf 85' lang='grc' dir='ltr'>καταγνῶναι</span> <span class='ocrx_word' id='word_1_203' title='bbox 1488 2528 1826 2600; x_wconf 86' lang='grc' dir='ltr'>ματαιότητα</span> <span class='ocrx_word' id='word_1_204' title='bbox 1849 2545 1865 2560; x_wconf 89' lang='grc'><strong>·</strong></span> 
     </span>
    </p>
   </div>
   <div class='ocr_carea' id='block_1_29' title="bbox 283 2621 1872 2695">
    <p class='ocr_par' dir='ltr' id='par_1_29' title="bbox 283 2621 1872 2695">
     <span class='ocr_line' id='line_1_29' title="bbox 283 2621 1872 2695; baseline -0.002 -16"><span class='ocrx_word' id='word_1_205' title='bbox 283 2624 449 2679; x_wconf 83' lang='grc' dir='ltr'>ποίαν</span> <span class='ocrx_word' id='word_1_206' title='bbox 475 2624 669 2694; x_wconf 75' lang='grc' dir='ltr'>ἕξομεν</span> <span class='ocrx_word' id='word_1_207' title='bbox 710 2621 1039 2694; x_wconf 84' lang='grc' dir='ltr'>συγγνώμην</span> <span class='ocrx_word' id='word_1_208' title='bbox 1067 2624 1117 2676; x_wconf 92' lang='grc' dir='ltr'><strong>οί</strong></span> <span class='ocrx_word' id='word_1_209' title='bbox 1153 2624 1290 2693; x_wconf 77' lang='grc' dir='ltr'>πρὸς</span> <span class='ocrx_word' id='word_1_210' title='bbox 1317 2621 1655 2695; x_wconf 76' lang='grc' dir='ltr'>ὑψηλοτέραν</span> <span class='ocrx_word' id='word_1_211' title='bbox 1689 2621 1872 2676; x_wconf 80' lang='grc' dir='ltr'>κελευ-</span> 
     </span>
    </p>
   </div>
   <div class='ocr_carea' id='block_1_30' title="bbox 287 2709 1869 2783">
    <p class='ocr_par' dir='ltr' id='par_1_30' title="bbox 287 2709 1869 2783">
     <span class='ocr_line' id='line_1_30' title="bbox 287 2709 1869 2783; baseline 0 -18"><span class='ocrx_word' id='word_1_212' title='bbox 287 2709 516 2774; x_wconf 80' lang='grc' dir='ltr'>σθέντες</span> <span class='ocrx_word' id='word_1_213' title='bbox 572 2710 840 2781; x_wconf 79' lang='grc' dir='ltr'>άναὸἧναι</span> <span class='ocrx_word' id='word_1_214' title='bbox 897 2710 1217 2780; x_wconf 89' lang='grc' dir='ltr'>φιλοσοφίας</span> <span class='ocrx_word' id='word_1_215' title='bbox 1271 2710 1540 2783; x_wconf 86' lang='grc' dir='ltr'>κορυφὴν,</span> <span class='ocrx_word' id='word_1_216' title='bbox 1601 2710 1699 2764; x_wconf 77' lang='grc' dir='ltr'>καὶ</span> <span class='ocrx_word' id='word_1_217' title='bbox 1733 2710 1869 2783; x_wconf 82' lang='grc' dir='ltr'>μηδὲ</span> 
     </span>
    </p>
   </div>
   <div class='ocr_carea' id='block_1_31' title="bbox 285 2800 1868 2874">
    <p class='ocr_par' dir='ltr' id='par_1_31' title="bbox 285 2800 1868 2874">
     <span class='ocr_line' id='line_1_31' title="bbox 285 2800 1868 2874; baseline 0.001 -19"><span class='ocrx_word' id='word_1_218' title='bbox 285 2800 393 2873; x_wconf 74' lang='grc' dir='ltr'>τὴν</span> <span class='ocrx_word' id='word_1_219' title='bbox 450 2801 621 2871; x_wconf 84' lang='grc' dir='ltr'>αὐτὴν</span> <span class='ocrx_word' id='word_1_220' title='bbox 663 2802 856 2873; x_wconf 81' lang='grc' dir='ltr'>ἐκείνῳ</span> <span class='ocrx_word' id='word_1_221' title='bbox 923 2802 1215 2873; x_wconf 88' lang='grc' dir='ltr'>δυνάμενοι</span> <span class='ocrx_word' id='word_1_222' title='bbox 1288 2803 1450 2874; x_wconf 76' lang='grc' dir='ltr'>ῥῆξαι</span> <span class='ocrx_word' id='word_1_223' title='bbox 1499 2802 1703 2874; x_wconf 80' lang='grc' dir='ltr'>φωνὴν,</span> <span class='ocrx_word' id='word_1_224' title='bbox 1755 2802 1868 2857; x_wconf 82' lang='grc' dir='ltr'>ἀλλ’</span> 
     </span>
    </p>
   </div>
   <div class='ocr_carea' id='block_1_32' title="bbox 285 2888 1861 2963">
    <p class='ocr_par' dir='ltr' id='par_1_32' title="bbox 285 2888 1861 2963">
     <span class='ocr_line' id='line_1_32' title="bbox 285 2888 1861 2963; baseline 0.002 -21"><span class='ocrx_word' id='word_1_225' title='bbox 285 2888 434 2943; x_wconf 83' lang='grc' dir='ltr'>οὑτω</span> <span class='ocrx_word' id='word_1_226' title='bbox 471 2891 849 2962; x_wconf 80' lang='grc' dir='ltr'>περιεχόμενοι</span> <span class='ocrx_word' id='word_1_227' title='bbox 875 2890 984 2944; x_wconf 88' lang='grc' dir='ltr'><strong>τῶν</strong></span> <span class='ocrx_word' id='word_1_228' title='bbox 1016 2891 1186 2947; x_wconf 84' lang='grc' dir='ltr'>σκιῶν</span> <span class='ocrx_word' id='word_1_229' title='bbox 1223 2892 1454 2947; x_wconf 79' lang='grc' dir='ltr'>καὶτῶν</span> <span class='ocrx_word' id='word_1_230' title='bbox 1499 2891 1750 2963; x_wconf 81' lang='grc' dir='ltr'>ὀνείρων,</span> <span class='ocrx_word' id='word_1_231' title='bbox 1783 2890 1861 2956; x_wconf 86' lang='grc' dir='ltr'>ὡς</span> 
     </span>
    </p>
   </div>
   <div class='ocr_carea' id='block_1_33' title="bbox 286 2982 1043 3055">
    <p class='ocr_par' dir='ltr' id='par_1_33' title="bbox 286 2982 1043 3055">
     <span class='ocr_line' id='line_1_33' title="bbox 286 2982 1043 3055; baseline 0.003 -18"><span class='ocrx_word' id='word_1_232' title='bbox 286 2982 385 3037; x_wconf 77' lang='grc' dir='ltr'><strong>καὶ</strong></span> <span class='ocrx_word' id='word_1_233' title='bbox 417 2983 689 3053; x_wconf 86' lang='grc' dir='ltr'>σωτηρίας</span> <span class='ocrx_word' id='word_1_234' title='bbox 729 2983 1004 3055; x_wconf 85' lang='grc' dir='ltr'>ὑπεριδεῖν</span> <span class='ocrx_word' id='word_1_235' title='bbox 1028 3000 1043 3049; x_wconf 87' lang='grc'>;</span> 
     </span>
    </p>
   </div>
   <div class='ocr_carea' id='block_1_34' title="bbox 363 3181 1792 3262">
    <p class='ocr_par' dir='ltr' id='par_1_34' title="bbox 363 3181 1792 3262">
     <span class='ocr_line' id='line_1_34' title="bbox 363 3181 1792 3262; baseline 0.008 -28"><span class='ocrx_word' id='word_1_236' title='bbox 363 3181 555 3249; x_wconf 71' lang='grc' dir='ltr'>γυςῖν.</span> <span class='ocrx_word' id='word_1_237' title='bbox 582 3212 653 3221; x_wconf 93' lang='grc'><strong>-</strong></span> <span class='ocrx_word' id='word_1_238' title='bbox 678 3181 1054 3257; x_wconf 82' lang='grc' dir='ltr'><strong>ΛΑΜΠΕΤΙῼ,</strong></span> <span class='ocrx_word' id='word_1_239' title='bbox 1107 3185 1521 3261; x_wconf 65' lang='lat' dir='ltr'><strong>numne,</strong></span> <span class='ocrx_word' id='word_1_240' title='bbox 1563 3188 1792 3262; x_wconf 79' lang='grc' dir='ltr'><strong>ΚΑΣΙῼ.</strong></span> 
     </span>
    </p>
   </div>
   <div class='ocr_carea' id='block_1_35' title="bbox 1895 3131 1942 3193">
    <p class='ocr_par' dir='ltr' id='par_1_35' title="bbox 1895 3131 1942 3193">
     <span class='ocr_line' id='line_1_35' title="bbox 1895 3131 1942 3193; baseline 0 0"><span class='ocrx_word' id='word_1_241' title='bbox 1895 3131 1942 3193; x_wconf 90' lang='lat' dir='ltr'><strong><em>C</em></strong></span> 
     </span>
    </p>
   </div>
   <div class='ocr_carea' id='block_1_36' title="bbox 1981 708 3548 780">
    <p class='ocr_par' dir='ltr' id='par_1_36' title="bbox 1981 708 3548 780">
     <span class='ocr_line' id='line_1_36' title="bbox 1981 708 3548 780; baseline 0.001 -15"><span class='ocrx_word' id='word_1_242' title='bbox 1981 709 2206 766; x_wconf 84' lang='lat' dir='ltr'><strong>credere</strong></span> <span class='ocrx_word' id='word_1_243' title='bbox 2232 708 2462 765; x_wconf 91' lang='lat' dir='ltr'><strong>fortasse</strong></span> <span class='ocrx_word' id='word_1_244' title='bbox 2491 723 2733 766; x_wconf 81' lang='lat' dir='ltr'><strong>recusas.</strong></span> <span class='ocrx_word' id='word_1_245' title='bbox 2767 709 2899 777; x_wconf 87' lang='lat' dir='ltr'><strong>Quis</strong></span> <span class='ocrx_word' id='word_1_246' title='bbox 2920 710 3106 780; x_wconf 89' lang='lat' dir='ltr'><strong>igitur,</strong></span> <span class='ocrx_word' id='word_1_247' title='bbox 3137 710 3355 777; x_wconf 87' lang='lat' dir='ltr'><strong>amabo,</strong></span> <span class='ocrx_word' id='word_1_248' title='bbox 3386 711 3548 769; x_wconf 83' lang='lat' dir='ltr'><strong>fidem</strong></span> 
     </span>
    </p>
   </div>
   <div class='ocr_carea' id='block_1_37' title="bbox 1969 798 3545 870">
    <p class='ocr_par' dir='ltr' id='par_1_37' title="bbox 1969 798 3545 870">
     <span class='ocr_line' id='line_1_37' title="bbox 1969 798 3545 870; baseline 0.003 -16"><span class='ocrx_word' id='word_1_249' title='bbox 1969 800 2108 870; x_wconf 87' lang='lat' dir='ltr'><strong>apud</strong></span> <span class='ocrx_word' id='word_1_250' title='bbox 2140 809 2193 855; x_wconf 91' lang='lat' dir='ltr'><strong>te</strong></span> <span class='ocrx_word' id='word_1_251' title='bbox 2219 799 2503 870; x_wconf 74' lang='lat' dir='ltr'><strong>reperiat?</strong></span> <span class='ocrx_word' id='word_1_252' title='bbox 2537 798 2795 858; x_wconf 88' lang='lat' dir='ltr'><strong>Placetne</strong></span> <span class='ocrx_word' id='word_1_253' title='bbox 2842 801 3186 859; x_wconf 84' lang='lat' dir='ltr'><strong>Salomonem</strong></span> <span class='ocrx_word' id='word_1_254' title='bbox 3216 803 3270 858; x_wconf 88' lang='lat' dir='ltr'><strong>in</strong></span> <span class='ocrx_word' id='word_1_255' title='bbox 3305 804 3545 859; x_wconf 90' lang='lat' dir='ltr'><strong>medium</strong></span> 
     </span>
    </p>
   </div>
   <div class='ocr_carea' id='block_1_38' title="bbox 1968 890 3550 964">
    <p class='ocr_par' dir='ltr' id='par_1_38' title="bbox 1968 890 3550 964">
     <span class='ocr_line' id='line_1_38' title="bbox 1968 890 3550 964; baseline 0.003 -18"><span class='ocrx_word' id='word_1_256' title='bbox 1968 890 2275 962; x_wconf 74' lang='lat' dir='ltr'><strong>proferam?</strong></span> <span class='ocrx_word' id='word_1_257' title='bbox 2330 891 2432 949; x_wconf 85' lang='lat' dir='ltr'><strong>Hic</strong></span> <span class='ocrx_word' id='word_1_258' title='bbox 2479 907 2595 959; x_wconf 78' lang='lat' dir='ltr'><strong>rex,</strong></span> <span class='ocrx_word' id='word_1_259' title='bbox 2641 908 2827 950; x_wconf 84' lang='lat' dir='ltr'><strong>earum</strong></span> <span class='ocrx_word' id='word_1_260' title='bbox 2882 908 3085 959; x_wconf 89' lang='lat' dir='ltr'><strong>rerum,</strong></span> <span class='ocrx_word' id='word_1_261' title='bbox 3134 908 3256 964; x_wconf 63' lang='lat' dir='ltr'><strong>quae</strong></span> <span class='ocrx_word' id='word_1_262' title='bbox 3303 894 3374 950; x_wconf 87' lang='lat' dir='ltr'><strong>ad</strong></span> <span class='ocrx_word' id='word_1_263' title='bbox 3420 895 3550 950; x_wconf 68' lang='lat' dir='ltr'><strong>vitm</strong></span> 
     </span>
    </p>
   </div>
   <div class='ocr_carea' id='block_1_39' title="bbox 1969 984 3554 1053">
    <p class='ocr_par' dir='ltr' id='par_1_39' title="bbox 1969 984 3554 1053">
     <span class='ocr_line' id='line_1_39' title="bbox 1969 984 3554 1053; baseline 0.003 -18"><span class='ocrx_word' id='word_1_264' title='bbox 1969 992 2093 1038; x_wconf 90' lang='lat' dir='ltr'><strong>sunt</strong></span> <span class='ocrx_word' id='word_1_265' title='bbox 2122 998 2278 1039; x_wconf 91' lang='lat' dir='ltr'><strong>usum</strong></span> <span class='ocrx_word' id='word_1_266' title='bbox 2325 984 2670 1050; x_wconf 68' lang='lat' dir='ltr'><strong>necessariae,</strong></span> <span class='ocrx_word' id='word_1_267' title='bbox 2710 998 2897 1040; x_wconf 89' lang='lat' dir='ltr'><strong>amore</strong></span> <span class='ocrx_word' id='word_1_268' title='bbox 2922 994 3135 1053; x_wconf 85' lang='lat' dir='ltr'><strong>captus,</strong></span> <span class='ocrx_word' id='word_1_269' title='bbox 3159 984 3430 1042; x_wconf 80' lang='lat' dir='ltr'><strong>maximas</strong></span> <span class='ocrx_word' id='word_1_270' title='bbox 3457 1000 3554 1042; x_wconf 82' lang='lat' dir='ltr'><strong>eas</strong></span> 
     </span>
    </p>
   </div>
   <div class='ocr_carea' id='block_1_40' title="bbox 1970 1074 3549 1144">
    <p class='ocr_par' dir='ltr' id='par_1_40' title="bbox 1970 1074 3549 1144">
     <span class='ocr_line' id='line_1_40' title="bbox 1970 1074 3549 1144; baseline 0.003 -16"><span class='ocrx_word' id='word_1_271' title='bbox 1970 1074 2218 1141; x_wconf 78' lang='lat' dir='ltr'><strong>ducebat,</strong></span> <span class='ocrx_word' id='word_1_272' title='bbox 2251 1084 2307 1131; x_wconf 91' lang='lat' dir='ltr'><strong>et</strong></span> <span class='ocrx_word' id='word_1_273' title='bbox 2360 1075 2722 1131; x_wconf 82' lang='lat' dir='ltr'><strong>admiratione</strong></span> <span class='ocrx_word' id='word_1_274' title='bbox 2768 1075 3022 1144; x_wconf 81' lang='lat' dir='ltr'><strong>majores,</strong></span> <span class='ocrx_word' id='word_1_275' title='bbox 3086 1090 3414 1144; x_wconf 84' lang='lat' dir='ltr'><strong>omnemque</strong></span> <span class='ocrx_word' id='word_1_276' title='bbox 3479 1078 3549 1133; x_wconf 87' lang='lat' dir='ltr'><strong>ad</strong></span> 
     </span>
    </p>
   </div>
   <div class='ocr_carea' id='block_1_41' title="bbox 1977 1166 3551 1239">
    <p class='ocr_par' dir='ltr' id='par_1_41' title="bbox 1977 1166 3551 1239">
     <span class='ocr_line' id='line_1_41' title="bbox 1977 1166 3551 1239; baseline 0.003 -20"><span class='ocrx_word' id='word_1_277' title='bbox 1977 1179 2070 1222; x_wconf 89' lang='lat' dir='ltr'><strong>eas</strong></span> <span class='ocrx_word' id='word_1_278' title='bbox 2099 1181 2187 1223; x_wconf 92' lang='lat' dir='ltr'><strong>res</strong></span> <span class='ocrx_word' id='word_1_279' title='bbox 2239 1182 2424 1222; x_wconf 90' lang='lat' dir='ltr'><strong>curam</strong></span> <span class='ocrx_word' id='word_1_280' title='bbox 2459 1166 2951 1238; x_wconf 77' lang='lat' dir='ltr'><strong>cogitationemque</strong></span> <span class='ocrx_word' id='word_1_281' title='bbox 3014 1168 3322 1228; x_wconf 88' lang='lat' dir='ltr'><strong>convertit:</strong></span> <span class='ocrx_word' id='word_1_282' title='bbox 3356 1183 3551 1239; x_wconf 84' lang='lat' dir='ltr'><strong>magna</strong></span> 
     </span>
    </p>
   </div>
   <div class='ocr_carea' id='block_1_42' title="bbox 1970 1257 3551 1328">
    <p class='ocr_par' dir='ltr' id='par_1_42' title="bbox 1970 1257 3551 1328">
     <span class='ocr_line' id='line_1_42' title="bbox 1970 1257 3551 1328; baseline 0.004 -17"><span class='ocrx_word' id='word_1_283' title='bbox 1970 1270 2164 1327; x_wconf 89' lang='lat' dir='ltr'><strong>nempe</strong></span> <span class='ocrx_word' id='word_1_284' title='bbox 2208 1257 2495 1328; x_wconf 87' lang='lat' dir='ltr'><strong>amplaque</strong></span> <span class='ocrx_word' id='word_1_285' title='bbox 2551 1258 2791 1314; x_wconf 88' lang='lat' dir='ltr'><strong>incolens</strong></span> <span class='ocrx_word' id='word_1_286' title='bbox 2848 1258 3070 1328; x_wconf 88' lang='lat' dir='ltr'><strong>palatia,</strong></span> <span class='ocrx_word' id='word_1_287' title='bbox 3143 1266 3305 1328; x_wconf 88' lang='lat' dir='ltr'><strong>atque</strong></span> <span class='ocrx_word' id='word_1_288' title='bbox 3359 1260 3551 1317; x_wconf 90' lang='lat' dir='ltr'><strong>domus</strong></span> 
     </span>
    </p>
   </div>
   <div class='ocr_carea' id='block_1_43' title="bbox 1971 1351 3551 1420">
    <p class='ocr_par' dir='ltr' id='par_1_43' title="bbox 1971 1351 3551 1420">
     <span class='ocr_line' id='line_1_43' title="bbox 1971 1351 3551 1420; baseline 0.004 -19"><span class='ocrx_word' id='word_1_289' title='bbox 1971 1359 2249 1420; x_wconf 84' lang='lat' dir='ltr'><strong>augustas,</strong></span> <span class='ocrx_word' id='word_1_290' title='bbox 2286 1366 2473 1405; x_wconf 90' lang='lat' dir='ltr'><strong>aurum</strong></span> <span class='ocrx_word' id='word_1_291' title='bbox 2535 1351 2601 1405; x_wconf 90' lang='lat' dir='ltr'><strong>iis</strong></span> <span class='ocrx_word' id='word_1_292' title='bbox 2645 1352 2938 1417; x_wconf 87' lang='lat' dir='ltr'><strong>adhibens,</strong></span> <span class='ocrx_word' id='word_1_293' title='bbox 2991 1365 3057 1406; x_wconf 87' lang='lat' dir='ltr'><strong>ac</strong></span> <span class='ocrx_word' id='word_1_294' title='bbox 3111 1352 3345 1407; x_wconf 86' lang='lat' dir='ltr'><strong>musicos</strong></span> <span class='ocrx_word' id='word_1_295' title='bbox 3398 1366 3551 1408; x_wconf 80' lang='lat' dir='ltr'><strong>com-</strong></span> 
     </span>
    </p>
   </div>
   <div class='ocr_carea' id='block_1_44' title="bbox 1970 1442 3550 1513">
    <p class='ocr_par' dir='ltr' id='par_1_44' title="bbox 1970 1442 3550 1513">
     <span class='ocr_line' id='line_1_44' title="bbox 1970 1442 3550 1513; baseline 0.003 -20"><span class='ocrx_word' id='word_1_296' title='bbox 1970 1454 2179 1509; x_wconf 88' lang='lat' dir='ltr'><strong>ponens</strong></span> <span class='ocrx_word' id='word_1_297' title='bbox 2225 1442 2443 1507; x_wconf 85' lang='lat' dir='ltr'><strong>choros,</strong></span> <span class='ocrx_word' id='word_1_298' title='bbox 2492 1455 2693 1497; x_wconf 68' lang='lat' dir='ltr'><strong>mensae</strong></span> <span class='ocrx_word' id='word_1_299' title='bbox 2737 1450 3091 1508; x_wconf 85' lang='lat' dir='ltr'><strong>structorum,</strong></span> <span class='ocrx_word' id='word_1_300' title='bbox 3138 1452 3302 1512; x_wconf 88' lang='lat' dir='ltr'><strong>atque</strong></span> <span class='ocrx_word' id='word_1_301' title='bbox 3340 1456 3550 1513; x_wconf 80' lang='lat' dir='ltr'><strong>coquo-</strong></span> 
     </span>
    </p>
   </div>
   <div class='ocr_carea' id='block_1_45' title="bbox 1972 1530 3549 1603">
    <p class='ocr_par' dir='ltr' id='par_1_45' title="bbox 1972 1530 3549 1603">
     <span class='ocr_line' id='line_1_45' title="bbox 1972 1530 3549 1603; baseline 0.001 -18"><span class='ocrx_word' id='word_1_302' title='bbox 1972 1545 2091 1585; x_wconf 90' lang='lat' dir='ltr'><strong>rum</strong></span> <span class='ocrx_word' id='word_1_303' title='bbox 2149 1530 2297 1585; x_wconf 91' lang='lat' dir='ltr'><strong>varia</strong></span> <span class='ocrx_word' id='word_1_304' title='bbox 2340 1531 2624 1600; x_wconf 88' lang='lat' dir='ltr'><strong>possidens</strong></span> <span class='ocrx_word' id='word_1_305' title='bbox 2669 1545 2866 1603; x_wconf 90' lang='lat' dir='ltr'><strong>genera</strong></span> <span class='ocrx_word' id='word_1_306' title='bbox 2916 1549 2931 1586; x_wconf 88' lang='lat'><strong>:</strong></span> <span class='ocrx_word' id='word_1_307' title='bbox 2980 1530 3428 1586; x_wconf 81' lang='lat' dir='ltr'><strong>vestimentorum</strong></span> <span class='ocrx_word' id='word_1_308' title='bbox 3479 1531 3549 1586; x_wconf 91' lang='lat' dir='ltr'><strong>ad</strong></span> 
     </span>
    </p>
   </div>
   <div class='ocr_carea' id='block_1_46' title="bbox 1972 1618 3556 1689">
    <p class='ocr_par' dir='ltr' id='par_1_46' title="bbox 1972 1618 3556 1689">
     <span class='ocr_line' id='line_1_46' title="bbox 1972 1618 3556 1689; baseline 0 -16"><span class='ocrx_word' id='word_1_309' title='bbox 1972 1619 2087 1673; x_wconf 83' lang='lat' dir='ltr'><strong>haec</strong></span> <span class='ocrx_word' id='word_1_310' title='bbox 2110 1632 2235 1689; x_wconf 90' lang='lat' dir='ltr'><strong>rege</strong></span> <span class='ocrx_word' id='word_1_311' title='bbox 2262 1619 2545 1689; x_wconf 80' lang='lat' dir='ltr'><strong>dignarum</strong></span> <span class='ocrx_word' id='word_1_312' title='bbox 2582 1619 2788 1684; x_wconf 80' lang='lat' dir='ltr'><strong>luxum,</strong></span> <span class='ocrx_word' id='word_1_313' title='bbox 2814 1618 3095 1674; x_wconf 86' lang='lat' dir='ltr'><strong>hortorum</strong></span> <span class='ocrx_word' id='word_1_314' title='bbox 3125 1619 3289 1675; x_wconf 82' lang='lat' dir='ltr'><strong>etiam</strong></span> <span class='ocrx_word' id='word_1_315' title='bbox 3325 1619 3556 1677; x_wconf 72' lang='grc' dir='ltr'>ειηωηί-</span> 
     </span>
    </p>
   </div>
   <div class='ocr_carea' id='block_1_47' title="bbox 1977 1706 3558 1779">
    <p class='ocr_par' dir='ltr' id='par_1_47' title="bbox 1977 1706 3558 1779">
     <span class='ocr_line' id='line_1_47' title="bbox 1977 1706 3558 1779; baseline 0.003 -18"><span class='ocrx_word' id='word_1_316' title='bbox 1977 1715 2162 1772; x_wconf 89' lang='lat' dir='ltr'><strong>tatem,</strong></span> <span class='ocrx_word' id='word_1_317' title='bbox 2180 1716 2236 1761; x_wconf 88' lang='lat' dir='ltr'><strong>et</strong></span> <span class='ocrx_word' id='word_1_318' title='bbox 2257 1720 2288 1761; x_wconf 94' lang='lat' dir='ltr'><strong>e</strong></span> <span class='ocrx_word' id='word_1_319' title='bbox 2314 1706 2612 1777; x_wconf 87' lang='lat' dir='ltr'><strong>splendidis</strong></span> <span class='ocrx_word' id='word_1_320' title='bbox 2635 1708 2954 1777; x_wconf 87' lang='lat' dir='ltr'><strong>corporibus</strong></span> <span class='ocrx_word' id='word_1_321' title='bbox 2982 1707 3311 1778; x_wconf 88' lang='lat' dir='ltr'><strong>voluptatem</strong></span> <span class='ocrx_word' id='word_1_322' title='bbox 3334 1708 3558 1779; x_wconf 86' lang='lat' dir='ltr'><strong>opipare</strong></span> 
     </span>
    </p>
   </div>
   <div class='ocr_carea' id='block_1_48' title="bbox 1901 1782 3554 1868">
    <p class='ocr_par' dir='ltr' id='par_1_48' title="bbox 1901 1782 3554 1868">
     <span class='ocr_line' id='line_1_48' title="bbox 1901 1782 3554 1868; baseline 0.001 -18"><span class='ocrx_word' id='word_1_323' title='bbox 1901 1782 1948 1842; x_wconf 83' lang='grc' dir='ltr'><strong>Β</strong></span> <span class='ocrx_word' id='word_1_324' title='bbox 1975 1812 2040 1852; x_wconf 91' lang='lat' dir='ltr'><strong>ac</strong></span> <span class='ocrx_word' id='word_1_325' title='bbox 2069 1797 2214 1852; x_wconf 88' lang='lat' dir='ltr'><strong>laute</strong></span> <span class='ocrx_word' id='word_1_326' title='bbox 2236 1797 2338 1853; x_wconf 87' lang='lat' dir='ltr'><strong>sibi</strong></span> <span class='ocrx_word' id='word_1_327' title='bbox 2372 1811 2663 1868; x_wconf 82' lang='lat' dir='ltr'><strong>apparens,</strong></span> <span class='ocrx_word' id='word_1_328' title='bbox 2689 1811 3013 1868; x_wconf 90' lang='lat' dir='ltr'><strong>omnemque</strong></span> <span class='ocrx_word' id='word_1_329' title='bbox 3037 1798 3172 1853; x_wconf 91' lang='lat' dir='ltr'><strong>adeo</strong></span> <span class='ocrx_word' id='word_1_330' title='bbox 3202 1798 3373 1867; x_wconf 89' lang='lat' dir='ltr'><strong>viam,</strong></span> <span class='ocrx_word' id='word_1_331' title='bbox 3410 1799 3554 1867; x_wconf 90' lang='lat' dir='ltr'><strong>quod</strong></span> 
     </span>
    </p>
   </div>
   <div class='ocr_carea' id='block_1_49' title="bbox 1968 1886 3551 1956">
    <p class='ocr_par' dir='ltr' id='par_1_49' title="bbox 1968 1886 3551 1956">
     <span class='ocr_line' id='line_1_49' title="bbox 1968 1886 3551 1956; baseline 0 -14"><span class='ocrx_word' id='word_1_332' title='bbox 1968 1889 2141 1952; x_wconf 85' lang='lat' dir='ltr'><strong>aiunt,</strong></span> <span class='ocrx_word' id='word_1_333' title='bbox 2184 1887 2502 1956; x_wconf 87' lang='lat' dir='ltr'><strong>adaperiens</strong></span> <span class='ocrx_word' id='word_1_334' title='bbox 2549 1886 2966 1943; x_wconf 83' lang='lat' dir='ltr'><strong>oblectamentis</strong></span> <span class='ocrx_word' id='word_1_335' title='bbox 3011 1887 3178 1943; x_wconf 90' lang='lat' dir='ltr'><strong>animi</strong></span> <span class='ocrx_word' id='word_1_336' title='bbox 3223 1902 3287 1943; x_wconf 90' lang='lat' dir='ltr'><strong>ac</strong></span> <span class='ocrx_word' id='word_1_337' title='bbox 3321 1887 3551 1945; x_wconf 84' lang='lat' dir='ltr'><strong>deliciis.</strong></span> 
     </span>
    </p>
   </div>
   <div class='ocr_carea' id='block_1_50' title="bbox 1970 1976 3553 2048">
    <p class='ocr_par' dir='ltr' id='par_1_50' title="bbox 1970 1976 3553 2048">
     <span class='ocr_line' id='line_1_50' title="bbox 1970 1976 3553 2048; baseline -0.003 -13"><span class='ocrx_word' id='word_1_338' title='bbox 1970 1977 2072 2035; x_wconf 90' lang='lat' dir='ltr'><strong>Ubi</strong></span> <span class='ocrx_word' id='word_1_339' title='bbox 2107 1992 2237 2033; x_wconf 88' lang='lat' dir='ltr'><strong>vero</strong></span> <span class='ocrx_word' id='word_1_340' title='bbox 2267 1977 2391 2033; x_wconf 90' lang='lat' dir='ltr'><strong>inde</strong></span> <span class='ocrx_word' id='word_1_341' title='bbox 2423 1976 2717 2048; x_wconf 82' lang='lat' dir='ltr'><strong>paulisper,</strong></span> <span class='ocrx_word' id='word_1_342' title='bbox 2752 1977 2899 2033; x_wconf 90' lang='lat' dir='ltr'><strong>velut</strong></span> <span class='ocrx_word' id='word_1_343' title='bbox 2936 1976 3005 2032; x_wconf 88' lang='lat' dir='ltr'><strong>ab</strong></span> <span class='ocrx_word' id='word_1_344' title='bbox 3029 1978 3271 2034; x_wconf 90' lang='lat' dir='ltr'><strong>amentia</strong></span> <span class='ocrx_word' id='word_1_345' title='bbox 3304 1978 3553 2046; x_wconf 83' lang='lat' dir='ltr'><strong>recessit,</strong></span> 
     </span>
    </p>
   </div>
   <div class='ocr_carea' id='block_1_51' title="bbox 1971 2066 3551 2141">
    <p class='ocr_par' dir='ltr' id='par_1_51' title="bbox 1971 2066 3551 2141">
     <span class='ocr_line' id='line_1_51' title="bbox 1971 2066 3551 2141; baseline -0.001 -18"><span class='ocrx_word' id='word_1_346' title='bbox 1971 2085 2034 2125; x_wconf 89' lang='lat' dir='ltr'><strong>ac</strong></span> <span class='ocrx_word' id='word_1_347' title='bbox 2057 2068 2222 2125; x_wconf 87' lang='lat' dir='ltr'><strong>veluti</strong></span> <span class='ocrx_word' id='word_1_348' title='bbox 2246 2083 2312 2124; x_wconf 82' lang='lat' dir='ltr'><strong>ex</strong></span> <span class='ocrx_word' id='word_1_349' title='bbox 2351 2069 2584 2125; x_wconf 83' lang='lat' dir='ltr'><strong>obscuro</strong></span> <span class='ocrx_word' id='word_1_350' title='bbox 2622 2068 2933 2141; x_wconf 85' lang='lat' dir='ltr'><strong>labyrintho</strong></span> <span class='ocrx_word' id='word_1_351' title='bbox 2972 2066 3039 2124; x_wconf 88' lang='lat' dir='ltr'><strong>ad</strong></span> <span class='ocrx_word' id='word_1_352' title='bbox 3065 2067 3428 2124; x_wconf 88' lang='lat' dir='ltr'><strong>clarissimum</strong></span> <span class='ocrx_word' id='word_1_353' title='bbox 3456 2082 3551 2125; x_wconf 84' lang='lat' dir='ltr'><strong>su-</strong></span> 
     </span>
    </p>
   </div>
   <div class='ocr_carea' id='block_1_52' title="bbox 1971 2158 3551 2232">
    <p class='ocr_par' dir='ltr' id='par_1_52' title="bbox 1971 2158 3551 2232">
     <span class='ocr_line' id='line_1_52' title="bbox 1971 2158 3551 2232; baseline -0.001 -16"><span class='ocrx_word' id='word_1_354' title='bbox 1971 2175 2152 2232; x_wconf 70' lang='lat' dir='ltr'><strong>pernae</strong></span> <span class='ocrx_word' id='word_1_355' title='bbox 2194 2158 2547 2230; x_wconf 80' lang='lat' dir='ltr'><strong>philosophiae</strong></span> <span class='ocrx_word' id='word_1_356' title='bbox 2577 2160 2758 2216; x_wconf 87' lang='lat' dir='ltr'><strong>lumen</strong></span> <span class='ocrx_word' id='word_1_357' title='bbox 2790 2159 2966 2229; x_wconf 86' lang='lat' dir='ltr'><strong>potuit</strong></span> <span class='ocrx_word' id='word_1_358' title='bbox 3005 2159 3273 2230; x_wconf 85' lang='lat' dir='ltr'><strong>aspicere.</strong></span> <span class='ocrx_word' id='word_1_359' title='bbox 3312 2158 3369 2215; x_wconf 92' lang='lat' dir='ltr'><strong>in</strong></span> <span class='ocrx_word' id='word_1_360' title='bbox 3411 2159 3551 2215; x_wconf 83' lang='lat' dir='ltr'><strong>hanc</strong></span> 
     </span>
    </p>
   </div>
   <div class='ocr_carea' id='block_1_53' title="bbox 1970 2250 3555 2322">
    <p class='ocr_par' dir='ltr' id='par_1_53' title="bbox 1970 2250 3555 2322">
     <span class='ocr_line' id='line_1_53' title="bbox 1970 2250 3555 2322; baseline 0.001 -16"><span class='ocrx_word' id='word_1_361' title='bbox 1970 2253 2106 2308; x_wconf 91' lang='lat' dir='ltr'><strong>adeo</strong></span> <span class='ocrx_word' id='word_1_362' title='bbox 2128 2251 2412 2322; x_wconf 81' lang='lat' dir='ltr'><strong>sublimem</strong></span> <span class='ocrx_word' id='word_1_363' title='bbox 2435 2267 2499 2309; x_wconf 89' lang='lat' dir='ltr'><strong>ac</strong></span> <span class='ocrx_word' id='word_1_364' title='bbox 2523 2251 2666 2309; x_wconf 56' lang='lat' dir='ltr'><strong>caelo</strong></span> <span class='ocrx_word' id='word_1_365' title='bbox 2684 2251 2902 2322; x_wconf 83' lang='lat' dir='ltr'><strong>dignam</strong></span> <span class='ocrx_word' id='word_1_366' title='bbox 2933 2250 3112 2322; x_wconf 85' lang='lat' dir='ltr'><strong>erupit</strong></span> <span class='ocrx_word' id='word_1_367' title='bbox 3136 2265 3323 2307; x_wconf 88' lang='lat' dir='ltr'><strong>vocem</strong></span> <span class='ocrx_word' id='word_1_368' title='bbox 3352 2268 3369 2305; x_wconf 88' lang='lat'><strong>:</strong></span> <span class='ocrx_word' id='word_1_369' title='bbox 3400 2268 3421 2305; x_wconf 74' lang='grc' dir='ltr'><strong>ι</strong></span> <span class='ocrx_word' id='word_1_370' title='bbox 3450 2250 3555 2307; x_wconf 78' lang='lat' dir='ltr'><strong>Va-</strong></span> 
     </span>
    </p>
   </div>
   <div class='ocr_carea' id='block_1_54' title="bbox 1968 2344 3552 2416">
    <p class='ocr_par' dir='ltr' id='par_1_54' title="bbox 1968 2344 3552 2416">
     <span class='ocr_line' id='line_1_54' title="bbox 1968 2344 3552 2416; baseline -0.002 -14"><span class='ocrx_word' id='word_1_371' title='bbox 1968 2348 2115 2402; x_wconf 89' lang='lat' dir='ltr'><strong>nitas</strong></span> <span class='ocrx_word' id='word_1_372' title='bbox 2142 2347 2465 2415; x_wconf 86' lang='lat' dir='ltr'><strong>vanltatum,</strong></span> <span class='ocrx_word' id='word_1_373' title='bbox 2504 2353 2559 2403; x_wconf 89' lang='lat' dir='ltr'><strong>et</strong></span> <span class='ocrx_word' id='word_1_374' title='bbox 2601 2346 2781 2401; x_wconf 90' lang='lat' dir='ltr'><strong>omnia</strong></span> <span class='ocrx_word' id='word_1_375' title='bbox 2818 2347 3050 2401; x_wconf 85' lang='lat' dir='ltr'><strong>vanitas.</strong></span> <span class='ocrx_word' id='word_1_376' title='bbox 3092 2363 3111 2399; x_wconf 78' lang='grc' dir='ltr'><strong>ι</strong></span> <span class='ocrx_word' id='word_1_377' title='bbox 3150 2344 3208 2401; x_wconf 86' lang='lat' dir='ltr'><strong>Si</strong></span> <span class='ocrx_word' id='word_1_378' title='bbox 3252 2345 3436 2415; x_wconf 89' lang='lat' dir='ltr'><strong>itaque</strong></span> <span class='ocrx_word' id='word_1_379' title='bbox 3460 2345 3552 2416; x_wconf 87' lang='lat' dir='ltr'><strong>qui</strong></span> 
     </span>
    </p>
   </div>
   <div class='ocr_carea' id='block_1_55' title="bbox 1970 2437 3555 2510">
    <p class='ocr_par' dir='ltr' id='par_1_55' title="bbox 1970 2437 3555 2510">
     <span class='ocr_line' id='line_1_55' title="bbox 1970 2437 3555 2510; baseline 0.001 -16"><span class='ocrx_word' id='word_1_380' title='bbox 1970 2453 2037 2494; x_wconf 92' lang='lat' dir='ltr'><strong>eo</strong></span> <span class='ocrx_word' id='word_1_381' title='bbox 2097 2438 2295 2495; x_wconf 61' lang='lat' dir='ltr'><strong>sarculo</strong></span> <span class='ocrx_word' id='word_1_382' title='bbox 2349 2450 2508 2494; x_wconf 91' lang='lat' dir='ltr'><strong>natus</strong></span> <span class='ocrx_word' id='word_1_383' title='bbox 2555 2452 2662 2495; x_wconf 91' lang='lat' dir='ltr'><strong>non</strong></span> <span class='ocrx_word' id='word_1_384' title='bbox 2715 2444 2821 2504; x_wconf 86' lang='lat' dir='ltr'><strong>est,</strong></span> <span class='ocrx_word' id='word_1_385' title='bbox 2853 2441 2996 2507; x_wconf 89' lang='lat' dir='ltr'><strong>quod</strong></span> <span class='ocrx_word' id='word_1_386' title='bbox 3034 2447 3242 2494; x_wconf 89' lang='lat' dir='ltr'><strong>tantum</strong></span> <span class='ocrx_word' id='word_1_387' title='bbox 3297 2437 3555 2510; x_wconf 75' lang='lat' dir='ltr'><strong>perfectze</strong></span> 
     </span>
    </p>
   </div>
   <div class='ocr_carea' id='block_1_56' title="bbox 1972 2526 3555 2601">
    <p class='ocr_par' dir='ltr' id='par_1_56' title="bbox 1972 2526 3555 2601">
     <span class='ocr_line' id='line_1_56' title="bbox 1972 2526 3555 2601; baseline 0.001 -19"><span class='ocrx_word' id='word_1_388' title='bbox 1972 2528 2097 2583; x_wconf 82' lang='lat' dir='ltr'><strong>vitae</strong></span> <span class='ocrx_word' id='word_1_389' title='bbox 2135 2528 2371 2584; x_wconf 89' lang='lat' dir='ltr'><strong>studium</strong></span> <span class='ocrx_word' id='word_1_390' title='bbox 2415 2528 2605 2598; x_wconf 77' lang='lat' dir='ltr'><strong>exigit,</strong></span> <span class='ocrx_word' id='word_1_391' title='bbox 2630 2527 2806 2598; x_wconf 89' lang='lat' dir='ltr'><strong>potuit</strong></span> <span class='ocrx_word' id='word_1_392' title='bbox 2837 2541 3019 2582; x_wconf 90' lang='lat' dir='ltr'><strong>rerum</strong></span> <span class='ocrx_word' id='word_1_393' title='bbox 3046 2526 3363 2601; x_wconf 83' lang='lat' dir='ltr'><strong>conspicere</strong></span> <span class='ocrx_word' id='word_1_394' title='bbox 3397 2540 3555 2598; x_wconf 64' lang='lat' dir='ltr'><strong>aequo</strong></span> 
     </span>
    </p>
   </div>
   <div class='ocr_carea' id='block_1_57' title="bbox 1972 2617 3551 2687">
    <p class='ocr_par' dir='ltr' id='par_1_57' title="bbox 1972 2617 3551 2687">
     <span class='ocr_line' id='line_1_57' title="bbox 1972 2617 3551 2687; baseline -0.001 -14"><span class='ocrx_word' id='word_1_395' title='bbox 1972 2618 2155 2675; x_wconf 90' lang='lat' dir='ltr'><strong>animo</strong></span> <span class='ocrx_word' id='word_1_396' title='bbox 2175 2618 2518 2682; x_wconf 88' lang='lat' dir='ltr'><strong>inanitatem,</strong></span> <span class='ocrx_word' id='word_1_397' title='bbox 2551 2618 2931 2687; x_wconf 89' lang='lat' dir='ltr'><strong>ingentemque</strong></span> <span class='ocrx_word' id='word_1_398' title='bbox 2958 2617 3193 2686; x_wconf 90' lang='lat' dir='ltr'><strong>ipsarum</strong></span> <span class='ocrx_word' id='word_1_399' title='bbox 3221 2630 3551 2686; x_wconf 87' lang='lat' dir='ltr'><strong>cognoscere</strong></span> 
     </span>
    </p>
   </div>
   <div class='ocr_carea' id='block_1_58' title="bbox 1972 2709 3549 2779">
    <p class='ocr_par' dir='ltr' id='par_1_58' title="bbox 1972 2709 3549 2779">
     <span class='ocr_line' id='line_1_58' title="bbox 1972 2709 3549 2779; baseline -0.002 -14"><span class='ocrx_word' id='word_1_400' title='bbox 1972 2709 2319 2765; x_wconf 80' lang='lat' dir='ltr'><strong>vanitatem:</strong></span> <span class='ocrx_word' id='word_1_401' title='bbox 2363 2723 2527 2779; x_wconf 89' lang='lat' dir='ltr'><strong>quam</strong></span> <span class='ocrx_word' id='word_1_402' title='bbox 2581 2722 2702 2773; x_wconf 86' lang='lat' dir='ltr'><strong>nos,</strong></span> <span class='ocrx_word' id='word_1_403' title='bbox 2747 2723 2950 2779; x_wconf 64' lang='lat' dir='ltr'><strong>quaso,</strong></span> <span class='ocrx_word' id='word_1_404' title='bbox 3001 2709 3216 2763; x_wconf 86' lang='lat' dir='ltr'><strong>veniam</strong></span> <span class='ocrx_word' id='word_1_405' title='bbox 3248 2721 3549 2778; x_wconf 88' lang='lat' dir='ltr'><strong>conseque-</strong></span> 
     </span>
    </p>
   </div>
   <div class='ocr_carea' id='block_1_59' title="bbox 1972 2799 3549 2872">
    <p class='ocr_par' dir='ltr' id='par_1_59' title="bbox 1972 2799 3549 2872">
     <span class='ocr_line' id='line_1_59' title="bbox 1972 2799 3549 2872; baseline -0.003 -15"><span class='ocrx_word' id='word_1_406' title='bbox 1972 2817 2116 2869; x_wconf 88' lang='lat' dir='ltr'><strong>mur,</strong></span> <span class='ocrx_word' id='word_1_407' title='bbox 2143 2802 2234 2872; x_wconf 93' lang='lat' dir='ltr'><strong>qui</strong></span> <span class='ocrx_word' id='word_1_408' title='bbox 2284 2802 2353 2856; x_wconf 90' lang='lat' dir='ltr'><strong>ad</strong></span> <span class='ocrx_word' id='word_1_409' title='bbox 2399 2799 2770 2856; x_wconf 88' lang='lat' dir='ltr'><strong>sublimiorem</strong></span> <span class='ocrx_word' id='word_1_410' title='bbox 2815 2800 2953 2871; x_wconf 88' lang='lat' dir='ltr'><strong>jussi</strong></span> <span class='ocrx_word' id='word_1_411' title='bbox 3016 2799 3381 2855; x_wconf 89' lang='lat' dir='ltr'><strong>conscendere</strong></span> <span class='ocrx_word' id='word_1_412' title='bbox 3420 2813 3549 2854; x_wconf 86' lang='lat' dir='ltr'><strong>con-</strong></span> 
     </span>
    </p>
   </div>
   <div class='ocr_carea' id='block_1_60' title="bbox 1976 2888 3550 2960">
    <p class='ocr_par' dir='ltr' id='par_1_60' title="bbox 1976 2888 3550 2960">
     <span class='ocr_line' id='line_1_60' title="bbox 1976 2888 3550 2960; baseline -0.001 -16"><span class='ocrx_word' id='word_1_413' title='bbox 1976 2889 2336 2960; x_wconf 76' lang='lat' dir='ltr'><strong>templationis</strong></span> <span class='ocrx_word' id='word_1_414' title='bbox 2386 2888 2666 2954; x_wconf 85' lang='lat' dir='ltr'><strong>verticem,</strong></span> <span class='ocrx_word' id='word_1_415' title='bbox 2701 2902 2879 2959; x_wconf 88' lang='lat' dir='ltr'><strong>neque</strong></span> <span class='ocrx_word' id='word_1_416' title='bbox 2908 2889 3047 2945; x_wconf 88' lang='lat' dir='ltr'><strong>hanc</strong></span> <span class='ocrx_word' id='word_1_417' title='bbox 3079 2889 3255 2959; x_wconf 82' lang='lat' dir='ltr'><strong>ipsam</strong></span> <span class='ocrx_word' id='word_1_418' title='bbox 3298 2888 3550 2945; x_wconf 86' lang='lat' dir='ltr'><strong>emittere</strong></span> 
     </span>
    </p>
   </div>
   <div class='ocr_carea' id='block_1_61' title="bbox 1972 2978 3554 3051">
    <p class='ocr_par' dir='ltr' id='par_1_61' title="bbox 1972 2978 3554 3051">
     <span class='ocr_line' id='line_1_61' title="bbox 1972 2978 3554 3051; baseline -0.001 -16"><span class='ocrx_word' id='word_1_419' title='bbox 1972 2996 2158 3037; x_wconf 73' lang='lat' dir='ltr'><strong>vocem</strong></span> <span class='ocrx_word' id='word_1_420' title='bbox 2219 2995 2532 3051; x_wconf 85' lang='lat' dir='ltr'><strong>possumus,</strong></span> <span class='ocrx_word' id='word_1_421' title='bbox 2576 2988 2631 3036; x_wconf 90' lang='lat' dir='ltr'><strong>et</strong></span> <span class='ocrx_word' id='word_1_422' title='bbox 2686 2981 2895 3037; x_wconf 87' lang='lat' dir='ltr'><strong>umbris</strong></span> <span class='ocrx_word' id='word_1_423' title='bbox 2937 2980 3270 3050; x_wconf 85' lang='lat' dir='ltr'><strong>somniisque</strong></span> <span class='ocrx_word' id='word_1_424' title='bbox 3314 2978 3554 3049; x_wconf 88' lang='lat' dir='ltr'><strong>undique</strong></span> 
     </span>
    </p>
   </div>
   <div class='ocr_carea' id='block_1_62' title="bbox 1974 3069 3415 3143">
    <p class='ocr_par' dir='ltr' id='par_1_62' title="bbox 1974 3069 3415 3143">
     <span class='ocr_line' id='line_1_62' title="bbox 1974 3069 3415 3143; baseline 0 -16"><span class='ocrx_word' id='word_1_425' title='bbox 1974 3076 2109 3129; x_wconf 84' lang='lat' dir='ltr'><strong>adeo</strong></span> <span class='ocrx_word' id='word_1_426' title='bbox 2137 3073 2281 3142; x_wconf 92' lang='lat' dir='ltr'><strong>capti</strong></span> <span class='ocrx_word' id='word_1_427' title='bbox 2307 3086 2520 3138; x_wconf 84' lang='lat' dir='ltr'><strong>sumus,</strong></span> <span class='ocrx_word' id='word_1_428' title='bbox 2551 3080 2610 3126; x_wconf 89' lang='lat' dir='ltr'><strong>ut</strong></span> <span class='ocrx_word' id='word_1_429' title='bbox 2633 3070 2863 3128; x_wconf 86' lang='lat' dir='ltr'><strong>salutem</strong></span> <span class='ocrx_word' id='word_1_430' title='bbox 2898 3072 3001 3143; x_wconf 88' lang='lat' dir='ltr'><strong>ipsi</strong></span> <span class='ocrx_word' id='word_1_431' title='bbox 3028 3071 3362 3142; x_wconf 81' lang='lat' dir='ltr'><strong>negligemus</strong></span> <span class='ocrx_word' id='word_1_432' title='bbox 3389 3069 3415 3126; x_wconf 71' lang='grc' dir='ltr'><strong><em>τ</em></strong></span> 
     </span>
    </p>
   </div>
   <div class='ocr_carea' id='block_1_63' title="bbox 2028 3181 3516 3309">
    <p class='ocr_par' dir='ltr' id='par_1_63' title="bbox 2028 3181 3516 3309">
     <span class='ocr_line' id='line_1_63' title="bbox 2028 3181 3516 3309; baseline -0.002 -67"><span class='ocrx_word' id='word_1_433' title='bbox 2028 3183 2404 3242; x_wconf 75' lang='lat' dir='ltr'><strong>CDLXXXVI.</strong></span> <span class='ocrx_word' id='word_1_434' title='bbox 2462 3212 2536 3237; x_wconf 92' lang='lat'><strong>—.-</strong></span> <span class='ocrx_word' id='word_1_435' title='bbox 2570 3181 3368 3309; x_wconf 49' lang='grc' dir='ltr'>ιὲιέιὲξῖιόοῶτιιηεαιο,</span> <span class='ocrx_word' id='word_1_436' title='bbox 3425 3181 3516 3239; x_wconf 82' lang='lat' dir='ltr'><strong>ET</strong></span> 
     </span>
    </p>
   </div>
   <div class='ocr_carea' id='block_1_64' title="bbox 1044 3343 2822 3417">
    <p class='ocr_par' dir='ltr' id='par_1_64' title="bbox 1044 3343 2822 3417">
     <span class='ocr_line' id='line_1_64' title="bbox 1044 3343 2822 3417; baseline -0.001 -18"><span class='ocrx_word' id='word_1_437' title='bbox 1044 3345 1118 3399; x_wconf 89' lang='lat' dir='ltr'><strong>De</strong></span> <span class='ocrx_word' id='word_1_438' title='bbox 1142 3349 1374 3415; x_wconf 85' lang='lat' dir='ltr'><strong>quodam</strong></span> <span class='ocrx_word' id='word_1_439' title='bbox 1403 3363 1554 3417; x_wconf 84' lang='lat' dir='ltr'><strong>quem</strong></span> <span class='ocrx_word' id='word_1_440' title='bbox 1579 3346 1660 3399; x_wconf 88' lang='lat' dir='ltr'><strong>illi</strong></span> <span class='ocrx_word' id='word_1_441' title='bbox 1685 3348 1755 3400; x_wconf 85' lang='lat' dir='ltr'><strong>ad</strong></span> <span class='ocrx_word' id='word_1_442' title='bbox 1787 3362 1916 3415; x_wconf 80' lang='lat' dir='ltr'><strong>quos</strong></span> <span class='ocrx_word' id='word_1_443' title='bbox 1943 3346 2128 3401; x_wconf 78' lang='lat' dir='ltr'><strong>scribit</strong></span> <span class='ocrx_word' id='word_1_444' title='bbox 2173 3359 2427 3400; x_wconf 73' lang='lat' dir='ltr'><strong>accusare</strong></span> <span class='ocrx_word' id='word_1_445' title='bbox 2453 3343 2822 3406; x_wconf 71' lang='lat' dir='ltr'><strong>instituerunl.,</strong></span> 
     </span>
    </p>
   </div>
   <div class='ocr_carea' id='block_1_65' title="bbox 361 3451 1866 3535">
    <p class='ocr_par' dir='ltr' id='par_1_65' title="bbox 361 3451 1866 3535">
     <span class='ocr_line' id='line_1_65' title="bbox 361 3451 1866 3535; baseline 0.003 -25"><span class='ocrx_word' id='word_1_446' title='bbox 361 3451 510 3529; x_wconf 72' lang='grc' dir='ltr'><strong>ἸΔρα</strong></span> <span class='ocrx_word' id='word_1_447' title='bbox 543 3457 617 3530; x_wconf 83' lang='grc' dir='ltr'><strong>μὴ</strong></span> <span class='ocrx_word' id='word_1_448' title='bbox 653 3459 830 3531; x_wconf 82' lang='grc' dir='ltr'>χρόνῳ</span> <span class='ocrx_word' id='word_1_449' title='bbox 881 3461 1065 3530; x_wconf 79' lang='grc' dir='ltr'>φανὲν,</span> <span class='ocrx_word' id='word_1_450' title='bbox 1093 3460 1153 3515; x_wconf 86' lang='grc' dir='ltr'><strong>τὸ</strong></span> <span class='ocrx_word' id='word_1_451' title='bbox 1190 3463 1427 3535; x_wconf 83' lang='grc' dir='ltr'>γράμμα</span> <span class='ocrx_word' id='word_1_452' title='bbox 1465 3465 1647 3534; x_wconf 78' lang='grc' dir='ltr'>γραφῇ</span> <span class='ocrx_word' id='word_1_453' title='bbox 1685 3478 1866 3533; x_wconf 87' lang='grc' dir='ltr'>παρα-</span> 
     </span>
    </p>
   </div>
   <div class='ocr_carea' id='block_1_66' title="bbox 280 3544 1865 3623">
    <p class='ocr_par' dir='ltr' id='par_1_66' title="bbox 280 3544 1865 3623">
     <span class='ocr_line' id='line_1_66' title="bbox 280 3544 1865 3623; baseline 0.004 -23"><span class='ocrx_word' id='word_1_454' title='bbox 280 3544 469 3602; x_wconf 81' lang='grc' dir='ltr'>δοῦναι</span> <span class='ocrx_word' id='word_1_455' title='bbox 501 3547 578 3618; x_wconf 85' lang='grc' dir='ltr'>τῷ</span> <span class='ocrx_word' id='word_1_456' title='bbox 604 3548 755 3621; x_wconf 82' lang='grc' dir='ltr'>πόθῳ</span> <span class='ocrx_word' id='word_1_457' title='bbox 811 3550 1152 3623; x_wconf 86' lang='grc' dir='ltr'>κεκμηκότες</span> <span class='ocrx_word' id='word_1_458' title='bbox 1199 3552 1542 3623; x_wconf 56' lang='lat' dir='ltr'><strong>sexeni/acea;</strong></span> <span class='ocrx_word' id='word_1_459' title='bbox 1597 3551 1865 3623; x_wconf 88' lang='grc' dir='ltr'>Πείθομαι</span> 
     </span>
    </p>
   </div>
   <div class='ocr_carea' id='block_1_67' title="bbox 287 3640 1866 3716">
    <p class='ocr_par' dir='ltr' id='par_1_67' title="bbox 287 3640 1866 3716">
     <span class='ocr_line' id='line_1_67' title="bbox 287 3640 1866 3716; baseline 0.002 -23"><span class='ocrx_word' id='word_1_460' title='bbox 287 3640 394 3711; x_wconf 75' lang='grc' dir='ltr'>μέν</span> <span class='ocrx_word' id='word_1_461' title='bbox 420 3659 436 3675; x_wconf 80' lang='grc' dir='ltr'><strong><em>ο</em></strong></span> <span class='ocrx_word' id='word_1_462' title='bbox 467 3641 528 3694; x_wconf 85' lang='grc' dir='ltr'><strong>οὑ</strong></span> <span class='ocrx_word' id='word_1_463' title='bbox 564 3640 668 3711; x_wconf 82' lang='grc' dir='ltr'>μὴν</span> <span class='ocrx_word' id='word_1_464' title='bbox 698 3642 914 3713; x_wconf 79' lang='grc' dir='ltr'>ἐρήμην</span> <span class='ocrx_word' id='word_1_465' title='bbox 939 3641 1229 3707; x_wconf 84' lang='grc' dir='ltr'>ἁλώσεται,</span> <span class='ocrx_word' id='word_1_466' title='bbox 1261 3646 1329 3715; x_wconf 78' lang='grc' dir='ltr'>τῇ</span> <span class='ocrx_word' id='word_1_467' title='bbox 1355 3646 1481 3716; x_wconf 87' lang='grc' dir='ltr'>σιγῆ</span> <span class='ocrx_word' id='word_1_468' title='bbox 1506 3643 1606 3715; x_wconf 83' lang='grc' dir='ltr'><strong>τὴν</strong></span> <span class='ocrx_word' id='word_1_469' title='bbox 1634 3659 1866 3714; x_wconf 86' lang='grc' dir='ltr'>κατηγο-</span> 
     </span>
    </p>
   </div>
   <div class='ocr_carea' id='block_1_68' title="bbox 285 3730 1865 3807">
    <p class='ocr_par' dir='ltr' id='par_1_68' title="bbox 285 3730 1865 3807">
     <span class='ocr_line' id='line_1_68' title="bbox 285 3730 1865 3807; baseline 0.003 -24"><span class='ocrx_word' id='word_1_470' title='bbox 285 3730 413 3803; x_wconf 91' lang='grc' dir='ltr'>ρίαν</span> <span class='ocrx_word' id='word_1_471' title='bbox 455 3731 579 3785; x_wconf 87' lang='grc' dir='ltr'>καθ’</span> <span class='ocrx_word' id='word_1_472' title='bbox 612 3732 812 3785; x_wconf 80' lang='grc' dir='ltr'>ἑαυτοῦ</span> <span class='ocrx_word' id='word_1_473' title='bbox 865 3732 1211 3802; x_wconf 81' lang='grc' dir='ltr'>βεϐαιῶσαν’</span> <span class='ocrx_word' id='word_1_474' title='bbox 1254 3734 1390 3789; x_wconf 84' lang='grc' dir='ltr'>ἀλλὰ</span> <span class='ocrx_word' id='word_1_475' title='bbox 1449 3737 1544 3790; x_wconf 75' lang='grc' dir='ltr'><strong>καὶ</strong></span> <span class='ocrx_word' id='word_1_476' title='bbox 1594 3737 1723 3807; x_wconf 76' lang='grc' dir='ltr'>ῥᾷον</span> <span class='ocrx_word' id='word_1_477' title='bbox 1772 3735 1865 3789; x_wconf 80' lang='grc' dir='ltr'>καὶ</span> 
     </span>
    </p>
   </div>
   <div class='ocr_carea' id='block_1_69' title="bbox 283 3819 1864 3899">
    <p class='ocr_par' dir='ltr' id='par_1_69' title="bbox 283 3819 1864 3899">
     <span class='ocr_line' id='line_1_69' title="bbox 283 3819 1864 3899; baseline 0.003 -26"><span class='ocrx_word' id='word_1_478' title='bbox 283 3819 485 3875; x_wconf 81' lang='grc' dir='ltr'>θᾶττον</span> <span class='ocrx_word' id='word_1_479' title='bbox 509 3820 934 3893; x_wconf 84' lang='grc' dir='ltr'>ἀπολογήσεται,</span> <span class='ocrx_word' id='word_1_480' title='bbox 986 3824 1067 3877; x_wconf 84' lang='grc' dir='ltr'>ὅτι</span> <span class='ocrx_word' id='word_1_481' title='bbox 1099 3825 1388 3899; x_wconf 82' lang='grc' dir='ltr'>σωματικὴ</span> <span class='ocrx_word' id='word_1_482' title='bbox 1432 3826 1712 3899; x_wconf 79' lang='grc' dir='ltr'>άῤῥωστία</span> <span class='ocrx_word' id='word_1_483' title='bbox 1763 3826 1864 3896; x_wconf 81' lang='grc' dir='ltr'>τὴν</span> 
     </span>
    </p>
   </div>
   <div class='ocr_carea' id='block_1_70' title="bbox 283 3909 797 3983">
    <p class='ocr_par' dir='ltr' id='par_1_70' title="bbox 283 3909 797 3983">
     <span class='ocr_line' id='line_1_70' title="bbox 283 3909 797 3983; baseline 0.004 -21"><span class='ocrx_word' id='word_1_484' title='bbox 283 3909 450 3981; x_wconf 78' lang='grc' dir='ltr'>σιγὴν</span> <span class='ocrx_word' id='word_1_485' title='bbox 485 3910 797 3983; x_wconf 68' lang='grc' dir='ltr'>ἐγέννησεν.</span> 
     </span>
    </p>
   </div>
   <div class='ocr_carea' id='block_1_71' title="bbox 787 4002 1360 4077">
    <p class='ocr_par' dir='ltr' id='par_1_71' title="bbox 787 4002 1360 4077">
     <span class='ocr_line' id='line_1_71' title="bbox 787 4002 1360 4077; baseline 0.009 -23"><span class='ocrx_word' id='word_1_486' title='bbox 787 4002 962 4059; x_wconf 78' lang='grc' dir='ltr'><strong>ΥΠΖο.</strong></span> <span class='ocrx_word' id='word_1_487' title='bbox 1018 4033 1087 4043; x_wconf 93' lang='grc'><strong>-</strong></span> <span class='ocrx_word' id='word_1_488' title='bbox 1129 4004 1360 4077; x_wconf 73' lang='grc' dir='ltr'><strong>ΝΕιΑᾳ.</strong></span> 
     </span>
    </p>
   </div>
   <div class='ocr_carea' id='block_1_72' title="bbox 2044 3458 3552 3529">
    <p class='ocr_par' dir='ltr' id='par_1_72' title="bbox 2044 3458 3552 3529">
     <span class='ocr_line' id='line_1_72' title="bbox 2044 3458 3552 3529; baseline 0.001 -15"><span class='ocrx_word' id='word_1_489' title='bbox 2044 3460 2127 3514; x_wconf 83' lang='lat' dir='ltr'><strong>An</strong></span> <span class='ocrx_word' id='word_1_490' title='bbox 2156 3459 2505 3529; x_wconf 88' lang='lat' dir='ltr'><strong>scriptiouem</strong></span> <span class='ocrx_word' id='word_1_491' title='bbox 2537 3471 2641 3513; x_wconf 90' lang='lat' dir='ltr'><strong>non</strong></span> <span class='ocrx_word' id='word_1_492' title='bbox 2668 3458 2990 3527; x_wconf 83' lang='lat' dir='ltr'><strong>tempestive</strong></span> <span class='ocrx_word' id='word_1_493' title='bbox 3019 3466 3366 3529; x_wconf 81' lang='lat' dir='ltr'><strong>apparentem</strong></span> <span class='ocrx_word' id='word_1_494' title='bbox 3388 3472 3552 3515; x_wconf 79' lang='lat' dir='ltr'><strong>accu-</strong></span> 
     </span>
    </p>
   </div>
   <div class='ocr_carea' id='block_1_73' title="bbox 1972 3548 3551 3617">
    <p class='ocr_par' dir='ltr' id='par_1_73' title="bbox 1972 3548 3551 3617">
     <span class='ocr_line' id='line_1_73' title="bbox 1972 3548 3551 3617; baseline -0.001 -10"><span class='ocrx_word' id='word_1_495' title='bbox 1972 3552 2167 3608; x_wconf 87' lang='lat' dir='ltr'><strong>sationi</strong></span> <span class='ocrx_word' id='word_1_496' title='bbox 2214 3550 2430 3605; x_wconf 88' lang='lat' dir='ltr'><strong>tradere</strong></span> <span class='ocrx_word' id='word_1_497' title='bbox 2482 3548 2753 3605; x_wconf 88' lang='lat' dir='ltr'><strong>desiderio</strong></span> <span class='ocrx_word' id='word_1_498' title='bbox 2816 3548 2942 3603; x_wconf 88' lang='lat' dir='ltr'><strong>victi</strong></span> <span class='ocrx_word' id='word_1_499' title='bbox 2995 3548 3319 3617; x_wconf 77' lang='lat' dir='ltr'><strong>cogitastis?</strong></span> <span class='ocrx_word' id='word_1_500' title='bbox 3371 3548 3551 3607; x_wconf 84' lang='lat' dir='ltr'><strong>Credo</strong></span> 
     </span>
    </p>
   </div>
   <div class='ocr_carea' id='block_1_74' title="bbox 1971 3638 3550 3712">
    <p class='ocr_par' dir='ltr' id='par_1_74' title="bbox 1971 3638 3550 3712">
     <span class='ocr_line' id='line_1_74' title="bbox 1971 3638 3550 3712; baseline 0 -17"><span class='ocrx_word' id='word_1_501' title='bbox 1971 3638 2223 3712; x_wconf 83' lang='lat' dir='ltr'><strong>equidem</strong></span> <span class='ocrx_word' id='word_1_502' title='bbox 2264 3656 2279 3694; x_wconf 88' lang='lat'><strong>:</strong></span> <span class='ocrx_word' id='word_1_503' title='bbox 2320 3653 2421 3694; x_wconf 84' lang='lat' dir='ltr'><strong>nec</strong></span> <span class='ocrx_word' id='word_1_504' title='bbox 2459 3638 2755 3693; x_wconf 88' lang='lat' dir='ltr'><strong>solitariam</strong></span> <span class='ocrx_word' id='word_1_505' title='bbox 2802 3638 3242 3709; x_wconf 87' lang='lat' dir='ltr'><strong>deprehendetur</strong></span> <span class='ocrx_word' id='word_1_506' title='bbox 3269 3648 3459 3696; x_wconf 84' lang='lat' dir='ltr'><strong>contra</strong></span> <span class='ocrx_word' id='word_1_507' title='bbox 3489 3655 3550 3697; x_wconf 90' lang='lat' dir='ltr'><strong>se</strong></span> 
     </span>
    </p>
   </div>
   <div class='ocr_carea' id='block_1_75' title="bbox 1971 3727 3549 3793">
    <p class='ocr_par' dir='ltr' id='par_1_75' title="bbox 1971 3727 3549 3793">
     <span class='ocr_line' id='line_1_75' title="bbox 1971 3727 3549 3793; baseline 0.001 -8"><span class='ocrx_word' id='word_1_508' title='bbox 1971 3730 2367 3787; x_wconf 84' lang='lat' dir='ltr'><strong>accusationem</strong></span> <span class='ocrx_word' id='word_1_509' title='bbox 2418 3728 2687 3793; x_wconf 87' lang='lat' dir='ltr'><strong>firmasse,</strong></span> <span class='ocrx_word' id='word_1_510' title='bbox 2713 3729 2808 3784; x_wconf 89' lang='lat' dir='ltr'><strong>sed</strong></span> <span class='ocrx_word' id='word_1_511' title='bbox 2851 3727 3063 3785; x_wconf 83' lang='lat' dir='ltr'><strong>facilius</strong></span> <span class='ocrx_word' id='word_1_512' title='bbox 3105 3728 3268 3784; x_wconf 88' lang='lat' dir='ltr'><strong>etiam</strong></span> <span class='ocrx_word' id='word_1_513' title='bbox 3305 3739 3361 3786; x_wconf 92' lang='lat' dir='ltr'><strong>et</strong></span> <span class='ocrx_word' id='word_1_514' title='bbox 3387 3729 3549 3787; x_wconf 88' lang='lat' dir='ltr'><strong>citius</strong></span> 
     </span>
    </p>
   </div>
   <div class='ocr_carea' id='block_1_76' title="bbox 1975 3818 3550 3892">
    <p class='ocr_par' dir='ltr' id='par_1_76' title="bbox 1975 3818 3550 3892">
     <span class='ocr_line' id='line_1_76' title="bbox 1975 3818 3550 3892; baseline -0.001 -14"><span class='ocrx_word' id='word_1_515' title='bbox 1975 3823 2313 3888; x_wconf 82' lang='lat' dir='ltr'><strong>defendetur,</strong></span> <span class='ocrx_word' id='word_1_516' title='bbox 2342 3820 2485 3891; x_wconf 91' lang='lat' dir='ltr'><strong>quod</strong></span> <span class='ocrx_word' id='word_1_517' title='bbox 2518 3819 2767 3890; x_wconf 89' lang='lat' dir='ltr'><strong>corporis</strong></span> <span class='ocrx_word' id='word_1_518' title='bbox 2791 3818 3082 3876; x_wconf 84' lang='lat' dir='ltr'><strong>infirmitas</strong></span> <span class='ocrx_word' id='word_1_519' title='bbox 3117 3819 3393 3878; x_wconf 86' lang='lat' dir='ltr'><strong>silentium</strong></span> <span class='ocrx_word' id='word_1_520' title='bbox 3436 3834 3550 3892; x_wconf 87' lang='lat' dir='ltr'><strong>pe-</strong></span> 
     </span>
    </p>
   </div>
   <div class='ocr_carea' id='block_1_77' title="bbox 1973 3916 2199 3982">
    <p class='ocr_par' dir='ltr' id='par_1_77' title="bbox 1973 3916 2199 3982">
     <span class='ocr_line' id='line_1_77' title="bbox 1973 3916 2199 3982; baseline 0 -14"><span class='ocrx_word' id='word_1_521' title='bbox 1973 3916 2199 3982; x_wconf 90' lang='lat' dir='ltr'><strong>pererit.</strong></span> 
     </span>
    </p>
   </div>
   <div class='ocr_carea' id='block_1_78' title="bbox 2304 3998 3215 4075">
    <p class='ocr_par' dir='ltr' id='par_1_78' title="bbox 2304 3998 3215 4075">
     <span class='ocr_line' id='line_1_78' title="bbox 2304 3998 3215 4075; baseline 0.002 -17"><span class='ocrx_word' id='word_1_522' title='bbox 2304 4001 2466 4075; x_wconf 65' lang='lat'><strong>704</strong></span> <span class='ocrx_word' id='word_1_523' title='bbox 2501 3998 2897 4059; x_wconf 80' lang='lat' dir='ltr'><strong>CDLXXXVII.</strong></span> <span class='ocrx_word' id='word_1_524' title='bbox 2924 4032 2995 4045; x_wconf 92' lang='grc'><strong><em>-</em></strong></span> <span class='ocrx_word' id='word_1_525' title='bbox 3034 4000 3215 4060; x_wconf 84' lang='lat' dir='ltr'><strong>NILO.</strong></span> 
     </span>
    </p>
   </div>
   <div class='ocr_carea' id='block_1_79' title="bbox 824 4092 3012 4168">
    <p class='ocr_par' dir='ltr' id='par_1_79' title="bbox 824 4092 3012 4168">
     <span class='ocr_line' id='line_1_79' title="bbox 824 4092 3012 4168; baseline 0.002 -23"><span class='ocrx_word' id='word_1_526' title='bbox 824 4092 930 4147; x_wconf 83' lang='lat' dir='ltr'><strong>Pro</strong></span> <span class='ocrx_word' id='word_1_527' title='bbox 964 4096 1189 4163; x_wconf 74' lang='lat' dir='ltr'><strong>acceptis</strong></span> <span class='ocrx_word' id='word_1_528' title='bbox 1220 4113 1253 4150; x_wconf 91' lang='lat' dir='ltr'><strong>a</strong></span> <span class='ocrx_word' id='word_1_529' title='bbox 1287 4108 1504 4166; x_wconf 81' lang='lat' dir='ltr'><strong>parente</strong></span> <span class='ocrx_word' id='word_1_530' title='bbox 1528 4097 1819 4166; x_wconf 81' lang='lat' dir='ltr'><strong>beneﬁciis,</strong></span> <span class='ocrx_word' id='word_1_531' title='bbox 1844 4097 2022 4153; x_wconf 85' lang='lat' dir='ltr'><strong>liberis</strong></span> <span class='ocrx_word' id='word_1_532' title='bbox 2056 4098 2217 4153; x_wconf 78' lang='lat' dir='ltr'><strong>uicem</strong></span> <span class='ocrx_word' id='word_1_533' title='bbox 2260 4111 2371 4151; x_wconf 82' lang='lat' dir='ltr'><strong>esse</strong></span> <span class='ocrx_word' id='word_1_534' title='bbox 2398 4096 2780 4168; x_wconf 82' lang='lat' dir='ltr'><strong>rependendam</strong></span> <span class='ocrx_word' id='word_1_535' title='bbox 2820 4105 3012 4151; x_wconf 82' lang='lat' dir='ltr'><strong>monet.</strong></span> 
     </span>
    </p>
   </div>
   <div class='ocr_carea' id='block_1_80' title="bbox 359 4205 1894 4284">
    <p class='ocr_par' dir='ltr' id='par_1_80' title="bbox 359 4205 1865 4284">
     <span class='ocr_line' id='line_1_80' title="bbox 359 4205 1865 4284; baseline 0.004 -23"><span class='ocrx_word' id='word_1_536' title='bbox 359 4205 539 4262; x_wconf 82' lang='grc' dir='ltr'><strong>ὐτιὸ</strong></span> <span class='ocrx_word' id='word_1_537' title='bbox 566 4207 712 4262; x_wconf 78' lang='grc' dir='ltr'>δεῖνα</span> <span class='ocrx_word' id='word_1_538' title='bbox 744 4210 859 4281; x_wconf 75' lang='grc'><strong>(51)</strong></span> <span class='ocrx_word' id='word_1_539' title='bbox 911 4211 1133 4283; x_wconf 81' lang='grc' dir='ltr'>ὀρφανῷ</span> <span class='ocrx_word' id='word_1_540' title='bbox 1173 4230 1255 4266; x_wconf 92' lang='grc' dir='ltr'><strong>σοι</strong></span> <span class='ocrx_word' id='word_1_541' title='bbox 1309 4214 1684 4284; x_wconf 83' lang='grc' dir='ltr'>γεγενημένῳ,</span> <span class='ocrx_word' id='word_1_542' title='bbox 1743 4214 1865 4269; x_wconf 82' lang='grc' dir='ltr'>ἀντὶ</span> 
     </span>
    </p>
   </div>
   <div class='ocr_carea' id='block_1_81' title="bbox 1969 4205 3550 4284">
    <p class='ocr_par' dir='ltr' id='par_1_81' title="bbox 2044 4210 3550 4281">
     <span class='ocr_line' id='line_1_81' title="bbox 2044 4210 3550 4281; baseline -0.002 -12"><span class='ocrx_word' id='word_1_543' title='bbox 2044 4213 2198 4269; x_wconf 86' lang='lat' dir='ltr'><strong>Nosti</strong></span> <span class='ocrx_word' id='word_1_544' title='bbox 2256 4215 2544 4281; x_wconf 88' lang='lat' dir='ltr'><strong>quemdam</strong></span> <span class='ocrx_word' id='word_1_545' title='bbox 2576 4212 2670 4267; x_wconf 89' lang='lat' dir='ltr'><strong>tibi</strong></span> <span class='ocrx_word' id='word_1_546' title='bbox 2718 4213 2966 4281; x_wconf 87' lang='lat' dir='ltr'><strong>orphano</strong></span> <span class='ocrx_word' id='word_1_547' title='bbox 3012 4210 3158 4265; x_wconf 85' lang='lat' dir='ltr'><strong>facto</strong></span> <span class='ocrx_word' id='word_1_548' title='bbox 3203 4210 3374 4278; x_wconf 87' lang='lat' dir='ltr'><strong>patris</strong></span> <span class='ocrx_word' id='word_1_549' title='bbox 3429 4210 3550 4266; x_wconf 92' lang='lat' dir='ltr'><strong>loco</strong></span> 
     </span>
    </p>
   </div>
   <div class='ocr_carea' id='block_1_82' title="bbox 282 4297 1894 4376">
    <p class='ocr_par' dir='ltr' id='par_1_82' title="bbox 282 4297 1862 4376">
     <span class='ocr_line' id='line_1_82' title="bbox 282 4297 1862 4376; baseline 0.003 -23"><span class='ocrx_word' id='word_1_550' title='bbox 282 4298 493 4369; x_wconf 77' lang='grc' dir='ltr'>πατρὸς</span> <span class='ocrx_word' id='word_1_551' title='bbox 520 4299 763 4368; x_wconf 66' lang='grc' dir='ltr'>γέγονεν,</span> <span class='ocrx_word' id='word_1_552' title='bbox 793 4297 970 4356; x_wconf 84' lang='grc' dir='ltr'>οἶσθα.</span> <span class='ocrx_word' id='word_1_553' title='bbox 1024 4303 1177 4356; x_wconf 83' lang='grc' dir='ltr'>Ἐπεὶ</span> <span class='ocrx_word' id='word_1_554' title='bbox 1197 4305 1377 4357; x_wconf 90' lang='grc' dir='ltr'>τοίνυν</span> <span class='ocrx_word' id='word_1_555' title='bbox 1426 4306 1632 4369; x_wconf 76' lang='grc' dir='ltr'>ἐκεῖνος</span> <span class='ocrx_word' id='word_1_556' title='bbox 1673 4305 1775 4376; x_wconf 73' lang='grc' dir='ltr'>μὶν</span> <span class='ocrx_word' id='word_1_557' title='bbox 1804 4306 1862 4371; x_wconf 80' lang='grc' dir='ltr'>ἐξ</span> 
     </span>
    </p>
   </div>
   <div class='ocr_carea' id='block_1_83' title="bbox 1969 4297 3550 4376">
    <p class='ocr_par' dir='ltr' id='par_1_83' title="bbox 1971 4300 3550 4373">
     <span class='ocr_line' id='line_1_83' title="bbox 1971 4300 3550 4373; baseline -0.002 -14"><span class='ocrx_word' id='word_1_558' title='bbox 1971 4305 2160 4359; x_wconf 89' lang='lat' dir='ltr'><strong>fuisse.</strong></span> <span class='ocrx_word' id='word_1_559' title='bbox 2193 4302 2241 4359; x_wconf 85' lang='lat' dir='ltr'><strong>Is</strong></span> <span class='ocrx_word' id='word_1_560' title='bbox 2288 4317 2452 4373; x_wconf 90' lang='lat' dir='ltr'><strong>porro</strong></span> <span class='ocrx_word' id='word_1_561' title='bbox 2495 4317 2564 4359; x_wconf 79' lang='lat' dir='ltr'><strong>ex</strong></span> <span class='ocrx_word' id='word_1_562' title='bbox 2610 4303 2713 4357; x_wconf 87' lang='lat' dir='ltr'><strong>hac</strong></span> <span class='ocrx_word' id='word_1_563' title='bbox 2762 4303 2871 4357; x_wconf 88' lang='lat' dir='ltr'><strong>vita</strong></span> <span class='ocrx_word' id='word_1_564' title='bbox 2915 4300 3161 4358; x_wconf 89' lang='lat' dir='ltr'><strong>sublatus</strong></span> <span class='ocrx_word' id='word_1_565' title='bbox 3216 4308 3322 4357; x_wconf 91' lang='lat' dir='ltr'><strong>est.</strong></span> <span class='ocrx_word' id='word_1_566' title='bbox 3379 4300 3550 4371; x_wconf 85' lang='lat' dir='ltr'><strong>Igitur</strong></span> 
     </span>
    </p>
   </div>
   <div class='ocr_carea' id='block_1_84' title="bbox 282 4364 1894 4463">
    <p class='ocr_par' dir='ltr' id='par_1_84' title="bbox 282 4364 1862 4463">
     <span class='ocr_line' id='line_1_84' title="bbox 282 4364 1862 4463; baseline 0.004 -20"><span class='ocrx_word' id='word_1_567' title='bbox 282 4364 610 4460; x_wconf 63' lang='grc' dir='ltr'><strong>ἀνθρώπων⁷</strong></span> <span class='ocrx_word' id='word_1_568' title='bbox 640 4364 849 4463; x_wconf 76' lang='grc' dir='ltr'>ᾤχετοο</span> <span class='ocrx_word' id='word_1_569' title='bbox 890 4394 940 4446; x_wconf 85' lang='grc' dir='ltr'>οἱ</span> <span class='ocrx_word' id='word_1_570' title='bbox 996 4393 1056 4448; x_wconf 74' lang='grc' dir='ltr'>δὲ</span> <span class='ocrx_word' id='word_1_571' title='bbox 1107 4394 1297 4448; x_wconf 88' lang='grc' dir='ltr'>τούτου</span> <span class='ocrx_word' id='word_1_572' title='bbox 1339 4397 1473 4459; x_wconf 85' lang='grc' dir='ltr'>υἱεῖς</span> <span class='ocrx_word' id='word_1_573' title='bbox 1510 4364 1722 4449; x_wconf 76' lang='grc' dir='ltr'>δέονται</span> <span class='ocrx_word' id='word_1_574' title='bbox 1768 4364 1862 4450; x_wconf 59' lang='grc' dir='ltr'><strong>τοὺ</strong></span> 
     </span>
    </p>
   </div>
   <div class='ocr_carea' id='block_1_85' title="bbox 1969 4364 3545 4463">
    <p class='ocr_par' dir='ltr' id='par_1_85' title="bbox 1970 4364 3545 4463">
     <span class='ocr_line' id='line_1_85' title="bbox 1970 4364 3545 4463; baseline 0.001 -16"><span class='ocrx_word' id='word_1_575' title='bbox 1970 4393 2114 4449; x_wconf 92' lang='lat' dir='ltr'><strong>illius</strong></span> <span class='ocrx_word' id='word_1_576' title='bbox 2160 4392 2253 4448; x_wconf 83' lang='lat' dir='ltr'><strong>filii</strong></span> <span class='ocrx_word' id='word_1_577' title='bbox 2287 4364 2479 4448; x_wconf 74' lang='lat' dir='ltr'><strong>manus</strong></span> <span class='ocrx_word' id='word_1_578' title='bbox 2508 4394 2787 4450; x_wconf 86' lang='lat' dir='ltr'><strong>tendentes</strong></span> <span class='ocrx_word' id='word_1_579' title='bbox 2827 4401 2880 4447; x_wconf 91' lang='lat' dir='ltr'><strong>te</strong></span> <span class='ocrx_word' id='word_1_580' title='bbox 2922 4400 3133 4463; x_wconf 90' lang='lat' dir='ltr'><strong>rogant,</strong></span> <span class='ocrx_word' id='word_1_581' title='bbox 3162 4391 3279 4461; x_wconf 84' lang='lat' dir='ltr'><strong>eius</strong></span> <span class='ocrx_word' id='word_1_582' title='bbox 3317 4364 3431 4462; x_wconf 21' lang='lat' dir='ltr'><strong>quit</strong></span> <span class='ocrx_word' id='word_1_583' title='bbox 3447 4394 3545 4450; x_wconf 88' lang='lat' dir='ltr'><strong>tibi</strong></span> 
     </span>
    </p>
   </div>
   <div class='ocr_carea' id='block_1_86' title="bbox 286 4482 1894 4558">
    <p class='ocr_par' dir='ltr' id='par_1_86' title="bbox 286 4483 1866 4558">
     <span class='ocr_line' id='line_1_86' title="bbox 286 4483 1866 4558; baseline 0.004 -24"><span class='ocrx_word' id='word_1_584' title='bbox 286 4484 452 4552; x_wconf 80' lang='grc' dir='ltr'>χεῖρα</span> <span class='ocrx_word' id='word_1_585' title='bbox 477 4483 780 4553; x_wconf 76' lang='grc' dir='ltr'>όρέξοντος,</span> <span class='ocrx_word' id='word_1_586' title='bbox 827 4485 924 4538; x_wconf 80' lang='grc' dir='ltr'>καὶ</span> <span class='ocrx_word' id='word_1_587' title='bbox 968 4484 1066 4557; x_wconf 82' lang='grc' dir='ltr'><strong>τὴν</strong></span> <span class='ocrx_word' id='word_1_588' title='bbox 1110 4485 1375 4556; x_wconf 84' lang='grc' dir='ltr'>ὀρφανίαν</span> <span class='ocrx_word' id='word_1_589' title='bbox 1405 4486 1866 4558; x_wconf 81' lang='grc' dir='ltr'>παραμυθησομέ·</span> 
     </span>
    </p>
   </div>
   <div class='ocr_carea' id='block_1_87' title="bbox 1969 4482 3550 4558">
    <p class='ocr_par' dir='ltr' id='par_1_87' title="bbox 1972 4482 3550 4555">
     <span class='ocr_line' id='line_1_87' title="bbox 1972 4482 3550 4555; baseline -0.001 -15"><span class='ocrx_word' id='word_1_590' title='bbox 1972 4486 2100 4542; x_wconf 91' lang='lat' dir='ltr'><strong>olim</strong></span> <span class='ocrx_word' id='word_1_591' title='bbox 2133 4500 2325 4540; x_wconf 88' lang='lat' dir='ltr'><strong>manus</strong></span> <span class='ocrx_word' id='word_1_592' title='bbox 2365 4487 2626 4555; x_wconf 82' lang='lat' dir='ltr'><strong>porrexit,</strong></span> <span class='ocrx_word' id='word_1_593' title='bbox 2654 4493 2708 4539; x_wconf 91' lang='lat' dir='ltr'><strong>et</strong></span> <span class='ocrx_word' id='word_1_594' title='bbox 2734 4483 3021 4541; x_wconf 88' lang='lat' dir='ltr'><strong>orbitatem</strong></span> <span class='ocrx_word' id='word_1_595' title='bbox 3070 4492 3214 4538; x_wconf 87' lang='lat' dir='ltr'><strong>tuam</strong></span> <span class='ocrx_word' id='word_1_596' title='bbox 3261 4482 3550 4541; x_wconf 79' lang='lat' dir='ltr'><strong>miseratus</strong></span> 
     </span>
    </p>
   </div>
   <div class='ocr_carea' id='block_1_88' title="bbox 287 4571 1894 4649">
    <p class='ocr_par' dir='ltr' id='par_1_88' title="bbox 287 4571 1865 4649">
     <span class='ocr_line' id='line_1_88' title="bbox 287 4571 1865 4649; baseline 0.001 -22"><span class='ocrx_word' id='word_1_597' title='bbox 287 4589 423 4627; x_wconf 68' lang='grc' dir='ltr'>νου*</span> <span class='ocrx_word' id='word_1_598' title='bbox 455 4571 516 4627; x_wconf 81' lang='grc' dir='ltr'><strong>εὖ</strong></span> <span class='ocrx_word' id='word_1_599' title='bbox 552 4578 746 4641; x_wconf 86' lang='grc' dir='ltr'>ποιεῖς,</span> <span class='ocrx_word' id='word_1_600' title='bbox 781 4577 831 4629; x_wconf 91' lang='grc' dir='ltr'><strong>εί</strong></span> <span class='ocrx_word' id='word_1_601' title='bbox 883 4576 980 4630; x_wconf 72' lang='grc' dir='ltr'><strong>καὶ</strong></span> <span class='ocrx_word' id='word_1_602' title='bbox 1034 4576 1195 4641; x_wconf 81' lang='grc' dir='ltr'>αὑτὸς</span> <span class='ocrx_word' id='word_1_603' title='bbox 1244 4578 1366 4632; x_wconf 59' lang='grc' dir='ltr'><strong>ἀντὶ⁵</strong></span> <span class='ocrx_word' id='word_1_604' title='bbox 1419 4577 1625 4649; x_wconf 84' lang='grc' dir='ltr'>πατρὸς</span> <span class='ocrx_word' id='word_1_605' title='bbox 1682 4577 1865 4640; x_wconf 84' lang='grc' dir='ltr'>αὑτοῖς</span> 
     </span>
    </p>
   </div>
   <div class='ocr_carea' id='block_1_89' title="bbox 1969 4571 3546 4649">
    <p class='ocr_par' dir='ltr' id='par_1_89' title="bbox 1972 4572 3546 4646">
     <span class='ocr_line' id='line_1_89' title="bbox 1972 4572 3546 4646; baseline -0.001 -15"><span class='ocrx_word' id='word_1_606' title='bbox 1972 4587 2077 4631; x_wconf 84' lang='lat' dir='ltr'><strong>est.</strong></span> <span class='ocrx_word' id='word_1_607' title='bbox 2102 4575 2268 4631; x_wconf 85' lang='lat' dir='ltr'><strong>Recte</strong></span> <span class='ocrx_word' id='word_1_608' title='bbox 2295 4574 2516 4641; x_wconf 87' lang='lat' dir='ltr'><strong>feceris,</strong></span> <span class='ocrx_word' id='word_1_609' title='bbox 2539 4575 2585 4631; x_wconf 89' lang='lat' dir='ltr'><strong>si</strong></span> <span class='ocrx_word' id='word_1_610' title='bbox 2620 4584 2673 4630; x_wconf 92' lang='lat' dir='ltr'><strong>et</strong></span> <span class='ocrx_word' id='word_1_611' title='bbox 2708 4575 2825 4645; x_wconf 91' lang='lat' dir='ltr'><strong>ipse</strong></span> <span class='ocrx_word' id='word_1_612' title='bbox 2843 4574 2963 4630; x_wconf 92' lang='lat' dir='ltr'><strong>loco</strong></span> <span class='ocrx_word' id='word_1_613' title='bbox 2987 4574 3158 4644; x_wconf 89' lang='lat' dir='ltr'><strong>patris</strong></span> <span class='ocrx_word' id='word_1_614' title='bbox 3192 4572 3300 4630; x_wconf 90' lang='lat' dir='ltr'><strong>illis</strong></span> <span class='ocrx_word' id='word_1_615' title='bbox 3334 4572 3429 4641; x_wconf 87' lang='lat' dir='ltr'><strong>sis,</strong></span> <span class='ocrx_word' id='word_1_616' title='bbox 3448 4588 3546 4646; x_wconf 84' lang='lat' dir='ltr'><strong>pa-</strong></span> 
     </span>
    </p>
   </div>
   <div class='ocr_carea' id='block_1_90' title="bbox 288 4663 1894 4739">
    <p class='ocr_par' dir='ltr' id='par_1_90' title="bbox 288 4663 1862 4739">
     <span class='ocr_line' id='line_1_90' title="bbox 288 4663 1862 4739; baseline 0.002 -22"><span class='ocrx_word' id='word_1_617' title='bbox 288 4664 492 4731; x_wconf 75' lang='grc' dir='ltr'>γένοιο,</span> <span class='ocrx_word' id='word_1_618' title='bbox 522 4663 621 4737; x_wconf 78' lang='grc' dir='ltr'>τὴν</span> <span class='ocrx_word' id='word_1_619' title='bbox 646 4666 907 4737; x_wconf 81' lang='grc' dir='ltr'>πατρῴαν</span> <span class='ocrx_word' id='word_1_620' title='bbox 935 4667 1256 4739; x_wconf 78' lang='grc' dir='ltr'>εὐεργεσίαν</span> <span class='ocrx_word' id='word_1_621' title='bbox 1295 4671 1375 4733; x_wconf 85' lang='grc' dir='ltr'><strong>είς</strong></span> <span class='ocrx_word' id='word_1_622' title='bbox 1420 4668 1545 4732; x_wconf 78' lang='grc' dir='ltr'>τοὺς</span> <span class='ocrx_word' id='word_1_623' title='bbox 1576 4669 1724 4732; x_wconf 77' lang='grc' dir='ltr'>υἱοὺς</span> <span class='ocrx_word' id='word_1_624' title='bbox 1760 4684 1862 4721; x_wconf 88' lang='grc' dir='ltr'>κα-</span> 
     </span>
    </p>
   </div>
   <div class='ocr_carea' id='block_1_91' title="bbox 1969 4663 3111 4739">
    <p class='ocr_par' dir='ltr' id='par_1_91' title="bbox 1976 4663 3111 4734">
     <span class='ocr_line' id='line_1_91' title="bbox 1976 4663 3111 4734; baseline -0.001 -14"><span class='ocrx_word' id='word_1_625' title='bbox 1976 4676 2188 4720; x_wconf 89' lang='lat' dir='ltr'><strong>ternum</strong></span> <span class='ocrx_word' id='word_1_626' title='bbox 2224 4663 2625 4721; x_wconf 82' lang='lat' dir='ltr'><strong>beneficiumiu</strong></span> <span class='ocrx_word' id='word_1_627' title='bbox 2654 4665 2795 4721; x_wconf 84' lang='lat' dir='ltr'><strong>filios</strong></span> <span class='ocrx_word' id='word_1_628' title='bbox 2825 4678 3111 4734; x_wconf 89' lang='lat' dir='ltr'><strong>reponens.</strong></span> 
     </span>
    </p>
   </div>
   <div class='ocr_carea' id='block_1_92' title="bbox 287 4754 664 4825">
    <p class='ocr_par' dir='ltr' id='par_1_92' title="bbox 287 4754 664 4825">
     <span class='ocr_line' id='line_1_92' title="bbox 287 4754 664 4825; baseline 0.008 -18"><span class='ocrx_word' id='word_1_629' title='bbox 287 4754 478 4808; x_wconf 83' lang='grc' dir='ltr'>τατιθέ</span> <span class='ocrx_word' id='word_1_630' title='bbox 485 4772 664 4825; x_wconf 88' lang='grc' dir='ltr'>μενος.</span> 
     </span>
    </p>
   </div>
   <div class='ocr_carea' id='block_1_93' title="bbox 791 4861 1894 4922">
    <p class='ocr_par' dir='ltr' id='par_1_93' title="bbox 791 4866 1379 4922">
     <span class='ocr_line' id='line_1_93' title="bbox 791 4866 1379 4922; baseline 0.007 -4"><span class='ocrx_word' id='word_1_631' title='bbox 791 4866 967 4919; x_wconf 86' lang='grc' dir='ltr'><strong>ΥΠΗ’.</strong></span> <span class='ocrx_word' id='word_1_632' title='bbox 999 4895 1068 4906; x_wconf 93' lang='grc'><strong><em>-</em></strong></span> <span class='ocrx_word' id='word_1_633' title='bbox 1093 4868 1379 4922; x_wconf 78' lang='grc' dir='ltr'><strong>ΜΑΡΩΝΙ.</strong></span> 
     </span>
    </p>
   </div>
   <div class='ocr_carea' id='block_1_94' title="bbox 1969 4861 3181 4922">
    <p class='ocr_par' dir='ltr' id='par_1_94' title="bbox 2335 4861 3181 4922">
     <span class='ocr_line' id='line_1_94' title="bbox 2335 4861 3181 4922; baseline -0.004 -1"><span class='ocrx_word' id='word_1_634' title='bbox 2335 4864 2765 4922; x_wconf 74' lang='lat' dir='ltr'><strong>CDLXXXVIII.</strong></span> <span class='ocrx_word' id='word_1_635' title='bbox 2797 4892 2867 4907; x_wconf 90' lang='lat'><strong>—-</strong></span> <span class='ocrx_word' id='word_1_636' title='bbox 2896 4861 3181 4919; x_wconf 78' lang='lat' dir='ltr'><strong>MARONI.</strong></span> 
     </span>
    </p>
   </div>
   <div class='ocr_carea' id='block_1_95' title="bbox 1139 4952 2699 5029">
    <p class='ocr_par' dir='ltr' id='par_1_95' title="bbox 1139 4952 2699 5029">
     <span class='ocr_line' id='line_1_95' title="bbox 1139 4952 2699 5029; baseline -0.001 -18"><span class='ocrx_word' id='word_1_637' title='bbox 1139 4958 1459 5013; x_wconf 83' lang='lat' dir='ltr'><strong>Diuitiarum</strong></span> <span class='ocrx_word' id='word_1_638' title='bbox 1494 4957 1639 5012; x_wconf 84' lang='lat' dir='ltr'><strong>nulla</strong></span> <span class='ocrx_word' id='word_1_639' title='bbox 1677 4960 1915 5012; x_wconf 81' lang='lat' dir='ltr'><strong>satietas.</strong></span> <span class='ocrx_word' id='word_1_640' title='bbox 1947 4952 2113 5029; x_wconf 81' lang='lat' dir='ltr'><strong>(Vide</strong></span> <span class='ocrx_word' id='word_1_641' title='bbox 2143 4955 2297 5027; x_wconf 76' lang='lat' dir='ltr'><strong>epist.</strong></span> <span class='ocrx_word' id='word_1_642' title='bbox 2330 4956 2435 5011; x_wconf 73' lang='lat'><strong>“2</strong></span> <span class='ocrx_word' id='word_1_643' title='bbox 2462 4966 2511 5011; x_wconf 87' lang='lat' dir='ltr'><strong>et</strong></span> <span class='ocrx_word' id='word_1_644' title='bbox 2549 4955 2699 5026; x_wconf 68' lang='lat'><strong>545.)</strong></span> 
     </span>
    </p>
   </div>
   <div class='ocr_carea' id='block_1_96' title="bbox 316 5069 1894 5145">
    <p class='ocr_par' dir='ltr' id='par_1_96' title="bbox 316 5069 1862 5145">
     <span class='ocr_line' id='line_1_96' title="bbox 316 5069 1862 5145; baseline 0.003 -19"><span class='ocrx_word' id='word_1_645' title='bbox 316 5103 321 5106; x_wconf 62' lang='grc' dir='ltr'><strong>ο</strong></span> <span class='ocrx_word' id='word_1_646' title='bbox 357 5069 427 5126; x_wconf 80' lang='lat' dir='ltr'><strong>El</strong></span> <span class='ocrx_word' id='word_1_647' title='bbox 451 5070 549 5125; x_wconf 78' lang='grc' dir='ltr'>καὶ</span> <span class='ocrx_word' id='word_1_648' title='bbox 573 5076 906 5143; x_wconf 87' lang='grc' dir='ltr'>καταφρονεῖ</span> <span class='ocrx_word' id='word_1_649' title='bbox 943 5076 976 5145; x_wconf 79' lang='grc' dir='ltr'>ἡ</span> <span class='ocrx_word' id='word_1_650' title='bbox 1029 5074 1433 5145; x_wconf 83' lang='grc' dir='ltr'>φιλοχρηματία</span> <span class='ocrx_word' id='word_1_651' title='bbox 1474 5075 1655 5145; x_wconf 81' lang='grc' dir='ltr'>πάσης</span> <span class='ocrx_word' id='word_1_652' title='bbox 1697 5074 1862 5130; x_wconf 83' lang='grc' dir='ltr'>κολά-</span> 
     </span>
    </p>
   </div>
   <div class='ocr_carea' id='block_1_97' title="bbox 1969 5069 3550 5145">
    <p class='ocr_par' dir='ltr' id='par_1_97' title="bbox 2038 5070 3550 5143">
     <span class='ocr_line' id='line_1_97' title="bbox 2038 5070 3550 5143; baseline 0 -18"><span class='ocrx_word' id='word_1_653' title='bbox 2038 5070 2154 5127; x_wconf 89' lang='lat' dir='ltr'><strong>Etsi</strong></span> <span class='ocrx_word' id='word_1_654' title='bbox 2181 5085 2346 5140; x_wconf 91' lang='lat' dir='ltr'><strong>opum</strong></span> <span class='ocrx_word' id='word_1_655' title='bbox 2386 5070 2654 5140; x_wconf 88' lang='lat' dir='ltr'><strong>cupiditas</strong></span> <span class='ocrx_word' id='word_1_656' title='bbox 2695 5083 2912 5123; x_wconf 90' lang='lat' dir='ltr'><strong>omnem</strong></span> <span class='ocrx_word' id='word_1_657' title='bbox 2950 5078 3266 5124; x_wconf 87' lang='lat' dir='ltr'><strong>contemnat</strong></span> <span class='ocrx_word' id='word_1_658' title='bbox 3319 5071 3550 5143; x_wconf 84' lang='lat' dir='ltr'><strong>castiga-</strong></span> 
     </span>
    </p>
   </div>
   <div class='ocr_carea' id='block_1_98' title="bbox 290 5160 1894 5237">
    <p class='ocr_par' dir='ltr' id='par_1_98' title="bbox 290 5160 1863 5237">
     <span class='ocr_line' id='line_1_98' title="bbox 290 5160 1863 5237; baseline 0.001 -22"><span class='ocrx_word' id='word_1_659' title='bbox 290 5176 453 5225; x_wconf 87' lang='grc' dir='ltr'>σεως,</span> <span class='ocrx_word' id='word_1_660' title='bbox 493 5160 590 5215; x_wconf 74' lang='grc' dir='ltr'>καὶ</span> <span class='ocrx_word' id='word_1_661' title='bbox 633 5161 725 5216; x_wconf 84' lang='grc' dir='ltr'>διὰ</span> <span class='ocrx_word' id='word_1_662' title='bbox 758 5163 979 5217; x_wconf 87' lang='grc' dir='ltr'>πάντων</span> <span class='ocrx_word' id='word_1_663' title='bbox 1013 5163 1123 5216; x_wconf 88' lang='grc' dir='ltr'><strong>τῶν</strong></span> <span class='ocrx_word' id='word_1_664' title='bbox 1194 5163 1386 5227; x_wconf 85' lang='grc' dir='ltr'>δεινῶν</span> <span class='ocrx_word' id='word_1_665' title='bbox 1434 5167 1622 5235; x_wconf 89' lang='grc' dir='ltr'>χωρεῖ,</span> <span class='ocrx_word' id='word_1_666' title='bbox 1701 5164 1863 5237; x_wconf 87' lang='grc' dir='ltr'>κόρον</span> 
     </span>
    </p>
   </div>
   <div class='ocr_carea' id='block_1_99' title="bbox 1969 5160 3549 5237">
    <p class='ocr_par' dir='ltr' id='par_1_99' title="bbox 1969 5162 3549 5235">
     <span class='ocr_line' id='line_1_99' title="bbox 1969 5162 3549 5235; baseline 0 -18"><span class='ocrx_word' id='word_1_667' title='bbox 1969 5162 2192 5231; x_wconf 88' lang='lat' dir='ltr'><strong>tionem,</strong></span> <span class='ocrx_word' id='word_1_668' title='bbox 2251 5172 2307 5218; x_wconf 93' lang='lat' dir='ltr'><strong>et</strong></span> <span class='ocrx_word' id='word_1_669' title='bbox 2369 5163 2556 5234; x_wconf 85' lang='lat' dir='ltr'><strong>gravia</strong></span> <span class='ocrx_word' id='word_1_670' title='bbox 2629 5175 2857 5233; x_wconf 81' lang='lat' dir='ltr'><strong>quaeque</strong></span> <span class='ocrx_word' id='word_1_671' title='bbox 2932 5166 3196 5235; x_wconf 84' lang='lat' dir='ltr'><strong>pervadat</strong></span> <span class='ocrx_word' id='word_1_672' title='bbox 3255 5164 3549 5221; x_wconf 86' lang='lat' dir='ltr'><strong>insatiabill</strong></span> 
     </span>
    </p>
   </div>
   <div class='ocr_carea' id='block_1_100' title="bbox 289 5250 1894 5329">
    <p class='ocr_par' dir='ltr' id='par_1_100' title="bbox 289 5250 1864 5326">
     <span class='ocr_line' id='line_1_100' title="bbox 289 5250 1864 5326; baseline 0.001 -20"><span class='ocrx_word' id='word_1_673' title='bbox 289 5251 575 5322; x_wconf 77' lang='grc' dir='ltr'>ἀκορέστῳ</span> <span class='ocrx_word' id='word_1_674' title='bbox 604 5250 763 5305; x_wconf 76' lang='grc' dir='ltr'>πάθει</span> <span class='ocrx_word' id='word_1_675' title='bbox 788 5252 1188 5323; x_wconf 83' lang='grc' dir='ltr'>μηχανωμένη·</span> <span class='ocrx_word' id='word_1_676' title='bbox 1224 5252 1359 5306; x_wconf 81' lang='grc' dir='ltr'>ἀλλὰ</span> <span class='ocrx_word' id='word_1_677' title='bbox 1384 5252 1462 5325; x_wconf 84' lang='grc' dir='ltr'>τῷ</span> <span class='ocrx_word' id='word_1_678' title='bbox 1511 5253 1647 5325; x_wconf 82' lang='grc' dir='ltr'>μηδὲ</span> <span class='ocrx_word' id='word_1_679' title='bbox 1697 5256 1756 5309; x_wconf 85' lang='grc' dir='ltr'>ὲν</span> <span class='ocrx_word' id='word_1_680' title='bbox 1786 5255 1864 5326; x_wconf 83' lang='grc' dir='ltr'>τῷ</span> 
     </span>
    </p>
   </div>
   <div class='ocr_carea' id='block_1_101' title="bbox 1969 5250 3546 5329">
    <p class='ocr_par' dir='ltr' id='par_1_101' title="bbox 1969 5251 3546 5329">
     <span class='ocr_line' id='line_1_101' title="bbox 1969 5251 3546 5329; baseline 0.003 -22"><span class='ocrx_word' id='word_1_681' title='bbox 1969 5251 2182 5309; x_wconf 80' lang='lat' dir='ltr'><strong>aﬂ‘ectui</strong></span> <span class='ocrx_word' id='word_1_682' title='bbox 2225 5254 2530 5310; x_wconf 86' lang='lat' dir='ltr'><strong>satietatem</strong></span> <span class='ocrx_word' id='word_1_683' title='bbox 2564 5254 2829 5310; x_wconf 89' lang='lat' dir='ltr'><strong>moliens:</strong></span> <span class='ocrx_word' id='word_1_684' title='bbox 2865 5263 3048 5313; x_wconf 91' lang='lat' dir='ltr'><strong>tamen</strong></span> <span class='ocrx_word' id='word_1_685' title='bbox 3092 5258 3232 5329; x_wconf 91' lang='lat' dir='ltr'><strong>quod</strong></span> <span class='ocrx_word' id='word_1_686' title='bbox 3274 5257 3327 5311; x_wconf 90' lang='lat' dir='ltr'><strong>in</strong></span> <span class='ocrx_word' id='word_1_687' title='bbox 3372 5256 3546 5327; x_wconf 87' lang='lat' dir='ltr'><strong>possi—</strong></span> 
     </span>
    </p>
   </div>
   <div class='ocr_carea' id='block_1_102' title="bbox 291 5342 1894 5420">
    <p class='ocr_par' dir='ltr' id='par_1_102' title="bbox 291 5342 1864 5419">
     <span class='ocr_line' id='line_1_102' title="bbox 291 5342 1864 5419; baseline -0.003 -20"><span class='ocrx_word' id='word_1_688' title='bbox 291 5343 546 5409; x_wconf 78' lang='grc' dir='ltr'>κτᾶσθαι,</span> <span class='ocrx_word' id='word_1_689' title='bbox 576 5342 680 5397; x_wconf 76' lang='grc' dir='ltr'>κᾶν</span> <span class='ocrx_word' id='word_1_690' title='bbox 700 5344 767 5397; x_wconf 75' lang='grc' dir='ltr'>τὰ</span> <span class='ocrx_word' id='word_1_691' title='bbox 802 5344 1019 5397; x_wconf 84' lang='grc' dir='ltr'>πάντων</span> <span class='ocrx_word' id='word_1_692' title='bbox 1052 5343 1215 5415; x_wconf 77' lang='grc' dir='ltr'>λάϐῃ,</span> <span class='ocrx_word' id='word_1_693' title='bbox 1247 5344 1535 5419; x_wconf 85' lang='grc' dir='ltr'>τυγχάνειν</span> <span class='ocrx_word' id='word_1_694' title='bbox 1570 5345 1864 5416; x_wconf 82' lang='grc' dir='ltr'>ἀνακωχῆς</span> 
     </span>
    </p>
   </div>
   <div class='ocr_carea' id='block_1_103' title="bbox 1969 5342 3544 5420">
    <p class='ocr_par' dir='ltr' id='par_1_103' title="bbox 1969 5344 3544 5420">
     <span class='ocr_line' id='line_1_103' title="bbox 1969 5344 3544 5420; baseline 0.003 -23"><span class='ocrx_word' id='word_1_695' title='bbox 1969 5345 2164 5411; x_wconf 88' lang='lat' dir='ltr'><strong>dendo,</strong></span> <span class='ocrx_word' id='word_1_696' title='bbox 2200 5345 2451 5414; x_wconf 86' lang='lat' dir='ltr'><strong>quamvis</strong></span> <span class='ocrx_word' id='word_1_697' title='bbox 2490 5347 2732 5401; x_wconf 88' lang='lat' dir='ltr'><strong>omnium</strong></span> <span class='ocrx_word' id='word_1_698' title='bbox 2761 5344 3046 5406; x_wconf 83' lang='lat' dir='ltr'><strong>facultates</strong></span> <span class='ocrx_word' id='word_1_699' title='bbox 3093 5347 3318 5420; x_wconf 85' lang='lat' dir='ltr'><strong>ceperit,</strong></span> <span class='ocrx_word' id='word_1_700' title='bbox 3344 5346 3544 5403; x_wconf 87' lang='lat' dir='ltr'><strong>nullam</strong></span> 
     </span>
    </p>
   </div>
   <div class='ocr_carea' id='block_1_104' title="bbox 1392 5497 2452 5557">
    <p class='ocr_par' dir='ltr' id='par_1_104' title="bbox 1392 5497 2452 5557">
     <span class='ocr_line' id='line_1_104' title="bbox 1392 5497 2452 5557; baseline 0.001 -4"><span class='ocrx_word' id='word_1_701' title='bbox 1392 5500 1625 5557; x_wconf 73' lang='lat' dir='ltr'><strong>VARle</strong></span> <span class='ocrx_word' id='word_1_702' title='bbox 1663 5498 2053 5555; x_wconf 76' lang='lat' dir='ltr'><strong>LECTIONES</strong></span> <span class='ocrx_word' id='word_1_703' title='bbox 2092 5498 2181 5554; x_wconf 83' lang='lat' dir='ltr'><strong>ET</strong></span> <span class='ocrx_word' id='word_1_704' title='bbox 2220 5497 2452 5555; x_wconf 74' lang='grc' dir='ltr'><strong>ΝΟΤιιΕ.</strong></span> 
     </span>
    </p>
   </div>
   <div class='ocr_carea' id='block_1_105' title="bbox 366 5653 1894 5728">
    <p class='ocr_par' dir='ltr' id='par_1_105' title="bbox 366 5653 1872 5728">
     <span class='ocr_line' id='line_1_105' title="bbox 366 5653 1872 5728; baseline -0.001 -16"><span class='ocrx_word' id='word_1_705' title='bbox 366 5654 482 5728; x_wconf 69' lang='grc'><strong>(51)</strong></span> <span class='ocrx_word' id='word_1_706' title='bbox 512 5654 627 5728; x_wconf 83' lang='lat' dir='ltr'><strong>Pro</strong></span> <span class='ocrx_word' id='word_1_707' title='bbox 659 5653 687 5707; x_wconf 83' lang='grc' dir='ltr'><strong>ό</strong></span> <span class='ocrx_word' id='word_1_708' title='bbox 710 5654 868 5728; x_wconf 65' lang='grc' dir='ltr'>δεῖνα</span> <span class='ocrx_word' id='word_1_709' title='bbox 904 5655 1063 5728; x_wconf 79' lang='lat' dir='ltr'><strong>codd.</strong></span> <span class='ocrx_word' id='word_1_710' title='bbox 1085 5726 1091 5728; x_wconf 90' lang='lat'>_</span> <span class='ocrx_word' id='word_1_711' title='bbox 1114 5655 1239 5709; x_wconf 83' lang='lat' dir='ltr'><strong>Vat.</strong></span> <span class='ocrx_word' id='word_1_712' title='bbox 1286 5656 1390 5711; x_wconf 78' lang='lat'><strong>650</strong></span> <span class='ocrx_word' id='word_1_713' title='bbox 1420 5667 1472 5711; x_wconf 91' lang='lat' dir='ltr'><strong>et</strong></span> <span class='ocrx_word' id='word_1_714' title='bbox 1506 5658 1610 5713; x_wconf 79' lang='lat' dir='ltr'><strong>Alt.</strong></span> <span class='ocrx_word' id='word_1_715' title='bbox 1670 5656 1872 5728; x_wconf 77' lang='lat' dir='ltr'><strong>habent</strong></span> 
     </span>
    </p>
   </div>
   <div class='ocr_carea' id='block_1_106' title="bbox 1969 5653 3546 5728">
    <p class='ocr_par' dir='ltr' id='par_1_106' title="bbox 1980 5654 3546 5728">
     <span class='ocr_line' id='line_1_106' title="bbox 1980 5654 3546 5728; baseline 0.001 -20"><span class='ocrx_word' id='word_1_716' title='bbox 1980 5671 2206 5727; x_wconf 77' lang='grc' dir='ltr'>πατρος,</span> <span class='ocrx_word' id='word_1_717' title='bbox 2250 5664 2308 5710; x_wconf 84' lang='grc' dir='ltr'><strong>ιιι</strong></span> <span class='ocrx_word' id='word_1_718' title='bbox 2330 5656 2381 5709; x_wconf 88' lang='lat' dir='ltr'><strong>id</strong></span> <span class='ocrx_word' id='word_1_719' title='bbox 2412 5670 2607 5728; x_wconf 83' lang='lat' dir='ltr'><strong>nomen</strong></span> <span class='ocrx_word' id='word_1_720' title='bbox 2647 5655 2719 5728; x_wconf 86' lang='lat' dir='ltr'><strong>sit</strong></span> <span class='ocrx_word' id='word_1_721' title='bbox 2756 5656 2875 5726; x_wconf 84' lang='lat' dir='ltr'><strong>ejus</strong></span> <span class='ocrx_word' id='word_1_722' title='bbox 2909 5669 3017 5724; x_wconf 88' lang='lat' dir='ltr'><strong>qtto</strong></span> <span class='ocrx_word' id='word_1_723' title='bbox 3041 5654 3108 5709; x_wconf 88' lang='lat' dir='ltr'><strong>de</strong></span> <span class='ocrx_word' id='word_1_724' title='bbox 3141 5655 3318 5725; x_wconf 76' lang='lat' dir='ltr'><strong>agitur</strong></span> <span class='ocrx_word' id='word_1_725' title='bbox 3337 5669 3365 5728; x_wconf 58' lang='grc' dir='ltr'>Ξ</span> <span class='ocrx_word' id='word_1_726' title='bbox 3388 5668 3546 5725; x_wconf 90' lang='lat' dir='ltr'><strong>quem</strong></span> 
     </span>
    </p>
   </div>
   <div class='ocr_carea' id='block_1_107' title="bbox 297 5723 3547 5795">
    <p class='ocr_par' dir='ltr' id='par_1_107' title="bbox 297 5723 3547 5795">
     <span class='ocr_line' id='line_1_107' title="bbox 297 5723 3547 5795; baseline 0 -15"><span class='ocrx_word' id='word_1_727' title='bbox 297 5723 419 5786; x_wconf 73' lang='grc' dir='ltr'>ἀντὶ</span> <span class='ocrx_word' id='word_1_728' title='bbox 457 5723 681 5795; x_wconf 76' lang='grc' dir='ltr'>πατρός.</span> <span class='ocrx_word' id='word_1_729' title='bbox 710 5723 873 5779; x_wconf 87' lang='lat' dir='ltr'><strong>Forte</strong></span> <span class='ocrx_word' id='word_1_730' title='bbox 912 5726 1191 5793; x_wconf 80' lang='lat' dir='ltr'><strong>legendum</strong></span> <span class='ocrx_word' id='word_1_731' title='bbox 1243 5741 1348 5779; x_wconf 85' lang='lat' dir='ltr'><strong>uno</strong></span> <span class='ocrx_word' id='word_1_732' title='bbox 1392 5730 1648 5783; x_wconf 82' lang='lat' dir='ltr'><strong>vocabqu</strong></span> <span class='ocrx_word' id='word_1_733' title='bbox 1690 5726 1859 5781; x_wconf 81' lang='grc' dir='ltr'>Ἀντί·</span> <span class='ocrx_word' id='word_1_734' title='bbox 1970 5723 2361 5782; x_wconf 77' lang='lat' dir='ltr'><strong>curuotninare</strong></span> <span class='ocrx_word' id='word_1_735' title='bbox 2385 5727 2630 5782; x_wconf 89' lang='lat' dir='ltr'><strong>omiserit</strong></span> <span class='ocrx_word' id='word_1_736' title='bbox 2653 5723 3049 5793; x_wconf 32' lang='lat' dir='ltr'><strong>Isidorus,’non</strong></span> <span class='ocrx_word' id='word_1_737' title='bbox 3068 5723 3547 5794; x_wconf 74' lang='lat' dir='ltr'><strong>appareI.Posstrt.</strong></span> 
     </span>
    </p>
   </div>
   <div class='ocr_carea' id='block_1_108' title="bbox 633 5816 3191 5909">
    <p class='ocr_par' dir='ltr' id='par_1_108' title="bbox 633 5816 3191 5909">
     <span class='ocr_line' id='line_1_108' title="bbox 633 5816 3191 5909; baseline 0 -32"><span class='ocrx_word' id='word_1_738' title='bbox 633 5816 900 5879; x_wconf 77' lang='lat' dir='ltr'><strong>PATROL.</strong></span> <span class='ocrx_word' id='word_1_739' title='bbox 940 5816 1058 5877; x_wconf 86' lang='lat' dir='ltr'><strong>Gn.</strong></span> <span class='ocrx_word' id='word_1_740' title='bbox 1109 5816 1431 5881; x_wconf 83' lang='lat' dir='ltr'><strong>LXXVIII.</strong></span> <span class='ocrx_word' id='word_1_741' title='bbox 2590 5904 2595 5909; x_wconf 22' lang='grc' dir='ltr'><em>ι</em></span> <span class='ocrx_word' id='word_1_742' title='bbox 3121 5817 3191 5878; x_wconf 80' lang='grc'><strong>51</strong></span> 
     </span>
    </p>
   </div>
  </div>
