4070 6394
541 412 677 480 1615
1744 413 1801 472 S.
1847 412 2137 472 ISlDOBI
2175 409 2611 472 PELUSIOTE
3643 419 3760 490 1615

536 527 778 589 nomino,
822 538 926 580 non
959 524 1047 595 qui
1084 531 1359 579 sectantur
1401 521 1643 577 Platonis
1680 522 1890 578 dicendi
1937 540 2097 594 genus

2215 521 2309 574 καὶ
2344 523 2440 592 τὴν
2476 522 2798 575 Θουκυδίδου
2833 521 3156 593 σεμνότητα,
3181 521 3276 576 καὶ
3301 522 3395 592 τὴν
3415 525 3760 598 Δημοσθένους

536 618 788 684 sublime,
826 617 907 672 vel
941 616 1269 687 Thucydidas
1299 616 1640 685 gravitatem,
1677 625 1770 669 aut
1793 615 2097 670 Demosthe-

2207 611 2488 680 δεινότητα
2521 610 2841 680 ζηλοῦντας,
2875 612 3010 666 ἀλλά
3035 615 3160 676 τοὺς
3187 613 3342 681 λόγον
3374 613 3655 674 ἀποδοῦναι
3680 623 3764 677 δυ-

537 711 623 767 nis
645 708 1170 780 grandiloquentiam
1205 707 1504 775 imitantur,
1548 707 1641 762 sed
1675 706 1764 776 qui
1799 706 1864 761 de
1912 706 2097 761 divinis

2209 703 2477 771 ναμένους
2509 703 2649 773 ὑπὲρ
2679 701 2786 756 τῶν
2820 702 2978 757 θείων
3004 703 3313 774 δογμάτων,
3342 706 3433 760 καὶ
3466 708 3538 779 μὴ
3565 711 3646 765 διὰ
3677 715 3765 786 τῆς

532 803 680 872 loqui
706 800 994 872 praeceptis
1028 800 1258 870 possint,
1308 813 1484 869 neque
1527 798 1740 870 ignavia
1767 797 1982 868 propria
2013 811 2097 850 suc

2211 793 2418 855 οίκείας
2453 792 2727 864 ῥᾳθυμίας
2769 797 2896 865 σιγῇ
2945 795 3048 866 τὴν
3083 791 3259 867 ἧτταν
3302 799 3765 871 καταδεχομένους.

531 893 750 948 silentio
780 900 1124 961 superentur.
1166 889 1267 957 Qui
1295 890 1440 946 enim
1471 889 1716 954 audiunt,
1745 903 1854 943 non
1881 887 2097 943 dicenti:

2214 887 2278 939 Οἱ
2307 886 2417 956 γὰρ
2470 885 2781 954 ἀκούοντες,
2840 887 2901 940 ού
2959 889 3058 960 τὴν
3091 887 3187 941 τοῦ
3233 889 3481 957 λέγοντος
3512 892 3764 964 ἀπειρίαν,

530 983 881 1053 imperitiam,
935 982 1031 1038 sed
1088 981 1358 1053 dogmatis
1410 991 1706 1037 causentur
1761 979 2097 1035 imbecillita-

2214 977 2351 1031 ἀλλά
2374 977 2474 1050 τὴν
2501 977 2596 1032 τοῦ
2621 978 2891 1049 δόγματος
2925 979 3207 1034 αἰτιῶνται
3244 979 3566 1053 σαθρότητα.

531 1079 662 1130 tem.

956 1181 1274 1238 CDXCVIII.
1312 1209 1381 1220 —-
1404 1176 1677 1234 ALPHIO.

2750 1183 2919 1250 Υιιιιν.
2947 1211 3018 1221 -
3043 1179 3267 1251 Attalo.

770 1297 837 1352 In
867 1314 953 1353 eos
978 1297 1068 1368 qui
1090 1296 1296 1366 publica
1325 1294 1576 1349 Ecclesia:
1613 1295 1748 1348 bona
1786 1293 1841 1348 in
1880 1308 1975 1348 sua
2006 1303 2208 1350 vertunt
2241 1299 2533 1352 commoda.
2571 1297 2864 1352 Immutata
2897 1296 3059 1365 prisci
3089 1293 3336 1364 temporis
3365 1293 3545 1363 facies.

601 1407 736 1463 Cum
779 1422 935 1463 suum
973 1405 1203 1476 quisque
1233 1403 1576 1459 commodum
1615 1416 1679 1456 ac
1706 1401 1916 1456 lucrum
1960 1417 2105 1456 com-

539 1496 690 1555 muni
720 1496 1202 1570 anteponatbono,
1230 1497 1430 1552 idcirco
1459 1511 1547 1552 res
1577 1494 1831 1550 Ecclesia:
1858 1508 2106 1563 pessum-

533 1603 685 1649 eunt.
735 1594 936 1649 Contra
970 1605 1100 1648 vero
1149 1589 1346 1646 accidit
1404 1589 1470 1644 iis
1520 1590 1610 1659 qui
1669 1586 1935 1656 majorum
1993 1595 2107 1641 tue-

527 1684 725 1738 bantur
783 1683 961 1738 (idem.
1025 1681 1180 1736 Tunc
1247 1681 1392 1736 enim
1446 1681 1655 1750 privata
1708 1679 1762 1732 in
1819 1689 2104 1732 commune

527 1773 900 1832 conferebant.
980 1775 1049 1829 At
1137 1771 1298 1829 hodie
1376 1771 1681 1828 communia
1773 1769 2096 1840 publicaque

2297 1406 2513 1477 Ἐπειδὴ
2550 1407 2766 1476 ἑκάστῳ
2797 1406 2859 1458 τὸ
2891 1406 3091 1458 οἰκεῖον
3137 1402 3328 1474 κέρδος
3364 1401 3460 1456 τοῦ
3487 1407 3634 1476 κοινῇ
3687 1423 3774 1460 και

2213 1498 2586 1567 ταστήσασθαί
2635 1515 2687 1550 τι
2735 1496 2974 1568 χρηστὸν
3027 1495 3446 1566 προτιμότερον,
3497 1494 3584 1549 διά
3631 1497 3770 1551 τοῦτο

2208 1584 2276 1636 τά
2325 1583 2424 1652 τῆς
2477 1584 2805 1655 Ἐκκλησίας
2875 1585 3230 1654 προπέποται
3294 1584 3617 1654 πράγματα.
3679 1587 3775 1640 Καὶ

2207 1676 2520 1730 τούναντίον
2560 1658 2757 1747 συνέϐη
2813 1678 2926 1740 τοῖς
2975 1675 3373 1747 γεγενημένοις
3422 1676 3518 1728 ἐπὶ
3554 1676 3657 1730 τῶν
3687 1679 3774 1747 τῆς

2211 1767 2444 1833 πίστεως
2472 1767 2772 1839 προγόνων.
2805 1769 2937 1822 Τότε
2980 1769 3078 1840 μὲν
3109 1769 3217 1840 γάρ
3244 1768 3314 1822 τὰ
3346 1768 3457 1823 ἴδια
3489 1769 3568 1833 εἰς
3597 1769 3654 1822 τὸ
3676 1786 3776 1822 uo:-

526 1867 744 1922 domum
818 1865 1156 1922 conferentes
1195 1904 1210 1929 ,
1291 1878 1356 1919 ex
1428 1862 1654 1916 aliorum
1731 1859 2097 1916 incommodis

2209 1859 2296 1912 νὸν
2324 1859 2710 1931 προύτίθεσαν,
2746 1860 2840 1913 νῦν
2865 1859 2922 1914 δὲ
2957 1860 3025 1914 τὰ
3053 1860 3210 1914 κοινὰ
3237 1860 3430 1914 οἴκαδέ
3460 1877 3601 1925 τινες
3631 1879 3783 1931 μετα·

524 1960 734 2017 luerum
768 1959 1058 2030 prmdando
1091 1966 1371 2028 reportare
1403 1971 1508 2010 non
1540 1956 1890 2010 erubescunt.

940 2156 1215 2216 CDXCIX.
1245 2188 1314 2197 —
1352 2154 1529 2211 NILO.

1251 2271 1329 2324 Ab
1360 2269 1477 2324 aliis
1503 2267 1717 2322 irrideri
1746 2268 1822 2324 vei
1856 2285 1889 2323 a
1914 2266 2179 2339 gravibus,

591 2383 640 2438 Δ
665 2382 796 2438 viris
826 2381 1076 2454 gravibus
1102 2389 1262 2450 atque
1294 2376 1529 2434 cordatis
1560 2377 1774 2432 irrideri
1802 2377 2092 2434 moleStum

522 2486 606 2533 est
625 2477 879 2547 quidem;
906 2484 960 2528 at
989 2488 1116 2529 vero
1144 2487 1172 2526 a
1207 2469 1508 2527 libidinosis
1528 2469 1850 2540 lascivisque
1878 2469 2100 2524 minime

522 2566 682 2621 hodie
717 2565 997 2621 molestum
1026 2571 1130 2618 est.
1161 2561 1262 2628 Qui
1293 2559 1436 2616 enim
1470 2572 1502 2614 a
1548 2569 1695 2614 recto
1724 2575 1907 2614 rerum
1939 2560 2100 2614 aber-

522 2665 645 2711 rant
672 2656 896 2727 jndicio,
932 2655 1269 2712 subsannant
1298 2667 1360 2708 ea
1385 2652 1547 2707 etiam
1578 2665 1698 2720 quae
1731 2650 2096 2706 admiratione

521 2749 630 2802 sint
654 2747 835 2818 digna.

1089 2855 1150 2908 D.
1181 2882 1252 2892 —
1280 2853 1530 2908 PETRO.

2215 1952 2555 2022 κομίζοντες,
2597 1955 2696 2007 οὐκ
2743 1953 3087 2023 αἰσχύνονται
3133 1952 3193 2018 ἐξ
3221 1952 3550 2025 ἀλλοτρίων,
3581 1953 3787 2025 κερδαί-

2215 2058 2395 2104 νοντες
2437 2042 2750 2112 συμφορῶν.

2733 2152 2898 2219 mea
2929 2181 2999 2194 -
3025 2152 3258 2223 ΝΕΙΛῼ.

2213 2264 2290 2318 vel
2315 2278 2346 2316 α
2376 2264 2595 2333 perditis
2639 2264 2920 2319 discrimen
2951 2275 3048 2318 est.

2277 2369 2351 2422 Τὸ
2393 2370 2491 2439 μὲν
2535 2371 2686 2442 παρὰ
2741 2372 2849 2424 τῶν
2899 2371 3116 2442 σεμνῶν
3163 2370 3257 2423 καὶ
3292 2371 3601 2441 σωφρόνων
3644 2371 3796 2440 γελᾶ·

2208 2460 2351 2527 σθαι,
2375 2462 2545 2515 δεινόν
2570 2477 2585 2491 ⁸
2621 2463 2685 2515 τὸ
2715 2463 2771 2516 δὲ
2800 2466 2951 2534 παρὰ
2978 2463 3086 2515 τῶν
3132 2462 3392 2530 ἀσελγῶν
3433 2464 3527 2516 καὶ
3565 2464 3792 2534 λάγνων,

2204 2553 2264 2604 οὐ
2327 2552 2520 2608 δεινόν.
2578 2553 2689 2624 Τῆς
2745 2553 2856 2625 γὰρ
2909 2554 3078 2625 ὀρθῆς
3125 2554 3233 2610 τῶν
3283 2557 3640 2626 πραγμάτων
3685 2559 3795 2613 δια-

2207 2648 2577 2718 μαρτάνοντες
2615 2647 2872 2719 κρίσεως,
2911 2648 3114 2718 γελῶσι
3161 2649 3228 2704 τά
3271 2647 3568 2718 θαύματος
3617 2652 3793 2723 κρείτο

2204 2757 2354 2794 τονα.

2767 2853 2941 2906 «1v.—
2971 2852 3219 2922 ΠΕΤΡῼ.

1117 2966 1361 3023 ϐαίεειὶα
1388 2968 1758 3022 meditantium
1783 2965 1862 3020 uel
1887 2972 2097 3019 terrestr

2207 2964 2310 3024 tuid
2334 2966 2561 3020 intersit.
2599 2965 2837 3039 (Confer.
2861 2969 3014 3036 epist.
3049 2969 3200 3039 485.)

595 3081 786 3152 Ingens
809 3068 873 3135 ac
899 3079 1194 3134 vehemens
1224 3077 1537 3148 prudentia,
1567 3077 1636 3131 ab
1665 3075 1826 3131 exilia
1852 3075 2101 3144 malaque

522 3171 834 3243 gerentibus
866 3168 1048 3241 parari
1080 3169 1286 3239 nequit.
1332 3167 1704 3236 Cogitationes
1754 3165 1899 3222 enim
1934 3179 2101 3236 opera

2271 3071 2430 3140 Μέγα
2467 3074 2560 3127 καὶ
2596 3076 2846 3129 νεανικὸν
2871 3079 3130 3148 φρόνημα
3165 3077 3266 3147 οὐχ
3308 3071 3434 3133 οἷόν
3464 3096 3524 3132 τε
3553 3079 3802 3150 τεχθῆναι

2202 3161 2278 3233 τῷ
2314 3165 2489 3234 μικρά
2518 3165 2615 3220 καλ⁵
2637 3166 2819 3235 φαῦλα
2841 3167 3160 3238 πράττοντι.
3194 3169 3330 3232 Τοῖς
3367 3171 3483 3240 γὰρ
3505 3170 3692 3242 ἔργοις
3711 3170 3800 3224 καὶ

520 3262 868 3320 comitantur.
936 3261 1038 3327 Qui
1098 3261 1242 3315 enim
1298 3274 1415 3329 qua:
1458 3258 1525 3313 ad
1562 3274 1717 3313 usum
1761 3258 1886 3312 vitae
1927 3256 2097 3326 perti-

2207 3255 2272 3309 τά
2296 3259 2620 3329 φρονήματα
2660 3257 2886 3311 ἕπεσθαι
2925 3258 3091 3328 φιλεῖ.
3130 3260 3188 3311 '0
3241 3259 3353 3329 μὲν
3415 3261 3532 3333 γάρ
3571 3263 3643 3316 τὰ
3684 3261 3803 3331 βιω-

535 3363 663 3408 nent
731 3361 958 3418 tractat,
1021 3351 1180 3422 707
1251 3351 1386 3406 nihil
1454 3351 1695 3415 caeleste,
1749 3350 1884 3404 nihil
1931 3363 2099 3420 ange-

523 3446 687 3500 licum
742 3443 1022 3515 cogitabit.
1108 3443 1179 3498 At
1259 3442 1348 3514 qui
1437 3442 1578 3498 coelo
1659 3442 1874 3513 dignam
1953 3443 2100 3512 degit

532 3537 732 3601 vitam,
802 3550 973 3605 nugas
1049 3535 1431 3604 ineptiasque,
1485 3534 1705 3589 umbras
1767 3549 1982 3604 quoque
2035 3549 2098 3589 ac

2195 3347 2325 3401 τικά
2353 3349 2886 3420 μεταχειριζόμενος,
2915 3351 3069 3404 οὐδὲν
3097 3351 3385 3422 οὐράνιον,
3417 3355 3580 3408 οὐδὲν
3623 3356 3788 3423 ἀγγε-

2205 3438 2358 3493 λικὺν
2405 3441 2882 3510 φαντασθήσεται”
2922 3443 2951 3495 ὁ
2983 3441 3038 3495 δὲ
3069 3443 3170 3514 τὴν
3216 3443 3451 3516 οὐρανῷ
3489 3447 3805 3518 πρέπουσαν

2197 3535 2469 3588 πολιτείαν
2495 3535 2929 3604 πολιτευόμενος,
2949 3537 3148 3609 λήρους
3171 3538 3266 3592 καὶ
3297 3539 3615 3612 φλυαρίας,
3647 3541 3802 3604 σκιάς

519 3627 730 3683 somnia
792 3627 941 3682 ducit
1009 3640 1132 3682 esse
1202 3626 1391 3680 mundi
1454 3625 1572 3680 haec
1630 3626 1866 3695 negotia.
1918 3623 2097 3691 Quare

2207 3643 2254 3680 re
2305 3627 2400 3680 xui.
2429 3626 2684 3698 ὀνείρατα
2708 3668 2722 3693 ,
2757 3627 2826 3680 τά
2863 3626 3098 3696 βιωτικά
3143 3629 3426 3700 ἡγήσεται
3471 3633 3802 3703 πράγματα.

520 3718 733 3788 angusti
800 3731 925 3772 esse
993 3716 1156 3771 animi
1228 3716 1423 3772 merito
1494 3719 1542 3772 is
1595 3727 1680 3772 est
1722 3716 2094 3786 appellandus,

525 3811 616 3879 qui
677 3810 743 3866 de
792 3809 975 3880 parvis
1035 3823 1156 3864 sese
1210 3809 1370 3864 rebus
1428 3810 1600 3876 lactat
1660 3809 2095 3878 :magnanimus

515 3905 728 3961 contra,
756 3896 848 3965 qui
883 3910 1002 3963 quae
1031 3910 1160 3950 vere
1193 3896 1408 3951 excelsa
1447 3905 1598 3963 sunt,
1634 3896 1700 3951 iis
1724 3911 1846 3965 qua:
1882 3905 2092 3953 tantum

517 3988 644 4043 talia
672 3996 958 4058 apparent,
976 3986 1274 4056 anteponit.

873 4093 956 4147 Dl.
986 4121 1052 4132 -—
1081 4089 1382 4147 EUTONIO
1418 4089 1731 4145 DIACONO.

2209 3717 2299 3770 Διὸ
2329 3719 2422 3772 καὶ
2446 3721 2473 3771 ὁ
2503 3719 2624 3789 μὲν,
2661 3719 2999 3790 μικρόψυχος
3047 3721 3275 3785 εἰκότως
3317 3724 3390 3778 ἂν
3421 3725 3684 3797 κληθείη,
3721 3724 3807 3776 ἐπὶ

2203 3813 2422 3882 μικροῖς
2448 3812 2882 3882 ἐναϐρυνόμενος
2902 3829 2914 3842 ·
2947 3814 2974 3865 ὁ
3004 3813 3060 3866 δὲ
3085 3815 3506 3889 μεγαλόψυχος,
3545 3817 3618 3872 τά
3645 3816 3809 3877 ὅντως

2205 3901 2417 3970 μεγάλα
2431 3901 2540 3955 τῶν
2576 3901 2878 3956 δοκούντων
2911 3905 3247 3976 προκρίνων.

2525 4105 2648 4159 ψΑν.
2680 4133 2749 4145 --
2783 4105 3084 4175 ΕΥΤοΝιςι
3114 4107 3458 4181 ΔΙΑΚΟΝῼ.

1848 4205 1892 4256 Α
1919 4207 2088 4275 seipse
2115 4210 2282 4282 decipi
2303 4214 2476 4283 facile.

585 4319 701 4374 Etsi
736 4323 983 4388 prompta
1026 4314 1191 4369 multa
1243 4322 1389 4378 sunt,
1429 4310 1680 4380 factuque
1721 4311 1922 4379 facilia,
1953 4315 2088 4369 nihil

515 4424 692 4467 tamen
711 4408 943 4473 facilius,
970 4406 1250 4474 magisque
1271 4403 1485 4459 obvium
1507 4418 1667 4472 quam
1690 4417 1718 4456 a
1745 4417 1804 4458 se
1820 4419 2092 4474 quemque

513 4502 708 4572 decipi.
742 4500 994 4570 Magnum
1043 4496 1190 4551 enim
1221 4495 1417 4565 cuique
1465 4508 1622 4549 suum
1660 4503 1884 4564 apparet
1909 4495 2090 4551 consi-
2117 4494 2162 4550 D

509 4595 664 4648 lium.
689 4592 824 4647 Cum
855 4589 1001 4645 enim
1052 4601 1140 4643 res
1171 4601 1277 4642 non
1307 4593 1366 4639 ut
1395 4585 1524 4648 sint,
1563 4584 1635 4638 ita
1667 4583 1740 4638 illi
1767 4596 2085 4654 appareant,

521 4685 614 4738 sed
646 4683 972 4736 sententiam
1004 4677 1151 4733 omni
1177 4691 1276 4745 ope
1305 4689 1460 4729 suam
1485 4676 1667 4729 studet
1694 4675 1924 4746 quisque
1975 4687 2091 4733 sta-

515 4772 673 4827 bilire
709 4811 725 4838 ,
773 4770 917 4840 quod
958 4769 1074 4838 ipse
1120 4766 1269 4832 vult,
1319 4765 1457 4820 idem
1497 4774 1555 4820 et
1599 4766 1811 4835 probat,
1850 4769 1952 4822 etsi
2002 4783 2090 4824 res

509 4878 653 4934 saepe
677 4861 833 4918 aliter
866 4875 986 4916 sese
1021 4861 1237 4915 habeat.

960 4971 1061 5028 Dll.
1085 5003 1156 5014 -—
1179 4966 1638 5028 URSENOPHIO.

1424 5080 1729 5137 Meticulosi
1757 5081 1967 5151 timore,
1996 5087 2161 5157 fortes

579 5195 775 5256 Fortes
807 5195 1025 5267 quidem
1059 5195 1207 5249 viros
1244 5193 1544 5248 assentatio
1581 5194 1790 5259 domat,
1841 5194 2087 5252 imbecil-
2120 5224 2125 5230 -

508 5288 591 5346 los
622 5297 811 5343 contra
844 5294 1018 5340 metus
1046 5281 1264 5354 frangit.
1311 5284 1422 5338 lllis
1453 5284 1670 5354 quidem
1724 5286 1943 5340 suadela
1976 5288 2085 5342 vim

508 5380 706 5436 afferre
740 5394 848 5433 non
875 5377 1108 5442 videtur,
1147 5376 1228 5429 his
1261 5389 1390 5428 vero
1417 5386 1591 5430 metus
1618 5376 1946 5447 impotenter
1989 5380 2089 5433 im-

509 5480 686 5540 perat.
717 5468 786 5524 Et
813 5467 890 5524 illi
930 5482 1148 5523 causam
1186 5465 1518 5519 adversariis
1554 5467 1831 5535 prodendo
1861 5470 2087 5523 vincun-

513 5571 618 5628 tur,
653 5562 708 5618 hi
739 5578 845 5618 non
880 5575 940 5616 se
973 5560 1150 5614 dando
1175 5557 1469 5612 deduntur.
1507 5557 1627 5612 Noli
1665 5560 1845 5630 itaque
1889 5571 2084 5630 putare

513 5668 620 5707 una
673 5668 774 5722 ope
808 5662 1071 5720 utrosque
1099 5647 1385 5720 juvandos,
1429 5662 1610 5703 verum
1657 5665 1756 5719 pro
1788 5651 2085 5708 aﬂectioni-

513 5742 636 5805 bus,
677 5756 741 5794 ac
770 5743 1027 5810 cujusque
1057 5740 1336 5807 facultate,
1378 5738 1643 5795 medicina
1672 5741 1934 5813 adhibita,
1968 5760 2082 5801 rem

515 5832 818 5901 confectam
851 5834 915 5888 iri
936 5832 1208 5888 confidito.

2270 4321 2436 4375 Οὐδὲν
2481 4323 2652 4388 οὕτως
2695 4325 3065 4384 εύκολώτατόν
3117 4332 3290 4397 ἐστιν,
3357 4332 3548 4387 ὄντων
3603 4332 3813 4387 πολλῶν

2197 4411 2456 4478 εύκόλων,
2491 4414 2567 4478 ὡς
2589 4414 2652 4470 τὸ
2691 4416 2922 4473 ἕκαστον
2963 4421 3157 4476 ἑαυτὸν
3200 4422 3601 4495 ἐξαπατῆσαι.
3657 4427 3816 4494 Μέγα

2196 4501 2306 4572 γάρ
2351 4505 2568 4576 ἑκάστῳ
2614 4506 2675 4560 τὸ
2706 4507 2973 4580 βούλημα.
3038 4514 3256 4585 Ἐπειδὴ
3307 4515 3436 4586 γάρ
3469 4519 3537 4570 οὐ
3569 4517 3641 4571 τὰ
3673 4518 3812 4588 πρά-

2195 4609 2384 4662 γματα
2409 4597 2558 4661 ὅπως
2581 4599 2797 4668 πέφυκε
2821 4605 3033 4668 σκοπεῖ,
3063 4604 3200 4659 ἀλλά
3216 4606 3317 4676 τὴν
3345 4609 3567 4662 ἑαυτοῦ
3590 4609 3816 4680 γνώμην

2197 4687 2362 4741 παντὶ
2389 4687 2566 4742 σθένει
2598 4691 2846 4759 κυρῶσαι
2879 4699 3239 4766 προαιρεῖται,
3265 4697 3294 4750 ὃ
3329 4698 3630 4768 βούλεται,
3662 4699 3815 4752 τοῦτο

2197 4777 2293 4831 καὶ
2325 4777 2531 4853 οἴεται,
2567 4782 2746 4836 καίτοι
2807 4787 3151 4855 πραγμάτων
3193 4787 3487 4855 πολλάκις
3522 4792 3816 4862 ἀντιφθεγο

2197 4870 2466 4941 γομένων.

2607 4982 2730 5037 ΦΒ’.
2761 5014 2832 5024 —
2863 4985 3368 5058 ΟΥΡΣΕΝΟΥΦῘῼ.

2196 5093 2503 5148 adulatione
2524 5107 2864 5164 superantur.

2267 5199 2406 5263 Τοὺς
2449 5201 2546 5270 μὲν
2593 5202 2878 5272 ἀνδρείους
2928 5204 3189 5257 κολακεία
3229 5208 3567 5279 χειροῦται,
3606 5212 3734 5274 τοὺς
3764 5212 3818 5264 δὲ

2191 5290 2489 5360 ἀνάνδρους
2508 5292 2693 5361 φόϐος·
2716 5297 2829 5359 τοῖς
2850 5295 2946 5366 μὲν
2966 5297 3076 5368 γὰρ
3100 5298 3132 5368 ἡ
3157 5297 3337 5358 πειθὼ
3363 5299 3532 5355 δοκεῖ
3553 5303 3818 5365 ἀϐίαστος

2190 5377 2362 5449 εἶναι,
2405 5386 2520 5458 τοῖς
2556 5385 2612 5439 δὲ
2642 5387 2670 5438 ὁ
2705 5387 2869 5455 φόϐος
2913 5389 3292 5461 ἀπαραίτητος
3345 5392 3672 5465 δεσπότης.
3713 5396 3819 5447 Καὶ

2188 5475 2237 5526 οἱ
2275 5475 2377 5544 μὲν
2415 5476 2494 5547 τῷ
2540 5477 2863 5546 καθυφεῖναι
2898 5480 3025 5544 τοὺς
3079 5482 3432 5548 ἀντιπάλους
3498 5488 3815 5558 ἡττῶνται⁵

2188 5567 2238 5617 oi.
2279 5565 2336 5618 δὲ
2370 5567 2445 5638 τῷ
2474 5568 2550 5638 μὴ
2582 5569 2841 5623 ἐνδιδόναι
2885 5572 3169 5629 ὲνδιδόασι.
3204 5575 3297 5641 Μὴ
3355 5578 3563 5630 τοίνυν
3606 5581 3818 5640 πάντας

2189 5656 2268 5709 ἐν).
2312 5655 2619 5727 βοηθήματι
2667 5658 2992 5729 θεραπεύειν
3034 5663 3182 5715 oi'ou'
3216 5662 3365 5716 ἀλλὰ
3418 5669 3548 5730 τοῖς
3610 5667 3815 5723 πάθεσι

2189 5748 2282 5800 καὶ
2308 5750 2426 5811 ταῖς
2452 5748 2716 5820 δυνάμεσι
2757 5751 2866 5803 τῶν
2897 5753 3214 5822 πασχόντων
3247 5757 3604 5828 κατάλληλα
3641 5774 3814 5829 προσ-

2189 5839 2369 5907 φέρων
2400 5839 2468 5894 τά
2497 5841 2754 5910 παιώνια,
2784 5842 2969 5909 ἔλπιζε
2995 5846 3174 5901 αὐτῶν
3202 5846 3563 5919 κρατήσειν.
