4070 6368
381 283 517 352 [611
1272 282 1808 345 EPISTOLARUM
1845 286 1992 347 LIB.
2032 287 2104 349 V.
2139 287 2464 348 -~EPIST.
2505 286 2662 347 DIX.
3487 283 3625 355 1618

688 389 807 443 φιν.
838 417 905 428 -
931 385 1272 457 musam
1310 387 1632 459 AIAKONQ.
1979 406 2030 463 Α

1979 406 2030 463 Α
2364 393 2503 448 um.
2533 422 2603 435 -
2623 389 2965 447 PALLADIO
2995 389 3313 449 DIACONO.

577 501 919 573 Perstringit,
956 500 1095 572 quod
1119 500 1270 555 rebus
1300 499 1555 571 bonisque
1571 508 1817 567 terrenis,
1855 502 2157 560 ambitionis
2190 515 2237 561 et
2274 506 2459 577 gloria:
2491 522 2676 573 causa,
2706 506 2760 561 in
2795 506 3016 576 speciem
3043 521 3100 561 se
3126 506 3424 561 abdicarat.

447 612 509 665 Et
538 612 636 682 μὲν
661 609 830 675 ὅντως
855 609 962 663 τῶν
986 607 1255 680 βιωτικῶν
1284 608 1561 677 κατέγνως
1582 611 1947 681 πραγμάτων,

2127 612 2185 670 Si
2230 614 2444 684 quidem
2484 614 2609 669 vitae
2656 615 2819 684 hujus
2871 615 3087 684 negotia
3157 628 3345 669 revera
3407 615 3624 685 cognita

377 701 545 774 μηδὲν
577 718 659 756 σοι
686 700 863 755 κοινὸν
893 698 1032 775 πρὸς
1059 697 1218 754 αὐτά.
1244 699 1307 751 Et
1335 698 1392 751 δὲ
1422 699 1579 766 δόξαν
1607 699 1947 772 θηρώμενος,

2055 705 2278 773 habeas,
2325 705 2458 762 nihil
2494 706 2585 761 tibi
2634 720 2758 761 cum
2804 705 2918 761 illis
2961 720 3246 762 commune
3272 705 3363 761 sit.
3394 706 3452 761 Si
3494 720 3621 761 vero

374 793 681 856 διαϐάλλεις
731 792 829 864 μὲν
883 791 1044 857 αὐτὰ,
1121 789 1352 861 περιέχῃ
1400 790 1458 844 δὲ
1500 792 1575 856 ὡς
1613 792 1819 855 ἀϊδίων,
1874 794 1950 866 μὴ

2056 796 2279 867 gloriam
2319 796 2563 851 venando
2600 795 2689 851 illa
2726 795 3051 860 crimineris,
3089 795 3470 866 complectaris
3497 810 3624 851 vero

374 886 564 950 ἔλπιζε
598 885 818 956 άπατᾷν
866 884 993 946 τοὺς
1029 880 1119 935 διὰ
1139 881 1248 937 τῶν
1300 883 1642 954 πραγμάτων
1691 885 1951 940 τάναντία

2058 897 2117 942 ut
2157 887 2431 951 diuturna,
2482 900 2614 942 cave
2667 898 2822 957 putes
2864 901 2958 942 eos
3014 887 3108 957 qui
3157 887 3225 942 de
3270 887 3432 943 rebus
3464 886 3618 957 ipsis,

378 977 529 1049 παρὰ
563 974 657 1031 σοῦ
681 974 1125 1046 παιδευομένους.

2055 986 2247 1035 contra
2280 987 2444 1049 atque
2477 988 2533 1033 tu
2574 978 2829 1044 sentiant,
2867 978 3144 1033 aberrare.

727 1086 844 1141 ΦΔν.
878 1114 945 1127 -
973 1083 1248 1155 ΣΕΡΗΝῼ
1271 1084 1596 1157 ΔΙΑΚΟΝῼ.

2368 1085 2505 1144 DIV.
2543 1115 2616 1126 --
2657 1083 2928 1141 SERENO
2960 1081 3278 1142 DlACONO.

1256 1177 1531 1232 Honorari
1558 1177 1682 1232 vis!
1711 1178 1959 1234 honorem
1991 1178 2179 1249 fugito.
2210 1177 2389 1250 (Cani.
2421 1180 2570 1250 epist.
2597 1177 2750 1248 5‘22.)

450 1290 514 1343 Et
545 1287 704 1358 δόξης
731 1288 884 1359 ἐρᾷς,
920 1287 1250 1357 καταφρόνει
1296 1285 1477 1357 δόξης,
1508 1288 1603 1341 καὶ
1631 1288 1753 1341 τότε
1782 1289 1953 1360 αὐτῆς

2126 1293 2182 1349 Si
2240 1293 2464 1365 gloriam
2515 1294 2764 1361 sectaris,
2816 1307 2936 1349 eam
3001 1292 3086 1348 lac
3143 1302 3498 1351 contemnas:
3551 1297 3615 1350 εἰι

378 1378 766 1443 ἀπολαύσειας.
796 1378 1103 1432 Φιλόνεικον
1145 1378 1254 1449 γάρ
1285 1394 1400 1441 πως
1423 1378 1485 1430 τὸ
1514 1376 1622 1432 τῶν
1651 1378 1954 1451 ἀνθρώπων

2058 1385 2152 1444 ﬁet
2177 1396 2234 1440 ut
2253 1386 2345 1441 illa
2363 1386 2606 1456 potiaris.
2630 1385 3039 1441 Contentiosum
3068 1393 3153 1440 est
3176 1385 3318 1440 enim
3343 1386 3624 1441 hominum

378 1473 535 1539 γένος
568 1470 707 1536 ἐστὶ,
746 1469 841 1522 καὶ
877 1468 1012 1540 πρὸς
1069 1468 1168 1539 μὲν
1208 1469 1268 1522 τὸ
1300 1466 1643 1539 ὑπεραυχοῦν
1689 1468 1956 1523 διακινδυο

2059 1490 2249 1545 genus,
2277 1486 2332 1532 et
2378 1479 2444 1532 de
2499 1477 2811 1547 praestantia
2858 1475 3089 1531 libenter
3122 1476 3358 1532 dimicat.
3389 1476 3620 1532 Vincere

381 1560 557 1615 νεύειν
595 1559 768 1629 φιλεῖ·
802 1559 938 1630 πρὸς
969 1558 1109 1612 δὲτὸ
1136 1557 1391 1612 ταπεινὸν
1423 1558 1540 1629 μεθ’
1569 1559 1761 1631 ἡδονῆς
1798 1560 1958 1614 σπέν-

2060 1567 2207 1620 enim
2236 1567 2415 1621 studet
2445 1581 2590 1631 eum,
2634 1566 2725 1636 qui
2768 1565 3006 1621 victoriae
3048 1565 3240 1622 inhiat.
3276 1565 3627 1636 Cumjucun-

379 1650 567 1705 δεσθαι
598 1650 830 1719 πέφυκε.
864 1648 1040 1720 Νικᾷν
1078 1649 1176 1721 μὲν
1205 1648 1314 1719 γὰρ
1350 1646 1641 1714 σπουδάζει
1670 1649 1765 1703 τὸν
1798 1649 1955 1720 νίκης

2062 1654 2230 1710 ditate
2274 1662 2453 1709 autem
2506 1653 2822 1710 submittere
2865 1669 2922 1711 se
2973 1654 3073 1723 illi,
3125 1656 3216 1727 qui
3251 1656 3466 1713 vincere
3515 1670 3624 1711 non

384 1740 692 1812 ἐφιέμενον,
727 1737 991 1810 ἡττᾶσθαι
1027 1739 1085 1793 δὲ
1133 1740 1278 1809 φιλεῖ
1308 1739 1426 1811 μεθ’
1458 1739 1650 1811 ἡδονῆς
1692 1739 1770 1813 τῷ
1802 1741 1959 1813 νίκης

1133 1740 1278 1809 φιλεῖ
1308 1739 1426 1811 μεθ’
1458 1739 1650 1811 ἡδονῆς
1692 1739 1770 1813 τῷ
1802 1741 1959 1813 νίκης
1992 1729 2033 1784 Β
2062 1744 2357 1813 desiderat,
2392 1746 2693 1802 consuevit.

387 1834 464 1905 μὴ
498 1830 792 1903 ἐφιεμένῳ.

450 1940 574 1996 QE’.
601 1968 673 1979 -—
698 1937 854 1993 ΤΟΙΣ
892 1938 1276 1992 ΚΛΗΡΙΚΟΙΣ
1307 1938 1443 1993 ΤΟΥ
1473 1939 1893 1995 ΠΗΛΟΥΣΙΟΥ.

1747 1939 1893 1995 ΞΙΟΥ.
2371 1941 2482 1998 DV.
2530 1971 2600 1986 —
2644 1939 3030 2002 PELUSIANO
3104 1943 3354 2002 CLERO.

1578 2034 1828 2105 Βοήθεια,
1867 2036 2004 2091 unde
2033 2034 2232 2093 Grecis
2280 2038 2444 2093 dicta.

471 2143 717 2200 Ἐοίκατε
751 2146 967 2216 ἀγνοεῖν
1015 2145 1075 2200 τὸ
1105 2146 1205 2217 τῆς
1231 2144 1485 2217 βοηθείας
1516 2144 1707 2216 ὄνομα,
1731 2143 1866 2216 ὅπερ
1889 2143 1964 2197 ει-

2131 2143 2402 2201 Videmini
2439 2146 2690 2215 ignorare
2718 2146 2972 2219 βοήθειας
2997 2156 3217 2219 etymon
3258 2148 3400 2218 quod
3430 2146 3634 2204 Graecis

391 2252 551 2307 ρηται
598 2236 750 2308 παρά
798 2237 859 2292 τὸ
898 2237 1054 2308 μετὰ
1097 2236 1257 2306 ,ϐοῆς
1315 2236 1501 2291 θέεινο
1546 2235 1643 2290 καὶ
1685 2237 1773 2290 διὰ
1810 2234 1967 2290 τοῦτο

2063 2236 2262 2292 dictum
2280 2235 2434 2307 παρὰ
2450 2235 2513 2289 τὸ
2538 2236 2677 2308 μετὰ
2692 2236 2820 2309 βοῆς
2849 2238 3012 2305 θέειν,
3042 2237 3112 2294 ad
3135 2254 3309 2294 uocem
3336 2255 3632 2295 accurrere.

389 2327 722 2399 βραδύτερον
744 2328 1089 2400 ἀφικόμενοι,
1118 2328 1213 2382 καὶ
1246 2327 1623 2399 σχολαιὸτερον
1662 2326 1969 2397 βαδίζοντες

2062 2326 2406 2398 Quapropter
2437 2329 2645 2385 tardius
2697 2343 2794 2385 vos
2826 2331 3143 2388 accedentes
3179 2341 3350 2401 atque
3390 2332 3637 2399 ignavius

388 2419 836 2490 ἀποτετυχήκατε
884 2420 985 2490 τῆς
1014 2419 1206 2490 θήρας.
1247 2419 1309 2472 '0
1337 2418 1445 2490 γὰρ
1479 2418 1690 2490 δεηθεὶς
1720 2417 1820 2488 τῆς
1845 2419 1967 2470 ὲπι-

2063 2425 2372 2482 ourrentes,
2423 2416 2594 2474 feram
2630 2433 2737 2475 non
2795 2419 3038 2497 cepistis.
3089 2419 3192 2487 Qui
3246 2420 3391 2477 enim
3435 2420 3637 2477 auxilio

391 2508 642 2580 κουρίας,
684 2509 909 2581 θήραμα
955 2510 1050 2564 καὶ
1079 2508 1238 2580 ἔργον
1281 2510 1381 2580 τῆς
1412 2508 1521 2561 τῶν
1549 2505 1971 2563 ἐπιϐουλευσάν-

2068 2509 2364 2580 indigebat,
2389 2517 2611 2581 captura
2642 2519 2698 2567 et
2729 2526 2865 2584 opus
2896 2511 3270 2569 insidiantium
3299 2513 3639 2571 crudelitatis

385 2617 499 2654 των
529 2601 812 2672 ὠμότητος
837 2601 1083 2670 γέγονεν.

656 2618 812 2671 τητος
837 2601 1083 2670 γέγονεν.
2070 2602 2263 2657 evasit.

891 2709 1031 2776 «ις’.
1068 2737 1139 2749 -
1171 2705 1448 2778 suum.
2457 2711 2498 2780 7

2457 2710 2622 2782 703
2642 2709 2780 2766 ονε.
2810 2741 2881 2752 -
2911 2711 3193 2770 meto.

1029 2799 1071 2851 Α
1106 2801 1296 2855 teneris
1324 2814 1620 2854 assuescere
1650 2797 1874 2853 multum
1900 2808 1976 2854 est
2006 2801 2064 2855 in
2107 2802 2319 2871 pietatis
2343 2804 2541 2859 studio.
2576 2801 2736 2875 (Vide
2758 2805 2911 2872 epist.
2941 2804 3023 2880 9.)

460 2914 587 2978 Τοῖς
636 2913 822 2968 παισὶν
860 2913 941 2968 ἔτι
970 2914 1186 2985 νηπίοις
1206 2913 1585 2985 τυγχάνουσιν,
1616 2911 1833 2984 πρῶτον
1868 2913 1969 2984 μὲν

2145 2913 2337 2970 Pueris
2381 2915 2676 2971 etiamnum
2722 2915 2925 2972 teneris
2952 2916 3020 2973 de
3071 2916 3169 2972 Dei
3220 2914 3534 2973 excellentia
3576 2930 3644 2975 ac

388 3006 482 3060 τὸν
526 3005 656 3077 περὶ
698 3005 796 3077 τῆς
840 3005 1115 3077 ὑπεροχῆς
1152 3022 1213 3058 τε
1254 3003 1349 3058 τοῦ
1388 3003 1524 3058 Θεοῦ
1562 3003 1658 3057 καὶ
1687 3003 1966 3075 προνοίας,

2036 3056 2042 3078 ,
2073 3002 2435 3076 providentia,
2455 3017 2641 3078 postea
2695 3008 2763 3065 de
2790 3009 2995 3065 virtute
3047 3018 3316 3080 praecepta
3344 3017 3470 3065 sunt
3500 3009 3643 3065 inse-

390 3095 584 3151 ἔπειτα
630 3095 688 3150 δὲ
721 3097 816 3149 καὶ
852 3095 945 3149 τὸν
974 3095 1102 3168 περὶ
1128 3095 1333 3168 ἀρετῆς
1369 3093 1476 3166 χρὴ
1502 3094 1971 3166 κατασπείρεσθαι

2042 3098 2264 3164 ‘renda,
2306 3107 2366 3154 ut
2411 3099 2732 3170 grandiores
2776 3099 2892 3169 iam
2938 3100 3066 3156 facti
3128 3100 3185 3156 in
3228 3100 3487 3169 virosque
3532 3100 3649 3169 jam

389 3188 553 3257 λόγον
573 3203 587 3217 ⁶
620 3187 709 3241 ῐνα
744 3186 1209 3257 συναυξανόμενος
1237 3187 1330 3241 καὶ
1358 3184 1822 3257 συνανδρούμενος
1847 3185 1968 3241 θεο-

2075 3186 2318 3257 formati,
2352 3203 2477 3245 cum
2529 3188 2623 3244 Dei
2681 3187 2882 3258 Optimi
2936 3189 3157 3245 Maximi
3218 3196 3484 3256 amantes,
3531 3195 3644 3245 tum

390 3281 567 3350 φιλεῖς
589 3280 683 3335 καὶ¹
706 3279 994 3352 ἐναρέτους
1018 3277 1217 3350 ἄνδρας
1246 3278 1646 3333 άποτελέσειεν.

1188 3295 1217 3342 ς
1246 3278 1646 3333 ἁποτελέσειεν.
2074 3279 2284 3348 praediti
2319 3280 2550 3335 evadant
2577 3280 2794 3334 virtute.

670 3389 790 3442 «ην.
827 3414 900 3428 -
928 3386 1179 3458 ΖΩΣΙΜῼ
1211 3385 1680 3456 ΠΡΕΣΒΥΤΕΡῼ.

2299 3385 2462 3444 DVll.
2493 3417 2561 3429 —
2611 3384 2867 3443 ZOSIMO
2925 3384 3401 3443 PRESBYTERO.

1273 3475 1414 3530 Vitia
1443 3476 1730 3532 verecunde
1754 3476 2177 3547 perstringenda.
2205 3476 2391 3549 (Supr.
2422 3480 2575 3547 epist.
2604 3478 2756 3549 455.)

474 3591 675 3662 Ἐχρῆν
738 3590 838 3661 μὲν
883 3589 1276 3663 νεανικώτερον
1321 3588 1809 3664 ὲκτραγῳδηθῆναι
1861 3587 1960 3651 τὰς

2143 3586 2442 3658 Oportebat
2467 3587 2762 3659 juvenilius
2797 3603 2862 3645 ac
2898 3589 3273 3645 vehementius
3329 3598 3447 3646 tuas
3476 3591 3649 3647 actio-

394 3683 497 3747 σὰς
541 3682 794 3754 πράξεις,
839 3683 979 3753 τάχα
1028 3682 1132 3737 κᾶν
1180 3679 1356 3745 οὕτως
1403 3679 1797 3752 ἑρυθριάσαιςο
1849 3678 1965 3733 ἀλλ’

2073 3691 2170 3731 nes
2196 3677 2398 3746 tragice
2412 3676 2748 3748 exaggerari,
2770 3679 2927 3734 utsic
2948 3678 3086 3733 forte
3107 3679 3398 3735 erubescas
3420 3700 3432 3735 :
3458 3693 3648 3734 verum

392 3773 582 3845 ἐπειδὴ
604 3774 664 3828 οὐ
689 3774 796 3846 χρὴ
824 3773 952 3836 τοὺς
1003 3771 1328 3843 σεμνότητος
1359 3769 1840 3841 ἀντιποιουμένους
1874 3786 1969 3840 μο-

2076 3769 2291 3839 quando
2311 3784 2416 3824 non
2441 3771 2594 3825 decet
2619 3770 2942 3842 gravitatem
2992 3769 3343 3840 praeferentes
3395 3787 3524 3827 suas
3566 3772 3650 3827 in-

392 3865 573 3920 λύνειν
615 3864 830 3921 ἑαυτῶν
871 3864 972 3929 τὰς
1014 3864 1291 3934 γλώττας,
1332 3862 1565 3934 τάχιστα
1623 3862 1719 3915 καὶ
1767 3861 1972 3932 εὐπρε-

2075 3860 2307 3930 quinare
2352 3861 2585 3932 linguas,
2632 3861 3011 3918 decentissima
3057 3864 3235 3932 potius
3280 3862 3645 3934 proferentur.

391 3957 635 4013 πέστατα
653 3958 950 4026 λελέξεται,
982 3960 1064 4012 ὅτι
1112 3956 1363 4029 μεγάλων
1393 3954 1580 4010 κακῶν
1619 3952 1793 4008 αἴτιαί
1831 3954 1970 4008 εἰσιν

2077 3949 2209 4018 Quae
2222 3950 2364 4005 enim
2392 3951 2540 4021 juxta
2565 3960 2809 4007 ventrem
2833 3951 3084 4008 libidines
3115 3960 3261 4022 sunt,
3287 3954 3644 4011 maximorum

394 4049 451 4101 αἱ
483 4047 622 4117 μετὰ
650 4048 894 4120 γαστέρα
919 4046 1123 4120 ἡδοναί.

2075 4041 2342 4097 exsistunt
2374 4058 2552 4099 causae
2584 4045 2872 4101 malorum.

578 4156 708 4211 @H'.
746 4187 817 4201 —-
845 4156 1272 4227 ΘΕΟΠΕΜΠΤῼ
1305 4153 1778 4223 ΠΡΕΣΒΥΤΕΡῼ.

2216 4149 2407 4206 DVIII.
2438 4180 2499 4192 -
2530 4151 2992 4210 THEOPEMPTO
3023 4151 3507 4210 PRESBYTERO.

392 4271 462 4330 In
483 4275 875 4331 concionatores
911 4290 1133 4344 quorum
1161 4275 1269 4327 vita
1296 4273 1550 4344 doctrinas
1573 4287 1674 4325 non
1704 4255 1998 4344 respondet.
2029 4265 2108 4344 A_d
2133 4264 2267 4344 illud
2296 4279 2316 4317 :
2347 4283 2367 4318 ι
2405 4266 2672 4344 Qicuntet
2701 4283 2822 4344 ηΔο-η-
2836 4266 3092 4344 faciunt.»
3125 4265 3343 4339 (Matth.
3377 4282 3536 4334 xxtu,
3568 4266 3649 4340 5.)

1041 4341 1243 4398 Facere
1274 4358 1430 4412 quam
1460 4341 1632 4394 dicere
1660 4334 1826 4409 magis
1850 4335 2146 4407 persuadet.
2179 4334 2337 4405 (Sup.
2370 4337 2522 4406 epist.
2556 4336 2685 4402 215,
2717 4334 2845 4403 235,
2868 4335 3019 4405 265.)

467 4451 606 4507 Οῦτε
635 4452 795 4522 λόγος
814 4491 829 4517 ,
883 4450 1007 4507 οὔτε
1037 4450 1234 4523 σκῆψις
1280 4448 1635 4504 ὑπολείπεται
1682 4448 1795 4510 τοῖς
1822 4443 1970 4499 διδά-
2003 4431 2049 4486 Ι)

2044 4447 2049 4474 ⁵
2141 4442 2330 4515 Neque
2390 4445 2591 4509 oratio,
2654 4460 2717 4500 ac
2751 4460 2819 4500 ne
2887 4446 3170 4502 excusatio
3203 4446 3421 4515 quidem
3454 4445 3651 4501 docere

397 4559 551 4598 σκειν
599 4543 700 4615 μὲν
748 4542 1012 4615 τολμῶσι,
1051 4540 1312 4597 τάναντία
1347 4540 1404 4594 δὲ
1434 4532 1510 4594 ὧν
1551 4538 1770 4607 λέγουσι
1802 4535 1975 4608 πράτ-

2079 4535 2217 4592 alios
2261 4535 2411 4591 ausis
2472 4536 2658 4592 relicta
2699 4547 2804 4601 est,
2863 4537 2910 4592 si
2976 4544 3178 4593 contra.
3242 4544 3405 4605 atque
3455 4535 3653 4592 docent

397 4649 573 4688 τουσι.
630 4634 771 4697 Τοὺς
830 4633 929 4705 μὲν
979 4633 1088 4703 γὰρ
1124 4633 1264 4703 μήτε
1311 4628 1671 4702 πράττοντας,
1715 4627 1854 4697 μήτε
1896 4627 1976 4679 δι-

2079 4627 2301 4684 l‘aciant.
2334 4627 2437 4693 Qui
2462 4641 2589 4684 vero
2619 4642 2800 4699 neque
2826 4636 3013 4699 agunt,
3046 4642 3221 4697 neque
3237 4628 3433 4684 docere
3461 4640 3653 4697 aggre-

396 4723 620 4779 δάσκειν
665 4723 1097 4796 ἐπιχειροῦντας,
1132 4721 1283 4784 εἰκὸς
1314 4718 1685 4791 μετριωτέραν
1733 4717 1973 4787 ἀπαιτη-

2111 4719 2321 4788 liuntur,
2351 4733 2566 4789 pmnam
2609 4720 2836 4776 daturos
2870 4718 3306 4785 tolerabiliorem
3361 4715 3653 4775 verisimile
3712 4738 3718 4744 ε

399 4815 560 4885 θῆναι
607 4814 901 4886 τιμωρίαν.
950 4813 1090 4878 Τοὺς
1135 4813 1194 4866 δὲ
1238 4809 1704 4881 ὲναόρυνομένους
1749 4806 1848 4878 μὲν
1881 4804 1977 4861 ἐπὶ

2081 4823 2187 4870 est.
2228 4815 2300 4869 At
2349 4814 2443 4885 qui
2491 4814 2736 4871 docendo
2796 4829 2856 4871 se
2894 4813 3106 4884 iactant
3153 4822 3319 4884 atque
3352 4819 3650 4876 ostentant,

397 4904 481 4976 τῷ
532 4903 898 4975 διδασκαλικῷ
937 4904 1104 4975 λόγῳ,
1158 4903 1233 4975 μὴ
1280 4899 1570 4964 ποιοῦντας
1599 4899 1657 4953 δὲ
1703 4896 1740 4952 ἃ
1789 4913 1974 4968 φασιν,

2082 4918 2203 4975 quae
2230 4918 2361 4960 vero
2411 4904 2627 4969 docent,
2677 4919 2784 4960 non
2831 4912 3016 4974 agunt,
3049 4901 3440 4959 inexorabilem
3466 4901 3660 4958 venias

399 4995 778 5068 ἀπαραίτητον
810 4995 907 5050 καὶ
931 4994 1340 5065 άσύγγνωστον.

2083 5008 2189 5065 que
2226 5004 2505 5052 carentem
2529 5007 2746 5064 poenam
2777 4993 2948 5050 luent.

913 5103 1034 5158 ψει.
1063 5134 1136 5146 -
1158 5102 1246 5173 Tn
1283 5100 1489 5171 ΔΥΤῼ.

2604 5100 2744 5159 DlX.
2786 5129 2858 5141 —
2887 5098 3117 5157 EIDEM.

399 5215 611 5273 Bellum
632 5215 869 5287 spiritale
891 5215 1137 5271 alacriter
1156 5212 1367 5285 aggredi
1388 5213 1552 5277 decet,
1591 5212 1765 5267 divino
1792 5210 2236 5335 [τειωέἒιιὲμξῗίίο.
2276 5209 2454 5281 Neque
2499 5212 2645 5267 enim
2669 5226 2735 5267 ea;
2772 5211 3042 5280 copiarum
3081 5210 3417 5267 multitudine
3453 5225 3656 5280 semper

1911 5298 1941 5335 ο
2077 5298 2095 5335 ι
2137 5316 2153 5335 .

1911 5296 2153 5336 υιοιοηα.

472 5396 538 5450 Εἰ
566 5394 658 5449 καὶ
682 5396 809 5465 περὶ
836 5392 946 5447 τῶν
970 5392 1297 5465 σωματικῶν
1327 5390 1604 5461 πολέμων,
1635 5389 1695 5443 οὐ
1725 5390 1831 5461 χρὴ
1850 5390 1972 5453 τοὺς

2155 5392 2224 5447 Et
2259 5391 2305 5446 si
2345 5390 2482 5449 bello
2505 5390 2777 5462 corporali
2818 5405 2913 5447 eos
2955 5390 3049 5461 qui
3068 5390 3276 5445 viribus
3337 5387 3645 5457 superiores

406 5486 579 5559 μείζω
618 5485 845 5556 δύναμιν
891 5485 1135 5555 ἔχοντας,
1166 5485 1243 5549 ὡς
1275 5483 1515 5554 φανεράς
1553 5480 1717 5553 οὔσης
1751 5483 1851 5553 τῆς
1896 5481 1977 5536 vl-

2083 5490 2230 5548 sunt,
2262 5482 2416 5551 quasi
2460 5483 2532 5538 sit
2556 5491 2704 5538 certa
2725 5482 2977 5545 victoria,
2995 5495 3054 5536 se
3076 5480 3286 5550 jactare
3326 5494 3433 5533 non
3475 5481 3653 5533 decet.

404 5592 529 5645 κης,
562 5575 1024 5630 διαϐεϐαιοῦσθαιο
1060 5576 1230 5630 πολλὰ
1261 5576 1370 5647 γάρ
1405 5574 1685 5647 παράδοξα
1717 5576 1981 5640 πολλάκις

2086 5573 2351 5629 Accidunt
2383 5575 2525 5630 enim
2555 5575 2642 5629 hic
2674 5574 2838 5629 multa
2884 5585 3253 5641 saepenumero
3300 5571 3574 5641 inopinata
3603 5580 3658 5624 et

406 5666 648 5733 ἐγένετο·
705 5667 796 5719 καὶ
832 5667 891 5718 τὸ
926 5667 1023 5734 μὲν
1054 5662 1195 5732 εἶξαν
1230 5666 1389 5731 εὐθὺς
1429 5666 1770 5731 ἀνέλπιστον,
1820 5666 1897 5738 τῷ
1926 5670 1981 5723 δὲ

2091 5665 2362 5735 insperata
2400 5683 2414 5719 :
2467 5674 2520 5721 et
2546 5666 2762 5737 quidem
2799 5664 2982 5720 statim
3024 5664 3303 5731 recedere,
3346 5678 3440 5733 spe
3487 5670 3655 5717 caret.
