4070 6374
359 275 492 341 1621
1251 275 1782 338 EPISTOLARUM
1823 281 1969 340 LIB.
2011 282 2076 341 V.
2117 307 2186 317 —
2223 281 2460 340 EPIST.
2501 279 2710 340 DXIX.
3271 289 3288 298 '
3487 272 3622 338 1622

352 395 556 464 ὁρμαῖς
598 393 1000 464 χρησαμένους.
1050 392 1112 444 Εἰ
1166 391 1220 443 δὲ
1284 393 1436 444 ταῦθ’
1481 391 1652 454 οὕτως
1688 393 1820 463 ἔχῖι,
1875 396 1924 446 οἱ

2034 395 2098 448 ad
2133 395 2383 448 Virtutem
2414 395 2615 464 impetu
2649 401 2891 447 utantur.
2936 391 3065 458 Qure
3097 406 3218 444 cum
3253 389 3324 443 ita
3361 389 3488 451 sint,
3525 391 3617 460 qui

359 480 498 548 μετά
542 481 700 550 νόμον
747 482 840 534 καὶ
879 480 1037 552 χάριν
1084 479 1390 545 πταίοντες,
1438 483 1529 534 καὶ
1581 483 1714 552 μηδὲ
1762 483 1929 555 αὐτὴν

2037 495 2158 555 pust
2202 485 2369 556 legem
2412 489 2752 558 gratiamque
2791 493 3041 554 peccant,
3077 498 3138 538 ac
3175 497 3240 536 ne
3269 481 3368 537 via:
3399 481 3618 552 quidem

355 571 570 625 ὁδεῦσαι
618 571 895 634 ἐθέλοντες
939 571 1077 634 ὁδὸν,
1107 571 1296 643 ὥσπερ
1330 575 1376 626 οἱ
1419 573 1635 625 παλαιοὶ
1667 572 1926 640 ὥδευσαν,

354 660 502 724 τίνος
531 661 750 731 τύχοιεν
784 661 938 737 ἐλέου
961 677 976 726 ;

808 860 954 915 φηγ.
1003 891 1072 902 -
1104 829 1471 934 ΑΝΑΤοΑιῼ.

2037 576 2106 630 ab
2127 575 2236 631 illis
2261 577 2544 643 ordinatae,
2569 592 2731 647 quam
2755 575 2990 642 majores
3013 573 3183 629 nostri
3220 573 3447 644 ingressi
3473 581 3618 638 sunt,

2037 667 2224 724 volunt
2270 668 2548 736 insistere,
2578 683 2808 740 quanam
2855 667 2908 722 hi
2948 668 3094 738 digni
3130 663 3506 722 misericordia
3535 664 3620 716 vi-

2039 759 2269 816 deantur
2287 760 2312 815 ἲ

2501 868 2664 926 DXV.
2702 897 2774 910 —
2804 867 3162 924 ANATOLIO.

1507 951 1738 1008 Vitanda
1767 955 2120 1024 improborum
2142 960 2474 1015 commercia.

426 1059 558 1110 Λίαν
610 1061 672 1112 σέ
725 1077 870 1126 τινες
903 1062 1208 1128 αἰτιῶνται,
1249 1063 1331 1120 δτι
1370 1062 1463 1128 οὓς
1509 1065 1608 1134 μὲν
1654 1065 1762 1118 οὐδ’
1797 1068 1926 1137 ὁρᾷν

353 1149 531 1218 θέμις,
591 1151 801 1216 τούτοις
853 1153 928 1216 ὼς
973 1153 1167 1225 ἣδιστα
1228 1153 1429 1218 λαλεῖς.
1484 1149 1580 1218 Οἷς
1631 1155 1687 1208 δὲ
1744 1157 1926 1212 λαλεῖν

351 1244 650 1309 αἰσχιστον,
673 1244 892 1308 τούτους
919 1245 1170 1317 συνήθεις
1213 1247 1528 1318 πεποίησαι.
1563 1245 1671 1310 Οὓς
1699 1247 1756 1300 δὲ
1789 1266 1931 1321 παρ-

351 1333 511 1393 όντας
551 1337 716 1406 τιμᾷν
774 1337 1003 1408 ἀτιμίας
1061 1339 1233 1405 ἄξιον,
1293 1339 1516 1402 τούτους
1555 1340 1650 1392 καὶ
1698 1339 1937 1403 ἀπόντας

2105 1071 2380 1128 Accusant
2413 1081 2463 1127 te
2485 1071 2732 1142 quidam,
2777 1071 2920 1140 quod
2959 1081 3096 1138 quos
3126 1081 3194 1122 ue
3222 1066 3467 1136 aspicere
3499 1067 3619 1136 qui-

2037 1165 2156 1219 dem
2187 1163 2260 1218 sit
2291 1162 2392 1228 fas,
2426 1177 2548 1218 cum
2580 1163 2646 1218 iis
2670 1176 2834 1232 quam
2859 1159 3236 1216 lubentissime
3266 1158 3616 1226 colloquaris.

2036 1253 2169 1310 Cum
2195 1257 2390 1326 quibus
2416 1269 2542 1311 vero
2565 1253 2801 1324 colloqui
2833 1251 3204 1322 turpissimum
3231 1251 3322 1319 sit,
3351 1251 3432 1304 his
3460 1249 3618 1303 fautri-

2036 1347 2244 1402 liariter
2276 1347 2467 1403 utaris.
2501 1347 2648 1414 Quos
2679 1361 2806 1402 vero
2835 1351 3137 1415 praesentes
3162 1342 3431 1397 honorare
3459 1348 3618 1410 turpe

350 1426 595 1494 ἀγαπᾷς.
639 1427 702 1480 Et
751 1429 931 1482 τοίνυν
979 1429 1341 1502 ἀληθεύουσι,
1375 1431 1749 1502 γνωσιμάχει·
1787 1433 1836 1486 εί
1877 1431 1929 1486 δὲ

2037 1439 2136 1504 sit,
2187 1439 2287 1494 hos
2337 1439 2463 1496 licet
2516 1440 2770 1495 absentes
2819 1437 3062 1492 adamas.
3123 1434 3287 1506 710
3340 1433 3619 1502 Resipisco

356 1515 454 1584 μὴ,
508 1517 702 1587 δήλουο
747 1519 836 1572 ἴνα
883 1521 1332 1592 ὲπιστῦμίσωμεν
1361 1523 1487 1586 τοὺς
1523 1525 1614 1576 ἐπὶ
1655 1526 1776 1587 ταῖς
1812 1525 1932 1587 σαῖς

351 1611 632 1676 διαϐολαῖς
670 1614 1091 1686 ἀγαλλομένους.

583 1817 748 1884 atqu
789 1847 861 1857 —
897 1819 1126 1890 ΝΕΙΛῼ,
1161 1819 1408 1891 nerea,
1445 1819 1701 1890 name.

2037 1544 2188 1600 ergo,
2215 1517 2260 1586 si
2285 1545 2414 1585 vera
2441 1529 2514 1584 illi
2543 1540 2803 1596 narrant;
2837 1529 2920 1584 sin
2947 1542 3125 1601 secus.
3160 1527 3381 1582 ostende
3418 1523 3614 1579 falsum

2041 1633 2192 1686 esse,
2229 1629 2286 1674 ut
2325 1634 2387 1676 os
2439 1620 2506 1676 iis
2531 1620 2846 1676 obturemus
2875 1620 2966 1689 qui
3024 1619 3108 1672 his
3152 1619 3205 1672 in
3245 1628 3299 1670 te
3331 1615 3618 1670 calumniis

2041 1711 2333 1768 exsultant.

2253 1819 2437 1874 DXVI.
2471 1849 2542 1860 --
2579 1815 2762 1882 Νιιο,
2795 1815 3026 1872 PETRO
3058 1825 3109 1868 et
3151 1813 3400 1870 PAULO.

1719 1909 1796 1963 De
1817 1911 2084 1977 patientia
2109 1911 2262 1968 bono.

441 2015 508 2070 Ἥ
553 2017 646 2070 ἐπὶ
688 2019 808 2082 ταῖς
846 2017 1070 2090 ὕϐρεσιν
1115 2019 1440 2088 ἀνεξικακία
1481 2019 1602 2074 λίαν
1630 2019 1726 2090 τὴν
1755 2019 1931 2089 ψυχὴν

355 2100 584 2175 ὧφελεί·
617 2108 686 2179 ἢν
717 2111 764 2162 εί
795 2110 908 2180 (64)
942 2109 1326 2182 συμφέρουσαν
1361 2112 1460 2182 μὲν
1487 2111 1654 2182 ᾔδειν,
1687 2109 1930 2180 χαλεπὴν

353 2196 414 2250 δὲ
429 2197 709 2266 γενέσθαι,
729 2201 922 2272 κομιδῇ
947 2201 1012 2254 ἂν
1041 2202 1309 2273 ἠχθέσθην
1330 2206 1348 2224 ⁸
1377 2203 1452 2274 μὴ
1481 2204 1541 2255 τὸ
1573 2203 1672 2273 τὴν
1700 2199 1933 2272 προσοῦ-

357 2305 458 2341 σαν
487 2290 874 2360 πραγματείαν
913 2292 1154 2360 φεύγειν,
1203 2296 1264 2347 τὸ
1308 2294 1582 2357 λυσιτελὲς
1634 2293 1927 2366 προέσθαι·

352 2380 406 2432 εί
449 2378 507 2432 δὲ
536 2381 632 2434 καὶ
661 2381 823 2453 ῥᾳδία
851 2386 944 2436 καί
973 2383 1223 2455 βελτίστη
1257 2386 1536 2454 τυγχάνει.
1576 2385 1650 2438 Τὸ
1687 2383 1796 2455 γὰρ
1829 2385 1928 2437 ἐπ-

353 2469 556 2535 εξιέναι
579 2472 674 2525 καὶ
696 2473 953 2527 δύσκολον
978 2478 1071 2528 καὶ
1099 2475 1516 2546 ἐργωδέστερον,
1549 2477 1643 2530 καὶ
1665 2473 1930 2547 χειμῶνος

351 2561 454 2630 τὴν
485 2561 663 2632 ψυχὴν
693 2563 918 2634 πληροῖο
953 2567 1178 2636 ἄμεινον
1208 2567 1269 2619 τὸ
1297 2566 1625 2635 φιλοσοφεῖν.

617 2760 760 2817 ΦΙΖ’.
798 2795 867 2804 -
906 2764 1148 2836 ΩΦΕΛΙῼ
1188 2765 1669 2836 ΓΡΑΜΜΑΤΙΚῼ.

2105 2021 2367 2076 Patientia
2419 2018 2851 2088 injuriarumque
2905 2013 3192 2072 tolerantia
3241 2013 3423 2066 animo
3457 2013 3612 2064 valde

2032 2113 2285 2184 prodest;
2311 2128 2471 2182 quam
2502 2113 2548 2166 si
2578 2111 2761 2166 utilem
2781 2109 2997 2180 quidem
3023 2121 3144 2162 esse
3168 2105 3434 2169 sciebam,
3468 2100 3611 2157 didi-

2032 2206 2188 2259 cilem
2216 2215 2424 2269 tamen,
2453 2201 2679 2258 moleste
2699 2199 2827 2265 tuli,
2855 2198 3003 2269 quod
3045 2203 3365 2266 praesentem
3399 2193 3611 2264 fugiens

2033 2295 2435 2359 difﬁcultatem,
2467 2291 2887 2348 emolumentum
2912 2290 3030 2358 ejus
3055 2287 3363 2348 amiserim,
3397 2285 3498 2340 etsi
3533 2283 3614 2336 fa—

2035 2387 2152 2441 cilis
2199 2386 2447 2455 bonaque
2483 2383 2756 2440 obveniat.
2815 2379 3016 2438 Ulcisci
3061 2381 3208 2436 enim
3253 2376 3506 2447 iniuriam
3557 2386 3612 2429 et

2036 2491 2199 2547 grave
2219 2486 2302 2531 est
2325 2485 2379 2530 et
2407 2473 2759 2538 laboriosum,
2783 2472 3025 2527 animum
3051 2469 3377 2526 turbulentis
3399 2467 3612 2538 agitans

2037 2567 2297 2624 motibus.
2332 2563 2708 2634 Philosophari
2749 2563 2936 2634 itaque
2967 2563 3211 2630 beneque
3239 2561 3424 2614 vivere
3455 2558 3614 2628 longe

2033 2659 2396 2730 pmstahilius
2423 2665 2526 2714 est.

2245 2762 2458 2820 DXVII.
2486 2791 2559 2802 —
2593 2757 2896 2816 OPHELIO
2921 2751 3398 2812 GRAMMATICO.

1075 2861 1116 2912 A
1142 2859 1448 2924 spectaculis
1471 2859 1825 2913 delwrtandos
1854 2868 2023 2914 monet
2063 2859 2323 2925 homines,
2356 2869 2410 2914 ut
2436 2859 2589 2926 epist.
2618 2856 2744 2922 185,
2773 2851 2897 2910 186.

425 2963 488 3016 El
545 2963 606 3016 ὲν
657 2965 756 3033 μὲν
810 2967 876 3037 τῇ
917 2969 1090 3038 σκηνῇ
1141 2967 1374 3036 γελῶσιν
1435 2969 1485 3021 οἱ
1540 2967 1927 3040 φιλοθεάμονες

2107 2966 2165 3024 Si
2195 2968 2410 3038 quidem
2433 2967 2488 3022 in
2513 2980 2676 3024 scena
2704 2961 2984 3036 spectandi
3017 2957 3368 3030 perstudiosi,
3397 2953 3612 3011 mollius

349 3031 702 3123 ἁπαλώτερον
749 3031 1114 3119 τοῦ-’δέοντος
1148 3031 1206 3108 έν
1245 3057 1302 3110 δὲ
1333 3055 1410 3128 τῷ
1466 3031 1790 3127 ἱπποδρόμιρ
1839 3031 1929 3111 0o-

2036 3031 2334 3130 quam-par
2363 3059 2434 3116 sit
2462 3059 2696 3126 rideant,
2729 3031 2782 3112 in
2812 3053 3149 3114 circensibus
3177 3063 3304 3105 vero
3331 3046 3474 3102 ludis
3496 3060 3612 3100 am-

355 3144 581 3212 μοῦνται
599 3145 819 3217 πλέονῆ
845 3149 1140 3218 προσῆκεν·
1172 3149 1288 3203 ὲκεί
1306 3149 1404 3220 μὲν
1429 3150 1534 3203 ὑπὸ
1560 3148 1668 3202 τῶν
1689 3149 1932 3220 αἰσχρῶν

347 3237 644 3308 δραμάτων
669 3238 1110 3309 ὲκθηλυνόμενοι,
1133 3239 1364 3294 ἐνταῦθα
1379 3239 1436 3292 δὲ
1459 3243 1579 3304 ταῖς
1607 3240 1716 3294 τῶν
1733 3243 1750 3262 ⁹
1775 3242 1935 3312 ἀμίολ-

348 3327 472 3392 λαις
513 3329 650 3400 πρὸς
697 3331 892 3402 μανίαν
925 3331 1388 3402 ἑκϐακχευόμενοι
1443 3331 1682 3402 (μικροῦ
1724 3333 1834 3404 γὰρ
1862 3333 1933 3386 τά

348 3419 460 3475 τῶν
494 3421 808 3494 κενταύριον
847 3422 1195 3494 μιμοῦνται)ο
1228 3423 1357 3476 πότε
1387 3425 1444 3476 ἐν
1473 3426 1540 3495 τῇ
1573 3424 1927 3497 προσηκούσῃ

349 3513 690 3568 καταστάσει
732 3513 1098 3584 ὀφθήσονται;
1156 3513 1354 3584 ῆπὸτε
1408 3514 1478 3568 τά
1523 3515 1749 3586 ἀνδράσι
1793 3515 1929 3586 πρέ-

351 3620 522 3658 ποντα
552 3603 836 3675 πράξειανς
864 3603 1074 3659 Οὐκοῦν
1094 3605 1200 3676 χρὴ
1215 3605 1324 3658 εἴτε
1355 3601 1551 3672 πειθοῖ,
1575 3607 1684 3660 εἴτε
1712 3604 1928 3680 ἀνάγκῃ

349 3696 559 3765 εἵργειν
605 3697 730 3760 τοὺς
755 3696 1034 3760 τοιούτους
1061 3697 1168 3750 ἀπὸ
1199 3695 1300 3765 τῆς
1331 3696 1588 3768 τοιαύτης
1615 3697 1905 3766 ἀκοσμίας.

642 3809 797 3862 d’lH'.
836 3837 904 3849 —
935 3806 1292 3879 ΛΑΜΠΕΤΙῼ
1325 3807 1644 3878 ΔιΑΚΟΝῼ.

2033 3151 2176 3222 plius
2207 3166 2370 3220 quam
2408 3157 2622 3220 oportet
2661 3148 3008 3218 indignentur
3043 3165 3056 3201 :
3103 3141 3215 3197 illic
3243 3139 3460 3212 quidem
3497 3146 3612 3192 tur-

2031 3243 2182 3313 pium
2206 3240 2520 3312 spectaculo
2543 3237 2810 3304 enervati,
2839 3237 2928 3294 hic
2953 3249 3082 3292 vero
3103 3229 3489 3290 certaminibus
3519 3226 3614 3282 de-

2033 3333 2259 3388 mentati
2311 3330 2624 3401 (centauros
2669 3331 2814 3387 enim
2871 3324 3256 3397 propemodum
3308 3317 3609 3385 imitantur)

2032 3423 2250 3495 quando
2279 3431 2574 3478 cernentur
2612 3422 2664 3476 in
2699 3429 2844 3478 statu
2875 3414 3130 3474 decenti?
3169 3412 3252 3468 vel
3279 3409 3411 3465 viris
3446 3409 3606 3478 digna

2032 3519 2249 3587 quando
2281 3513 2554 3572 fecerint?
2609 3520 2787 3567 nonne
2833 3510 3000 3579 igitur
3031 3509 3282 3575 oportet,
3327 3502 3442 3556 sive
3477 3512 3606 3570 per-

2031 3608 2314 3674 suasione,
2345 3607 2459 3663 sive
2491 3602 2816 3660 necessitate
2841 3597 3018 3656 arceri
3067 3593 3205 3650 tales
3235 3606 3266 3647 a
3293 3605 3355 3648 re
3377 3598 3488 3646 tam
3518 3587 3606 3642 in-

2032 3697 2230 3752 decora
2255 3698 2280 3751 ί

2291 3804 2524 3862 υΧνιιι.
2556 3833 2629 3845 -
2662 3796 3014 3857 LAMPETIO
3035 3789 3356 3852 DIACONO.

853 3903 1166 3962 Constantia
1197 3913 1245 3956 et
1275 3905 1516 3956 censoria
1545 3903 1777 3972 gravitas
1801 3905 1915 3957 sine
1944 3912 2157 3958 austera
2195 3913 2243 3958 et
2266 3903 2440 3972 rigida
2459 3899 2764 3956 morositate
2789 3894 3084 3950 laudanda.

425 4011 593 4066 Ὅταν
621 4027 728 4076 τις,
761 4005 807 4064 ὧ
855 4011 1048 4078 σοφίας
1087 4009 1356 4080 αὐτοφυὲς
1385 4009 1630 4081 ἄγαλμα,
1663 4008 1792 4066 ἄνευ
1826 4007 1924 4080 μὲν

2103 4012 2238 4069 Cum
2291 4013 2450 4082 quis,
2511 4026 2546 4066 ο
2589 4007 2866 4078 sapientiae
2913 4001 3148 4075 genuina
3222 3999 3428 4068 imago,
3488 3994 3609 4052 sine

349 4101 692 4172 προπετείας
721 4102 1034 4172 παρέχηται
1065 4102 1127 4154 τὸ
1165 4101 1428 4172 ἀνδρεῖον,
1459 4100 1585 4157 ἀνευ
1624 4100 1683 4154 δὲ
1713 4099 1926 4170 ὕϐρεως

2035 4098 2229 4168 linguae
2271 4098 2568 4170 petulantia
2615 4098 2814 4152 fortem
2859 4107 2920 4150 se
2962 4097 3234 4154 ostentet,
3268 4095 3324 4144 et
3374 4085 3606 4155 rigorem

348 4191 414 4245 τὺ
436 4190 694 4262 βλοσυρόν
713 4209 728 4224 ·
757 4193 854 4246 καὶ
880 4193 941 4245 τὸ
965 4191 1066 4261 μὲν
1093 4191 1350 4264 ἐμϐριθὲς
1374 4191 1680 4262 καθαρεῦον
1701 4193 1926 4260 στυγνό-

2034 4191 2238 4260 absque
2275 4189 2556 4254 conviciis,
2583 4197 2639 4243 et
2671 4185 2996 4258 gravitatem
3028 4179 3272 4235 molestia
3304 4185 3602 4238 carentem.

349 4297 532 4353 τητος,
569 4281 629 4336 τὸ
656 4281 714 4336 δὲ
745 4281 962 4354 σῶφρον
1007 4282 1107 4336 οὐκ
1140 4283 1527 4352 ἀπάνθρωπον,
1562 4281 1676 4336 ἀλλ’
1701 4283 1926 4353 ἀρρήτῳ

2034 4281 2444 4351 temperantiam
2471 4293 2599 4336 vero
2626 4293 2733 4333 non
2763 4276 3138 4337 inhumanam,
3172 4270 3267 4326 sed
3303 4267 3606 4338 inexplica-

351 4373 691 4444 κεκραμένον
741 4373 1092 4445 φαιδρότητι·
1131 4373 1254 4426 τότε
1290 4371 1537 4442 καθαρὰς
1568 4373 1676 4426 τῶν
1715 4371 1924 4426 κακιῶν

2034 4373 2122 4426 bili
2147 4373 2360 4428 mistam
2387 4371 2670 4434 hilaritati,
2697 4379 2824 4425 tunc
2849 4368 2942 4438 qui
2971 4380 3134 4436 puras
3148 4373 3203 4418 et
3230 4361 3427 4419 illaesas
3450 4360 3602 4416 omni

351 4463 461 4516 τῶν
487 4463 967 4536 παραπεπηγυιῶν
995 4467 1116 4528 ταῖς
1136 4466 1376 4536 ἀρεταῖς,
1407 4463 1576 4526 αὐτάς
1607 4463 1705 4528 τὰς
1721 4462 1924 4534 ἀρετὰς

2034 4461 2286 4516 vitiorum
2325 4461 2561 4516 confinio
2591 4460 2820 4514 virtutes
2849 4457 3103 4520 exhibet,
3132 4451 3347 4509 celeber
3391 4450 3498 4505 erit
3550 4458 3606 4502 et
3705 4481 3714 4486 -

351 4554 818 4626 ἐπιδεικνύμενος,
849 4554 1092 4626 ἀοίδιμος
1120 4555 1273 4608 ἔσται
1307 4553 1402 4608 καὶ
1429 4552 1678 4622 εὐκλεής.

2035 4551 2318 4622 gloriosus.
3351 4623 3374 4639 .

573 4657 719 4714 “8'.
757 4689 829 4702 —
854 4658 1242 4730 ΣΤΡΑἹῊΓῙῼ
1281 4659 1701 4713 ΜΟΝΑΖΟΝΤΙ.

2261 4658 2448 4714 DXIX.
2486 4687 2559 4699 —-
2611 4653 3002 4713 STRATEGIO
3037 4647 3388 4708 MONAGHO.

1061 4771 1431 4833 Improborum
1462 4771 1676 4838 fraudes
1717 4773 1912 4827 homini
1937 4773 2162 4843 sapienti
2192 4773 2570 4842 deprehendere
2597 4773 2756 4842 facile
2787 4780 2886 4826 est.

425 4885 488 4939 Et
533 4885 628 4938 καὶ
676 4885 784 4938 είσί
809 4901 958 4947 τινες
987 4882 1163 4938 ,δεινοὶ
1207 4881 1308 4953 μὲν
1346 4881 1664 4944 ἀπατῶντες
1712 4881 1918 4948 λαθεῖν,

355 4975 522 5028 δεινοὶ
556 4974 613 5028 δὲ
657 4973 1002 5046 φωραθέντες
1037 4971 1536 5044 παραλογίσασθαι·
1586 4970 1701 5025 ἀλλ’
1733 4974 1760 5025 δ
1810 4970 1930 5026 θεο-

357 5063 518 5135 φιλὴς
563 5063 826 5134 κρείττων
864 5062 1072 5116 τούτων
1123 5061 1460 5132 εὑρίσκεται.
1511 5061 1680 5130 Σοφδς
1723 5060 1823 5132 μὲν
1854 5059 1931 5116 ὣν

357 5154 586 5208 συνιδεῖν
613 5154 712 5222 τὴν
741 5154 980 5225 ἀπάτην,
1011 5153 1318 5223 σοφώτερος
1347 5151 1406 5204 δὲ
1431 5150 1701 5220 διελέγξαι
1732 5151 1833 5222 τὴν
1871 5153 1930 5206 ὲν

353 5248 467 5309 τοῖς
496 5246 672 5314 λόγοις
695 5245 1080 5316 κρυπτομένην
1105 5244 1408 5315 δεινότητα.

2097 4887 2211 4942 Etsi
2254 4888 2472 4958 quidam
2523 4885 2774 4942 industrii
2803 4883 2912 4939 sint
2945 4883 2996 4936 in
3029 4880 3151 4934 aliis
3177 4875 3391 4934 occulte
3413 4873 3606 4930 fallen-

2031 4978 2136 5045 dis,
2187 4993 2342 5035 acres
2373 4979 2535 5034 etiam
2566 4992 2692 5034 cum
2727 4976 2836 5031 sint
2881 4969 3204 5043 deprehensi
3249 4969 3302 5024 in
3349 4981 3409 5024 se
3437 4980 3604 5021 excu-

2030 5067 2232 5134 sandis,
2283 5064 2396 5124 Deo
2427 5065 2626 5122 charus
2665 5065 2752 5120 his
2787 5061 3042 5117 omnibus
3071 5058 3288 5114 exsistit
3323 5054 3595 5126 superior.

2033 5157 2272 5214 Prudens
2304 5159 2518 5229 quidem
2549 5137 2814 5211 fallaciam
2844 5149 3240 5221 cognoscendo,
3275 5143 3599 5216 prudentior

2031 5264 2158 5304 vero
2218 5250 2270 5303 in
2331 5249 2666 5312 rationibus,
2719 5245 3167 5314 captionibusque
3211 5235 3439 5296 occultis
3503 5233 3600 5287 de-

2029 5338 2328 5396 ﬂectendis.

1447 5467 1680 5523 VARIA‘Z
1731 5467 2116 5527 LECTlONES
2157 5470 2245 5526 ET
2274 5469 2506 5526 NOTAE.

427 5587 544 5657 (54)
599 5587 839 5670 Είύαιιιςι
891 5585 1130 5670 συμφέρ.
1170 5593 1386 5670 mutarit
1444 5583 1622 5670 ἰιιημη
1655 5584 1820 5670 codd.
1860 5583 1929 5640 Va

2034 5586 2133 5670 550
2171 5595 2226 5640 et
2267 5538 2373 5642 Alt.
2419 5547 2571 5670 Vera.
2609 5584 2643 5638 5
2673 5599 2770 5668 pro
2799 5578 3058 5649 προέσθαι
3105 5575 3216 5632 Alt.
3265 5573 3502 5642 suggerit
3541 5573 3596 5628 iu

355 5652 598 5728 margine
627 5653 783 5711 alium
814 5652 1094 5711 lectio-Item
1132 5653 1455 5726 προσῆσθαι.
1496 5652 1703 5707 Possm.
