4110 6380
597 329 735 397 1523
1790 323 1850 381 s.
1889 320 2180 381 ISIDORI
2218 319 2656 381 PELUSIOTE
3689 327 3807 391 1624

1105 435 1267 492 nxx.
1309 465 1379 476 -
1425 431 1656 492 ElDEM.
2199 449 2239 502 Α

2199 449 2239 502 Α
2753 434 2880 487 φιςο.
2916 461 2984 471 -
3018 432 3104 502 Ta
3147 428 3347 503 ΑΥΤῼ.

1577 547 1702 602 Νοη
1738 547 1919 618 lingua
1948 557 2174 608 tantum,
2207 549 2294 599 sed
2323 555 2370 599 et
2414 562 2556 599 meus
2586 544 2894 600 excolenda.

663 657 927 715 Discenda
960 666 1087 714 sunt
1113 673 1217 713 non
1248 673 1310 713 ea
1349 658 1528 723 modo,
1559 657 1755 726 quibus
1782 655 1992 710 dicendi
2018 655 2158 707 acris

2341 653 2416 704 Οὐ
2449 651 2622 706 ταῦτα
2650 652 2754 721 χρὴ
2795 652 3086 723 μανθάνειν
3117 653 3298 721 μόνον,
3331 652 3395 706 δι’
3423 647 3494 709 ὧν
3519 658 3544 709 ό
3578 658 3668 727 μὲν
3693 661 3803 728 ὀξὶς

592 749 774 806 monia
815 748 940 819 quis
970 763 1215 805 summus
1246 748 1474 814 evadat,
1519 747 1602 802 vel
1646 746 1855 801 tardius
1894 744 2163 815 loquendo

2272 743 2439 812 ἄκρος
2469 744 2665 804 εἰπεῖν,
2702 745 2730 795 ὁ
2753 743 2808 795 δὲ
2841 742 3038 813 βραδὺς
3070 742 3309 810 ἀμείνων
3348 761 3458 808 πως
3491 747 3805 814 καθίσταται,

592 843 771 912 sapiat
800 841 996 912 magis,
1028 840 1124 896 sed
1149 848 1203 896 et
1232 855 1291 894 ea
1312 880 1327 905 ,
1353 839 1550 908 quibus
1586 837 1767 892 animo
1789 835 2040 891 meliores
2065 835 2164 888 ho-

2275 831 2412 886 ἀλλὰ
2444 834 2535 885 καὶ
2580 831 2648 884 τὰ
2697 832 2764 885 δι’
2811 824 2886 885 ὧν
2937 833 2995 886 αἱ
3027 833 3199 902 ψυχαὶ
3233 832 3590 901 βελτιοῦνται·
3631 839 3708 892 ἵνα
3743 842 3809 912 μὴ

591 933 765 989 mines
796 930 1067 998 evadant,
1117 947 1185 986 ne
1211 933 1472 986 duntaxat
1521 929 1756 998 linguam
1799 927 2169 996 expurgando,

2273 923 2434 993 μόνον
2483 923 2559 992 τῷ
2591 924 2689 994 τὴν
2715 921 2960 990 γλῶτταν
2999 923 3422 994 ἐκκεκαθάρθαι,
3463 925 3590 980 ἀλλὰ
3624 929 3711 981 καὶ
3742 931 3809 1000 τῷ

570 1025 685 1080 .sed
712 1029 946 1078 mentem
972 1035 1189 1091 quoque
1211 1021 1522 1077 exornando
1546 1019 1766 1087 gloriam
1793 1018 1892 1072 sibi
1926 1016 2166 1085 pariant.

1816 1018 1892 1071 tibi
1926 1016 2166 1085 pariant.
2271 1011 2373 1082 τὴν
2396 1011 2622 1083 γνώμην
2653 1012 3028 1083 κεκοσμῆσθαι
3057 1011 3439 1082 εὑδοκιμῶσιν.

731 1132 892 1203 711
935 1130 1125 1187 ΒΧΧΙ.
1161 1161 1232 1172 -
1265 1127 1517 1186 ALYPIO
1549 1124 2025 1183 PRESBYTERO.

1926 1124 2025 1180 llo.
2551 1124 2725 1175 ΦΚΔν.
2753 1151 2822 1162 -
2852 1123 3054 1194 AAng
3092 1121 3549 1196 ΠΡΕΣΒΥΤΕΡῼ.

1190 1220 1417 1278 Frustra
1450 1221 1752 1289 persuaderi
1792 1217 2122 1290 quibusdam.
2152 1212 2203 1285 (1
2211 1215 2286 1284 nf.
2319 1215 2469 1281 epist.
2495 1215 2587 1281 20,
2613 1214 2739 1280 219,
2772 1214 2813 1267 2.

1622 1221 1752 1275 tderi
1792 1217 2122 1290 quibusdam.
2152 1212 2286 1285 (Inf.
2319 1215 2469 1281 epist.
2495 1215 2587 1281 20,
2613 1214 2739 1280 219,
2772 1214 2898 1280 250,
2933 1213 3058 1278 257,
3097 1213 3245 1283 568.)

660 1331 946 1404 Indignum
973 1341 1054 1388 est
1082 1331 1294 1402 culpam
1322 1346 1508 1387 eorum
1543 1331 1633 1401 qui
1658 1333 1793 1386 bene
1819 1328 2163 1384 mouentibus

2343 1326 2576 1377 Ἀτοπον
2596 1323 2694 1388 τὰς
2715 1323 2893 1386 αῑτίας
2925 1322 3035 1376 τῶν
3065 1323 3126 1375 οὐ
3163 1322 3488 1376 πεισθέντων
3509 1328 3615 1388 τοῖς
3652 1330 3813 1394 καλοῖς

589 1436 694 1478 nou
742 1430 1064 1492 paruerunt,
1106 1422 1402 1478 transferre
1456 1424 1508 1476 in
1545 1437 1659 1486 eos,
1698 1421 1787 1490 qui
1842 1418 2164 1487 persuadere

2268 1416 2358 1467 ἐπὶ
2395 1415 2522 1473 τοὺς
2568 1413 2643 1485 μὴ
2689 1415 3020 1478 πεπεικότας
3069 1413 3426 1484 μεταφέρειν·
3478 1417 3567 1468 καὶ
3605 1417 3810 1486 μάλιστα

589 1528 695 1569 non
731 1522 1054 1583 potuerunt,
1100 1513 1263 1585 idque
1296 1515 1638 1584 potissimum
1665 1511 1881 1582 quando
1913 1511 2163 1564 videntur

2265 1505 2394 1557 ὅταν
2425 1504 2720 1572 φαίνωνται
2749 1503 2837 1558 διὰ
2869 1505 3086 1558 πάντων
3113 1502 3223 1556 τῶν
3269 1502 3622 1574 ἐνδεχομένων
3650 1506 3807 1560 ἐλθόν-

589 1605 948 1673 percurrisse,
971 1620 1092 1675 quae.
1111 1605 1367 1676 consequi
1398 1605 1520 1674 quis
1544 1613 1728 1674 posset
1743 1603 1947 1665 omnia,
1967 1602 2163 1670 quibus

1697 1613 1728 1658 ιι
1743 1603 1947 1665 omnia,
1967 1602 2163 1670 quibus
2267 1611 2387 1661 τες,
2423 1595 2492 1648 δι’
2515 1588 2589 1649 ὧν
2617 1596 2650 1665 ἠ
2685 1594 2855 1648 πειθὼ
2884 1595 3320 1665 δημιουργεῖται.

590 1694 869 1761 persuasio
902 1701 1268 1764 comparatur.

1076 1796 1286 1853 nxxu.
1325 1827 1397 1838 —
1439 1796 1666 1852 EIDEM.
2195 1763 2236 1816 Β

2195 1763 2236 1816 Β
2728 1791 2902 1848 om.
2935 1821 3004 1831 ——
3041 1793 3128 1862 Τῼ
3158 1793 3363 1862 arm.

1223 1889 1297 1943 De
1324 1888 1509 1958 gloria:
1539 1898 1859 1958 contemptu,
1883 1902 2043 1957 quant
2075 1883 2324 1957 fugiendo
2360 1886 2671 1954 assequeris.
2703 1882 2881 1955 (Conf.
2911 1885 3066 1951 epist.
3093 1884 3244 1944 504.)

656 1993 802 2049 Nihil
862 1993 1036 2048 laudis
1089 1992 1382 2063 gloriaeque
1436 1993 1704 2062 mancipio
1752 1991 2045 2062 abjectius,
2103 2001 2164 2046 ut

2336 1990 2501 2044 Οὐδὲν
2531 1989 2626 2043 τοῦ
2655 1989 2813 2061 δόξης
2859 1992 3094 2062 ἐρῶντος
3134 1993 3541 2064 ταπεινότερον,
3583 1994 3693 2046 οὐδὲ
3732 1995 3814 2049 τοῦ

586 2095 773 2141 contra
821 2084 957 2139 nihil
1007 2083 1126 2155 ejus
1155 2091 1530 2153 contemplare
1559 2085 1836 2154 grandius.
1901 2084 1996 2138 llle
2026 2084 2163 2139 nihil

2265 2081 2736 2152 καταφρονοῦντος
2785 2081 3139 2153 ὑψηλότερον.
3205 2084 3265 2136 Ὀ
3331 2085 3427 2154 μὲν
3475 2085 3578 2155 γὰρ
3627 2086 3816 2139 οἴκοθεν

585 2176 730 2232 domi
783 2189 1030 2248 magnum
1071 2174 1308 2241 habens,
1349 2190 1454 2244 quo
1477 2189 1800 2243 magnopere
1827 2185 2120 2230 exornetur
2145 2215 2160 2241 ,

2267 2173 2433 2242 μηδὲν
2462 2171 2601 2240 ἔχων
2645 2172 2787 2243 μέγα
2813 2212 2826 2236 ,
2863 2172 2947 2240 ἐφ’
2981 2165 3025 2239 ᾧ
3073 2172 3577 2242 ὲγκαλλωπισθείη,
3607 2173 3689 2227 διὰ
3728 2175 3817 2244 τῆς

584 2276 809 2323 externa
851 2268 1030 2338 specie
1073 2267 1360 2322 clariorem
1407 2281 1466 2322 se
1496 2281 1618 2322 esse
1660 2268 1857 2322 debere
1887 2267 2157 2337 Opinatur.

2263 2262 2461 2328 ἔξωθεν
2493 2264 2794 2332 φαντασίας
2827 2263 3208 2335 λαμπρότερος
3235 2265 3409 2318 οἴεται
3437 2265 3543 2318 δεῖν
3577 2261 3728 2317 εἶναι.
3766 2267 3818 2316 '0

588 2357 688 2414 Hic
717 2372 848 2414 vero
871 2365 1056 2427 utpote
1085 2357 1382 2413 domestico
1415 2356 1670 2412 hauriens
1718 2355 1868 2412 fonte
1894 2371 2161 2412 veneran-

2233 2355 2317 2421 ,δὲ
2343 2353 2531 2424 ὥσπερ
2557 2353 2617 2418 ἐξ
2651 2355 2858 2417 οἰκείας
2889 2355 3072 2425 πηγῆς
3101 2357 3501 2426 σεμνυνόμενος
3522 2399 3535 2422 ,
3566 2358 3708 2410 οὐδὲν
3733 2357 3819 2425 τῆς

587 2451 686 2506 dus
721 2458 826 2519 est,
863 2461 1039 2518 neque
1075 2457 1300 2504 externo
1339 2448 1540 2519 indiget
1578 2457 1922 2503 ornamento.
1959 2446 2162 2514 Quam-

2229 2431 2458 2510 ’ἔξωθεν
2503 2445 2676 2498 δεῖται
2728 2444 3067 2516 προσθήκης.
3122 2445 3214 2498 Διὸ
3271 2446 3372 2500 καὶ
3420 2445 3512 2500 τοῦ
3550 2447 3642 2516 μὲν
3686 2447 3819 2499 οὐδὲν

584 2540 771 2595 obrem
809 2549 870 2596 ut
910 2539 1046 2595 nihil
1097 2539 1188 2594 illo
1221 2539 1491 2607 miserius,
1528 2541 1608 2596 sic
1640 2540 1743 2595 hoc
1773 2539 1908 2595 nihil
1950 2537 2163 2594 exsistit

2143 2546 2163 2592 t
2261 2535 2608 2605 ἀθλιώτερον,
2635 2534 2730 2589 τοῦ
2758 2535 2816 2588 δὲ
2854 2535 3006 2589 οὐδὲν
3041 2534 3436 2606 εὐκλεέστερον
3465 2536 3659 2606 γένοιτ’
3687 2537 3764 2591 ἄν.

586 2631 895 2702 gloriosius.

715 2715 952 2796 Dxx'ut.
990 2770 1061 2780 —
1096 2738 1519 2793 ALEXANDRO
1546 2737 2024 2794 puusuvrano.

2436 2736 2607 2790 dum
2640 2764 2708 2775 -
2751 2734 3159 2806 ΑΛΕΞΑΝΔΡῼ
3197 2735 3662 2806 ΠΡΕΣΒΥΤΕΡῼ.

1467 2828 1648 2884 Virtus
1681 2829 1937 2884 laudatur
1964 2837 2014 2883 et
2042 2829 2198 2897 alget.
2231 2825 2407 2896 (Conf.
2450 2825 2542 2890 44,
2569 2824 2696 2889 510,
2724 2835 2769 2878 et
2809 2824 2959 2895 528.)

654 2935 868 3004 Quanto
884 2938 1243 3008 praestabilius
1263 2950 1347 2995 est
1370 2940 1625 2995 admirari
1653 2956 1812 3009 quam
1842 2939 2150 3010 repudiare,
2189 2996 2226 3010 η

2192 2996 2226 3010 _
2335 2937 2480 3006 Ὅσῳ
2518 2935 2610 2989 τοῦ
2639 2935 2915 2990 διαπτύειν
2977 2935 3036 2989 τὸ
3066 2934 3654 3006 θαυμάζεινκρείττύν
3698 2937 3815 2996 ἐστι,

587 3035 738 3082 tanto
771 2996 902 3082 mihi
945 3028 1147 3085 distare
1180 3030 1454 3097 videntur,
1484 3033 1577 3102 qui
1611 2996 1868 3086 virtutem
1901 2996 2007 3086 non
2036 3043 2157 3085 esse
2184 2996 2210 3055 ί

2194 2996 2229 3055 Β
2262 3028 2518 3082 τοσοῦτόν
2563 3045 2653 3098 μοι
2691 3027 3032 3081 διαλλάττειν
3069 3028 3321 3082 δοκοῦσιν
3373 3029 3425 3081 oi
3475 3028 3595 3098 μηδ’
3645 3026 3817 3097 ἀρετὴν

585 3117 842 3173 virtutem
859 3117 1169 3188 opinantur,
1197 3121 1263 3176 ab
1288 3120 1357 3176 iis
1384 3123 1474 3191 qui
1502 3122 1750 3177 virtutem
1776 3121 1992 3191 quidem
2023 3135 2158 3190 prae-

2264 3121 2361 3190 τὴν
2389 3118 2589 3190 ἀρετὴν
2635 3115 2776 3172 εἶναι
2812 3119 3126 3188 νομίζοντες
3147 3158 3162 3183 ,
3191 3117 3303 3172 τῶν
3347 3118 3546 3190 ἀρετὴν
3585 3119 3677 3188 μὲν
3699 3112 3816 3170 εἶναι

585 3209 805 3276 dicant,
866 3222 973 3264 non
1025 3209 1424 3280 amplectuntur
1468 3221 1665 3266 tamen.
1729 3209 1810 3266 Illi
1851 3210 1994 3267 enim
2041 3225 2161 3265 cor-

2266 3212 2438 3283 αὐτὴν
2465 3210 2810 3280 φασκόντων,
2849 3212 2924 3281 μὴ
2955 3210 3358 3280 ἀσπαζομένων
3390 3210 3467 3265 δέ.
3505 3211 3566 3263 Οἱ
3608 3209 3697 3279 μὲν
3726 3208 3820 3277 γὰρ

587 3307 806 3370 ruptum
850 3313 974 3356 esse
1012 3299 1275 3368 judicium
1298 3340 1314 3366 ,
1349 3303 1724 3372 rationemque
1762 3301 2014 3357 vacillare
2063 3316 2162 3356 suo

2269 3302 2502 3375 κρίσεως
2551 3301 2984 3372 διεφθαρμένης,
3044 3301 3138 3353 καὶ
3185 3300 3280 3354 τοῦ
3333 3301 3409 3372 μὴ
3457 3299 3708 3370 ὑγιαίνειν
3741 3298 3819 3350 τὸν

586 3391 688 3459 ipsi
717 3390 1093 3447 demonstrant
1127 3390 1354 3461 judicio.
1407 3392 1474 3447 Hi
1500 3407 1626 3447 vero
1656 3393 1825 3461 ipsam
1869 3393 2162 3457 laudando,

2274 3395 2555 3464 λογισμὸν,
2603 3392 2726 3446 καθ’
2759 3391 2969 3446 ἑαυτῶν
3005 3391 3184 3460 ψῆφον
3213 3393 3562 3463 ἐκφέρουσιν.
3599 3391 3659 3444 Ol
3683 3389 3733 3441 δὲ
3754 3385 3820 3456 τῷ

584 3479 688 3535 etsi
723 3495 831 3536 non
861 3492 1185 3547 exerceant,
1214 3483 1353 3539 bene
1383 3493 1560 3540 tamen
1586 3485 1652 3539 de
1686 3484 1887 3540 virtute
1938 3497 1998 3539 se
2036 3498 2166 3539 con-

2274 3487 2514 3538 ὲπαινείν
2547 3485 2734 3555 αὐτὴν,
2765 3484 2871 3537 κᾶν
2901 3483 2978 3552 μὴ
3007 3483 3320 3554 πράττοιεν,
3345 3482 3643 3537 δεικνύουσι
3681 3478 3816 3549 μεγί-

587 3569 809 3628 ﬁrmant
836 3574 1176 3630 existimare.

2270 3592 2398 3646 στην
2430 3577 2556 3645 περὶ
2585 3574 2754 3643 αὐτὴν
2786 3573 3000 3643 ἔχοντες
3027 3573 3204 3638 δόξαν.

1045 3679 1280 3737 DXXlV.
1311 3711 1382 3726 —-
1421 3681 1702 3739 MARONI.

2759 3681 2927 3734 ΦΚΔ’.
2966 3711 3034 3722 —
3062 3683 3351 3736 ΜᾹΡΩΝΙ.

1741 3774 1881 3830 Male
1907 3791 2061 3844 agens
2084 3775 2385 3843 reprehendi
2427 3792 2526 3828 non
2551 3776 2678 3828 vult.

658 3878 742 3936 0b
771 3880 1062 3948 nequitiam
1092 3882 1361 3938 accusatis
1390 3882 1472 3937 las
1506 3897 1611 3938 non
1635 3893 1719 3938 est
1747 3897 1810 3937 ea
1840 3885 2017 3939 dicere
2041 3897 2162 3951 qua:

2336 3883 2410 3936 Οὐ
2469 3882 2626 3952 θέμις
2675 3883 2790 3946 τοῖς
2840 3881 2930 3935 διὰ
2983 3881 3289 3953 μοχθηρίαν
3345 3876 3819 3951 κακηγορουμένοις

591 3970 799 4040 possint
838 3971 950 4037 illi,
994 3971 1086 4041 qui
1117 3971 1329 4026 virtutis
1360 3973 1532 4042 gratia
1574 3973 1628 4028 in
1669 3973 1924 4027 invidiam
1957 3973 2155 4038 vocati,

2267 3974 2447 4026 ἐκεῖνα
2482 3971 2682 4040 λέγειν,
2729 3971 2766 4026 ἃ.
2797 3974 2908 4036 τοῖς
2945 3972 3336 4042 φθονουμένοις
3385 3972 3454 4026 δι’
3487 3970 3698 4041 ἀρετὴν,
3743 3963 3821 4018 καὶ

592 4057 814 4114 ferendo
837 4058 891 4115 id
931 4059 1223 4128 patienter,
1272 4061 1539 4129 proloqui.
1589 4060 1766 4127 Quare
1797 4061 1878 4115 vel
1934 4064 2047 4116 haec
2080 4062 2159 4114 fa-

2265 4061 2419 4116 τοῦτο
2475 4063 2763 4132 πάσχουσι,
2814 4062 2994 4130 λέγειν
3041 4062 3224 4132 θέμις.
3259 4063 3332 4116 Ἣ
3371 4063 3624 4116 πέπαυσο
3663 4052 3820 4110 τοίνυν

588 4165 714 4206 cere
741 4164 920 4216 cessa,
955 4151 1036 4207 vel
1084 4154 1126 4207 si
1159 4168 1268 4209 non
1297 4154 1524 4221 desinis,
1556 4169 1626 4210 ne
1660 4154 1860 4210 dixeris
1903 4155 2016 4218 illa,
2038 4170 2159 4224 quae

2262 4149 2486 4203 τοιαῦτα
2510 4150 2671 4222 δρῶν,
2705 4151 2737 4221 ἢ
2768 4151 2843 4221 μὴ
2882 4151 3208 4222 παυόμενος,
3247 4154 3431 4205 ἐκεῖνα
3461 4150 3535 4222 μὴ
3567 4146 3730 4219 φράζε
3753 4185 3766 4208 ν
3791 4141 3820 4195 ἃ

586 4241 783 4310 probos
813 4243 1238 4312 deceantviros;
1273 4246 1526 4302 indecens
1542 4247 1688 4301 enim
1717 4244 1836 4301 illos
1861 4245 2049 4300 eadem
2081 4244 2160 4298 di-
2195 4303 2209 4316 _

2195 4303 2233 4316 λ
2265 4245 2375 4307 τοῖς
2408 4243 2712 4314 εὐδοκίμοις
2737 4245 2956 4315 πρέπει.
2992 4245 3226 4298 ’Δτοπον
3247 4245 3358 4316 γὰρ
3390 4246 3458 4297 τὰ
3481 4242 3619 4296 αὐτὰ
3640 4240 3815 4307 λέγειν,

587 4303 734 4400 cere,
765 4333 960 4404 quibus
991 4335 1128 4390 idem
1158 4303 1369 4392 dicendi
1401 4351 1508 4392 non
1539 4345 1621 4393 est
1653 4345 2052 4407 argumentum.
2193 4303 2210 4356 l

2195 4303 2238 4356 D
2263 4303 2369 4404 τῆς.
2398 4303 2708 4399 ὑποθέσεως
2733 4377 2747 4401 ,
2781 4303 2873 4403 άφ⁸
2903 4330 2970 4407 ἦς
3009 4303 3292 4406 ἑκατέροις
3326 4303 3594 4404 γίγνεται,
3623 4303 3818 4385 διαλατι

2257 4441 2480 4496 τουσης.

859 4530 1070 4588 οΧχν.
1105 4562 1174 4573 --
1207 4529 1548 4590 PALLADIO
1579 4529 1893 4587 LECTORI.
2466 4535 2482 4584 ι

2466 4534 2641 4586 oua.
2676 4563 2744 4572 —
2778 4533 3138 4604 uAAAAAm
3172 4529 3613 4599 ΑΝΑΓΝΩΣΤῌ.

1628 4621 1782 4686 Fide,
1811 4621 1900 4676 sed
1925 4621 2039 4675 vide
2065 4621 2150 4674 cui
2180 4628 2228 4674 te
2251 4620 2457 4677 doctori
2489 4623 2802 4676 committas.

656 4737 820 4804 Cave,
873 4738 1007 4793 ﬁdas
1055 4737 1228 4794 cuivis
1272 4737 1364 4806 qui
1401 4737 1653 4790 virtutem
1700 4752 1760 4790 se
1791 4735 1985 4790 docere
2031 4749 2158 4804 pro-

2333 4733 2425 4803 Μὴ
2460 4735 2590 4786 πᾶσι
2633 4733 2828 4786 σαυτὸν
2873 4733 3128 4798 πίστευε,
3176 4727 3222 4787 ὦ
3249 4733 3509 4804 φιλότης,
3550 4731 3660 4792 τοῖς
3694 4721 3813 4779 διδά.

589 4827 842 4883 meatur:
877 4842 1049 4897 neque
1070 4828 1214 4883 enim
1240 4842 1429 4883 omnes
1449 4826 1594 4896 digni
1627 4834 1720 4879 aut
1753 4825 1928 4880 idonei
1962 4824 2159 4892 quibus

2271 4839 2418 4876 σκειν
2449 4823 2575 4893 περὶ
2619 4824 2819 4894 ἀρετῆς
2863 4821 3376 4893 ἐπαγγελλομένοις·
3416 4819 3538 4876 οὐδὲ
3567 4817 3670 4888 γάρ
3699 4813 3812 4867 πάν-

591 4921 873 4975 credatur:
913 4922 1006 4976 sed
1041 4920 1146 4976 illis
1168 4920 1532 4991 potissimum,
1566 4919 1660 4988 qui
1691 4931 1884 4986 reapse
1934 4916 2154 4970 virtutis

2267 4931 2357 4977 τες
2397 4913 2593 4984 ἐφεξῆς
2625 4913 2766 4978 ἄξιοι
2806 4913 2964 4981 λόγου
2991 4931 3003 4944 ·
3038 4900 3429 4975 ἁλλ’έκείνοις
3449 4954 3463 4976 ,
3507 4907 3587 4972 οἷς
3615 4901 3810 4991 ὄντωςῇ

592 5022 652 5062 se
693 5008 946 5077 operibus
989 4989 1212 5065 ornatos
1257 5009 1536 5065 exhibent.
1600 5007 1754 5064 Nunc
1802 5008 1947 5064 enim
1995 5021 2160 5062 conor

2265 5003 2435 5076 ἀρετὴ
2467 5005 2553 5058 διὰ
2575 5005 2682 5058 τῶν
2707 5006 3049 5076 πραγμάτων
3087 5005 3386 5076 ἐμπρέπει.
3419 5001 3534 5056 Νῦν
3562 4997 3668 5068 γὰρ
3700 4989 3814 5056 άξιῶ

591 5098 918 5168 persuadere
948 5114 1052 5154 non
1075 5114 1183 5154 uno
1207 5115 1327 5156 esse
1357 5101 1617 5171 magistro
1645 5099 1936 5165 utendum;
1969 5107 2024 5151 at
2054 5113 2160 5152 non

2266 5093 2472 5148 πείθειν
2517 5096 2614 5166 οὐχ
2644 5096 2724 5148 ἑνὶ¹
2767 5096 3005 5167 χρῆσθαι
3040 5097 3347 5167 διδασκάλῳ
3372 5135 3386 5161 ,
3420 5093 3557 5148 ἀλλὰ
3587 5090 3659 5163 μὴ
3697 5082 3811 5158 κρῆ-

591 5202 712 5242 esse
739 5187 939 5258 passim
971 5187 1305 5244 adhibendos
1327 5204 1534 5255 omnes,
1561 5191 1649 5260 qui
1681 5205 1740 5246 se
1769 5190 1834 5244 ad
1859 5189 2160 5244 docendum

1463 5204 1534 5255 es,
1561 5191 1649 5260 qui
1681 5205 1740 5246 se
1769 5190 1834 5244 ad
1859 5189 2160 5244 docendum
2266 5185 2389 5238 σθαι
2421 5187 2552 5241 πᾶσι
2581 5189 2693 5251 τοῖς
2723 5186 3086 5260 βουλομένοις.

595 5283 864 5349 ingerunt.

633 5385 866 5442 DXXVI.
902 5385 1330 5442 -——PALLAD|O
1356 5387 1441 5442 ET
1471 5387 1761 5451 SERENO,
1794 5385 2127 5443 DIACONIS.

2126 5429 2127 5435 η
2336 5389 2526 5456 Φιςςο.
2557 5418 2628 5429 -
2658 5388 3020 5460 ΠΑΛΛΑΔΙῼ,
3062 5389 3355 5460 ΣΕΡΗΝῼ,
3379 5376 3749 5440 ΔΙΑκοΝοιΣ.

1702 5478 1799 5532 Dei
1828 5479 2226 5548 longanimitate
2258 5495 2361 5532 non
2389 5479 2723 5532 abutendum.

665 5583 773 5641 Nos
793 5588 946 5657 quasi
968 5587 1146 5642 divina
1171 5603 1228 5643 se
1250 5587 1458 5656 justitia
1487 5603 1588 5642 uou
1610 5588 1898 5651 contineat,
1914 5589 1957 5643 si
1981 5603 2156 5656 neque

2345 5591 2432 5654 Ὠς
2469 5592 2544 5661 μὴ
2573 5591 2900 5662 ἁνεξομένης
2941 5593 3037 5662 τῆς
3082 5593 3230 5655 θείας
3257 5591 3410 5660 δίκης
3431 5630 3445 5655 ,
3484 5589 3531 5641 εἰ
3561 5580 3684 5655 μηδὲ
3716 5591 3808 5647 Μ’

599 5672 1005 5743 longanimitate
1037 5680 1155 5750 ejus
1179 5680 1607 5743 emendabimur,
1640 5680 1732 5734 sed
1757 5680 1974 5735 omnino
2009 5678 2158 5749 quasi

2271 5681 2540 5753 προθυμίᾳ
2574 5682 3079 5756 βελτιιυθησόμεθα,
3109 5683 3244 5738 ἀλλὰ
3270 5682 3483 5742 πάντως
3513 5678 3657 5736 δίκας
3686 5683 3804 5737 πρα-
