4110 6446
445 356 583 425 16⁸25

1321 366 1858 431 EPISTOLARUM
1896 370 2043 431 LIB.
2081 373 2490 434 V.—EPIST.
2533 374 2857 436 DXXVIII.

3559 374 3699 443 1626

442 468 671 540 ξομένης
699 469 1031 541 πικροτέρας
1057 470 1183 535 τοὺς
1214 472 1352 543 μηδὲ
1376 476 1444 546 τῇ
1469 475 1636 546 ἀνοχῇ
1667 475 1750 540 είς
1779 473 2008 546 βελτίονι

2128 491 2319 548 ρωπος
2360 489 2618 536 exactura
2647 480 2722 536 sit
2766 465 3078 536 acerbiores
3108 478 3176 535 ab
3205 480 3290 546 iis,
3318 481 3410 552 qui
3439 484 3700 553 patientia

444 558 900 629 προθυμηθέντας
947 558 1226 613 πολιτείαν
1273 561 1503 627 ἑαυτοὺς
1536 562 1982 637 μεταρρυθμίσαι
2005 605 2022 633 ,

439 652 582 704 otii-to
609 649 976 722 διακεώμεθα.

763 783 934 836 ΨΚΖν.
959 809 1028 826 --
1056 783 1269 837 ripam
1311 783 1684 858 animone.

2130 569 2278 626 illius
2323 573 2391 627 ad
2439 571 2715 628 meliorem
2745 571 2868 627 vita:
2898 581 3098 628 statum
3142 587 3202 628 se
3248 588 3562 645 comparare
3591 591 3700 632 non

2128 661 2374 732 cupiunt,
2407 663 2486 719 sic
2525 661 2843 720 alliciamur.

2283 795 2446 866 712
2481 793 2734 852 DXXVII.
2765 825 2836 836 —
2872 792 3130 851 HERONI
3168 794 3526 852 EPISCOPO.

1019 913 1204 971 Virtus
1231 931 1336 971 non
1362 924 1472 970 tam
1503 917 1862 987 praedicanda,
1893 938 2051 992 quam
2077 929 2386 984 exercenda.
2413 927 2575 1000 (Vide
2595 943 2742 998 supr.
2773 929 2929 1000 epist.
2957 928 3108 1000 525.)

511 1045 602 1117 Τῷ
629 1046 772 1117 λόγῳ
805 1047 905 1118 μέν
927 1047 1028 1121 τὴν
1051 1048 1254 1122 ἀρετὴν
1281 1049 1575 1122 κοσμοῦντι
1601 1090 1620 1119 ,
1650 1051 1798 1124 ἔργῳ
1826 1054 1884 1108 δέ
1911 1057 2020 1129 τὴν-

441 1136 639 1192 κακίαν
691 1137 1070 1209 πρεσϐεύοντιο
1119 1141 1216 1194 καὶ
1267 1140 1469 1196 ἐοικότι
1515 1145 1627 1207 τοῖς
1670 1144 1763 1198 ἐπὶ
1807 1146 2011 1218 σκηνῆς

441 1229 742 1295 παίζουσιν·
769 1231 864 1284 καὶ
889 1230 1102 1300 λέγοντι
1129 1233 1228 1304 μέν
1255 1231 1292 1287 ἃ
1319 1233 1394 1305 μή
1423 1233 1705 1302 γινώσκει,
1733 1237 1870 1308 μηδέ
1897 1239 2012 1302 τοῖς

437 1321 620 1393 ἔργοις
668 1320 976 1393 βεϐαιοῦντι
1031 1322 1068 1378 ἃ
1097 1323 1280 1392 λόγοις
1325 1323 1600 1396 σεμνύνειο
1637 1327 1886 1398 παραινῶ
1913 1327 2009 1382 τοῦ

439 1414 542 1485 μὲν
571 1414 816 1470 ἐπαινεῖν
857 1413 960 1485 τήν
999 1414 1198 1486 ἀρετὴν
1249 1415 1324 1486 μὴ
1381 1415 1568 1488 λήγειν
1609 1417 1764 1490 (οὐδὲ
1795 1418 1904 1490 γὰρ
1928 1419 2009 1474 δί-

435 1502 646 1573 καιονξ),
673 1501 810 1557 ἀλλὰ
839 1503 1028 1574 λήγειν
1055 1507 1156 1574 τῆς
1180 1504 1376 1569 κακίας
1394 1545 1410 1572 ,
1439 1506 1525 1561 ἵνα
1567 1507 1688 1563 κατ’
1717 1506 1886 1580 ἄμφω
1917 1510 2011 1564 εύ-

433 1593 654 1665 δὸκιμος
697 1593 806 1664 εἴη.

749 1701 931 1758 eum.
961 1732 1033 1742 —
1070 1701 1354 1773 ΔΟΜΙΤΙῼ
1391 1705 1686 1762 KOMHTI.

2181 1061 2385 1118 Verbis
2407 1061 2631 1133 quidem
2660 1061 2916 1116 virtutem
2942 1061 3182 1125 ornanti,
3209 1061 3384 1130 opere
3408 1067 3586 1115 autem
3613 1061 3698 1114 vi-

2117 1150 2192 1208 tio
2213 1151 2418 1221 primas
2447 1151 2702 1206 tribuenti
2750 1150 2805 1204 in
2841 1164 3000 1205 scena
3041 1149 3352 1204 ludentibus
3395 1148 3596 1212 simili,
3631 1163 3698 1204 ac

2115 1242 2314 1298 dicenti
2339 1255 2402 1298 ea
2437 1257 2557 1313 qua:
2582 1257 2690 1297 non
2726 1241 3008 1310 intelligit,
3032 1254 3210 1310 neque
3239 1239 3494 1309 operibus
3523 1240 3698 1295 stabi-

2113 1329 2262 1388 lienti
2282 1371 2298 1398 ,
2330 1347 2452 1403 quae
2492 1331 2835 1388 sermonibus
2855 1326 3030 1398 jactat
3057 1367 3077 1395 ,
3111 1328 3361 1398 equidem
3391 1329 3592 1383 suadeo
3638 1336 3698 1381 ut

2115 1425 2369 1481 virtutem
2397 1425 2619 1480 laudare
2650 1439 2754 1480 non
2783 1424 3001 1480 desinat
3029 1421 3232 1494 (neque
3259 1421 3402 1477 enim
3437 1420 3534 1492 par
3559 1421 3690 1491 est),

2111 1515 2207 1573 sed
2241 1525 2356 1571 uta
2389 1515 2590 1571 malitia
2621 1515 2854 1580 desinat,
2883 1521 2942 1569 ut
2964 1523 3195 1583 utroque
3229 1513 3448 1569 nomine
3474 1511 3691 1567 laudem

2118 1614 2380 1676 reportet.
2827 1618 2835 1626 ‘

2396 1711 2680 1768 DXXVlll.
2717 1742 2788 1755 ——
2837 1709 3120 1768 DOMITIO
3149 1707 3410 1767 COMITI.

435 1831 512 1890 De
533 1837 765 1903 corporis
810 1837 1182 1891 exercitatione
1227 1847 1276 1892 et
1321 1837 1618 1894 valetudine
1657 1841 1942 1916 tuendain
1969 1845 2086 1916 cibo
2126 1854 2374 1916 potaque,
2429 1845 2682 1916 (speratis
2712 1845 2968 1910 oratoris,
3013 1850 3062 1898 et
3111 1841 3455 1912 Hippocratis
3498 1839 3688 1894 medici

1542 1913 1832 1967 sententia.
1858 1910 2078 1983 (Confer
2099 1910 2374 1985 epistfﬂ’i,
2403 1913 2556 1987 415.)

505 2053 678 2124 Ὅπερ
703 2051 798 2106 ἐπὶ
825 2051 933 2105 τῶν
960 2051 1282 2124 γυμνασίων
1309 2051 1419 2108 τῶν
1445 2054 1545 2123 τὴν
1571 2055 1782 2124 ύγίειαν
1811 2055 2008 2128 διατη-

2188 2057 2265 2113 De
2311 2056 2555 2128 corporis
2605 2055 3082 2112 exercitationibus
3140 2054 3503 2110 valetudinem
3555 2069 3692 2112 con-

433 2141 671 2216 ρούντων
727 2141 1042 2216 Ἰσοκράτης
1087 2142 1394 2216 παρῄνεσεν
1441 2143 1578 2216 (55),
1635 2164 1653 2198 ι
1689 2143 1882 2202 ’Δσκει
1914 2165 2012 2218 γυ-

435 2235 678 2308 μνασίων
703 2235 779 2307 μή
806 2236 876 2288 τὰ
910 2235 1048 2308 πρὸς
1075 2235 1288 2308 ῥώμην,
1315 2235 1450 2290 ἀλλὰ
1479 2237 1616 2308 πρὸς
1645 2237 1856 2307 ὑγίειαν
1881 2256 2012 2310 συμ-

432 2326 688 2398 φέροντα.
729 2345 748 2378 ι
803 2325 1008 2380 Τούτου
1050 2325 1096 2380 δ’
1135 2325 1203 2381 ἂν
1231 2325 1550 2398 ἐπιτύχοις,
1587 2327 1636 2380 εἰ
1670 2327 1859 2398 λήγοις
1900 2328 2009 2382 τῶν

430 2417 610 2471 πόνων
643 2416 726 2471 ἐτι
752 2418 936 2471 πονεῖν
957 2415 1277 2487 δυνάμενος.
1311 2416 1482 2472 Τοῦτο
1507 2417 1601 2471 καὶ
1627 2419 1720 2471 ἐπὶ
1752 2418 2010 2490 βρώσεως

429 2509 528 2563 καὶ
566 2509 798 2573 πόσεως,
828 2509 923 2563 καὶ
961 2508 1056 2562 ἐπὶ
1094 2507 1206 2562 τῶν
1250 2506 1448 2575 ἄλλων,
1495 2499 1572 2562 ὧν
1616 2507 1744 2563 ἄνευ
1765 2507 1866 2582 ζῇν
1909 2510 2010 2564 οὐκ

429 2597 599 2660 ἐστιν,
631 2599 681 2651 si
725 2597 1074 2668 μετενέγκοις
1095 2635 1112 2663 ,
1143 2595 1339 2668 κομιδῇ
1371 2595 1726 2670 ὠφεληθήσῃ·
1754 2597 1873 2668 χρῶ
1897 2601 2010 2662 τοῖς

433 2689 622 2754 σιτίοις
649 2689 746 2743 καὶ
789 2687 998 2755 πότοις,
1037 2688 1112 2760 μὴ
1155 2690 1270 2752 τοῖς
1299 2688 1437 2758 πρὸς
1464 2686 1676 2759 ῥώμην,
1722 2688 1860 2742 ἀλλὰ
1896 2691 2009 2754 τοῖς

431 2780 568 2852 πρὸς
599 2779 810 2850 ὑγίειαν
853 2779 1133 2850 βλέπουσι.
1167 2777 1369 2830 Τούτου
1401 2777 1446 2830 δ’
1492 2777 1560 2831 ἃν
1603 2776 1885 2849 ἐπιτύχοις
1909 2817 1924 2842 ,
1958 2781 2008 2832 εί

431 2873 624 2943 λήγοις
653 2871 851 2927 ἐσθίων
893 2871 988 2926 καὶ
1032 2871 1223 2936 πίνων,
1255 2868 1336 2924 ἐτι
1365 2872 1561 2939 φαγεῖν
1602 2870 1697 2923 καὶ
1741 2873 1887 2924 πιεῖν
1916 2870 2009 2924 δυ-

431 2966 684 3037 νάμενος.
733 2965 796 3018 El
818 2965 876 3019 δὲ
904 2964 1071 3035 φαίης
1093 2981 1108 2996 ο
1141 2963 1294 3017 Διατί
1325 2961 1381 3015 δέ
1413 2962 1488 3034 μὴ
1507 2962 1576 3017 τὰ
1605 2961 1744 3034 πρὸς
1783 2961 2007 3035 ρώμηνς

430 3059 620 3128 φαίην,
647 3059 731 3113 ὅτι
772 3056 1009 3127 μάλιστα
1042 3055 1140 3126 μὲν
1171 3055 1272 3109 οὐκ
1300 3051 1508 3126 ἀθλητῇ
1528 3094 1543 3119 ,
1578 3053 1712 3109 ἀλλὰ
1740 3052 2008 3126 φιλολόγῳ

432 3149 685 3222 παρῄνει.
735 3147 946 3202 Ἔπειθ’
993 3148 1074 3201 ὅτι
1121 3146 1218 3200 καὶ
1265 3147 1388 3200 κατ’
1423 3144 1588 3200 αύτδν
1633 3145 1726 3198 τὸν
1760 3146 2003 3218 ῥήτορα,

433 3237 592 3310 ῥώμη
629 3235 768 3308 μετὰ
799 3237 898 3308 μὲν
930 3234 1244 3308 φρονήσεως
1264 3233 1486 3306 ὠφελεῖ,
1531 3232 1661 3289 ἄνευ
1703 3235 1762 3289 δὲ
1801 3235 2008 3307 ταύτης

2109 2149 2454 2204 servantibus
2475 2147 2738 2204 Isocrates
2771 2157 2956 2204 orator
2976 2148 3054 2202 sic
3081 2147 3439 2202 adhortatur:
3471 2165 3490 2198 ι
3517 2147 3691 2202 Exer-

2108 2238 2395 2293 citationes
2441 2239 2686 2307 corporis
2739 2253 2832 2292 eas
2885 2237 3250 2308 amplectere,
3305 2251 3408 2292 non
3455 2251 3577 2306 quae
3621 2237 3690 2292 ad

2107 2331 2308 2394 robur,
2371 2329 2466 2384 sed
2525 2344 2646 2400 qua:
2702 2328 2992 2384 valetudini
3044 2327 3319 2398 prosint.»
3387 2325 3442 2378 ιι]
3507 2335 3689 2380 autem

2108 2417 2478 2488 consequeris,
2509 2419 2552 2472 si
2587 2416 2834 2472 laborare
2852 2428 3058 2480 cesses,
3084 2428 3206 2469 cum
3238 2413 3490 2468 laborare
3513 2413 3690 2466 adhuc

2107 2523 2318 2580 posses.
2357 2509 2613 2578 Idemque
2641 2509 2707 2563 de
2733 2509 2854 2562 cibo
2887 2515 3147 2578 potuque,
3175 2507 3347 2574 deque
3373 2505 3494 2560 aliis
3525 2503 3692 2559 rebus

2107 2601 2302 2671 quibus
2337 2600 2504 2654 vitam
2553 2611 2787 2666 tuemur,
2809 2601 2854 2654 si
2874 2596 3124 2654 eli'ectum
3154 2596 3330 2664 dabis,
3353 2609 3684 2664 magnopere

2106 2691 2368 2761 proderit.
2410 2690 2576 2748 Utere
2627 2706 2758 2762 ergo
2791 2690 2913 2746 cibo
2967 2697 3205 2759 potuque
3253 2700 3360 2742 nou
3395 2685 3460 2740 ad
3501 2686 3689 2751 robur,

2106 2783 2202 2838 sed
2249 2784 2317 2838 ad
2375 2784 2630 2838 tuendam
2660 2782 2905 2851 corporis
2931 2780 3311 2836 valetudinem.
3363 2777 3516 2832 Hanc
3560 2791 3691 2832 con-

2106 2873 2376 2943 sequeris,
2413 2873 2632 2943 inquam
2651 2912 2669 2938 ,
2697 2873 2742 2930 si
2773 2875 2936 2930 edere
2973 2887 3038 2928 ac
3069 2871 3253 2927 bibere
3280 2869 3524 2934 desines,
3565 2883 3690 2924 cum

2105 2965 2270 3022 edere
2319 2965 2550 3036 amplius
2594 2964 2773 3035 possis
2805 2980 2872 3020 ac
2921 2965 3133 3019 bibere.
3183 2961 3362 3027 Dices,
3397 2960 3506 3016 Cur
3537 2959 3686 3024 illud,

2111 3072 2250 3114 «non
2279 3057 2348 3114 ad
2377 3059 2570 3114 robur:
2599 3056 2829 3125 adjecit?
2851 3057 3128 3122 nimirum,
3155 3055 3298 3124 quod
3317 3069 3420 3108 non
3455 3062 3562 3107 tam
3592 3050 3728 3122 pu-'

2108 3149 2200 3221 gili
2235 3163 2398 3219 quam
2427 3149 2673 3206 studioso
2703 3149 3043 3218 potissimum
3084 3147 3390 3200 litterarum
3425 3151 3691 3213 pra-cepta

2109 3239 2365 3294 traderet.
2419 3237 2623 3294 Deinde
2665 3237 2818 3307 juxta
2855 3237 3006 3291 illum
3030 3245 3338 3299 oratorem,
3377 3233 3541 3287 robur
3565 3246 3690 3286 cor-

430 3328 559 3392 τοὺς
595 3325 821 3398 ἔχοντας
876 3325 1127 3397 βλάπτει.
1185 3324 1296 3378 Καὶ
1351 3323 1422 3377 τὰ
1471 3323 1568 3394 μὲν
1621 3323 1851 3394 σώματα
1897 3323 2005 3378 τῶν

2109 3329 2276 3398 poris,
2307 3344 2428 3384 cum
2455 3329 2738 3400 prudentia
2775 3327 2905 3383 utile
2933 3327 3150 3397 quidem
3178 3336 3282 3388 est,
3313 3333 3467 3379 nocet
3501 3332 3683 3378 tamen

430 3395 742 3471 ἀσκούντων
787 3395 1011 3486 κοσμεῖν
1054 3413 1224 3478 δοκεῖ,
1268 3415 1392 3476 ταῖς
1433 3411 1492 3466 δὲ
1525 3413 1624 3483 τῆς
1665 3411 1848 3482 ψυχῆς
1885 3414 2006 3466 ἐπιο

2109 3395 2180 3474 iis
2215 3421 2304 3488 qul
2338 3395 2532 3475 robore
2567 3418 2776 3488 praediti
2817 3395 2968 3484 sunt,
2994 3427 3048 3472 et
3085 3430 3310 3486 corpora
3337 3415 3554 3484 quidem
3588 3427 3690 3482 pu-

433 3507 676 3578 μελείαις
716 3507 1004 3561 ἐπισκοπεῖ
1038 3503 1170 3575 (56;.
1213 3504 1278 3557 Ei
1317 3503 1375 3557 δὲ
1405 3503 1682 3574 νομίζεις,
1712 3504 1806 3557 τὸν
1854 3521 2008 3574 σοφιο

431 3598 566 3670 στήν
595 3600 846 3670 ἰατρικῆς
869 3596 999 3651 ὄντα
1034 3595 1282 3668 ἄπειρον,
1309 3593 1406 3648 καὶ
1435 3594 1496 3648 τὸ
1523 3594 1751 3666 ἀκριϐὲς
1781 3594 1857 3668 μή
1883 3596 2006 3648 ἐπι-

431 3689 719 3762 στάμενον,
754 3687 1014 3760 ἀλλοτρία
1038 3687 1201 3759 τέχνῃ
1226 3685 1287 3739 ού
1313 3685 1543 3749 δεόντως
1588 3683 2003 3758 ἐναϐρύνεσθαιο

430 3779 540 3835 ῐσθι
559 3821 575 3846 ,
597 3779 681 3834 ὅτι
710 3777 803 3832 καὶ
839 3775 1203 3847 Ἱπποκράτης
1235 3777 1263 3829 ὁ
1291 3772 1451 3845 Κῷος
1477 3813 1493 3840 ,
1517 3767 1563 3842 ᾧ
1587 3774 1785 3838 πάντες
1823 3775 2001 3827 εεκου-

432 3886 538 3938 σιν,
565 3869 672 3940 ἔφη
705 3887 724 3921 ι
761 3867 873 3940 Τὴν
901 3866 1112 3936 ύγίειαν
1136 3863 1507 3936 διατηρεῖσθαι
1529 3867 1596 3937 τῇ
1619 3863 1838 3936 ὰκορίῃ.
1866 3883 1884 3915 ι
1913 3865 2004 3918 Διὸ

428 3963 526 4018 καὶ
552 3963 586 4033 ή
631 3959 806 4014 ἔνδεια
843 3960 1028 4030 μήτηρ
1055 3957 1268 4026 ὑγιείας
1317 3957 1542 4020 εἰκότως
1574 3954 1811 4027 εἴρηται.
1845 3955 2004 4025 Σοφὼ

428 4053 488 4107 δέ
513 4051 674 4123 ἄνδρε
701 4051 933 4120 εἰπάτην
963 4050 993 4102 ό
1025 4048 1150 4119 μὲν,
1189 4067 1208 4101 ι
1245 4047 1427 4118 Μηδὲν
1459 4047 1650 4116 ἄγαν-ι
1684 4048 1714 4100 ό
1745 4047 1820 4114 δὲ,
1857 4065 1878 4100 ι
1899 4044 2007 4102 Μέ-

427 4159 557 4214 τρον
589 4141 832 4212 ἄριστον.
873 4158 892 4190 ι
928 4139 990 4192 El
1029 4137 1208 4193 τοίνυν
1240 4138 1336 4192 καὶ⁸
1376 4138 1470 4190 ἐπὶ
1501 4135 1736 4208 τροφῶν,
1771 4138 1868 4192 καλ⁸
1909 4138 2005 4192 ἐπὶ

427 4231 541 4287 τῶν
576 4230 893 4303 γυμνασίων
923 4229 984 4284 τὸ
1017 4246 1036 4281 ι
1064 4228 1216 4299 παρὰ
1247 4227 1442 4300 μικρὸν
1470 4229 1570 4282 ούκ
1597 4227 1714 4281 ἐστι
1748 4227 1950 4299 μικρὸν
1981 4247 2000 4282 ι

431 4325 537 4397 (εις
570 4323 782 4394 ὑγίειαν
802 4323 912 4395 γὰρ
961 4319 1204 4393 βλέπει)’
1265 4317 1612 4390 φυλάξωμεν,
1666 4319 1876 4390 μήποτε
1928 4318 2006 4390 τῷ

433 4417 582 4489 κόρῳ
611 4417 712 4488 τὴν
735 4415 946 4485 ὑγίειαν
973 4413 1329 4484 ἐξορίσωμεν.

2109 3509 2274 3580 gilum
2308 3509 2520 3564 videtur
2551 3523 2750 3564 ornare
2771 3547 2788 3572 ,
2820 3507 2985 3562 animi
3017 3521 3151 3560 vero
3197 3505 3376 3558 studia
3419 3503 3688 3557 obluscat.

2107 3600 2266 3668 Quod
2312 3601 2358 3656 si
2389 3600 2591 3656 dixeris
2633 3599 2932 3670 sophistam
2974 3597 3124 3654 illum
3157 3596 3379 3652 medicze
3405 3602 3690 3663 expertem

2107 3690 2240 3747 artis
2292 3689 2490 3760 fuisse,
2551 3705 2730 3762 neque
2779 3690 2912 3746 satis
2947 3691 3198 3755 novisse,
3243 3687 3528 3756 alienaque
3572 3693 3690 3740 arte

2106 3777 2384 3849 illegitime
2429 3791 2550 3836 sese
2589 3789 2900 3847 ostentare,
2941 3782 3076 3838 scito
3103 3779 3484 3850 Hippocratem
3524 3776 3688 3832 etiam

2107 3871 2308 3939 Coum,
2357 3871 2443 3926 cui
2487 3887 2680 3929 omnes
2730 3871 2962 3928 libenter
3012 3874 3398 3934 assentiuntur,
3448 3867 3687 3922 aﬂerre:

2113 3960 2521 4019 «Valetudinem
2551 3963 2864 4020 conservari
2897 3963 2942 4020 si
2977 3977 3082 4018 non
3129 3961 3348 4018 satieris
3388 3959 3632 4014 nimium.
3665 3976 3686 4009 ι

2108 4051 2402 4124 Propterea
2431 4053 2610 4110 inedia
2635 4063 2800 4126 atque
2842 4053 3110 4125 jejunium
3151 4059 3325 4107 mater
3353 4049 3496 4111 dicta
3538 4046 3689 4102 sani-

2113 4146 2260 4201 tatis.
2322 4144 2492 4216 Igitur
2525 4161 2649 4201 cum
2697 4146 2946 4218 sapiente
2991 4149 3110 4200 viro
3142 4155 3376 4212 utroque
3405 4140 3594 4197 dixero
3635 4146 3692 4192 et

2111 4251 2234 4309 ego,
2265 4238 2462 4309 partim
2487 4255 2504 4294 :
2539 4257 2560 4293 ι
2580 4239 2657 4295 Νε
2677 4241 2805 4310 quid
2836 4240 3020 4305 nimis,
3046 4256 3066 4292 ι
3098 4237 3333 4307 partim:
3375 4253 3394 4287 ι
3420 4232 3608 4287 Modus
3635 4232 3687 4286 in

2111 4331 2258 4384 omni
2297 4345 2354 4386 re
2380 4331 2672 4400 optimus.»
2717 4331 2860 4386 Idem
2891 4330 2936 4385 si
2968 4342 3248 4385 servemus
3283 4327 3334 4380 in
3365 4324 3503 4380 cibis
3531 4335 3690 4378 exer-

2111 4419 2572 4492 citationibusque
2611 4421 2778 4488 illud,
2825 4438 2846 4472 ι
2875 4421 3015 4490 quod
3067 4433 3229 4488 supra
3273 4415 3539 4472 modicum
3583 4421 3685 4466 est.

434 4509 575 4564 haud
603 4517 688 4564 est
709 4507 1014 4571 modicum,
1044 4523 1064 4556 ι
1097 4507 1164 4560 ad
1192 4502 1426 4560 hominis
1445 4501 1696 4558 tuendam
1724 4501 2003 4573 pertinens
2041 4508 2436 4577 valetudinem,
2501 4520 2651 4570 certe
2675 4512 2960 4569 saturitate
2994 4524 3064 4568 ne
3128 4522 3363 4578 unquam
3397 4505 3687 4562 sanitatem

433 4601 878 4666 exterminemus,
913 4611 1224 4654 caveamus.

1523 4811 1758 4868 VARUE
1798 4811 2185 4872 LECTIONES
2224 4812 2312 4870 ET
2363 4811 2596 4870 NOTIE.

525 4993 618 5064 55)
641 4990 894 5064 [socratis
927 4991 1189 5064 locusest
1225 4989 1277 5042 in
1319 4987 1753 5064 Ilap<_1_wéost_a_t_l
1795 4989 1990 5064 Demo-

429 5057 637 5128 nicuui,
669 5063 1034 5132 legendusque
1075 5057 1419 5132 Hieronymi:
1441 5057 1795 5132 Mercurialis,
1829 5059 1996 5114 medi-

429 5149 529 5190 cus
560 5125 776 5202 ex'celli,
808 5132 862 5186 in
909 5125 1312 5202 G'yinnatticis_':
1344 5125 1693 5202 ﬂippocratis
1718 5143 1888 5202 _vero,_
1927 5143 1993 5182 ex

429 5203 526 5259 lib.
557 5217 592 5256 v
623 5195 1068 5271 Epidemicorinn,
1099 5209 1230 5271 sect.
1249 5196 1283 5250 4
1308 5195 1832 5271 ιξΑσκιιισις-ὐγίτις-⁸
1865 5199 1999 5271 ago-

431 5273 524 5344 ρίη
554 5265 791 5344 τροφῆς,
838 5269 1028 5344 ἀοκνίη
1091 5265 1656 5344 πόνων..1ξπειέἱιαιὶρ
1703 5265 1943 5344 sanitatis
1979 5285 2000 5324 :

427 5335 566 5398 aciei
595 5335 1094 5404 citra'rsatietate'm,
1133 5353 1234 5392 non
1273 5337 1518 5406 defugere
1572 5335 1824 5406 latiorem.
1877 5335 2002 5392 Illas

430 5413 574 5481 infra
604 5425 835 5481 gnomas
863 5408 1044 5481 Μηδέν
1082 5403 1254 5481 ᾇγαν,
1284 5403 1377 5481 καὶ
1405 5403 1602 5481 μέτρον
1629 5403 1872 5481 ἄριστον,
1899 5409 2000 5481 _uni
2088 5428 2091 5431 ·

429 5473 691 5538 Cleobule
719 5479 913 5535 Lindio
942 5473 1130 5534 iribuit
1157 5473 1446 5542 Ausonius,
1470 5473 1745 5544 itiseptent
1779 5473 2002 5544 Sapien-

431 5563 544 5604 tum
578 5549 737 5618 ludo;
759 5549 922 5606 Solon
959 5561 1110 5618 vero,
1157 5547 1404 5618 Chiloni,
1432 5543 1864 5618 et__Stratudei_no
1891 5546 2004 5618 cui-

433 5621 560 5690 dam
587 5611 849 5690 Tegeatae,
867 5611 1187 5690 attributum
1246 5615 1435 5690 scribit
1463 5611 2002 5690 ClemensAlexaml.

433 5683 744 5746 Stromat'eo
772 5689 971 5760 primo.
999 5685 1285 5760 Euripides
1311 5694 1366 5740 et
1395 5683 1685 5760 Terentius
1715 5683 1782 5760 in‘
1801 5683 2006 5736 Andria

438 5768 722 5829 usurpant,
767 5751 822 5816 et
852 5759 904 5814 in
949 5751 1438 5828 AdanghiliasRs
1479 5755 1700 5823 exponit
1747 5751 2001 5819 Batavus,

2103 5001 2159 5046 ut
2185 4990 2421 5048 Isidorus
2461 5005 2648 5060 supra
2673 5004 2798 5060 epp.
2831 4989 2901 5044 7'5
2929 4999 2986 5046 et
3025 4988 3152 5046 415.
3185 4986 3468 5060 Theognis
3499 4999 3678 5048 autem

2099 5077 2248 5117 vers.
2281 5061 2387 5116 535
2421 5061 2501 5116 sic
2529 5059 2813 5132 conjungit
2849 5075 2865 5112 :

2168 5151 2375 5219 Μηδὲν
2395 5149 2551 5222 ἄγαν
2584 5149 2876 5206 σπεύδειν
2899 5166 2915 5184 σ
2945 5151 3189 5208 πάντων
3205 5151 3342 5224 pec"
3374 5151 3608 5222 ἄριστα.

2106 5242 2170 5298 Et
2201 5257 2413 5298 rursum
2445 5257 2586 5298 vers.
2614 5243 2738 5299 401.
3289 5242 3578 5316 [ἀριστος.

2175 5333 2381 5404 Μηδὲν
2421 5333 2576 5400 ἄγαν
2617 5335 2942 5390 σπεύδειν
2995 5334 3199 5406 καιρὸς
3251 5333 3480 5458 δ’δέπέτ
3493 5332 3688 5389 πᾶσιν

3375 5419 3407 5458 ιι
3485 5419 3544 5458 τ.

3375 5419 3544 5460 ιιοττ.

2177 5495 2291 5566 (56)
2329 5495 2431 5550 Pro
2464 5498 2755 5550 ἐπισκοπεῖ
2785 5496 2940 5551 codd.
2976 5494 3093 5549 Vat.
3125 5493 3232 5548 650
3257 5494 3453 5566 etiAlt.
3485 5493 3686 5566 habent

2105 5561 2404 5620 ἐπισκοτεῖ.
2431 5566 2584 5621 Vers.
2619 5577 2870 5634 antepcn.
2889 5577 2943 5620 et
2969 5581 3091 5634 pen.
3111 5579 3198 5635 ep.
3230 5565 3348 5619 cod.
3379 5563 3524 5635 solus
3562 5561 3684 5618 Vat.

2106 5635 2212 5691 650
2261 5637 2421 5690 aliam
2470 5635 2595 5706 lect.
2637 5633 2786 5706 offert
2847 5636 2900 5688 in
2962 5633 3282 5706 tnarngro
3329 5633 3684 5706 φυλάξωμεν,

2110 5722 2302 5775 nempe
2329 5705 2711 5778 φυλαξώμεθα.
2744 5705 2960 5762 Possm.
