4110 6436
358 327 378 392 ι
389 327 494 388 (323i

807 439 973 492 IbAE'.
1015 467 1082 478 -
1122 439 1487 495 ΟΥΑΑΕΝΤΙ.

1270 330 1806 390 EPIS'I‘OLARUM
1844 329 1990 389 LIB.
2028 330 2099 390 V.
2143 352 2210 367 -
2254 328 2487 388 EPIST.
2533 327 2702 386 DXL.
3486 323 3622 408 itTIil)

1980 447 2025 501 Α
2477 436 2737 491 DXXXV.
2782 468 2852 477 —-
2884 436 3200 492 VALENTI.

1276 557 1352 612 De
1381 561 1674 613 sacerdotio
1702 561 1954 628 indignis.
1991 555 2155 629 (Vide
2181 558 2333 628 epist.
2367 555 2472 610 556
2495 565 2545 609 et
2573 555 2724 625 557.)

421 667 567 731 Tom;
603 671 734 738 παρ’
779 670 938 737 ἀξίαν
965 673 1228 743 τυχόντας
1280 673 1564 746 ἱερατικῆς
1623 674 1790 746 τιμῆς
1823 677 1926 728 ὐπ-

349 759 574 813 ακούειν
607 761 819 833 ἀνάγκη
865 766 976 827 τοῖς
1017 766 1078 820 οὑ
1129 765 1358 828 δεόντως
1397 764 1688 831 δεδωκόσι,
1721 766 1824 820 κᾶν
1857 768 1936 830 είς

349 852 484 904 αὖτό
519 851 583 906 τὸ
611 851 764 906 Θεῖον
797 854 865 907 τὰ
907 853 1160 926 δρώμενα
1196 853 1416 925 βλέπει’
1449 855 1529 908 διὸ
1558 857 1652 910 καὶ
1681 857 1934 928 ἀλλήλοις

347 937 450 1009 τὴν
495 939 685 993 ἄδικον
725 941 930 1011 ταύτην
979 941 1248 996 ἀντίδοσιν
1299 943 1665 1012 παρέχοντες,
1699 944 1931 1017 δύναμιν

347 1032 408 1084 οὐ
462 1033 669 1106 μικρὰν
698 1035 778 1096 εἰς
817 1034 876 1088 τδ
917 1036 1057 1088 κατὰ
1084 1034 1193 1088 τῶν
1231 1031 1293 1088 εὖ
1329 1033 1586 1105 βιούντων
1617 1035 1936 1100 ὁπλίζεσθαι

347 1122 891 1192 προσλαμϐάνουσιν.
935 1125 995 1178 Εἰ
1040 1125 1098 1179 δέ
1142 1128 1287 1197 τιςῆ
1327 1125 1582 1190 τούτους,
1621 1127 1653 1198 ἢ
1693 1126 1936 1199 ἐκείνους

347 1214 684 1277 αἰτιάσοιτο,
735 1216 1080 1286 παρακινῶσι
1129 1220 1241 1280 τοῖς
1289 1217 1586 1289 δρωμένοις
1633 1217 1728 1272 καὶ
1776 1219 1938 1290 είρωι

347 1303 522 1368 νείαν,
554 1303 584 1356 ὃ
613 1303 720 1357 τῶν
753 1305 1045 1376 δρωμένων
1083 1307 1478 1376 ἀλγεινότερον,
1522 1306 1598 1377 τῷ
1629 1309 1933 1378 συγχωρεῖν

345 1393 504 1466 γίγνε
515 1385 660 1459 σθαι,
684 1395 855 1450 ταῦτα
879 1395 1162 1466 βούλεσθαι
1192 1399 1252 1450 τὺ
1267 1397 1419 1450 Θεῖον
1447 1397 1928 1468 καταψευδόμενοι.

559 1503 727 1571 ΦΛΕῙ.
761 1533 832 1544 -
876 1504 1218 1576 ΑΘΑΝΑΣῙῼ
1249 1505 1714 1580 ΠΡΕΣΒΥΤΕΡῼ.

2115 673 2216 742 Qui
2260 675 2484 746 indigne
2533 673 2820 730 sacerdotii
2870 683 2997 727 sunt
3042 673 3247 726 honore
3286 673 3488 739 ali'ecti,
3532 690 3628 726 ne-

2047 781 2202 822 cesse
2251 776 2336 821 est
2387 765 2647 826 obediant
2691 766 2740 818 ci
2793 765 2882 834 qui
2943 779 3049 820 non
3106 763 3285 819 debite
3331 749 3624 824 ordinavit.

2039 874 2163 914 cum
2193 861 2259 914 ad
2289 859 2528 913 divinum
2557 873 2754 920 numen
2794 857 3067 925 ordinatio
3096 864 3305 924 spectet
3338 872 3354 910 :
3389 859 3534 910 unde
3573 869 3626 908 et

2040 958 2226 1004 mutuo
2285 949 2541 1016 injustam
2604 947 3014 1013 retributionem
3078 943 3244 1018 ⁸1ιᾷ
3284 945 3625 1016 praebentes,

2041 1039 2353 1096 facultatem
2381 1055 2486 1094 non
2515 1039 2779 1092 modicam
2809 1037 2908 1091 sibi
2937 1037 3234 1102 vindicant,
3264 1051 3370 1104 qua
3402 1037 3456 1090 in
3485 1037 3622 1090 bene

2039 1131 2287 1186 viventes
2342 1131 2716 1184 obarmeutur.
2770 1129 2826 1181 Si
2869 1127 2990 1196 quis
3034 1142 3165 1181 vero
3217 1128 3319 1182 Iros
3374 1139 3466 1180 aut
3507 1127 3626 1180 illos

2043 1233 2286 1286 accuset,
2319 1223 2490 1277 sacris
2526 1222 2685 1277 rebus
2721 1220 2886 1274 risum
2919 1219 3177 1282 concitet.
3203 1218 3344 1288 quod
3385 1217 3625 1272 deterius

2041 1319 2125 1365 est
2159 1311 2337 1381 longe,
2382 1327 2544 1377 quam
2582 1309 2720 1363 male
2765 1309 2967 1362 initiari
2994 1309 3330 1378 permittere,
3363 1307 3506 1376 quod
3535 1318 3622 1360 est

2041 1401 2206 1456 Deum
2234 1402 2372 1456 velle
2401 1400 2608 1456 fallere.

2161 1509 2446 1566 DXXXVI.
2483 1541 2554 1551 —
2582 1507 2986 1564 A'I'I‘IANASIO
3023 1506 3498 1563 PIIESBYTERO.

1410 1619 1481 1674 De
1505 1618 1703 1674 Zosimi
1732 1624 1972 1679 amicitia
2003 1627 2162 1680 noxia
2185 1636 2236 1680 et
2270 1641 2527 1694 suspecta.

415 1724 593 1788 Μῖσὸς
627 1741 709 1778 σοι
748 1725 956 1796 ἀνεφύη
999 1725 1150 1798 παρὰ
1201 1729 1335 1780 πᾶσι
1381 1728 1468 1780 διὰ
1519 1729 1616 1799 τὴν
1647 1729 1924 1794 ἀσέϐειαν,

2106 1732 2302 1788 Odium
2341 1750 2467 1804 erga
2525 1744 2574 1789 Ie
2611 1734 2750 1803 apud
2804 1747 2996 1788 omnes
3031 1732 3364 1786 recrudescit
3411 1732 3480 1785 ob
3525 1731 3623 1783 im-

344 1816 443 1886 τὴν
478 1817 719 1888 Ζωσίμῳ
753 1818 890 1888 φίλῳ
915 1817 993 1890 τῷ
1021 1819 1099 1888 σῷ
1129 1817 1555 1890 τετολμημένην.
1593 1823 1658 1874 Οἱ
1695 1823 1794 1891 μὲν
1822 1823 1926 1894 γὰρ

2033 1826 2310 1895 pietatem,
2361 1839 2523 1894 quam
2581 1825 2832 1880 Zosimus
2883 1825 2974 1880 tibi
3025 1825 3226 1880 cltarns
3269 1833 3483 1891 patrare
3541 1832 3624 1876 est

345 1909 720 1982 ἁφειδὲστεροί
747 1927 901 1979 φασι,
937 1911 1012 1982 μὴ
1050 1911 1276 1982 ἄμοιρόν
1311 1928 1370 1965 σε
1399 1908 1538 1966 εἶναι
1578 1915 1675 1983 τῆς
1717 1916 1929 1986 δραμα-

345 2000 630 2070 τουργίας’
683 2004 732 2054 οί
779 2002 836 2054 δὲ
882 2002 1299 2074 ἐπιεικέστεροι,
1341 2004 1570 2076 ἄμοιρον
1612 2007 1710 2078 μὲν
1758 2005 1928 2074 εἶναι,

343 2097 648 2166 δινάμενον
681 2097 740 2151 δὲ
783 2097 1057 2164 κωλῦσαι,
1093 2099 1170 2169 μὴ
1207 2097 1586 2170 βεϐουλῆσθαι·
1609 2103 1694 2156 διὸ
1732 2105 1824 2156 καὶ
1853 2103 1932 2157 δί-

345 2203 498 2251 21:0;
530 2186 602 2240 ἂν
625 2188 742 2258 εἴης
769 2191 917 2261 παρὰ
947 2191 1165 2244 πάντων
1201 2193 1320 2253 ταῖς
1345 2192 1707 2262 κατηγορίαις
1737 2192 1924 2262 βάλλε-

345 2299 372 2330 σ
413 2298 487 2334 αι.
547 2283 615 2334 0i
666 2281 724 2334 δὲ
771 2281 1133 2352 βεϐουλῆσθαι
1179 2281 1300 2352 μὲν,
1356 2282 1432 2354 μὴ
1479 2283 1801 2355 δεδυνῆσθαι
1849 2285 1929 2342 δέ.

357 2371 496 2424 Ἀλλ’
535 2372 662 2426 οὐδὲ
695 2368 840 2428 οὗτοι
869 2373 968 2444 τὴν
993 2374 1245 2440 ἀφιεῖσαν
1277 2375 1408 2444 περὶ
1438 2375 1531 2428 σοῦ
1560 2375 1784 2446 φέρουσι
1819 2375 1928 2446 ψῆ-

341 2479 462 2528 φον.
503 2462 647 2518 ἀλλὰ
691 2463 1010 2534 φράζουσιν·
1061 2467 1112 2518 εί
1149 2465 1246 2518 καὶ
1291 2465 1364 2536 μὴ
1415 2465 1780 2538 κεκοινώνηκε
1830 2467 1926 2522 τοῦ

342 2554 668 2624 σκέμματος
693 2594 712 2619 ,
758 2556 842 2610 ὅτι
879 2555 1122 2610 τοιούτου
1174 2556 1364 2623 ἀνδρὸς
1404 2557 1554 2624 φίλος
1595 2557 1924 2628 γεγένηται,

342 2645 675 2714 μεειὸλυται.
707 2647 882 2712 Δὺτὺς
908 2642 1002 2704 οὖν
1031 2649 1239 2712 δίκαιος
1263 2647 1314 2701 εἷ
1335 2648 1754 2719 βουλεύσασθαι,
1777 2651 1928 2714 ὅπως

335 2737 549 2809 ταύτην
575 2739 905 2810 ἀποτρίψαιο
927 2739 1026 2812 τὴν
1057 2739 1292 2808 ἀδοξίαν.

578 2845 746 2900 ΦΛΖ’.
789 2875 858 2886 --
903 2845 1282 2900 ΕΥΔΑΙΜΟΝΙ
1329 2845 1680 2901 ΦΙΛΙΠΠΟΥ.

2035 1931 2221 1970 ausus.
2276 1917 2377 1982 Qui
2424 1917 2631 1982 largius
2683 1917 2950 1980 referunt,
2999 1917 3154 1968 aiunt
3201 1923 3512 1968 consortem
3568 1924 3620 1968 te

2033 2008 2287 2064 faetionis
2321 2023 2442 2062 esse
2470 2025 2484 2060 :
2511 2009 2600 2076 qui
2645 2023 2773 2063 vero
2811 2007 3047 2076 parcius,
3081 2019 3356 2060 exsortem
3397 2005 3616 2073 quidem

2035 2107 2087 2152 te
2133 2111 2278 2161 esse,
2331 2099 2625 2166 prohibere
2667 2109 2846 2152 tamen
2894 2096 3158 2167 potuisse,
3207 2097 3302 2150 sed
3357 2097 3616 2149 noluisse.

2030 2189 2398 2259 Quamobrem
2461 2189 2657 2245 merito
2702 2197 2754 2244 te
2811 2189 2880 2242 ab
2933 2187 3188 2243 omnibus
3247 2188 3615 2242 accusandum

2035 2282 2209 2337 videri
2239 2283 2411 2338 aiunt.
2451 2280 2557 2336 Alii
2590 2282 2754 2336 etiam
2796 2279 3029 2337 voluisse
3056 2279 3272 2349 quidem
3307 2289 3380 2345 te,
3424 2289 3481 2334 at
3509 2295 3620 2336 non

2032 2375 2275 2444 potuisse
2307 2374 2374 2428 ab
2417 2372 2613 2441 injuria
2649 2370 2956 2442 prohibere.
2990 2369 3193 2425 Verum
3226 2385 3401 2438 neque
3432 2369 3486 2424 hi
3521 2370 3618 2426 ab-

2032 2462 2321 2518 solutionis
2353 2463 2419 2518 de
2467 2472 2518 2518 te
2549 2463 2878 2517 sententiam
2911 2459 3114 2524 ferunt,
3147 2461 3241 2514 sed
3286 2461 3459 2525 aiunt,
3509 2460 3615 2516 etsi

2035 2567 2144 2608 non
2195 2553 2702 2616 communicaverit,
2745 2552 2888 2621 quod
2946 2559 3128 2605 tantus
3175 2558 3354 2604 tamen
3401 2551 3614 2605 amicus

2033 2643 2198 2700 fuerit
2243 2645 2433 2715 ipsius,
2482 2643 2884 2700 contaminatus
2932 2653 3048 2709 est;
3093 2641 3215 2712 jure
3268 2641 3618 2698 inducendus

2033 2735 2199 2807 igitur
2229 2753 2310 2804 es,
2346 2747 2407 2792 ut
2438 2736 2582 2791 illam
2616 2735 2967 2805 ignominiam
2999 2735 3206 2790 deleas.

2188 2847 2496 2905 DXXXVII.
2531 2879 2598 2889 —
2631 2845 3016 2904 EUDEMONI
3055 2845 3346 2902 PHILIPPI
3391 2845 3452 2900 F.

970 2979 1162 3035 Rerum
1187 2982 1491 3048 cwiestium,
1515 3000 1672 3052 quam
1699 2987 2029 3038 terrestrium
2055 3001 2186 3038 cura
2225 2986 2422 3054 potior.
2450 2983 2632 3057 (Cuuf.
2659 2986 2805 3053 t’ptal.
2853 2982 2997 3054 I08.)

421 3091 648 3162 Ἐπειδὴ
673 3093 774 3146 οὐκ
799 3093 858 3156 ἐξ
888 3092 1003 3146 ἴσου
1039 3092 1146 3145 τῶν
1173 3093 1510 3147 διδασκάλων
1536 3095 1634 3164 τὴν
1658 3095 1922 3166 ἀκρόασιν

2100 3097 2234 3152 Cum
2261 3113 2366 3151 non
2399 3098 2513 3166 pari
2549 3097 2741 3151 alTectn
2775 3097 3017 3151 docentis
3047 3095 3372 3168 accipiamus
3402 3108 3613 3170 vocem,

343 3183 668 3256 ποιούμεθα.
705 3184 839 3263 ἀλλὰ
874 3187 984 3248 τοῖς
1024 3185 1121 3254 μὲν
1160 3187 1253 3238 ἐπὶ
1293 3187 1360 3238 τὰ
1400 3186 1628 3255 βιωτικὰ
1665 3203 1920 3257 παρακα-

2032 3187 2124 3242 sed
2159 3187 2224 3242 iis
2255 3204 2376 3259 quas
2409 3191 2474 3242 ad
2526 3188 2807 3243 saecularia
2859 3189 3108 3251 invitant,
3153 3188 3391 3240 animum
3434 3187 3605 3254 appli-

340 3274 490 3330 λοῦσι
515 3279 857 3348 προσέχομεν
888 3278 980 3330 τὸν
1011 3277 1136 3330 νοῦν
1158 3295 1172 3310 ·
1203 3277 1310 3330 τῶν
1343 3277 1399 3330 δὲ
1430 3279 1523 3329 ἐπὶ
1549 3278 1648 3347 τὴν
1673 3278 1922 3348 οὐράνιον

340 3367 664 3438 φιλοσοφίαν
708 3367 1019 3422 καλούντων
1053 3370 1176 3421 οὐδὲ
1215 3368 1314 3440 τὴν
1359 3369 1541 3436 φωνὴν
1577 3369 1917 3438 ἀνεχόμεθα·

339 3458 424 3514 διὰ
450 3458 616 3514 τοῦτο
647 3459 717 3514 τὰ
741 3461 842 3531 μὲν
871 3461 1030 3533 ἔργα,
1056 3462 1124 3514 τὰ
1145 3461 1204 3514 δὲ
1233 3461 1512 3532 ἡγούμεθα
1537 3461 1812 3532 πάρεργα.

609 3645 782 3699 ΦΛῐΡ.
823 3674 894 3684 -
931 3645 1141 3698 ΗΡΩΝΙ
1181 3644 1646 3717 ΠΡΕΣΒΥΤΕΡῼ.

2029 3295 2215 3334 cemus
2243 3296 2258 3347 ;
2291 3291 2348 3333 at
2396 3280 2487 3348 qui
2529 3281 2594 3334 ad
2643 3280 2914 3334 caelestem
2961 3290 3154 3332 vocant
3189 3277 3608 3345 philosonhiam,

2029 3385 2216 3423 corum
2243 3387 2311 3424 ne
2335 3385 2518 3424 vocem
2548 3371 2760 3438 intidem
2782 3369 2968 3423 audire
2999 3370 3324 3422 sustinemus
3359 3385 3372 3421 :
3409 3367 3612 3421 idcirco

2033 3461 2118 3514 illa
2165 3463 2384 3530 quidem
2432 3463 2608 3526 utilia,
2657 3462 2769 3514 hanc
2807 3475 2936 3513 vero
2972 3460 3203 3525 inutilia,
3235 3468 3288 3513 et
3335 3459 3403 3512 ab
3441 3473 3608 3528 opere

2025 3553 2280 3607 ducimus
2321 3552 2518 3610 aliena.

2176 3638 2508 3694 DXXXVIII.
2535 3668 2606 3678 —
2637 3636 2893 3692 IIERONI
2933 3636 3411 3692 PIIESBY'I‘EBO.

1325 3757 1668 3812 Laconismns
1696 3757 1970 3810 laudatur.
1999 3751 2239 3822 (Confer.
2271 3752 2426 3818 epist.
2463 3751 2613 3818 121.)

409 3867 536 3938 Χρὴ
575 3866 676 3920 κάν
705 3864 782 3934 τῷ
811 3866 1010 3934 λέγειν.
1045 3865 1148 3918 κάν
1179 3862 1254 3936 τῷ
1287 3863 1522 3935 γράφειν
1543 3861 1709 3932 τιμᾷν
1734 3860 1794 3914 τὸ
1823 3859 1918 3930 μὲ-

340 3973 514 4028 τριονο
541 3959 636 4010 καὶ
669 3955 748 4027 μὴ
770 3955 875 4020 ἔξω
910 3957 1020 4008 τῶν
1053 3954 1258 4027 καιρῶν
1291 3951 1573 4026 φέρεσθαι.
1599 3953 1650 4006 εί
1685 3951 1760 4022 μή
1792 3966 1856 4020 γε
1883 3951 1918 4022 ή

339 4045 450 4098 τῶν
499 4044 790 4119 ἀκροατῶν
849 4044 1118 4116 βραδυτὴς
1163 4043 1524 4114 ἀναγκάσειεν
1571 4044 1778 4098 ἄκοντα
1827 4041 1920 4096 τὸν

344 4137 594 4206 λέγοντα,
623 4137 717 4190 καὶ
745 4137 838 4189 ἐπὶ
861 4136 924 4189 τὸ
959 4138 1334 4208 μακρηγορεῖν
1365 4135 1694 4200 ὲκϐιάζοιτο.

391 4249 562 4302 ΦΛΘ.
592 4276 660 4288 -
691 4246 960 4317 ΖΩΣΙΜῼ,
996 4245 1262 4298 ΜΔΡΩΝΙ
1295 4245 1414 4299 ΚΑΙ
1463 4245 1877 4300 XAIPHMONI.

2095 3856 2231 3913 Cum
2281 3859 2332 3912 in
2386 3859 2636 3926 dicendo,
2684 3869 2793 3913 tum
2847 3861 2896 3913 in
2947 3858 3238 3914 scribendo
3289 3859 3478 3913 modus
3523 3865 3609 3915 est

2025 3951 2384 4015 adhibendus,
2444 3951 2684 4022 nihilque
2727 3949 3084 4006 immoderate
3131 3951 3437 4010 dicendum.
3498 3951 3601 4006 nisi

2024 4042 2166 4096 forte
2219 4041 2524 4098 auditorum
2577 4044 2786 4098 tardum
2842 4042 3138 4112 ingenium,
3180 4043 3342 4096 etiam
3371 4042 3594 4096 invitum

2021 4135 2205 4190 dicere
2227 4133 2628 4205 explanareque
2648 4141 2805 4203 cogat
2827 4133 3120 4204 copiosius.

2025 4241 2314 4298 DXXXIX.
2373 4271 2444 4284 —
2507 4239 2796 4302 ZOSIMO,
2877 4239 3184 4308 MARONI,

2687 4308 2974 4366 IIEMONI.

3259 4240 3346 4294 ET
3413 4239 3502 4296 Cll
3508 4239 3619 4294 119-.

1331 4409 1700 4465 l’eccatoribus
1726 4425 1842 4464 sere
1883 4405 2254 4478 penitentibus
2281 4406 2502 4488 ignoscit
2539 4405 2706 4460 Deus.

413 4523 478 4576 Εἰ
506 4521 602 4576 καὶ
635 4519 866 4589 μέγιστα
891 4520 986 4573 καὶ
1013 4517 1340 4589 συγγνώμης
1375 4516 1596 4588 μείζονα
1625 4517 1912 4590 ἐπλημμε-

2091 4513 2332 4571 Tametsi
2369 4525 2425 4570 et
2462 4514 2672 4586 gravia,
2708 4523 2764 4570 et
2793 4515 2952 4570 venia
2997 4514 3215 4584 indigna
3269 4514 3608 4570 commiseri~

342 4613 572 4685 λήσατε,
597 4612 734 4666 ἀλλά
769 4627 833 4680 γε
869 4609 1200 4682 συγγνώμης
1238 4609 1411 4664 ταῦτα
1452 4610 1674 4678 ἀξιώσει
1708 4612 1738 4664 ὁ
1779 4611 1920 4682 Κριο

343 4706 463 4778 τὴς,
488 4707 604 4776 sive
641 4707 927 4776 εἰλικρινεῖ
957 4704 1216 4774 μετανοίᾳ
1247 4703 1637 4776 θεραπευθείη.

625 4814 762 4870 ΦΜ’.
799 4842 870 4856 --
895 4813 1132 4868 ΙΕΡΑΚΙ
1167 4812 1619 4884 ΠΡΕΣΒΥΤΕΡῼ

2027 4612 2116 4678 tis,
2149 4610 2317 4680 judex
2366 4620 2548 4672 tamen
2603 4611 2744 4668 Deus
2791 4610 3060 4682 ignoscet,
3099 4611 3143 4667 si
3187 4611 3347 4672 modo
3391 4611 3605 4668 sincera

2029 4704 2324 4767 accesserit
2353 4703 2696 4774 paenitentia.

2253 4809 2424 4866 'DXL.
2457 4839 2532 4853 --
2559 4808 2842 4867 HIERACI
2881 4809 3363 4868 PRESBYTERO.

1367 4925 1443 4980 De
1464 4923 1780 4980 meticulosis
1809 4934 1856 4979 et
1884 4923 2066 4994 inﬁdis
2097 4921 2558 4980 commilitonibus.

414 5064 478 5118 οι
505 5061 614 5134 πρὸ
639 5061 748 5116 τῶν
776 5059 1038 5115 κινδύνων
1061 5057 1155 5128 ,τῷ
1194 5057 1346 5128 φόϐῳ
1385 5056 1790 5128 δεδουλωμένοι,
1821 5059 1916 5112 καὶ⁹

349 5153 424 5224 μὴ
471 5155 714 5222 ἐνεγκεῖν
755 5151 853 5222 τὴν
894 5149 1223 5222 προσδοκίαν
1258 5148 1578 5218 δυνηθέντες
1599 5188 1616 5216 ,
1653 5149 1758 5220 πρὸ
1805 5148 1915 5202 τῶν

345 5246 683 5316 πραγμάτων
714 5243 808 5298 τοῦ
841 5242 1034 5316 καιροῦ
1065 5242 1161 5314 τὴν
1206 5240 1508 5313 μεταϐολὴν
1545 5241 1918 5312 θεραπεύσαν-

345 5352 454 5400 τες,
483 5335 601 5401 πῶς
625 5336 725 5390 οὐκ
751 5335 974 5406 ἔμελλον
993 5335 1178 5397 αὐτοῖς
1200 5335 1312 5398 τοῖς
1336 5333 1528 5397 δεινοῖς
1549 5332 1916 5404 ἐμϐεϐηκότες

348 5425 596 5500 ἄνανδροι
635 5426 1007 5499 ὀφθήσεσθαη
1039 5425 1248 5482 Οὐκοῦν
1273 5427 1324 5479 εί
1369 5425 1639 5496 παρόντες
1677 5423 1830 5478 οὐδὲν
1859 5423 1928 5478 ἂν

347 5511 564 5585 ὤνησαν
582 5515 708 5577 τοὺς
729 5515 1162 5582 συναγωνιστὰς,
1185 5513 1420 5576 ἀπόντες
1437 5511 1506 5564 τὰ
1531 5511 1762 5582 μέγιστα
1783 5511 1923 5580 ώφὲ-

350 5601 538 5672 λησαν,
579 5606 672 5662 καὶ
705 5605 809 5676 τὴν
845 5603 1024 5675 λύπην
1051 5603 1150 5675 τὴν
1188 5607 1254 5659 ὲκ
1281 5605 1379 5674 τῆς
1408 5602 1697 5675 προδοσίας
1741 5603 1920 5674 ἠμαύ-

355 5709 548 5765 ρωσαν.

2093 5054 2194 5124 Qui
2245 5055 2296 5110 in
2332 5053 2588 5126 periculis
2630 5049 3186 5126 adversisquerebus
3229 5058 3380 5126 metu
3425 5047 3593 5118 capti,

2024 5149 2201 5206 timori
2260 5145 2626 5210 subserviunt,
2683 5158 2862 5216 neque
2909 5141 3036 5196 ntali
3077 5141 3442 5212 impendentis
3491 5153 3600 5196 me-

2023 5251 2134 5296 tum
2169 5239 2314 5296 ferre
2347 5247 2594 5310 possunt,
2634 5239 2772 5293 "ante
2813 5243 3024 5304 tempus
3065 5250 3243 5310 rerum
3297 5242 3602 5308 commuta-

2025 5331 2222 5388 tionem
2257 5338 2597 5400 exoptantes,
2629 5329 2684 5384 1ιί
2713 5329 2758 5384 si
2792 5329 2844 5383 in
2881 5326 3068 5398 gravia
3110 5325 3246 5386 mala
3285 5324 3594 5393 inciderint,

2025 5423 2212 5492 quidni
2255 5421 2548 5478 effeminati
2605 5420 2906 5489 mollesque
2953 5415 3298 5476 habeantur?
3336 5413 3508 5484 Igitur
3549 5417 3598 5475 si

2027 5523 2324 5586 praesentes
2356 5512 2562 5568 nullum
2591 5513 2854 5567 auxilium
2881 5509 3122 5566 tulerunt
3148 5505 3597 5575 allaborantibus,

2026 5605 2282 5660 absentes
2328 5605 2564 5660 maxime
2591 5603 2929 5674 profuerunt,
2961 5607 3016 5655 et
3049 5597 3289 5654 dolorem
3329 5597 3598 5670 proditio-

2029 5700 2112 5758 nis
2141 5699 2493 5766 dissiparuut.
