4110 6376
582 330 716 398 1631
1774 331 1834 390 S.
1880 330 2067 390 ISIDC

647 442 809 516 ⁷15
838 445 1018 503 DXLI.
1062 478 1133 488 —
1160 440 1554 501 ATHANASIO
1593 437 2067 495 PRESBYTERO.

1774 331 1834 390 S.
1880 328 2173 390 ISIDORI
2208 328 2647 390 PELUSIOTxE

2179 453 2247 504 Α.

2445 342 2647 389 auras
3661 342 3783 410 1632

2445 438 2625 494 ΦΜΑι.
2653 467 2726 482 -κ
2765 438 3105 512 aemulo
3132 438 3585 517 ΠΡΕΣΒΥΤΕΡῼ.

1922 513 2294 625 ΡΙιίίοσορίιατὶ
2327 553 2472 624 quid.

645 667 928 739 Siquidem
973 684 1085 725 non
1133 668 1306 725 videri
1349 666 1737 738 philosophari,
1769 673 1830 721 ut
1867 665 1971 729 ais,
2001 665 2145 736 opti-

572 777 718 817 mam
744 777 865 819 esse
893 763 1181 819 arbitraris
1220 759 1641 833 philosophandi
1680 760 1971 827 rationem,
2003 759 2145 814 bene

575 851 761 908 habet.
815 852 875 908 Si
917 867 1045 909 vero
1087 852 1413 924 principium
1457 851 1703 923 ignaviae.
1744 858 1797 906 et
1842 858 2144 906 commuta-

583 944 785 999 tionem
819 944 1081 1001 instituta;
1108 945 1235 1000 vitze
1265 944 1588 1014 imaginatus
1623 942 1753 997 illud
1788 941 2027 1010 speciose
2059 939 2146 1010 ja-

574 1034 755 1101 ctasli,
781 1035 1011 1102 pessima
1042 1050 1102 1091 es
1127 1050 1256 1090 usus
1277 1034 1567 1090 sententia.
1598 1033 1763 1089 Recte
1791 1033 1934 1088 enim
1963 1032 2144 1086 vivere

576 1122 749 1187 decet,
788 1135 893 1175 non
943 1123 1009 1176 ad
1042 1121 1464 1177 ostentationem
1514 1128 1571 1176 et
1614 1136 1891 1193 pompam.
1933 1120 1989 1175 Si
2021 1119 2143 1190 quis

575 1208 742 1279 igitur
796 1211 1019 1281 ignaviae
1062 1212 1341 1267 convictus
1382 1213 1484 1267 hoc
1529 1211 1672 1267 idem
1712 1212 1896 1268 dicere
1945 1213 2141 1266 erube-

577 1312 736 1355 scens
770 1301 1003 1369 primum
1046 1301 1170 1356 inde
1206 1302 1453 1372 coeperit,
1484 1317 1552 1358 ne
1586 1301 1957 1373 philosophari
1991 1302 2143 1356 vide-

576 1395 753 1453 retur,
809 1396 996 1457 postea
1039 1390 1262 1445 desierit
1307 1391 1361 1446 in
1397 1406 1486 1457 eo,
1531 1399 1589 1445 ut
1626 1391 1847 1448 omnino
1888 1407 1994 1447 non
2030 1392 2145 1461 phi-

576 1477 979 1546 losopharetur,
1017 1481 1295 1538 meliorem
1328 1482 1372 1536 is
1398 1483 1697 1538 ostenderit
1726 1498 1872 1548 eum,
1905 1482 1994 1553 qui
2028 1497 2145 1537 ma-

578 1568 836 1625 nifestare
879 1573 1105 1640 studuit,
1138 1590 1199 1629 se
1240 1574 1658 1645 philosophandi
1705 1575 1946 1631 Studium
1983 1584 2149 1632 antea

577 1667 867 1716 sectatum.

800 1767 1003 1826 DXL".
1032 1800 1103 1813 --
1130 1770 1403 1828 DANIELI
1441 1772 1917 1830 PRESBYTERO.

2321 664 2386 717 Ei
2417 665 2517 734 μὲν
2550 663 2610 718 τὸ
2664 664 2738 736 μὴ
2776 665 2954 719 δοκεῖν
2984 663 3311 735 φιλοσοφεῖν,
3341 667 3416 730 ὡς
3441 668 3561 740 φὴς,
3592 671 3785 740 φιλοσο-

2252 754 2379 826 φίαν
2411 754 2640 826 ἀρίστην
2664 752 2801 810 εἶναι
2845 756 3155 827 νενόμικας,
3178 751 3237 810 εὖ
3267 754 3331 810 ἀν
3359 757 3467 828 ἔχοι
3486 775 3499 788 ο
3531 763 3578 814 ει
3623 762 3675 815 δέ
3697 764 3788 835 ἀρ-

2252 847 2353 919 χὴν
2388 847 2691 919 ῥᾳθυμίας,
2723 849 2818 904 καὶ
2849 848 3150 921 μεταϐολὴν
3181 841 3448 914 πολιτείας
3470 854 3789 921 φαντασθεὶς,

2251 938 2410 992 τοῦτο
2448 938 2901 1009 κατεκομψεύσω,
2935 940 3175 1014 κακίστῃ
3204 940 3397 1013 γνώμῃ
3425 943 3652 1014 ἐχρήσω.
3680 949 3790 1019 Χρὴ

2253 1028 2352 1101 μὲν
2379 1028 2488 1100 γὰρ
2517 1028 2695 1100 ὀρθῶς
2714 1068 2730 1094 ,
2768 1030 2866 1083 καλ⁵
2901 1030 2976 1101 μὴ
3008 1031 3147 1102 πρὸς
3187 1031 3440 1096 ἐπίδειξιν
3464 1033 3624 1104 βιοῦν.
3656 1037 3713 1089 Εἰ
3740 1039 3793 1091 δέ

2248 1139 2335 1186 τις
2360 1121 2523 1184 ἁλοὺς
2554 1120 2818 1193 ῥᾳθυμίᾳ,
2848 1122 2979 1176 αὐτὸ
3005 1121 3163 1176 τοῦτο
3189 1122 3453 1194 ἐρυθριῶν
3479 1126 3667 1190 εἰπεῖν,
3693 1129 3791 1182 ἀπὸ

2248 1207 2342 1262 τοῦ
2377 1209 2451 1281 μὴ
2476 1207 2622 1274 δόξαι
2652 1210 2962 1279 φιλοσοφεῖν
2991 1209 3318 1282 ἀρξάμενος,
3366 1214 3444 1277 είς
3475 1214 3534 1267 τδ
3573 1216 3797 1285 μηδόλως

2247 1299 2553 1370 φιλοσοφεῖν
2568 1301 2963 1373 τελευτήσειεν,
2986 1303 3246 1374 ἀμείνονα
3268 1304 3550 1373 ἐπιδείξειε
3569 1307 3655 1361 τὸν
3677 1310 3795 1363 αὐτὸ

2245 1389 2403 1445 τοῦτο
2435 1390 2813 1447 σπουδάσαντα
2866 1392 3154 1459 ἐπιδεῖξαι,
3187 1392 3269 1447 ὅτι
3327 1393 3630 1465 φιλοσοφεῖν
3675 1414 3799 1467 προ-

2246 1481 2471 1555 ῄρηται.

2454 1845 2463 1853 _
2490 1779 2669 1834 sua.
2698 1808 2770 1821 —
2789 1758 3050 1833 AANIHA
3082 1780 3561 1851 ΠΡΕΣΒΠΕΡῼ.

1364 1863 1553 1920 Gratia
1584 1882 1687 1923 non
1723 1868 2127 1936 corrumpenda,
2162 1871 2253 1927 sed
2281 1872 2550 1944 referenda
2580 1881 2806 1940 tempore
2829 1872 3026 1928 alieno.

644 1959 883 2018 Gratiam
935 1966 1285 2035 repeudcndo
1331 1977 1576 2024 mutuum
1616 1970 1669 2025 in
1725 1970 1886 2027 rebus
1926 1970 2145 2040 injustis

572 2049 753 2107 vitiari
797 2053 1019 2110 minime
1066 2059 1341 2112 convenit.
1393 2057 1496 2126 Qui
1556 2060 1701 2115 enim
1739 2061 1885 2131 juste
1924 2062 2141 2132 quidem

571 2140 808 2208 adjutus,
837 2142 888 2196 in
919 2143 1138 2211 injustis
1168 2162 1299 2202 vero
1329 2149 1491 2204 rebus
1529 2150 1808 2205 auxilianti
1850 2153 2142 2221 succurrit,

573 2228 778 2296 injuste
800 2230 1002 2301 justam
1037 2238 1336 2307 corrumpit
1364 2240 1618 2310 gratiam.
1643 2240 1882 2312 Mihique
1908 2244 2140 2312 videtur,

570 2320 660 2386 qui
709 2336 815 2376 non
863 2322 936 2378 ita
980 2328 1263 2396 rependit,
1320 2331 1615 2387 benevolus
1664 2347 1805 2389 esse.
1851 2334 1955 2401 Qui
1999 2338 2143 2391 enim

563 2411 771 2479 justum
808 2414 1037 2488 adeptus
1075 2421 1335 2478 auxilium
1379 2434 1487 2487 est,
1521 2423 1670 2493 justc
1693 2442 1792 2497 par
1827 2427 2033 2485 referre
2058 2432 2146 2487 de-

569 2498 680 2567 bet,
719 2511 779 2557 ut
807 2507 994 2574 gratiae
1023 2522 1135 2565 sua
1179 2521 1425 2569 servetur
1462 2515 1774 2585 appellatio.
1806 2517 1911 2574 Sed
1952 2533 2131 2589 neque

570 2590 648 2646 illi
676 2593 767 2662 qui
799 2594 854 2649 in
896 2596 1061 2654 licitis
1090 2601 1461 2671 benefaciunt,
1506 2605 1561 2659 in
1608 2606 1816 2665 illicitis
1857 2623 2005 2667 reete
2046 2627 2134 2669 re-

570 2686 996 2743 munerationem
1025 2698 1234 2760 petunt,
1260 2709 1435 2764 neque
1452 2706 1511 2751 ut
1532 2698 1726 2769 ingrati
1746 2704 2147 2771 reprehenden-

568 2771 645 2839 di,
677 2775 771 2847 qui
795 2776 981 2834 illicita
1011 2794 1118 2836 non
1144 2786 1468 2854 rependunt.

1225 2866 1241 2898 ι

742 2972 974 3035 DXLIII.
1042 3011 1091 3022 —
1120 2981 1351 3040 PETRO
1390 2985 1594 3044 REMP.
1637 2990 1961 3049 GERENTI.

2319 1979 2393 2033 Οὐ
2428 1978 2534 2051 χρὴ
2585 1978 2943 2049 λυμαίνεσθαι
2972 1979 3071 2042 τὰς
3118 1980 3351 2049 χάριτας
3396 1978 3476 2051 τῷ
3508 1981 3563 2032 ἐν
3610 1980 3803 2045 ἀδίκοις

2249 2070 2568 2142 πράγμασιν
2614 2069 3021 2124 ἀνταποδιδόναι
3065 2071 3166 2133 τὰς
3215 2070 3472 2141 ἀμοιϐάς.
3517 2069 3574 2123 ’0
3602 2070 3704 2141 γὰρ
3729 2071 3800 2123 διε

2251 2162 2424 2226 καίως
2456 2162 2556 2233 μὲν
2595 2161 2902 2234 βοηθηθεὶς,
2951 2163 3012 2215 ἐν
3056 2162 3265 2226 ἀδίκοις
3312 2162 3372 2216 δὲ
3422 2161 3703 2234 πράγμασι
3735 2163 3807 2232 τῷ

2253 2254 2581 2327 βοηθήσαντι
2636 2254 2965 2326 ἐπαμύνων,
3003 2254 3064 2308 οὐ
3104 2255 3336 2318 δικαίως
3392 2254 3604 2308 δικαίαν
3657 2255 3807 2325 χάριν

2249 2344 2571 2416 διαφθείρει.
2605 2344 2715 2397 Καί
2748 2361 2837 2414 μοι
2887 2344 3035 2397 δοκεῖ
3073 2348 3102 2398 ὁ
3137 2344 3213 2416 μὴ
3246 2344 3394 2397 οὕτω
3451 2343 3807 2413 ἀμειψάμενος

2250 2436 2548 2507 εὐγνώμων
2579 2430 2738 2490 εἶναι.
2779 2435 2838 2489 '0
2867 2435 2978 2507 γὰρ
3003 2436 3222 2499 δικαίας
3273 2435 3594 2504 ἐπικουρίας
3620 2431 3807 2505 τυχὼν,

2248 2525 2469 2588 δικαίως
2491 2526 2585 2579 καὶ
2612 2525 2710 2597 τὴν
2738 2525 2974 2595 ἀμοιϐὴν
2998 2526 3293 2580 ἀποδοῦναι
3320 2526 3546 2595 ὀφείλει,
3590 2525 3674 2578 ἵνα
3703 2540 3804 2577 σω-

2250 2616 2368 2687 θείη
2407 2616 2508 2688 τῆς
2551 2618 2773 2689 χάριτος
2810 2620 2844 2689 ἠ
2882 2618 3243 2691 προσηγορία.
3301 2617 3466 2673 mm
3507 2617 3640 2688 μηδέ
3673 2618 3722 2669 οἱ
3752 2617 3807 2668 ἐν

2248 2704 2331 2772 οἷς
2363 2708 2521 2780 θέμις
2571 2710 3056 2781 εὐεργετήσαντες,
3086 2712 3145 2763 ἐν
3168 2705 3252 2775 οἷς
3283 2711 3363 2782 μὴ
3391 2710 3553 2781 θέμις
3575 2709 3810 2763 ἀπαιτεί-

2246 2816 2429 2854 τωσαν
2473 2800 2572 2866 τὰς
2613 2800 2871 2872 ἀμοιϐὰς,
2909 2802 3045 2873 μηδὲ
3099 2804 3438 2874 ἀχαρίστους
3493 2800 3810 2856 καλείτωσαν

2248 2891 2374 2954 τοὺς
2395 2892 2454 2946 ἐν
2473 2884 2555 2955 οἷς
2591 2892 2666 2963 μὴ
2697 2891 2873 2961 ἔξεστι
2908 2892 2985 2964 μὴ
3014 2893 3454 2965 ἁμειψαμένους.

2474 3001 2653 3057 ΦΜΓ¹.
2673 3031 2743 3042 -
2771 3001 3002 3074 ΠΕΤΡῼ
3025 3003 3595 3073 ΠΟΛΙΤΕΥΟΜΕΝῼ.

564 3087 609 3142 Α
636 3086 895 3159 legatione
922 3092 1057 3163 falso
1082 3098 1222 3153 obita
1257 3100 1511 3157 abstinere
1532 3105 1706 3175 jubet,
1737 3106 1889 3186 cujits
1917 3105 2179 3162 Eschine

2282 3117 2498 3161 accusat
2555 3107 2923 3165 Demosthenes
2960 3121 3099 3167 orat.
3125 3112 3268 3180 Περὶ
3318 3111 3807 3183 παραπρεσϐείας,

635 3192 830 3250 Missus
875 3211 935 3253 es
973 3200 1041 3254 ad
1083 3205 1502 3275 expediendum,
1547 3224 1655 3265 non
1691 3211 1761 3267 ad
1799 3213 2141 3268 vendendum
2172 3209 2215 3266 ο

564 3284 855 3339 commissa
881 3290 1115 3358 negotia,
1143 3291 1471 3362 legationem
1498 3298 1748 3357 obiturus
1766 3316 1874 3358 non
1904 3302 2092 3357 falsam
2116 3322 2131 3359 :

2334 3213 2653 3285 Ἐπέμφθης
2688 3215 2903 3271 ἀνύσων
2934 3218 2995 3270 οὐ
3030 3217 3388 3291 προξενήσων
3435 3223 3549 3284 τοῖς
3578 3219 3810 3290 πέμψασι

2242 3306 2566 3377 πράγματα·
2595 3307 2976 3378 πρεσϐεύσων,
3005 3310 3068 3363 οὐ
3115 3311 3653 3383 παραπρεσϐεύσων·
3689 3327 3810 3364 κατ-

563 3382 619 3427 et
670 3376 1082 3448 emendaturus,
1141 3399 1251 3441 non
1302 3402 1615 3446 eversurus.
1662 3391 1744 3448 Ne
1788 3393 1951 3465 igitur
1986 3394 2135 3451 falsa:

2246 3376 2518 3465 ορθώσων,
2558 3399 2627 3451 οὐ
2641 3376 3069 3471 καταστρέφων.
3107 3376 3222 3473 (Si)
3252 3376 3373 3457 Ἵνα
3401 3401 3496 3456 οὖν
3531 3403 3605 3475 μή
3651 3418 3812 3473 παρα-

564 3466 724 3523 obita:
767 3469 1054 3539 legationis
1093 3481 1367 3536 accuseris
1405 3484 1526 3538 veni
1570 3486 1754 3541 statim
1790 3494 1842 3543 te
1879 3486 2136 3545 defensu-

566 3570 690 3623 rus,
719 3567 775 3614 et
801 3560 1152 3630 ignominiam
1185 3568 1484 3628 deleturus.

759 3668 987 3728 DXLIV.
1016 3703 1088 3715 —
1107 3672 1414 3734 'OPHELIO
1452 3679 1931 3742 GRAMMATICO.

2242 3488 2540 3560 πρεσϐείας
2597 3490 2898 3561 ὑποσταίης
2961 3493 3201 3566 γραφήν,
3242 3490 3355 3567 ἦκε
3402 3497 3506 3566 τὴν
3562 3496 3809 3566 ταχίστην

2241 3578 2711 3650 ἀπολογησόμενος
2735 3619 2751 3645 ,
2786 3581 2880 3634 καὶ
2912 3582 3011 3654 τὴν
3046 3584 3265 3649 ἀδοξίαν
3296 3586 3730 3657 ἀποτριψάμενος

2495 3688 2669 3742 ΦΜΔν.
2704 3718 2775 3729 -
2805 3689 3050 3761 ΩΦΕΛΙῼ
3079 3691 3571 3765 ΓΡΑΜΜΑΤΙΚῼ.

1577 3775 1708 3840 Qua:
1732 3776 1895 3830 virtus
1936 3774 2209 3833 Historias.
2237 3774 2459 3847 (Similis
2489 3777 2640 3844 epist.
2672 3777 2822 3849 450.)

634 3867 885 3935 Maxima,
910 3886 944 3926 o
974 3876 1167 3942 amice,
1187 3878 1428 3936 historiae
1455 3891 1509 3936 et
1532 3883 2004 3954 contemplationis
2026 3886 2132 3940 vir-

2308 3886 2577 3956 Μεγίστη,
2607 3878 2653 3939 ὧ
2677 3885 2848 3954 φίλος,
2876 3887 3117 3959 ἱστορίας
3161 3890 3255 3943 καὶ
3291 3890 3538 3963 θεωρίας
3574 3891 3737 3962 ἀρετή
3763 3909 3815 3945 τε

563 3966 653 4013 tus
676 3967 760 4014 est
795 3961 1082 4021 articulata
1114 3982 1293 4024 causa:
1318 3972 1480 4038 ratio,
1520 3973 1777 4044 quodque
1813 3986 2130 4045 argumenta

2246 3976 2338 4031 καὶ
2369 3976 2696 4048 διάρθρωσις
2721 3979 3042 4050 αἰτιολογία,
3077 3983 3248 4036 καὶτὸ
3276 3983 3377 4048 τάς
3406 3961 3693 4048 δποθέσεις
3714 3986 3817 4048 τοῖς

564 4050 941 4119 ignorantibus
984 4056 1257 4126 explanat.
1302 4060 1420 4127 Qua
1465 4064 1668 4123 virtute
1710 4066 1758 4121 si
1800 4074 2004 4134 careat,
2037 4069 2133 4124 de-

2246 4066 2524 4135 ἀγνοοῦσιν
2554 4069 2923 4141 ἀπογυμνοῦν.
2962 4073 3024 4125 Εἰ
3067 4072 3122 4125 δὲ
3167 4075 3377 4147 ταύτης
3401 4075 3692 4150 χηρεύσειε
3727 4076 3818 4145 τῆς

564 4145 959 4201 monstratione
987 4148 1153 4204 etiam
1179 4151 1408 4209 carebit.

1039 4260 1245 4321 DXLV.
1275 4292 1343 4305 —
1371 4264 1660 4326 MARONI.

2239 4158 2438 4230 ἀρετῆς
2457 4198 2474 4225 ,
2507 4161 2602 4213 καὶ
2636 4164 2735 4234 τῆς
2771 4162 3096 4230 ἀποδείξεως
3125 4165 3333 4238 ἔρημος
3363 4170 3477 4242 εἴη.

2730 4273 2909 4327 ΦΜΕ’.
2939 4306 3011 4317 -
3047 4277 3335 4334 ΜᾹΡΩΝΙ.

560 4348 774 4407 Divitiw
797 4368 899 4408 non
928 4354 1146 4411 satiant.
1177 4356 1354 4428 (Conf.
1386 4362 1541 4429 epist.
1580 4359 1708 4429 488,
1737 4359 1842 4417 496
1862 4371 1910 4416 et
1929 4358 2526 4485 5g?;oe;‘.T%og‘.1tters.
2564 4360 2704 4426 l53;
2731 4360 2912 4417 Solon.
2939 4381 3070 4420 vers.
3103 4366 3208 4433 99;
3249 4378 3297 4422 et
3346 4368 3523 4425 Clem.
3561 4369 3808 4425 Alexand.

628 4553 931 4639 Disceinon
958 4571 988 4611 a
1011 4572 1117 4624 me,
1161 4560 1259 4616 sed
1299 4561 1367 4618 ab
1411 4563 1527 4634 ipsa
1575 4564 1655 4621 rei
1688 4572 1902 4634 natura,
1934 4566 1981 4623 si
2011 4566 2135 4622 inii-
2165 4529 2180 4585 ¹

2308 4565 2399 4637 Μὴ
2431 4567 2559 4636 παρ’
2590 4565 2747 4637 ἐμοῦ,
2789 4566 2924 4620 ἀλλὰ
2964 4569 3096 4638 παρ’
3126 4569 3295 4639 αὐτῆς
3323 4569 3430 4641 τῆς
3478 4570 3697 4640 φύσεως
3729 4567 3813 4622 τοῦ

559 4645 703 4700 nitas
728 4647 1029 4715 quaerendae
1057 4651 1299 4720 pecuniae
1321 4651 1438 4707 vias
1459 4655 1810 4729 cxcogitaris,
1826 4660 2133 4716 satietatem

2246 4657 2559 4730 πράγματος
2599 4658 2875 4729 μάνθανε,
2927 4660 3014 4714 ὃτι
3064 4660 3167 4715 κᾶν
3239 4662 3478 4734 μυρίους
3526 4663 3811 4736 χρημάτων

559 4736 786 4792 minime
829 4740 1089 4808 reperies.
1139 4739 1258 4798 Non
1299 4743 1443 4799 enim
1486 4746 1712 4803 satietas
1765 4762 1889 4804 cum
1925 4748 2132 4806 divitiis

2246 4750 2436 4822 πόρους
2482 4754 2818 4825 ἐπινοήσῃς,
2859 4753 3021 4822 κόρον
3066 4753 3164 4825 οὐχ
3202 4756 3471 4828 εὑρήσεις
3497 4774 3513 4790 ο
3552 4758 3666 4818 τοῖς
3707 4752 3797 4824 μὲν

560 4826 833 4880 convenit.
869 4826 1002 4883 Cum
1052 4829 1371 4888 suilicientia
1416 4848 1545 4890 vero
1591 4851 1883 4909 rerumque
1927 4853 2132 4910 pauca-

2231 4818 2340 4913 γὰρ
2370 4844 2557 4916 πόροις
2584 4845 2611 4899 ὁ
2649 4818 2809 4915 κόρος
2831 4818 3242 4909 ἀκατάλλακτός
3272 4818 3397 4900 ἐστι
3422 4818 3463 4914 ,⁷
3486 4850 3551 4919 τῇ
3585 4847 3642 4900 δὲ
3685 4818 3810 4900 αὐτ·
3927 4818 3933 4823 1

564 4931 684 4970 rum
726 4916 1024 4988 indigentia
1058 4918 1218 4978 facile
1263 4923 1607 4988 conciliatur,
1651 4929 1902 4983 convenit
1968 4938 2132 4999 atque

2246 4934 2429 5006 ιρκείᾳ
2485 4937 2580 4989 καὶ
2633 4934 2932 5007 ὀλιγοδείᾳ,
2996 4936 3091 4990 καὶ
3132 4938 3467 5004 σπένδεται,
3506 4916 3601 4995 καὶ
3636 4950 3812 5005 συγχο-

562 5003 859 5062 cohabitat.
893 5007 1091 5066 Desine
1120 5011 1303 5083 itaque
1328 5029 1448 5084 quae
1474 5017 1857 5086 comprehendi
1902 5031 1966 5074 ac
2004 5034 2133 5088 pos-

2243 5026 2389 5097 9eu'st
2410 5065 2425 5089 ,
2465 5026 2560 5080 καὶ
2594 5029 2852 5081 συνοικεῖ.
2886 5026 3145 5082 Πέπαυσο
3181 5029 3364 5083 τοίνυν
3419 5031 3661 5102 ἀκίχητα
3700 5024 3811 5080 διώ-

562 5094 730 5151 sideri
749 5108 1021 5168 nequeant
1046 5106 1369 5161 consectari.
1411 5106 1577 5179 716
1597 5108 1971 5166 Consectando
1989 5112 2135 5166 enim

2246 5094 2366 5172 κων.
2394 5118 2729 5187 Διωκόμενος
2753 5119 2862 5191 γὰρ
2890 5119 2952 5173 οὐ
2985 5122 3481 5192 καταλαμϐάνεται
3499 5094 3622 5194 ,μὴ
3640 5116 3811 5175 διωκό-

563 5202 672 5243 ιιοη
717 5190 1168 5259 comprehendas.
1213 5195 1267 5253 Si
1309 5212 1435 5254 vero
1478 5215 1589 5256 non
1636 5202 1992 5268 consecteris,
2026 5219 2133 5259 non

2246 5224 2397 5278 μενος
2425 5208 2481 5262 δὲ
2505 5190 2942 5280 αὐτεπάγγελτος
2975 5190 3250 5285 ἐπιφοιτᾷ,
3283 5214 3345 5270 οὗ
3376 5190 3808 5287 μόνον-ἀνάπαυ-

563 5291 748 5350 rogata
789 5281 933 5339 ultro
964 5283 1202 5352 advenit,
1258 5303 1363 5344 non
1409 5293 1709 5361 requietem
1753 5296 1913 5351 modo
1939 5293 2034 5350 sed
2078 5307 2134 5351 et

2246 5315 2321 5352 σιν
2339 5338 2353 5363 ,
2388 5298 2524 5354 ἀλλά
2546 5301 2638 5354 καὶ
2666 5301 3008 5375 εὐφροσύνην
3033 5281 3259 5360 ὠδίνων.

565 5369 808 5430 laetitiam
846 5375 1084 5448 pariens.

1680 5542 1913 5598 VARIA‘J
1963 5543 2344 5601 LECTIONES
2386 5546 2470 5606 ET
2504 5546 2736 5606 NOTAE.

643 5679 751 5754 (57)
795 5683 1029 5757 Uterque
1058 5690 1177 5745 cod.
1223 5706 1321 5760 pro
1353 5690 1739 5763 καταστρέφων
1782 5696 1906 5766 legit
1936 5715 2179 5770 καταστρ

2246 5716 2419 5770 πωμεν.
2458 5700 2665 5757 Possm.

750 5864 864 5892 ,σθ-’⁵⁸
