4110 6394
563 432 700 497 ωδε»
1764 427 1825 483 s.
1868 425 2161 484 151110111
2198 422 2635 482 PELUStom
3652 428 3773 493 1535

558 546 637 598 rei
669 543 936 613 gravioris
986 541 1126 594 fama
1163 539 1348 603 allata,
1391 554 1495 592 non
1525 553 1714 606 parum
1752 538 1992 592 dolentes
2015 551 2181 601 nos-1

2166 548 2209 602 Α
2242 535 2431 605 ἐπειδὴ
2463 535 2556 588 καὶ
2601 534 2762 604 ἡμεῖς
2789 572 2802 595 ,
2839 534 2929 585 ὅτε
2974 532 3005 602 ἡ
3042 533 3197 601 φήμη
3228 532 3288 584 τδ
3332 533 3494 586 δεινὸν
3535 537 3772 609 ἐπήγγει-

558 634 702 702 ipsos
724 632 1162 686 excitaveritnus.

2240 629 2329 680 λεν
2364 627 2497 695 (60),
2526 625 2586 678 οὐ
2623 623 2830 694 μικρῶς
2863 622 3222 692 λυπηθέντες,
3250 623 3548 694 ἀνενεγκεῖν
3570 628 3778 696 ἑαυτοὺς

2240 718 2605 786 πεπείκαμεν.

943 828 1094 885 DLH.
1129 860 1200 868 —
1225 826 1403 882 ELl/E
1435 825 1750 883 DIACONO.

2598 827 2770 880 oue:
2801 856 2863 867 -
2902 823 3073 897 rima
3112 823 3429 898 ΔιΑκοΝᾳ.

1296 920 1681 990 Ignoscendum
1708 922 1783 975 vel
1820 937 1923 975 non
1960 920 2175 990 petenti,
2211 935 2327 973 cum
2352 920 2551 990 pudore
2587 919 2743 987 culpa
2768 917 3081 972 ostenditur.

629 1035 741 1088 Etsi
807 1035 945 1087 nihil
998 1033 1129 1087 mihi
1182 1033 1468 1088 confessus
1515 1048 1596 1100 es,
1636 1034 1915 1103 ignoscere
1954 1043 2128 1086 tamen

2307 1032 2370 1083 Ei
2396 1030 2489 1083 καὶ
2520 1028 2762 1100 μηδεμία
2791 1045 2875 1081 σοι
2906 1028 3201 1099 πρόσεστιν
3217 1026 3493 1098 ὁμολογία,
3517 1029 3634 1100 ἐμοὶ
3664 1035 3786 1103 πρέ-

552 1128 745 1187 delum,
778 1127 869 1179 sed
918 1127 1173 1180 delictum
1232 1126 1530 1190 confitenti,
1569 1136 1624 1179 et
1673 1127 1879 1194 pudore
1911 1126 2125 1194 culpam

2238 1140 2329 1177 πει
2367 1120 2697 1192 συγγνώμην
2729 1123 2913 1190 νεῖμαι
2942 1119 3040 1190 τῷ,
3061 1119 3129 1172 δι’
3161 1111 3235 1172 ὧν
3265 1119 3571 1188 αἰσχύνεται
3598 1122 3777 1177 ἀπολο-

554 1217 762 1270 fatenti.
812 1218 954 1271 Cave
1002 1218 1180 1285 itaque
1236 1232 1306 1271 ne
1356 1227 1592 1270 mentem
1637 1218 1929 1281 disturbet,
1974 1219 2119 1286 quod

2234 1210 2530 1283 γήσασοαι,
2555 1210 3085 1281 πεπλημμεληκέναι
3111 1208 3482 1279 ὁμολογοῦντι.
3517 1209 3606 1280 Μὴ
3628 1213 3789 1267 τοίνυν

554 1319 699 1360 tuam
756 1324 859 1361 non
898 1310 1260 1377 exspectarim
1295 1310 1726 1369 excusationem,
1756 1310 1885 1377 quin
1943 1310 2127 1379 potius

2231 1303 2490 1359 ἀπόνοιὰν
2544 1321 2624 1357 σοι
2671 1304 2906 1357 τικτέτω
2935 1304 3032 1366 τὸ,
3065 1302 3167 1373 ἐμὲ
3213 1303 3290 1373 μὴ
3333 1302 3788 1373 ἀναμεμενηκέναι

552 1407 617 1456 ad
675 1416 862 1457 mutuo
921 1420 1021 1458 nos
1071 1405 1331 1457 amandos
1393 1405 1604 1459 incitet.
1636 1402 1795 1457 Tanti
1852 1411 1938 1456 est
1980 1404 2125 1455 enim

2232 1398 2329 1467 τὴν
2365 1398 2464 1468 σὴν
2496 1397 2818 1464 ἀπολογίαν,
2849 1396 2985 1449 ἀλλά
3023 1396 3226 1466 μᾶλλον
3260 1397 3341 1457 είς
3399 1396 3618 1465 ἀγάπην
3653 1413 3787 1466 χειρ-

551 1501 694 1564 aputl
764 1513 849 1552 me
927 1500 1181 1551 momenti
1239 1513 1369 1567 pax,
1431 1508 1487 1552 ιιι
1540 1498 1624 1554 vel
1677 1496 2022 1551 erubescenti
2068 1510 2129 1550 se

2232 1487 2538 1556 αγωγείτω.
2573 1488 2703 1539 ’Ὁτι
2732 1486 2971 1557 τοσαύτη
3005 1504 3094 1556 μοι
3133 1482 3267 1556 πρὸς
3284 1486 3505 1556 εἰρήνην
3541 1484 3788 1555 βλέπουσα

552 1587 870 1655 defendere,
901 1589 1076 1645 libens
1107 1592 1314 1644 veniam
1342 1591 1461 1643 dem
1495 1599 1658 1657 atque
1685 1590 1985 1657 ignoscam.

2237 1580 2500 1650 πρόσεστι
2551 1578 2729 1649 ῥοπὴ,
2771 1577 2847 1640 ὡς
2879 1578 2976 1631 καὶ
3016 1581 3131 1642 τοῖς
3178 1575 3509 1649 ὲρυθριῶσιν
3541 1576 3791 1647 ἀπολογή-

2237 1670 2434 1724 σασθαι
2470 1667 2799 1738 συγγνώμην
2825 1668 3032 1737 νέμειν.

1047 1782 1232 1840 DLlll.
1252 1812 1325 1824 -
1348 1780 1486 1836 ALY
1497 1781 1626 1837 PlO.

2712 1776 2885 1831 oNr'.
2917 1807 2985 1817 —
3015 1777 3294 1847 ΔΛΥΠΙῼ.

1364 1875 1515 1930 Mens
1546 1890 1707 1945 quam
1732 1874 1913 1943 lingua
1949 1873 2119 1941 potius
2139 1870 2447 1926 excolenda.
2473 1866 2620 1940 (Sttp.
2660 1871 2813 1938 epist.
2846 1870 2996 1939 475.)

622 1984 885 2054 Equidem
942 1983 1241 2039 familiares
1292 1998 1464 2049 meos,
1496 1991 1730 2037 mentem
1770 1978 1923 2050 prius
1953 1992 2118 2048 quam
2154 1970 2196 2025 Β

2179 1971 2196 2024 ι
2303 1974 2445 2044 Ἐγὼ
2483 1976 2582 2045 τῆς
2614 1974 2837 2045 γνώμης
2881 1974 2985 2046 πρὸ
3010 1975 3108 2045 τῆς
3150 1974 3401 2045 γλώττης
3448 1973 3582 2039 ἀξιῶ
3618 1992 3802 2027 rtem:-

550 2075 791 2144 lingnam
855 2073 1206 2128 excolendam
1260 2073 1448 2127 doceo.
1515 2069 1668 2137 Quod
1737 2068 1783 2122 si
1834 2077 2131 2137 utrumque

2236 2066 2459 2120 δεῦσθαι
2499 2068 2625 2129 τοὺς
2667 2066 2789 2136 ἐμοὶ
2823 2064 3216 2135 πλησιάζοντας
3242 2082 3257 2095 ο
3296 2067 3346 2118 εί
3396 2065 3454 2118 δὲ
3500 2066 3593 2118 καὶ
3638 2066 3796 2135 ἀμείνω

547 2168 829 2229 obveniat,
856 2175 911 2221 et
937 2165 1150 2234 aliquos
1185 2164 1236 2217 id
1272 2162 1531 2229 oﬂ'endat,
1564 2160 1772 2217 veritas
1810 2174 1933 2213 cum
1959 2158 2117 2213 liber-

2235 2158 2432 2230 ἔχοιεν,
2480 2158 2573 2211 καὶ
2609 2158 2769 2210 λυπεῖ
2796 2174 2948 2219 τινας
2976 2197 2990 2219 .
3044 2156 3280 2226 τάληθὲς
3326 2157 3466 2227 μετά
3500 2160 3804 2230 παρρησίας

565 2269 673 2312 late
729 2257 1194 2326 prouuntiahitur.
1240 2252 1312 2308 Ut
1357 2262 1603 2320 statuas,
1661 2253 1835 2319 obeo,
1888 2251 2128 2305 cunctis-

2225 2249 2525 2314 λελέξεται.
2575 2251 2787 2321 ’Ὠσπερ
2833 2249 3125 2319 ἀγάλματα
3170 2250 3461 2321 περιέπω,
3505 2251 3599 2303 καὶ
3646 2252 3802 2304 πᾶσιν

549 2364 654 2416 que
698 2364 781 2404 me
817 2347 1047 2403 efferens
1100 2354 1356 2410 ostento,
1397 2359 1482 2399 me
1528 2344 1664 2400 tales
1713 2346 1930 2399 nactum
1985 2344 2127 2395 ami-

2227 2344 2571 2410 ἐπιδείκνυμι
2622 2342 2767 2413 μέγα
2817 2343 3032 2413 φρονῶν
3073 2344 3167 2395 ἐπὶ
3214 2341 3295 2413 τῷ
3354 2343 3632 2407 τοιούτους
3671 2344 3805 2413 ἔχειν

547 2451 662 2491 COS.

2229 2436 2436 2504 φίλους.

802 2541 980 2597 DLlV.
1010 2573 1080 2584 —
1107 2541 1340 2600 PETRO
1381 2539 1877 2598 SCHOLASTICO.

2511 2544 2679 2597 ()NA’.
2703 2573 2768 2583 ——
2806 2543 3031 2614 ΠΕΤΡῼ
3064 2543 3533 2615 ΣΧΟΛΑΣΤῙΚῼ.

1420 2634 1524 2700 Qui
1549 2651 1662 2689 vere
1694 2643 1933 2688 statuant
1963 2643 2184 2701 tropaea.
2215 2637 2395 2710 (Supr.
2425 2637 2578 2708 epist.
2614 2637 2681 2691 l9
2708 2648 2756 2691 et
2786 2636 2934 2707 167.)

618 2742 717 2806 Qui
780 2754 983 2797 rectum
1019 2743 1085 2797 de
1119 2744 1280 2797 rebus
1327 2752 1547 2798 servant
1593 2742 2116 2815 judicium,ignavia

2296 2749 2357 2802 Οί
2396 2749 2495 2819 μὲν
2520 2748 2619 2819 τὴν
2649 2747 2760 2800 τῶν
2788 2749 3130 2818 πραγμάτων
3153 2747 3341 2816 κρίσιν
3367 2745 3590 2815 ἔχοντες
3627 2744 3804 2817 ὀρθὴν,

547 2836 710 2898 victi,
750 2834 886 2886 forte
930 2834 1094 2887 etiam
1148 2835 1554 2903 expugnabunt,
1600 2843 1653 2888 et
1703 2835 1977 2905 sapientes
2000 2852 2125 2891 eva-

2224 2843 2328 2897 ὑπδ
2359 2842 2629 2915 ῥᾳθυμίας
2656 2841 2711 2895 δὲ
2743 2840 3268 2909 καταπαλαιόμενοι,
3299 2839 3437 2902 ἴσως
3474 2839 3571 2893 καὶ
3605 2841 3804 2908 ἀναμα-

543 2924 695 2987 dent,
727 2934 779 2976 et
814 2927 878 2976 de
903 2924 1015 2992 ipsa
1044 2927 1205 2978 etiam
1243 2925 1457 2993 ignavia
1496 2936 1736 2981 statuent
1774 2938 1992 2996 tropum.
2023 2927 2125 2995 Qui

2222 2937 2507 3004 χὲσονται,
2546 2934 2641 2987 καὶ
2690 2934 2952 3002 στήσουσι
2987 2934 3109 2985 κατ’
3140 2931 3316 3002 αὐτῆς
3352 2931 3597 3001 τρόπαια
3620 2947 3635 2962 ο
3670 2933 3719 2984 οἱ
3754 2931 3805 2985 δὲ

548 3028 677 3067 vero
706 3014 754 3067 id
782 3015 1056 3082 ignorant,
1087 3031 1145 3069 se
1169 3018 1339 3071 victos
1360 3032 1502 3081 esse,
1537 3018 1817 3086 ecquando
1842 3019 2121 3073 victoriam

2226 3023 2349 3094 μηδ’
2392 3024 2526 3077 αὐτὸ
2571 3022 2728 3076 τοῦτο
2771 3022 2992 3087 ειδότες,
3028 3023 3109 3075 ὅτι
3153 3021 3454 3093 ἡττῶνται,
3499 3022 3629 3075 πότε
3668 3021 3810 3088 νίκης

546 3108 988 3176 consequentur?

2221 3116 2662 3187 ἁντιποιήσονται
2688 3133 2702 3181 ;

903 3216 1057 3271 DLV.
1089 3245 1160 3257 —-
1190 3217 1422 3274 PETBO
1450 3217 1762 3273 LECTORI.
2510 3223 2526 3274 ι

2510 3223 2680 3280 ΦΝΕ’.
2708 3252 2776 3264 --
2815 3222 3047 3293 ΠΕΤΡῼ
3082 3220 3535 3292 ΛΝΑΓΝΩΣΤῌ.

1660 3308 1883 3365 Virtutis
1914 3320 2187 3375 venustas;
2213 3324 2411 3383 peccati
2454 3315 2684 3382 foeditas.

613 3416 747 3472 Cum
781 3433 867 3474 res
888 3420 960 3475 sit
983 3421 1187 3489 gravis,
1211 3429 1267 3476 et
1291 3421 1488 3475 invicta
1538 3419 1705 3475 animi
1751 3419 2120 3489 pulchritudo,
2149 3424 2193 3482 C

2190 3458 2193 3481 .
2310 3421 2528 3492 Ἐπειδὴ
2570 3421 2741 3474 δεινὸν
2779 3421 2878 3491 μὲν
2917 3422 3011 3475 καὶ
3041 3421 3333 3492 ἀμήχανον
3356 3419 3466 3490 τῆς
3493 3419 3677 3492 ψυχῆς
3704 3421 3813 3473 ἐστι

542 3512 756 3581 quando
791 3528 912 3567 cum
961 3515 1220 3568 virtutum
1266 3514 1633 3583 aequabilitate
1669 3529 1732 3567 ac
1765 3511 1963 3567 decoro
1990 3513 2114 3567 illn-

2220 3514 2435 3577 κάλλος,
2452 3515 2580 3567 ὅταν
2610 3517 2677 3585 τῇ
2709 3514 3023 3584 συμμετρίᾳ
3038 3512 3146 3564 τῶν
3162 3511 3386 3583 ἀρετῶν
3402 3511 3813 3582 λαμπρύνηται·

544 3617 752 3661 Sll'altll‘
789 3626 802 3662 :
845 3609 987 3664 fmda
1046 3611 1109 3664 sit
1173 3621 1385 3677 contra,
1419 3623 1580 3679 atque
1611 3611 1784 3664 instar
1833 3611 1959 3665 ferae
1982 3612 2109 3665 vita:

2219 3607 2488 3678 ἀργαλέον
2519 3604 2574 3658 δὲ
2604 3606 2698 3659 καὶ
2734 3605 3104 3676 Θηριόμορφον
3135 3605 3397 3673 γίγνεται
3427 3605 3606 3673 αὐτῆς
3642 3605 3703 3657 τὸ
3740 3599 3811 3655 εἷο

544 3698 845 3764 turpitudo,
866 3698 909 3753 Si
943 3699 1309 3770 improbitatis
1336 3700 1454 3766 ejus
1484 3701 1719 3754 dedecus
1743 3714 1807 3752 ac
1841 3702 2120 3770 turpitudo

2218 3697 2327 3763 δος,
2356 3700 2486 3751 ὅταν
2518 3700 2577 3751 τὸ
2608 3700 2705 3769 τῆς
2729 3700 2927 3761 κακίας
2954 3694 3144 3767 αἶσχος
3174 3696 3587 3769 ἁπομάττηται
3612 3712 3623 3724 ·
3660 3712 3817 3750 σπου-

543 3789 904 3854 expritnatur,
966 3791 1190 3845 velutin
1254 3792 1430 3845 tabula
1488 3802 1583 3845 aut
1633 3791 1839 3859 pictura
1876 3810 1888 3846 :
1924 3792 2114 3847 deuius

2218 3789 2472 3859 δάσωμεν
2505 3792 2679 3843 ἐκεῖνο
2715 3790 2812 3860 μὲν
2854 3787 3183 3859 κτήσασθαι,
3234 3788 3407 3842 τοῦτο
3431 3788 3492 3842 δὲ
3518 3786 3821 3858 ἀποτρίψα·

542 3894 762 3947 operam
797 3890 852 3934 ut
890 3882 1016 3936 illud
1039 3884 1433 3950 possideamus,
1459 3882 1561 3937 hoc
1592 3897 1718 3937 vero
1744 3883 2047 3938 deleamus.
2222 3880 2367 3936 σθαι.

984 3990 1158 4045 DLVI.
1180 4022 1249 4032 —
1266 3992 1676 4048 APOLLONK).
2649 3993 2838 4058 dtNG".
2877 4019 2946 4030 ---
2972 3992 3405 4062 ΔΠΟΛΛΩΝΙῼ.

1684 4084 1858 4142 Citius
1898 4085 2014 4152 alii,
2047 4084 2141 4137 alii
2175 4083 2366 4137 lentius
2396 4092 2672 4136 curantur.

616 4187 747 4242 Seio
791 4188 952 4243 citius
1009 4187 1269 4243 oﬂensam
1325 4191 1607 4258 qttosdam,
1634 4192 1814 4246 serius
1857 4192 1995 4248 alios
2031 4206 2118 4247 re-

2297 4187 2426 4246 Οἶδα
2459 4191 2580 4261 μὲν,
2618 4191 2702 4244 ὅτι
2746 4191 2889 4252 τινες
2930 4190 3032 4262 μὲν
3072 4191 3134 4245 τὸ
3164 4189 3432 4260 ταχέως,
3479 4191 3635 4255 τινὲς
3667 4189 3725 4244 δὲ
3771 4187 3827 4241 ab

541 4280 788 4346 missam,
817 4280 1029 4347 signum
1063 4288 1306 4337 statuere
1334 4283 1531 4336 tuentis
1582 4284 1658 4337 nil
1710 4284 1812 4338 sibi
1849 4284 2108 4339 consciae.

2226 4282 2469 4354 βραδέως
2519 4281 2921 4352 θεραπεύεσθαι
2967 4282 3064 4336 ἐπὶ
3107 4285 3227 4346 ταῖς
3259 4282 3474 4354 ὕϐρεσι
3504 4326 3521 4353 ,
3559 4281 3825 4354 σύμϐολον

544 4372 619 4428 Ut
653 4372 798 4424 enim
853 4373 1084 4441 quisque
1146 4369 1373 4425 affectus
1431 4381 1537 4438 est,
1567 4373 1648 4428 sic
1694 4383 1754 4430 et
1805 4373 2114 4429 faciendum

2224 4372 2504 4426 ποιοῦνται
2531 4371 2641 4447 τοῦΔ
2656 4372 2824 4442 μηδὲν
2846 4373 3062 4437 ἑαυτοῖς
3093 4373 3413 4428 συνειδέναι
3437 4375 3557 4429 τῶν
3592 4373 3830 4447 είρημέ-

541 4463 845 4516 existimat.
872 4461 975 4527 Qui
1007 4462 1153 4516 enim
1194 4460 1452 4517 fortiores
1478 4478 1543 4517 ac
1569 4465 1946 4534 generosiores
1962 4473 2112 4529 sunt,

2226 4482 2354 4517 νων.
2386 4463 2577 4527 Ὅπως
2605 4442 2716 4534 γὰρ
2745 4462 2811 4517 ἂν
2843 4464 3067 4519 ἕκαστοι
3107 4464 3480 4530 διακέωνται,
3516 4468 3671 4520 τοῦτ’
3698 4466 3829 4519 οἷον·

480 4536 499 4554 ’
538 4555 842 4623 promptius
875 4553 1095 4606 virtutis
1152 4568 1262 4608 sua!
1295 4555 1538 4624 praebent
1565 4568 1970 4625 argumentum,
2011 4570 2103 4611 nor

2220 4572 2312 4608 ται
2343 4553 2546 4625 χρῆναι
2574 4557 2767 4608 ποιεῖν.
2795 4556 2861 4608 Οί
2891 4556 2988 4625 μὲν
3024 4557 3131 4628 γὰρ
3161 4556 3562 4630 ἀνδρειότεροι
3593 4557 3692 4612 καὶ
3715 4574 3775 4625 γε
3794 4583 3830 4603 .-

544 4653 653 4695 tam
692 4641 1104 4697 considerantes
1136 4657 1223 4698 res
1273 4642 1439 4711 ipsas,
1474 4647 1566 4698 sed
1606 4652 1904 4714 praeceptas
1964 4656 2115 4699 ratas
2147 4714 2167 4723 _

2221 4648 2492 4718 ναιότεροι
2537 4647 2597 4701 τὸ
2635 4649 2848 4719 ταχέως
2877 4649 3141 4703 ἐνδιδόναι
3180 4652 3513 4723 τεκμήριον
3550 4651 3825 4705 ποιοῦνται

541 4735 803 4789 habentes
830 4736 1136 4804 opiniones.
1173 4735 1229 4789 Si
1258 4735 1497 4791 dixeris:
1522 4735 1688 4805 718
1713 4736 1917 4806 Ecquid
1950 4736 2115 4804 igitur
2145 4714 2164 4770 1

2207 4714 2440 4820 ἀρετῆς,
2473 4741 2534 4793 οὐ
2571 4739 2639 4793 τὰ
2668 4714 2970 4813 πράγματα
3005 4714 3398 4806 σκοποῦντες,
3444 4743 3594 4798 ἀλλά
3620 4742 3720 4806 τὰς
3758 4742 3828 4793 οἰ-

539 4824 685 4878 facto
715 4836 796 4879 est
822 4826 997 4894 Opus?
1046 4826 1226 4881 dicam
1265 4845 1278 4880 :
1318 4842 1440 4882 cum
1474 4827 1546 4881 sit
1575 4827 1719 4880 omni
1766 4828 1976 4882 ratione
2000 4841 2113 4881 me-

2221 4832 2372 4897 κείας
2386 4832 2688 4904 προλήψεις
2710 4833 3030 4904 κυροῦντες.
3048 4834 3109 4885 Εἰ
3129 4833 3185 4886 δὲ
3213 4834 3395 4904 ἔροιο,
3411 4836 3485 4887 Τί
3502 4835 3613 4907 χρὴ
3643 4836 3823 4891 ποιείν;

542 4913 800 4978 dendum,
855 4914 1048 4967 melius
1104 4925 1190 4970 est
1244 4916 1357 4970 cito
1414 4914 1551 4969 fieri.
1592 4913 1687 4969 Sin
1743 4930 1922 4981 secus,
1952 4916 2116 4971 etiam

2220 4924 2409 4995 φαίην,
2452 4925 2537 4978 ὅτι
2577 4926 2766 4997 ἐπειδὴ
2794 4925 2957 4978 παντὶ
2996 4924 3184 4996 τρόπῳ
3216 4925 3330 4996 χρὴ
3378 4925 3826 5000 θεραπεύεσθαι,

542 5001 740 5057 lentius
768 5018 829 5056 ac
855 4998 1050 5059 serius.
1072 5002 1262 5074 Neque
1299 5008 1444 5061 enim
1469 5006 1706 5061 hominis
1735 5012 1817 5062 est
1842 5007 2030 5063 furore
2056 5021 2121 5063 ac

2219 5015 2447 5085 ἄμεινον
2474 5015 2576 5087 μὲν
2613 5016 2826 5087 ταχέως
2851 5030 2866 5047 ·
2900 5018 2948 5068 εί
2981 5016 3038 5069 δὲ
3079 5014 3154 5086 μὴ
3190 5015 3309 5088 (61)
3333 5057 3350 5078 ,
3387 4998 3506 5070 κᾶν
3548 5015 3821 5088 βραδέως·

545 5093 696 5150 rabie
726 5105 988 5164 perpetuo
1015 5098 1228 5165 agitari.

2220 5104 2284 5159 τὸ
2312 5105 2422 5177 γὰρ
2449 5104 2718 5161 ἀθάνατον
2739 5106 2939 5178 λυττᾷν
2969 5106 3070 5160 οὐκ
3100 5105 3489 5177 ἀνθρώπινον.

818 5203 1022 5260 DLVll.
1056 5233 1131 5246 —
1167 5205 1446 5264 ISIDORO
1496 5209 1843 5268 EPISCOPO.

2517 5210 2687 5264 oNz'.
2728 5237 2796 5250 -—
2822 5212 3088 5283 1211:1139
3119 5210 3523 5285 ΕΠΙΣΚΟΠῼ.

1283 5298 1543 5354 Hortatur
1569 5303 1638 5355 ad
1664 5303 2018 5356 constantiam
2039 5302 2096 5356 in
2125 5303 2277 5369 bona,
2303 5319 2365 5357 ne
2386 5301 2584 5372 famam
2632 5302 2821 5358 bonam
2843 5306 3048 5372 perdat.

608 5403 777 5464 Fama
819 5407 1056 5478 undique
1077 5407 1357 5481 divulgata
1404 5411 1719 5482 percrebuit
1766 5412 1982 5469 fortiter
2005 5428 2034 5467 a
2060 5423 2119 5469 te

2290 5415 2478 5484 Διήκει
2511 5413 2615 5485 μὲν
2644 5413 2741 5468 καὶ
2767 5413 3021 5486 διαφοιτᾷ
3050 5413 3342 5485 πανταχοῦ
3381 5416 3577 5489 λόγος,
3606 5418 3709 5481 τὰς
3733 5414 3828 5477 σὰς

1630 5556 1867 5622 ἾΑΒΙΛΕ
1906 5564 2290 5626 LECTIONES
2324 5567 2414 5622 ET
2449 5567 2682 5625 NOTJE.

606 5722 716 5805 (βο)
771 5720 879 5779 Pro
930 5724 1134 5794 ὲπήγγ.
1210 5725 1371 5779 ambo
1416 5725 1573 5780 codd.
1633 5714 1881 5779 scribunt
1934 5725 2113 5794 ἀπήγ.

2297 5722 2408 5794 (Gl)
2430 5726 2519 5796 Μὴ
2542 5737 2673 5805 ante
2699 5728 2803 5782 κᾶν
2827 5730 3095 5805 omittitur
3120 5747 3163 5805 ιι
3188 5733 3415 5805 titiolius
3443 5737 3612 5790 codd.
3643 5734 3731 5805 qui
3771 5738 3824 5785 et

535 5792 724 5851 γει).εν.
1025 5792 1031 5794 ⁷
2036 5792 2043 5794 ἡ

2036 5792 2043 5794 ⁷
2219 5792 2359 5850 vers.
2392 5792 2797 5864 ρτοάθάνατον
2834 5802 3077 5857 scribunt
3108 5802 3384 5858 ἀθάνατα.
