  <div class='ocr_page' id='page_1' title='image "/cluster/home/n/w/nwhite01/storage/ocr_20150623/78/coo.31924054869791/826.png"; bbox 0 0 4110 6372; ppageno 0'>
   <div class='ocr_carea' id='block_1_1' title="bbox 388 386 2011 460">
    <p class='ocr_par' dir='ltr' id='par_1_1' title="bbox 388 386 2011 456">
     <span class='ocr_line' id='line_1_1' title="bbox 388 386 2011 456; baseline -0.006 -2"><span class='ocrx_word' id='word_1_1' title='bbox 388 389 520 456; x_wconf 56' lang='grc'><strong>1637</strong></span> <span class='ocrx_word' id='word_1_2' title='bbox 1233 391 1589 452; x_wconf 74' lang='lat' dir='ltr'><strong>EPISTULA</strong></span> <span class='ocrx_word' id='word_1_3' title='bbox 1602 386 1768 451; x_wconf 82' lang='lat' dir='ltr'><strong>RUM</strong></span> <span class='ocrx_word' id='word_1_4' title='bbox 1801 391 1950 450; x_wconf 83' lang='lat' dir='ltr'><strong>LIB.</strong></span> <span class='ocrx_word' id='word_1_5' title='bbox 1992 390 2011 444; x_wconf 60' lang='grc' dir='ltr'>Ἰ</span> 
     </span>
    </p>
   </div>
   <div class='ocr_carea' id='block_1_2' title="bbox 2004 386 3627 460">
    <p class='ocr_par' dir='ltr' id='par_1_2' title="bbox 2004 387 3627 460">
     <span class='ocr_line' id='line_1_2' title="bbox 2004 387 3627 460; baseline 0.004 -12"><span class='ocrx_word' id='word_1_6' title='bbox 2004 389 2060 449; x_wconf 73' lang='grc' dir='ltr'><strong>ν.</strong></span> <span class='ocrx_word' id='word_1_7' title='bbox 2084 411 2153 422; x_wconf 87' lang='grc'><strong><em>-</em></strong></span> <span class='ocrx_word' id='word_1_8' title='bbox 2181 387 2418 450; x_wconf 87' lang='lat' dir='ltr'><strong>EPIST.</strong></span> <span class='ocrx_word' id='word_1_9' title='bbox 2478 392 2714 452; x_wconf 80' lang='lat' dir='ltr'><strong>DLXII.</strong></span> <span class='ocrx_word' id='word_1_10' title='bbox 3492 396 3627 460; x_wconf 70' lang='grc'><strong>1638</strong></span> 
     </span>
    </p>
   </div>
   <div class='ocr_carea' id='block_1_3' title="bbox 383 497 2006 576">
    <p class='ocr_par' dir='ltr' id='par_1_3' title="bbox 383 497 2006 575">
     <span class='ocr_line' id='line_1_3' title="bbox 383 497 2006 575; baseline -0.003 -18"><span class='ocrx_word' id='word_1_11' title='bbox 383 502 664 575; x_wconf 75' lang='grc' dir='ltr'><strong>ἀριστείας</strong></span> <span class='ocrx_word' id='word_1_12' title='bbox 703 497 1189 569; x_wconf 80' lang='grc' dir='ltr'>εὐαγγελιζόμενος</span> <span class='ocrx_word' id='word_1_13' title='bbox 1213 515 1228 531; x_wconf 77' lang='grc'><strong>⁸</strong></span> <span class='ocrx_word' id='word_1_14' title='bbox 1262 499 1321 552; x_wconf 77' lang='grc' dir='ltr'>ὃν</span> <span class='ocrx_word' id='word_1_15' title='bbox 1345 501 1554 562; x_wconf 83' lang='grc' dir='ltr'>δίκαιος</span> <span class='ocrx_word' id='word_1_16' title='bbox 1591 499 1658 554; x_wconf 85' lang='grc' dir='ltr'>ἂν</span> <span class='ocrx_word' id='word_1_17' title='bbox 1682 499 1800 568; x_wconf 76' lang='grc' dir='ltr'>εἴης</span> <span class='ocrx_word' id='word_1_18' title='bbox 1831 517 1950 554; x_wconf 89' lang='grc' dir='ltr'>νευ-</span> <span class='ocrx_word' id='word_1_19' title='bbox 1981 505 2006 564; x_wconf 65' lang='grc' dir='ltr'><strong><em>Α</em></strong></span> 
     </span>
    </p>
   </div>
   <div class='ocr_carea' id='block_1_4' title="bbox 2002 497 3625 576">
    <p class='ocr_par' dir='ltr' id='par_1_4' title="bbox 2002 500 3625 576">
     <span class='ocr_line' id='line_1_4' title="bbox 2002 500 3625 576; baseline 0.007 -25"><span class='ocrx_word' id='word_1_20' title='bbox 2002 505 2026 564; x_wconf 59' lang='grc' dir='ltr'>ι</span> <span class='ocrx_word' id='word_1_21' title='bbox 2056 505 2202 568; x_wconf 77' lang='lat' dir='ltr'><strong>gesta</strong></span> <span class='ocrx_word' id='word_1_22' title='bbox 2235 500 2491 554; x_wconf 88' lang='lat' dir='ltr'><strong>nuntians</strong></span> <span class='ocrx_word' id='word_1_23' title='bbox 2518 518 2532 566; x_wconf 90' lang='lat'><strong>;</strong></span> <span class='ocrx_word' id='word_1_24' title='bbox 2563 518 2724 570; x_wconf 82' lang='lat' dir='ltr'><strong>quant</strong></span> <span class='ocrx_word' id='word_1_25' title='bbox 2756 501 2900 557; x_wconf 78' lang='lat' dir='ltr'><strong>vires</strong></span> <span class='ocrx_word' id='word_1_26' title='bbox 2958 503 3010 556; x_wconf 89' lang='lat' dir='ltr'><strong>itt</strong></span> <span class='ocrx_word' id='word_1_27' title='bbox 3047 503 3162 559; x_wconf 89' lang='lat' dir='ltr'><strong>dies</strong></span> <span class='ocrx_word' id='word_1_28' title='bbox 3195 518 3388 574; x_wconf 80' lang='lat' dir='ltr'><strong>capere</strong></span> <span class='ocrx_word' id='word_1_29' title='bbox 3413 521 3625 576; x_wconf 79' lang='lat' dir='ltr'><strong>:eqnum</strong></span> 
     </span>
    </p>
   </div>
   <div class='ocr_carea' id='block_1_5' title="bbox 385 587 2008 663">
    <p class='ocr_par' dir='ltr' id='par_1_5' title="bbox 385 587 1957 663">
     <span class='ocr_line' id='line_1_5' title="bbox 385 587 1957 663; baseline 0.001 -24"><span class='ocrx_word' id='word_1_30' title='bbox 385 591 513 663; x_wconf 71' lang='grc' dir='ltr'>ροῦν</span> <span class='ocrx_word' id='word_1_31' title='bbox 569 591 682 653; x_wconf 83' lang='grc' dir='ltr'>τοῖς</span> <span class='ocrx_word' id='word_1_32' title='bbox 726 589 992 658; x_wconf 81' lang='grc' dir='ltr'><strong>ὁσημέραι</strong></span> <span class='ocrx_word' id='word_1_33' title='bbox 1041 587 1819 660; x_wconf 74' lang='grc' dir='ltr'>κατορθώμασι.Φυλλορῤοεῖν</span> <span class='ocrx_word' id='word_1_34' title='bbox 1849 587 1957 658; x_wconf 84' lang='grc' dir='ltr'>γὰρ</span> 
     </span>
    </p>
   </div>
   <div class='ocr_carea' id='block_1_6' title="bbox 2006 587 3629 663">
    <p class='ocr_par' dir='ltr' id='par_1_6' title="bbox 2056 593 3629 660">
     <span class='ocr_line' id='line_1_6' title="bbox 2056 593 3629 660; baseline 0.008 -19"><span class='ocrx_word' id='word_1_35' title='bbox 2056 601 2140 643; x_wconf 88' lang='lat' dir='ltr'><strong>est</strong></span> <span class='ocrx_word' id='word_1_36' title='bbox 2181 601 2328 645; x_wconf 86' lang='lat' dir='ltr'><strong>recte</strong></span> <span class='ocrx_word' id='word_1_37' title='bbox 2378 606 2442 645; x_wconf 85' lang='lat' dir='ltr'><strong>ac</strong></span> <span class='ocrx_word' id='word_1_38' title='bbox 2497 593 2754 660; x_wconf 60' lang='lat' dir='ltr'><strong>pratclarc</strong></span> <span class='ocrx_word' id='word_1_39' title='bbox 2797 593 2975 648; x_wconf 80' lang='lat' dir='ltr'><strong>factis.</strong></span> <span class='ocrx_word' id='word_1_40' title='bbox 3015 593 3164 649; x_wconf 78' lang='lat' dir='ltr'><strong>Solet</strong></span> <span class='ocrx_word' id='word_1_41' title='bbox 3213 597 3356 650; x_wconf 87' lang='lat' dir='ltr'><strong>enim</strong></span> <span class='ocrx_word' id='word_1_42' title='bbox 3385 597 3629 654; x_wconf 87' lang='lat' dir='ltr'><strong>dillluere</strong></span> 
     </span>
    </p>
   </div>
   <div class='ocr_carea' id='block_1_7' title="bbox 381 677 2004 754">
    <p class='ocr_par' dir='ltr' id='par_1_7' title="bbox 381 677 1636 751">
     <span class='ocr_line' id='line_1_7' title="bbox 381 677 1636 751; baseline -0.002 -17"><span class='ocrx_word' id='word_1_43' title='bbox 381 680 540 735; x_wconf 77' lang='grc' dir='ltr'>εἴωθε</span> <span class='ocrx_word' id='word_1_44' title='bbox 561 681 667 734; x_wconf 83' lang='grc' dir='ltr'><strong>τῶν</strong></span> <span class='ocrx_word' id='word_1_45' title='bbox 695 679 918 751; x_wconf 72' lang='grc' dir='ltr'>ὕστερον</span> <span class='ocrx_word' id='word_1_46' title='bbox 953 677 1342 750; x_wconf 71' lang='grc' dir='ltr'><strong>ῥᾳθυμούντων</strong></span> <span class='ocrx_word' id='word_1_47' title='bbox 1367 679 1428 732; x_wconf 77' lang='grc' dir='ltr'><strong>τὸ</strong></span> <span class='ocrx_word' id='word_1_48' title='bbox 1463 678 1636 742; x_wconf 83' lang='grc' dir='ltr'>κλέος.</span> 
     </span>
    </p>
   </div>
   <div class='ocr_carea' id='block_1_8' title="bbox 1996 677 3619 754">
    <p class='ocr_par' dir='ltr' id='par_1_8' title="bbox 2059 681 3619 754">
     <span class='ocr_line' id='line_1_8' title="bbox 2059 681 3619 754; baseline 0.008 -26"><span class='ocrx_word' id='word_1_49' title='bbox 2059 685 2222 746; x_wconf 83' lang='lat' dir='ltr'><strong>atque</strong></span> <span class='ocrx_word' id='word_1_50' title='bbox 2245 681 2529 736; x_wconf 75' lang='lat' dir='ltr'><strong>concidere</strong></span> <span class='ocrx_word' id='word_1_51' title='bbox 2553 684 2714 738; x_wconf 86' lang='lat' dir='ltr'><strong>decus</strong></span> <span class='ocrx_word' id='word_1_52' title='bbox 2752 697 2938 738; x_wconf 88' lang='lat' dir='ltr'><strong>eorum</strong></span> <span class='ocrx_word' id='word_1_53' title='bbox 2977 685 3064 752; x_wconf 91' lang='lat' dir='ltr'><strong>qui</strong></span> <span class='ocrx_word' id='word_1_54' title='bbox 3099 695 3285 754; x_wconf 86' lang='lat' dir='ltr'><strong>postea</strong></span> <span class='ocrx_word' id='word_1_55' title='bbox 3323 701 3382 740; x_wconf 87' lang='lat' dir='ltr'><strong>se</strong></span> <span class='ocrx_word' id='word_1_56' title='bbox 3412 687 3619 742; x_wconf 87' lang='lat' dir='ltr'><strong>dedunt</strong></span> 
     </span>
    </p>
   </div>
   <div class='ocr_carea' id='block_1_9' title="bbox 2055 768 2640 843">
    <p class='ocr_par' dir='ltr' id='par_1_9' title="bbox 2055 768 2640 843">
     <span class='ocr_line' id='line_1_9' title="bbox 2055 768 2640 843; baseline 0.01 -21"><span class='ocrx_word' id='word_1_57' title='bbox 2055 768 2168 822; x_wconf 91' lang='lat' dir='ltr'><strong>otio</strong></span> <span class='ocrx_word' id='word_1_58' title='bbox 2199 779 2361 841; x_wconf 89' lang='lat' dir='ltr'><strong>atque</strong></span> <span class='ocrx_word' id='word_1_59' title='bbox 2397 774 2640 843; x_wconf 69' lang='lat' dir='ltr'><strong>ignaviae.</strong></span> 
     </span>
    </p>
   </div>
   <div class='ocr_carea' id='block_1_10' title="bbox 632 877 2255 955">
    <p class='ocr_par' dir='ltr' id='par_1_10' title="bbox 632 883 1710 955">
     <span class='ocr_line' id='line_1_10' title="bbox 632 883 1710 955; baseline -0.002 -17"><span class='ocrx_word' id='word_1_60' title='bbox 632 883 808 938; x_wconf 71' lang='lat' dir='ltr'><strong>eNn&#39;.</strong></span> <span class='ocrx_word' id='word_1_61' title='bbox 843 915 913 925; x_wconf 90' lang='grc'><strong><em>-</em></strong></span> <span class='ocrx_word' id='word_1_62' title='bbox 949 884 1194 955; x_wconf 75' lang='grc' dir='ltr'><strong>ΩΦΕΛῘῼ</strong></span> <span class='ocrx_word' id='word_1_63' title='bbox 1225 883 1710 954; x_wconf 66' lang='grc' dir='ltr'>ΓΡΑΜλ-ιιιτιιιᾳ.</span> 
     </span>
    </p>
   </div>
   <div class='ocr_carea' id='block_1_11' title="bbox 1815 877 3438 955">
    <p class='ocr_par' dir='ltr' id='par_1_11' title="bbox 2254 877 3438 938">
     <span class='ocr_line' id='line_1_11' title="bbox 2254 877 3438 938; baseline 0.004 -7"><span class='ocrx_word' id='word_1_64' title='bbox 2254 877 2482 934; x_wconf 80' lang='lat' dir='ltr'><strong>DLVIH.</strong></span> <span class='ocrx_word' id='word_1_65' title='bbox 2508 910 2578 920; x_wconf 91' lang='lat'><strong>—</strong></span> <span class='ocrx_word' id='word_1_66' title='bbox 2608 879 2906 935; x_wconf 79' lang='lat' dir='ltr'><strong>OPHELIO</strong></span> <span class='ocrx_word' id='word_1_67' title='bbox 2960 879 3000 936; x_wconf 86' lang='lat' dir='ltr'>G</span> <span class='ocrx_word' id='word_1_68' title='bbox 3013 881 3438 938; x_wconf 79' lang='lat' dir='ltr'><strong>RAMMATICO.</strong></span> 
     </span>
    </p>
   </div>
   <div class='ocr_carea' id='block_1_12' title="bbox 1065 975 2943 1051">
    <p class='ocr_par' dir='ltr' id='par_1_12' title="bbox 1065 975 2943 1051">
     <span class='ocr_line' id='line_1_12' title="bbox 1065 975 2943 1051; baseline -0.001 -19"><span class='ocrx_word' id='word_1_69' title='bbox 1065 979 1401 1048; x_wconf 73' lang='lat' dir='ltr'><strong>I’hilosOphia</strong></span> <span class='ocrx_word' id='word_1_70' title='bbox 1434 989 1488 1032; x_wconf 83' lang='lat' dir='ltr'><strong>ut</strong></span> <span class='ocrx_word' id='word_1_71' title='bbox 1515 978 1835 1047; x_wconf 75' lang='lat' dir='ltr'><strong>deﬁnienda.</strong></span> <span class='ocrx_word' id='word_1_72' title='bbox 1866 977 2170 1051; x_wconf 73' lang='lat' dir='ltr'><strong>(Plutarch.</strong></span> <span class='ocrx_word' id='word_1_73' title='bbox 2205 977 2281 1032; x_wconf 78' lang='lat' dir='ltr'><strong>De</strong></span> <span class='ocrx_word' id='word_1_74' title='bbox 2309 976 2517 1048; x_wconf 74' lang='lat' dir='ltr'><strong>placitis</strong></span> <span class='ocrx_word' id='word_1_75' title='bbox 2545 976 2732 1044; x_wconf 75' lang='lat' dir='ltr'><strong>philos.</strong></span> <span class='ocrx_word' id='word_1_76' title='bbox 2765 975 2854 1030; x_wconf 82' lang='lat' dir='ltr'><strong>lib.</strong></span> <span class='ocrx_word' id='word_1_77' title='bbox 2884 977 2943 1045; x_wconf 83' lang='lat' dir='ltr'><strong>t.)</strong></span> 
     </span>
    </p>
   </div>
   <div class='ocr_carea' id='block_1_13' title="bbox 454 1054 2077 1162">
    <p class='ocr_par' dir='ltr' id='par_1_13' title="bbox 454 1090 1954 1162">
     <span class='ocr_line' id='line_1_13' title="bbox 454 1090 1954 1162; baseline -0.001 -16"><span class='ocrx_word' id='word_1_78' title='bbox 454 1093 518 1146; x_wconf 78' lang='grc' dir='ltr'>Οί</span> <span class='ocrx_word' id='word_1_79' title='bbox 549 1093 646 1162; x_wconf 77' lang='grc' dir='ltr'>μὲν</span> <span class='ocrx_word' id='word_1_80' title='bbox 674 1092 821 1146; x_wconf 80' lang='grc' dir='ltr'>ἄλλοι</span> <span class='ocrx_word' id='word_1_81' title='bbox 853 1091 1132 1160; x_wconf 80' lang='grc' dir='ltr'>φιλόσοφοι</span> <span class='ocrx_word' id='word_1_82' title='bbox 1164 1092 1360 1161; x_wconf 83' lang='grc' dir='ltr'>τέχνην</span> <span class='ocrx_word' id='word_1_83' title='bbox 1419 1090 1644 1160; x_wconf 84' lang='grc' dir='ltr'>τεχνῶν,</span> <span class='ocrx_word' id='word_1_84' title='bbox 1701 1092 1794 1144; x_wconf 72' lang='grc' dir='ltr'>καὶ</span> <span class='ocrx_word' id='word_1_85' title='bbox 1827 1092 1954 1145; x_wconf 78' lang='grc' dir='ltr'>ἑπι-</span> 
     </span>
    </p>
   </div>
   <div class='ocr_carea' id='block_1_14' title="bbox 2009 1054 3632 1162">
    <p class='ocr_par' dir='ltr' id='par_1_14' title="bbox 2130 1054 3632 1160">
     <span class='ocr_line' id='line_1_14' title="bbox 2130 1054 3632 1160; baseline 0 -16"><span class='ocrx_word' id='word_1_86' title='bbox 2130 1089 2276 1144; x_wconf 74' lang='lat' dir='ltr'><strong>V‘arii</strong></span> <span class='ocrx_word' id='word_1_87' title='bbox 2330 1087 2632 1156; x_wconf 80' lang='lat' dir='ltr'><strong>pitilOSOpili</strong></span> <span class='ocrx_word' id='word_1_88' title='bbox 2695 1097 2866 1140; x_wconf 85' lang='lat' dir='ltr'><strong>artem</strong></span> <span class='ocrx_word' id='word_1_89' title='bbox 2941 1054 3194 1152; x_wconf 56' lang='lat' dir='ltr'><strong>artium:</strong></span> <span class='ocrx_word' id='word_1_90' title='bbox 3233 1088 3632 1160; x_wconf 84' lang='lat' dir='ltr'><strong>scientiamque</strong></span> 
     </span>
    </p>
   </div>
   <div class='ocr_carea' id='block_1_15' title="bbox 387 1178 2010 1254">
    <p class='ocr_par' dir='ltr' id='par_1_15' title="bbox 387 1178 1951 1254">
     <span class='ocr_line' id='line_1_15' title="bbox 387 1178 1951 1254; baseline 0.004 -25"><span class='ocrx_word' id='word_1_91' title='bbox 387 1185 603 1253; x_wconf 77' lang='grc' dir='ltr'>στὴμην</span> <span class='ocrx_word' id='word_1_92' title='bbox 638 1183 955 1254; x_wconf 76' lang='grc' dir='ltr'>ἐπιστημῶν</span> <span class='ocrx_word' id='word_1_93' title='bbox 990 1182 1256 1252; x_wconf 78' lang='grc' dir='ltr'>ὡρίσαντο</span> <span class='ocrx_word' id='word_1_94' title='bbox 1305 1178 1444 1234; x_wconf 77' lang='grc' dir='ltr'>εἶναι</span> <span class='ocrx_word' id='word_1_95' title='bbox 1473 1182 1572 1250; x_wconf 82' lang='grc' dir='ltr'>τὴν</span> <span class='ocrx_word' id='word_1_96' title='bbox 1615 1181 1951 1250; x_wconf 71' lang='grc' dir='ltr'><strong>φιλοσοφίαν.</strong></span> 
     </span>
    </p>
   </div>
   <div class='ocr_carea' id='block_1_16' title="bbox 2004 1178 3627 1254">
    <p class='ocr_par' dir='ltr' id='par_1_16' title="bbox 2058 1179 3627 1253">
     <span class='ocr_line' id='line_1_16' title="bbox 2058 1179 3627 1253; baseline -0.002 -15"><span class='ocrx_word' id='word_1_97' title='bbox 2058 1183 2412 1238; x_wconf 83' lang='lat' dir='ltr'><strong>scientiarum</strong></span> <span class='ocrx_word' id='word_1_98' title='bbox 2456 1179 2854 1247; x_wconf 82' lang='lat' dir='ltr'><strong>philosophiam</strong></span> <span class='ocrx_word' id='word_1_99' title='bbox 2917 1179 3260 1234; x_wconf 81' lang='lat' dir='ltr'><strong>deliniernnt.</strong></span> <span class='ocrx_word' id='word_1_100' title='bbox 3288 1181 3627 1253; x_wconf 79' lang='lat' dir='ltr'><strong>Pythagoras</strong></span> 
     </span>
    </p>
   </div>
   <div class='ocr_carea' id='block_1_17' title="bbox 385 1270 2008 1346">
    <p class='ocr_par' dir='ltr' id='par_1_17' title="bbox 385 1273 1956 1346">
     <span class='ocr_line' id='line_1_17' title="bbox 385 1273 1956 1346; baseline -0.003 -18"><span class='ocrx_word' id='word_1_101' title='bbox 385 1275 710 1346; x_wconf 75' lang='grc' dir='ltr'><strong>Πυθαγόρας</strong></span> <span class='ocrx_word' id='word_1_102' title='bbox 741 1274 819 1337; x_wconf 80' lang='grc' dir='ltr'><strong>δὲ,</strong></span> <span class='ocrx_word' id='word_1_103' title='bbox 877 1273 1038 1344; x_wconf 79' lang='grc' dir='ltr'>ζῆλον</span> <span class='ocrx_word' id='word_1_104' title='bbox 1089 1273 1300 1342; x_wconf 84' lang='grc' dir='ltr'>σοφίας.</span> <span class='ocrx_word' id='word_1_105' title='bbox 1353 1273 1584 1326; x_wconf 77' lang='grc' dir='ltr'>Πλάτων</span> <span class='ocrx_word' id='word_1_106' title='bbox 1627 1273 1702 1334; x_wconf 77' lang='grc' dir='ltr'><strong>δὲ,</strong></span> <span class='ocrx_word' id='word_1_107' title='bbox 1763 1273 1956 1343; x_wconf 80' lang='grc' dir='ltr'>κτῆσιν</span> 
     </span>
    </p>
   </div>
   <div class='ocr_carea' id='block_1_18' title="bbox 2001 1270 3624 1346">
    <p class='ocr_par' dir='ltr' id='par_1_18' title="bbox 2057 1270 3624 1344">
     <span class='ocr_line' id='line_1_18' title="bbox 2057 1270 3624 1344; baseline 0.002 -21"><span class='ocrx_word' id='word_1_108' title='bbox 2057 1273 2272 1344; x_wconf 87' lang='lat' dir='ltr'><strong>quidem</strong></span> <span class='ocrx_word' id='word_1_109' title='bbox 2303 1273 2583 1340; x_wconf 61' lang='lat' dir='ltr'><strong>sapientiae</strong></span> <span class='ocrx_word' id='word_1_110' title='bbox 2617 1272 2852 1326; x_wconf 86' lang='lat' dir='ltr'><strong>studium</strong></span> <span class='ocrx_word' id='word_1_111' title='bbox 2898 1270 3057 1336; x_wconf 74' lang='lat' dir='ltr'><strong>divit,</strong></span> <span class='ocrx_word' id='word_1_112' title='bbox 3094 1274 3326 1342; x_wconf 80' lang='lat' dir='ltr'><strong>indeque</strong></span> <span class='ocrx_word' id='word_1_113' title='bbox 3383 1277 3624 1343; x_wconf 88' lang='lat' dir='ltr'><strong>philoso-</strong></span> 
     </span>
    </p>
   </div>
   <div class='ocr_carea' id='block_1_19' title="bbox 383 1361 2006 1438">
    <p class='ocr_par' dir='ltr' id='par_1_19' title="bbox 383 1365 1954 1438">
     <span class='ocr_line' id='line_1_19' title="bbox 383 1365 1954 1438; baseline -0.001 -19"><span class='ocrx_word' id='word_1_114' title='bbox 383 1367 742 1438; x_wconf 78' lang='grc' dir='ltr'>ἐπιστημῶν,</span> <span class='ocrx_word' id='word_1_115' title='bbox 829 1368 1152 1437; x_wconf 82' lang='grc' dir='ltr'>Χρύσιππος</span> <span class='ocrx_word' id='word_1_116' title='bbox 1224 1367 1312 1425; x_wconf 81' lang='grc' dir='ltr'><strong>δὲ,</strong></span> <span class='ocrx_word' id='word_1_117' title='bbox 1384 1366 1724 1435; x_wconf 75' lang='grc' dir='ltr'><strong>ἐπιτήδευσιν</strong></span> <span class='ocrx_word' id='word_1_118' title='bbox 1797 1365 1954 1432; x_wconf 83' lang='grc' dir='ltr'>λόγου</span> 
     </span>
    </p>
   </div>
   <div class='ocr_carea' id='block_1_20' title="bbox 2003 1361 3626 1438">
    <p class='ocr_par' dir='ltr' id='par_1_20' title="bbox 2060 1361 3626 1434">
     <span class='ocr_line' id='line_1_20' title="bbox 2060 1361 3626 1434; baseline -0.001 -18"><span class='ocrx_word' id='word_1_119' title='bbox 2060 1367 2224 1432; x_wconf 87' lang='lat' dir='ltr'><strong>phum</strong></span> <span class='ocrx_word' id='word_1_120' title='bbox 2287 1361 2750 1417; x_wconf 84' lang='lat' dir='ltr'><strong>nominari.Plato</strong></span> <span class='ocrx_word' id='word_1_121' title='bbox 2803 1363 3152 1417; x_wconf 86' lang='lat' dir='ltr'><strong>scientiarum</strong></span> <span class='ocrx_word' id='word_1_122' title='bbox 3206 1368 3626 1434; x_wconf 80' lang='lat' dir='ltr'><strong>possessionem,</strong></span> 
     </span>
    </p>
   </div>
   <div class='ocr_carea' id='block_1_21' title="bbox 387 1453 2010 1526">
    <p class='ocr_par' dir='ltr' id='par_1_21' title="bbox 387 1453 1959 1526">
     <span class='ocr_line' id='line_1_21' title="bbox 387 1453 1959 1526; baseline 0.001 -18"><span class='ocrx_word' id='word_1_123' title='bbox 387 1456 702 1525; x_wconf 70' lang='grc' dir='ltr'>ὀρθότητος.</span> <span class='ocrx_word' id='word_1_124' title='bbox 761 1458 871 1510; x_wconf 77' lang='grc' dir='ltr'>Καὶ</span> <span class='ocrx_word' id='word_1_125' title='bbox 905 1457 1084 1510; x_wconf 76' lang='grc' dir='ltr'>αὐτῶν</span> <span class='ocrx_word' id='word_1_126' title='bbox 1129 1453 1221 1510; x_wconf 69' lang='grc' dir='ltr'>οὖν</span> <span class='ocrx_word' id='word_1_127' title='bbox 1267 1457 1374 1508; x_wconf 83' lang='grc' dir='ltr'><strong>τῶν</strong></span> <span class='ocrx_word' id='word_1_128' title='bbox 1422 1455 1722 1510; x_wconf 68' lang='grc' dir='ltr'>δοκούντων</span> <span class='ocrx_word' id='word_1_129' title='bbox 1775 1456 1959 1526; x_wconf 74' lang='grc' dir='ltr'>ἄκρων</span> 
     </span>
    </p>
   </div>
   <div class='ocr_carea' id='block_1_22' title="bbox 2006 1453 3629 1526">
    <p class='ocr_par' dir='ltr' id='par_1_22' title="bbox 2061 1453 3629 1524">
     <span class='ocr_line' id='line_1_22' title="bbox 2061 1453 3629 1524; baseline -0.001 -16"><span class='ocrx_word' id='word_1_130' title='bbox 2061 1453 2415 1524; x_wconf 76' lang='lat' dir='ltr'><strong>Chrysippus,</strong></span> <span class='ocrx_word' id='word_1_131' title='bbox 2451 1453 2768 1506; x_wconf 85' lang='lat' dir='ltr'><strong>industriam</strong></span> <span class='ocrx_word' id='word_1_132' title='bbox 2835 1467 2930 1506; x_wconf 88' lang='lat' dir='ltr'><strong>seu</strong></span> <span class='ocrx_word' id='word_1_133' title='bbox 2992 1454 3280 1508; x_wconf 79' lang='lat' dir='ltr'><strong>artiﬁcium</strong></span> <span class='ocrx_word' id='word_1_134' title='bbox 3349 1466 3509 1508; x_wconf 79' lang='lat' dir='ltr'><strong>rectae</strong></span> <span class='ocrx_word' id='word_1_135' title='bbox 3542 1470 3629 1507; x_wconf 58' lang='lat' dir='ltr'><strong>rae</strong></span> 
     </span>
    </p>
   </div>
   <div class='ocr_carea' id='block_1_23' title="bbox 381 1542 2004 1620">
    <p class='ocr_par' dir='ltr' id='par_1_23' title="bbox 381 1545 1960 1620">
     <span class='ocr_line' id='line_1_23' title="bbox 381 1545 1960 1620; baseline -0.001 -20"><span class='ocrx_word' id='word_1_136' title='bbox 381 1545 522 1600; x_wconf 76' lang='grc' dir='ltr'>εἶναι</span> <span class='ocrx_word' id='word_1_137' title='bbox 551 1547 660 1620; x_wconf 70' lang='lat'><strong>(62)</strong></span> <span class='ocrx_word' id='word_1_138' title='bbox 687 1547 886 1620; x_wconf 78' lang='grc' dir='ltr'>ὁμοίως</span> <span class='ocrx_word' id='word_1_139' title='bbox 899 1547 1248 1619; x_wconf 76' lang='grc' dir='ltr'>ὁριζομένων,</span> <span class='ocrx_word' id='word_1_140' title='bbox 1271 1549 1426 1618; x_wconf 79' lang='grc' dir='ltr'>ἡμεῖς</span> <span class='ocrx_word' id='word_1_141' title='bbox 1445 1547 1619 1618; x_wconf 76' lang='grc' dir='ltr'>ἀληθῆ</span> <span class='ocrx_word' id='word_1_142' title='bbox 1643 1546 1960 1617; x_wconf 75' lang='grc' dir='ltr'>φιλοσοφίαν</span> 
     </span>
    </p>
   </div>
   <div class='ocr_carea' id='block_1_24' title="bbox 2001 1542 3624 1620">
    <p class='ocr_par' dir='ltr' id='par_1_24' title="bbox 2061 1542 3624 1598">
     <span class='ocr_line' id='line_1_24' title="bbox 2061 1542 3624 1598; baseline 0 -1"><span class='ocrx_word' id='word_1_143' title='bbox 2061 1544 2226 1598; x_wconf 83' lang='lat' dir='ltr'><strong>tionis</strong></span> <span class='ocrx_word' id='word_1_144' title='bbox 2253 1557 2374 1598; x_wconf 89' lang='lat' dir='ltr'><strong>esse</strong></span> <span class='ocrx_word' id='word_1_145' title='bbox 2396 1543 2583 1596; x_wconf 90' lang='lat' dir='ltr'><strong>voluit.</strong></span> <span class='ocrx_word' id='word_1_146' title='bbox 2617 1542 2750 1597; x_wconf 87' lang='lat' dir='ltr'><strong>Cum</strong></span> <span class='ocrx_word' id='word_1_147' title='bbox 2785 1543 2836 1596; x_wconf 90' lang='lat' dir='ltr'><strong>hi</strong></span> <span class='ocrx_word' id='word_1_148' title='bbox 2870 1559 2973 1596; x_wconf 89' lang='lat' dir='ltr'><strong>non</strong></span> <span class='ocrx_word' id='word_1_149' title='bbox 2997 1547 3184 1597; x_wconf 85' lang='lat' dir='ltr'><strong>eodem</strong></span> <span class='ocrx_word' id='word_1_150' title='bbox 3221 1543 3480 1598; x_wconf 82' lang='lat' dir='ltr'><strong>deliniant</strong></span> <span class='ocrx_word' id='word_1_151' title='bbox 3507 1557 3624 1597; x_wconf 89' lang='lat' dir='ltr'><strong>mo-</strong></span> 
     </span>
    </p>
   </div>
   <div class='ocr_carea' id='block_1_25' title="bbox 381 1633 2004 1708">
    <p class='ocr_par' dir='ltr' id='par_1_25' title="bbox 381 1635 1958 1708">
     <span class='ocr_line' id='line_1_25' title="bbox 381 1635 1958 1708; baseline 0 -18"><span class='ocrx_word' id='word_1_152' title='bbox 381 1636 678 1707; x_wconf 79' lang='grc' dir='ltr'>όριζόμεθα</span> <span class='ocrx_word' id='word_1_153' title='bbox 707 1676 722 1699; x_wconf 95' lang='grc'><strong>,</strong></span> <span class='ocrx_word' id='word_1_154' title='bbox 753 1636 854 1708; x_wconf 75' lang='grc' dir='ltr'>τὴν</span> <span class='ocrx_word' id='word_1_155' title='bbox 899 1636 1067 1708; x_wconf 81' lang='grc' dir='ltr'>μηδὲν</span> <span class='ocrx_word' id='word_1_156' title='bbox 1113 1635 1220 1690; x_wconf 86' lang='grc' dir='ltr'><strong>τῶν</strong></span> <span class='ocrx_word' id='word_1_157' title='bbox 1256 1636 1499 1706; x_wconf 75' lang='grc' dir='ltr'>ἡκόντων</span> <span class='ocrx_word' id='word_1_158' title='bbox 1539 1638 1618 1700; x_wconf 86' lang='grc' dir='ltr'>εις</span> <span class='ocrx_word' id='word_1_159' title='bbox 1675 1636 1958 1690; x_wconf 79' lang='grc' dir='ltr'>εὐσέϐειαν</span> 
     </span>
    </p>
   </div>
   <div class='ocr_carea' id='block_1_26' title="bbox 2009 1633 3632 1708">
    <p class='ocr_par' dir='ltr' id='par_1_26' title="bbox 2058 1633 3632 1706">
     <span class='ocr_line' id='line_1_26' title="bbox 2058 1633 3632 1706; baseline -0.002 -13"><span class='ocrx_word' id='word_1_160' title='bbox 2058 1638 2148 1701; x_wconf 92' lang='lat' dir='ltr'><strong>do,</strong></span> <span class='ocrx_word' id='word_1_161' title='bbox 2179 1645 2330 1692; x_wconf 89' lang='lat' dir='ltr'><strong>recte</strong></span> <span class='ocrx_word' id='word_1_162' title='bbox 2359 1649 2460 1689; x_wconf 84' lang='lat' dir='ltr'><strong>nos</strong></span> <span class='ocrx_word' id='word_1_163' title='bbox 2491 1648 2674 1688; x_wconf 80' lang='lat' dir='ltr'><strong>veram</strong></span> <span class='ocrx_word' id='word_1_164' title='bbox 2700 1633 3028 1688; x_wconf 85' lang='lat' dir='ltr'><strong>deiiniamus</strong></span> <span class='ocrx_word' id='word_1_165' title='bbox 3067 1636 3487 1704; x_wconf 86' lang='lat' dir='ltr'><strong>philosophiam,</strong></span> <span class='ocrx_word' id='word_1_166' title='bbox 3513 1651 3632 1706; x_wconf 64' lang='lat' dir='ltr'><strong>qua:</strong></span> 
     </span>
    </p>
   </div>
   <div class='ocr_carea' id='block_1_27' title="bbox 381 1725 2004 1800">
    <p class='ocr_par' dir='ltr' id='par_1_27' title="bbox 381 1727 2004 1800">
     <span class='ocr_line' id='line_1_27' title="bbox 381 1727 2004 1800; baseline 0.002 -19"><span class='ocrx_word' id='word_1_167' title='bbox 381 1729 476 1782; x_wconf 69' lang='lat' dir='ltr'><strong>xxi.</strong></span> <span class='ocrx_word' id='word_1_168' title='bbox 516 1728 722 1800; x_wconf 81' lang='grc' dir='ltr'>ἀρετὴν</span> <span class='ocrx_word' id='word_1_169' title='bbox 757 1727 1106 1798; x_wconf 81' lang='grc' dir='ltr'>παρορῶσαν.</span> <span class='ocrx_word' id='word_1_170' title='bbox 1981 1797 2004 1800; x_wconf 98' lang='lat'>_</span> 
     </span>
    </p>
   </div>
   <div class='ocr_carea' id='block_1_28' title="bbox 1824 1725 3447 1800">
    <p class='ocr_par' dir='ltr' id='par_1_28' title="bbox 1981 1725 3447 1800">
     <span class='ocr_line' id='line_1_28' title="bbox 1981 1725 3447 1800; baseline 0.001 -19"><span class='ocrx_word' id='word_1_171' title='bbox 1981 1797 2014 1800; x_wconf 87' lang='lat'><em>_</em></span> <span class='ocrx_word' id='word_1_172' title='bbox 2055 1728 2190 1784; x_wconf 86' lang='lat' dir='ltr'><strong>nihil</strong></span> <span class='ocrx_word' id='word_1_173' title='bbox 2208 1727 2444 1797; x_wconf 77' lang='lat' dir='ltr'><strong>negligat</strong></span> <span class='ocrx_word' id='word_1_174' title='bbox 2469 1739 2680 1788; x_wconf 86' lang='lat' dir='ltr'><strong>eorum,</strong></span> <span class='ocrx_word' id='word_1_175' title='bbox 2709 1741 2826 1793; x_wconf 71' lang='lat' dir='ltr'><strong>qua:</strong></span> <span class='ocrx_word' id='word_1_176' title='bbox 2850 1725 2918 1780; x_wconf 88' lang='lat' dir='ltr'><strong>ad</strong></span> <span class='ocrx_word' id='word_1_177' title='bbox 2949 1727 3202 1781; x_wconf 84' lang='lat' dir='ltr'><strong>virtutem</strong></span> <span class='ocrx_word' id='word_1_178' title='bbox 3229 1731 3447 1783; x_wconf 86' lang='lat' dir='ltr'><strong>ducunt.</strong></span> 
     </span>
    </p>
   </div>
   <div class='ocr_carea' id='block_1_29' title="bbox 693 1797 2316 1909">
    <p class='ocr_par' dir='ltr' id='par_1_29' title="bbox 693 1797 2025 1909">
     <span class='ocr_line' id='line_1_29' title="bbox 693 1797 2025 1909; baseline 0.002 -19"><span class='ocrx_word' id='word_1_179' title='bbox 693 1797 867 1890; x_wconf 65' lang='lat' dir='ltr'><strong>¢N8&#39;.</strong></span> <span class='ocrx_word' id='word_1_180' title='bbox 905 1797 976 1877; x_wconf 51' lang='grc' dir='ltr'><strong>έ-</strong></span> <span class='ocrx_word' id='word_1_181' title='bbox 1003 1837 1301 1906; x_wconf 84' lang='grc' dir='ltr'><strong>ΕΥΤΟΝΙῼ</strong></span> <span class='ocrx_word' id='word_1_182' title='bbox 1328 1836 1649 1909; x_wconf 77' lang='grc' dir='ltr'><strong>ΔΙΑΚΟΝῼ.</strong></span> <span class='ocrx_word' id='word_1_183' title='bbox 1981 1797 2025 1852; x_wconf 72' lang='grc' dir='ltr'><strong><em>Β</em></strong></span> 
     </span>
    </p>
   </div>
   <div class='ocr_carea' id='block_1_30' title="bbox 1704 1797 3327 1909">
    <p class='ocr_par' dir='ltr' id='par_1_30' title="bbox 1981 1797 3327 1892">
     <span class='ocr_line' id='line_1_30' title="bbox 1981 1797 3327 1892; baseline 0 -2"><span class='ocrx_word' id='word_1_184' title='bbox 1981 1797 2025 1852; x_wconf 72' lang='grc' dir='ltr'><strong><em>Β</em></strong></span> <span class='ocrx_word' id='word_1_185' title='bbox 2358 1833 2538 1891; x_wconf 81' lang='lat' dir='ltr'><strong>DLIX.</strong></span> <span class='ocrx_word' id='word_1_186' title='bbox 2563 1864 2636 1876; x_wconf 67' lang='grc'><strong><em>.-</em></strong></span> <span class='ocrx_word' id='word_1_187' title='bbox 2665 1833 2970 1890; x_wconf 82' lang='lat' dir='ltr'><strong>EUTONIO</strong></span> <span class='ocrx_word' id='word_1_188' title='bbox 3010 1835 3327 1892; x_wconf 72' lang='lat' dir='ltr'><strong>DIACONO.</strong></span> 
     </span>
    </p>
   </div>
   <div class='ocr_carea' id='block_1_31' title="bbox 612 1943 3400 2014">
    <p class='ocr_par' dir='ltr' id='par_1_31' title="bbox 612 1943 3400 2014">
     <span class='ocr_line' id='line_1_31' title="bbox 612 1943 3400 2014; baseline -0 -15"><span class='ocrx_word' id='word_1_189' title='bbox 612 1945 836 1999; x_wconf 70' lang='lat' dir='ltr'><strong>Invidia:</strong></span> <span class='ocrx_word' id='word_1_190' title='bbox 867 1945 1176 1998; x_wconf 83' lang='lat' dir='ltr'><strong>cedendum.</strong></span> <span class='ocrx_word' id='word_1_191' title='bbox 1209 1943 1430 2000; x_wconf 78' lang='lat' dir='ltr'><strong>Invidus</strong></span> <span class='ocrx_word' id='word_1_192' title='bbox 1454 1945 1602 2000; x_wconf 81' lang='lat' dir='ltr'><strong>bonis</strong></span> <span class='ocrx_word' id='word_1_193' title='bbox 1633 1947 1822 2000; x_wconf 76' lang='lat' dir='ltr'><strong>alienis</strong></span> <span class='ocrx_word' id='word_1_194' title='bbox 1852 1947 2070 2014; x_wconf 70' lang='lat' dir='ltr'><strong>acescit;</strong></span> <span class='ocrx_word' id='word_1_195' title='bbox 2102 1957 2150 2002; x_wconf 84' lang='lat' dir='ltr'><strong>ct</strong></span> <span class='ocrx_word' id='word_1_196' title='bbox 2173 1947 2383 2002; x_wconf 75' lang='lat' dir='ltr'><strong>virtutis</strong></span> <span class='ocrx_word' id='word_1_197' title='bbox 2406 1955 2478 1999; x_wconf 78' lang='lat' dir='ltr'><strong>est</strong></span> <span class='ocrx_word' id='word_1_198' title='bbox 2516 1957 2877 2013; x_wconf 73' lang='lat' dir='ltr'><strong>argumentum</strong></span> <span class='ocrx_word' id='word_1_199' title='bbox 2905 1945 3101 1998; x_wconf 82' lang='lat' dir='ltr'><strong>invidia</strong></span> <span class='ocrx_word' id='word_1_200' title='bbox 3139 1944 3400 2003; x_wconf 82' lang='lat' dir='ltr'><strong>laborare.</strong></span> 
     </span>
    </p>
   </div>
   <div class='ocr_carea' id='block_1_32' title="bbox 453 2049 2076 2124">
    <p class='ocr_par' dir='ltr' id='par_1_32' title="bbox 453 2049 1957 2124">
     <span class='ocr_line' id='line_1_32' title="bbox 453 2049 1957 2124; baseline 0.001 -18"><span class='ocrx_word' id='word_1_201' title='bbox 453 2055 516 2106; x_wconf 82' lang='lat' dir='ltr'><strong>Ei</strong></span> <span class='ocrx_word' id='word_1_202' title='bbox 550 2053 644 2106; x_wconf 70' lang='grc' dir='ltr'>καὶ</span> <span class='ocrx_word' id='word_1_203' title='bbox 683 2049 848 2122; x_wconf 79' lang='grc' dir='ltr'>ἦλθεν</span> <span class='ocrx_word' id='word_1_204' title='bbox 879 2053 970 2106; x_wconf 73' lang='grc' dir='ltr'>ἐπὶ</span> <span class='ocrx_word' id='word_1_205' title='bbox 996 2052 1054 2106; x_wconf 77' lang='grc' dir='ltr'>σὲ</span> <span class='ocrx_word' id='word_1_206' title='bbox 1079 2053 1107 2104; x_wconf 88' lang='grc' dir='ltr'>ὁ</span> <span class='ocrx_word' id='word_1_207' title='bbox 1149 2053 1212 2124; x_wconf 80' lang='grc' dir='ltr'>δὴ</span> <span class='ocrx_word' id='word_1_208' title='bbox 1241 2054 1338 2106; x_wconf 68' lang='grc' dir='ltr'><strong>καὶ</strong></span> <span class='ocrx_word' id='word_1_209' title='bbox 1373 2054 1590 2108; x_wconf 83' lang='grc' dir='ltr'>πάντων</span> <span class='ocrx_word' id='word_1_210' title='bbox 1632 2053 1816 2124; x_wconf 78' lang='grc' dir='ltr'>σχεδὸν</span> <span class='ocrx_word' id='word_1_211' title='bbox 1848 2052 1957 2108; x_wconf 82' lang='grc' dir='ltr'>τῶν</span> 
     </span>
    </p>
   </div>
   <div class='ocr_carea' id='block_1_33' title="bbox 2010 2049 3633 2124">
    <p class='ocr_par' dir='ltr' id='par_1_33' title="bbox 2124 2050 3633 2124">
     <span class='ocr_line' id='line_1_33' title="bbox 2124 2050 3633 2124; baseline 0.003 -16"><span class='ocrx_word' id='word_1_212' title='bbox 2124 2054 2238 2109; x_wconf 89' lang='lat' dir='ltr'><strong>Etsi</strong></span> <span class='ocrx_word' id='word_1_213' title='bbox 2304 2063 2356 2108; x_wconf 85' lang='lat' dir='ltr'><strong>te</strong></span> <span class='ocrx_word' id='word_1_214' title='bbox 2396 2065 2612 2121; x_wconf 86' lang='lat' dir='ltr'><strong>quoque</strong></span> <span class='ocrx_word' id='word_1_215' title='bbox 2661 2050 2886 2114; x_wconf 82' lang='lat' dir='ltr'><strong>invidia,</strong></span> <span class='ocrx_word' id='word_1_216' title='bbox 2924 2063 3045 2120; x_wconf 73' lang='lat' dir='ltr'><strong>qua:</strong></span> <span class='ocrx_word' id='word_1_217' title='bbox 3101 2053 3274 2105; x_wconf 85' lang='lat' dir='ltr'><strong>honos</strong></span> <span class='ocrx_word' id='word_1_218' title='bbox 3310 2053 3633 2124; x_wconf 80' lang='lat' dir='ltr'><strong>plerumque</strong></span> 
     </span>
    </p>
   </div>
   <div class='ocr_carea' id='block_1_34' title="bbox 380 2143 2003 2216">
    <p class='ocr_par' dir='ltr' id='par_1_34' title="bbox 380 2143 1958 2216">
     <span class='ocr_line' id='line_1_34' title="bbox 380 2143 1958 2216; baseline 0.001 -19"><span class='ocrx_word' id='word_1_219' title='bbox 380 2144 684 2213; x_wconf 73' lang='grc' dir='ltr'>εὐδοκίμων</span> <span class='ocrx_word' id='word_1_220' title='bbox 727 2143 1006 2212; x_wconf 65' lang='grc' dir='ltr'>ἁψάμενος</span> <span class='ocrx_word' id='word_1_221' title='bbox 1051 2143 1279 2212; x_wconf 80' lang='grc' dir='ltr'>φθόνος,</span> <span class='ocrx_word' id='word_1_222' title='bbox 1316 2146 1466 2216; x_wconf 76' lang='grc' dir='ltr'>παρὰ</span> <span class='ocrx_word' id='word_1_223' title='bbox 1496 2145 1602 2198; x_wconf 83' lang='grc' dir='ltr'><strong>τῶν</strong></span> <span class='ocrx_word' id='word_1_224' title='bbox 1629 2146 1839 2209; x_wconf 82' lang='grc' dir='ltr'>οἰκείας</span> <span class='ocrx_word' id='word_1_225' title='bbox 1873 2162 1958 2198; x_wconf 90' lang='grc' dir='ltr'>τι-</span> 
     </span>
    </p>
   </div>
   <div class='ocr_carea' id='block_1_35' title="bbox 2004 2143 3627 2216">
    <p class='ocr_par' dir='ltr' id='par_1_35' title="bbox 2057 2143 3627 2214">
     <span class='ocr_line' id='line_1_35' title="bbox 2057 2143 3627 2214; baseline 0 -15"><span class='ocrx_word' id='word_1_226' title='bbox 2057 2144 2420 2214; x_wconf 79' lang='lat' dir='ltr'><strong>persequitur,</strong></span> <span class='ocrx_word' id='word_1_227' title='bbox 2463 2143 2776 2206; x_wconf 76' lang='lat' dir='ltr'><strong>minitatur,</strong></span> <span class='ocrx_word' id='word_1_228' title='bbox 2805 2145 2944 2210; x_wconf 88' lang='lat' dir='ltr'><strong>quod</strong></span> <span class='ocrx_word' id='word_1_229' title='bbox 2970 2143 3158 2196; x_wconf 89' lang='lat' dir='ltr'><strong>vitium</strong></span> <span class='ocrx_word' id='word_1_230' title='bbox 3196 2145 3428 2197; x_wconf 87' lang='lat' dir='ltr'><strong>aliorum</strong></span> <span class='ocrx_word' id='word_1_231' title='bbox 3455 2149 3627 2200; x_wconf 86' lang='lat' dir='ltr'><strong>virtu-</strong></span> 
     </span>
    </p>
   </div>
   <div class='ocr_carea' id='block_1_36' title="bbox 383 2233 2006 2306">
    <p class='ocr_par' dir='ltr' id='par_1_36' title="bbox 383 2234 1956 2306">
     <span class='ocr_line' id='line_1_36' title="bbox 383 2234 1956 2306; baseline 0.001 -20"><span class='ocrx_word' id='word_1_232' title='bbox 383 2235 629 2304; x_wconf 82' lang='grc' dir='ltr'>θεμένων</span> <span class='ocrx_word' id='word_1_233' title='bbox 676 2234 961 2306; x_wconf 77' lang='grc' dir='ltr'>συμφορὰς</span> <span class='ocrx_word' id='word_1_234' title='bbox 1002 2235 1099 2297; x_wconf 81' lang='grc' dir='ltr'><strong>τὰς</strong></span> <span class='ocrx_word' id='word_1_235' title='bbox 1133 2235 1336 2305; x_wconf 76' lang='grc' dir='ltr'>ἑτέρων</span> <span class='ocrx_word' id='word_1_236' title='bbox 1387 2238 1610 2306; x_wconf 76' lang='grc' dir='ltr'>ἀρετὰς,</span> <span class='ocrx_word' id='word_1_237' title='bbox 1649 2236 1848 2306; x_wconf 80' lang='grc' dir='ltr'>μᾶλλον</span> <span class='ocrx_word' id='word_1_238' title='bbox 1900 2235 1956 2288; x_wconf 80' lang='grc' dir='ltr'>δὲ</span> 
     </span>
    </p>
   </div>
   <div class='ocr_carea' id='block_1_37' title="bbox 2004 2233 3627 2306">
    <p class='ocr_par' dir='ltr' id='par_1_37' title="bbox 2058 2233 3627 2300">
     <span class='ocr_line' id='line_1_37' title="bbox 2058 2233 3627 2300; baseline 0.002 -12"><span class='ocrx_word' id='word_1_239' title='bbox 2058 2247 2136 2289; x_wconf 90' lang='lat' dir='ltr'><strong>tes</strong></span> <span class='ocrx_word' id='word_1_240' title='bbox 2163 2250 2259 2288; x_wconf 85' lang='lat' dir='ltr'><strong>sua</strong></span> <span class='ocrx_word' id='word_1_241' title='bbox 2287 2249 2410 2288; x_wconf 87' lang='lat' dir='ltr'><strong>esse</strong></span> <span class='ocrx_word' id='word_1_242' title='bbox 2453 2233 2601 2286; x_wconf 90' lang='lat' dir='ltr'><strong>ducit</strong></span> <span class='ocrx_word' id='word_1_243' title='bbox 2647 2233 3013 2298; x_wconf 83' lang='lat' dir='ltr'><strong>incommoda,</strong></span> <span class='ocrx_word' id='word_1_244' title='bbox 3044 2235 3124 2288; x_wconf 92' lang='lat' dir='ltr'><strong>vel</strong></span> <span class='ocrx_word' id='word_1_245' title='bbox 3167 2237 3344 2300; x_wconf 72' lang='lat' dir='ltr'><strong>potius</strong></span> <span class='ocrx_word' id='word_1_246' title='bbox 3398 2237 3627 2291; x_wconf 82' lang='lat' dir='ltr'><strong>aliorum</strong></span> 
     </span>
    </p>
   </div>
   <div class='ocr_carea' id='block_1_38' title="bbox 380 2323 2003 2400">
    <p class='ocr_par' dir='ltr' id='par_1_38' title="bbox 380 2327 1958 2400">
     <span class='ocr_line' id='line_1_38' title="bbox 380 2327 1958 2400; baseline 0 -18"><span class='ocrx_word' id='word_1_247' title='bbox 380 2327 544 2382; x_wconf 81' lang='grc' dir='ltr'>πλέον</span> <span class='ocrx_word' id='word_1_248' title='bbox 577 2327 893 2398; x_wconf 76' lang='grc' dir='ltr'>ἀχθομένων</span> <span class='ocrx_word' id='word_1_249' title='bbox 941 2328 1054 2391; x_wconf 87' lang='grc' dir='ltr'>τοῖς</span> <span class='ocrx_word' id='word_1_250' title='bbox 1085 2327 1284 2398; x_wconf 83' lang='grc' dir='ltr'>ἐτέρων</span> <span class='ocrx_word' id='word_1_251' title='bbox 1338 2327 1592 2397; x_wconf 80' lang='grc' dir='ltr'><strong>ἀγαθοῖς,</strong></span> <span class='ocrx_word' id='word_1_252' title='bbox 1625 2328 1659 2400; x_wconf 80' lang='grc' dir='ltr'>ἦ</span> <span class='ocrx_word' id='word_1_253' title='bbox 1686 2331 1800 2393; x_wconf 85' lang='grc' dir='ltr'>τοῖς</span> <span class='ocrx_word' id='word_1_254' title='bbox 1829 2329 1958 2382; x_wconf 86' lang='grc' dir='ltr'>ἐαυ-</span> 
     </span>
    </p>
   </div>
   <div class='ocr_carea' id='block_1_39' title="bbox 2000 2323 3623 2400">
    <p class='ocr_par' dir='ltr' id='par_1_39' title="bbox 2053 2323 3623 2398">
     <span class='ocr_line' id='line_1_39' title="bbox 2053 2323 3623 2398; baseline 0.001 -18"><span class='ocrx_word' id='word_1_255' title='bbox 2053 2334 2310 2398; x_wconf 81' lang='lat' dir='ltr'><strong>gravatur</strong></span> <span class='ocrx_word' id='word_1_256' title='bbox 2353 2323 2714 2394; x_wconf 82' lang='lat' dir='ltr'><strong>bonis,qnam</strong></span> <span class='ocrx_word' id='word_1_257' title='bbox 2751 2324 2982 2394; x_wconf 83' lang='lat' dir='ltr'><strong>propriis</strong></span> <span class='ocrx_word' id='word_1_258' title='bbox 3016 2325 3191 2388; x_wconf 85' lang='lat' dir='ltr'><strong>malis,</strong></span> <span class='ocrx_word' id='word_1_259' title='bbox 3235 2337 3288 2378; x_wconf 90' lang='lat' dir='ltr'><strong>tu</strong></span> <span class='ocrx_word' id='word_1_260' title='bbox 3334 2328 3442 2380; x_wconf 79' lang='lat' dir='ltr'><strong>noli</strong></span> <span class='ocrx_word' id='word_1_261' title='bbox 3507 2338 3623 2381; x_wconf 87' lang='lat' dir='ltr'><strong>tur-</strong></span> 
     </span>
    </p>
   </div>
   <div class='ocr_carea' id='block_1_40' title="bbox 380 2415 2003 2489">
    <p class='ocr_par' dir='ltr' id='par_1_40' title="bbox 380 2415 1957 2488">
     <span class='ocr_line' id='line_1_40' title="bbox 380 2415 1957 2488; baseline 0.001 -18"><span class='ocrx_word' id='word_1_262' title='bbox 380 2417 492 2470; x_wconf 81' lang='grc' dir='ltr'>τῶν</span> <span class='ocrx_word' id='word_1_263' title='bbox 541 2419 753 2480; x_wconf 82' lang='grc' dir='ltr'>κακοῖς,</span> <span class='ocrx_word' id='word_1_264' title='bbox 789 2416 864 2488; x_wconf 85' lang='grc' dir='ltr'><strong>μὴ</strong></span> <span class='ocrx_word' id='word_1_265' title='bbox 888 2415 1157 2487; x_wconf 72' lang='grc' dir='ltr'>ταράττου</span> <span class='ocrx_word' id='word_1_266' title='bbox 1185 2431 1198 2444; x_wconf 91' lang='grc'><strong>·</strong></span> <span class='ocrx_word' id='word_1_267' title='bbox 1239 2417 1354 2468; x_wconf 83' lang='grc' dir='ltr'>ἀλλ’</span> <span class='ocrx_word' id='word_1_268' title='bbox 1382 2418 1512 2470; x_wconf 79' lang='grc' dir='ltr'>αὐτὸ</span> <span class='ocrx_word' id='word_1_269' title='bbox 1535 2417 1691 2470; x_wconf 69' lang='grc' dir='ltr'>τοῦτο</span> <span class='ocrx_word' id='word_1_270' title='bbox 1724 2418 1957 2488; x_wconf 83' lang='grc' dir='ltr'>μάλιστα</span> 
     </span>
    </p>
   </div>
   <div class='ocr_carea' id='block_1_41' title="bbox 2000 2415 3623 2489">
    <p class='ocr_par' dir='ltr' id='par_1_41' title="bbox 2053 2415 3623 2489">
     <span class='ocr_line' id='line_1_41' title="bbox 2053 2415 3623 2489; baseline -0.001 -15"><span class='ocrx_word' id='word_1_271' title='bbox 2053 2419 2169 2475; x_wconf 88' lang='lat' dir='ltr'><strong>bari</strong></span> <span class='ocrx_word' id='word_1_272' title='bbox 2202 2437 2216 2472; x_wconf 85' lang='lat'>:</span> <span class='ocrx_word' id='word_1_273' title='bbox 2245 2417 2338 2472; x_wconf 89' lang='lat' dir='ltr'><strong>sed</strong></span> <span class='ocrx_word' id='word_1_274' title='bbox 2376 2417 2552 2485; x_wconf 84' lang='lat' dir='ltr'><strong>potius</strong></span> <span class='ocrx_word' id='word_1_275' title='bbox 2581 2415 2706 2469; x_wconf 89' lang='lat' dir='ltr'><strong>illud</strong></span> <span class='ocrx_word' id='word_1_276' title='bbox 2733 2417 2949 2470; x_wconf 86' lang='lat' dir='ltr'><strong>virtutis</strong></span> <span class='ocrx_word' id='word_1_277' title='bbox 2990 2426 3198 2470; x_wconf 67' lang='lat' dir='ltr'><strong>cet-tum</strong></span> <span class='ocrx_word' id='word_1_278' title='bbox 3248 2432 3368 2472; x_wconf 70' lang='lat' dir='ltr'><strong>esst:</strong></span> <span class='ocrx_word' id='word_1_279' title='bbox 3407 2419 3623 2489; x_wconf 81' lang='lat' dir='ltr'><strong>signum</strong></span> 
     </span>
    </p>
   </div>
   <div class='ocr_carea' id='block_1_42' title="bbox 379 2504 2002 2580">
    <p class='ocr_par' dir='ltr' id='par_1_42' title="bbox 379 2504 1952 2580">
     <span class='ocr_line' id='line_1_42' title="bbox 379 2504 1952 2580; baseline 0.003 -21"><span class='ocrx_word' id='word_1_280' title='bbox 379 2509 736 2580; x_wconf 76' lang='grc' dir='ltr'>ἡγησάμενος</span> <span class='ocrx_word' id='word_1_281' title='bbox 767 2509 976 2579; x_wconf 81' lang='grc' dir='ltr'>ἀρετῆς</span> <span class='ocrx_word' id='word_1_282' title='bbox 1005 2504 1144 2561; x_wconf 78' lang='grc' dir='ltr'>εἶναι</span> <span class='ocrx_word' id='word_1_283' title='bbox 1178 2509 1498 2580; x_wconf 80' lang='grc' dir='ltr'>τεκμήριον,</span> <span class='ocrx_word' id='word_1_284' title='bbox 1535 2513 1598 2580; x_wconf 82' lang='grc' dir='ltr'>τῇ</span> <span class='ocrx_word' id='word_1_285' title='bbox 1627 2509 1824 2564; x_wconf 78' lang='grc' dir='ltr'>σαυτοῦ</span> <span class='ocrx_word' id='word_1_286' title='bbox 1851 2528 1952 2564; x_wconf 87' lang='grc' dir='ltr'>κα-</span> 
     </span>
    </p>
   </div>
   <div class='ocr_carea' id='block_1_43' title="bbox 2004 2504 3627 2580">
    <p class='ocr_par' dir='ltr' id='par_1_43' title="bbox 2053 2508 3627 2575">
     <span class='ocr_line' id='line_1_43' title="bbox 2053 2508 3627 2575; baseline -0.002 -7"><span class='ocrx_word' id='word_1_287' title='bbox 2053 2511 2395 2572; x_wconf 78' lang='lat' dir='ltr'><strong>existimans,</strong></span> <span class='ocrx_word' id='word_1_288' title='bbox 2433 2521 2574 2562; x_wconf 86' lang='lat' dir='ltr'><strong>tuam</strong></span> <span class='ocrx_word' id='word_1_289' title='bbox 2633 2509 2896 2562; x_wconf 86' lang='lat' dir='ltr'><strong>accendat</strong></span> <span class='ocrx_word' id='word_1_290' title='bbox 2958 2509 3304 2575; x_wconf 75' lang='lat' dir='ltr'><strong>probitatem.</strong></span> <span class='ocrx_word' id='word_1_291' title='bbox 3338 2508 3432 2564; x_wconf 89' lang='lat' dir='ltr'><strong>Sic</strong></span> <span class='ocrx_word' id='word_1_292' title='bbox 3480 2513 3627 2565; x_wconf 80' lang='lat' dir='ltr'><strong>enim</strong></span> 
     </span>
    </p>
   </div>
   <div class='ocr_carea' id='block_1_44' title="bbox 381 2599 2004 2674">
    <p class='ocr_par' dir='ltr' id='par_1_44' title="bbox 381 2599 1954 2674">
     <span class='ocr_line' id='line_1_44' title="bbox 381 2599 1954 2674; baseline 0.003 -22"><span class='ocrx_word' id='word_1_293' title='bbox 381 2600 688 2672; x_wconf 66' lang='grc' dir='ltr'>λοκάγαθία</span> <span class='ocrx_word' id='word_1_294' title='bbox 727 2601 1030 2672; x_wconf 85' lang='grc' dir='ltr'>προστίθει.</span> <span class='ocrx_word' id='word_1_295' title='bbox 1081 2599 1236 2654; x_wconf 77' lang='grc' dir='ltr'>Οὕτω</span> <span class='ocrx_word' id='word_1_296' title='bbox 1287 2605 1395 2672; x_wconf 78' lang='grc' dir='ltr'><strong>γὰρ</strong></span> <span class='ocrx_word' id='word_1_297' title='bbox 1451 2603 1513 2655; x_wconf 69' lang='grc' dir='ltr'><strong>σὺ</strong></span> <span class='ocrx_word' id='word_1_298' title='bbox 1560 2604 1656 2672; x_wconf 79' lang='grc' dir='ltr'><strong>μὲν</strong></span> <span class='ocrx_word' id='word_1_299' title='bbox 1710 2603 1954 2674; x_wconf 81' lang='grc' dir='ltr'>ἀοίδιμος</span> 
     </span>
    </p>
   </div>
   <div class='ocr_carea' id='block_1_45' title="bbox 2012 2599 3635 2674">
    <p class='ocr_par' dir='ltr' id='par_1_45' title="bbox 2066 2599 3635 2670">
     <span class='ocr_line' id='line_1_45' title="bbox 2066 2599 3635 2670; baseline -0.001 -13"><span class='ocrx_word' id='word_1_300' title='bbox 2066 2608 2157 2659; x_wconf 86' lang='lat' dir='ltr'><strong>lict</strong></span> <span class='ocrx_word' id='word_1_301' title='bbox 2207 2611 2266 2657; x_wconf 92' lang='lat' dir='ltr'><strong>ut</strong></span> <span class='ocrx_word' id='word_1_302' title='bbox 2307 2601 2638 2665; x_wconf 89' lang='lat' dir='ltr'><strong>celebreris,</strong></span> <span class='ocrx_word' id='word_1_303' title='bbox 2690 2599 2764 2653; x_wconf 90' lang='lat' dir='ltr'><strong>illi</strong></span> <span class='ocrx_word' id='word_1_304' title='bbox 2819 2609 3010 2654; x_wconf 89' lang='lat' dir='ltr'><strong>contra</strong></span> <span class='ocrx_word' id='word_1_305' title='bbox 3081 2613 3269 2670; x_wconf 82' lang='lat' dir='ltr'><strong>poenas</strong></span> <span class='ocrx_word' id='word_1_306' title='bbox 3319 2601 3483 2669; x_wconf 88' lang='lat' dir='ltr'><strong>dent,</strong></span> <span class='ocrx_word' id='word_1_307' title='bbox 3535 2618 3635 2656; x_wconf 88' lang='lat' dir='ltr'><strong>nec</strong></span> 
     </span>
    </p>
   </div>
   <div class='ocr_carea' id='block_1_46' title="bbox 382 2686 2005 2766">
    <p class='ocr_par' dir='ltr' id='par_1_46' title="bbox 382 2686 1956 2764">
     <span class='ocr_line' id='line_1_46' title="bbox 382 2686 1956 2764; baseline 0 -18"><span class='ocrx_word' id='word_1_308' title='bbox 382 2694 520 2764; x_wconf 77' lang='grc' dir='ltr'>εἴης,</span> <span class='ocrx_word' id='word_1_309' title='bbox 561 2694 760 2746; x_wconf 80' lang='grc' dir='ltr'>ἐκεῖνοι</span> <span class='ocrx_word' id='word_1_310' title='bbox 795 2691 850 2745; x_wconf 85' lang='grc' dir='ltr'>δὲ</span> <span class='ocrx_word' id='word_1_311' title='bbox 875 2691 1032 2754; x_wconf 88' lang='grc' dir='ltr'>δίκας</span> <span class='ocrx_word' id='word_1_312' title='bbox 1067 2692 1580 2764; x_wconf 73' lang='grc' dir='ltr'>εἰσπραχθήσονται,</span> <span class='ocrx_word' id='word_1_313' title='bbox 1616 2686 1690 2746; x_wconf 80' lang='grc' dir='ltr'>ὧν</span> <span class='ocrx_word' id='word_1_314' title='bbox 1733 2692 1956 2764; x_wconf 79' lang='grc' dir='ltr'>μείζους</span> 
     </span>
    </p>
   </div>
   <div class='ocr_carea' id='block_1_47' title="bbox 1220 2686 2843 2766">
    <p class='ocr_par' dir='ltr' id='par_1_47' title="bbox 1220 2686 2843 2766">
     <span class='ocr_line' id='line_1_47' title="bbox 1220 2686 2843 2766; baseline 0 -22"><span class='ocrx_word' id='word_1_315' title='bbox 1220 2692 1580 2764; x_wconf 72' lang='grc' dir='ltr'>&gt;αχθήσονται,</span> <span class='ocrx_word' id='word_1_316' title='bbox 1616 2686 1690 2746; x_wconf 80' lang='grc' dir='ltr'>ὧν</span> <span class='ocrx_word' id='word_1_317' title='bbox 1733 2692 1956 2764; x_wconf 80' lang='grc' dir='ltr'>μείζους</span> <span class='ocrx_word' id='word_1_318' title='bbox 2061 2705 2259 2766; x_wconf 88' lang='lat' dir='ltr'><strong>queant</strong></span> <span class='ocrx_word' id='word_1_319' title='bbox 2289 2693 2520 2762; x_wconf 72' lang='lat' dir='ltr'><strong>maiores</strong></span> <span class='ocrx_word' id='word_1_320' title='bbox 2551 2692 2843 2761; x_wconf 85' lang='lat' dir='ltr'><strong>suscipere.</strong></span> 
     </span>
    </p>
   </div>
   <div class='ocr_carea' id='block_1_48' title="bbox 381 2783 1110 2854">
    <p class='ocr_par' dir='ltr' id='par_1_48' title="bbox 381 2783 1110 2854">
     <span class='ocr_line' id='line_1_48' title="bbox 381 2783 1110 2854; baseline -0.004 -15"><span class='ocrx_word' id='word_1_321' title='bbox 381 2785 486 2839; x_wconf 83' lang='grc' dir='ltr'><strong>οὐκ</strong></span> <span class='ocrx_word' id='word_1_322' title='bbox 517 2783 582 2838; x_wconf 84' lang='grc' dir='ltr'>ἂν</span> <span class='ocrx_word' id='word_1_323' title='bbox 607 2785 881 2854; x_wconf 70' lang='grc' dir='ltr'>δυνηθεῖεν</span> <span class='ocrx_word' id='word_1_324' title='bbox 907 2783 1110 2836; x_wconf 84' lang='grc' dir='ltr'>δοῦναι.</span> 
     </span>
    </p>
   </div>
   <div class='ocr_carea' id='block_1_49' title="bbox 918 2885 2541 2964">
    <p class='ocr_par' dir='ltr' id='par_1_49' title="bbox 918 2888 1413 2964">
     <span class='ocr_line' id='line_1_49' title="bbox 918 2888 1413 2964; baseline 0.002 -21"><span class='ocrx_word' id='word_1_325' title='bbox 918 2888 1036 2944; x_wconf 56' lang='lat' dir='ltr'><strong>est</strong></span> <span class='ocrx_word' id='word_1_326' title='bbox 1068 2921 1138 2931; x_wconf 93' lang='lat'><strong>—</strong></span> <span class='ocrx_word' id='word_1_327' title='bbox 1171 2891 1413 2964; x_wconf 79' lang='grc' dir='ltr'><strong>ΠΕΤΡῼ.</strong></span> 
     </span>
    </p>
   </div>
   <div class='ocr_carea' id='block_1_50' title="bbox 1487 2885 3110 2964">
    <p class='ocr_par' dir='ltr' id='par_1_50' title="bbox 2575 2885 3110 2946">
     <span class='ocr_line' id='line_1_50' title="bbox 2575 2885 3110 2946; baseline 0.007 -6"><span class='ocrx_word' id='word_1_328' title='bbox 2575 2885 2734 2942; x_wconf 70' lang='lat' dir='ltr'><strong>DLK.</strong></span> <span class='ocrx_word' id='word_1_329' title='bbox 2767 2917 2839 2928; x_wconf 91' lang='lat'><strong><em>—</em></strong></span> <span class='ocrx_word' id='word_1_330' title='bbox 2862 2885 3110 2946; x_wconf 77' lang='lat' dir='ltr'><strong>PETRO.</strong></span> 
     </span>
    </p>
   </div>
   <div class='ocr_carea' id='block_1_51' title="bbox 1602 2985 2414 3053">
    <p class='ocr_par' dir='ltr' id='par_1_51' title="bbox 1602 2985 2414 3053">
     <span class='ocr_line' id='line_1_51' title="bbox 1602 2985 2414 3053; baseline -0.001 -14"><span class='ocrx_word' id='word_1_331' title='bbox 1602 2987 1732 3050; x_wconf 74' lang='lat' dir='ltr'><strong>Qua:</strong></span> <span class='ocrx_word' id='word_1_332' title='bbox 1757 2996 1900 3041; x_wconf 78' lang='lat' dir='ltr'><strong>certa</strong></span> <span class='ocrx_word' id='word_1_333' title='bbox 1929 2986 2180 3040; x_wconf 63' lang='lat' dir='ltr'><strong>amicitia</strong></span> <span class='ocrx_word' id='word_1_334' title='bbox 2209 2985 2414 3053; x_wconf 81' lang='lat' dir='ltr'><strong>regula.</strong></span> 
     </span>
    </p>
   </div>
   <div class='ocr_carea' id='block_1_52' title="bbox 465 3094 2088 3170">
    <p class='ocr_par' dir='ltr' id='par_1_52' title="bbox 465 3094 2028 3170">
     <span class='ocr_line' id='line_1_52' title="bbox 465 3094 2028 3170; baseline 0.003 -22"><span class='ocrx_word' id='word_1_335' title='bbox 465 3094 610 3163; x_wconf 87' lang='grc' dir='ltr'>Ἐγὼ</span> <span class='ocrx_word' id='word_1_336' title='bbox 681 3097 884 3150; x_wconf 85' lang='grc' dir='ltr'>κανόνα</span> <span class='ocrx_word' id='word_1_337' title='bbox 954 3097 1140 3166; x_wconf 77' lang='grc' dir='ltr'>φιλίας</span> <span class='ocrx_word' id='word_1_338' title='bbox 1199 3097 1491 3152; x_wconf 77' lang='grc' dir='ltr'>εὐθύτατον</span> <span class='ocrx_word' id='word_1_339' title='bbox 1561 3100 1802 3170; x_wconf 73' lang='grc' dir='ltr'>ἡγοῦμαι</span> <span class='ocrx_word' id='word_1_340' title='bbox 1866 3100 1958 3152; x_wconf 77' lang='grc' dir='ltr'><strong>τὸν</strong></span> <span class='ocrx_word' id='word_1_341' title='bbox 1995 3163 2028 3170; x_wconf 83' lang='lat'><strong>_</strong></span> 
     </span>
    </p>
   </div>
   <div class='ocr_carea' id='block_1_53' title="bbox 2012 3094 3635 3170">
    <p class='ocr_par' dir='ltr' id='par_1_53' title="bbox 2012 3095 3635 3170">
     <span class='ocr_line' id='line_1_53' title="bbox 2012 3095 3635 3170; baseline 0.002 -20"><span class='ocrx_word' id='word_1_342' title='bbox 2012 3163 2028 3170; x_wconf 90' lang='lat'><strong><em>_</em></strong></span> <span class='ocrx_word' id='word_1_343' title='bbox 2137 3095 2288 3150; x_wconf 84' lang='lat' dir='ltr'><strong>Illum</strong></span> <span class='ocrx_word' id='word_1_344' title='bbox 2316 3111 2416 3167; x_wconf 75' lang='lat' dir='ltr'><strong>ego</strong></span> <span class='ocrx_word' id='word_1_345' title='bbox 2443 3097 2616 3150; x_wconf 89' lang='lat' dir='ltr'><strong>virum</strong></span> <span class='ocrx_word' id='word_1_346' title='bbox 2649 3097 3009 3150; x_wconf 82' lang='lat' dir='ltr'><strong>rectissimam</strong></span> <span class='ocrx_word' id='word_1_347' title='bbox 3047 3112 3168 3152; x_wconf 85' lang='lat' dir='ltr'><strong>esse</strong></span> <span class='ocrx_word' id='word_1_348' title='bbox 3223 3099 3462 3168; x_wconf 77' lang='lat' dir='ltr'><strong>regulam</strong></span> <span class='ocrx_word' id='word_1_349' title='bbox 3495 3101 3635 3154; x_wconf 85' lang='lat' dir='ltr'><strong>ami-</strong></span> 
     </span>
    </p>
   </div>
   <div class='ocr_carea' id='block_1_54' title="bbox 380 3163 2003 3258">
    <p class='ocr_par' dir='ltr' id='par_1_54' title="bbox 380 3163 2003 3258">
     <span class='ocr_line' id='line_1_54' title="bbox 380 3163 2003 3258; baseline 0.001 -19"><span class='ocrx_word' id='word_1_350' title='bbox 380 3185 811 3256; x_wconf 72' lang='grc' dir='ltr'>ἀπροφασίστως</span> <span class='ocrx_word' id='word_1_351' title='bbox 839 3185 935 3254; x_wconf 77' lang='grc' dir='ltr'><strong>μὲν</strong></span> <span class='ocrx_word' id='word_1_352' title='bbox 958 3163 1071 3246; x_wconf 83' lang='grc' dir='ltr'>τοῖς</span> <span class='ocrx_word' id='word_1_353' title='bbox 1097 3185 1346 3254; x_wconf 82' lang='grc' dir='ltr'>ἀδελφοῖς</span> <span class='ocrx_word' id='word_1_354' title='bbox 1392 3163 1740 3254; x_wconf 76' lang='grc' dir='ltr'>συμπνέοντα</span> <span class='ocrx_word' id='word_1_355' title='bbox 1765 3229 1780 3253; x_wconf 91' lang='grc'><strong>,</strong></span> <span class='ocrx_word' id='word_1_356' title='bbox 1815 3189 1954 3258; x_wconf 75' lang='grc' dir='ltr'>μήτε</span> <span class='ocrx_word' id='word_1_357' title='bbox 1985 3163 2003 3217; x_wconf 66' lang='grc'><strong>(</strong></span> 
     </span>
    </p>
   </div>
   <div class='ocr_carea' id='block_1_55' title="bbox 2012 3163 3635 3258">
    <p class='ocr_par' dir='ltr' id='par_1_55' title="bbox 2012 3163 3635 3256">
     <span class='ocr_line' id='line_1_55' title="bbox 2012 3163 3635 3256; baseline 0.001 -14"><span class='ocrx_word' id='word_1_358' title='bbox 2012 3163 2028 3216; x_wconf 62' lang='grc' dir='ltr'><strong>ἶ</strong></span> <span class='ocrx_word' id='word_1_359' title='bbox 2061 3189 2203 3242; x_wconf 82' lang='lat' dir='ltr'><strong>citiae</strong></span> <span class='ocrx_word' id='word_1_360' title='bbox 2237 3190 2398 3252; x_wconf 88' lang='lat' dir='ltr'><strong>duco,</strong></span> <span class='ocrx_word' id='word_1_361' title='bbox 2437 3189 2527 3256; x_wconf 88' lang='lat' dir='ltr'><strong>qui</strong></span> <span class='ocrx_word' id='word_1_362' title='bbox 2555 3189 2671 3242; x_wconf 79' lang='lat' dir='ltr'><strong>sine</strong></span> <span class='ocrx_word' id='word_1_363' title='bbox 2713 3191 3031 3256; x_wconf 80' lang='lat' dir='ltr'><strong>exceptione</strong></span> <span class='ocrx_word' id='word_1_364' title='bbox 3056 3189 3317 3244; x_wconf 77' lang='lat' dir='ltr'><strong>fratribus</strong></span> <span class='ocrx_word' id='word_1_365' title='bbox 3344 3195 3635 3256; x_wconf 82' lang='lat' dir='ltr'><strong>consentit,</strong></span> 
     </span>
    </p>
   </div>
   <div class='ocr_carea' id='block_1_56' title="bbox 378 3269 2001 3352">
    <p class='ocr_par' dir='ltr' id='par_1_56' title="bbox 378 3269 1955 3346">
     <span class='ocr_line' id='line_1_56' title="bbox 378 3269 1955 3346; baseline 0.004 -24"><span class='ocrx_word' id='word_1_366' title='bbox 378 3269 438 3322; x_wconf 81' lang='grc' dir='ltr'>δὲ</span> <span class='ocrx_word' id='word_1_367' title='bbox 471 3269 734 3341; x_wconf 75' lang='grc' dir='ltr'>κολακείᾳ</span> <span class='ocrx_word' id='word_1_368' title='bbox 769 3270 866 3333; x_wconf 78' lang='grc' dir='ltr'>τὰς</span> <span class='ocrx_word' id='word_1_369' title='bbox 919 3270 1099 3340; x_wconf 80' lang='grc' dir='ltr'>φιλίας</span> <span class='ocrx_word' id='word_1_370' title='bbox 1129 3273 1562 3346; x_wconf 73' lang='grc' dir='ltr'>προσαγόμενον,</span> <span class='ocrx_word' id='word_1_371' title='bbox 1621 3275 1756 3344; x_wconf 85' lang='grc' dir='ltr'>μήτε</span> <span class='ocrx_word' id='word_1_372' title='bbox 1781 3275 1955 3346; x_wconf 72' lang='grc' dir='ltr'>λάθρα</span> 
     </span>
    </p>
   </div>
   <div class='ocr_carea' id='block_1_57' title="bbox 2002 3269 3625 3352">
    <p class='ocr_par' dir='ltr' id='par_1_57' title="bbox 2063 3280 3625 3352">
     <span class='ocr_line' id='line_1_57' title="bbox 2063 3280 3625 3352; baseline 0 -17"><span class='ocrx_word' id='word_1_373' title='bbox 2063 3293 2240 3348; x_wconf 85' lang='lat' dir='ltr'><strong>neque</strong></span> <span class='ocrx_word' id='word_1_374' title='bbox 2273 3280 2640 3334; x_wconf 86' lang='lat' dir='ltr'><strong>assentatione</strong></span> <span class='ocrx_word' id='word_1_375' title='bbox 2687 3281 2787 3332; x_wconf 92' lang='lat' dir='ltr'><strong>init</strong></span> <span class='ocrx_word' id='word_1_376' title='bbox 2839 3281 3354 3352; x_wconf 65' lang='lat' dir='ltr'><strong>amicitiantmeque</strong></span> <span class='ocrx_word' id='word_1_377' title='bbox 3402 3284 3625 3336; x_wconf 79' lang='lat' dir='ltr'><strong>claude-</strong></span> 
     </span>
    </p>
   </div>
   <div class='ocr_carea' id='block_1_58' title="bbox 385 3357 2008 3442">
    <p class='ocr_par' dir='ltr' id='par_1_58' title="bbox 385 3357 1954 3430">
     <span class='ocr_line' id='line_1_58' title="bbox 385 3357 1954 3430; baseline 0.003 -19"><span class='ocrx_word' id='word_1_378' title='bbox 385 3357 904 3430; x_wconf 79' lang='grc' dir='ltr'>μεταχειριζόμενον</span> <span class='ocrx_word' id='word_1_379' title='bbox 948 3361 1045 3422; x_wconf 66' lang='grc' dir='ltr'>τὰς</span> <span class='ocrx_word' id='word_1_380' title='bbox 1101 3359 1336 3430; x_wconf 80' lang='grc' dir='ltr'>ἔχθρας·</span> <span class='ocrx_word' id='word_1_381' title='bbox 1375 3361 1512 3415; x_wconf 75' lang='grc' dir='ltr'>ἀλλὰ</span> <span class='ocrx_word' id='word_1_382' title='bbox 1563 3363 1698 3430; x_wconf 77' lang='grc' dir='ltr'>πρὸς</span> <span class='ocrx_word' id='word_1_383' title='bbox 1739 3363 1954 3416; x_wconf 72' lang='grc' dir='ltr'>ἅπαντα</span> 
     </span>
    </p>
   </div>
   <div class='ocr_carea' id='block_1_59' title="bbox 2009 3357 3632 3442">
    <p class='ocr_par' dir='ltr' id='par_1_59' title="bbox 2063 3369 3632 3442">
     <span class='ocr_line' id='line_1_59' title="bbox 2063 3369 3632 3442; baseline 0 -18"><span class='ocrx_word' id='word_1_384' title='bbox 2063 3369 2204 3424; x_wconf 85' lang='lat' dir='ltr'><strong>stina</strong></span> <span class='ocrx_word' id='word_1_385' title='bbox 2254 3371 2400 3424; x_wconf 82' lang='lat' dir='ltr'><strong>fovet</strong></span> <span class='ocrx_word' id='word_1_386' title='bbox 2430 3371 2552 3424; x_wconf 88' lang='lat' dir='ltr'><strong>odia</strong></span> <span class='ocrx_word' id='word_1_387' title='bbox 2605 3370 3034 3440; x_wconf 77' lang='lat' dir='ltr'><strong>simultatesque,</strong></span> <span class='ocrx_word' id='word_1_388' title='bbox 3059 3373 3157 3426; x_wconf 88' lang='lat' dir='ltr'><strong>sed</strong></span> <span class='ocrx_word' id='word_1_389' title='bbox 3210 3375 3274 3425; x_wconf 89' lang='lat' dir='ltr'><strong>ad</strong></span> <span class='ocrx_word' id='word_1_390' title='bbox 3307 3374 3487 3426; x_wconf 86' lang='lat' dir='ltr'><strong>omnia</strong></span> <span class='ocrx_word' id='word_1_391' title='bbox 3529 3389 3632 3442; x_wconf 87' lang='lat' dir='ltr'><strong>pn-</strong></span> 
     </span>
    </p>
   </div>
   <div class='ocr_carea' id='block_1_60' title="bbox 379 3450 2002 3530">
    <p class='ocr_par' dir='ltr' id='par_1_60' title="bbox 379 3450 1957 3525">
     <span class='ocr_line' id='line_1_60' title="bbox 379 3450 1957 3525; baseline 0.003 -21"><span class='ocrx_word' id='word_1_392' title='bbox 379 3451 482 3521; x_wconf 85' lang='grc' dir='ltr'>τὴν</span> <span class='ocrx_word' id='word_1_393' title='bbox 528 3450 710 3520; x_wconf 72' lang='grc' dir='ltr'>ψυχὴν</span> <span class='ocrx_word' id='word_1_394' title='bbox 761 3451 1006 3521; x_wconf 76' lang='grc' dir='ltr'>γυμνὸν,</span> <span class='ocrx_word' id='word_1_395' title='bbox 1065 3450 1268 3505; x_wconf 77' lang='grc' dir='ltr'>ἁπλοῦν</span> <span class='ocrx_word' id='word_1_396' title='bbox 1323 3455 1421 3522; x_wconf 79' lang='grc' dir='ltr'>μὲν</span> <span class='ocrx_word' id='word_1_397' title='bbox 1479 3454 1814 3523; x_wconf 79' lang='grc' dir='ltr'>τυγχάνοντα</span> <span class='ocrx_word' id='word_1_398' title='bbox 1859 3455 1957 3525; x_wconf 81' lang='grc' dir='ltr'>τὴν</span> 
     </span>
    </p>
   </div>
   <div class='ocr_carea' id='block_1_61' title="bbox 2011 3450 3634 3530">
    <p class='ocr_par' dir='ltr' id='par_1_61' title="bbox 2071 3459 3634 3530">
     <span class='ocr_line' id='line_1_61' title="bbox 2071 3459 3634 3530; baseline 0.003 -16"><span class='ocrx_word' id='word_1_399' title='bbox 2071 3476 2189 3514; x_wconf 85' lang='lat' dir='ltr'><strong>ram</strong></span> <span class='ocrx_word' id='word_1_400' title='bbox 2214 3461 2474 3526; x_wconf 84' lang='lat' dir='ltr'><strong>animam,</strong></span> <span class='ocrx_word' id='word_1_401' title='bbox 2502 3459 2912 3530; x_wconf 84' lang='lat' dir='ltr'><strong>simphcemque</strong></span> <span class='ocrx_word' id='word_1_402' title='bbox 2962 3463 3178 3516; x_wconf 83' lang='lat' dir='ltr'><strong>exhibet</strong></span> <span class='ocrx_word' id='word_1_403' title='bbox 3203 3474 3458 3528; x_wconf 86' lang='lat' dir='ltr'><strong>mentem,</strong></span> <span class='ocrx_word' id='word_1_404' title='bbox 3503 3467 3634 3518; x_wconf 86' lang='lat' dir='ltr'><strong>sim-</strong></span> 
     </span>
    </p>
   </div>
   <div class='ocr_carea' id='block_1_62' title="bbox 381 3541 2004 3624">
    <p class='ocr_par' dir='ltr' id='par_1_62' title="bbox 381 3541 1956 3616">
     <span class='ocr_line' id='line_1_62' title="bbox 381 3541 1956 3616; baseline 0.003 -22"><span class='ocrx_word' id='word_1_405' title='bbox 381 3541 630 3614; x_wconf 83' lang='grc' dir='ltr'>γνώμην,</span> <span class='ocrx_word' id='word_1_406' title='bbox 680 3542 887 3596; x_wconf 82' lang='grc' dir='ltr'>ἁπλοῦν</span> <span class='ocrx_word' id='word_1_407' title='bbox 931 3543 988 3595; x_wconf 83' lang='grc' dir='ltr'>δὲ</span> <span class='ocrx_word' id='word_1_408' title='bbox 1028 3543 1123 3612; x_wconf 80' lang='grc' dir='ltr'>τὴν</span> <span class='ocrx_word' id='word_1_409' title='bbox 1168 3541 1436 3611; x_wconf 85' lang='grc' dir='ltr'>γλῶτταν,</span> <span class='ocrx_word' id='word_1_410' title='bbox 1481 3545 1847 3616; x_wconf 74' lang='grc' dir='ltr'>ἁπλούστερον</span> <span class='ocrx_word' id='word_1_411' title='bbox 1899 3546 1956 3599; x_wconf 77' lang='grc' dir='ltr'>δὲ</span> 
     </span>
    </p>
   </div>
   <div class='ocr_carea' id='block_1_63' title="bbox 2008 3541 3631 3624">
    <p class='ocr_par' dir='ltr' id='par_1_63' title="bbox 2062 3551 3631 3624">
     <span class='ocr_line' id='line_1_63' title="bbox 2062 3551 3631 3624; baseline 0.003 -23"><span class='ocrx_word' id='word_1_412' title='bbox 2062 3551 2253 3620; x_wconf 87' lang='lat' dir='ltr'><strong>plicem</strong></span> <span class='ocrx_word' id='word_1_413' title='bbox 2275 3551 2438 3605; x_wconf 78' lang='lat' dir='ltr'><strong>etiam</strong></span> <span class='ocrx_word' id='word_1_414' title='bbox 2469 3551 2739 3620; x_wconf 76' lang='lat' dir='ltr'><strong>linguam;</strong></span> <span class='ocrx_word' id='word_1_415' title='bbox 2767 3560 2819 3602; x_wconf 73' lang='grc' dir='ltr'><strong>ιιι</strong></span> <span class='ocrx_word' id='word_1_416' title='bbox 2847 3565 2974 3604; x_wconf 87' lang='lat' dir='ltr'><strong>vero</strong></span> <span class='ocrx_word' id='word_1_417' title='bbox 3005 3552 3090 3605; x_wconf 87' lang='lat' dir='ltr'><strong>his</strong></span> <span class='ocrx_word' id='word_1_418' title='bbox 3119 3554 3372 3607; x_wconf 87' lang='lat' dir='ltr'><strong>omnibus</strong></span> <span class='ocrx_word' id='word_1_419' title='bbox 3415 3553 3631 3624; x_wconf 85' lang='lat' dir='ltr'><strong>simpli-</strong></span> 
     </span>
    </p>
   </div>
   <div class='ocr_carea' id='block_1_64' title="bbox 381 3633 2004 3710">
    <p class='ocr_par' dir='ltr' id='par_1_64' title="bbox 381 3633 972 3706">
     <span class='ocr_line' id='line_1_64' title="bbox 381 3633 972 3706; baseline 0 -18"><span class='ocrx_word' id='word_1_420' title='bbox 381 3636 464 3690; x_wconf 70' lang='grc' dir='ltr'>ἔτι</span> <span class='ocrx_word' id='word_1_421' title='bbox 495 3635 698 3706; x_wconf 81' lang='grc' dir='ltr'>μᾶλλον</span> <span class='ocrx_word' id='word_1_422' title='bbox 725 3635 818 3688; x_wconf 85' lang='grc' dir='ltr'><strong>τὸν</strong></span> <span class='ocrx_word' id='word_1_423' title='bbox 841 3633 972 3704; x_wconf 86' lang='grc' dir='ltr'>βίον.</span> 
     </span>
    </p>
   </div>
   <div class='ocr_carea' id='block_1_65' title="bbox 1204 3633 2827 3710">
    <p class='ocr_par' dir='ltr' id='par_1_65' title="bbox 2065 3644 2827 3710">
     <span class='ocr_line' id='line_1_65' title="bbox 2065 3644 2827 3710; baseline 0 -13"><span class='ocrx_word' id='word_1_424' title='bbox 2065 3644 2268 3697; x_wconf 80' lang='lat' dir='ltr'><strong>eiurent</strong></span> <span class='ocrx_word' id='word_1_425' title='bbox 2307 3644 2492 3705; x_wconf 82' lang='lat' dir='ltr'><strong>vitam,</strong></span> <span class='ocrx_word' id='word_1_426' title='bbox 2522 3657 2827 3710; x_wconf 81' lang='lat' dir='ltr'><strong>moresque.</strong></span> 
     </span>
    </p>
   </div>
   <div class='ocr_carea' id='block_1_66' title="bbox 558 3741 2181 3818">
    <p class='ocr_par' dir='ltr' id='par_1_66' title="bbox 558 3741 1782 3818">
     <span class='ocr_line' id='line_1_66' title="bbox 558 3741 1782 3818; baseline 0.005 -22"><span class='ocrx_word' id='word_1_427' title='bbox 558 3741 722 3798; x_wconf 59' lang='lat' dir='ltr'><strong>Q’EA&#39;.</strong></span> <span class='ocrx_word' id='word_1_428' title='bbox 759 3772 830 3784; x_wconf 94' lang='lat'><strong>—</strong></span> <span class='ocrx_word' id='word_1_429' title='bbox 862 3743 1304 3798; x_wconf 79' lang='grc' dir='ltr'><strong>ΝΕΙΛΑΜΜΩΝῙ</strong></span> <span class='ocrx_word' id='word_1_430' title='bbox 1331 3745 1782 3818; x_wconf 78' lang='grc' dir='ltr'><strong>ΣΧΟΛΑΣΤΙΚῼ.</strong></span> 
     </span>
    </p>
   </div>
   <div class='ocr_carea' id='block_1_67' title="bbox 1838 3741 3461 3818">
    <p class='ocr_par' dir='ltr' id='par_1_67' title="bbox 2249 3749 3461 3810">
     <span class='ocr_line' id='line_1_67' title="bbox 2249 3749 3461 3810; baseline 0.003 -6"><span class='ocrx_word' id='word_1_431' title='bbox 2249 3749 2427 3806; x_wconf 77' lang='lat' dir='ltr'><strong>DLXI.</strong></span> <span class='ocrx_word' id='word_1_432' title='bbox 2453 3780 2524 3790; x_wconf 89' lang='lat'><strong>—-</strong></span> <span class='ocrx_word' id='word_1_433' title='bbox 2541 3749 2926 3808; x_wconf 80' lang='lat' dir='ltr'><strong>NILAMMONI</strong></span> <span class='ocrx_word' id='word_1_434' title='bbox 2969 3749 3461 3810; x_wconf 80' lang='lat' dir='ltr'><strong>SCliOLASTlCO.</strong></span> 
     </span>
    </p>
   </div>
   <div class='ocr_carea' id='block_1_68' title="bbox 1369 3834 2658 3911">
    <p class='ocr_par' dir='ltr' id='par_1_68' title="bbox 1369 3834 2658 3911">
     <span class='ocr_line' id='line_1_68' title="bbox 1369 3834 2658 3911; baseline 0.006 -23"><span class='ocrx_word' id='word_1_435' title='bbox 1369 3834 1686 3902; x_wconf 73' lang='lat' dir='ltr'><strong>Metirulosi,</strong></span> <span class='ocrx_word' id='word_1_436' title='bbox 1726 3837 1927 3908; x_wconf 76' lang='lat' dir='ltr'><strong>sibique</strong></span> <span class='ocrx_word' id='word_1_437' title='bbox 1952 3839 2089 3895; x_wconf 79' lang='lat' dir='ltr'><strong>male</strong></span> <span class='ocrx_word' id='word_1_438' title='bbox 2111 3841 2305 3894; x_wconf 77' lang='lat' dir='ltr'><strong>conscii</strong></span> <span class='ocrx_word' id='word_1_439' title='bbox 2327 3841 2442 3911; x_wconf 77' lang='lat' dir='ltr'><strong>quis</strong></span> <span class='ocrx_word' id='word_1_440' title='bbox 2469 3853 2658 3898; x_wconf 74' lang='lat' dir='ltr'><strong>status.</strong></span> 
     </span>
    </p>
   </div>
   <div class='ocr_carea' id='block_1_69' title="bbox 457 3945 2080 4024">
    <p class='ocr_par' dir='ltr' id='par_1_69' title="bbox 457 3945 1960 4024">
     <span class='ocr_line' id='line_1_69' title="bbox 457 3945 1960 4024; baseline 0.005 -27"><span class='ocrx_word' id='word_1_441' title='bbox 457 3945 670 4016; x_wconf 87' lang='grc' dir='ltr'>’Ὠσπερ</span> <span class='ocrx_word' id='word_1_442' title='bbox 715 3946 764 3999; x_wconf 79' lang='lat' dir='ltr'><strong>oi</strong></span> <span class='ocrx_word' id='word_1_443' title='bbox 795 3945 1100 4016; x_wconf 76' lang='grc' dir='ltr'>ψοφοδεεῖς,</span> <span class='ocrx_word' id='word_1_444' title='bbox 1140 3949 1234 4002; x_wconf 75' lang='grc' dir='ltr'>καὶ</span> <span class='ocrx_word' id='word_1_445' title='bbox 1279 3948 1418 4019; x_wconf 74' lang='grc' dir='ltr'>πρὸς</span> <span class='ocrx_word' id='word_1_446' title='bbox 1454 3949 1622 4020; x_wconf 79' lang='grc' dir='ltr'>μόνην</span> <span class='ocrx_word' id='word_1_447' title='bbox 1656 3950 1754 4019; x_wconf 82' lang='grc' dir='ltr'>τὴν</span> <span class='ocrx_word' id='word_1_448' title='bbox 1793 3951 1960 4024; x_wconf 82' lang='grc' dir='ltr'>ἀκοὴν</span> 
     </span>
    </p>
   </div>
   <div class='ocr_carea' id='block_1_70' title="bbox 2016 3945 3639 4024">
    <p class='ocr_par' dir='ltr' id='par_1_70' title="bbox 2141 3955 3639 4022">
     <span class='ocr_line' id='line_1_70' title="bbox 2141 3955 3639 4022; baseline 0.008 -13"><span class='ocrx_word' id='word_1_449' title='bbox 2141 3955 2208 4010; x_wconf 86' lang='lat' dir='ltr'><strong>Ut</strong></span> <span class='ocrx_word' id='word_1_450' title='bbox 2267 3957 2464 4022; x_wconf 85' lang='lat' dir='ltr'><strong>timidi,</strong></span> <span class='ocrx_word' id='word_1_451' title='bbox 2503 3967 2556 4012; x_wconf 92' lang='lat' dir='ltr'><strong>et</strong></span> <span class='ocrx_word' id='word_1_452' title='bbox 2609 3957 2675 4012; x_wconf 86' lang='lat' dir='ltr'><strong>ad</strong></span> <span class='ocrx_word' id='word_1_453' title='bbox 2729 3959 2902 4015; x_wconf 89' lang='lat' dir='ltr'><strong>solum</strong></span> <span class='ocrx_word' id='word_1_454' title='bbox 2954 3962 3326 4018; x_wconf 87' lang='lat' dir='ltr'><strong>molestiarum</strong></span> <span class='ocrx_word' id='word_1_455' title='bbox 3388 3965 3639 4020; x_wconf 81' lang='lat' dir='ltr'><strong>auditum</strong></span> 
     </span>
    </p>
   </div>
   <div class='ocr_carea' id='block_1_71' title="bbox 381 4036 2004 4124">
    <p class='ocr_par' dir='ltr' id='par_1_71' title="bbox 381 4036 1960 4113">
     <span class='ocr_line' id='line_1_71' title="bbox 381 4036 1960 4113; baseline 0.004 -23"><span class='ocrx_word' id='word_1_456' title='bbox 381 4036 492 4090; x_wconf 82' lang='grc' dir='ltr'><strong>τῶν</strong></span> <span class='ocrx_word' id='word_1_457' title='bbox 513 4037 704 4091; x_wconf 82' lang='grc' dir='ltr'>δεινῶν</span> <span class='ocrx_word' id='word_1_458' title='bbox 732 4039 1226 4110; x_wconf 83' lang='grc' dir='ltr'>καταπλήττονται,</span> <span class='ocrx_word' id='word_1_459' title='bbox 1255 4042 1348 4094; x_wconf 79' lang='grc' dir='ltr'><strong>καὶ</strong></span> <span class='ocrx_word' id='word_1_460' title='bbox 1364 4041 1482 4095; x_wconf 80' lang='grc' dir='ltr'>οὐδὲ</span> <span class='ocrx_word' id='word_1_461' title='bbox 1513 4041 1710 4111; x_wconf 82' lang='grc' dir='ltr'>φύλλου</span> <span class='ocrx_word' id='word_1_462' title='bbox 1738 4043 1960 4113; x_wconf 84' lang='grc' dir='ltr'>φέρουσι</span> 
     </span>
    </p>
   </div>
   <div class='ocr_carea' id='block_1_72' title="bbox 2013 4036 3636 4124">
    <p class='ocr_par' dir='ltr' id='par_1_72' title="bbox 2066 4047 3636 4124">
     <span class='ocr_line' id='line_1_72' title="bbox 2066 4047 3636 4124; baseline 0.007 -23"><span class='ocrx_word' id='word_1_463' title='bbox 2066 4047 2454 4117; x_wconf 76' lang='lat' dir='ltr'><strong>percelluntur,</strong></span> <span class='ocrx_word' id='word_1_464' title='bbox 2491 4063 2555 4104; x_wconf 84' lang='lat' dir='ltr'><strong>ac</strong></span> <span class='ocrx_word' id='word_1_465' title='bbox 2609 4066 2680 4106; x_wconf 87' lang='lat' dir='ltr'><strong>ne</strong></span> <span class='ocrx_word' id='word_1_466' title='bbox 2737 4052 2918 4106; x_wconf 79' lang='lat' dir='ltr'><strong>ferunt</strong></span> <span class='ocrx_word' id='word_1_467' title='bbox 2973 4055 3189 4124; x_wconf 87' lang='lat' dir='ltr'><strong>quidem</strong></span> <span class='ocrx_word' id='word_1_468' title='bbox 3231 4057 3344 4110; x_wconf 83' lang='lat' dir='ltr'><strong>folii</strong></span> <span class='ocrx_word' id='word_1_469' title='bbox 3407 4069 3636 4122; x_wconf 88' lang='lat' dir='ltr'><strong>motum,</strong></span> 
     </span>
    </p>
   </div>
   <div class='ocr_carea' id='block_1_73' title="bbox 383 4127 2006 4220">
    <p class='ocr_par' dir='ltr' id='par_1_73' title="bbox 383 4127 1962 4204">
     <span class='ocr_line' id='line_1_73' title="bbox 383 4127 1962 4204; baseline 0.006 -24"><span class='ocrx_word' id='word_1_470' title='bbox 383 4129 632 4197; x_wconf 87' lang='grc' dir='ltr'>κίνησιν,</span> <span class='ocrx_word' id='word_1_471' title='bbox 685 4127 780 4182; x_wconf 82' lang='grc' dir='ltr'>τοῦ</span> <span class='ocrx_word' id='word_1_472' title='bbox 834 4129 991 4193; x_wconf 85' lang='grc' dir='ltr'>δέους</span> <span class='ocrx_word' id='word_1_473' title='bbox 1038 4132 1183 4185; x_wconf 87' lang='grc' dir='ltr'>κατὰ</span> <span class='ocrx_word' id='word_1_474' title='bbox 1229 4133 1338 4186; x_wconf 85' lang='grc' dir='ltr'><strong>τῶν</strong></span> <span class='ocrx_word' id='word_1_475' title='bbox 1385 4134 1656 4202; x_wconf 78' lang='grc' dir='ltr'>τυχόντων</span> <span class='ocrx_word' id='word_1_476' title='bbox 1716 4135 1962 4204; x_wconf 85' lang='grc' dir='ltr'>μεγάλας</span> 
     </span>
    </p>
   </div>
   <div class='ocr_carea' id='block_1_74' title="bbox 2017 4127 3640 4220">
    <p class='ocr_par' dir='ltr' id='par_1_74' title="bbox 2069 4139 3640 4220">
     <span class='ocr_line' id='line_1_74' title="bbox 2069 4139 3640 4220; baseline 0.011 -32"><span class='ocrx_word' id='word_1_477' title='bbox 2069 4139 2210 4204; x_wconf 88' lang='lat' dir='ltr'><strong>quod</strong></span> <span class='ocrx_word' id='word_1_478' title='bbox 2239 4139 2422 4195; x_wconf 80' lang='lat' dir='ltr'><strong>folium</strong></span> <span class='ocrx_word' id='word_1_479' title='bbox 2459 4157 2560 4196; x_wconf 89' lang='lat' dir='ltr'><strong>suo</strong></span> <span class='ocrx_word' id='word_1_480' title='bbox 2585 4142 2732 4211; x_wconf 85' lang='lat' dir='ltr'><strong>lapsu</strong></span> <span class='ocrx_word' id='word_1_481' title='bbox 2766 4159 3016 4212; x_wconf 75' lang='lat' dir='ltr'><strong>magnum</strong></span> <span class='ocrx_word' id='word_1_482' title='bbox 3063 4155 3264 4201; x_wconf 89' lang='lat' dir='ltr'><strong>metum</strong></span> <span class='ocrx_word' id='word_1_483' title='bbox 3293 4163 3640 4220; x_wconf 74' lang='lat' dir='ltr'><strong>auguresque</strong></span> 
     </span>
    </p>
   </div>
   <div class='ocr_carea' id='block_1_75' title="bbox 384 4221 2007 4306">
    <p class='ocr_par' dir='ltr' id='par_1_75' title="bbox 384 4221 1962 4294">
     <span class='ocr_line' id='line_1_75' title="bbox 384 4221 1962 4294; baseline 0.005 -20"><span class='ocrx_word' id='word_1_484' title='bbox 384 4221 742 4290; x_wconf 75' lang='grc' dir='ltr'>ἐμποιοῦντος</span> <span class='ocrx_word' id='word_1_485' title='bbox 771 4221 868 4284; x_wconf 80' lang='grc' dir='ltr'><strong>τὰς</strong></span> <span class='ocrx_word' id='word_1_486' title='bbox 903 4221 1177 4291; x_wconf 77' lang='grc' dir='ltr'>ὑποψίας·</span> <span class='ocrx_word' id='word_1_487' title='bbox 1225 4223 1367 4278; x_wconf 82' lang='grc' dir='ltr'>οὕτω</span> <span class='ocrx_word' id='word_1_488' title='bbox 1413 4225 1507 4278; x_wconf 74' lang='grc' dir='ltr'>καὶ</span> <span class='ocrx_word' id='word_1_489' title='bbox 1555 4228 1603 4279; x_wconf 81' lang='grc' dir='ltr'>οἱ</span> <span class='ocrx_word' id='word_1_490' title='bbox 1658 4227 1962 4294; x_wconf 86' lang='grc' dir='ltr'>πταίοντες,</span> 
     </span>
    </p>
   </div>
   <div class='ocr_carea' id='block_1_76' title="bbox 2016 4221 3639 4306">
    <p class='ocr_par' dir='ltr' id='par_1_76' title="bbox 2075 4231 3639 4306">
     <span class='ocr_line' id='line_1_76' title="bbox 2075 4231 3639 4306; baseline 0.008 -22"><span class='ocrx_word' id='word_1_491' title='bbox 2075 4231 2306 4296; x_wconf 88' lang='lat' dir='ltr'><strong>incutit;</strong></span> <span class='ocrx_word' id='word_1_492' title='bbox 2346 4233 2414 4285; x_wconf 86' lang='lat' dir='ltr'><strong>ad</strong></span> <span class='ocrx_word' id='word_1_493' title='bbox 2442 4233 2692 4288; x_wconf 89' lang='lat' dir='ltr'><strong>ettmdem</strong></span> <span class='ocrx_word' id='word_1_494' title='bbox 2730 4238 2945 4290; x_wconf 90' lang='lat' dir='ltr'><strong>modum</strong></span> <span class='ocrx_word' id='word_1_495' title='bbox 2971 4238 3061 4305; x_wconf 90' lang='lat' dir='ltr'><strong>qui</strong></span> <span class='ocrx_word' id='word_1_496' title='bbox 3109 4238 3452 4306; x_wconf 85' lang='lat' dir='ltr'><strong>deliquerint,</strong></span> <span class='ocrx_word' id='word_1_497' title='bbox 3477 4242 3639 4296; x_wconf 84' lang='lat' dir='ltr'><strong>undi-</strong></span> 
     </span>
    </p>
   </div>
   <div class='ocr_carea' id='block_1_77' title="bbox 383 4311 2006 4396">
    <p class='ocr_par' dir='ltr' id='par_1_77' title="bbox 383 4312 1964 4384">
     <span class='ocr_line' id='line_1_77' title="bbox 383 4312 1964 4384; baseline 0.005 -20"><span class='ocrx_word' id='word_1_498' title='bbox 383 4312 632 4382; x_wconf 72' lang='grc' dir='ltr'>ἐλέγχοις</span> <span class='ocrx_word' id='word_1_499' title='bbox 676 4314 1014 4384; x_wconf 79' lang='grc' dir='ltr'>πανταχόθεν</span> <span class='ocrx_word' id='word_1_500' title='bbox 1051 4314 1366 4384; x_wconf 81' lang='grc' dir='ltr'>βάλλονται,</span> <span class='ocrx_word' id='word_1_501' title='bbox 1398 4315 1492 4369; x_wconf 78' lang='grc' dir='ltr'>τοῦ</span> <span class='ocrx_word' id='word_1_502' title='bbox 1521 4317 1822 4382; x_wconf 82' lang='grc' dir='ltr'>συνειδότος</span> <span class='ocrx_word' id='word_1_503' title='bbox 1869 4320 1964 4372; x_wconf 71' lang='grc' dir='ltr'>καὶ</span> 
     </span>
    </p>
   </div>
   <div class='ocr_carea' id='block_1_78' title="bbox 2012 4311 3635 4396">
    <p class='ocr_par' dir='ltr' id='par_1_78' title="bbox 2069 4311 3635 4396">
     <span class='ocr_line' id='line_1_78' title="bbox 2069 4311 3635 4396; baseline 0.008 -22"><span class='ocrx_word' id='word_1_504' title='bbox 2069 4337 2172 4390; x_wconf 88' lang='lat' dir='ltr'><strong>que</strong></span> <span class='ocrx_word' id='word_1_505' title='bbox 2198 4332 2522 4392; x_wconf 87' lang='lat' dir='ltr'><strong>appetuntur</strong></span> <span class='ocrx_word' id='word_1_506' title='bbox 2549 4326 2808 4381; x_wconf 82' lang='lat' dir='ltr'><strong>conviciis</strong></span> <span class='ocrx_word' id='word_1_507' title='bbox 2833 4329 3200 4396; x_wconf 86' lang='lat' dir='ltr'><strong>consciorum,</strong></span> <span class='ocrx_word' id='word_1_508' title='bbox 3224 4331 3340 4384; x_wconf 85' lang='lat' dir='ltr'><strong>sive</strong></span> <span class='ocrx_word' id='word_1_509' title='bbox 3397 4311 3635 4386; x_wconf 81' lang='lat' dir='ltr'><strong>laudan-</strong></span> 
     </span>
    </p>
   </div>
   <div class='ocr_carea' id='block_1_79' title="bbox 382 4403 2005 4491">
    <p class='ocr_par' dir='ltr' id='par_1_79' title="bbox 382 4403 2005 4476">
     <span class='ocr_line' id='line_1_79' title="bbox 382 4403 2005 4476; baseline 0.005 -21"><span class='ocrx_word' id='word_1_510' title='bbox 382 4403 450 4456; x_wconf 84' lang='grc' dir='ltr'>ὲκ</span> <span class='ocrx_word' id='word_1_511' title='bbox 477 4404 582 4457; x_wconf 86' lang='grc' dir='ltr'><strong>τῶν</strong></span> <span class='ocrx_word' id='word_1_512' title='bbox 615 4404 1010 4468; x_wconf 77' lang='grc' dir='ltr'>ἐπαινούντων,</span> <span class='ocrx_word' id='word_1_513' title='bbox 1045 4406 1142 4459; x_wconf 80' lang='grc' dir='ltr'><strong>καὶ</strong></span> <span class='ocrx_word' id='word_1_514' title='bbox 1193 4407 1256 4459; x_wconf 82' lang='grc' dir='ltr'>ἐκ</span> <span class='ocrx_word' id='word_1_515' title='bbox 1295 4407 1398 4460; x_wconf 84' lang='grc' dir='ltr'>τῶν</span> <span class='ocrx_word' id='word_1_516' title='bbox 1422 4407 1720 4476; x_wconf 71' lang='grc' dir='ltr'>ψεγόντων,</span> <span class='ocrx_word' id='word_1_517' title='bbox 1768 4410 1863 4463; x_wconf 74' lang='grc' dir='ltr'><strong>καὶ</strong></span> <span class='ocrx_word' id='word_1_518' title='bbox 1899 4411 1963 4463; x_wconf 84' lang='grc' dir='ltr'><strong>ὲκ</strong></span> <span class='ocrx_word' id='word_1_519' title='bbox 1995 4403 2005 4456; x_wconf 76' lang='grc'><strong>1</strong></span> 
     </span>
    </p>
   </div>
   <div class='ocr_carea' id='block_1_80' title="bbox 2014 4403 3637 4491">
    <p class='ocr_par' dir='ltr' id='par_1_80' title="bbox 2014 4403 3637 4491">
     <span class='ocr_line' id='line_1_80' title="bbox 2014 4403 3637 4491; baseline 0.007 -25"><span class='ocrx_word' id='word_1_520' title='bbox 2014 4403 2038 4456; x_wconf 84' lang='grc'>)</span> <span class='ocrx_word' id='word_1_521' title='bbox 2071 4414 2201 4466; x_wconf 88' lang='lat' dir='ltr'><strong>tium</strong></span> <span class='ocrx_word' id='word_1_522' title='bbox 2232 4415 2347 4469; x_wconf 88' lang='lat' dir='ltr'><strong>sive</strong></span> <span class='ocrx_word' id='word_1_523' title='bbox 2377 4415 2820 4484; x_wconf 88' lang='lat' dir='ltr'><strong>vituperantium,</strong></span> <span class='ocrx_word' id='word_1_524' title='bbox 2851 4427 2907 4473; x_wconf 89' lang='lat' dir='ltr'><strong>et</strong></span> <span class='ocrx_word' id='word_1_525' title='bbox 2931 4427 3037 4474; x_wconf 85' lang='lat' dir='ltr'><strong>tam</strong></span> <span class='ocrx_word' id='word_1_526' title='bbox 3067 4435 3137 4475; x_wconf 76' lang='lat' dir='ltr'><strong>ex</strong></span> <span class='ocrx_word' id='word_1_527' title='bbox 3185 4422 3445 4489; x_wconf 90' lang='lat' dir='ltr'><strong>consciis,</strong></span> <span class='ocrx_word' id='word_1_528' title='bbox 3472 4438 3637 4491; x_wconf 85' lang='lat' dir='ltr'><strong>quam</strong></span> 
     </span>
    </p>
   </div>
   <div class='ocr_carea' id='block_1_81' title="bbox 383 4494 2006 4578">
    <p class='ocr_par' dir='ltr' id='par_1_81' title="bbox 383 4494 1966 4569">
     <span class='ocr_line' id='line_1_81' title="bbox 383 4494 1966 4569; baseline 0.004 -23"><span class='ocrx_word' id='word_1_529' title='bbox 383 4494 493 4546; x_wconf 84' lang='grc' dir='ltr'>τῶν</span> <span class='ocrx_word' id='word_1_530' title='bbox 531 4496 875 4563; x_wconf 76' lang='grc' dir='ltr'>συνειδότων,</span> <span class='ocrx_word' id='word_1_531' title='bbox 904 4497 999 4548; x_wconf 71' lang='grc' dir='ltr'><strong>καὶ</strong></span> <span class='ocrx_word' id='word_1_532' title='bbox 1038 4499 1102 4549; x_wconf 82' lang='grc' dir='ltr'>ὲκ</span> <span class='ocrx_word' id='word_1_533' title='bbox 1131 4498 1240 4550; x_wconf 86' lang='grc' dir='ltr'>τῶν</span> <span class='ocrx_word' id='word_1_534' title='bbox 1283 4498 1360 4569; x_wconf 81' lang='grc' dir='ltr'>μὴ</span> <span class='ocrx_word' id='word_1_535' title='bbox 1388 4497 1704 4550; x_wconf 86' lang='grc' dir='ltr'>συνειδότων</span> <span class='ocrx_word' id='word_1_536' title='bbox 1734 4516 1966 4553; x_wconf 84' lang='grc' dir='ltr'>κατατο-</span> 
     </span>
    </p>
   </div>
   <div class='ocr_carea' id='block_1_82' title="bbox 2016 4494 3639 4578">
    <p class='ocr_par' dir='ltr' id='par_1_82' title="bbox 2074 4507 3639 4578">
     <span class='ocr_line' id='line_1_82' title="bbox 2074 4507 3639 4578; baseline 0.007 -19"><span class='ocrx_word' id='word_1_537' title='bbox 2074 4520 2178 4559; x_wconf 90' lang='lat' dir='ltr'><strong>non</strong></span> <span class='ocrx_word' id='word_1_538' title='bbox 2233 4507 2472 4561; x_wconf 84' lang='lat' dir='ltr'><strong>consciis</strong></span> <span class='ocrx_word' id='word_1_539' title='bbox 2503 4507 2664 4562; x_wconf 87' lang='lat' dir='ltr'><strong>veluti</strong></span> <span class='ocrx_word' id='word_1_540' title='bbox 2721 4507 2918 4578; x_wconf 81' lang='lat' dir='ltr'><strong>jaculis</strong></span> <span class='ocrx_word' id='word_1_541' title='bbox 2964 4511 3031 4566; x_wconf 89' lang='lat' dir='ltr'><strong>de</strong></span> <span class='ocrx_word' id='word_1_542' title='bbox 3071 4513 3378 4568; x_wconf 89' lang='lat' dir='ltr'><strong>commissis</strong></span> <span class='ocrx_word' id='word_1_543' title='bbox 3431 4512 3639 4570; x_wconf 78' lang='lat' dir='ltr'><strong>feriun-</strong></span> 
     </span>
    </p>
   </div>
   <div class='ocr_carea' id='block_1_83' title="bbox 387 4576 2178 4653">
    <p class='ocr_par' dir='ltr' id='par_1_83' title="bbox 387 4576 2178 4653">
     <span class='ocr_line' id='line_1_83' title="bbox 387 4576 2178 4653; baseline 0.011 -23"><span class='ocrx_word' id='word_1_544' title='bbox 387 4576 638 4646; x_wconf 84' lang='grc' dir='ltr'>ξεύοντος</span> <span class='ocrx_word' id='word_1_545' title='bbox 673 4581 802 4646; x_wconf 76' lang='grc' dir='ltr'>τοὺς</span> <span class='ocrx_word' id='word_1_546' title='bbox 844 4585 982 4652; x_wconf 71' lang='grc' dir='ltr'>ἔργα</span> <span class='ocrx_word' id='word_1_547' title='bbox 992 4600 1056 4634; x_wconf 86' lang='grc' dir='ltr'><strong>σα</strong></span> <span class='ocrx_word' id='word_1_548' title='bbox 1065 4583 1280 4653; x_wconf 89' lang='grc' dir='ltr'>μένους.</span> <span class='ocrx_word' id='word_1_549' title='bbox 2075 4603 2178 4648; x_wconf 88' lang='lat' dir='ltr'><strong>tur.</strong></span> 
     </span>
    </p>
   </div>
   <div class='ocr_carea' id='block_1_84' title="bbox 644 4689 3500 4794">
    <p class='ocr_par' dir='ltr' id='par_1_84' title="bbox 644 4689 3500 4794">
     <span class='ocr_line' id='line_1_84' title="bbox 644 4689 3500 4794; baseline 0.009 -50"><span class='ocrx_word' id='word_1_550' title='bbox 644 4689 806 4748; x_wconf 65' lang='lat' dir='ltr'><strong>eam</strong></span> <span class='ocrx_word' id='word_1_551' title='bbox 837 4722 908 4736; x_wconf 72' lang='grc' dir='ltr'>υ-</span> <span class='ocrx_word' id='word_1_552' title='bbox 939 4694 1186 4766; x_wconf 70' lang='lat' dir='ltr'><strong>zamia</strong></span> <span class='ocrx_word' id='word_1_553' title='bbox 1219 4694 1690 4794; x_wconf 56' lang='lat' dir='ltr'><strong>npszera‘app.</strong></span> <span class='ocrx_word' id='word_1_554' title='bbox 2203 4703 2368 4775; x_wconf 84' lang='lat'><strong>719</strong></span> <span class='ocrx_word' id='word_1_555' title='bbox 2399 4702 2604 4760; x_wconf 82' lang='lat' dir='ltr'><strong>DLXtI.</strong></span> <span class='ocrx_word' id='word_1_556' title='bbox 2624 4735 2696 4746; x_wconf 91' lang='grc'><strong><em>-</em></strong></span> <span class='ocrx_word' id='word_1_557' title='bbox 2731 4706 2983 4768; x_wconf 79' lang='lat' dir='ltr'><strong>zosmo</strong></span> <span class='ocrx_word' id='word_1_558' title='bbox 3021 4711 3500 4771; x_wconf 74' lang='lat' dir='ltr'><strong>PRESBYTERO.</strong></span> 
     </span>
    </p>
   </div>
   <div class='ocr_carea' id='block_1_85' title="bbox 1339 4791 2698 4874">
    <p class='ocr_par' dir='ltr' id='par_1_85' title="bbox 1339 4791 2698 4874">
     <span class='ocr_line' id='line_1_85' title="bbox 1339 4791 2698 4874; baseline 0.012 -31"><span class='ocrx_word' id='word_1_559' title='bbox 1339 4791 1420 4844; x_wconf 81' lang='lat' dir='ltr'><strong>Ad</strong></span> <span class='ocrx_word' id='word_1_560' title='bbox 1451 4791 1656 4862; x_wconf 75' lang='lat' dir='ltr'><strong>[fugem</strong></span> <span class='ocrx_word' id='word_1_561' title='bbox 1688 4793 1875 4847; x_wconf 74' lang='lat' dir='ltr'><strong>bonum</strong></span> <span class='ocrx_word' id='word_1_562' title='bbox 1913 4794 2121 4861; x_wconf 82' lang='lat' dir='ltr'><strong>invitat,</strong></span> <span class='ocrx_word' id='word_1_563' title='bbox 2151 4807 2205 4851; x_wconf 84' lang='lat' dir='ltr'><strong>ut</strong></span> <span class='ocrx_word' id='word_1_564' title='bbox 2232 4809 2278 4852; x_wconf 82' lang='lat' dir='ltr'><strong>et</strong></span> <span class='ocrx_word' id='word_1_565' title='bbox 2302 4815 2462 4869; x_wconf 70' lang='lat' dir='ltr'><strong>supra</strong></span> <span class='ocrx_word' id='word_1_566' title='bbox 2485 4805 2698 4874; x_wconf 64' lang='lat' dir='ltr'><strong>caspius.</strong></span> 
     </span>
    </p>
   </div>
   <div class='ocr_carea' id='block_1_86' title="bbox 458 4882 2081 4986">
    <p class='ocr_par' dir='ltr' id='par_1_86' title="bbox 458 4894 1970 4976">
     <span class='ocr_line' id='line_1_86' title="bbox 458 4894 1970 4976; baseline 0.007 -26"><span class='ocrx_word' id='word_1_567' title='bbox 458 4894 586 4950; x_wconf 76' lang='grc' dir='ltr'>Ὀτι</span> <span class='ocrx_word' id='word_1_568' title='bbox 612 4895 762 4950; x_wconf 66' lang='grc' dir='ltr'>οὐδὲν</span> <span class='ocrx_word' id='word_1_569' title='bbox 792 4899 1095 4953; x_wconf 84' lang='grc' dir='ltr'>ἀκόλαστον</span> <span class='ocrx_word' id='word_1_570' title='bbox 1116 4941 1131 4966; x_wconf 93' lang='grc'><strong>,</strong></span> <span class='ocrx_word' id='word_1_571' title='bbox 1162 4902 1281 4956; x_wconf 79' lang='grc' dir='ltr'>οὐδὲ</span> <span class='ocrx_word' id='word_1_572' title='bbox 1327 4903 1689 4975; x_wconf 83' lang='grc' dir='ltr'>μειρακιῶδες</span> <span class='ocrx_word' id='word_1_573' title='bbox 1721 4903 1826 4976; x_wconf 83' lang='grc' dir='ltr'>χρὴ</span> <span class='ocrx_word' id='word_1_574' title='bbox 1855 4904 1970 4961; x_wconf 87' lang='grc' dir='ltr'>δια-</span> 
     </span>
    </p>
   </div>
   <div class='ocr_carea' id='block_1_87' title="bbox 2016 4882 3639 4986">
    <p class='ocr_par' dir='ltr' id='par_1_87' title="bbox 2137 4904 3639 4986">
     <span class='ocr_line' id='line_1_87' title="bbox 2137 4904 3639 4986; baseline 0.009 -26"><span class='ocrx_word' id='word_1_575' title='bbox 2137 4904 2282 4964; x_wconf 74' lang='grc' dir='ltr'><strong>Μιιὶι</strong></span> <span class='ocrx_word' id='word_1_576' title='bbox 2311 4909 2594 4980; x_wconf 84' lang='lat' dir='ltr'><strong>lascivum,</strong></span> <span class='ocrx_word' id='word_1_577' title='bbox 2631 4923 2724 4969; x_wconf 86' lang='lat' dir='ltr'><strong>aut</strong></span> <span class='ocrx_word' id='word_1_578' title='bbox 2770 4914 2976 4986; x_wconf 83' lang='lat' dir='ltr'><strong>puerile</strong></span> <span class='ocrx_word' id='word_1_579' title='bbox 3020 4917 3472 4972; x_wconf 88' lang='lat' dir='ltr'><strong>committendum</strong></span> <span class='ocrx_word' id='word_1_580' title='bbox 3493 4935 3639 4986; x_wconf 67' lang='lat' dir='ltr'><strong>esse,</strong></span> 
     </span>
    </p>
   </div>
   <div class='ocr_carea' id='block_1_88' title="bbox 385 4985 2008 5076">
    <p class='ocr_par' dir='ltr' id='par_1_88' title="bbox 385 4985 1970 5069">
     <span class='ocr_line' id='line_1_88' title="bbox 385 4985 1970 5069; baseline 0.008 -29"><span class='ocrx_word' id='word_1_581' title='bbox 385 4985 750 5058; x_wconf 80' lang='grc' dir='ltr'>πράττεσθαι,</span> <span class='ocrx_word' id='word_1_582' title='bbox 789 4990 929 5046; x_wconf 81' lang='grc' dir='ltr'>ἀλλὰ</span> <span class='ocrx_word' id='word_1_583' title='bbox 962 4991 1218 5064; x_wconf 84' lang='grc' dir='ltr'>σώφρονα</span> <span class='ocrx_word' id='word_1_584' title='bbox 1251 4993 1346 5048; x_wconf 75' lang='grc' dir='ltr'><strong>καὶ</strong></span> <span class='ocrx_word' id='word_1_585' title='bbox 1379 4995 1786 5068; x_wconf 78' lang='grc' dir='ltr'>κεκολασμένην</span> <span class='ocrx_word' id='word_1_586' title='bbox 1825 4996 1970 5069; x_wconf 82' lang='grc' dir='ltr'>ἔχειν</span> 
     </span>
    </p>
   </div>
   <div class='ocr_carea' id='block_1_89' title="bbox 2017 4985 3640 5076">
    <p class='ocr_par' dir='ltr' id='par_1_89' title="bbox 2063 4985 3640 5076">
     <span class='ocr_line' id='line_1_89' title="bbox 2063 4985 3640 5076; baseline 0.005 -20"><span class='ocrx_word' id='word_1_587' title='bbox 2063 5001 2161 5056; x_wconf 82' lang='lat' dir='ltr'><strong>sed</strong></span> <span class='ocrx_word' id='word_1_588' title='bbox 2223 5003 2564 5060; x_wconf 84' lang='lat' dir='ltr'><strong>moderatum</strong></span> <span class='ocrx_word' id='word_1_589' title='bbox 2628 4985 3063 5076; x_wconf 57' lang='lat' dir='ltr'><strong>Castigatumque</strong></span> <span class='ocrx_word' id='word_1_590' title='bbox 3127 5008 3338 5062; x_wconf 77' lang='lat' dir='ltr'><strong>vivendi</strong></span> <span class='ocrx_word' id='word_1_591' title='bbox 3422 4985 3640 5064; x_wconf 84' lang='lat' dir='ltr'><strong>modum</strong></span> 
     </span>
    </p>
   </div>
   <div class='ocr_carea' id='block_1_90' title="bbox 385 5079 2008 5166">
    <p class='ocr_par' dir='ltr' id='par_1_90' title="bbox 385 5079 1971 5160">
     <span class='ocr_line' id='line_1_90' title="bbox 385 5079 1971 5160; baseline 0.006 -26"><span class='ocrx_word' id='word_1_592' title='bbox 385 5082 444 5136; x_wconf 77' lang='grc' dir='ltr'>ὲν</span> <span class='ocrx_word' id='word_1_593' title='bbox 476 5081 644 5135; x_wconf 77' lang='grc' dir='ltr'>παντὶ</span> <span class='ocrx_word' id='word_1_594' title='bbox 680 5079 758 5149; x_wconf 83' lang='grc' dir='ltr'>τῷ</span> <span class='ocrx_word' id='word_1_595' title='bbox 805 5079 902 5154; x_wconf 82' lang='grc' dir='ltr'><strong>βίῳ</strong></span> <span class='ocrx_word' id='word_1_596' title='bbox 938 5083 1040 5154; x_wconf 83' lang='grc' dir='ltr'><strong>τὴν</strong></span> <span class='ocrx_word' id='word_1_597' title='bbox 1079 5083 1326 5151; x_wconf 84' lang='grc' dir='ltr'>δίαιταν,</span> <span class='ocrx_word' id='word_1_598' title='bbox 1357 5087 1521 5142; x_wconf 86' lang='grc' dir='ltr'>παντί</span> <span class='ocrx_word' id='word_1_599' title='bbox 1559 5104 1662 5142; x_wconf 86' lang='grc' dir='ltr'><strong>που</strong></span> <span class='ocrx_word' id='word_1_600' title='bbox 1690 5088 1850 5160; x_wconf 85' lang='grc' dir='ltr'>δῆλον</span> <span class='ocrx_word' id='word_1_601' title='bbox 1891 5089 1971 5160; x_wconf 83' lang='grc' dir='ltr'><strong>τῷ</strong></span> 
     </span>
    </p>
   </div>
   <div class='ocr_carea' id='block_1_91' title="bbox 2018 5079 3641 5166">
    <p class='ocr_par' dir='ltr' id='par_1_91' title="bbox 2062 5091 3641 5166">
     <span class='ocr_line' id='line_1_91' title="bbox 2062 5091 3641 5166; baseline 0.001 -18"><span class='ocrx_word' id='word_1_602' title='bbox 2062 5091 2480 5161; x_wconf 70' lang='lat' dir='ltr'><strong>praeferendum,</strong></span> <span class='ocrx_word' id='word_1_603' title='bbox 2537 5102 2725 5150; x_wconf 90' lang='lat' dir='ltr'><strong>notum</strong></span> <span class='ocrx_word' id='word_1_604' title='bbox 2761 5107 2847 5151; x_wconf 88' lang='lat' dir='ltr'><strong>est</strong></span> <span class='ocrx_word' id='word_1_605' title='bbox 2875 5096 3048 5152; x_wconf 83' lang='lat' dir='ltr'><strong>cuivis</strong></span> <span class='ocrx_word' id='word_1_606' title='bbox 3098 5107 3276 5152; x_wconf 88' lang='lat' dir='ltr'><strong>mente</strong></span> <span class='ocrx_word' id='word_1_607' title='bbox 3327 5099 3641 5166; x_wconf 85' lang='lat' dir='ltr'><strong>prudentia-</strong></span> 
     </span>
    </p>
   </div>
   <div class='ocr_carea' id='block_1_92' title="bbox 385 5171 2008 5252">
    <p class='ocr_par' dir='ltr' id='par_1_92' title="bbox 385 5171 1972 5248">
     <span class='ocr_line' id='line_1_92' title="bbox 385 5171 1972 5248; baseline 0.007 -21"><span class='ocrx_word' id='word_1_608' title='bbox 385 5171 482 5227; x_wconf 79' lang='grc' dir='ltr'>νοῦ</span> <span class='ocrx_word' id='word_1_609' title='bbox 511 5173 608 5226; x_wconf 78' lang='grc' dir='ltr'><strong>καὶ</strong></span> <span class='ocrx_word' id='word_1_610' title='bbox 646 5175 960 5244; x_wconf 81' lang='grc' dir='ltr'>φρονήσεως</span> <span class='ocrx_word' id='word_1_611' title='bbox 993 5177 1092 5231; x_wconf 87' lang='grc' dir='ltr'><strong>οὐκ</strong></span> <span class='ocrx_word' id='word_1_612' title='bbox 1121 5177 1462 5248; x_wconf 77' lang='grc' dir='ltr'>ἀμοιροῦντι.</span> <span class='ocrx_word' id='word_1_613' title='bbox 1487 5179 1553 5233; x_wconf 89' lang='grc' dir='ltr'>Τί</span> <span class='ocrx_word' id='word_1_614' title='bbox 1581 5179 1760 5234; x_wconf 85' lang='grc' dir='ltr'>τοίνυν</span> <span class='ocrx_word' id='word_1_615' title='bbox 1789 5182 1972 5238; x_wconf 88' lang='grc' dir='ltr'>τοιαύ-</span> 
     </span>
    </p>
   </div>
   <div class='ocr_carea' id='block_1_93' title="bbox 2020 5171 3643 5252">
    <p class='ocr_par' dir='ltr' id='par_1_93' title="bbox 2065 5182 3643 5252">
     <span class='ocr_line' id='line_1_93' title="bbox 2065 5182 3643 5252; baseline 0.002 -15"><span class='ocrx_word' id='word_1_616' title='bbox 2065 5196 2172 5250; x_wconf 89' lang='lat' dir='ltr'><strong>que</strong></span> <span class='ocrx_word' id='word_1_617' title='bbox 2205 5183 2456 5252; x_wconf 78' lang='lat' dir='ltr'><strong>praedito.</strong></span> <span class='ocrx_word' id='word_1_618' title='bbox 2493 5182 2604 5238; x_wconf 85' lang='lat' dir='ltr'><strong>Cur</strong></span> <span class='ocrx_word' id='word_1_619' title='bbox 2629 5183 2793 5252; x_wconf 77' lang='lat' dir='ltr'><strong>igitur</strong></span> <span class='ocrx_word' id='word_1_620' title='bbox 2822 5185 2985 5240; x_wconf 86' lang='lat' dir='ltr'><strong>veluti</strong></span> <span class='ocrx_word' id='word_1_621' title='bbox 3015 5186 3070 5240; x_wconf 91' lang='lat' dir='ltr'><strong>in</strong></span> <span class='ocrx_word' id='word_1_622' title='bbox 3101 5187 3388 5252; x_wconf 85' lang='lat' dir='ltr'><strong>comoedia,</strong></span> <span class='ocrx_word' id='word_1_623' title='bbox 3421 5189 3643 5240; x_wconf 86' lang='lat' dir='ltr'><strong>nomine</strong></span> 
     </span>
    </p>
   </div>
   <div class='ocr_carea' id='block_1_94' title="bbox 383 5261 2006 5346">
    <p class='ocr_par' dir='ltr' id='par_1_94' title="bbox 383 5261 1962 5344">
     <span class='ocr_line' id='line_1_94' title="bbox 383 5261 1962 5344; baseline 0.006 -28"><span class='ocrx_word' id='word_1_624' title='bbox 383 5277 487 5331; x_wconf 86' lang='grc' dir='ltr'>την</span> <span class='ocrx_word' id='word_1_625' title='bbox 523 5261 818 5332; x_wconf 82' lang='grc' dir='ltr'>κωμῳδίαν</span> <span class='ocrx_word' id='word_1_626' title='bbox 843 5268 1103 5338; x_wconf 79' lang='grc' dir='ltr'>περιορᾷς</span> <span class='ocrx_word' id='word_1_627' title='bbox 1131 5269 1273 5322; x_wconf 81' lang='grc' dir='ltr'>κατὰ</span> <span class='ocrx_word' id='word_1_628' title='bbox 1306 5269 1502 5323; x_wconf 81' lang='grc' dir='ltr'>σαυτοῦ</span> <span class='ocrx_word' id='word_1_629' title='bbox 1529 5269 1832 5344; x_wconf 85' lang='grc' dir='ltr'>ᾀδομένην,</span> <span class='ocrx_word' id='word_1_630' title='bbox 1868 5273 1962 5328; x_wconf 86' lang='grc' dir='ltr'>λε-</span> 
     </span>
    </p>
   </div>
   <div class='ocr_carea' id='block_1_95' title="bbox 2021 5261 3644 5346">
    <p class='ocr_par' dir='ltr' id='par_1_95' title="bbox 2073 5274 3644 5346">
     <span class='ocr_line' id='line_1_95' title="bbox 2073 5274 3644 5346; baseline 0.001 -18"><span class='ocrx_word' id='word_1_631' title='bbox 2073 5274 2241 5328; x_wconf 88' lang='lat' dir='ltr'><strong>etiam</strong></span> <span class='ocrx_word' id='word_1_632' title='bbox 2269 5281 2324 5330; x_wconf 86' lang='lat' dir='ltr'><strong>te</strong></span> <span class='ocrx_word' id='word_1_633' title='bbox 2365 5275 2685 5346; x_wconf 87' lang='lat' dir='ltr'><strong>reprehendi</strong></span> <span class='ocrx_word' id='word_1_634' title='bbox 2717 5277 3060 5333; x_wconf 82' lang='lat' dir='ltr'><strong>contemnis?</strong></span> <span class='ocrx_word' id='word_1_635' title='bbox 3098 5277 3402 5334; x_wconf 82' lang='lat' dir='ltr'><strong>dicentibus</strong></span> <span class='ocrx_word' id='word_1_636' title='bbox 3429 5278 3644 5346; x_wconf 87' lang='lat' dir='ltr'><strong>sapien-</strong></span> 
     </span>
    </p>
   </div>
   <div class='ocr_carea' id='block_1_96' title="bbox 384 5351 2007 5440">
    <p class='ocr_par' dir='ltr' id='par_1_96' title="bbox 384 5351 1967 5436">
     <span class='ocr_line' id='line_1_96' title="bbox 384 5351 1967 5436; baseline 0.008 -32"><span class='ocrx_word' id='word_1_637' title='bbox 384 5352 594 5420; x_wconf 85' lang='grc' dir='ltr'>γόντων</span> <span class='ocrx_word' id='word_1_638' title='bbox 619 5351 728 5406; x_wconf 87' lang='grc' dir='ltr'>τῶν</span> <span class='ocrx_word' id='word_1_639' title='bbox 769 5355 969 5424; x_wconf 79' lang='grc' dir='ltr'>σοφῶν,</span> <span class='ocrx_word' id='word_1_640' title='bbox 1001 5356 1136 5412; x_wconf 78' lang='grc' dir='ltr'>οὔτε</span> <span class='ocrx_word' id='word_1_641' title='bbox 1165 5359 1284 5424; x_wconf 78' lang='grc' dir='ltr'>νέος</span> <span class='ocrx_word' id='word_1_642' title='bbox 1305 5360 1382 5414; x_wconf 84' lang='grc' dir='ltr'>ὣν</span> <span class='ocrx_word' id='word_1_643' title='bbox 1403 5361 1532 5433; x_wconf 74' lang='grc' dir='ltr'>περὶ</span> <span class='ocrx_word' id='word_1_644' title='bbox 1551 5361 1649 5427; x_wconf 80' lang='grc' dir='ltr'>τὰς</span> <span class='ocrx_word' id='word_1_645' title='bbox 1672 5363 1967 5436; x_wconf 77' lang='grc' dir='ltr'>ἐπιθυμίας</span> 
     </span>
    </p>
   </div>
   <div class='ocr_carea' id='block_1_97' title="bbox 2018 5351 3641 5440">
    <p class='ocr_par' dir='ltr' id='par_1_97' title="bbox 2076 5365 3641 5440">
     <span class='ocr_line' id='line_1_97' title="bbox 2076 5365 3641 5440; baseline 0.003 -21"><span class='ocrx_word' id='word_1_646' title='bbox 2076 5365 2221 5421; x_wconf 82' lang='lat' dir='ltr'><strong>tibus</strong></span> <span class='ocrx_word' id='word_1_647' title='bbox 2254 5380 2320 5420; x_wconf 86' lang='lat' dir='ltr'><strong>ne</strong></span> <span class='ocrx_word' id='word_1_648' title='bbox 2341 5365 2594 5436; x_wconf 78' lang='lat' dir='ltr'><strong>juvenem</strong></span> <span class='ocrx_word' id='word_1_649' title='bbox 2622 5369 2866 5438; x_wconf 87' lang='lat' dir='ltr'><strong>quidem,</strong></span> <span class='ocrx_word' id='word_1_650' title='bbox 2893 5371 2948 5424; x_wconf 91' lang='lat' dir='ltr'><strong>in</strong></span> <span class='ocrx_word' id='word_1_651' title='bbox 2974 5369 3407 5440; x_wconf 86' lang='lat' dir='ltr'><strong>concupiscendo</strong></span> <span class='ocrx_word' id='word_1_652' title='bbox 3455 5369 3641 5424; x_wconf 86' lang='lat' dir='ltr'><strong>mode-</strong></span> 
     </span>
    </p>
   </div>
   <div class='ocr_carea' id='block_1_98' title="bbox 387 5446 2010 5530">
    <p class='ocr_par' dir='ltr' id='par_1_98' title="bbox 387 5446 1964 5525">
     <span class='ocr_line' id='line_1_98' title="bbox 387 5446 1964 5525; baseline 0.005 -25"><span class='ocrx_word' id='word_1_653' title='bbox 387 5446 714 5520; x_wconf 64' lang='grc' dir='ltr'>ἑμετρίαζες</span> <span class='ocrx_word' id='word_1_654' title='bbox 747 5446 836 5502; x_wconf 80' lang='grc' dir='ltr'>διὰ</span> <span class='ocrx_word' id='word_1_655' title='bbox 862 5447 962 5518; x_wconf 81' lang='grc' dir='ltr'><strong>τὴν</strong></span> <span class='ocrx_word' id='word_1_656' title='bbox 993 5451 1214 5519; x_wconf 86' lang='grc' dir='ltr'>πενίαν,</span> <span class='ocrx_word' id='word_1_657' title='bbox 1244 5451 1368 5506; x_wconf 77' lang='grc' dir='ltr'>οὔτε</span> <span class='ocrx_word' id='word_1_658' title='bbox 1395 5452 1722 5524; x_wconf 88' lang='grc' dir='ltr'>γεγηρακὼς</span> <span class='ocrx_word' id='word_1_659' title='bbox 1747 5455 1835 5509; x_wconf 83' lang='grc' dir='ltr'>διὰ</span> <span class='ocrx_word' id='word_1_660' title='bbox 1865 5454 1964 5525; x_wconf 71' lang='grc' dir='ltr'><strong>τὴν</strong></span> 
     </span>
    </p>
   </div>
   <div class='ocr_carea' id='block_1_99' title="bbox 2018 5446 3641 5530">
    <p class='ocr_par' dir='ltr' id='par_1_99' title="bbox 2073 5459 3641 5530">
     <span class='ocr_line' id='line_1_99' title="bbox 2073 5459 3641 5530; baseline 0.004 -22"><span class='ocrx_word' id='word_1_661' title='bbox 2073 5466 2247 5510; x_wconf 81' lang='lat' dir='ltr'><strong>ratum</strong></span> <span class='ocrx_word' id='word_1_662' title='bbox 2278 5461 2349 5513; x_wconf 88' lang='lat' dir='ltr'><strong>ob</strong></span> <span class='ocrx_word' id='word_1_663' title='bbox 2377 5459 2612 5529; x_wconf 91' lang='lat' dir='ltr'><strong>inopiam</strong></span> <span class='ocrx_word' id='word_1_664' title='bbox 2633 5460 2822 5527; x_wconf 74' lang='lat' dir='ltr'><strong>fuisse,</strong></span> <span class='ocrx_word' id='word_1_665' title='bbox 2841 5476 2906 5518; x_wconf 87' lang='lat' dir='ltr'><strong>ac</strong></span> <span class='ocrx_word' id='word_1_666' title='bbox 2934 5475 3002 5516; x_wconf 86' lang='lat' dir='ltr'><strong>ne</strong></span> <span class='ocrx_word' id='word_1_667' title='bbox 3040 5474 3224 5518; x_wconf 80' lang='lat' dir='ltr'><strong>senem</strong></span> <span class='ocrx_word' id='word_1_668' title='bbox 3249 5459 3467 5530; x_wconf 87' lang='lat' dir='ltr'><strong>quidem</strong></span> <span class='ocrx_word' id='word_1_669' title='bbox 3497 5472 3641 5514; x_wconf 87' lang='lat' dir='ltr'><strong>nunc</strong></span> 
     </span>
    </p>
   </div>
   <div class='ocr_carea' id='block_1_100' title="bbox 1476 5585 2542 5697">
    <p class='ocr_par' dir='ltr' id='par_1_100' title="bbox 1476 5585 2542 5697">
     <span class='ocr_line' id='line_1_100' title="bbox 1476 5585 2542 5697; baseline 0.008 -9"><span class='ocrx_word' id='word_1_670' title='bbox 1476 5585 1712 5689; x_wconf 60' lang='grc' dir='ltr'>νΑιίιιΕ</span> <span class='ocrx_word' id='word_1_671' title='bbox 1755 5633 2138 5690; x_wconf 74' lang='lat' dir='ltr'><strong>LECTIONES</strong></span> <span class='ocrx_word' id='word_1_672' title='bbox 2179 5635 2264 5691; x_wconf 86' lang='lat' dir='ltr'>ET</span> <span class='ocrx_word' id='word_1_673' title='bbox 2313 5637 2542 5697; x_wconf 69' lang='grc' dir='ltr'>ΝΟΤιΕ.</span> 
     </span>
    </p>
   </div>
   <div class='ocr_carea' id='block_1_101' title="bbox 465 5765 2088 5860">
    <p class='ocr_par' dir='ltr' id='par_1_101' title="bbox 465 5765 2085 5860">
     <span class='ocr_line' id='line_1_101' title="bbox 465 5765 2085 5860; baseline 0.004 -24"><span class='ocrx_word' id='word_1_674' title='bbox 465 5777 580 5852; x_wconf 70' lang='grc'><strong>(62)</strong></span> <span class='ocrx_word' id='word_1_675' title='bbox 620 5781 765 5837; x_wconf 87' lang='lat' dir='ltr'><strong>Inter</strong></span> <span class='ocrx_word' id='word_1_676' title='bbox 792 5765 1021 5840; x_wconf 35' lang='grc' dir='ltr'>εἷναι-ει</span> <span class='ocrx_word' id='word_1_677' title='bbox 1063 5783 1264 5852; x_wconf 84' lang='grc' dir='ltr'>ὁμοίως</span> <span class='ocrx_word' id='word_1_678' title='bbox 1306 5790 1464 5842; x_wconf 87' lang='lat' dir='ltr'><strong>ambo</strong></span> <span class='ocrx_word' id='word_1_679' title='bbox 1508 5787 1667 5843; x_wconf 80' lang='lat' dir='ltr'><strong>codd.</strong></span> <span class='ocrx_word' id='word_1_680' title='bbox 1719 5790 1962 5843; x_wconf 87' lang='lat' dir='ltr'><strong>inserunt</strong></span> <span class='ocrx_word' id='word_1_681' title='bbox 1989 5789 2085 5860; x_wconf 79' lang='grc' dir='ltr'><strong>οὐχ</strong></span> 
     </span>
    </p>
   </div>
   <div class='ocr_carea' id='block_1_102' title="bbox 728 5765 2351 5860">
    <p class='ocr_par' dir='ltr' id='par_1_102' title="bbox 728 5765 2351 5860">
     <span class='ocr_line' id='line_1_102' title="bbox 728 5765 2179 5852; baseline 0.005 -16"><span class='ocrx_word' id='word_1_682' title='bbox 728 5797 765 5836; x_wconf 69' lang='grc' dir='ltr'><strong>δι’</strong></span> <span class='ocrx_word' id='word_1_683' title='bbox 792 5765 1021 5840; x_wconf 35' lang='grc' dir='ltr'>εῖναι-ει</span> <span class='ocrx_word' id='word_1_684' title='bbox 1063 5783 1264 5852; x_wconf 63' lang='grc' dir='ltr'>ὁμοίων</span> <span class='ocrx_word' id='word_1_685' title='bbox 1306 5790 1464 5842; x_wconf 87' lang='lat' dir='ltr'><strong>ambo</strong></span> <span class='ocrx_word' id='word_1_686' title='bbox 1508 5787 1644 5843; x_wconf 78' lang='lat' dir='ltr'><strong>codd</strong></span> <span class='ocrx_word' id='word_1_687' title='bbox 1719 5790 1962 5843; x_wconf 87' lang='lat' dir='ltr'><strong>inserunt</strong></span> <span class='ocrx_word' id='word_1_688' title='bbox 1989 5789 2066 5842; x_wconf 79' lang='grc' dir='ltr'>οὐ·</span> <span class='ocrx_word' id='word_1_689' title='bbox 2142 5789 2179 5843; x_wconf 79' lang='grc' dir='ltr'><strong>Ρ</strong></span> 
     </span>
     <span class='ocr_line' id='line_1_103' title="bbox 728 5805 2351 5860; baseline 0.006 -25"><span class='ocrx_word' id='word_1_690' title='bbox 728 5823 734 5834; x_wconf 92' lang='grc'><strong>.</strong></span> <span class='ocrx_word' id='word_1_691' title='bbox 828 5823 840 5836; x_wconf 95' lang='grc'><strong>.</strong></span> <span class='ocrx_word' id='word_1_692' title='bbox 1172 5823 1186 5836; x_wconf 98' lang='grc'><strong>.</strong></span> <span class='ocrx_word' id='word_1_693' title='bbox 1238 5819 1262 5849; x_wconf 68' lang='grc' dir='ltr'><strong>ι,</strong></span> <span class='ocrx_word' id='word_1_694' title='bbox 1655 5828 1667 5841; x_wconf 96' lang='grc'><strong>.</strong></span> <span class='ocrx_word' id='word_1_695' title='bbox 2055 5807 2106 5860; x_wconf 72' lang='grc' dir='ltr'><strong>χ.</strong></span> <span class='ocrx_word' id='word_1_696' title='bbox 2184 5805 2351 5846; x_wconf 81' lang='lat' dir='ltr'><strong>ossm.</strong></span> 
     </span>
    </p>
   </div>
  </div>
