4110 6318
496 330 630 396 1639

1682 324 1745 383 S.
1788 321 2081 382 ISIDORI
2123 321 2314 382 PELU
2323 323 2557 383 SIOT/E

3620 323 3758 392 meo

493 456 603 510 pra:
633 446 789 495 aetate
820 438 1100 495 desinere?
1128 436 1257 502 Cur,
1286 447 1490 504 quaeso,
1511 434 1645 487 adeo
1664 431 1904 487 insanis?
1932 430 2070 498 Quid

2190 430 2419 501 qltxiav;
2444 432 2509 485 Τί
2530 432 2782 487 τοσοῦτον
2810 433 3005 506 λυττᾷς
3030 453 3045 502 ;
3074 434 3140 489 Τί
3162 437 3287 501 τοὺς
3315 435 3423 491 τῶν
3447 434 3757 507 ἐπιθυμιῶν

491 532 805 603 cupiditatis
837 531 1057 587 excedis
1089 528 1261 584 lines?
1295 526 1393 583 Vel
1424 528 1607 596 itaque
1635 525 1703 579 ab
1727 524 1812 580 his
1840 525 2061 588 desiste,

491 626 575 682 vel
602 626 671 681 ab
711 626 870 681 altari
899 623 1129 679 abstine.

772 734 999 789 DLXIII.
1022 762 1093 773 —
1120 728 1390 787 SERENO
1445 728 1775 786 TRIBUNO.

2174 522 2522 595 ὑπερϐαίνεις
2539 525 2731 595 ὅρους;
2757 527 2826 578 Ἢ
2857 525 3106 580 πέπαυσο
3131 530 3313 584 τοίνυν
3338 528 3563 585 τοιαῦτα
3583 528 3754 602 δρῶν,

2172 613 2206 685 ἢ
2243 609 2396 686 εἶργε
2431 615 2625 668 σαυτὸν
2654 613 2748 669 τοῦ
2781 615 3189 690 θυσιαστηρίου.

2472 723 2632 778 ΦΞΙν.
2671 754 2737 765 -
2778 724 3054 795 ΣΕΡΗΝῼ
3086 725 3455 798 ΤΡΙΒΟΥΝῼ.

943 824 1143 879 Virtuti
1170 824 1345 891 potius
1370 837 1529 893 quam
1556 822 1741 891 gloria:
1767 816 2096 875 serviendum
2120 833 2141 883 ;
2165 815 2275 871 hinc
2314 816 2453 869 enim
2480 816 2634 886 ﬂuxa
2659 825 2709 872 et
2730 817 2919 886 fugax,
2947 816 3044 870 illa
3064 828 3286 872 (eterna.

566 936 748 990 Mundi
791 934 949 1003 hujus
973 933 1142 1003 gloria
1192 930 1558 986 hemeroeales
1581 939 1665 984 est
1697 927 1828 1001 [hoc
1854 939 1941 993 est
1966 926 2065 981 ﬂos

495 1043 603 1083 uno
650 1027 739 1081 die
786 1021 1052 1080 duntaxat
1100 1020 1351 1093 ﬂorens].
1380 1022 1448 1074 At
1489 1019 1708 1074 virtutis
1743 1019 1911 1074 decus
1943 1032 2067 1073 esse

497 1117 938 1173 immarcessibile
973 1116 1186 1184 ﬁneque
1219 1126 1435 1178 carens,
1466 1109 1666 1180 Quivis,
1693 1108 1779 1163 cui
1828 1120 1979 1162 mens
2000 1108 2072 1162 sit

495 1225 558 1263 ac
600 1205 1225 1277 prndentia,atlirmarit.
1258 1201 1403 1255 Nihil
1456 1216 1586 1255 vero
1636 1201 1855 1264 mirum,
1879 1198 2078 1252 multos

498 1302 643 1355 illam
675 1309 953 1371 expetere,
992 1298 1134 1351 hanc
1155 1310 1283 1349 vero
1320 1293 1628 1362 repudiare,
1661 1306 1783 1345 cum
1805 1299 1860 1346 et
1888 1288 2079 1359 aegroti

498 1392 747 1448 Salubres
777 1390 1027 1459 rejieiant
1059 1388 1236 1453 cibos,
1260 1386 1595 1441 delectentur
1638 1392 1816 1438 antem
1852 1381 2030 1436 noxiis
2059 1399 2074 1434 :

497 1494 552 1538 et
583 1482 850 1537 libidinosi
883 1479 1241 1535 concubinam
1271 1476 1507 1532 cordata:
1532 1481 1868 1545 anteponant
1898 1471 2075 1527 uxori.

500 1576 669 1630 Decet
703 1576 882 1643 itaque
924 1572 1306 1643 prudentiores
1342 1584 1451 1624 non
1478 1569 1545 1624 ab
1592 1568 1773 1639 aegris,
1795 1567 1890 1623 sed
1919 1581 1948 1621 a
1986 1581 2076 1622 sa-

504 1668 590 1721 nis
614 1669 874 1735 bonaeque
901 1662 1099 1718 mentis
1127 1675 1340 1717 sumere
1369 1659 1694 1729 exemplum.

2246 929 2370 981 Ὀτι
2400 926 2746 999 ἡμεροκαλές
2775 927 2888 995 (65)
2916 927 3034 981 ἐστι
3055 967 3070 993 ,
3094 928 3399 991 τουτέστιν,
3430 928 3591 994 ἄνθος
3621 932 3758 1002 πρὸς

2174 1018 2304 1090 μίαν
2335 1019 2504 1091 μόνην
2538 1018 2726 1089 σχεδὸν
2749 1018 2971 1090 ἡμέραν
2994 1010 3267 1090 ἀκμάζον,
3304 1018 3365 1073 τὸ
3388 1019 3636 1092 δοξάριον
3664 1021 3759 1074 τοῦ

2173 1106 2382 1179 κόσμου
2409 1107 2635 1174 τούτου,
2671 1110 2705 1181 ἡ
2746 1109 2804 1163 δὲ
2830 1108 2929 1176 τῆς
2960 1109 3163 1180 ἀρετῆς
3195 1107 3415 1164 εὔκλεια
3443 1111 3762 1183 ἀμάραντός

2174 1217 2233 1252 τε
2280 1199 2375 1253 καὶ
2407 1198 2787 1271 ἀτελεύτητος,
2830 1200 2937 1263 πᾶς
2965 1217 3048 1263 τις
3068 1199 3177 1252 τῶν
3207 1199 3298 1253 νοῦ
3328 1200 3423 1254 καὶ
3444 1203 3762 1273 φρονήσεως

2174 1290 2276 1345 οὐκ
2310 1290 2689 1363 ἀμοιρούντων
2740 1290 3104 1362 ίσχυρίζαιτο.
3138 1292 3202 1345 Ei
3240 1291 3299 1344 δὲ
3329 1292 3515 1346 πολλοὶ
3549 1292 3759 1348 ἐκείνου

2180 1381 2280 1452 μὲν
2317 1381 2759 1444 ἀντιποιοῦνται,
2794 1381 3000 1452 ταύτης
3047 1380 3107 1435 δὲ
3154 1384 3595 1454 καταφρονοῦσι,
3627 1384 3761 1439 θαυ-

2179 1473 2384 1544 μαστὸν
2412 1473 2593 1527 οὐδέν·
2640 1473 2764 1527 ἐπεὶ
2793 1474 2887 1526 κα¹ι
2912 1476 2961 1526 oi
2995 1471 3280 1538 νοσοῦντες
3312 1474 3412 1539 τὰς
3446 1474 3545 1546 μὲν
3588 1476 3760 1544 ὑγιει-

2175 1565 2272 1629 νὰς
2306 1565 2700 1637 παραιτοῦνται
2735 1567 2966 1636 τροφὰς,
3006 1568 3130 1629 ταῖς
3175 1566 3232 1620 δὲ
3272 1565 3560 1622 νοσώδεσιν
3604 1567 3761 1639 ἥδονο
3814 1624 3819 1629 ,

2176 1674 2265 1712 ται
2287 1674 2301 1688 ο
2329 1658 2423 1711 καὶ
2451 1658 2500 1710 οἱ
2536 1658 2795 1729 ἀκρατεῖς
2818 1658 2918 1729 τὴν
2945 1658 3169 1729 ἑταίραν
3197 1658 3320 1713 ἀντὶ
3351 1661 3451 1730 τῆς
3485 1658 3763 1731 σώφρονος

499 1759 781 1831 αἱροῦνται
825 1756 1105 1828 γυναικός.
1155 1755 1315 1809 Ἀλλὰ
1349 1755 1455 1825 χρὴ
1505 1756 1633 1817 τοὺς
1666 1753 1961 1825 ἐχέφρονας
2006 1751 2082 1824 μὴ
2119 1752 2227 1807 ἀπὸ
2261 1752 2370 1807 τῶν
2418 1751 2865 1825 ἀρρωστούντων,
2911 1752 3027 1806 ἀλλ’
3067 1753 3178 1807 ἀπὸ
3246 1754 3355 1807 τῶν
3417 1753 3766 1824 ὑγιαινόντων

499 1854 796 1926 λαμϐάνειν
824 1854 920 1917 τὰς
948 1853 1181 1924 ψήφους.

995 1962 1227 2017 DLXIV.
1261 1992 1329 2003 ——
1354 1960 1579 2015 EIDEM.

2653 1958 2812 2015 ψεΑο.
2851 1990 2923 2001 -
2958 1960 3047 2032 To
3083 1959 3285 2033 ΑΥἸᾮ.

501 2059 579 2114 Dc
607 2057 856 2121 Eutonio,
883 2065 930 2111 et
969 2054 1218 2109 Eusebio.
1268 2052 1540 2123 Episwpis
1563 2053 1781 2130 aliisque
1807 2028 2478 2130 indignitaleconstitutis,
2509 2052 2602 2130 ubi
2645 2053 2781 2105 male
2825 2028 3271 2122 aguntpblandiri
3308 2062 3465 2124 atque
3500 2054 3769 2108 assentari

1742 2122 1959 2190 impium
1994 2122 2170 2195 (Conf.
2196 2126 2346 2192 epist.
2375 2122 2528 2193 470.)

573 2240 799 2308 Semper
848 2235 1157 2293 existimavi
1216 2234 1439 2305 impium
1486 2248 1629 2300 esse,
1666 2235 1972 2304 parumque
2005 2233 2086 2287 vi-

500 2331 617 2394 rile,
649 2330 789 2384 male
822 2328 1100 2392 viventes,
1120 2325 1165 2381 si
1216 2326 1445 2396 imperio
1476 2326 1778 2395 potiantur,
1803 2325 2084 2380 observari

504 2427 558 2481 in
587 2421 863 2491 oculisque
894 2418 1282 2474 ferrizvirtute
1329 2431 1459 2473 vero
1507 2416 1786 2487 prazditos,
1812 2417 1857 2471 si
1892 2416 2086 2486 privati

504 2521 723 2588 degant,
756 2512 1131 2578 contemni,et
1183 2509 1304 2564 illos
1369 2509 1587 2579 quidem
1637 2508 1891 2564 laudibus
1919 2506 2083 2573 allici,

505 2610 606 2665 hos
637 2622 766 2663 vero
796 2605 1117 2676 vituperari.
1138 2601 1259 2657 Noli
1318 2604 1501 2670 itaque
1553 2600 1766 2665 mirari,
1794 2602 1837 2655 si
1873 2599 2077 2671 justum

505 2697 624 2751 utili
649 2700 1068 2765 anteponam,et
1104 2691 1362 2746 decorum
1428 2688 1601 2753 lucro,
1629 2687 1884 2742 virtutem
1921 2687 2079 2740 deni-

506 2803 613 2859 que
628 2786 882 2857 potentize
915 2781 1222 2854 pra-feram.
1256 2778 1310 2835 Id
1364 2779 1417 2835 ni
1452 2778 1674 2849 faciam,
1694 2779 1881 2832 videar
1906 2776 2077 2832 Eutoo

508 2881 655 2934 nium
687 2877 902 2931 insidiis
928 2874 1227 2944 appetitum
1282 2870 1593 2941 aspernari;
1624 2867 1916 2923 Eusebium
1952 2882 2083 2922 con-

510 2982 614 3036 tra,
640 2969 766 3040 quia
803 2967 1081 3039 tyrannice
1127 2964 1262 3035 agit,
1287 2964 1601 3019 observare.
1632 2960 1919 3015 Entonium
1959 2958 2081 3030 qui-

506 3064 630 3120 dem
700 3061 988 3116 universus
1047 3063 1321 3127 oppugnat
1381 3054 1597 3118 clerus,
1645 3067 1785 3106 unus
1859 3051 2078 3121 quidem

509 3163 719 3226 sponte,
746 3153 884 3207 alius
913 3165 1041 3206 vero
1088 3157 1306 3218 propter
1346 3146 1677 3202 dominantis
1728 3144 2019 3213 imperium
2062 3160 2076 3196 :

2260 2235 2371 2288 Καὶ
2410 2233 2607 2298 ἀσεϐὲς
2649 2227 2787 2287 εἷναι
2820 2233 2914 2287 καὶ
2949 2233 3209 2306 ἄνανδρον
3240 2234 3503 2304 νενόμικα
3533 2236 3661 2299 τοὺς
3691 2235 3771 2306 μὴ

2188 2321 2246 2380 εὖ
2277 2325 2525 2395 βιοῦντας
2561 2324 2681 2396 μὲν,
2709 2325 3028 2380 δυναστείαν
3052 2325 3109 2378 δὲ
3142 2324 3637 2396 περιϐεϐλημένους
3668 2340 3772 2380 πε-

2189 2417 2420 2488 ριέπειν·
2440 2416 2548 2469 τῶν
2574 2416 2632 2470 δὲ
2654 2416 2822 2489 ἀρετῇ
2849 2417 3299 2488 κεκοσμημένων,
3332 2417 3383 2470 εί
3418 2416 3772 2482 ίδιωτεύοιεν,

2188 2512 2554 2581 καταφρονεῖν
2578 2524 2594 2540 ⁸
2626 2510 2912 2576 κάκείνους
2946 2512 3210 2575 ἐπαινεῖν,
3242 2507 3468 2573 τούτους
3495 2508 3553 2562 δὲ
3578 2507 3771 2564 διασύ-

2189 2617 2325 2672 ρειν.
2370 2599 2463 2671 Μὴ
2505 2599 2686 2654 τοίνυν
2719 2599 3001 2672 θαύμαζε,
3061 2601 3111 2653 εἱ
3156 2600 3218 2654 τὸ
3264 2600 3472 2656 δίκαιον
3514 2600 3621 2672 πρὸ
3673 2600 3773 2655 τοῦ

2188 2692 2563 2764 συμφέροντος
2608 2691 2848 2763 τίθεμαι,
2899 2692 3084 2747 καὶτὸ
3123 2692 3335 2765 πρέπον
3364 2692 3470 2764 πρὸ
3514 2692 3608 2747 τοῦ
3638 2693 3769 2765 κέρ-

2185 2786 2326 2850 δους,
2361 2785 2471 2847 ,καὶ
2502 2786 2602 2858 τὴν
2633 2785 2834 2857 ἀρετὴν
2880 2786 2988 2857 πρὸ
3035 2785 3137 2855 τῆς
3173 2786 3513 2850 δυναστείας.
3565 2786 3629 2839 Ei
3661 2786 3773 2856 γὰρ

2191 2878 2266 2948 μὴ
2289 2876 2432 2931 τοῦτ’
2464 2878 2712 2942 ἐποίουν,
2745 2877 2900 2942 ἔδοξα
2920 2876 2987 2931 ἂν
3012 2876 3265 2932 Εύτόνιον
3298 2877 3419 2948 μὲν,
3448 2878 3531 2931 ὅτι
3555 2876 3776 2930 ἐπιϐου-

2188 2967 2440 3031 λεύεται,
2492 2968 2946 3040 παρεωρακέναι,
3000 2968 3263 3023 Εὑσέϐιον
3298 2969 3355 3022 δὲ
3398 2970 3483 3022 ὅτι
3520 2968 3778 3039 τυραννεῖ

2189 3058 2673 3129 τεθεραπευκέναι.
2719 3057 2956 3129 Εὺτονίῳ
2986 3057 3097 3129 γὰρ
3143 3058 3376 3127 πολεμεῖ
3420 3058 3519 3129 μὲν
3569 3059 3718 3123 άπας
3745 3061 3778 3112 ό

2190 3149 2415 3221 κλῆρος,
2453 3151 2481 3202 ό
2511 3150 2609 3221 μὲν
2640 3148 2783 3203 ἑκὼν
2804 3189 2819 3216 ,
2847 3151 2875 3203 ὁ
2902 3148 2961 3202 δὲ
2995 3152 3090 3203 καὶ
3114 3149 3252 3221 πρὸς
3279 3150 3342 3203 τὸ
3378 3148 3475 3203 τοῦ
3507 3148 3775 3220 κρατοῦν-

507 3245 721 3315 culpam
756 3257 882 3297 vero
934 3240 1387 3307 occasionemque
1416 3236 1540 3291 belli
1573 3235 1735 3303 hujus
1795 3248 1900 3290 non
1927 3234 2081 3302 equi-

2190 3259 2275 3306 τος
2308 3240 2562 3313 σύνθημα
2589 3257 2603 3270 ·
2641 3240 2895 3312 ἔγκλημα
2925 3240 2982 3295 δὲ
3016 3240 3113 3295 τοῦ
3143 3241 3384 3312 πολέμου
3413 3240 3627 3306 τούτου,
3663 3240 3780 3310 ἐγὼ

507 3336 630 3391 dem
653 3336 784 3390 satis
800 3333 932 3388 scio.
965 3330 1102 3386 Sunt
1127 3330 1216 3399 qui
1245 3342 1304 3383 se
1355 3327 1574 3382 audisse
1622 3326 1831 3389 dicant,
1858 3326 2080 3380 virtutis

510 3429 658 3482 illum
691 3440 811 3481 esse
836 3424 1110 3479 alumnum
1164 3420 1464 3491 egregium,
1491 3418 1635 3472 hunc
1694 3431 1820 3471 vero
1858 3417 1981 3471 belli
2017 3432 2079 3470 cx

509 3518 809 3587 composito
855 3529 1041 3570 ansam
1075 3512 1338 3584 praebere,
1360 3521 1538 3565 tamen
1575 3518 1925 3564 assententur
1954 3508 2002 3561 ei
2034 3517 2089 3562 et

511 3616 1031 3676 accusantes,atque
1056 3605 1180 3660 odio
1207 3611 1598 3673 prosequentes
1631 3601 1875 3671 plurimi.
1914 3599 2081 3669 Equi-

511 3702 636 3756 dem
666 3700 820 3769 quasi
874 3700 1093 3753 virtutis
1130 3695 1409 3749 inimicum
1441 3708 1506 3747 ac
1556 3692 1770 3747 diabolo
1806 3692 2091 3746 eulluden-

515 3800 648 3857 tem,
674 3790 768 3859 qui
803 3787 1014 3843 zizania
1078 3786 1351 3841 mentibus
1402 3784 1606 3839 inserat
1672 3782 2092 3843 niortalium,ne

514 3882 690 3951 saliuis
718 3881 935 3951 quidem
993 3878 1239 3946 aspicere
1285 3891 1500 3946 possum
1557 3873 1752 3938 oculis,
1786 3874 1889 3926 etsi
1945 3873 2092 3925 mille

519 3976 905 4030 interminetur
932 3971 1059 4026 mihi
1092 3979 1314 4026 mortes.

660 4086 823 4158 720
851 4082 1053 4138 DLXV.
1072 4079 1391 4137 —JOANNI
1449 4076 1948 4136 SCHOLASTICO.

2192 3334 2289 3404 μὲν
2318 3334 2418 3387 ούκ
2464 3328 2584 3387 οῖδα
2615 3333 2787 3387 οὐδέν.
2825 3333 2964 3385 Φασὶ
3002 3333 3060 3387 δὲ
3100 3333 3372 3402 λεγόντων
3403 3333 3653 3400 ἀκούειν,
3690 3332 3779 3386 ὅτι

2189 3424 2391 3497 ἀρετῆς
2432 3424 2550 3477 ἐστι
2594 3421 2818 3495 θρέμμα
2869 3422 3270 3495 περίϐλεπτον·
3316 3422 3409 3477 τὸν
3444 3423 3503 3476 δὲ
3549 3423 3610 3477 τὸ
3653 3423 3783 3478 σύν-

2191 3514 2343 3587 θημα
2391 3513 2485 3568 τοῦ
2538 3513 2777 3585 πολέμου
2810 3513 2971 3567 δόντα
3015 3516 3063 3567 εί
3108 3514 3205 3567 καὶ
3246 3513 3433 3568 πολλοὶ
3487 3511 3783 3585 μισοῦντες

2193 3606 2289 3658 καὶ
2325 3604 2767 3677 κακηγοροῦντες
2825 3605 3241 3672 κολακεύουσιν,
3294 3604 3404 3675 ὲγὼ
3443 3606 3538 3660 ace
3582 3604 3784 3677 ἐχθρὸν

2190 3697 2290 3767 τῆς
2319 3697 2543 3768 ἀρετῆς,
2570 3697 2666 3750 καὶ
2694 3696 2773 3769 τῷ
2810 3696 3044 3769 διαϐόλῳ
3075 3698 3496 3769 συμπράττοντα
3522 3696 3601 3768 τῷ
3635 3696 3787 3750 κατά

2189 3786 2297 3840 τῶν
2338 3785 2697 3859 ἀνθρωπίνων
2727 3787 2919 3858 ψυχῶν
2951 3786 3231 3861 σπείροντι
3270 3787 3339 3841 τὰ
3373 3786 3624 3853 ζιζάνια,
3668 3786 3785 3841 οὐδ’

2193 3875 2321 3930 ἰδεῖν
2344 3875 2601 3946 δύναμαι,
2627 3876 2738 3931 οὐδ’
2765 3878 2832 3931 ἂν
2864 3877 3096 3948 μυρίους
3118 3878 3388 3950 ἀπειλήσῃ
3415 3878 3709 3941 θανάτους.

2456 4075 2619 4130 ΦΞΕ’.
2659 4107 2726 4119 --
2762 4077 3026 4151 ΙΩᾹΝΝῌ
3060 4077 3514 4152 ΣΧΟΛΑΣΤΙΚῼ.

1415 4192 1634 4249 Virtutis
1667 4209 1731 4248 ac
1759 4194 1875 4248 vitii
1901 4190 2264 4264 παραλλήλως
2307 4192 2517 4263 elegans
2543 4195 2888 4263 comparatio.

591 4311 1042 4384 Quandoquidem
1119 4309 1440 4380 improbitas
1485 4321 1582 4377 per
1627 4321 1692 4361 ea
1744 4321 1865 4376 qua:
1906 4305 2095 4362 statim

521 4409 775 4464 videntur
825 4420 946 4461 esse
1003 4400 1343 4459 delectabilia
1396 4398 1618 4465 incedit,
1653 4406 1709 4454 et
1763 4398 2094 4469 voluptatem

2287 4305 2507 4378 Ἐπειδὴ
2532 4307 2567 4377 ἡ
2601 4305 2701 4376 μὲν
2732 4304 2902 4360 κακία
2941 4304 3030 4359 διὰ
3064 4304 3175 4358 τῶν
3217 4304 3533 4376 παραυτίκα
3562 4304 3792 4362 δοκούν·

2201 4415 2310 4453 των
2344 4395 2485 4451 εἶναι
2516 4394 2766 4467 τερπνῶν
2814 4394 3141 4468 πορεύεται,
3174 4395 3265 4448 καὶ
3302 4394 3401 4465 τὴν
3445 4393 3639 4466 ἡδονὴν
3670 4393 3791 4466 ἔχει

523 4501 689 4558 habet
734 4497 1176 4555 commetientem
1231 4494 1334 4549 sibi
1373 4490 1879 4556 adminiculantem,
1926 4489 2085 4546 virtut

2206 4487 2657 4563 συμμετροῦσαν⁶
2696 4490 2731 4560 η
2778 4487 2837 4542 δὲ
2875 4488 3044 4559 ἀρετὴ
3072 4487 3270 4550 πόνους
3320 4487 3663 4558 προτείνεται
3689 4489 3791 4540 καὶ

524 4610 654 4651 vero
693 4593 910 4649 labores
960 4589 1209 4651 exhibet,
1254 4594 1418 4655 atque
1477 4584 1856 4640 contentiones
1908 4601 1922 4637 :
1975 4584 2103 4638 hinc

525 4685 776 4743 usuvenit
801 4685 948 4740 illam
977 4698 1009 4737 a
1036 4681 1284 4752 pluribus
1331 4676 1600 4749 adamari,
1631 4675 1777 4731 hanc
1821 4675 2106 4746 pauciores

531 4778 600 4832 ad
647 4790 708 4832 se
754 4775 1045 4831 amandum
1102 4772 1356 4827 invitare.
1403 4767 1866 4825 Considerandum
1927 4769 2109 4838 itaque

539 4867 680 4922 illius
734 4865 1069 4936 voluptatem
1131 4861 1530 4934 quamprimum
1581 4859 2111 4931 exstingui,virtutis

538 4971 665 5013 vero
698 4956 951 5026 gaudium
994 4965 1313 5026 perpetuum
1342 4968 1484 5018 esse,
1524 4961 1581 5008 et
1629 4952 1766 5008 mori
1815 4952 2096 5019 nescium;

530 5046 822 5118 voluptatis
880 5047 1068 5100 vitium
1121 5060 1311 5114 parere
1357 5043 1659 5109 infamiam,
1695 5044 2096 5113 ruborem'que;

533 5142 677 5196 hanc
697 5145 888 5194 contra
914 5135 1126 5190 laudem
1155 5146 1210 5190 et
1239 5135 1503 5206 gloriam:
1534 5134 1683 5189 illam
1710 5148 1870 5205 pana
1898 5143 2100 5202 manet,

534 5232 678 5287 hanc
729 5230 894 5285 decus
917 5235 972 5282 et
1012 5227 1185 5282 honos
1213 5227 1530 5282 comitatur.
1562 5226 1766 5281 Vitium
1804 5226 2102 5282 daemonem

534 5322 753 5392 quidem
785 5319 948 5376 habet
973 5325 1297 5389 patronum;
1327 5316 1499 5373 virtus
1532 5332 1661 5373 vero
1686 5316 1856 5372 Deum
1880 5317 2099 5389 legisla-

2202 4583 2420 4651 ἀγῶνας
2439 4597 2455 4613 ⁶
2488 4580 2578 4636 διά
2607 4581 2765 4635 τοῦτο
2789 4581 2972 4652 ἐκείνη
3007 4580 3106 4651 μὲν
3133 4578 3361 4642 πολλοὺς
3379 4618 3395 4644 ,
3423 4578 3562 4649 αὐτὴ
3590 4578 3645 4631 δὲ
3674 4576 3791 4631 όλί-

2202 4694 2335 4747 γους
2367 4675 2721 4730 ἐπεσπάσατο
2756 4675 2836 4738 εῖς
2872 4673 2962 4728 τὸν
2996 4673 3197 4744 ἑαυτῆς
3240 4671 3441 4743 ἔρωτα.
3478 4670 3606 4740 Δέον
3637 4670 3791 4741 γὰρ,

2207 4765 2551 4839 συνορῶντας
2576 4766 2712 4837 ὅτιὴ
2747 4765 2845 4837 μὲν
2864 4766 2963 4836 τῆς
2986 4763 3187 4827 κακίας
3212 4763 3373 4835 ἡδονὴ
3402 4760 3601 4836 ῥᾳδίως
3631 4761 3792 4816 σϐέν-

2209 4876 2387 4924 νυται,
2414 4860 2448 4930 ἡ
2476 4859 2534 4911 δὲ
2563 4858 2661 4929 τῆς
2693 4858 2892 4931 ἀρετῆς
2923 4856 3232 4930 εὐφροσύνη
3267 4853 3508 4924 ἀοίδιμός
3542 4855 3661 4907 ἐστι
3693 4854 3793 4907 καὶ

2206 4956 2508 5018 ἀθάνατος·
2541 4954 2638 5009 καὶ
2673 4956 2757 5008 ὅτι
2797 4955 2833 5025 ἡ
2878 4954 2976 5024 μὲν
3014 4952 3233 5020 ἀδοξίαν
3275 4952 3367 5007 καὶ
3408 4947 3714 5021 αίσχύνην,
3755 4949 3791 5018 ἠ

2208 5048 2266 5103 δὲ
2302 5046 2560 5109 ἐπαίνους
2600 5046 2697 5099 καὶ
2733 5044 2893 5111 δόξαν
2937 5043 3149 5097 τίκτειο
3183 5043 3278 5096 καὶ
3320 5039 3462 5109 ὃτιή
3505 5035 3605 5107 μὲν
3649 5035 3792 5107 πρὸς

2208 5137 2482 5209 τιμωρίαν
2503 5178 2518 5203 ,
2550 5138 2586 5207 ἡ
2614 5136 2673 5190 δὲ
2713 5134 2850 5207 πρὸς
2884 5133 3055 5205 τιμὴν
3086 5131 3327 5202 τελευτᾷ.
3361 5128 3473 5184 Καὶ
3503 5129 3537 5199 ἡ
3568 5127 3671 5199 μὲν
3699 5125 3793 5178 τὸν

2207 5227 2451 5283 διάϐολον
2496 5226 2610 5298 ἔχει
2643 5226 2974 5297 συνήγορον,
3005 5227 3039 5297 ὴ
3089 5224 3146 5278 δὲ
3193 5221 3286 5276 τὸν
3332 5222 3441 5275 τῶν
3485 5217 3793 5273 καλλίστων

2209 5319 2509 5391 νομοθέτην
2533 5319 2687 5375 Θεόν.
2724 5318 2831 5373 Καὶ
2861 5319 2893 5389 ἡ
2927 5317 3026 5390 μὲν
3055 5312 3374 5387 ἀνατρέπει,
3405 5314 3438 5381 ἠ
3461 5310 3519 5364 δὲ
3552 5324 3794 5379 σιγκρο-

1662 5494 1901 5551 ῩΑΒΙᾸΞ
1939 5490 2325 5552 LECTIONES
2366 5490 2453 5550 ΕΤ
2491 5483 2722 5550 NOTAE.

611 5654 720 5729 (63)
769 5655 1191 5729 Ἦμεροκαλές.
1222 5654 1398 5729 [floris
1432 5651 1613 5723 hujus,
1652 5654 1744 5709 lilii
1792 5656 2040 5723 agrestis,
2070 5653 2360 5709 meminere
2408 5651 2769 5718 Dioscorides,
2794 5646 3199 5729 Theophrastus
3240 5660 3306 5702 ac
3340 5644 3585 5718 Plinius;
3626 5643 3798 5721 Hesy-

538 5725 849 5783 chius'item’
876 5725 939 5785 ac.
971 5728 1188 5782 Suidas.
1221 5727 1460 5781 Scuorr.
