4110 6382
334 397 458 462 uiti
1179 401 1716 462 EPISTOLARUM
1756 403 1904 464 LIB.
1948 405 2013 466 ν.
2039 405 2368 466 —EPIST.
2411 409 2730 472 anvuI.
3463 395 3600 491 tota

329 511 412 558 τεῖ
424 504 514 559 τὸν
540 505 813 578 ἡμέτερον
841 504 956 576 βίον
975 523 990 538 ο
1021 507 1113 560 καὶ
1146 508 1227 561 ὅτι
1258 510 1294 578 ἡ
1329 509 1428 579 μὲν
1452 508 1604 581 παρὰ
1631 507 1741 563 τῶν
1771 527 1916 582 παρ-
1943 554 1952 573 ,

1971 517 1990 574 ι
2023 521 2218 568 torem.
2249 513 2380 568 Illud
2431 515 2596 570 vitam
2647 516 2848 572 evertit
2875 527 3140 588 nostram,
3177 521 3293 578 haec
3319 539 3449 584 vero
3479 540 3594 586 sta-

329 595 493 650 όντω)
537 595 804 660 πολλάκις
833 597 1174 670 διασύρεται,
1208 599 1242 670 ἡ
1275 599 1332 652 δὲ
1371 599 1465 652 καὶ
1507 600 1656 671 παρὰ
1693 601 1802 655 τῶν
1835 601 1911 672 μὴ

2018 604 2172 673 bilit;
2203 605 2333 661 illud
2353 620 2384 661 a
2415 610 2776 677 prazsentibus
2809 625 3188 682 saepenumero
3241 620 3596 688 reprehendi-

333 688 620 758 μετιόντων
649 688 817 762 αὐτὴν
842 689 1185 762 θαυμάζεται
1206 705 1220 721 ⁸
1250 692 1344 745 καὶ
1369 694 1434 763 τῇ
1471 693 1570 763 μὲν
1601 692 1732 765 πῦρ,
1757 696 1824 766 τῇ
1849 694 1907 748 δὲ

2017 707 2134 763 tur,
2191 697 2308 754 haec
2361 700 2524 754 etiam
2567 701 2880 758 absentibus
2927 715 3013 760 est
3069 708 3458 780 admirationi;
3520 715 3595 770 illi

329 779 570 851 βασιλεία
628 781 1010 853 ηὐτρέπισται,
1065 783 1194 836 Δέον
1251 783 1432 838 τοίνυν
1486 785 1658 838 ταῦτα
1719 786 1898 840 πάντα

2011 789 2153 860 ignis
2214 791 2524 860 rependitur
2566 795 2934 863 sempiternus
2967 813 2982 850 :
3013 798 3142 854 huic
3189 815 3321 856 vero
3357 779 3585 873 regnum

337 871 650 936 ἐννοοῦντας
670 913 686 936 ,
717 873 816 944 τὴν
857 874 959 944 μὲν
995 875 1448 948 ἀποστραφῆναι,
1479 874 1558 941 ὡς
1607 875 1905 948 θηριόμορ-

2013 878 2274 935 caelorum
2297 881 2572 936 tribuitur.
2605 881 2701 938 His
2731 884 2897 956 igitur
2943 888 3128 944 animo
3154 893 3398 960 agitatis,
3423 871 3589 964 illud,

325 978 420 1030 φον
455 962 548 1016 καὶ
577 961 811 1033 όφιώδη,
863 959 962 1034 τὴν
1005 963 1063 1018 δὲ
1107 963 1460 1018 ἀσπάσασθαι
1490 963 1566 1029 ὡς
1611 965 1762 1043 θείαν
1807 969 1904 1021 καὶ

2011 979 2070 1026 ut
2103 980 2427 1039 monstrum,
2453 979 2508 1028 et
2537 973 2697 1029 veluti
2739 975 2984 1044 coluber,
3011 959 3360 1051 fugiendum;
3391 985 3508 1040 tunc
3531 959 3592 1044 ut

323 1046 712 1125 ὑπερκόσμιον.
750 1053 1076 1108 Τοὺναντίον
1109 1053 1356 1121 ποιοῦσι,
1403 1055 1504 1128 τὴν
1545 1055 1752 1128 πόρνην
1785 1058 1904 1112 ἀντὶ

2007 1061 2190 1117 divina
2253 1073 2417 1136 atque
2485 1065 2941 1124 excellentissima
3014 1082 3101 1126 est
3165 1046 3588 1144 amplectenda.

320 1145 418 1214 τῆς
453 1142 729 1215 σώφρονος
758 1144 1075 1217 αἱρούμενοι
1104 1145 1385 1215 γυναικός.

2007 1153 2108 1220 Qui
2139 1170 2300 1212 serus
2329 1156 2544 1222 {asinis
2583 1169 2824 1216 scortum
2881 1161 3122 1220 honestae
3172 1142 3390 1240 coniugi
3434 1180 3595 1228 ante-

2009 1246 2182 1313 ponit.

825 1323 1004 1418 οέςν.
1038 1381 1111 1392 -
1147 1351 1394 1424 narra.

2511 1333 2746 1417 anvt.
2766 1391 2839 1404 -
2861 1362 3107 1420 nemo.

326 1457 572 1516 Veritatis
601 1474 800 1532 quanta
829 1467 930 1519 vis.
969 1462 1230 1518 Hortatur
1255 1477 1310 1520 ut
1352 1470 1616 1522 constanti
1651 1469 2385 1610 aitimsoogeras’amijsimym
2417 1473 2671 1528 bonorum
2705 1474 3098 1544 temporalium.
3144 1475 3306 1547 (Vide
3351 1491 3400 1532 et
3431 1497 3593 1550 supra

1607 1551 1757 1608 epist.
1941 1557 1974 1593 a
2029 1557 2145 1595 eum
2188 1559 2288 1597 em.

1607 1551 1757 1608 epist.
1789 1551 1896 1596 500
1941 1551 2010 1593 att
2029 1551 2288 1597 eumdem.

395 1637 636 1710 ’ἰσχυρὸν
671 1639 770 1710 μὲν
805 1639 1060 1712 τάληθὲς,
1096 1642 1190 1696 καὶ
1216 1645 1440 1715 σιγητδν
1476 1645 1738 1711 πολλάκις
1758 1665 1773 1680 ο
1807 1647 1902 1701 καὶ

2077 1648 2282 1702 Potens
2309 1648 2531 1703 omnino
2555 1663 2642 1704 res
2665 1659 2752 1705 est
2773 1652 3000 1716 veritas,
3031 1660 3086 1707 et
3109 1662 3193 1708 est
3213 1669 3336 1708 cum
3375 1653 3593 1708 silentio

311 1729 436 1793 τοὺς
460 1729 728 1801 κρύπτειν
755 1730 1010 1796 θέλοντας
1043 1733 1112 1787 τὰ
1137 1733 1430 1807 ἀπόρρητα
1465 1738 1738 1806 κατήφεια
1766 1755 1903 1811 προ-

2007 1738 2176 1807 pretni
2204 1747 2384 1808 potest
2410 1757 2425 1795 :
2453 1747 2509 1794 et
2540 1755 2571 1794 e
2593 1744 2890 1809 contrario,
2916 1758 3038 1812 quae
3082 1755 3299 1800 secreta
3345 1757 3472 1802 sunt
3497 1761 3593 1802 ce-

311 1820 494 1875 διδωσι
533 1823 631 1877 καὶ
673 1826 976 1897 στεναγμὸς
1009 1826 1110 1898 οὐχ
1137 1826 1388 1891 ἑκούσιος
1408 1843 1425 1860 ·
1458 1828 1574 1882 ἀλλ’
1601 1830 1662 1883 οὐ
1699 1829 1898 1886 λανθά-
1933 1898 1934 1903 η

1965 1827 2119 1905 ,ιω-ε
2147 1829 2409 1896 volentes,
2433 1831 2549 1900 ipsa
2591 1831 2770 1888 vultus
2812 1834 3035 1888 tristitia
3083 1835 3430 1907 gemitusque
3479 1853 3588 1894 n0u

313 1929 462 1968 νουσι
493 1915 624 1978 τοὺς
651 1919 880 1986 σοφοὺς,
909 1919 1107 1982 οἵτινές
1141 1935 1201 1972 σε
1243 1920 1340 1974 καὶ
1361 1921 1666 1993 ἐπιρρῶσαι
1693 1923 1902 1976 δίκαιον

2009 1921 2303 1977 voluntarii
2361 1923 2619 1992 produnt,
2665 1927 2806 1994 quod
2853 1925 3126 1994 sapientes
3171 1927 3422 1984 homines
3481 1945 3589 1985 non

313 2005 648 2078 ἡγουμένους
667 2009 820 2080 ἡμᾶς
845 2009 940 2062 ἐπὶ
971 2008 1034 2062 τὸ
1066 2009 1276 2082 γράψαι
1320 2011 1727 2085 παρώρμησαν.
1762 2015 1904 2068 Οὐκ·

2010 2011 2166 2082 fugit,
2188 2012 2280 2082 qui
2333 2023 2388 2068 et
2441 2013 2670 2082 teipsum
2729 2013 3166 2070 conﬁrmandum
3234 2017 3360 2084 rati,
3393 2033 3491 2072 nos
3519 2021 3587 2072 ad

310 2101 434 2168 οὖν,
483 2096 530 2157 ὧ
579 2103 702 2174 φίλε
728 2145 744 2171 ,
781 2105 978 2161 ἐννοῶν
1040 2105 1104 2160 τὺ
1163 2105 1428 2176 ἐπίκηρον
1471 2105 1584 2159 τῶν
1631 2105 1898 2176 βιωτικῶν

2008 2103 2356 2160 scribendum
2415 2105 2513 2158 tibi
2558 2104 2910 2174 impulerunt.
2953 2105 3156 2174 Quare,
3187 2111 3232 2164 'o
3299 2111 3436 2164 bone
3477 2111 3585 2176 vir,

311 2197 654 2268 πραγμάτων
673 2235 688 2262 ,
721 2197 796 2268 μὴ
825 2197 1000 2252 λυποῦ
1032 2198 1276 2262 ἀποστὰς
1305 2198 1486 2253 αὐτῶν
1506 2239 1522 2263 ,
1555 2198 1690 2270 μηδὲ
1712 2198 1900 2268 ὲντύγ-

1999 2195 2292 2264 meditans,
2339 2196 2631 2266 animoque
2687 2198 2921 2268 agitans,
2977 2213 3160 2254 rerum
3216 2200 3582 2256 humanarum

308 2302 436 2356 χανε
487 2289 736 2360 συνεχῶς
781 2293 894 2354 τοῖς
927 2293 1010 2355 είς
1039 2291 1181 2346 αὐτὰ
1211 2291 1755 2362 ὲγκαλινδουμὲνοις,
1801 2292 1898 2346 καὶ

1996 2286 2447 2353 imbecillitatem,
2483 2287 2669 2342 dolere
2705 2287 2834 2354 noli,
2869 2289 2913 2343 si
2950 2289 3058 2345 illis
3116 2290 3339 2347 excidas
3369 2309 3384 2345 :
3421 2305 3488 2347 ac
3515 2306 3584 2346 ne

307 2378 474 2433 πολλὰ
506 2381 622 2434 τῶν
668 2381 814 2436 ἰδίων
851 2383 1042 2436 παθῶν
1083 2385 1202 2447 ταῖς
1237 2382 1478 2454 ὁμιλίαις
1521 2383 1892 2454 ἀναμιγνύου-

2001 2385 2263 2446 perpetuo
2295 2377 2405 2434 illis
2455 2378 2739 2435 adhaereas
2782 2381 2876 2449 qui
2930 2379 2998 2437 iis
3057 2389 3187 2438 sunt
3237 2382 3503 2447 immersi,
3531 2390 3585 2438 et

307 2484 420 2538 σιν,
451 2471 590 2527 ἀλλὰ
623 2475 736 2536 τοῖς
765 2473 933 2544 ἀρετῇ
968 2473 1162 2546 μηδενὶ
1185 2473 1292 2528 τῶν
1323 2473 1448 2528 καθ’
1479 2474 1708 2537 ἑαυτοὺς
1738 2473 1893 2543 ὑφιε-

1999 2469 2166 2524 multa
2185 2485 2401 2526 suarum
2423 2469 2768 2526 aﬂ‘ectionum
2793 2472 3082 2544 colloquiis
3097 2473 3213 2528 suis
3249 2472 3587 2532 immiscent.

309 2560 509 2632 μένοις.

2005 2560 2257 2630 nullaque
2282 2569 2409 2616 sunt
2428 2560 2610 2616 ornati
2643 2562 2867 2618 virtute.

795 2666 960 2725 ΦΞΖἌ
1001 2701 1068 2712 --
1103 2669 1389 2724 ΜΑΙὮΝΙ.
1841 2673 1850 2686 ⁸

1841 2673 1850 2686 °
2455 2667 2712 2724 DLXV".
2738 2700 2804 2712 —
2841 2669 3123 2730 MABONI.

869 2787 962 2843 Bis
985 2789 1164 2842 eadem
1201 2805 1256 2844 re
1275 2805 1496 2860 peccans
1532 2789 1733 2844 veniam
1759 2805 1863 2843 non
1913 2799 2162 2844 meretur.
2199 2787 2396 2862 (Supra
2420 2789 2573 2860 epist.
2596 2789 2669 2846 24
2689 2791 3015 2866 persimilis.)

361 2913 434 2968 Τὸ
491 2915 774 2986 πρότερον
840 2931 936 2970 σου
1007 2916 1387 2987 παρανόμημα
1442 2917 1719 2989 πρόφασις
1794 2917 1887 2969 εὐ-

2066 2916 2224 2974 Prius
2249 2916 2384 2973 illud
2413 2926 2564 2972 tuum
2593 2917 2849 2974 delictum
2900 2919 3087 2976 nescio
3135 2921 3261 2992 quis
3291 2922 3577 2992 speciosus

294 3007 594 3079 πρόσωπος
633 3008 810 3063 ἐδόκει
843 3009 1196 3078 συγγνωστὸν
1229 3011 1438 3076 ποιεῖν,
1485 3013 1514 3064 6
1543 3009 1686 3073 θεῖος
1721 3009 1752 3063 6
1796 3006 1889 3072 σὸς

1997 3020 2290 3084 praetextus
2331 3013 2490 3066 venia
2549 3011 2768 3082 dignum
2825 3013 3054 3068 reddere
3101 3013 3406 3080 videbatur,
3437 3018 3581 3086 quod

295 3099 682 3170 ὶκδεδικῆσθαι
722 3100 1078 3170 νομιζόμενος
1104 3118 1118 3132 ο
1165 3100 1260 3156 τοῦ
1306 3101 1365 3156 δὲ
1399 3101 1516 3154 νυνὶ
1561 3101 1886 3173 παρανομή-

1999 3113 2230 3176 patruus
2269 3112 2399 3158 tuus
2441 3116 2508 3158 eo
2537 3103 2606 3159 ab
2653 3103 2848 3171 injuria
2911 3104 3179 3160 vindicari
3220 3105 3486 3161 videatur.
3510 3107 3583 3162 At

299 3205 462 3260 ματος
485 3189 654 3245 οὐδὲν
685 3189 929 3246 τοιοῦτον
965 3189 1125 3262 ἔσχες
1161 3191 1601 3263 παρακάλυμμα.
1649 3192 1746 3246 Ἐκ
1779 3191 1922 3262 γὰρ(

1953 3203 1959 3258 ι
1995 3197 2158 3268 hujus
2179 3195 2364 3252 delicti
2391 3195 2604 3250 nullum
2634 3195 2876 3266 suppetit
2905 3193 3295 3253 velamentum.
3329 3197 3576 3254 Habendi

297 3279 620 3348 πλεονεξίας
663 3283 745 3344 εἰς
795 3281 958 3336 τοῦτο
1008 3281 1307 3354 ὡρμῆσθαι
1354 3282 1562 3350 ἔδοξας.
1623 3282 1736 3336 Καὶ
1787 3280 1887 3352 τὴν

1993 3287 2142 3340 enim
2196 3285 2494 3356 cupiditate
2558 3297 2628 3340 eo
2671 3285 2874 3341 videris
2919 3285 3208 3355 impulsus,
3247 3295 3304 3341 et
3357 3288 3571 3358 culpam

295 3373 388 3428 ἐπὶ
435 3378 510 3446 τῇ
565 3375 809 3446 προτέρᾳ
847 3375 1094 3447 ὠμότητι
1139 3375 1320 3432 αἰτίαν
1359 3376 1741 3447 ἀπημφιάσω,
1779 3391 1883 3445 γυ-

1993 3377 2164 3447 priori
2215 3377 2542 3432 humanitati
2587 3385 2694 3431 tua:
2740 3374 3126 3443 accumulaeti,
3168 3377 3430 3446 detegens
3473 3375 3577 3431 fal-

298 3465 430 3539 pvipi
490 3465 702 3520 σαυτοῦ
761 3467 862 3538 τὴν
917 3465 1162 3537 πονηρὰν
1223 3467 1550 3538 προαίρεσιν
1606 3465 1882 3532 ἐπιδειξά-

1076 3465 1162 3520 ιᾶν
1223 3467 1550 3538 προαίρεσιν
1606 3465 1882 3532 ἐπιδειξά-
1992 3478 2116 3522 sum
2163 3477 2312 3520 tuum
2337 3465 2699 3537 propositum.

300 3575 459 3630 lum
503 3663 678 3720 om.
711 3693 786 3710 -
819 3665 1128 3738 ΔΩΡΟΘΕῼ
1161 3663 1654 3739 ΛΑΜΠΡΟΤΑΤῼ.
2129 3664 2406 3722 anvm.
2431 3697 2495 3706 —
2523 3661 2897 3722 nouorum
2935 3665 3102 3725 VIRO
3135 3665 3453 3726 CLARISS.

294 3778 372 3837 De
395 3781 606 3854 judicis
639 3789 686 3834 et
716 3777 962 3834 advozati
1007 3777 1212 3831 diverso
1259 3775 1447 3860 οθξρίο.
1487 3773 1728 3860 Optimi
1744 3778 2372 3860 suadens.it‘ori.se‘ntp_e‘r_
2403 3777 2704 3860 pecs-nudet.
2746 3775 2930 3832 Simile
2961 3775 3015 3830 in
3047 3788 3258 3833 oratore
3284 3788 3336 3833 et
3367 3779 3572 3849 judice.

1288 3843 1448 3915 (Vide
1473 3843 1628 3916 epist.
1659 3847 1753 3916 20,
1783 3846 1910 3914 219,
1950 3847 2081 3910 250,
2117 3845 2245 3912 Hi,
2276 3843 2584 3916 521,547.)

363 3986 425 4039 Ei
453 3987 484 4039 6
527 3983 625 4054 μὲν
659 3978 961 4052 σύμϐουλος
989 3976 1084 4032 τοῦ
1115 3979 1402 4050 παραινεῖν
1443 3979 1560 4033 ἐστι
1597 3977 1818 4052 κύριος,
1851 3981 1882 4035 ὁ

2063 3981 2122 4040 Si
2173 3983 2462 4040 consilium
2509 3984 2650 4042 dans
2695 3983 2870 4054 possit
2921 3984 3226 4049 adhortari,
3281 3985 3571 4044 consilium

293 4076 349 4131 δὲ
374 4071 880 4148 συμϐουλευόμενος
905 4067 1000 4124 τοῦ
1032 4069 1363 4141 πεισθῆναι,
1393 4071 1489 4125 καὶ
1514 4072 1542 4126 6
1574 4071 1674 4142 μὲν
1702 4071 1762 4126 τὸ
1781 4073 1871 4126 αὑ-

1991 4091 2122 4132 vero
2174 4075 2452 4145 accipiens
2499 4075 2836 4145 persuaderi,
2883 4085 2940 4131 et
2997 4075 3086 4133 ille
3143 4077 3302 4148 721
3353 4080 3570 4148 quidem

293 4167 386 4224 τοῦ
419 4167 762 4236 πεποίηκεν,
809 4166 838 4218 6
875 4162 931 4216 δὲ
976 4161 1038 4216 οὐ
1073 4161 1358 4233 κεκύρωκε
1395 4163 1496 4234 τὴν
1525 4161 1753 4234 γνώμην
1797 4163 1878 4236 τῷ

1984 4167 2130 4237 quod
2179 4167 2265 4222 sui
2305 4177 2392 4223 est
2445 4166 2688 4223 muneris
2730 4167 2896 4233 fecit;
2925 4168 3014 4224 hic
3066 4183 3196 4224 vero
3231 4171 3284 4223 in
3321 4171 3568 4228 animum

293 4261 370 4325 είς
424 4257 629 4332 πρᾶξιν
669 4255 840 4328 αὐτὴν
887 4255 1150 4324 ἀγαγεῖν,
1203 4253 1255 4306 τί
1307 4253 1445 4322 πρὸς
1487 4253 1582 4306 τὸν
1617 4253 1881 4324 παραινέ-

1987 4274 2096 4314 non
2151 4259 2426 4316 induxerit
2475 4258 2566 4314 illa
2608 4273 2774 4329 Opere
2817 4259 3067 4329 exsequi,
3092 4259 3222 4330 quid
3252 4259 3360 4317 hoc
3385 4276 3569 4333 quaeso

296 4367 505 4416 σαντα;
539 4351 766 4419 Ὅμοιον
797 4347 906 4418 γὰρ
941 4347 1146 4412 ποιεῖς,
1174 4344 1364 4414 ὥσπερ
1397 4343 1462 4396 ἂν
1492 4345 1587 4398 ἐπὶ
1613 4343 1875 4414 δικαστη-

1985 4352 2052 4405 ad
2081 4351 2461 4406 adhortantem
2497 4349 2734 4405 attinet?
2764 4351 2909 4406 Idem
2963 4351 3058 4406 tibi
3109 4353 3386 4422 usuvenit,
3413 4357 3557 4424 quod

295 4445 411 4518 ρίου
437 4443 566 4507 τοὺς
595 4444 692 4513 μὲν
718 4438 982 4502 δικαστὰς
1011 4437 1170 4507 λόγον
1191 4435 1440 4508 ἀπῄτεις,
1469 4434 1562 4487 τὸν
1584 4434 1640 4488 δὲ
1668 4435 1875 4507 ῥήτορα

2034 4462 2039 4495 ι
2071 4440 2352 4509 tribunali,
2380 4442 2428 4498 si
2452 4441 2520 4496 ab
2572 4440 2668 4495 illo
2709 4441 2949 4509 postules
3005 4442 3333 4510 orationem,
3361 4444 3430 4500 ab
3461 4445 3567 4502 hoc
3627 4434 3657 4475 ⁷*

293 4537 495 4608 ψῆφον.
533 4535 598 4588 Ὃ
627 4533 684 4586 δὲ
724 4531 889 4601 λέγω,
917 4529 1160 4584 τοιοῦτόν
1198 4530 1333 4582 ἐστι·
1364 4528 1588 4598 Δέχεται
1617 4525 1680 4580 τδ
1717 4526 1875 4580 δικα-
1909 4549 1916 4603 J

1930 4549 1954 4603 )
1981 4547 2112 4590 vero
2131 4531 2412 4590 decretum
2437 4532 2552 4589 sive
2569 4531 2856 4600 judicium.
2875 4531 3008 4588 Tale
3053 4541 3139 4590 est
3173 4549 3280 4604 quo
3315 4535 3384 4591 de
3407 4551 3553 4594 nunc

295 4628 518 4699 στήριον
553 4623 797 4688 καὶτοὺς
829 4621 1090 4682 δικαστὰς
1119 4621 1213 4676 καὶ
1242 4619 1334 4672 τὸν
1365 4619 1593 4692 ῥήτορα,
1621 4618 1747 4682 τοὺς
1773 4617 1875 4686 μὲν

1983 4624 2182 4696 agitur.
2209 4623 2462 4680 Continet
2490 4625 2635 4680 enim
2669 4625 2904 4680 tribunal
2943 4624 3160 4696 iudices
3195 4625 3438 4697 suffragii
3461 4627 3557 4698 jus

291 4717 474 4788 ψῆφον
516 4714 740 4787 ἔχοντας
761 4753 776 4778 ,
823 4711 916 4768 τὸν
949 4710 1006 4766 δὲ
1042 4709 1222 4779 λόγον.
1258 4707 1468 4765 Οὐκοῦν
1506 4709 1537 4761 ό
1568 4707 1669 4779 μὲν
1703 4707 1876 4762 εἰπεῖν

1983 4716 2271 4781 habentes,
2297 4715 2442 4771 hunc
2465 4729 2593 4769 vero
2616 4723 2908 4784 patronum
2934 4715 3232 4774 sermonis.
3252 4716 3350 4774 Hie
3375 4718 3563 4790 itaque

292 4809 503 4880 κύριος,
530 4807 560 4862 6
581 4805 639 4859 δὲ
659 4803 1024 4876 ψηφίσασθαι.
1049 4801 1305 4857 Τίθενται
1333 4800 1390 4854 δὲ
1415 4799 1516 4870 τὴν
1534 4797 1714 4870 ψῆφον
1737 4797 1878 4870 πρὸς

1983 4809 2197 4866 dicendi
2219 4817 2308 4865 est
2330 4808 2630 4880 magister;
2655 4807 2744 4864 ille
2774 4807 3054 4875 iudicandi
3101 4823 3166 4864 ac
3201 4809 3557 4868 decernendi.

293 4898 354 4953 τδ
366 4897 580 4961 δοκοῦν,
611 4897 798 4968 ῥήτωρ
819 4895 876 4950 δὲ
895 4893 1072 4958 οὐδεὶς
1095 4891 1276 4964 ἑαυτῷ
1301 4893 1400 4960 τὴν
1415 4891 1596 4962 ψῆφον
1621 4889 1875 4961 ἤνεγκεν.

1983 4901 2077 4958 llle
2099 4902 2326 4972 iudicat,
2349 4910 2410 4956 ut
2433 4901 2534 4958 sibi
2565 4901 2784 4970 quidem
2807 4899 3022 4955 videtur
3049 4915 3116 4956 ex
3135 4915 3294 4972 aequo
3317 4910 3374 4958 et
3394 4903 3556 4960 bono.

294 4987 358 5044 El
391 4989 492 5060 μὲν
517 4984 610 5042 οὖν
645 4987 902 5041 εἰσελθὼν
927 4987 958 5038 6
990 4984 1176 5057 ῥήτωρ
1203 4984 1416 5054 σιωπᾷ,
1449 4979 1780 5053 πλημμελεῖ.
1810 4980 1872 5036 El

1980 4997 2178 5052 Orator
2205 5008 2334 5049 vero
2359 5009 2455 5049 seu
2485 5005 2774 5049 causarum
2813 5002 3098 5062 patronus,
3129 5008 3411 5063 nunquam
3457 5011 3559 5064 pro

292 5079 352 5136 δὲ
388 5081 418 5132 6
443 5078 620 5148 λέγων
648 5093 741 5133 και
781 5076 1028 5141 δικαίως,
1055 5080 1152 5129 καὶ
1191 5074 1330 5146 μετὰ
1357 5073 1556 5137 παντδς
1581 5073 1676 5128 τοῦ
1707 5089 1876 5143 προσ-

1982 5100 2042 5142 se
2068 5085 2398 5140 sententiam
2428 5081 2554 5142 fert.
2587 5082 2648 5141 Si
2672 5081 2858 5153 itaque
2891 5091 3082 5137 orator
3142 5093 3324 5139 taceat
3346 5084 3559 5152 ingres-

293 5168 554 5240 ήκοντος,
585 5169 647 5221 οὺ
680 5167 890 5235 πείθει,
923 5166 1033 5221 τῶν
1067 5165 1273 5238 κριτῶν
1293 5167 1411 5218 ἐστι
1445 5167 1508 5220 τὸ
1543 5163 1870 5237 ἁμάρτημα.

1983 5195 2098 5242 sus,
2119 5185 2326 5248 peccat.
2362 5175 2424 5233 Si
2475 5190 2607 5232 vero
2653 5175 2800 5232 dicat
2830 5189 2928 5244 pro
2969 5175 3204 5246 iustitia,
3231 5191 3338 5232 non
3373 5187 3555 5234 tamen

294 5258 510 5332 ’Ὠσπερ
536 5255 631 5314 οὖν
653 5259 854 5314 ἄτοπον
883 5259 1040 5328 λόγον
1065 5259 1219 5329 παρὰ
1243 5257 1353 5312 τῶν
1381 5259 1676 5329 κρινόντων
1703 5259 1872 5311 ἀπαι-

1985 5268 2326 5342 persuadeat,
2349 5267 2594 5338 iudicum
2613 5275 2698 5322 est
2721 5265 2930 5321 vitium.
2961 5265 3032 5322 Ut
3069 5265 3234 5336 igitur
3263 5265 3559 5322 absurdum

293 5354 410 5407 τεῖν
429 5394 446 5420 ,
473 5353 619 5407 οὓτω
645 5351 740 5408 καὶ
767 5351 920 5423 παρὰ
947 5349 1041 5404 τοῦ
1083 5349 1385 5422 συνηγόρου
1415 5349 1593 5420 ψῆφον
1610 5365 1623 5378 ·
1663 5349 1712 5400 εί
1739 5347 1796 5401 δὲ
1824 5349 1874 5402 οι

1987 5368 2072 5416 est
2097 5357 2416 5428 ajudicibus
2445 5357 2748 5412 orationem
2773 5356 3014 5427 exigere,
3035 5357 3114 5412 sic
3145 5365 3202 5411 et
3229 5357 3300 5412 ab
3327 5365 3554 5414 oratore

293 5442 608 5510 δικάζοντες
624 5443 720 5498 καὶ
744 5442 933 5506 δεινῶς
952 5443 1044 5496 καὶ
1069 5442 1296 5506 δικαίως
1315 5442 1568 5511 λέγοντος
1593 5441 1688 5494 τοῦ
1721 5442 1880 5512 ῥήτο-

1981 5467 2078 5508 seu
2111 5459 2342 5520 patrono
2391 5449 2696 5504 decretura.
2722 5446 2902 5514 Quare
2949 5449 2996 5504 si
3049 5447 3210 5514 iudex
3237 5455 3292 5502 et
3313 5446 3558 5516 graviter

298 5551 393 5609 ρος
419 5534 879 5608 ἀποψηφίσαιντο,
911 5533 1012 5604 τῆς
1058 5533 1158 5604 μὲν
1185 5535 1344 5605 νίκης
1375 5533 1759 5604 ἀπεστέρησαν
1787 5531 1879 5586 τὸν

1977 5549 2034 5595 et
2075 5539 2222 5610 justo
2281 5537 2496 5594 dicente
2527 5546 2766 5604 oratore,
2815 5535 2958 5592 male
3011 5535 3284 5602 decertat,
3321 5535 3556 5592 victoria

297 5627 506 5698 ῥήτορα
524 5668 540 5693 ,
573 5627 672 5698 τῆς
699 5625 757 5680 δὲ
779 5625 980 5697 ἀρετῆς
1015 5625 1287 5696 οὐδαμῶς.
1315 5625 1540 5680 Τοιοῦτό
1567 5643 1621 5680 τι
1653 5623 1880 5678 νοείσθω

1979 5632 2196 5702 quidem
2266 5639 2457 5684 orator
2525 5628 2864 5695 destituitur,
2929 5627 3132 5682 virtute
3205 5641 3317 5683 non
3393 5627 3545 5684 item.

299 5719 395 5778 καὶ
419 5722 548 5795 περὶ
571 5721 666 5776 τοῦ
692 5719 1120 5794 παραινέσαντος
1152 5719 1270 5791 μὲν,
1297 5719 1378 5790 μὴ
1407 5719 1696 5782 πείσαντος
1724 5718 1802 5772 δέ.

1977 5720 2338 5785 Quamobrem
2394 5718 2474 5774 sic
2519 5719 2586 5776 de
2639 5716 2968 5773 adhortante
3023 5731 3130 5772 non
3196 5719 3562 5786 persuadente

1972 5809 2238 5881 iudicato.

613 5907 882 5974 Ρριῖῑιυιι.
928 5905 1042 5972 Gtt.
1088 5904 1409 5972 LXXVI".
3127 5897 3202 5962 5?
