4110 6390
555 385 692 455 1643

775 506 1007 566 ῡωιιχ.
1034 539 1098 550 --
1131 506 1386 565 ZOSIMO
1438 505 1911 563 PRESBYTERO.

1763 396 1824 455 S.
1863 393 2154 452 ISIDORI
2195 389 2635 452 PELUSIOTt-‘E

2507 406 2635 449 tm.
3641 406 3788 475 Ἰὺίί

2507 505 2665 556 ΦΞί-γ.
2703 534 2770 542 -
2811 504 3061 575 ΖΩΣΙΜῼ
3101 505 3557 580 ΠΡΕΣΒΥΤΕΡῼ.

557 640 873 696 Detestanda
906 641 1108 695 Zosimi
1139 641 1312 710 carpit
1344 639 1538 695 diserte
1568 641 1718 706 t-itta,
1751 652 1802 694 ut
1838 641 2092 694 Imctenm
2122 655 2344 710 seraper,
2369 649 2415 692 et
2441 638 2738 692 sacerdotio
2763 637 3038 707 indignum
3060 655 3094 692 α
3132 641 3298 693 sacris
3325 647 3592 697 arcendum
3617 663 3788 705 censet.

627 796 774 852 Multi
804 798 854 850 in
887 795 1146 866 dignitate
1199 794 1502 859 constituti,
1567 794 1891 864 egregieque
1942 793 2136 847 divin:c

559 889 734 945 all‘ecti
783 888 1051 957 religioni,
1118 886 1274 941 nobis
1331 885 1579 955 quotidie
1659 885 1884 948 instant,
1968 884 2134 938 vitam

558 991 704 1036 tuam
750 993 1035 1046 moresque
1087 985 1392 1040 narrantes,
1420 976 1471 1029 in
1530 991 1763 1046 eumque
1792 977 1988 1030 invecti
2042 977 2135 1045 qui

557 1082 610 1124 te
676 1071 1011 1124 sacerdotem
1073 1067 1366 1131 ordinavit,
1421 1077 1477 1122 et
1529 1067 1878 1120 immaculata
1932 1082 2030 1136 per
2079 1077 2130 1121 te

559 1161 831 1228 inquinari
890 1159 1086 1229 templa
1110 1158 1400 1226 iactantes,
1432 1158 1904 1228 sacerdotiumquc
1945 1157 2142 1227 probro

560 1233 766 1308 aienles
791 1252 950 1316 allici,
975 1261 1134 1320 atque
1170 1251 1398 1319 impuris
1453 1251 1558 1306 tuis
1593 1251 1843 1305 manibus
1875 1250 2140 1320 baptizari

560 1359 668 1398 non
734 1359 956 1414 paucos,
1004 1357 1066 1396 ea
1118 1357 1176 1394 re
1220 1339 1501 1396 salutifera
1549 1351 1890 1396 sacramenta
1941 1341 2136 1409 injuria

560 1437 697 1492 allici
747 1438 1053 1507 perhibent.
1083 1433 1228 1500 Quos
1257 1450 1362 1488 non
1403 1433 1582 1503 plane,
1617 1435 1710 1488 sed
1765 1434 1917 1488 valde
1969 1433 2134 1487 etiam

561 1528 843 1584 snﬂicienti
874 1537 1153 1597 apparatu,
1188 1534 1247 1579 ut
1278 1525 1530 1596 equidem
1595 1525 1870 1586 existimo,
1913 1539 2138 1592 respon-

563 1621 736 1674 dendo
763 1620 952 1688 repuli,
983 1632 1086 1672 non
1118 1616 1239 1671 vita:
1265 1624 1366 1671 tuae
1395 1617 1605 1684 (verum
1643 1625 1726 1671 est
1761 1616 1907 1670 enim
1960 1615 2140 1670 faten-

561 1710 713 1777 dum)
734 1710 944 1778 objecto
1007 1707 1168 1762 veluti
1224 1707 1412 1778 clypeo
1459 1707 1806 1777 patrocinans
1835 1723 1850 1761 :
1882 1707 1961 1762 sic
1999 1707 2142 1761 enim

564 1804 759 1856 merito
820 1801 1052 1866 rcfellur,
1094 1816 1281 1854 vermn
1343 1800 1470 1854 illud
1523 1799 1907 1854 demonstrans
1959 1798 2143 1854 :nihil

2319 789 2511 844 Πολλοὶ
2541 788 2648 842 τῶν
2677 787 2737 842 ἐν
2760 788 2902 843 τέλει
2933 789 3297 862 διαφερόντως
3323 792 3388 861 τῇ
3419 790 3655 868 θειοτάτῃ
3681 798 3798 868 θρτ.-

2250 881 2407 952 σκεία
2450 881 2829 954 ἀνακείμενοι,
2884 881 3122 951 συνεχῶς
3167 883 3296 952 ἡμῖν
3346 885 3680 951 ἐπιφύονται,
3719 893 3800 944 τὸν

2250 974 2365 1044 βίον
2394 973 2487 1026 τὸν
2519 973 2611 1026 σὺν
2665 974 3056 1044 προφέροντες,
3095 974 3187 1027 καὶ
3219 973 3311 1025 τοῦ
3352 980 3802 1048 χειροτονήσαντός

2253 1083 2311 1118 σε
2348 1066 2758 1130 καταϐοῶντες,
2799 1067 2893 1119 καὶ
2935 1067 3001 1120 τά
3044 1066 3291 1137 ἄκραντα
3345 1068 3609 1140 ἀνάκτορα
3657 1073 3802 1139 μολύ-

2252 1157 2440 1210 νεσθαι
2497 1157 2784 1226 λέγοντες,
2822 1158 2915 1210 καὶ
2964 1157 3061 1228 τὴν
3113 1157 3410 1227 ἱερωσύνην
3455 1163 3804 1232 παροινεῖσθαι

2254 1254 2759 1324 φράξοντες,’τοὶις
2814 1253 3244 1324 βαπτιζομένους
3307 1253 3393 1304 διὰ
3445 1253 3547 1305 τῶν
3615 1257 3805 1325 μιαρῶν

2257 1363 2351 1398 σου
2403 1346 2600 1416 χειρῶν
2645 1347 2722 1408 είς
2765 1345 2833 1397 τὰ
2891 1343 3209 1414 σωτηριὼδη
3250 1344 3547 1396 ἀδικεῖσθαι
3588 1345 3806 1413 σύμϐολα

2256 1439 2574 1506 φάσκοντες.
2611 1436 2719 1499 Οὓς
2754 1436 2851 1505 οὐχ
2897 1435 3114 1498 ἁπλῶς,
3151 1435 3288 1488 ἀλλά
3323 1437 3416 1487 καὶ
3460 1435 3655 1506 σφόδρα
3688 1441 3807 1504 μετά

2250 1528 2596 1598 κατασκευῆς
2634 1527 2850 1598 ἱκανῆς,
2897 1527 2972 1590 ὡς
3001 1527 3177 1595 ἔγωγε
3209 1525 3451 1596 ἠγοῦμαι
3479 1569 3492 1590 ,
3537 1529 3806 1595 ἀποκρινά-

2252 1635 2409 1687 μενος
2445 1619 2788 1687 ἐτρεψάμηνο
2816 1619 2876 1672 οὐ
2900 1617 2993 1669 τοῦ
3028 1618 3122 1670 σοῦ
3152 1618 3267 1687 βίου
3307 1618 3441 1686 (χρὴ
3481 1619 3585 1686 γὰρ
3623 1619 3806 1684 τάληθῆ

2247 1709 2460 1778 λέγειν)
2495 1707 2886 1778 ὑπερασπίζων
2913 1724 2926 1738 ·
3014 1707 3124 1778 γὰρ
3151 1709 3216 1760 ἂν
3244 1707 3626 1778 κατεγνώσθην
3649 1723 3662 1736 °
3691 1706 3810 1760 ἀλλά

2245 1798 2403 1853 τοῦτο
2425 1800 2637 1863 δεικνὺς
2655 1837 2669 1863 ,
2697 1799 2773 1862 ὡς
2807 1799 2958 1852 οὐδὲν
2988 1799 3018 1850 ὁ
3047 1797 3233 1861 λαῖκὸς
3262 1797 3701 1868 παραϐλάπτεται
3731 1799 3813 1851 τοῦ

568 1894 752 1950 violari
800 1895 970 1950 iaicos
1024 1893 1304 1964 inquinata
1352 1893 1698 1947 sacerdotum
1751 1892 1883 1945 vita.
1917 1890 1986 1945 Ut
2017 1891 2145 1958 ipsis

2253 1890 2441 1962 ἱερέως
2465 1890 2539 1961 μὴ
2572 1887 2629 1944 εὖ
2661 1889 2925 1960 βιοῦντος.
2962 1889 3125 1953 Ὠςδέ
3153 1889 3276 1942 οὺδέ
3321 1889 3493 1952 οὕτως
3538 1889 3689 1942 αὐτὸν
3730 1891 3816 1941 ἐπ-

564 2001 696 2043 vero
727 1987 962 2040 nondum
997 1987 1082 2040 sic
1111 2000 1172 2040 os
1205 1985 1478 2049 obturavi,
1500 1985 1648 2038 clare
1691 1983 1962 2048 dicebant,
1996 1984 2150 2038 nobis

566 2081 619 2134 id
639 2079 852 2148 quidem
881 2078 1013 2134 satis
1058 2077 1402 2146 persuasisti,
1433 2076 1556 2130 aliis
1597 2090 1724 2130 vero
1749 2075 2001 2130 onmibus
2022 2090 2146 2128 cum

565 2170 740 2225 doctis
774 2179 886 2224 tum
915 2167 1168 2231 indoctis,
1213 2168 1337 2236 quis
1378 2165 1753 2237 persuaserit?
1785 2165 1874 2234 qui
1909 2164 2150 2232 quotidie

563 2262 827 2318 conviciis
853 2276 976 2316 cum
1024 2259 1396 2330 proscindunt,
1452 2269 1767 2312 evomentes
1795 2271 1857 2311 ea
1886 2270 2000 2318 ore,
2031 2271 2150 2323 qua:

565 2354 725 2410 silere
781 2353 951 2408 multo
1002 2351 1073 2406 sit
1118 2349 1334 2414 melius,
1370 2358 1431 2402 ut
1459 2358 1516 2403 et
1558 2349 1611 2403 in
1653 2363 1874 2403 scenam
1917 2347 2150 2416 denique

559 2445 913 2516 proferantur
937 2454 1025 2497 tua
1055 2441 1280 2510 ﬂagitia.
1320 2440 1426 2496 Sed
1465 2441 1557 2495 illa
1614 2439 1778 2494 missa
1821 2438 2052 2504 faciens,
2081 2437 2148 2494 ad

559 2535 830 2591 malorum
859 2535 1100 2591 omnium
1126 2534 1364 2588 radicem
1410 2532 1713 2588 veniamus.
1743 2530 1858 2598 Qua
1889 2532 1953 2585 de
1981 2546 2144 2589 causa

567 2643 674 2682 non
715 2628 1042 2698 persuadeas
1080 2626 1273 2680 borum
1310 2623 1576 2680 malorum
1609 2633 1909 2688 auctorem,
1946 2633 2149 2678 etanta

566 2718 820 2775 suscitari
853 2716 1208 2772 temulentia?
1245 2715 1481 2770 Duorum
1513 2717 1659 2770 enim
1698 2715 1929 2768 alterum
1955 2729 2148 2768 neces-

575 2810 724 2865 sario
792 2809 1166 2880 cogitandum,
1199 2807 1284 2862 vel
1340 2806 1483 2862 nolle
1533 2807 1873 2876 persuaderi,
1931 2805 2150 2861 tametsi

567 2901 759 2969 possit,
788 2899 870 2953 vel
904 2914 1012 2954 non
1057 2913 1234 2968 posse,
1274 2898 1492 2952 tametsi
1551 2896 1702 2952 velit.
1733 2897 1800 2952 At
1846 2911 1976 2950 vero
2024 2910 2148 2950 cum

568 2991 722 3061 prius
784 2991 936 3056 illud,
961 3005 1156 3059 nempe
1189 2989 1331 3056 quod
1381 3004 1504 3042 cum
1570 2988 1770 3058 possis,
1824 2987 2150 3056 persuadere

569 3081 729 3147 nolis,
772 3081 840 3136 de
895 3089 948 3136 te
998 3081 1205 3136 sentire
1264 3077 1417 3134 nefas
1443 3079 1554 3134 sit:
1585 3087 1756 3134 restat
1783 3079 1835 3132 id
1866 3079 2149 3132 existime-

569 3188 710 3238 mus,
743 3173 884 3242 quod
927 3187 1051 3228 cum
1103 3181 1155 3227 te
1203 3170 1620 3226 insuliicientem
1681 3170 1991 3228 arbitreris.
2018 3185 2151 3224 con-

568 3265 849 3333 quiescere
898 3264 1207 3318 decreveris
1259 3277 1325 3318 ac
1376 3263 1758 3330 supersedere.
1787 3261 1920 3326 Quae
1938 3259 2042 3315 etsi
2074 3261 2150 3314 ita

556 3371 631 3414 se
655 3355 1094 3426 habeant,722
1153 3368 1255 3422 ego
1296 3365 1473 3408 tamen
1527 3353 1735 3422 pudore
1786 3355 1982 3406 ductus
2042 3368 2150 3406 non

569 3447 802 3518 perinde
833 3445 1079 3514 fatebar;
1107 3447 1201 3502 sed
1229 3447 1340 3502 dixi
1369 3464 1384 3501 :
1423 3446 1536 3500 haec
1577 3444 1794 3514 quidem
1825 3458 1922 3498 vos
1969 3441 2150 3511 splen-

565 3541 693 3596 dide
719 3541 920 3605 dicitis,
955 3541 1048 3596 sed
1073 3541 1385 3608 ignorantes
1433 3537 1573 3593 forte
1600 3538 1880 3591 coactione
1905 3534 2049 3604 adigi
2081 3535 2149 3589 ad

566 3631 766 3688 bonum
795 3646 918 3688 esse
948 3633 1243 3688 neminem.
1271 3631 1383 3702 Ego
1407 3644 1539 3685 vero
1581 3644 1702 3700 qua:
1729 3629 1832 3683 mei
1864 3637 1993 3682 sunt
2024 3625 2143 3682 olli-

566 3722 638 3777 cii
663 3723 892 3777 iterabo.
950 3721 1076 3777 llaec
1127 3720 1272 3776 fatus
1313 3720 1434 3775 illos
1459 3719 1663 3786 dimisi,
1687 3728 1742 3773 et
1778 3728 2148 3772 atramentum

567 3812 822 3882 lacrymis
853 3812 1111 3875 miscens,
1137 3812 1276 3864 hanc
1309 3811 1486 3865 denuo
1509 3811 1755 3864 scribere
1791 3808 2006 3864 decrevi
2031 3808 2147 3878 epi-

567 3901 782 3957 stolam.
829 3901 944 3956 Etsi
994 3901 1129 3956 alias
1185 3901 1252 3956 ad
1319 3910 1372 3955 te
1431 3899 1626 3968 scripsi
1667 3899 2005 3968 frequenter,
2027 3913 2149 3968 qua:

560 3993 726 4048 bruta
759 3993 922 4047 etiam
945 4001 1000 4048 et
1028 3994 1080 4047 in
1116 3993 1294 4047 anima
1325 3999 1530 4061 queant
1563 3991 1861 4061 percellere
1885 4005 2143 4058 corpora,

569 4080 744 4148 ipsum
782 4089 834 4134 te
868 4088 1064 4136 testem
1131 4079 1367 4151 appello,
1405 4079 1647 4136 noluisse
1682 4087 1735 4136 te
1769 4097 1798 4134 a
1830 4080 2148 4136 libidinibus

562 4171 664 4226 tibi
711 4179 1038 4241 temperare,
1080 4181 1141 4227 ut
1189 4181 1356 4237 te,et
1409 4188 1509 4228 nos
1543 4172 1700 4242 culpa
1757 4172 2040 4239 liberat-es,
2094 4182 2150 4228 et

565 4259 976 4331 obloquentium
1026 4276 1122 4317 ora
1149 4264 1409 4318 obturarc
1457 4276 1670 4332 posses.
1703 4263 1858 4329 Quod
1893 4278 2023 4318 vero
2049 4277 2148 4319 ne-

568 4366 673 4423 que
701 4367 846 4408 nunc
873 4355 925 4409 in
977 4363 1031 4410 te
1060 4355 1331 4409 monendo
1374 4355 1785 4425 supersedeam,
1821 4355 1915 4410 sed
1950 4356 2146 4410 iterum

567 4459 762 4506 manus
793 4444 1051 4517 injiciam,
1089 4447 1193 4501 etsi
1221 4446 1506 4501 incurabili
1543 4447 1778 4512 vulneri,
1811 4457 1867 4501 ut
1896 4448 2140 4512 videtur,

2251 1983 2534 2052 εστόμισα,
2559 1981 2924 2052 γεγωνότερον
2945 1982 3154 2050 ἔφησαν
3175 1997 3189 2011 ο
3222 1981 3306 2033 ὃτι
3333 1981 3478 2050 ἡμᾶς
3509 1980 3602 2050 μέν
3632 1979 3814 2041 ἱκανῶς

2251 2072 2474 2136 ἔπεισας
2494 2113 2507 2137 ,
2539 2073 2667 2136 τοὺς
2687 2072 2744 2125 δέ
2775 2072 2968 2136 ἄλλους
2998 2073 3206 2136 πάντας
3223 2111 3238 2136 ,
3262 2072 3397 2135 τούς
3419 2089 3476 2124 τε
3501 2072 3816 2142 ἐλλογίμους,

2249 2163 2382 2227 τούς
2428 2181 2487 2215 τε
2538 2163 2830 2232 ἀγελαίους
2875 2164 2958 2227 τίς
3011 2163 3227 2227 πείσει,
3264 2165 3395 2226 τοὺς
3446 2162 3560 2216 καθ’
3604 2163 3820 2231 ἑκάστην

2250 2255 2423 2308 ταῦτα
2451 2255 2846 2326 κωμῳδοῦντας
2865 2255 2960 2326 τὴν
2983 2256 3234 2327 ἡμέραν;
3261 2254 3532 2309 Τοσοῦτον
3577 2253 3819 2307 ἐκπτύον-

2250 2363 2380 2415 τας,
2435 2347 2472 2401 ἃ.
2524 2349 2779 2417 σιγᾶσθαι
2813 2348 3090 2420 ἔπρεπεν,
3137 2349 3213 2413 ὡς
3257 2349 3358 2402 καὶ
3393 2345 3818 2419 σκηνοὸατεῖσθαι

2252 2437 2436 2493 λοιπὸν
2465 2441 2530 2492 τά
2565 2442 2695 2510 παρ’
2721 2440 2886 2493 αὑτοῦ
2919 2439 3210 2512 δρώμενα;
3240 2441 3365 2494 Ἵνα
3389 2440 3448 2494 δέ
3480 2439 3694 2492 ἐκείνων
3727 2439 3822 2507 ἀφο

2229 2529 2472 2602 ιέμενοι,
2523 2533 2602 2595 είς
2650 2533 2748 2602 τὴν
2781 2533 2936 2603 ῥίζαν
2977 2533 3087 2585 τῶν
3142 2533 3337 2586 κακῶν
3386 2532 3819 2602 καταγενοὶμεθα,

2255 2627 2320 2680 δι’
2360 2627 2426 2698 ἣν
2465 2626 2643 2679 αἰτίαν
2671 2627 2832 2680 αὑτὸν
2863 2626 2953 2680 τὸν
2995 2626 3178 2681 κακῶν
3216 2627 3581 2700 ἀρχιτέκτονα
3617 2628 3675 2679 οὐ
3714 2627 3817 2679 πεί-

2253 2719 2365 2784 Θεις
2419 2721 2728 2786 ἀνενεγκεῖν
2766 2719 2830 2772 ἐκ
2877 2720 2976 2789 τῆς
3007 2719 3276 2790 τοσαύτης
3322 2720 3528 2791 μέθης;
3557 2721 3704 2772 Δυοῖν
3729 2721 3820 2787 γὰρ

2253 2808 2479 2879 θάτερον
2510 2809 2935 2878 ἀναγκαζόμεθα
2965 2812 3186 2877 ἐννοεῖν,
3223 2811 3256 2882 ἢ
3290 2811 3374 2883 μὴ
3407 2812 3685 2882 βούλεσθαι
3716 2813 3820 2863 πεῖ-

2255 2917 2343 2953 σαι
2378 2902 2472 2954 καὶ
2508 2902 2714 2972 σφόδρα
2743 2902 3072 2972 δυνάμενον,
3113 2903 3146 2973 ἢ
3183 2904 3257 2974 μὴ
3287 2904 3555 2958 δύνασθαι
3586 2905 3673 2957 καὶ
3706 2907 3820 2970 σφό-

2251 2991 2352 3061 δρα
2394 2991 2739 3061 βουλόμενον.
2789 2992 2951 3045 Ἀλλά
2990 2991 3096 3062 μὴν
3121 2994 3170 3045 εί
3203 2992 3264 3045 τὸ
3295 2993 3572 3064 πρότερον
3599 2993 3692 3047 οὐκ
3721 2991 3820 3044 ἐστι

2255 3081 2546 3134 πιστεῦσαι
2584 3083 2723 3136 κατὰ
2759 3081 2882 3146 σοῦ,
2921 3083 2996 3146 ὡς
3020 3083 3139 3148 ἐξὸν
3177 3085 3398 3138 ἐκείνου
3432 3085 3592 3138 λῦσαι
3620 3086 3710 3156 τὴν
3738 3101 3824 3138 κα-

2253 3175 2378 3228 κίαν
2397 3216 2411 3240 ,
2449 3176 2507 3227 οὐ
2541 3175 2754 3244 βούλει·
2790 3175 3040 3230 λείπεται
3063 3177 3124 3230 τὸ
3144 3217 3159 3242 ,
3196 3178 3272 3240 ὡς
3296 3178 3567 3242 ἀδύνατος
3595 3176 3722 3231 εἶναι
3746 3193 3819 3227 νο-

2257 3259 2458 3329 μίζων,
2503 3263 2603 3332 τὴν
2634 3263 2866 3334 ἡσυχίαν
2901 3265 3150 3334 ἀγαγεῖν.
3190 3265 3342 3335 Ἐγὼ
3382 3268 3439 3321 δὲ
3478 3269 3528 3320 εί
3559 3269 3649 3321 καὶ
3687 3265 3823 3320 ταῦθ’

2253 3351 2426 3414 οῦτως
2461 3351 2611 3422 ἔχει,
2661 3353 2820 3406 τοῦτο
2873 3355 2972 3425 μὲν
3020 3358 3118 3426 οὐχ
3170 3355 3512 3428 ὡμολόγησα
3555 3356 3819 3429 ἐρυθριῶν.

2253 3442 2517 3496 Τοσοῦτον
2561 3444 2618 3496 δὲ
2658 3445 2815 3516 ἔφην,
2857 3446 2940 3500 ὅτι
2985 3447 3178 3516 Ὑμεῖς
3219 3449 3324 3518 μὲν
3373 3449 3546 3503 ταῦτα
3597 3447 3828 3518 σεμνολο-

2251 3532 2464 3601 γείσθε,
2501 3534 2601 3587 οὐκ
2643 3537 2843 3600 εἰδότες
2878 3539 3030 3600 ίσως,
3061 3539 3144 3592 ὅτι
3188 3539 3412 3612 ἀνάγκῃ
3463 3539 3679 3611 ποιῆσαί
3721 3555 3824 3591 τινα

2251 3624 2453 3693 ἀγαθὸν
2497 3626 2597 3680 οὐκ
2645 3626 2812 3682 ἔστιν.
2865 3628 3008 3698 Ἐγὼ
3041 3629 3097 3683 δὲ
3126 3630 3196 3684 τά
3236 3634 3373 3703 παρ’
3409 3631 3646 3704 ἐμαυτοῦ
3681 3630 3827 3684 πάλιν

2252 3717 2483 3787 ποιήσω.
2535 3716 2723 3782 Οὕτως
2763 3719 3098 3792 ἀποπέμψας
3145 3723 3436 3788 ἐκείνους,
3474 3726 3570 3777 καὶ
3613 3723 3822 3792 δάκρυσι

2252 3807 2438 3877 σχεδὸν
2501 3809 2740 3879 κεράσας
2785 3811 2846 3863 τὸ
2891 3809 3098 3880 μέλαν,
3141 3814 3236 3866 καὶ
3281 3815 3446 3868 τοῦτο
3479 3814 3708 3886 χαράξαι
3753 3814 3823 3866 δι-

2249 3901 2421 3970 έγνων
2447 3903 2508 3955 τὸ
2541 3903 2796 3974 γράμμα.
2835 3905 2957 3958 Ὀτι
2995 3907 3106 3978 γάρ
3148 3907 3417 3972 πολλάκις
3464 3927 3546 3962 σοι
3567 3909 3819 3981 γέγραφα.

2248 3993 2284 4048 ἃ
2312 3994 2406 4048 καὶ
2445 3993 2542 4064 τὴν
2575 3995 2780 4066 ἄψυχον
2826 3996 2988 4066 φύσιν
3017 3999 3234 4069 κάμψαι
3269 4002 3510 4071 ⁴ῐγδύνατο
3534 4043 3548 4068 ,
3586 4001 3740 4056 αὐτόν
3773 4015 3823 4052 σε

2249 4087 2400 4141 καλῶ
2436 4089 2722 4159 μάρτυρα,
2755 4089 2848 4142 τὸν
2894 4089 2969 4161 μὴ
3013 4090 3345 4163 βουλόμενον
3387 4095 3694 4165 ἀποστῆναι
3736 4091 3824 4158 τῆς

2249 4178 2525 4246 λαγνείας,
2555 4180 2642 4234 ἵνα
2665 4182 2758 4234 καὶ
2780 4182 2973 4234 σαυτὸν
2999 4183 3092 4235 καί⁵
3115 4185 3261 4254 ἡμᾶς
3287 4187 3659 4258 ἐγκλημάτων
3679 4184 3826 4239 ἀπα).-

2250 4271 2444 4342 λάξης,
2480 4273 2571 4324 καὶ
2619 4275 2746 4336 τοὺς
2777 4275 3142 4342 ἐγκαλοῦντας
3179 4279 3570 4351 ἐπιστομίσῃς.
3617 4279 3733 4332 ’Ότι
3775 4276 3822 4327 δὲ

2250 4361 2370 4414 οὐδὲ
2387 4361 2480 4414 νῦν
2500 4380 2580 4415 σοι
2596 4365 2989 4431 ἀποτάττομαι,
3004 4367 3142 4420 ἀλλά
3159 4386 3408 4442 κεκρατη
3418 4373 3569 4442 μένῳ
3590 4368 3822 4440 ἐγχειρῶ.

2252 4455 2348 4507 καὶ
2390 4454 2452 4506 τὸ
2497 4454 2687 4507 δοκοῦν
2728 4457 3025 4527 ἀχείρωτον
3058 4455 3200 4513 εἶναι
3237 4461 3435 4526 πάθος,
3477 4461 3823 4534 χειρώσασθαι

569 4537 880 4602 tractando,
915 4537 1117 4593 litt-eras
1161 4538 1278 4592 ista:
1318 4537 1666 4592 testabuntnr
1713 4539 1932 4607 scriptas
1979 4539 2145 4594 vehe-

2260 4545 2568 4615 πειρῶμαι,
2601 4545 2774 4600 ταῦτα
2823 4551 3164 4620 μαρτυρήσει
3204 4550 3273 4603 τὰ
3306 4554 3621 4624 γράμματα
3650 4551 3824 4624 δριμύ-

558 4628 824 4693 'mentius,
849 4643 1013 4698 quam
1035 4643 1172 4699 quas
1196 4643 1368 4696 nuper
1399 4629 1541 4684 misi.
1571 4629 1704 4684 Cum
1753 4631 1900 4683 enim
1927 4631 2150 4687 suavio-

569 4731 684 4773 rem
727 4719 1080 4774 directionem
1127 4718 1661 4788 admonitionemque
1715 4721 2138 4790 centempscris,

570 4807 872 4877 potentiore
901 4819 986 4864 est
1014 4809 1300 4865 utendum.
1327 4808 1446 4863 Cur
1495 4811 1659 4881 igitur
1693 4811 1746 4864 in
1775 4819 1826 4865 te
1869 4813 1984 4879 ipse
2013 4813 2148 4868 adeo

571 4901 780 4957 insanis
800 4901 988 4973 (cogor
1008 4903 1151 4956 enim
1185 4917 1306 4972 quae
1332 4903 1528 4957 nollem
1554 4903 1862 4974 proloqui)?
1887 4903 1997 4958 Cur
2027 4921 2147 4958 ma-

571 4993 623 5047 lo
681 4993 1037 5062 pertinaciter
1095 4993 1372 5048 inhmres?
1408 4993 1550 5060 Quid
1593 5006 1857 5065 quantum
1903 4997 1954 5049 in
1987 5005 2037 5051 te
2067 5006 2150 5050 est.

570 5085 828 5138 virtutem
862 5083 1030 5138 aﬂicis
1053 5083 1286 5153 injuria?
1315 5083 1426 5138 Cur
1477 5100 1690 5140 sacrum
1723 5086 1891 5141 violas
1942 5087 2150 5142 altare?

569 5174 709 5244 Quid
754 5191 911 5230 sacra
957 5190 1065 5229 non
1095 5178 1447 5232 exhorrescis
1501 5178 1796 5248 profanare
1845 5179 2149 5249 mysteria?

570 5269 711 5338 Quid
740 5270 812 5322 ita
837 5277 889 5323 te
912 5270 1078 5339 geris,
1096 5279 1154 5322 ut
1185 5270 1432 5326 homines
1455 5277 1602 5325 tuam
1622 5271 1786 5325 vitam
1852 5273 2146 5337 intuentes,

569 5360 886 5416 existiment
912 5359 1076 5413 etiam
1128 5373 1225 5427 per
1267 5359 1412 5412 illam
1445 5377 1601 5416 sacra
1657 5363 1996 5433 coinquinari
2032 5381 2152 5435 my-

569 5451 778 5506 steria?
815 5450 953 5517 Quid
984 5459 1173 5518 gentes
1229 5451 1296 5502 ad
1341 5451 1545 5506 Christi
1609 5453 1914 5509 Ecclesiam
1962 5457 2149 5511 venire

569 5541 943 5610 paratissimas
963 5540 1160 5609 injuria
1186 5540 1377 5608 aﬂicis,
1399 5543 1595 5597 ostium
1633 5545 1795 5598 etiam
1832 5546 1938 5600 illis
1965 5547 2148 5601 occlu-

570 5633 777 5688 dentlo?
814 5635 953 5700 Quid
1003 5649 1230 5690 scenam
1270 5638 1423 5690 novis
1479 5637 1670 5706 imples
1732 5639 2038 5694 dramatis?
2078 5639 2150 5695 Ut

570 5722 700 5790 quid
744 5737 911 5778 novas
961 5724 1086 5778 vita:
1141 5727 1406 5794 importes
1457 5726 1742 5781 actiones?
1774 5729 1886 5783 Cur
1936 5743 2150 5785 veteres

568 5807 837 5865 obscuras
901 5814 1232 5882 tragtedias?
1267 5814 1323 5870 Si
1393 5815 1563 5872 Deum
1629 5835 1734 5874 non
1798 5821 1977 5889 times,
2013 5825 2138 5895 quia

2251 4651 2384 4706 τερα
2399 4633 2528 4689 ὄντα
2556 4636 2662 4688 τῶν
2692 4637 2882 4708 πρώην
2911 4657 2992 4692 σοι
3015 4641 3446 4698 ἐπισταλέντων.
3496 4647 3710 4715 Ἐπειδὴ
3732 4644 3824 4713 γὰρ

2249 4727 2348 4796 τῆς
2395 4729 2706 4800 πραοτέρας
2750 4731 2976 4802 ἀγωγῆς
3015 4735 3463 4806 κατεφρόνησας,
3508 4737 3823 4808 ἀνάγκηκαὶ

2250 4821 2315 4887 τῇ
2365 4819 2778 4891 δραστικωτέρα
2827 4822 3162 4893 χρήσασθαι.
3211 4826 3276 4878 Τί
3307 4828 3608 4898 τοιγαροῦν
3653 4825 3823 4880 τοσοῦ-

2249 4927 2340 4962 τον
2371 4910 2790 4981 (ἀναγκάζομαι
2819 4915 2926 4984 γάρ
2957 4911 2993 4965 ἃ
3020 4913 3095 4984 μὴ
3127 4914 3391 4986 βοὺλομαι
3427 4918 3666 4986 φράσαι)
3701 4913 3825 4968 κατὰ

2254 5002 2451 5055 σαυτοῦ
2478 5003 2720 5074 ἐμάνης;
2765 5004 2830 5056 Τί
2858 5004 2957 5074 τῆς
2988 5007 3189 5069 κακίας
3218 5010 3388 5080 ἀπρὶξ
3420 5011 3555 5080 ἔχῃς
3594 5011 3657 5062 Τί
3694 5005 3826 5074 ὑδρί-

2251 5093 2365 5156 ζεις
2401 5093 2525 5161 τόγε
2557 5094 2756 5147 σαυτοῦ
2790 5094 2956 5166 μέρος
2991 5096 3090 5168 τὴν
3122 5099 3358 5170 epam;
3403 5101 3470 5152 Ti
3505 5100 3741 5170 χραίνεις
3771 5094 3826 5146 τὶ

2251 5184 2562 5253 ἀνάκτορα;
2620 5185 2672 5236 τί
2723 5183 2820 5256 τὴν
2859 5185 3012 5240 θείαν
3062 5189 3283 5259 τελετὴν
3333 5190 3729 5261 ἐξορχούμενος
3772 5187 3823 5237 οὐ

2252 5276 2530 5344 φρίττεις;
2567 5276 2630 5327 Τί
2665 5279 3108 5347 παρασκευάζεις
3140 5283 3266 5344 τοὺς
3295 5283 3623 5354 ἀνθρώπους
3654 5279 3727 5350 τῷ
3760 5276 3826 5346 σῷ

2255 5366 2356 5436 βίῳ
2395 5367 2761 5437 προσέχοντας
2810 5370 3308 5440 παραϐλάπτεσθαι
3361 5375 3610 5444 νομίζειν
3639 5374 3726 5427 καὶ
3755 5373 3827 5431 εἰς

2251 5460 2319 5512 τά
2351 5461 2667 5532 σωτηριὼδη
2699 5462 2976 5531 σύμϐολας
3008 5465 3074 5516 Τί
3112 5466 3204 5518 καὶ
3232 5468 3358 5528 τοὺς
3394 5467 3506 5520 ἀπὸ
3535 5466 3642 5519 τῶν
3670 5463 3825 5518 ἐθνῶν

2253 5553 2638 5622 ἐτοιμοτάτους
2673 5553 2833 5618 ὄντας
2868 5556 2947 5616 εἰς
2981 5556 3080 5625 τὴν
3121 5558 3456 5628 Ἐκκλησίαν
3508 5555 3825 5629 μιετςιιροιτιῆ⁴

2255 5660 2380 5708 σαι,
2426 5645 2632 5707 ἀδικεῖς
2682 5646 2967 5700 ἀποσοϐῶν
3013 5651 3112 5720 τὴν
3144 5649 3351 5721 θύραν;
3393 5651 3462 5704 Ti
3495 5651 3593 5724 τὴν
3638 5647 3824 5718 σκηνὴν

2254 5736 2534 5806 νεωτέρων
2579 5736 2873 5807 δραμάτων
2924 5741 3266 5810 ἐνέπλησαςς
3302 5742 3368 5794 Τί
3419 5744 3586 5796 καινά
3627 5739 3702 5808 τῷ
3733 5737 3821 5806 βίῳ

2257 5826 2532 5897 εἰσφέρεις
2575 5829 2641 5880 τὰ
2670 5827 2956 5899 Epist-ara;
2987 5833 3050 5886 Ti
3091 5833 3188 5899 τάς
3219 5834 3466 5899 παλαιάς
3513 5829 3820 5905 ἀπέκρυψας
