4110 6372
363 368 493 432 1645

1234 367 1766 454 EPISTOLARUM
1807 366 1953 426 LIB.
1995 367 2060 428 V.
2100 392 2169 401 —
2208 368 2437 430 EPIST.
2485 370 2746 436 DLXIX.

3473 373 3612 439 1646

360 478 692 552 τραγῳδίαςς
741 480 804 535 Ei
844 479 906 535 τὸ
936 480 1078 535 θεῖον
1119 481 1178 533 οὐ
1216 480 1391 551 φοϐῇ,
1442 479 1740 551 ἐπειδήπερ
1790 477 1929 539 τέως

2037 480 2297 534 hactenus
2318 479 2372 534 in
2409 489 2459 535 te
2487 479 2809 550 Innganimis
2830 482 3061 546 exstitit,
3097 482 3179 537 vel
3214 482 3469 539 homines
3500 485 3613 540 sal-

364 569 734 641 μακροθυμεῖ,
758 571 863 627 κᾶν
890 571 1018 635 τοὺς
1047 570 1369 642 ἀνθρώπους
1389 568 1665 640 αἰδέσθητι
1685 584 1699 597 ⁸
1730 569 1777 621 εἰ
1809 566 1900 637 κρί
1919 595 1933 606 -

365 676 445 713 σιν
492 660 565 730 μὴ
612 660 818 726 δέδιας,
866 661 971 715 κᾶν
1007 662 1251 733 χρηστῆς
1294 659 1617 731 ὑπολήψεως
1657 657 1939 729 ἀντιποίη-

367 767 470 808 σαι.
516 752 578 804 Εί
611 752 779 823 μηδὲν
821 748 961 807 εἶναι
998 755 1107 825 ἡγῇ
1151 752 1287 824 μετὰ
1320 751 1418 822 τὴν
1454 750 1701 803 ἐντεῦθεν
1730 748 1936 817 ἀποδη-

367 842 491 911 μίαν
528 840 719 914 (τοῦτο
761 842 869 915 γάρ
912 844 969 896 αἱ
1011 844 1204 914 σεμναί
1255 859 1347 895 σου
1392 841 1619 912 πράξεις
1668 840 1937 911 λαμπρῶς

365 931 584 1001 βοῶσι),
622 932 727 987 κᾶν
756 935 855 1003 τὴν
900 932 1009 986 τῶν
1041 932 1343 1005 ἀνθρώπων
1373 930 1663 1003 κωμῳδίαν
1706 930 1938 1000 εὐλαϐή-

365 1024 502 1094 θητι.
540 1026 601 1078 Εί
628 1025 686 1078 δέ
727 1026 859 1095 μηδὲ
887 1025 1090 1095 ταύτης
1117 1025 1272 1094 λόγον
1302 1027 1427 1095 ποιῇ
1452 1065 1467 1089 ,
1501 1023 1604 1076 κᾶν
1647 1025 1706 1076 τὸ
1741 1022 1935 1077 καθαι-

368 1111 585 1183 ρεθῆναι
618 1113 901 1185 φοϐήθητι.
950 1114 1107 1177 Είκὺς
1152 1114 1260 1183 γάρ
1311 1129 1368 1166 σε
1412 1112 1567 1166 τοῦτο
1629 1111 1837 1166 παθεῖν.
1874 1113 1935 1165 Εἰ

364 1198 471 1269 γάρ
495 1200 590 1253 καλ⁵
616 1200 712 1254 νῦν
737 1201 911 1255 ταῦτα
937 1202 1078 1273 δρῶν
1105 1204 1206 1256 οὐκ
1234 1200 1592 1273 ἐξοστρακίζη
1615 1219 1629 1233 ·
1656 1201 1798 1255 ἔοικε
1826 1201 1934 1273 γὰρ

363 1290 393 1340 ὁ
438 1291 821 1362 χειροτονήσας
862 1309 923 1345 σε
955 1295 1023 1363 τῇ
1072 1292 1243 1362 κακίᾳ
1292 1291 1536 1362 χαίρειν,
1578 1291 1712 1344 ἀλλὰ
1751 1291 1880 1356 ἴσως
1907 1294 1936 1345 ό

368 1377 484 1448 μετ’
523 1379 685 1433 αὑτὸν
714 1380 870 1435 τοῦτο
904 1383 1140 1453 ποιήσει.
1168 1382 1278 1435 Καὶ
1303 1382 1383 1452 τῷ
1418 1382 1564 1453 θείῳ,
1600 1382 1692 1434 καὶ
1722 1381 1799 1451 τῷ
1843 1382 1937 1435 θυ-

366 1470 687 1541 σιαστηρίῳ,
717 1472 810 1525 καὶ
838 1476 951 1536 τοῖς
986 1474 1275 1544 ἀκράντοις
1313 1472 1653 1544 μυστηρίοις,
1692 1473 1787 1526 καὶ
1823 1474 1936 1534 τοῖς

365 1559 669 1631 ἀνθρώποις
721 1562 1201 1634 ἀπολογησάμενος
1245 1564 1379 1634 (64).
1434 1562 1644 1627 Πολλοὶ,
1690 1557 1736 1615 ὧ
1783 1561 1934 1616 ἄθλιε

366 1649 583 1722 Ζώσιμε
618 1653 1036 1725 (ἀναγκάζομαι
1058 1655 1152 1709 καὶ
1176 1657 1256 1719 είς
1279 1655 1509 1726 θρήνους
1535 1654 1801 1724 ἐξελθεῖν)
1831 1653 1937 1725 πρὸ

372 1739 465 1794 σοῦ
509 1742 796 1810 γεγόνασιν
827 1743 1044 1805 ἀσεϐεῖς
1075 1760 1134 1796 τε
1183 1744 1276 1796 καὶ
1327 1743 1663 1817 ἁμαρτωλοὶ,
1699 1744 1836 1813 μήτε
1873 1741 1936 1795 τὸ

2040 578 2146 624 tem
2213 583 2489 625 reverere.
2523 570 2580 624 Si
2607 572 2868 642 judicium
2912 574 3029 643 ejus
3091 588 3196 627 non
3247 575 3610 642 pertimescis,

2038 659 2192 711 bonae
2227 667 2402 713 tamen
2436 658 2594 715 fama:
2617 662 2880 718 rationem
2914 663 3078 718 habe.
3109 664 3164 716 Si
3189 663 3322 718 nihil
3355 674 3479 735 post
3508 667 3611 721 hoc

2036 749 2161 804 vitae
2188 750 2441 805 exsilium
2477 750 2592 806 fore
2620 753 2921 818 existimas,
2953 754 3100 824 quod
3147 757 3335 823 gravia
3388 765 3475 810 tua
3503 759 3613 811 cri-

2038 842 2183 897 mina
2232 843 2367 899 satis
2412 852 2665 913 arguuut,
2695 846 3003 899 mortalium
3062 846 3255 901 saltem
3313 848 3612 916 reprehen-

2036 933 2243 988 sionem
2293 934 2545 990 formida.
2579 932 2674 989 Sin
2734 935 2924 989 horum
2975 935 3109 989 nihil
3167 951 3350 1001 curas,
3376 938 3609 992 rescindi

2036 1025 2312 1078 saltem‘te
2360 1024 2427 1079 ab
2461 1023 2708 1079 Ecclesia
2745 1040 2842 1093 par
2867 1035 3006 1080 erat.
3037 1024 3274 1093 IEquum
3330 1026 3474 1079 enim
3507 1026 3611 1081 hoc

2039 1123 2089 1166 te
2121 1113 2252 1182 pati.
2282 1112 2339 1169 Si
2379 1115 2522 1168 enim
2551 1116 2853 1169 etiamnum
2881 1115 3007 1170 talia
3034 1116 3376 1171 committens
3406 1115 3610 1185 ﬂagitia

2038 1220 2141 1257 non
2200 1203 2485 1274 expelleris
2549 1204 2800 1277 (videtur
2867 1207 3014 1261 enim
3069 1206 3159 1275 qui
3218 1214 3273 1262 te
3331 1206 3610 1261 ordinavit

2035 1296 2369 1350 sacerdotem
2393 1296 2739 1366 improbitate
2768 1299 3062 1367 gaudere),
3098 1307 3281 1351 tamen
3313 1297 3431 1368 ejus
3461 1298 3605 1353 forte

2036 1400 2318 1442 successor
2342 1385 2392 1440 id
2416 1386 2603 1453 faciet,
2642 1396 2696 1441 et
2720 1389 2851 1456 Deo,
2881 1388 3149 1456 altarique
3201 1397 3258 1443 et
3298 1391 3448 1458 puris
3481 1405 3598 1461 my-

2036 1475 2239 1538 3teriis,
2267 1475 2686 1547 hominibusque
2713 1493 2825 1533 rem
2859 1488 3071 1547 gratam
3115 1478 3295 1534 faciet.
3324 1479 3596 1549 Plerique,

2035 1581 2070 1621 o
2123 1566 2287 1622 miser
2332 1566 2668 1635 Zosime(in
2720 1568 2956 1625 lamenta
3011 1570 3175 1625 etiam
3240 1585 3597 1640 prormupere

2037 1657 2339 1729 cogimur),
2374 1667 2503 1713 ante
2535 1668 2584 1713 te
2612 1658 2830 1715 fuerunt
2864 1659 3016 1730 impii
3060 1662 3300 1729 quidem,
3322 1669 3377 1715 et
3409 1674 3608 1731 pecca-

2041 1758 2206 1812 tores,
2225 1764 2398 1818 neque
2414 1748 2583 1804 Deum
2604 1749 2878 1819 timentes,
2899 1765 3071 1821 neque
3089 1750 3258 1822 frugi,
3280 1752 3602 1806 honestam-

366 1830 507 1884 θεῖον
532 1832 881 1903 φοϐηθέντες,
917 1835 1052 1904 μήτε
1079 1833 1194 1903 βίου
1223 1813 1460 1905 χρηστοῦ
1480 1833 1899 1903 ἐπιμεληθέντες
1917 1847 1932 1862 θ

2040 1852 2145 1906 que
2173 1847 2430 1894 curantes
2452 1838 2638 1904 vitam,
2666 1841 2763 1894 sed
2817 1842 3069 1896 omnibus
3123 1856 3154 1895 a
3181 1813 3345 1911 iergo
3381 1841 3607 1907 relictis,

367 1921 499 1974 ἀλλὰ
527 1922 733 1986 πάντας
761 1923 826 1977 σὺ
857 1924 1182 1996 παρήλασας
1201 1939 1217 1958 ⁸
1248 1924 1466 1978 πάντων
1492 1923 1715 1976 ἐκείνων
1740 1923 1929 1990 ἐγένου

366 2018 658 2087 κορυφαῖος
680 2032 696 2047 '
746 2017 973 2071 ἄπιστον
1003 2019 1098 2071 καὶ
1131 2018 1410 2089 ἀμίμητον
1450 2016 1799 2088 παράδειγμα
1845 2014 1938 2085 γέ-

364 2121 545 2173 γονας.
579 2107 775 2177 Ἔσχον
792 2109 900 2177 γὰρ
920 2107 1115 2161 ἐκεῖνοί
1142 2125 1293 2171 τινας
1318 2107 1538 2178 ἀρετὰς,
1565 2108 1629 2160 σὺ
1656 2105 1712 2159 δὲ
1737 2108 1803 2177 τῇ
1838 2107 1936 2176 μὲν

365 2197 532 2268 κακίᾳ
565 2197 664 2250 καὶ
707 2200 829 2262 ταῖς
862 2198 1076 2270 ἡδοναῖς
1109 2197 1368 2262 ἐσπείσω,
1404 2196 1539 2268 πρὸς
1571 2196 1628 2250 δὲ
1671 2195 1768 2267 τὴν
1810 2197 1939 2267 ἀρε-

364 2288 461 2359 τὴν
489 2289 799 2358 ἀκήρυκτον
839 2287 1122 2342 ἐπανείλου
1154 2287 1246 2342 τὸν
1278 2288 1513 2357 πόλεμον
1534 2303 1548 2316 °
1579 2287 1797 2340 πάντων
1841 2285 1935 2354 γέ·

363 2396 526 2446 γονας
559 2379 822 2450 κωμῳδία
860 2380 955 2433 καὶ
986 2376 1159 2446 γέλως
1181 2379 1275 2433 καὶ
1306 2378 1602 2433 σκάνδαλον
1627 2396 1640 2410 ·
1674 2377 1935 2449 θεώμενοι

363 2473 467 2544 γάρ
510 2487 573 2525 σε
616 2475 736 2536 ταῖς
784 2474 1008 2544 μιαραῖς
1063 2472 1220 2543 χερσὶ
1269 2471 1376 2525 τῶν
1416 2469 1577 2542 ιερῶν
1631 2470 1936 2540 ἁπτόμενον

364 2562 715 2634 μυστηρίων,
767 2563 1152 2633 ἀποπηδῶσιν,
1205 2561 1443 2634 ἀμύητοι
1494 2562 1695 2632 μᾶλλον
1745 2560 1934 2631 αἱροῦ⁴

364 2671 513 2724 μενοι
543 2651 705 2717 εἶναι,
734 2652 769 2724 ἦ
815 2655 968 2725 παρὰ
1002 2653 1327 2724 ἀκαθάρτων
1361 2651 1455 2705 καὶ
1486 2652 1696 2722 μιαρῶν
1734 2651 1935 2721 χειρῶν

355 2744 422 2797 τὰ
454 2744 707 2814 ἄκραντα
737 2742 989 2807 δέξασθαι
1024 2742 1192 2812 δῶρα,
1232 2743 1408 2795 καίτοι
1460 2741 1631 2795 πολλὰ
1676 2740 1935 2805 πολλάκις

353 2831 480 2904 παρ’
529 2830 662 2903 ἐμοῦ
719 2829 1043 2893 ἀκούοντες,
1082 2830 1166 2893 ab;
1232 2829 1383 2882 οὐδὲν
1430 2828 1604 2901 ταύτῃ
1655 2826 1936 2897 παραϐλά-

352 2940 608 2988 πτον-ται,
646 2922 789 2985 τινὲς
823 2922 923 2993 μὲν
948 2920 1125 2975 αὐτῶν
1155 2921 1215 2974 οὺ
1240 2918 1551 2991 πείθονται,
1570 2919 1713 2981 τινὲς
1728 2918 1783 2971 δέ
1812 2916 1935 2970 οὐδέ

350 3016 445 3078 τὰς
469 3014 652 3076 ἀκοὰς
695 3012 958 3084 ὑπέχουσι
998 3011 1264 3083 ρᾳψωδεῖν
1298 3010 1427 3081 περὶ
1461 3008 1652 3063 τούτου
1687 3008 1935 3078 νομίζον-

2040 1929 2215 1983 factus
2240 1935 2421 1983 tamen
2459 1943 2518 1983 es
2546 1931 2888 2001 coryphmus,
2921 1931 3141 1985 infidum
3172 1941 3228 1986 et
3254 1947 3361 1986 non
3392 1931 3604 1985 imitan-

2041 2019 2167 2073 dum
2194 2020 2440 2087 praebens
2473 2018 2801 2087 exemplum.
2826 2018 3068 2074 Habeant
3088 2021 3233 2074 enim
3264 2020 3340 2073 illi
3377 2019 3609 2075 virtutes

2040 2101 2273 2169 aliquas,
2307 2112 2362 2157 tu
2406 2117 2536 2158 vero
2579 2119 2699 2158 cum
2736 2105 3103 2174 improbitate,
3136 2122 3200 2161 ac
3246 2107 3610 2175 voluptatibus

2036 2191 2212 2248 ftedns
2242 2193 2463 2257 inivisti,
2499 2204 2661 2262 atque
2703 2195 3047 2260 implacabile
3103 2212 3225 2251 cum
3260 2198 3463 2253 virtute
3496 2197 3609 2253 bel-

2038 2282 2145 2337 lum
2181 2284 2489 2353 suscepisti.
2538 2284 2791 2339 Omnium
2836 2286 3067 2356 denique
3091 2287 3269 2344 factus
3309 2303 3368 2345 es
3402 2288 3606 2351 fabula.

2037 2375 2181 2429 risus
2233 2382 2288 2429 et
2324 2374 2658 2431 scandalum.
2692 2375 2851 2445 723
2895 2376 3123 2447 Cognito
3173 2378 3316 2432 enim
3356 2387 3410 2433 te
3451 2393 3607 2433 exse-

2036 2463 2254 2519 crandis
2290 2473 2526 2520 tractare
2567 2466 2815 2522 manibus
2838 2482 2992 2523 sacra
3019 2469 3198 2524 missae
3223 2470 3502 2540 mysteria,
3520 2485 3609 2526 re-

2037 2554 2235 2609 cedunt
2256 2554 2531 2619 homines,
2561 2555 2874 2625 maluntque
2899 2572 3004 2610 non
3031 2556 3256 2621 initiari,
3275 2572 3435 2626 quam
3466 2568 3522 2611 ut
3539 2557 3608 2612 ab

2037 2645 2281 2714 impuris,
2320 2645 2704 2714 sceleratisque
2742 2647 2992 2701 manibus
3028 2662 3160 2717 pura
3186 2657 3243 2701 et
3266 2647 3607 2703 immaculata

2035 2738 2333 2805 suscipiant
2367 2736 2615 2792 munera.
2648 2738 2717 2792 Et
2749 2740 2962 2792 tametsi
3002 2739 3151 2793 multi
3201 2738 3397 2808 saepius
3425 2752 3493 2793 ex
3522 2753 3610 2792 me

2035 2828 2305 2883 audierint
2330 2829 2681 2898 nihiLhorum
2711 2830 2925 2895 obesse,
2948 2828 3167 2898 quidam
3195 2837 3372 2884 tamen
3396 2828 3607 2884 assensi

2038 2936 2141 2974 non
2189 2929 2334 2988 sunt,
2367 2920 2587 2990 quidam
2634 2934 2765 2975 vero
2800 2934 2869 2976 ne
2917 2921 3142 2975 auribus
3176 2920 3392 2990 quidem
3440 2918 3610 2988 aequis

2037 3011 2331 3081 accipiunt,
2356 3012 2542 3081 nugari
2578 3024 2666 3064 me
2693 3009 3001 3078 opinantes.
3030 3009 3096 3063 Et
3143 3008 3383 3073 Balaam,
3405 3017 3460 3063 et
3478 3007 3605 3064 Cai-

352 3123 459 3170 τες.
492 3104 612 3160 Καὶ
635 3103 727 3158 τὸν
755 3102 984 3173 Βαλαὰμ
1002 3100 1098 3156 καὶ
1126 3102 1220 3155 τὸν
1245 3101 1503 3170 Καϊάφαν
1530 3098 1931 3196 προεόαλὸμην,

2037 3101 2196 3170 pham
2250 3101 2303 3154 in
2357 3102 2593 3155 medium
2654 3101 2830 3167 attuli,
2866 3101 3223 3171 impiissimt-s
3278 3100 3522 3170 quidem,
3555 3108 3610 3155 ct

353 3194 762 3255 ἀσεϐεστάτους
796 3191 894 3263 μὲν
927 3191 1022 3244 καὶ
1060 3190 1428 3253 ἀδικωτάτους
1457 3188 1780 3258 γεγονότας,
1815 3182 1935 3240 εἶτα

355 3285 444 3339 τὸν
480 3284 591 3355 μὲν
616 3283 714 3347 τὰς
750 3282 998 3351 εὐλογίας
1040 3279 1541 3350 ἀποφθεγξάμενον,
1573 3279 1663 3333 τὸν
1702 3277 1760 3331 δὲ
1802 3295 1936 3348 προ-

357 3375 732 3448 φητεύσαντα.
762 3373 875 3427 Καὶ
902 3370 998 3425 τοῦ
1031 3371 1262 3443 κόρακος
1287 3370 1345 3425 δὲ
1374 3368 1466 3423 τοῦ
1498 3369 1807 3439 ἀκαθάρτου
1837 3369 1936 3422 καὶ

361 3465 682 3537 μισοτέκνου
709 3462 912 3533 πτηνοῦ
938 3462 1048 3535 (65)
1079 3463 1481 3532 ἐμνημόνευσα,
1509 3461 1574 3513 δι’
1597 3452 1659 3513 οῦ
1687 3461 1716 3512 ὁ
1749 3460 1934 3523 Ἠλίας

358 3557 596 3627 ἐτράφη.
647 3553 807 3607 Ἀλλὰ
841 3553 1017 3608 καίτοι
1047 3554 1106 3606 ἐν
1141 3552 1274 3604 πᾶσι
1309 3554 1419 3614 τοῖς
1462 3549 1641 3614 ἄλλοις
1678 3549 1934 3620 πειθόμε-

360 3665 461 3713 νοι,
498 3649 592 3700 καὶ
614 3645 1007 3710 ἐκθειάζοντες,
1030 3645 1130 3696 οὐκ
1157 3642 1398 3695 ἐθέλουσι
1429 3641 1712 3695 πείθεσθαι
1742 3643 1800 3695 ἐν
1822 3643 1934 3703 τοῖς

358 3742 493 3813 περὶ
538 3739 633 3793 σοῦ
679 3737 1013 3810 λεγομένοις.
1065 3736 1163 3789 Ἐκ
1192 3735 1300 3805 γάρ
1346 3737 1446 3805 τῆς
1490 3733 1795 3805 ὑπερϐολῆς
1826 3731 1934 3786 τῶν

358 3830 730 3902 πεπλημμελη
740 3830 911 3899 μένων
973 3844 1056 3881 σοι
1116 3827 1210 3881 καὶ
1271 3824 1776 3897 πλημμελουμένων
1833 3821 1933 3894 τὴν

358 3923 615 3979 ἐναντίαν
670 3921 895 3991 φέρουσι
940 3919 1120 3989 ψῆφον
1143 3957 1159 3983 ,
1191 3917 1253 3971 οὐ
1287 3920 1397 3980 τοῖς
1448 3915 1763 3987 λεγομένοις
1803 3916 1934 3986 παρ’

359 4013 523 4086 ἐμοῦ,
543 4012 680 4068 ἀλλά
706 4015 819 4076 τοῖς
844 4010 1241 4083 πραττομένοις
1260 4009 1411 4080 παρά
1436 4007 1531 4062 σοῦ
1557 4008 1933 4078 προσέχοντες,

360 4105 453 4159 καὶ
480 4105 578 4166 τὰς
609 4101 962 4173 παραινέσεις
990 4099 1388 4169 ἀποσειόμενοι.
1422 4097 1562 4152 Ἀλλ’
1587 4092 1655 4162 ὦ,
1681 4096 1734 4150 τί
1759 4113 1818 4150 σε
1838 4114 1937 4150 κα-

359 4195 526 4257 λέσας
577 4190 944 4264 προσάψωμαι
977 4190 1071 4244 καὶ
1120 4190 1220 4258 τῆς
1250 4189 1538 4260 άληθείας;
1582 4187 1646 4242 Τί
1674 4187 1731 4241 δὲ
1764 4185 1935 4241 εἰπὼν

361 4284 658 4352 ἀπαλλάξω
701 4300 761 4337 σε
791 4283 892 4353 τῆς
935 4282 1164 4354 μανίας;
1201 4280 1352 4335 Τίδέ
1382 4279 1601 4353 γράψας
1638 4270 1832 4333 παύσω
1873 4296 1933 4332 σε

359 4378 461 4449 τῆς
484 4372 798 4443 ἀσελγείαςς
823 4371 858 4443 ἢ
880 4371 1127 4426 πέπαυσο
1152 4369 1379 4424 τοιαῦτα
1405 4368 1570 4442 δρῶν,
1596 4367 1631 4439 ἢ
1656 4368 1755 4441 τῆς
1782 4369 1936 4439 ἱερᾶς

2037 3192 2439 3260 injustissimos,
2455 3191 2601 3245 illum
2634 3192 2853 3261 quidem
2875 3192 3305 3247 benedictionem
3328 3188 3578 3259 proferen
3596 3215 3613 3227 -

2040 3290 2168 3347 tem,
2200 3283 2343 3336 hunc
2363 3283 2528 3336 etiam
2579 3283 3019 3352 prophetautem.
3049 3281 3343 3337 Memoravi
3388 3290 3443 3335 et
3488 3295 3612 3334 cor-

2035 3388 2159 3425 vum
2195 3386 2346 3425 avem
2381 3372 2670 3440 impuram,
2708 3371 2881 3441 pullos
2913 3371 3039 3426 odio
3095 3370 3408 3435 habentem,
3442 3384 3609 3440 aqua

2039 3463 2181 3516 Elias
2209 3462 2259 3514 in
2290 3459 2510 3515 deserto
2553 3461 2821 3515 alebatur.
2856 3459 2961 3515 Sed
2990 3459 3111 3514 aliis
3158 3459 3409 3514 omnibus
3448 3458 3610 3513 rebus

2035 3552 2262 3618 assensi,
2293 3550 2643 3621 religionique
2683 3552 2961 3615 ducentes,
2987 3551 3040 3604 in
3087 3550 3173 3604 bis
3223 3559 3407 3603 tamen
3462 3550 3528 3604 de
3556 3560 3606 3603 te

2034 3642 2287 3698 assentiri
2324 3650 2669 3698 recusarunt.
2698 3641 2744 3694 A
2769 3642 2923 3711 capia
2953 3640 3099 3695 enim
3149 3639 3480 3709 ﬂagitiorum
3507 3640 3605 3694 ahs

2036 3733 2543 3799 tecommissorum,
2582 3747 2811 3803 qumque
2841 3734 2895 3787 in
2952 3732 3070 3788 dies
3112 3731 3306 3787 delicta
3337 3730 3604 3795 admittis,

2037 3826 2088 3881 in
2108 3824 2437 3880 contrarium
2466 3825 2646 3879 ferunt
2691 3824 3042 3892 sententiam,
3072 3838 3180 3879 non
3218 3824 3285 3878 iis
3312 3837 3433 3893 quae
3461 3838 3491 3876 a
3516 3836 3604 3876 me

2037 3917 2311 3983 dicuntur,
2331 3917 2423 3972 sed
2449 3930 2571 3986 qua:
2594 3931 2624 3970 a
2655 3924 2709 3971 te
2737 3916 3175 3983 committuntur,
3208 3914 3400 3970 intenti
3428 3914 3609 3968 admo-

2037 4009 2268 4065 nitiones
2293 4008 2453 4062 etiam
2492 4002 2861 4078 repudiautes.
2890 4005 2997 4063 Sed
3050 4008 3181 4077 quid
3209 4016 3262 4062 te
3308 4016 3609 4069 vocans,et

2038 4098 2320 4153 adhaerebo
2342 4096 2578 4154 veritati.
2604 4095 2744 4163 Quid
2773 4097 2959 4152 dicens
2991 4095 3060 4151 ab
3082 4096 3321 4150 amentia
3356 4093 3604 4149 liberabo

2037 4189 2122 4244 te?
2150 4188 2285 4254 Quid
2314 4188 2562 4244 scribens
2584 4203 2616 4243 a
2639 4187 2863 4242 libidine
2882 4197 2939 4241 et
2969 4185 3284 4257 impuritate
3320 4194 3372 4240 te
3418 4185 3600 4239 vindi-

2038 4278 2211 4335 cabo?
2244 4279 2327 4333 vel
2349 4280 2474 4334 talia
2505 4279 2844 4334 committere
2860 4277 3069 4345 desine,
3092 4277 3175 4332 vel
3199 4293 3229 4332 ιι
3256 4272 3416 4332 sacra
3453 4291 3607 4331 men-

2038 4387 2096 4426 sa
2146 4371 2387 4438 discede,
2421 4383 2482 4428 ut
2539 4381 2654 4427 tuto
2688 4373 2923 4442 denique
2976 4371 3234 4427 Ecclesia:
3281 4371 3484 4424 alumni
3540 4371 3609 4425 ad

362 4465 647 4538 τραπέζης
689 4462 885 4517 σαυτὸν
923 4459 1184 4532 χὼρισον·
1215 4459 1282 4514 ἶν’
1322 4459 1494 4523 ἀδεῶς
1537 4458 1724 4512 λοιπὸν
1755 4460 1806 4512 oi.
1835 4458 1935 4530 τῆς

2040 4480 2194 4522 sacra
2221 4465 2483 4522 accedant
2511 4467 2792 4537 mysteria,
2822 4467 2943 4522 sine
2986 4466 3183 4536 quibus
3210 4464 3443 4520 salutem
3471 4477 3606 4518 con-

376 4556 706 4626 Ἐκκλησίας
734 4554 992 4625 τρόφιμοι
1017 4554 1130 4617 τοῖς
1158 4551 1324 4616 θείοις
1367 4550 1778 4623 προσέρχωνται
1829 4567 1934 4622 μυ-

369 4644 634 4717 στηρίοις,
666 4637 742 4697 ὧν
768 4643 896 4697 ἄνευ
928 4640 1165 4711 σωθῆναι
1194 4638 1291 4710 οὐχ
1317 4635 1428 4693 οἷόν
1455 4656 1537 4694 τε.

2040 4558 2193 4628 sequi
2226 4565 2519 4628 nequeant.

1491 4818 1727 4876 VARIIE
1768 4817 2147 4878 LECTIONES
2187 4819 2272 4875 ET
2313 4818 2544 4877 NOTJE.

445 4980 559 5052 (64)
601 4976 1102 5052 Ἀπολογησάμενος
1132 4974 1291 5052 ambo
1325 4968 1480 5030 cedd.
1527 4977 1581 5030 in
1630 4973 1810 5029 futuro
1844 4989 1937 5043 po-

372 5047 647 5127 nuntuscri
655 5058 839 5127 bentes
853 5047 1361 5127 ίάπολογησόμενοςτ

443 5123 556 5196 (65)
585 5120 956 5196 MtUOtégcyov
982 5111 1233 5196 πέηὶιοῦ.
1281 5117 1447 5196 Aliter
1475 5111 1934 5196 μισοτέκγουςτιρ.

372 5180 580 5263 Plinius
601 5193 697 5263 lib.
732 5190 993 5263 xuNatur.
1019 5180 1187 5249 Ηίέι..
1212 5201 1332 5255 cap.
1364 5186 1450 5252 12,
1475 5180 1742 5263 decorvis
1769 5200 1786 5262 :_
1814 5180 1935 5234 Pel-

387 5260 658 5319 luntnidt's
690 5259 883 5331 puilor,
908 5275 970 5315 ac
998 5268 1170 5314 vetare
1205 5267 1429 5326 cogunt;
1478 5256 1567 5322 qui
1605 5263 1652 5307 et
1688 5256 1786 5321 ipsi
1835 5266 1937 5305 non

2042 4989 2199 5028 carne
2224 4984 2421 5028 tantum
2449 4974 2689 5038 aluntur,
2711 4974 2800 5028 sed
2824 4974 3059 5028 robustos
3080 4987 3280 5042 quoque
3300 4970 3470 5042 [actos
3486 4989 3610 5028 sua:

2042 5044 2229 5113 fugant
2277 5045 2506 5113 longius.
2556 5046 2621 5100 Et
2664 5058 2788 5100 mox
2843 5058 2860 5098 :
2914 5045 3107 5113 singuli
3152 5053 3397 5113 perpetuo
3437 5043 3612 5096 volam

2040 5111 2299 5182 genitore:
2350 5111 2516 5167 iaboli
2564 5115 2677 5168 loco
2718 5114 2925 5168 cedunt.
2972 5111 3250 5182 Plura'e;
3288 5111 3511 5182 Aristot.
3556 5122 3613 5165 et

2042 5178 2263 5239 Eliano
2293 5182 2379 5239 Jo.
2410 5181 2639 5240 Bochius
2667 5184 2736 5238 ad
2762 5184 2898 5253 psal.
2927 5198 3085 5241 cxcvn
3117 5184 3170 5238 in
3218 5180 3344 5259 ﬁne.
3364 5178 3606 5237 Suro".
