4110 6382
400 337 532 408 1681

1837 349 2239 422 ALLOQUIA.

3525 353 3664 420 1582

397 473 552 528 ματι·
614 455 1074 530 Ἐνανθρωπήσας
1113 461 1141 511 ὁ
1187 459 1280 512 τοῦ
1325 460 1459 514 Θεοῦ
1509 459 1682 532 Λὸγος
1735 463 1966 536 μεγάληι

2083 475 2228 520 ctum
2268 465 2430 522 homo
2467 465 2558 522 Dei
2592 465 2850 535 Verbum,
2887 481 3137 538 magnam
3166 467 3396 538 gratiam
3428 471 3653 538 prmhutt
3703 535 3712 546 ,

393 549 556 619 χάριν
582 547 826 619 παρέσχε
847 552 960 612 τοῖς
988 549 1372 615 πιστεύσασιν,
1389 553 1470 616 εἰς
1490 553 1652 608 αὐτὸν
1684 555 1974 610 πιστεύουο

395 651 502 688 σιν.
517 635 738 702 Ἔξεστι
767 636 876 708 γὰρ
898 636 992 690 καὶ
1015 636 1111 692 νῦν
1140 639 1450 707 πιστεῦσαι,
1471 641 1562 698 καὶ
1577 641 1846 716 ἄρξασθαι
1867 645 1977 700 ἀπὸ

391 721 494 792 τῆς
513 723 771 794 σήμερον,
800 724 896 779 ἐὰν
920 723 1183 795 θέλωμεν’
1204 727 1398 798 ὅτιτῆς
1425 731 1798 801 προαιρέσεως
1814 734 1974 806 ἡμῶν

391 813 666 884 ποθούσης
683 854 697 878 .
729 819 822 869 καὶ
855 817 952 886 τῆς
983 817 1204 888 χάριτος
1227 820 1568 891 ἐνεργούσης
1599 821 1779 889 ἔξεστι
1811 825 1974 878 παντὶ

393 902 706 974 βουλομένῳ
746 904 892 974 ἔχειν
921 905 992 969 ὼς
1033 907 1187 960 οὐδὲν
1219 907 1394 962 πάντα
1439 909 1530 965 τὸν
1583 912 1808 982 κόσμον.
1861 915 1974 968 Καὶ

391 994 698 1063 ἐλάμϐανεν
741 998 794 1050 ετ
819 1014 870 1050 τι
899 995 1172 1068 εὕρισκεν,
1206 999 1316 1052 εἴτε
1346 999 1564 1072 κάρφος
1577 1003 1686 1058 εἴτε
1719 1007 1906 1077 ῥάκος,
1937 1008 1971 1080 ἢ

389 1085 518 1140 ἄλλο
539 1103 591 1140 τι
622 1086 836 1152 εὐτελὲς
857 1129 872 1156 ,
903 1089 994 1142 καὶ
1019 1089 1172 1160 ἔλεγε
1189 1105 1204 1122 ο
1240 1091 1337 1156 Τίς
1359 1092 1448 1148 διὰ
1473 1094 1632 1150 τοῦτο
1667 1099 1901 1170 μάχεται
1936 1101 1970 1174 ἢ

393 1176 712 1244 φιλονεικεῖ,
744 1178 776 1250 ἢ
813 1185 1164 1252 μνησικακεῖ,
1194 1182 1526 1254 ἧθλίϐεται,
1557 1187 1606 1240 εἰ
1636 1188 1710 1259 μή
1743 1189 1827 1254 τίς
1854 1192 1972 1246 ἐστι

389 1271 512 1324 κατ’
536 1271 798 1341 ἀλήθειαν
825 1273 1098 1340 ἀπολέσας
1127 1276 1221 1329 τὸν
1240 1277 1394 1346 νοῦν;
1421 1278 1620 1334 οὐκοῦν
1643 1283 1972 1352 προκόπτων

389 1363 484 1415 καὶ
511 1363 826 1434 προϐαίνων
863 1367 893 1420 ὁ
921 1366 1016 1419 τοῦ
1045 1367 1180 1422 Θεοῦ
1212 1368 1498 1440 ἄνθρωπος
1523 1371 1636 1444 ἔχει
1674 1375 1853 1438 πάντα
1880 1377 1972 1432 τὸν

389 1455 593 1527 κόσμον
636 1457 720 1522 ὡς
756 1459 818 1512 τὸ
869 1460 1081 1532 κάρφος
1108 1459 1300 1528 τοῦτο,
1335 1463 1438 1518 κᾶν
1481 1463 1581 1538 ἔχῃ
1623 1467 1746 1522 ὅλον
1783 1468 1967 1524 αὐτόν’

388 1549 483 1606 καὶ
509 1549 640 1621 γὰρ,
663 1551 740 1616 ὡς
763 1551 927 1622 λέγω,
953 1555 1014 1606 οὐ
1041 1555 1101 1608 τὺ
1115 1554 1260 1626 ἔχειν
1276 1556 1524 1628 βλάπτει,
1557 1559 1694 1615 ἀλλὰ
1714 1561 1776 1616 τὸ
1804 1579 1974 1634 προσ-

391 1640 580 1708 παθῶς
613 1642 778 1714 ἔχειν.
807 1645 902 1710 Τίς
929 1647 1032 1702 οὐκ
1059 1645 1198 1702 οἶδεν
1224 1649 1307 1704 ὅτι
1358 1651 1690 1724 τιμιώτερόν
1730 1655 1878 1710 ἐστιν
1911 1655 1972 1722 ἐξ

387 1725 464 1785 ὧν
495 1737 717 1789 πάντων
757 1736 1000 1808 ετχομεν,
1040 1740 1100 1792 rb
1139 1739 1330 1810 σῶμα;
1366 1743 1490 1807 Πῶς
1519 1739 1613 1798 οὖν
1647 1747 1842 1819 καιροῦ
1871 1766 1966 1804 κα-

2085 555 2333 611 iidclibus
2359 556 2417 610 in
2454 555 2631 626 ipsum
2661 557 3031 614 credentibus.
3059 557 3214 614 Licet
3241 559 3388 613 enim
3415 568 3471 614 ct
3513 577 3656 616 nunc

2079 647 2332 715 credere;
2378 657 2432 703 et
2466 648 2536 705 ab
2574 649 2677 704 hac
2703 649 2790 705 die
2820 648 3078 720 incipere,
3128 649 3174 705 si
3223 650 3472 706 velimus.
3517 649 3656 706 Nam

2077 737 2306 792 arbitrio
2345 745 2534 792 nostro
2586 738 2932 794 desiderante
2979 747 3034 794 et
3076 739 3253 809 gratia
3302 741 3410 794 vim
3467 741 3654 810 dante,

2077 831 2204 886 licet
2239 829 2413 886 cuivis
2441 828 2637 886 volenti
2673 836 2844 886 totum
2893 831 3151 886 mundum
3193 846 3292 902 pro
3342 832 3513 888 nihilo
3557 834 3656 888 ha-

2075 923 2224 977 bere.
2268 921 2337 978 Et
2369 923 2618 992 capiebat
2647 922 2702 977 in
2748 937 2966 977 manum
3000 923 3262 994 quidquid
3298 925 3529 996 primum
3559 939 3656 980 oc-

2075 1023 2345 1082 curreret,
2387 1024 2516 1085 puta
2561 1015 2852 1082 festucam,
2895 1017 3142 1072 centonis
3191 1017 3505 1084 frustulum,
3563 1026 3659 1072 aut

2074 1105 2178 1160 vile
2202 1105 2476 1176 quidpiam
2508 1107 2814 1163 istiusmodi
2849 1125 2864 1162 :
2894 1119 2948 1162 et
2973 1109 3188 1164 dicebat
3217 1128 3229 1164 :
3261 1108 3394 1176 Quis
3435 1119 3660 1180 propter

2073 1200 2176 1255 hoc
2223 1207 2448 1272 pugnat,
2495 1209 2590 1256 aut
2633 1199 2936 1266 contendit,
2983 1211 3076 1257 aut
3121 1201 3366 1257 infensus
3420 1202 3512 1256 ulli
3549 1211 3654 1267 est,

2072 1299 2167 1346 aut
2194 1291 2430 1362 angitur,
2463 1292 2564 1347 nisi
2610 1293 2701 1362 qui
2733 1307 2861 1348 vere
2907 1285 3066 1348 usum
3103 1293 3330 1349 rationis
3373 1293 3658 1350 amiserit?

2072 1381 2240 1452 Igitur
2262 1383 2616 1456 progrediens
2645 1395 2700 1440 et
2725 1385 3018 1456 proficiens
3043 1386 3094 1440 in
3120 1385 3202 1439 via
3227 1385 3464 1456 Spiritus
3495 1386 3658 1440 homo

2074 1477 2370 1532 Deitotum
2406 1479 2686 1542 mundum,
2709 1477 2810 1533 etsi
2845 1477 3157 1533 universum
3199 1477 3494 1547 possideat,
3549 1493 3654 1530 non

2074 1568 2267 1641 majori
2296 1568 2530 1625 restituat
2562 1569 2736 1638 pretio
2767 1583 2932 1640 quam
2977 1568 3237 1624 festucam
3272 1568 3433 1622 hanc.
3468 1567 3658 1622 Enim-

2071 1677 2225 1729 vero,
2253 1661 2407 1730 juxta
2457 1676 2634 1716 meam
2680 1661 3030 1726 sententiam,
3067 1659 3118 1714 id
3159 1660 3302 1729 quod
3337 1657 3658 1730 perfectioni

2077 1753 2172 1810 Dei
2207 1768 2496 1810 servorum
2563 1761 2740 1818 nocet,
2792 1767 2897 1808 non
2951 1760 3060 1816 est,
3106 1750 3340 1818 trahere;
3397 1751 3492 1806 sed
3536 1763 3658 1805 cum

385 1825 605 1890 λοῦντος
633 1831 1092 1900 προστετάγμεθα
1119 1838 1516 1907 καταφρονεῖν;
1548 1838 1662 1892 Καὶ
1687 1817 1784 1894 ἐάν
1803 1841 1966 1897 αὐτοῦ

2077 1848 2388 1904 adhaesione
2411 1846 2636 1902 allectus
2679 1817 2902 1902 habere.
2931 1844 3065 1914 Quis
3097 1845 3272 1900 nescit
3312 1859 3492 1900 rerum
3523 1857 3659 1912 quas
3719 1857 3729 1877 ι

384 1917 480 1972 τοῦ
525 1920 807 1990 σώματος,
840 1921 1022 1994 πολλῷ
1077 1925 1278 1994 μᾶλλον
1329 1929 1426 1982 καὶ
1477 1929 1587 1984 τῶν
1628 1931 1808 1998 ἐκτός.
1859 1933 1973 1989 Καὶ

383 2003 661 2094 ἐμέμνητο
683 2007 778 2061 τοῦ
806 2009 1039 2080 ἀδελφοῦ
1073 2012 1288 2085 ἔχοντος
1317 2016 1384 2072 τά
1412 2016 1644 2090 λάχανα,
1675 2023 1772 2078 καὶ
1791 2023 1968 2094 ἔλεγε·

381 2093 474 2165 Μὴ
501 2095 609 2166 γὰρ
631 2096 732 2148 οὐκ
754 2097 1030 2168 ἔσπειρεν,
1057 2103 1158 2156 οὐκ
1183 2105 1504 2173 ἐκοπίασεν,
1528 2109 1630 2163 οὐκ
1652 2093 1968 2181 ἐφύτευσεν,

379 2185 482 2238 οὐκ
504 2187 912 2260 ἐφιλοκάλησεν,
940 2193 1015 2264 μὴ
1045 2193 1403 2267 ὲξεῤῥίζωσεν
1433 2199 1573 2255 αὐτὰ
1606 2203 1698 2258 καὶ
1723 2203 1968 2277 ἔρριψεν·

378 2277 497 2332 ἀλλ’
525 2281 675 2350 ὅμως
703 2279 850 2354 εἶχεν
877 2285 1016 2340 αὐτὰ
1039 2287 1116 2352 ὡς
1143 2290 1219 2360 μὴ
1273 2289 1436 2361 ἔχωνο
1477 2293 1671 2365 ἀμέλει
1701 2296 1791 2350 ὅτε
1823 2315 1970 2370 παρ-

379 2370 606 2429 έϐαλλεν
633 2376 662 2428 ὁ
691 2377 871 2448 γέρων
902 2378 1194 2450 δοκιμάσαι
1227 2381 1398 2438 θέλων
1423 2385 1606 2440 αὐτόν·
1637 2390 1734 2444 καὶ
1765 2390 1970 2462 ἦρξατο

379 2463 688 2533 συντρίϐειν
752 2466 915 2531 αὐτὰ,
949 2468 1070 2524 οὐδὲ
1104 2469 1356 2544 ἐλογίσθη
1390 2473 1550 2528 αὐτά·
1582 2475 1678 2530 καὶ
1715 2477 1808 2532 ὅτε
1862 2479 1969 2533 άπ-

2075 1938 2342 1995 habemus
2363 1939 2604 1994 omnium
2635 1936 3089 2007 pretiosissimum
3121 1935 3421 1990 existimari
3458 1949 3658 2004 corpus

2073 2031 2270 2100 Cuique
2308 2031 2503 2086 suum?
2525 2033 2606 2086 An
2647 2045 2754 2085 non
2791 2039 2968 2084 tamen
2995 2027 3049 2084 in
3078 2027 3248 2083 certis
3275 2027 3658 2082 occasionlbus

2071 2122 2448 2192 praescribitur
2475 2121 2632 2178 nobis
2662 2121 2793 2176 illud
2824 2119 3214 2176 contemnere?
3243 2118 3399 2186 Quod
3433 2117 3478 2173 si
3509 2117 3657 2188 peri-

2071 2217 2194 2274 Culu
2241 2215 2512 2272 interdum
2579 2229 2646 2271 ac
2696 2229 2852 2270 norre
2908 2212 3255 2285 praecipimur
3307 2225 3504 2282 corpus
3569 2225 3658 2266 no-

2072 2319 2244 2364 strum
2285 2307 2554 2376 objicere,
2609 2315 2815 2376 quanto
2868 2305 3043 2376 magis
3090 2319 3178 2360 res
3229 2301 3530 2360 externas?
3577 2301 3658 2357 Ae

2072 2400 2411 2454 memorabat
2440 2398 2493 2454 in
2545 2398 2596 2453 id
2627 2397 2962 2468 propositum
2997 2395 3303 2466 exemplum
3342 2393 3527 2450 fratris
3560 2407 3658 2450 cu-

2061 2489 2278 2560 jusdam
2315 2491 2394 2546 sic
2433 2491 2687 2548 habentis
2727 2493 2878 2548 olera
2911 2500 2969 2548 ut
2997 2492 3134 2548 liber
3175 2493 3243 2548 ab
3284 2489 3478 2549 affectu
3525 2505 3656 2562 erga

259 2633 266 2639 ι
376 2552 400 2604 ἐ
413 2571 596 2622 μεινεν
617 2555 714 2626 μία
731 2557 877 2628 ῥίζα,
897 2559 1016 2624 τοτε
1035 2557 1191 2614 εἶπεν
1217 2561 1387 2634 αὐτῷ·
1407 2563 1531 2619 Ἐὰν
1549 2564 1730 2638 θέλῃς,
1758 2568 1962 2642 Πάτερ,

2067 2599 2131 2639 ea
2165 2584 2326 2656 plane
2359 2585 2520 2641 l'oret.
2572 2585 2784 2642 Habere
2813 2585 2964 2642 illum
2991 2586 3137 2643 olera
3189 2585 3372 2657 Itt‘gttt'i
3404 2601 3508 2639 non
3555 2600 3654 2656 po-

378 2644 518 2714 ἄφες
542 2647 696 2711 αὐτὸ,
721 2650 815 2702 καὶ
845 2652 1110 2722 ποιοῦμεν
1139 2655 1219 2718 είς
1247 2654 1380 2708 αὐτὸ
1399 2655 1644 2729 ἀγάπην,
1677 2658 1798 2712 τότε
1821 2659 1964 2730 ἔγνω

2070 2686 2241 2744 terat;
2282 2691 2350 2731 an
2382 2692 2488 2733 non
2523 2677 2669 2734 enim
2715 2692 2781 2734 ea
2819 2688 3054 2744 several,
3086 2677 3358 2735 laboriose
3399 2678 3656 2750 irrigare-

373 2739 403 2792 ὁ
437 2739 612 2807 ἅγιος·
646 2741 728 2796 ὅτι
760 2743 947 2809 δοῦλος
973 2746 1068 2800 τοῦ
1104 2746 1238 2801 Θεοῦ
1272 2748 1426 2817 ἐστι,
1451 2749 1548 2804 καὶ
1577 2751 1697 2822 οὐχὶ
1728 2752 1836 2806 τῶν
1866 2753 1964 2808 λα-

2069 2776 2174 2835 rat,
2200 2783 2331 2822 cura
2364 2769 2533 2824 multa
2571 2780 2916 2840 promoverat
2956 2769 3008 2824 in
3041 2771 3276 2826 virorem
3327 2769 3568 2825 adultum
3599 2779 3654 2826 et

373 2831 578 2903 χὰνων·
609 2835 704 2888 καὶ
724 2834 878 2906 λέγει
900 2837 1070 2908 αὐτῷ·
1090 2838 1504 2894 Ἀναπέπαυται
1533 2841 1596 2896 τὸ
1616 2841 1841 2915 Πνεῦμα
1868 2843 1962 2898 τοῦ

2068 2859 2283 2930 plenam
2314 2860 2688 2916 habitudinem
2717 2863 2742 2916 ?
2767 2871 3023 2918 caeterum
3066 2877 3134 2918 an
3171 2877 3277 2918 non
3315 2862 3456 2918 idem
3499 2862 3654 2917 evul-

373 2925 510 2980 Θεοῦ
549 2927 643 2980 ἐπὶ
684 2928 779 2995 σε,
812 2929 1029 2999 ἀδελφέ.
1067 2931 1132 2984 Ei
1161 2930 1221 2984 δὲ
1255 2933 1591 3004 προσπαθῶς
1623 2929 1735 3006 εἷχε
1769 2937 1837 2990 τὰ
1864 2937 1964 2992 λά-

2068 2951 2142 3006 sit
2175 2953 2318 3008 ultro
2373 2952 2561 3008 eadem
2607 2968 2672 3008 ac
2716 2953 2964 3024 projecit,
3001 2968 3126 3010 cum
3179 2955 3233 3010 id
3283 2954 3398 3010 ﬁeri
3442 2953 3656 3010 decuit?

372 3035 552 3088 χανα,
585 3019 890 3076 ὲδεικνύετο
923 3021 1129 3088 εὐθέως
1169 3023 1258 3081 διὰ
1303 3025 1366 3080 τὸ
1413 3025 1699 3081 θλίϐεσθαι
1730 3029 1828 3082 καὶ
1861 3045 1961 3083 τα-

2068 3040 2331 3098 Nimirum
2367 3043 2448 3099 sic
2480 3019 2732 3100 habebat
2753 3019 2826 3101 ea.
2851 3046 3006 3116 quasi
3053 3061 3159 3102 non
3198 3046 3423 3102 haberet
3451 3064 3464 3100 :
3497 3053 3660 3118 prout

375 3110 701 3181 ράσσεσθαιο
729 3112 844 3166 ἀλλ’
883 3113 1083 3180 ἔδειξεν
1113 3117 1194 3170 ὅτι
1240 3113 1355 3188 εἶχε
1386 3118 1528 3172 αὐτὰ
1569 3119 1646 3184 ὡς
1677 3121 1751 3192 μὴ
1795 3121 1958 3193 ἔχων.

2068 3137 2319 3203 apparuit
2366 3139 2586 3206 quando
2633 3139 2912 3208 ingressus
2954 3141 3167 3194 hortum
3221 3154 3384 3193 senex
3439 3137 3556 3208 ejus
3601 3139 3654 3194 in

372 3202 485 3256 Kal
517 3201 708 3271 ἔλεγεν
733 3205 814 3258 ὅτι
857 3206 1210 3276 σημειοῦνται
1237 3210 1304 3263 τὰ
1333 3211 1558 3265 τοιαῦτα
1585 3214 1633 3266 oi
1667 3212 1922 3286 δαίμονες
1945 3233 1961 3248 ’

2073 3201 2276 3296 spiritu
2321 3201 2604 3298 magister,
2637 3201 2822 3286 volens
2868 3231 3117 3301 discipuli
3171 3231 3506 3302 propositum
3553 3245 3656 3286 ex-

373 3291 472 3348 καὶ
508 3295 602 3348 ἐὰν
626 3294 778 3350 ἴδωσί
807 3314 931 3350 τινα
959 3297 1332 3370 ἁπροσπαθῶς
1367 3301 1561 3372 ἔχοντα
1603 3305 1686 3369 είς
1717 3307 1788 3361 τὰ
1814 3309 1960 3380 πρά-

2070 3313 2304 3382 plorare,
2350 3317 2519 3385 erepit
2550 3319 2871 3374 conculcare
2909 3333 2973 3374 ac
3007 3329 3294 3375 conterere
3339 3319 3488 3389 ipsa,
3536 3319 3656 3374 nul-

372 3400 563 3454 γματα
599 3385 689 3440 διὰ
715 3387 776 3440 τὸ
809 3388 884 3459 μὴ
923 3389 1313 3460 ταράττεσθαι,
1347 3394 1716 3462 γινώσκουσιν
1749 3397 1834 3451 ὅτι
1864 3393 1960 3454 οὗ·

2068 3405 2178 3459 lum
2217 3405 2420 3461 doloris
2466 3407 2683 3478 signum
2718 3408 3006 3464 ltortulano
3049 3412 3282 3476 edente,
3316 3413 3399 3467 sic
3428 3427 3656 3482 prorsus

371 3493 466 3540 τος
498 3479 600 3548 μὲν
641 3483 938 3551 περιπατεῖ
966 3481 1026 3536 ὲν
1063 3484 1129 3555 τῇ
1159 3485 1267 3556 γῇο
1317 3485 1418 3540 οὐκ
1455 3485 1571 3558 ἔχει
1597 3488 1657 3543 δὲ
1701 3491 1960 3564 φρόνημα

2071 3508 2324 3567 tanquam
2355 3498 2488 3554 nihil
2519 3501 2587 3554 ad
2621 3501 2796 3571 ipsum
2825 3501 2879 3556 id
2903 3509 3195 3572 spectaret.
3228 3503 3366 3570 Quin
3406 3479 3658 3559 animad-

371 3569 620 3638 ἐπίγειον
652 3573 711 3624 ὲν
741 3573 944 3646 ἑαυτῷ.

2068 3601 2285 3648 vertens
2331 3591 2588 3647 omissam
2641 3607 2671 3646 a
2729 3591 2872 3649 ίοεεο
2920 3594 3168 3649 vastandi
3229 3609 3360 3650 sene
3411 3603 3656 3650 teneram

371 3679 536 3718 unant
569 3666 740 3722 caulis
765 3667 1026 3736 plantam,
1058 3670 1175 3736 Vis,
1215 3671 1314 3740 ait,
1341 3671 1524 3742 Pater,
1552 3683 1608 3732 et
1668 3675 1812 3734 hanc
1876 3679 2213 3748 excidamus,
2237 3692 2294 3740 et
2353 3701 2653 3754 coquamus
2694 3701 2815 3740 eam
2887 3685 2942 3740 in
2973 3700 3186 3742 cmnain
3233 3686 3474 3756 hospiti?
3501 3681 3658 3740 Tunc

369 3765 598 3812 sanctus
630 3757 720 3812 ille
759 3759 1024 3852 magister
1063 3765 1286 3835 agnovit
1312 3765 1567 3836 juvenem
1609 3773 1941 3829 monachum
1984 3773 2076 3830 Dei
2117 3792 2338 3833 servum
2418 3793 2560 3845 esse,
2608 3793 2713 3834 non
2790 3788 2971 3836 autem
3002 3778 3210 3836 olerum
3243 3799 3256 3836 :
3301 3787 3358 3836 et
3388 3779 3528 3834 dixit
3559 3778 3652 3836 ei:

371 3847 660 3920 Requievit
691 3847 928 3924 Spiritus
958 3856 1054 3913 Dei
1082 3872 1247 3929 super
1307 3870 1385 3928 te,
1425 3861 1616 3921 frater.
1649 3863 1752 3921 Hic
1791 3865 1839 3922 si
1888 3867 2085 3925 aEectu
2131 3872 2416 3929 devinctus
2491 3873 2730 3930 oleribus
2778 3872 2990 3942 fuisset,
3059 3875 3113 3929 id
3165 3873 3495 3930 ostendisset
3541 3881 3654 3928 sta-

369 4138 623 4195 monibus
654 4158 670 4196 :
698 4155 900 4213 eosque
931 4143 1021 4201 ubi
1066 4147 1304 4206 viderint
1369 4151 1658 4222 quemdam
1709 4154 2080 4216 declarantem
2110 4157 2256 4216 haud
2292 4176 2354 4217 se
2416 4159 2614 4216 alfectu
2639 4159 2922 4216 adhaerere
2969 4158 3132 4214 rebus
3205 4173 3340 4227 quas
3391 4153 3653 4226 possidet,

369 4229 498 4283 dum
531 4247 722 4288 earum
746 4234 1020 4303 jacturam
1053 4253 1250 4295 sereno
1287 4248 1345 4296 et
1382 4242 1780 4314 imperturbata
1823 4249 2027 4319 patitur
2092 4250 2297 4317 animo,
2369 4251 2694 4323 intelligere,
2735 4251 2898 4306 talem
2959 4249 3042 4306 sic
3075 4249 3126 4303 in
3162 4259 3305 4304 terra
3339 4245 3650 4312 ambulare,

369 4333 432 4378 ut
459 4332 638 4380 tamen
673 4335 888 4382 terrena
917 4342 1025 4382 non
1055 4331 1250 4399 sapiat.

441 4415 518 4476 B’.
578 4415 778 4486 Ἔλεγε
821 4415 987 4471 πάλιν
1033 4419 1118 4473 ὃτι
1163 4421 1335 4492 ὁρμαὶ
1383 4425 1762 4498 προαιρέσεὼν
1808 4429 1949 4483 sior

2128 4426 2194 4485 ll.
2235 4427 2374 4483 dixit
2421 4441 2613 4485 rursus
2642 4427 2894 4485 Zosimas
2921 4463 2938 4491 ν
2968 4427 3378 4500 Propositorum
3415 4430 3650 4502 impetus

367 4508 464 4562 καὶ
496 4507 720 4564 δύναται
747 4511 1068 4583 προαίρεσις
1101 4511 1280 4585 θερμὴ
1304 4515 1363 4570 ἒν
1395 4517 1496 4588 μιᾷ
1522 4517 1643 4590 ὥρᾳ
1685 4521 1950 4592 προσενὲο

2068 4520 2276 4592 quidam
2305 4529 2452 4586 sunt,
2487 4521 2646 4592 queis
2697 4536 2761 4578 ea
2793 4520 3263 4577 discriminantur.
3302 4521 3649 4594 Propositum

366 4617 502 4668 γκαι
531 4600 613 4672 τῷ
639 4600 760 4673 εὶεῷ
787 4601 932 4674 άπερ
959 4604 1020 4658 οὐ
1048 4607 1374 4680 προσφέρει·
1407 4608 1520 4662 ἀλλ’
1559 4610 1594 4682 ἡ
1627 4613 1952 4686 προαίρεσις

2068 4612 2342 4668 incitatum
2389 4623 2445 4668 et
2475 4612 2694 4668 fervens
2738 4628 2847 4668 una
2887 4613 3018 4668 hora
3063 4611 3185 4682 plus
3227 4623 3406 4682 potest
3449 4613 3650 4670 uﬂ‘crre

367 4689 554 4760 νωθρὰ
583 4686 721 4744 οῦσα
748 4692 850 4746 οὐκ
878 4693 1114 4764 ἐνεργεῖ.

2068 4703 2170 4760 Deo
2198 4719 2361 4776 quam
2403 4719 2460 4760 re
2500 4705 2614 4777 ipsa
2644 4703 2872 4771 oll‘erat;
2922 4713 2979 4760 et
3025 4719 3137 4760 rem
3171 4706 3436 4762 exhibens
3482 4721 3650 4762 unam

367 4793 424 4838 et
465 4786 754 4851 modicam,
835 4788 1066 4855 plurium
1117 4799 1172 4846 et
1247 4808 1564 4863 magnarum
1641 4799 1894 4854 meritum
1971 4800 2192 4856 lucrari.
2233 4798 2279 4854 Ε
2322 4800 2598 4856 contrario
2649 4799 2984 4870 propositum
3072 4799 3285 4870 pigrum
3337 4809 3393 4854 et
3432 4797 3685 4872 langui-~

367 4879 519 4944 dum,
552 4895 618 4936 ne
635 4882 695 4960 _id
735 4884 949 4954 quidem
993 4885 1104 4956 agit
1137 4889 1279 4957 quod
1343 4891 1557 4946 videtur
1591 4907 1776 4964 agere,
1851 4894 2090 4952 invalido
2157 4905 2214 4952 et
2257 4895 2409 4966 segni
2491 4904 2640 4952 motu
2679 4911 2784 4951 non
2848 4895 3164 4966 pertingens
3209 4909 3383 4968 usque
3428 4897 3497 4952 ad
3529 4894 3650 4967 pla-

367 4974 596 5027 cendum
631 4973 758 5028 Deo.

366 4974 596 5027 centium
631 4974 758 5028 Deo.

442 5065 554 5120 Καὶ
595 5067 690 5119 ἐὰν
741 5069 928 5124 ίδωσιν
974 5071 1025 5124 οἱ
1072 5069 1332 5144 δαίμονες
1393 5075 1476 5130 ὄτι
1508 5077 1742 5152 ὑϐρίσθη
1793 5097 1876 5146 τις
1918 5082 1952 5153 ἢ

363 5157 672 5228 ἡτιμάσθη,
702 5159 736 5231 ἢ
760 5161 1040 5235 ἐζημιώθη
1059 5203 1074 5228 ,
1098 5165 1132 5236 ἢ
1161 5167 1269 5220 πᾶν
1291 5167 1472 5222 ὁτιοῦν
1493 5168 1662 5226 ἔπαθε
1679 5212 1694 5237 ,
1721 5173 1816 5228 καὶ
1846 5173 1959 5228 θλέ-

2135 5081 2194 5139 Si
2224 5081 2459 5138 viderint
2489 5083 2763 5138 daemones
2809 5080 3120 5152 quempiam
3163 5091 3257 5135 aut
3289 5079 3508 5152 injuria,
3551 5090 3647 5138 aut

2061 5173 2414 5238 contumelia,
2456 5183 2548 5228 aut
2577 5172 2775 5228 damno
2831 5171 3107 5239 alfecturn,
3138 5171 3222 5228 vel
3258 5173 3403 5227 aliud
3444 5172 3642 5228 malum

365 5250 522 5304 ϐεται
547 5291 562 5314 ,
593 5253 692 5322 οὐχ
735 5253 820 5306 ὅτι
862 5253 1034 5308 ἔπαθε
1073 5259 1292 5327 κακῶς,
1340 5261 1458 5316 ἀλλ’
1485 5263 1568 5317 ὅτι
1613 5265 1713 5318 οὐκ
1746 5265 1949 5338 ἡνεγκε

365 5343 632 5411 γενναίως
664 5344 762 5414 τὴν
790 5346 1047 5420 τοιαύτην
1089 5351 1289 5422 ὁρμὴν,
1342 5353 1639 5424 φοϐοῦνται
1673 5359 1724 5410 οἱ
1766 5358 1957 5428 δαίμο-

365 5449 476 5496 νες·
506 5435 836 5502 γινώσκουσι
883 5437 992 5510 γάρ
1022 5439 1104 5494 ὅτι
1135 5441 1314 5514 ἥψατο
1356 5445 1457 5516 τῆς
1515 5446 1636 5500 ὀδοῦ
1678 5446 1778 5518 τῆς
1823 5448 1956 5519 άλη-

368 5525 556 5590 θείας,
610 5529 705 5582 ml
749 5527 998 5600 βούλεται
1047 5538 1371 5605 περιπατεῖν
1419 5538 1562 5593 κατὰ
1593 5539 1692 5604 τάς
1735 5539 1957 5606 ἐντολὰς

368 5618 464 5672 τοῦ
501 5617 658 5674 Θεοῦ⁸
703 5622 802 5678 καὶ
841 5623 1121 5694 ἐμέμνητο
1157 5627 1250 5680 τοῦ
1295 5629 1454 5697 ἁγίου
1509 5631 1807 5701 Παχωμίου
1864 5633 1955 5686 ὅτε

368 5709 709 5780 κατέκραξεν
737 5713 766 5766 ὁ
807 5713 1035 5784 ἀδελφὸς
1073 5716 1239 5770 αὑτοῦ
1268 5717 1296 5770 ὁ
1333 5719 1533 5788 μείζων
1573 5721 1769 5790 λέγων·
1809 5721 1952 5776 Παῦ-

373 5816 463 5856 σαι
509 5802 784 5876 πέρπερος
823 5805 898 5861 ὢν
934 5807 1198 5864 πλατῦναι
1247 5810 1417 5866 θέλων
1457 5813 1517 5864 τὸ
1561 5792 1947 5886 ελοναστήριον,

2059 5265 2424 5333 quodcunque
2468 5278 2684 5333 passum
2718 5263 2852 5332 :qui
2894 5264 3162 5330 tristetur,
3206 5281 3313 5320 non
3370 5266 3494 5337 quia
3545 5267 3646 5322 im-

2059 5355 2255 5410 merito
2283 5355 2338 5410 id
2373 5355 2498 5410 mali
2549 5370 2746 5427 passus
2791 5365 2918 5422 est,
2951 5357 3046 5413 sed
3089 5357 3232 5428 quod
3269 5356 3318 5410 id
3349 5359 3644 5427 qualecun-

2057 5459 2165 5518 que
2191 5447 2596 5504 incommodum
2623 5463 2728 5504 non
2757 5448 2941 5505 tulerit
2964 5463 3261 5518 generose:
3290 5449 3451 5505 talem
3485 5450 3643 5506 istius

2057 5550 2264 5594 motum
2319 5538 2488 5596 animi
2559 5539 2835 5597 daemones
2898 5539 3276 5597 reformidant.
3330 5538 3642 5611 lntelligunt

2053 5633 2198 5686 enim
2232 5631 2370 5689 hunc
2405 5641 2592 5688 tenere
2625 5635 2770 5686 viam
2811 5632 3080 5698 veritatis,
3123 5641 3181 5687 et
3215 5633 3351 5688 velle
3385 5632 3647 5690 incedere

2047 5720 2200 5790 juxta
2239 5725 2494 5778 mandata
2529 5723 2663 5778 Dei:
2694 5723 2891 5794 quippe
2929 5723 3021 5792 qui
3059 5723 3367 5780 meminerit
3403 5722 3644 5793 exempli

2055 5813 2166 5870 dati
2213 5828 2243 5869 a
2281 5823 2472 5871 sancto
2520 5813 2834 5883 Pachomio,
2870 5814 2921 5869 id
2972 5813 3258 5872 imitando.
3307 5815 3446 5872 Cum
3489 5816 3646 5871 cuba
