  <div class='ocr_page' id='page_1' title='image "/cluster/home/n/w/nwhite01/storage/ocr_20150623/78/coo.31924054869791/849.png"; bbox 0 0 4110 6438; ppageno 0'>
   <div class='ocr_carea' id='block_1_1' title="bbox 431 357 570 422">
    <p class='ocr_par' dir='ltr' id='par_1_1' title="bbox 431 357 570 422">
     <span class='ocr_line' id='line_1_1' title="bbox 431 357 570 422; baseline 0.022 -3"><span class='ocrx_word' id='word_1_1' title='bbox 431 357 570 422; x_wconf 79' lang='grc'><strong>1683</strong></span> 
     </span>
    </p>
   </div>
   <div class='ocr_carea' id='block_1_2' title="bbox 1769 357 2416 422">
    <p class='ocr_par' dir='ltr' id='par_1_2' title="bbox 1769 357 2416 422">
     <span class='ocr_line' id='line_1_2' title="bbox 1769 357 2416 422; baseline -0.009 -1"><span class='ocrx_word' id='word_1_2' title='bbox 1769 357 2064 422; x_wconf 70' lang='grc' dir='ltr'><strong>ΖΟΞΙΜίΕ</strong></span> <span class='ocrx_word' id='word_1_3' title='bbox 2101 359 2364 418; x_wconf 80' lang='lat' dir='ltr'><strong>ABBATl</strong></span> <span class='ocrx_word' id='word_1_4' title='bbox 2377 358 2416 416; x_wconf 63' lang='grc' dir='ltr'><strong>,ἶ</strong></span> 
     </span>
    </p>
   </div>
   <div class='ocr_carea' id='block_1_3' title="bbox 3538 348 3668 418">
    <p class='ocr_par' dir='ltr' id='par_1_3' title="bbox 3538 348 3668 418">
     <span class='ocr_line' id='line_1_3' title="bbox 3538 348 3668 418; baseline 0.008 -3"><span class='ocrx_word' id='word_1_5' title='bbox 3538 348 3668 418; x_wconf 70' lang='grc'>1684</span> 
     </span>
    </p>
   </div>
   <div class='ocr_carea' id='block_1_4' title="bbox 421 465 2024 547">
    <p class='ocr_par' dir='ltr' id='par_1_4' title="bbox 421 470 1999 547">
     <span class='ocr_line' id='line_1_4' title="bbox 421 470 1999 547; baseline 0.001 -17"><span class='ocrx_word' id='word_1_6' title='bbox 421 485 671 532; x_wconf 85' lang='lat' dir='ltr'><strong>sanctum</strong></span> <span class='ocrx_word' id='word_1_7' title='bbox 720 475 870 530; x_wconf 90' lang='lat' dir='ltr'><strong>illum</strong></span> <span class='ocrx_word' id='word_1_8' title='bbox 917 477 1250 547; x_wconf 83' lang='lat' dir='ltr'><strong>increpasset</strong></span> <span class='ocrx_word' id='word_1_9' title='bbox 1295 473 1464 531; x_wconf 77' lang='lat' dir='ltr'><strong>frater</strong></span> <span class='ocrx_word' id='word_1_10' title='bbox 1514 474 1632 544; x_wconf 85' lang='lat' dir='ltr'><strong>ejus</strong></span> <span class='ocrx_word' id='word_1_11' title='bbox 1676 470 1868 543; x_wconf 85' lang='lat' dir='ltr'><strong>major,</strong></span> <span class='ocrx_word' id='word_1_12' title='bbox 1918 474 1999 531; x_wconf 90' lang='lat' dir='ltr'><strong>di-</strong></span> 
     </span>
    </p>
   </div>
   <div class='ocr_carea' id='block_1_5' title="bbox 2126 465 3670 547">
    <p class='ocr_par' dir='ltr' id='par_1_5' title="bbox 2126 465 3670 540">
     <span class='ocr_line' id='line_1_5' title="bbox 2126 465 3670 540; baseline -0.004 -13"><span class='ocrx_word' id='word_1_13' title='bbox 2126 474 2188 527; x_wconf 72' lang='grc' dir='ltr'><strong>ἱιὰ</strong></span> <span class='ocrx_word' id='word_1_14' title='bbox 2219 474 2312 526; x_wconf 82' lang='grc' dir='ltr'><strong>τὸν</strong></span> <span class='ocrx_word' id='word_1_15' title='bbox 2341 470 2528 526; x_wconf 85' lang='grc' dir='ltr'>θεόθεν</span> <span class='ocrx_word' id='word_1_16' title='bbox 2582 468 2732 540; x_wconf 78' lang='grc' dir='ltr'><strong>αύτῷ</strong></span> <span class='ocrx_word' id='word_1_17' title='bbox 2766 466 2988 522; x_wconf 84' lang='grc' dir='ltr'>δοθέντα</span> <span class='ocrx_word' id='word_1_18' title='bbox 3017 465 3285 538; x_wconf 79' lang='grc' dir='ltr'>χρησμόν·</span> <span class='ocrx_word' id='word_1_19' title='bbox 3317 465 3465 530; x_wconf 82' lang='grc' dir='ltr'>ὅστις</span> <span class='ocrx_word' id='word_1_20' title='bbox 3507 466 3670 522; x_wconf 74' lang='grc' dir='ltr'>ἀκού-</span> 
     </span>
    </p>
   </div>
   <div class='ocr_carea' id='block_1_6' title="bbox 421 565 1998 638">
    <p class='ocr_par' dir='ltr' id='par_1_6' title="bbox 421 565 1998 638">
     <span class='ocr_line' id='line_1_6' title="bbox 421 565 1998 638; baseline -0.002 -16"><span class='ocrx_word' id='word_1_21' title='bbox 421 583 554 622; x_wconf 87' lang='lat' dir='ltr'><strong>cens</strong></span> <span class='ocrx_word' id='word_1_22' title='bbox 587 585 601 621; x_wconf 90' lang='lat'><strong>:</strong></span> <span class='ocrx_word' id='word_1_23' title='bbox 634 567 829 622; x_wconf 90' lang='lat' dir='ltr'><strong>Desine</strong></span> <span class='ocrx_word' id='word_1_24' title='bbox 873 582 1155 637; x_wconf 84' lang='lat' dir='ltr'><strong>perperam</strong></span> <span class='ocrx_word' id='word_1_25' title='bbox 1199 582 1362 638; x_wconf 80' lang='lat' dir='ltr'><strong>agere</strong></span> <span class='ocrx_word' id='word_1_26' title='bbox 1409 565 1684 621; x_wconf 76' lang='lat' dir='ltr'><strong>dilatando</strong></span> <span class='ocrx_word' id='word_1_27' title='bbox 1725 575 1998 621; x_wconf 85' lang='lat' dir='ltr'><strong>monaste-</strong></span> 
     </span>
    </p>
   </div>
   <div class='ocr_carea' id='block_1_7' title="bbox 426 654 1999 727">
    <p class='ocr_par' dir='ltr' id='par_1_7' title="bbox 426 654 1999 727">
     <span class='ocr_line' id='line_1_7' title="bbox 426 654 1999 727; baseline 0.002 -19"><span class='ocrx_word' id='word_1_28' title='bbox 426 655 594 727; x_wconf 89' lang='lat' dir='ltr'><strong>rium(</strong></span> <span class='ocrx_word' id='word_1_29' title='bbox 626 654 726 712; x_wconf 86' lang='lat' dir='ltr'><strong>hoc</strong></span> <span class='ocrx_word' id='word_1_30' title='bbox 748 665 927 710; x_wconf 88' lang='lat' dir='ltr'><strong>autem</strong></span> <span class='ocrx_word' id='word_1_31' title='bbox 952 655 1277 711; x_wconf 68' lang='lat' dir='ltr'><strong>PaL-homins</strong></span> <span class='ocrx_word' id='word_1_32' title='bbox 1305 657 1503 724; x_wconf 83' lang='lat' dir='ltr'><strong>agebat</strong></span> <span class='ocrx_word' id='word_1_33' title='bbox 1521 655 1828 724; x_wconf 87' lang='lat' dir='ltr'><strong>obsequens</strong></span> <span class='ocrx_word' id='word_1_34' title='bbox 1851 658 1999 712; x_wconf 86' lang='lat' dir='ltr'><strong>edito</strong></span> 
     </span>
    </p>
   </div>
   <div class='ocr_carea' id='block_1_8' title="bbox 426 745 2000 820">
    <p class='ocr_par' dir='ltr' id='par_1_8' title="bbox 426 745 2000 820">
     <span class='ocr_line' id='line_1_8' title="bbox 426 745 2000 820; baseline 0.001 -21"><span class='ocrx_word' id='word_1_35' title='bbox 426 745 532 799; x_wconf 89' lang='lat' dir='ltr'><strong>sibi</strong></span> <span class='ocrx_word' id='word_1_36' title='bbox 560 745 818 800; x_wconf 78' lang='lat' dir='ltr'><strong>divinitus</strong></span> <span class='ocrx_word' id='word_1_37' title='bbox 853 745 1126 820; x_wconf 87' lang='lat' dir='ltr'><strong>oraculo),</strong></span> <span class='ocrx_word' id='word_1_38' title='bbox 1161 747 1243 803; x_wconf 87' lang='lat' dir='ltr'><strong>his</strong></span> <span class='ocrx_word' id='word_1_39' title='bbox 1283 761 1444 816; x_wconf 88' lang='lat' dir='ltr'><strong>porro</strong></span> <span class='ocrx_word' id='word_1_40' title='bbox 1485 747 1564 800; x_wconf 87' lang='lat' dir='ltr'><strong>vir</strong></span> <span class='ocrx_word' id='word_1_41' title='bbox 1597 757 1817 802; x_wconf 88' lang='lat' dir='ltr'><strong>sanctus</strong></span> <span class='ocrx_word' id='word_1_42' title='bbox 1849 748 2000 802; x_wconf 84' lang='lat' dir='ltr'><strong>audi-</strong></span> 
     </span>
    </p>
   </div>
   <div class='ocr_carea' id='block_1_9' title="bbox 427 836 2002 908">
    <p class='ocr_par' dir='ltr' id='par_1_9' title="bbox 427 836 2002 908">
     <span class='ocr_line' id='line_1_9' title="bbox 427 836 2002 908; baseline 0.003 -20"><span class='ocrx_word' id='word_1_43' title='bbox 427 837 519 901; x_wconf 90' lang='lat' dir='ltr'><strong>tis,</strong></span> <span class='ocrx_word' id='word_1_44' title='bbox 559 845 735 890; x_wconf 88' lang='lat' dir='ltr'><strong>motus</strong></span> <span class='ocrx_word' id='word_1_45' title='bbox 764 836 988 892; x_wconf 89' lang='lat' dir='ltr'><strong>interius</strong></span> <span class='ocrx_word' id='word_1_46' title='bbox 1032 847 1117 892; x_wconf 87' lang='lat' dir='ltr'><strong>est</strong></span> <span class='ocrx_word' id='word_1_47' title='bbox 1167 837 1537 907; x_wconf 82' lang='lat' dir='ltr'><strong>indignatione</strong></span> <span class='ocrx_word' id='word_1_48' title='bbox 1583 852 1744 906; x_wconf 90' lang='lat' dir='ltr'><strong>quam</strong></span> <span class='ocrx_word' id='word_1_49' title='bbox 1777 839 2002 908; x_wconf 88' lang='lat' dir='ltr'><strong>putabat</strong></span> 
     </span>
    </p>
   </div>
   <div class='ocr_carea' id='block_1_10' title="bbox 428 927 2000 999">
    <p class='ocr_par' dir='ltr' id='par_1_10' title="bbox 428 927 2000 999">
     <span class='ocr_line' id='line_1_10' title="bbox 428 927 2000 999; baseline 0.003 -20"><span class='ocrx_word' id='word_1_50' title='bbox 428 928 644 991; x_wconf 85' lang='lat' dir='ltr'><strong>bonam,</strong></span> <span class='ocrx_word' id='word_1_51' title='bbox 681 927 812 980; x_wconf 85' lang='lat' dir='ltr'><strong>nihil</strong></span> <span class='ocrx_word' id='word_1_52' title='bbox 838 936 1018 983; x_wconf 89' lang='lat' dir='ltr'><strong>tamen</strong></span> <span class='ocrx_word' id='word_1_53' title='bbox 1049 939 1238 982; x_wconf 90' lang='lat' dir='ltr'><strong>contra</strong></span> <span class='ocrx_word' id='word_1_54' title='bbox 1283 929 1539 997; x_wconf 86' lang='lat' dir='ltr'><strong>reposuit.</strong></span> <span class='ocrx_word' id='word_1_55' title='bbox 1577 930 1684 984; x_wconf 86' lang='lat' dir='ltr'><strong>Sed</strong></span> <span class='ocrx_word' id='word_1_56' title='bbox 1721 939 2000 999; x_wconf 76' lang='lat' dir='ltr'><strong>postquam</strong></span> 
     </span>
    </p>
   </div>
   <div class='ocr_carea' id='block_1_11' title="bbox 427 1014 2000 1088">
    <p class='ocr_par' dir='ltr' id='par_1_11' title="bbox 427 1014 2000 1088">
     <span class='ocr_line' id='line_1_11' title="bbox 427 1014 2000 1088; baseline 0.004 -20"><span class='ocrx_word' id='word_1_57' title='bbox 427 1014 499 1069; x_wconf 88' lang='lat' dir='ltr'><strong>ab</strong></span> <span class='ocrx_word' id='word_1_58' title='bbox 545 1015 634 1069; x_wconf 89' lang='lat' dir='ltr'><strong>illa</strong></span> <span class='ocrx_word' id='word_1_59' title='bbox 687 1015 876 1070; x_wconf 88' lang='lat' dir='ltr'><strong>intima</strong></span> <span class='ocrx_word' id='word_1_60' title='bbox 907 1016 986 1070; x_wconf 89' lang='lat' dir='ltr'><strong>ira</strong></span> <span class='ocrx_word' id='word_1_61' title='bbox 1041 1032 1134 1072; x_wconf 91' lang='lat' dir='ltr'><strong>cor</strong></span> <span class='ocrx_word' id='word_1_62' title='bbox 1177 1034 1334 1074; x_wconf 89' lang='lat' dir='ltr'><strong>suum</strong></span> <span class='ocrx_word' id='word_1_63' title='bbox 1372 1029 1722 1075; x_wconf 69' lang='lat' dir='ltr'><strong>revocasset:</strong></span> <span class='ocrx_word' id='word_1_64' title='bbox 1756 1020 2000 1088; x_wconf 83' lang='lat' dir='ltr'><strong>sequenti</strong></span> 
     </span>
    </p>
   </div>
   <div class='ocr_carea' id='block_1_12' title="bbox 433 1108 2004 1177">
    <p class='ocr_par' dir='ltr' id='par_1_12' title="bbox 433 1108 2004 1177">
     <span class='ocr_line' id='line_1_12' title="bbox 433 1108 2004 1177; baseline 0.004 -16"><span class='ocrx_word' id='word_1_65' title='bbox 433 1118 594 1163; x_wconf 78' lang='lat' dir='ltr'><strong>nocte</strong></span> <span class='ocrx_word' id='word_1_66' title='bbox 643 1108 698 1163; x_wconf 89' lang='lat' dir='ltr'><strong>in</strong></span> <span class='ocrx_word' id='word_1_67' title='bbox 746 1119 1014 1165; x_wconf 90' lang='lat' dir='ltr'><strong>secretum</strong></span> <span class='ocrx_word' id='word_1_68' title='bbox 1069 1111 1425 1166; x_wconf 87' lang='lat' dir='ltr'><strong>oratoriolum</strong></span> <span class='ocrx_word' id='word_1_69' title='bbox 1467 1111 1822 1177; x_wconf 87' lang='lat' dir='ltr'><strong>descendens,</strong></span> <span class='ocrx_word' id='word_1_70' title='bbox 1873 1109 2004 1167; x_wconf 82' lang='lat' dir='ltr'><strong>ﬂere</strong></span> 
     </span>
    </p>
   </div>
   <div class='ocr_carea' id='block_1_13' title="bbox 431 1200 2006 1270">
    <p class='ocr_par' dir='ltr' id='par_1_13' title="bbox 431 1200 2006 1270">
     <span class='ocr_line' id='line_1_13' title="bbox 431 1200 2006 1270; baseline 0.001 -14"><span class='ocrx_word' id='word_1_71' title='bbox 431 1200 596 1270; x_wconf 73' lang='lat' dir='ltr'><strong>cwpit</strong></span> <span class='ocrx_word' id='word_1_72' title='bbox 623 1209 680 1255; x_wconf 91' lang='lat' dir='ltr'><strong>et</strong></span> <span class='ocrx_word' id='word_1_73' title='bbox 733 1215 898 1256; x_wconf 87' lang='lat' dir='ltr'><strong>orans</strong></span> <span class='ocrx_word' id='word_1_74' title='bbox 949 1201 1088 1256; x_wconf 86' lang='lat' dir='ltr'><strong>dixit</strong></span> <span class='ocrx_word' id='word_1_75' title='bbox 1136 1217 1149 1255; x_wconf 91' lang='lat'><strong>:</strong></span> <span class='ocrx_word' id='word_1_76' title='bbox 1197 1201 1241 1258; x_wconf 91' lang='grc' dir='ltr'>Ο</span> <span class='ocrx_word' id='word_1_77' title='bbox 1295 1201 1456 1266; x_wconf 76' lang='lat' dir='ltr'><strong>Deus,</strong></span> <span class='ocrx_word' id='word_1_78' title='bbox 1513 1201 1757 1258; x_wconf 84' lang='lat' dir='ltr'><strong>carnales</strong></span> <span class='ocrx_word' id='word_1_79' title='bbox 1813 1216 2006 1258; x_wconf 67' lang='lat' dir='ltr'><strong>sensus</strong></span> 
     </span>
    </p>
   </div>
   <div class='ocr_carea' id='block_1_14' title="bbox 431 1291 2004 1350">
    <p class='ocr_par' dir='ltr' id='par_1_14' title="bbox 431 1291 2004 1350">
     <span class='ocr_line' id='line_1_14' title="bbox 431 1291 2004 1350; baseline 0.002 -7"><span class='ocrx_word' id='word_1_80' title='bbox 431 1291 610 1347; x_wconf 89' lang='lat' dir='ltr'><strong>adhuc</strong></span> <span class='ocrx_word' id='word_1_81' title='bbox 640 1291 693 1346; x_wconf 91' lang='lat' dir='ltr'><strong>in</strong></span> <span class='ocrx_word' id='word_1_82' title='bbox 737 1306 821 1347; x_wconf 86' lang='lat' dir='ltr'><strong>me</strong></span> <span class='ocrx_word' id='word_1_83' title='bbox 865 1301 990 1348; x_wconf 89' lang='lat' dir='ltr'><strong>sunt</strong></span> <span class='ocrx_word' id='word_1_84' title='bbox 1017 1303 1032 1345; x_wconf 90' lang='lat'><strong>:</strong></span> <span class='ocrx_word' id='word_1_85' title='bbox 1063 1291 1235 1346; x_wconf 87' lang='lat' dir='ltr'><strong>adhuc</strong></span> <span class='ocrx_word' id='word_1_86' title='bbox 1265 1292 1558 1349; x_wconf 84' lang='lat' dir='ltr'><strong>secundum</strong></span> <span class='ocrx_word' id='word_1_87' title='bbox 1599 1308 1817 1347; x_wconf 90' lang='lat' dir='ltr'><strong>carnem</strong></span> <span class='ocrx_word' id='word_1_88' title='bbox 1843 1293 2004 1350; x_wconf 80' lang='lat' dir='ltr'><strong>vivo:</strong></span> 
     </span>
    </p>
   </div>
   <div class='ocr_carea' id='block_1_15' title="bbox 431 1381 2010 1454">
    <p class='ocr_par' dir='ltr' id='par_1_15' title="bbox 431 1381 2010 1454">
     <span class='ocr_line' id='line_1_15' title="bbox 431 1381 2010 1454; baseline 0.001 -18"><span class='ocrx_word' id='word_1_89' title='bbox 431 1398 514 1437; x_wconf 66' lang='lat' dir='ltr'><strong>va:</strong></span> <span class='ocrx_word' id='word_1_90' title='bbox 553 1381 706 1448; x_wconf 87' lang='lat' dir='ltr'><strong>mihi,</strong></span> <span class='ocrx_word' id='word_1_91' title='bbox 745 1383 946 1437; x_wconf 89' lang='lat' dir='ltr'><strong>moriar</strong></span> <span class='ocrx_word' id='word_1_92' title='bbox 985 1384 1152 1451; x_wconf 90' lang='lat' dir='ltr'><strong>enim,</strong></span> <span class='ocrx_word' id='word_1_93' title='bbox 1199 1384 1340 1439; x_wconf 84' lang='lat' dir='ltr'><strong>sicut</strong></span> <span class='ocrx_word' id='word_1_94' title='bbox 1385 1384 1647 1454; x_wconf 86' lang='lat' dir='ltr'><strong>scriptum</strong></span> <span class='ocrx_word' id='word_1_95' title='bbox 1695 1391 1780 1439; x_wconf 89' lang='lat' dir='ltr'><strong>est</strong></span> <span class='ocrx_word' id='word_1_96' title='bbox 1804 1385 1844 1437; x_wconf 79' lang='grc'><strong>⁸.</strong></span> <span class='ocrx_word' id='word_1_97' title='bbox 1881 1382 2010 1440; x_wconf 86' lang='lat' dir='ltr'><strong>Post</strong></span> 
     </span>
    </p>
   </div>
   <div class='ocr_carea' id='block_1_16' title="bbox 434 1476 2013 1547">
    <p class='ocr_par' dir='ltr' id='par_1_16' title="bbox 434 1476 2013 1547">
     <span class='ocr_line' id='line_1_16' title="bbox 434 1476 2013 1547; baseline 0.003 -19"><span class='ocrx_word' id='word_1_98' title='bbox 434 1484 546 1529; x_wconf 90' lang='lat' dir='ltr'><strong>tam</strong></span> <span class='ocrx_word' id='word_1_99' title='bbox 599 1476 906 1530; x_wconf 88' lang='lat' dir='ltr'><strong>diuturnam</strong></span> <span class='ocrx_word' id='word_1_100' title='bbox 964 1476 1412 1532; x_wconf 82' lang='lat' dir='ltr'><strong>exercitationem</strong></span> <span class='ocrx_word' id='word_1_101' title='bbox 1470 1479 1594 1532; x_wconf 61' lang='lat' dir='ltr'><strong>vitae</strong></span> <span class='ocrx_word' id='word_1_102' title='bbox 1646 1476 1910 1547; x_wconf 68' lang='lat' dir='ltr'><strong>religiosae</strong></span> <span class='ocrx_word' id='word_1_103' title='bbox 1957 1485 2013 1532; x_wconf 84' lang='lat' dir='ltr'><strong>et</strong></span> 
     </span>
    </p>
   </div>
   <div class='ocr_carea' id='block_1_17' title="bbox 433 1563 2008 1634">
    <p class='ocr_par' dir='ltr' id='par_1_17' title="bbox 433 1563 2008 1634">
     <span class='ocr_line' id='line_1_17' title="bbox 433 1563 2008 1634; baseline -0.001 -14"><span class='ocrx_word' id='word_1_104' title='bbox 433 1565 882 1634; x_wconf 67' lang='lat' dir='ltr'><strong>praeparationem</strong></span> <span class='ocrx_word' id='word_1_105' title='bbox 936 1563 1138 1628; x_wconf 88' lang='lat' dir='ltr'><strong>cordis,</strong></span> <span class='ocrx_word' id='word_1_106' title='bbox 1187 1565 1428 1629; x_wconf 89' lang='lat' dir='ltr'><strong>ahripior</strong></span> <span class='ocrx_word' id='word_1_107' title='bbox 1478 1565 1656 1620; x_wconf 89' lang='lat' dir='ltr'><strong>adhuc</strong></span> <span class='ocrx_word' id='word_1_108' title='bbox 1704 1565 2008 1630; x_wconf 86' lang='lat' dir='ltr'><strong>iracundia,</strong></span> 
     </span>
    </p>
   </div>
   <div class='ocr_carea' id='block_1_18' title="bbox 437 1654 2012 1725">
    <p class='ocr_par' dir='ltr' id='par_1_18' title="bbox 437 1654 2012 1725">
     <span class='ocr_line' id='line_1_18' title="bbox 437 1654 2012 1725; baseline 0.002 -18"><span class='ocrx_word' id='word_1_109' title='bbox 437 1663 708 1722; x_wconf 86' lang='lat' dir='ltr'><strong>utcunque</strong></span> <span class='ocrx_word' id='word_1_110' title='bbox 734 1655 784 1707; x_wconf 92' lang='lat' dir='ltr'><strong>id</strong></span> <span class='ocrx_word' id='word_1_111' title='bbox 815 1654 885 1708; x_wconf 90' lang='lat' dir='ltr'><strong>sit</strong></span> <span class='ocrx_word' id='word_1_112' title='bbox 910 1655 963 1708; x_wconf 92' lang='lat' dir='ltr'><strong>in</strong></span> <span class='ocrx_word' id='word_1_113' title='bbox 995 1669 1052 1710; x_wconf 89' lang='lat' dir='ltr'><strong>re</strong></span> <span class='ocrx_word' id='word_1_114' title='bbox 1081 1657 1240 1712; x_wconf 87' lang='lat' dir='ltr'><strong>bona.</strong></span> <span class='ocrx_word' id='word_1_115' title='bbox 1266 1654 1525 1711; x_wconf 81' lang='lat' dir='ltr'><strong>Miserere</strong></span> <span class='ocrx_word' id='word_1_116' title='bbox 1549 1657 1650 1710; x_wconf 84' lang='lat' dir='ltr'><strong>mei</strong></span> <span class='ocrx_word' id='word_1_117' title='bbox 1678 1670 1742 1711; x_wconf 86' lang='lat' dir='ltr'><strong>ne</strong></span> <span class='ocrx_word' id='word_1_118' title='bbox 1773 1671 2012 1725; x_wconf 87' lang='lat' dir='ltr'><strong>peream,</strong></span> 
     </span>
    </p>
   </div>
   <div class='ocr_carea' id='block_1_19' title="bbox 437 1741 2010 1815">
    <p class='ocr_par' dir='ltr' id='par_1_19' title="bbox 437 1741 2010 1815">
     <span class='ocr_line' id='line_1_19' title="bbox 437 1741 2010 1815; baseline 0.003 -20"><span class='ocrx_word' id='word_1_119' title='bbox 437 1741 688 1798; x_wconf 80' lang='lat' dir='ltr'><strong>Domine.</strong></span> <span class='ocrx_word' id='word_1_120' title='bbox 721 1743 777 1797; x_wconf 89' lang='lat' dir='ltr'><strong>Si</strong></span> <span class='ocrx_word' id='word_1_121' title='bbox 809 1743 950 1799; x_wconf 88' lang='lat' dir='ltr'><strong>enim</strong></span> <span class='ocrx_word' id='word_1_122' title='bbox 986 1745 1254 1800; x_wconf 82' lang='lat' dir='ltr'><strong>invenerit</strong></span> <span class='ocrx_word' id='word_1_123' title='bbox 1287 1747 1341 1799; x_wconf 92' lang='lat' dir='ltr'><strong>in</strong></span> <span class='ocrx_word' id='word_1_124' title='bbox 1379 1755 1706 1815; x_wconf 79' lang='lat' dir='ltr'><strong>mepartetn</strong></span> <span class='ocrx_word' id='word_1_125' title='bbox 1739 1746 2010 1810; x_wconf 88' lang='lat' dir='ltr'><strong>inimicus,</strong></span> 
     </span>
    </p>
   </div>
   <div class='ocr_carea' id='block_1_20' title="bbox 438 1836 2002 1906">
    <p class='ocr_par' dir='ltr' id='par_1_20' title="bbox 438 1836 2002 1906">
     <span class='ocr_line' id='line_1_20' title="bbox 438 1836 2002 1906; baseline 0.001 -17"><span class='ocrx_word' id='word_1_126' title='bbox 438 1851 565 1890; x_wconf 80' lang='lat' dir='ltr'><strong>mox</strong></span> <span class='ocrx_word' id='word_1_127' title='bbox 601 1850 746 1903; x_wconf 83' lang='lat' dir='ltr'><strong>mox,</strong></span> <span class='ocrx_word' id='word_1_128' title='bbox 805 1836 906 1890; x_wconf 90' lang='lat' dir='ltr'><strong>nisi</strong></span> <span class='ocrx_word' id='word_1_129' title='bbox 953 1851 1040 1891; x_wconf 92' lang='lat' dir='ltr'><strong>me</strong></span> <span class='ocrx_word' id='word_1_130' title='bbox 1088 1837 1435 1902; x_wconf 82' lang='lat' dir='ltr'><strong>stabiliveris,</strong></span> <span class='ocrx_word' id='word_1_131' title='bbox 1469 1839 1818 1892; x_wconf 82' lang='lat' dir='ltr'><strong>succumbam</strong></span> <span class='ocrx_word' id='word_1_132' title='bbox 1871 1839 2002 1906; x_wconf 85' lang='lat' dir='ltr'><strong>ipsi,</strong></span> 
     </span>
    </p>
   </div>
   <div class='ocr_carea' id='block_1_21' title="bbox 439 1923 2005 1998">
    <p class='ocr_par' dir='ltr' id='par_1_21' title="bbox 439 1923 2005 1998">
     <span class='ocr_line' id='line_1_21' title="bbox 439 1923 2005 1998; baseline 0.003 -20"><span class='ocrx_word' id='word_1_133' title='bbox 439 1923 674 1994; x_wconf 79' lang='lat' dir='ltr'><strong>ﬁamque</strong></span> <span class='ocrx_word' id='word_1_134' title='bbox 706 1925 951 1994; x_wconf 90' lang='lat' dir='ltr'><strong>captivus</strong></span> <span class='ocrx_word' id='word_1_135' title='bbox 982 1925 1118 1994; x_wconf 86' lang='lat' dir='ltr'><strong>ejus.</strong></span> <span class='ocrx_word' id='word_1_136' title='bbox 1152 1926 1266 1980; x_wconf 89' lang='lat' dir='ltr'><strong>Etsi</strong></span> <span class='ocrx_word' id='word_1_137' title='bbox 1302 1927 1446 1980; x_wconf 86' lang='lat' dir='ltr'><strong>enim</strong></span> <span class='ocrx_word' id='word_1_138' title='bbox 1489 1927 1660 1998; x_wconf 80' lang='lat' dir='ltr'><strong>legem</strong></span> <span class='ocrx_word' id='word_1_139' title='bbox 1697 1929 2005 1983; x_wconf 78' lang='lat' dir='ltr'><strong>universam</strong></span> 
     </span>
    </p>
   </div>
   <div class='ocr_carea' id='block_1_22' title="bbox 439 2013 2011 2086">
    <p class='ocr_par' dir='ltr' id='par_1_22' title="bbox 439 2013 2011 2086">
     <span class='ocr_line' id='line_1_22' title="bbox 439 2013 2011 2086; baseline 0.002 -16"><span class='ocrx_word' id='word_1_140' title='bbox 439 2013 810 2070; x_wconf 85' lang='lat' dir='ltr'><strong>observaverit</strong></span> <span class='ocrx_word' id='word_1_141' title='bbox 847 2015 1151 2086; x_wconf 84' lang='lat' dir='ltr'><strong>quispiam,</strong></span> <span class='ocrx_word' id='word_1_142' title='bbox 1204 2017 1482 2086; x_wconf 85' lang='lat' dir='ltr'><strong>delinquat</strong></span> <span class='ocrx_word' id='word_1_143' title='bbox 1525 2029 1706 2073; x_wconf 88' lang='lat' dir='ltr'><strong>autem</strong></span> <span class='ocrx_word' id='word_1_144' title='bbox 1761 2019 1812 2072; x_wconf 92' lang='lat' dir='ltr'><strong>in</strong></span> <span class='ocrx_word' id='word_1_145' title='bbox 1867 2035 2011 2084; x_wconf 91' lang='lat' dir='ltr'><strong>uno,</strong></span> 
     </span>
    </p>
   </div>
   <div class='ocr_carea' id='block_1_23' title="bbox 440 2105 2010 2178">
    <p class='ocr_par' dir='ltr' id='par_1_23' title="bbox 440 2105 2010 2178">
     <span class='ocr_line' id='line_1_23' title="bbox 440 2105 2010 2178; baseline 0.006 -19"><span class='ocrx_word' id='word_1_146' title='bbox 440 2105 617 2161; x_wconf 79' lang='lat' dir='ltr'><strong>factus</strong></span> <span class='ocrx_word' id='word_1_147' title='bbox 649 2115 730 2162; x_wconf 91' lang='lat' dir='ltr'><strong>est</strong></span> <span class='ocrx_word' id='word_1_148' title='bbox 757 2107 1000 2162; x_wconf 91' lang='lat' dir='ltr'><strong>omnium</strong></span> <span class='ocrx_word' id='word_1_149' title='bbox 1030 2110 1220 2164; x_wconf 83' lang='lat' dir='ltr'><strong>reus&#39;.</strong></span> <span class='ocrx_word' id='word_1_150' title='bbox 1251 2107 1478 2163; x_wconf 74' lang='lat' dir='ltr'><strong>Confido</strong></span> <span class='ocrx_word' id='word_1_151' title='bbox 1509 2118 1686 2165; x_wconf 89' lang='lat' dir='ltr'><strong>autem</strong></span> <span class='ocrx_word' id='word_1_152' title='bbox 1715 2110 1832 2166; x_wconf 82' lang='lat' dir='ltr'><strong>fore</strong></span> <span class='ocrx_word' id='word_1_153' title='bbox 1857 2122 1936 2178; x_wconf 86' lang='lat' dir='ltr'><strong>ut,</strong></span> <span class='ocrx_word' id='word_1_154' title='bbox 1963 2114 2010 2168; x_wconf 82' lang='lat' dir='ltr'><strong>si</strong></span> 
     </span>
    </p>
   </div>
   <div class='ocr_carea' id='block_1_24' title="bbox 441 2197 2014 2271">
    <p class='ocr_par' dir='ltr' id='par_1_24' title="bbox 441 2197 2014 2271">
     <span class='ocr_line' id='line_1_24' title="bbox 441 2197 2014 2271; baseline 0.003 -20"><span class='ocrx_word' id='word_1_155' title='bbox 441 2208 544 2252; x_wconf 73' lang='lat' dir='ltr'><strong>ture</strong></span> <span class='ocrx_word' id='word_1_156' title='bbox 579 2197 761 2254; x_wconf 70' lang='lat' dir='ltr'><strong>multae</strong></span> <span class='ocrx_word' id='word_1_157' title='bbox 803 2199 1181 2255; x_wconf 87' lang='lat' dir='ltr'><strong>miserationes</strong></span> <span class='ocrx_word' id='word_1_158' title='bbox 1226 2199 1532 2271; x_wconf 87' lang='lat' dir='ltr'><strong>adjuverint</strong></span> <span class='ocrx_word' id='word_1_159' title='bbox 1570 2217 1674 2267; x_wconf 90' lang='lat' dir='ltr'><strong>me,</strong></span> <span class='ocrx_word' id='word_1_160' title='bbox 1715 2201 1912 2257; x_wconf 87' lang='lat' dir='ltr'><strong>docear</strong></span> <span class='ocrx_word' id='word_1_161' title='bbox 1945 2203 2014 2256; x_wconf 87' lang='lat' dir='ltr'><strong>de</strong></span> 
     </span>
    </p>
   </div>
   <div class='ocr_carea' id='block_1_25' title="bbox 441 2289 2010 2360">
    <p class='ocr_par' dir='ltr' id='par_1_25' title="bbox 441 2289 2010 2360">
     <span class='ocr_line' id='line_1_25' title="bbox 441 2289 2010 2360; baseline 0.003 -18"><span class='ocrx_word' id='word_1_162' title='bbox 441 2295 636 2346; x_wconf 64' lang='lat' dir='ltr'><strong>caetero</strong></span> <span class='ocrx_word' id='word_1_163' title='bbox 671 2289 922 2346; x_wconf 84' lang='lat' dir='ltr'><strong>incedere</strong></span> <span class='ocrx_word' id='word_1_164' title='bbox 966 2305 1060 2360; x_wconf 88' lang='lat' dir='ltr'><strong>per</strong></span> <span class='ocrx_word' id='word_1_165' title='bbox 1088 2292 1230 2348; x_wconf 88' lang='lat' dir='ltr'><strong>viam</strong></span> <span class='ocrx_word' id='word_1_166' title='bbox 1266 2303 1598 2360; x_wconf 88' lang='lat' dir='ltr'><strong>sanctorum,</strong></span> <span class='ocrx_word' id='word_1_167' title='bbox 1630 2293 1696 2347; x_wconf 91' lang='lat' dir='ltr'><strong>ad</strong></span> <span class='ocrx_word' id='word_1_168' title='bbox 1740 2293 2010 2348; x_wconf 86' lang='lat' dir='ltr'><strong>anteriora</strong></span> 
     </span>
    </p>
   </div>
   <div class='ocr_carea' id='block_1_26' title="bbox 441 2379 2012 2454">
    <p class='ocr_par' dir='ltr' id='par_1_26' title="bbox 441 2379 2012 2454">
     <span class='ocr_line' id='line_1_26' title="bbox 441 2379 2012 2454; baseline 0.004 -23"><span class='ocrx_word' id='word_1_169' title='bbox 441 2393 530 2433; x_wconf 90' lang='lat' dir='ltr'><strong>me</strong></span> <span class='ocrx_word' id='word_1_170' title='bbox 559 2379 878 2436; x_wconf 76' lang='lat' dir='ltr'><strong>extendens.</strong></span> <span class='ocrx_word' id='word_1_171' title='bbox 914 2379 1022 2450; x_wconf 87' lang='lat' dir='ltr'><strong>Ipsi</strong></span> <span class='ocrx_word' id='word_1_172' title='bbox 1067 2383 1234 2449; x_wconf 89' lang='lat' dir='ltr'><strong>enim,</strong></span> <span class='ocrx_word' id='word_1_173' title='bbox 1288 2393 1346 2438; x_wconf 94' lang='lat' dir='ltr'><strong>ut</strong></span> <span class='ocrx_word' id='word_1_174' title='bbox 1380 2392 1613 2454; x_wconf 89' lang='lat' dir='ltr'><strong>oportet,</strong></span> <span class='ocrx_word' id='word_1_175' title='bbox 1651 2383 1855 2453; x_wconf 86' lang='lat' dir='ltr'><strong>pudore</strong></span> <span class='ocrx_word' id='word_1_176' title='bbox 1885 2383 2012 2438; x_wconf 80' lang='lat' dir='ltr'><strong>affe-</strong></span> 
     </span>
    </p>
   </div>
   <div class='ocr_carea' id='block_1_27' title="bbox 441 2472 2015 2547">
    <p class='ocr_par' dir='ltr' id='par_1_27' title="bbox 441 2472 2015 2547">
     <span class='ocr_line' id='line_1_27' title="bbox 441 2472 2015 2547; baseline 0.006 -24"><span class='ocrx_word' id='word_1_177' title='bbox 441 2480 635 2527; x_wconf 87' lang='lat' dir='ltr'><strong>cerunt</strong></span> <span class='ocrx_word' id='word_1_178' title='bbox 663 2472 894 2529; x_wconf 86' lang='lat' dir='ltr'><strong>hostem.</strong></span> <span class='ocrx_word' id='word_1_179' title='bbox 923 2473 1203 2541; x_wconf 87' lang='lat' dir='ltr'><strong>Quomodo</strong></span> <span class='ocrx_word' id='word_1_180' title='bbox 1232 2483 1410 2530; x_wconf 90' lang='lat' dir='ltr'><strong>autem</strong></span> <span class='ocrx_word' id='word_1_181' title='bbox 1444 2476 1721 2530; x_wconf 86' lang='lat' dir='ltr'><strong>instituam</strong></span> <span class='ocrx_word' id='word_1_182' title='bbox 1757 2492 1852 2532; x_wconf 91' lang='lat' dir='ltr'><strong>eos</strong></span> <span class='ocrx_word' id='word_1_183' title='bbox 1881 2492 2015 2547; x_wconf 86' lang='lat' dir='ltr'><strong>quos</strong></span> 
     </span>
    </p>
   </div>
   <div class='ocr_carea' id='block_1_28' title="bbox 442 2563 2020 2638">
    <p class='ocr_par' dir='ltr' id='par_1_28' title="bbox 442 2563 2020 2638">
     <span class='ocr_line' id='line_1_28' title="bbox 442 2563 2020 2638; baseline 0.006 -25"><span class='ocrx_word' id='word_1_184' title='bbox 442 2563 652 2617; x_wconf 84' lang='lat' dir='ltr'><strong>vocasti</strong></span> <span class='ocrx_word' id='word_1_185' title='bbox 687 2565 754 2618; x_wconf 91' lang='lat' dir='ltr'><strong>ad</strong></span> <span class='ocrx_word' id='word_1_186' title='bbox 803 2563 944 2620; x_wconf 88' lang='lat' dir='ltr'><strong>hanc</strong></span> <span class='ocrx_word' id='word_1_187' title='bbox 974 2566 1141 2620; x_wconf 89' lang='lat' dir='ltr'><strong>vitam</strong></span> <span class='ocrx_word' id='word_1_188' title='bbox 1192 2579 1404 2620; x_wconf 87' lang='lat' dir='ltr'><strong>mecum</strong></span> <span class='ocrx_word' id='word_1_189' title='bbox 1439 2567 1724 2638; x_wconf 79' lang='lat' dir='ltr'><strong>agendam,</strong></span> <span class='ocrx_word' id='word_1_190' title='bbox 1769 2568 1871 2624; x_wconf 88' lang='lat' dir='ltr'><strong>nisi</strong></span> <span class='ocrx_word' id='word_1_191' title='bbox 1915 2569 2020 2638; x_wconf 85' lang='lat' dir='ltr'><strong>pri-</strong></span> 
     </span>
    </p>
   </div>
   <div class='ocr_carea' id='block_1_29' title="bbox 442 2653 2026 2731">
    <p class='ocr_par' dir='ltr' id='par_1_29' title="bbox 442 2653 2026 2731">
     <span class='ocr_line' id='line_1_29' title="bbox 442 2653 2026 2731; baseline 0.007 -26"><span class='ocrx_word' id='word_1_192' title='bbox 442 2667 591 2706; x_wconf 88' lang='lat' dir='ltr'><strong>mum</strong></span> <span class='ocrx_word' id='word_1_193' title='bbox 618 2653 734 2724; x_wconf 87' lang='lat' dir='ltr'><strong>ipse</strong></span> <span class='ocrx_word' id='word_1_194' title='bbox 764 2669 850 2710; x_wconf 90' lang='lat' dir='ltr'><strong>me</strong></span> <span class='ocrx_word' id='word_1_195' title='bbox 878 2655 1055 2726; x_wconf 88' lang='lat' dir='ltr'><strong>ipsum</strong></span> <span class='ocrx_word' id='word_1_196' title='bbox 1083 2659 1290 2713; x_wconf 87' lang='lat' dir='ltr'><strong>vicero.</strong></span> <span class='ocrx_word' id='word_1_197' title='bbox 1325 2660 1393 2714; x_wconf 87' lang='lat' dir='ltr'><strong>Et</strong></span> <span class='ocrx_word' id='word_1_198' title='bbox 1425 2660 1538 2714; x_wconf 86' lang='lat' dir='ltr'><strong>haec</strong></span> <span class='ocrx_word' id='word_1_199' title='bbox 1578 2675 1738 2716; x_wconf 89' lang='lat' dir='ltr'><strong>orare</strong></span> <span class='ocrx_word' id='word_1_200' title='bbox 1771 2677 2026 2731; x_wconf 83' lang='lat' dir='ltr'><strong>perseve-</strong></span> 
     </span>
    </p>
   </div>
   <div class='ocr_carea' id='block_1_30' title="bbox 442 2742 2021 2821">
    <p class='ocr_par' dir='ltr' id='par_1_30' title="bbox 442 2742 2021 2821">
     <span class='ocr_line' id='line_1_30' title="bbox 442 2742 2021 2821; baseline 0.006 -25"><span class='ocrx_word' id='word_1_201' title='bbox 442 2742 588 2796; x_wconf 83' lang='lat' dir='ltr'><strong>ravit</strong></span> <span class='ocrx_word' id='word_1_202' title='bbox 615 2753 776 2799; x_wconf 90' lang='lat' dir='ltr'><strong>nocte</strong></span> <span class='ocrx_word' id='word_1_203' title='bbox 815 2745 905 2800; x_wconf 91' lang='lat' dir='ltr'><strong>illa</strong></span> <span class='ocrx_word' id='word_1_204' title='bbox 935 2755 1065 2812; x_wconf 86' lang='lat' dir='ltr'><strong>tota,</strong></span> <span class='ocrx_word' id='word_1_205' title='bbox 1099 2748 1286 2803; x_wconf 89' lang='lat' dir='ltr'><strong>eadem</strong></span> <span class='ocrx_word' id='word_1_206' title='bbox 1319 2765 1441 2804; x_wconf 90' lang='lat' dir='ltr'><strong>cum</strong></span> <span class='ocrx_word' id='word_1_207' title='bbox 1475 2751 1764 2821; x_wconf 80' lang='lat' dir='ltr'><strong>gemitibus</strong></span> <span class='ocrx_word' id='word_1_208' title='bbox 1794 2753 2021 2818; x_wconf 84' lang='lat' dir='ltr'><strong>iterans,</strong></span> 
     </span>
    </p>
   </div>
   <div class='ocr_carea' id='block_1_31' title="bbox 443 2837 2027 2912">
    <p class='ocr_par' dir='ltr' id='par_1_31' title="bbox 443 2837 2027 2912">
     <span class='ocr_line' id='line_1_31' title="bbox 443 2837 2027 2912; baseline 0.004 -23"><span class='ocrx_word' id='word_1_209' title='bbox 443 2837 625 2904; x_wconf 85' lang='lat' dir='ltr'><strong>quoad</strong></span> <span class='ocrx_word' id='word_1_210' title='bbox 659 2837 816 2894; x_wconf 89' lang='lat' dir='ltr'><strong>rediit</strong></span> <span class='ocrx_word' id='word_1_211' title='bbox 863 2839 1004 2905; x_wconf 89' lang='lat' dir='ltr'><strong>dies;</strong></span> <span class='ocrx_word' id='word_1_212' title='bbox 1039 2849 1093 2894; x_wconf 91' lang='lat' dir='ltr'><strong>et</strong></span> <span class='ocrx_word' id='word_1_213' title='bbox 1123 2855 1190 2895; x_wconf 77' lang='lat' dir='ltr'><strong>ex</strong></span> <span class='ocrx_word' id='word_1_214' title='bbox 1224 2841 1394 2896; x_wconf 92' lang='lat' dir='ltr'><strong>multo</strong></span> <span class='ocrx_word' id='word_1_215' title='bbox 1441 2842 1642 2899; x_wconf 82' lang='lat' dir='ltr'><strong>sudore</strong></span> <span class='ocrx_word' id='word_1_216' title='bbox 1689 2843 1826 2912; x_wconf 86' lang='lat' dir='ltr'><strong>ejus,</strong></span> <span class='ocrx_word' id='word_1_217' title='bbox 1860 2845 2027 2900; x_wconf 84' lang='lat' dir='ltr'><strong>vesti-</strong></span> 
     </span>
    </p>
   </div>
   <div class='ocr_carea' id='block_1_32' title="bbox 445 2920 2028 3002">
    <p class='ocr_par' dir='ltr' id='par_1_32' title="bbox 445 2920 2028 3002">
     <span class='ocr_line' id='line_1_32' title="bbox 445 2920 2028 3002; baseline 0.004 -21"><span class='ocrx_word' id='word_1_218' title='bbox 445 2920 532 2995; x_wconf 77' lang='lat' dir='ltr'><strong>gia</strong></span> <span class='ocrx_word' id='word_1_219' title='bbox 567 2925 762 2996; x_wconf 90' lang='lat' dir='ltr'><strong>pedum</strong></span> <span class='ocrx_word' id='word_1_220' title='bbox 795 2927 964 2997; x_wconf 88' lang='lat' dir='ltr'><strong>ipsius</strong></span> <span class='ocrx_word' id='word_1_221' title='bbox 992 2927 1133 2983; x_wconf 78' lang='lat' dir='ltr'><strong>facta</strong></span> <span class='ocrx_word' id='word_1_222' title='bbox 1163 2940 1288 2984; x_wconf 90' lang='lat' dir='ltr'><strong>sunt</strong></span> <span class='ocrx_word' id='word_1_223' title='bbox 1316 2941 1374 2984; x_wconf 93' lang='lat' dir='ltr'><strong>ut</strong></span> <span class='ocrx_word' id='word_1_224' title='bbox 1405 2931 1616 2986; x_wconf 85' lang='lat' dir='ltr'><strong>lutum:</strong></span> <span class='ocrx_word' id='word_1_225' title='bbox 1645 2944 1804 2987; x_wconf 76' lang='lat' dir='ltr'><strong>aestas</strong></span> <span class='ocrx_word' id='word_1_226' title='bbox 1829 2934 2028 3002; x_wconf 88' lang='lat' dir='ltr'><strong>quippe</strong></span> 
     </span>
    </p>
   </div>
   <div class='ocr_carea' id='block_1_33' title="bbox 2100 555 3672 633">
    <p class='ocr_par' dir='ltr' id='par_1_33' title="bbox 2100 555 3672 633">
     <span class='ocr_line' id='line_1_33' title="bbox 2100 555 3672 633; baseline -0.003 -19"><span class='ocrx_word' id='word_1_227' title='bbox 2100 579 2198 626; x_wconf 88' lang='grc' dir='ltr'><strong>σας</strong></span> <span class='ocrx_word' id='word_1_228' title='bbox 2219 562 2384 633; x_wconf 80' lang='grc' dir='ltr'>φησί·</span> <span class='ocrx_word' id='word_1_229' title='bbox 2411 559 2758 632; x_wconf 84' lang='grc' dir='ltr'>Παρεκινήθη</span> <span class='ocrx_word' id='word_1_230' title='bbox 2787 558 2862 622; x_wconf 77' lang='grc' dir='ltr'>ὡς</span> <span class='ocrx_word' id='word_1_231' title='bbox 2906 559 2996 612; x_wconf 75' lang='grc' dir='ltr'><strong>ἐπὶ</strong></span> <span class='ocrx_word' id='word_1_232' title='bbox 3020 555 3226 626; x_wconf 80' lang='grc' dir='ltr'>ἁγαθῷ-</span> <span class='ocrx_word' id='word_1_233' title='bbox 3262 558 3321 608; x_wconf 66' lang='lat' dir='ltr'><strong>of:</strong></span> <span class='ocrx_word' id='word_1_234' title='bbox 3353 557 3528 627; x_wconf 87' lang='grc' dir='ltr'>μέντοι</span> <span class='ocrx_word' id='word_1_235' title='bbox 3555 558 3672 610; x_wconf 83' lang='grc' dir='ltr'>ἀντ-</span> 
     </span>
    </p>
   </div>
   <div class='ocr_carea' id='block_1_34' title="bbox 2101 646 3671 722">
    <p class='ocr_par' dir='ltr' id='par_1_34' title="bbox 2101 646 3671 722">
     <span class='ocr_line' id='line_1_34' title="bbox 2101 646 3671 722; baseline -0.004 -14"><span class='ocrx_word' id='word_1_236' title='bbox 2101 659 2254 710; x_wconf 87' lang='grc' dir='ltr'>εῖπεν</span> <span class='ocrx_word' id='word_1_237' title='bbox 2291 653 2465 706; x_wconf 82' lang='grc' dir='ltr'>οὐδέν·</span> <span class='ocrx_word' id='word_1_238' title='bbox 2521 651 2636 705; x_wconf 86' lang='grc' dir='ltr'>ἀλλ’</span> <span class='ocrx_word' id='word_1_239' title='bbox 2667 649 2943 722; x_wconf 79' lang='grc' dir='ltr'>ἐγκρατὴς</span> <span class='ocrx_word' id='word_1_240' title='bbox 2973 649 3075 718; x_wconf 76' lang='grc' dir='ltr'>τῆς</span> <span class='ocrx_word' id='word_1_241' title='bbox 3131 647 3356 720; x_wconf 83' lang='grc' dir='ltr'>καρδίας</span> <span class='ocrx_word' id='word_1_242' title='bbox 3399 646 3671 717; x_wconf 79' lang='grc' dir='ltr'><strong>ὑπάρχων,</strong></span> 
     </span>
    </p>
   </div>
   <div class='ocr_carea' id='block_1_35' title="bbox 2101 739 3668 819">
    <p class='ocr_par' dir='ltr' id='par_1_35' title="bbox 2101 739 3668 819">
     <span class='ocr_line' id='line_1_35' title="bbox 2101 739 3668 819; baseline -0.005 -19"><span class='ocrx_word' id='word_1_243' title='bbox 2101 751 2168 818; x_wconf 83' lang='grc' dir='ltr'>τῇ</span> <span class='ocrx_word' id='word_1_244' title='bbox 2195 746 2422 817; x_wconf 67' lang='grc' dir='ltr'>ἐπιούσῃ</span> <span class='ocrx_word' id='word_1_245' title='bbox 2444 744 2600 798; x_wconf 71' lang='grc' dir='ltr'>νυκτὶ</span> <span class='ocrx_word' id='word_1_246' title='bbox 2629 742 2872 804; x_wconf 76' lang='grc' dir='ltr'>καταϐὰς</span> <span class='ocrx_word' id='word_1_247' title='bbox 2897 743 2978 806; x_wconf 82' lang='grc' dir='ltr'><strong>είς</strong></span> <span class='ocrx_word' id='word_1_248' title='bbox 3001 742 3061 794; x_wconf 82' lang='grc' dir='ltr'><strong>τὸ</strong></span> <span class='ocrx_word' id='word_1_249' title='bbox 3091 739 3433 819; x_wconf 80' lang='grc' dir='ltr'>καταγώγιον</span> <span class='ocrx_word' id='word_1_250' title='bbox 3461 739 3668 810; x_wconf 78' lang='grc' dir='ltr'>μικρὸν,</span> 
     </span>
    </p>
   </div>
   <div class='ocr_carea' id='block_1_36' title="bbox 2104 827 3675 910">
    <p class='ocr_par' dir='ltr' id='par_1_36' title="bbox 2104 827 3675 910">
     <span class='ocr_line' id='line_1_36' title="bbox 2104 827 3675 910; baseline -0.006 -19"><span class='ocrx_word' id='word_1_251' title='bbox 2104 838 2309 910; x_wconf 74' lang='grc' dir='ltr'>ἤρξατο</span> <span class='ocrx_word' id='word_1_252' title='bbox 2335 836 2563 900; x_wconf 76' lang='grc' dir='ltr'><strong>κλαίειν,</strong></span> <span class='ocrx_word' id='word_1_253' title='bbox 2594 835 2688 888; x_wconf 75' lang='grc' dir='ltr'>καὶ</span> <span class='ocrx_word' id='word_1_254' title='bbox 2732 834 3024 904; x_wconf 82' lang='grc' dir='ltr'>εὐχόμενος</span> <span class='ocrx_word' id='word_1_255' title='bbox 3060 833 3262 901; x_wconf 77' lang='grc' dir='ltr'>ἔλεγεν·</span> <span class='ocrx_word' id='word_1_256' title='bbox 3311 827 3384 884; x_wconf 76' lang='grc' dir='ltr'><strong>’Ὢ</strong></span> <span class='ocrx_word' id='word_1_257' title='bbox 3427 830 3556 893; x_wconf 79' lang='grc' dir='ltr'>Θεὸς</span> <span class='ocrx_word' id='word_1_258' title='bbox 3577 871 3590 896; x_wconf 92' lang='grc'><strong>,</strong></span> <span class='ocrx_word' id='word_1_259' title='bbox 3617 829 3675 882; x_wconf 80' lang='grc' dir='ltr'><strong>τὸ</strong></span> 
     </span>
    </p>
   </div>
   <div class='ocr_carea' id='block_1_37' title="bbox 2106 920 3676 1002">
    <p class='ocr_par' dir='ltr' id='par_1_37' title="bbox 2106 920 3676 1002">
     <span class='ocr_line' id='line_1_37' title="bbox 2106 920 3676 1002; baseline -0.006 -18"><span class='ocrx_word' id='word_1_260' title='bbox 2106 930 2361 1002; x_wconf 82' lang='grc' dir='ltr'>φρόνημα</span> <span class='ocrx_word' id='word_1_261' title='bbox 2395 928 2496 998; x_wconf 74' lang='grc' dir='ltr'><strong>τῆς</strong></span> <span class='ocrx_word' id='word_1_262' title='bbox 2541 925 2742 997; x_wconf 74' lang='grc' dir='ltr'>σαρκδς</span> <span class='ocrx_word' id='word_1_263' title='bbox 2779 927 2833 977; x_wconf 78' lang='grc' dir='ltr'><strong>έν</strong></span> <span class='ocrx_word' id='word_1_264' title='bbox 2865 925 2986 994; x_wconf 84' lang='grc' dir='ltr'>ὲμοί</span> <span class='ocrx_word' id='word_1_265' title='bbox 3017 925 3186 976; x_wconf 75' lang='grc' dir='ltr'>ἐστιν·</span> <span class='ocrx_word' id='word_1_266' title='bbox 3220 922 3297 976; x_wconf 77' lang='grc' dir='ltr'>ἔτι</span> <span class='ocrx_word' id='word_1_267' title='bbox 3325 920 3466 976; x_wconf 72' lang='grc' dir='ltr'>κατὰ</span> <span class='ocrx_word' id='word_1_268' title='bbox 3505 922 3676 986; x_wconf 84' lang='grc' dir='ltr'><strong>σάρκα</strong></span> 
     </span>
    </p>
   </div>
   <div class='ocr_carea' id='block_1_38' title="bbox 2105 1009 3678 1086">
    <p class='ocr_par' dir='ltr' id='par_1_38' title="bbox 2105 1009 3678 1086">
     <span class='ocr_line' id='line_1_38' title="bbox 2105 1009 3678 1086; baseline -0.007 -14"><span class='ocrx_word' id='word_1_269' title='bbox 2105 1018 2202 1084; x_wconf 79' lang='grc' dir='ltr'>ζῶ·</span> <span class='ocrx_word' id='word_1_270' title='bbox 2255 1017 2376 1072; x_wconf 78' lang='grc' dir='ltr'>οὐαί</span> <span class='ocrx_word' id='word_1_271' title='bbox 2424 1031 2552 1086; x_wconf 85' lang='grc' dir='ltr'>μοι·</span> <span class='ocrx_word' id='word_1_272' title='bbox 2587 1015 2764 1086; x_wconf 85' lang='grc' dir='ltr'>μέλλω</span> <span class='ocrx_word' id='word_1_273' title='bbox 2807 1014 2916 1084; x_wconf 71' lang='grc' dir='ltr'><strong>γὰρ</strong></span> <span class='ocrx_word' id='word_1_274' title='bbox 2959 1011 3324 1082; x_wconf 77' lang='grc' dir='ltr'><strong>ἀποθνήσκειν</strong></span> <span class='ocrx_word' id='word_1_275' title='bbox 3368 1011 3443 1072; x_wconf 82' lang='grc' dir='ltr'>ὡς</span> <span class='ocrx_word' id='word_1_276' title='bbox 3479 1009 3678 1080; x_wconf 86' lang='grc' dir='ltr'>γέγρα-</span> 
     </span>
    </p>
   </div>
   <div class='ocr_carea' id='block_1_39' title="bbox 2106 1101 3681 1178">
    <p class='ocr_par' dir='ltr' id='par_1_39' title="bbox 2106 1101 3681 1178">
     <span class='ocr_line' id='line_1_39' title="bbox 2106 1101 3681 1178; baseline -0.007 -13"><span class='ocrx_word' id='word_1_277' title='bbox 2106 1128 2275 1174; x_wconf 87' lang='grc' dir='ltr'>πται,</span> <span class='ocrx_word' id='word_1_278' title='bbox 2340 1108 2612 1178; x_wconf 84' lang='grc' dir='ltr'><strong>τοσαύτην</strong></span> <span class='ocrx_word' id='word_1_279' title='bbox 2671 1106 2903 1176; x_wconf 79' lang='grc' dir='ltr'><strong>ἄσκησιν</strong></span> <span class='ocrx_word' id='word_1_280' title='bbox 2955 1107 3049 1158; x_wconf 76' lang='grc' dir='ltr'><strong>καὶ</strong></span> <span class='ocrx_word' id='word_1_281' title='bbox 3092 1102 3413 1172; x_wconf 81' lang='grc' dir='ltr'>έτοιμασίαν</span> <span class='ocrx_word' id='word_1_282' title='bbox 3464 1101 3681 1171; x_wconf 79' lang='grc' dir='ltr'><strong>καρδίας</strong></span> 
     </span>
    </p>
   </div>
   <div class='ocr_carea' id='block_1_40' title="bbox 2108 1191 3678 1275">
    <p class='ocr_par' dir='ltr' id='par_1_40' title="bbox 2108 1191 3678 1275">
     <span class='ocr_line' id='line_1_40' title="bbox 2108 1191 3678 1275; baseline -0.007 -18"><span class='ocrx_word' id='word_1_283' title='bbox 2108 1205 2267 1275; x_wconf 75' lang='grc' dir='ltr'>ἔχων,</span> <span class='ocrx_word' id='word_1_284' title='bbox 2299 1202 2462 1257; x_wconf 84' lang='grc' dir='ltr'>πάλιν</span> <span class='ocrx_word' id='word_1_285' title='bbox 2510 1198 2704 1270; x_wconf 80' lang='grc' dir='ltr'>θυμῷ·</span> <span class='ocrx_word' id='word_1_286' title='bbox 2761 1198 3118 1268; x_wconf 79' lang='grc' dir='ltr'>ἁρπάζομαι,</span> <span class='ocrx_word' id='word_1_287' title='bbox 3169 1193 3270 1248; x_wconf 83' lang='grc' dir='ltr'>κᾶν</span> <span class='ocrx_word' id='word_1_288' title='bbox 3315 1195 3408 1248; x_wconf 74' lang='grc' dir='ltr'><strong>ἐπὶ</strong></span> <span class='ocrx_word' id='word_1_289' title='bbox 3453 1191 3638 1262; x_wconf 82' lang='grc' dir='ltr'>ἀγαθῷ</span> <span class='ocrx_word' id='word_1_290' title='bbox 3665 1207 3678 1223; x_wconf 95' lang='grc'><strong>·</strong></span> 
     </span>
    </p>
   </div>
   <div class='ocr_carea' id='block_1_41' title="bbox 2109 1283 3681 1365">
    <p class='ocr_par' dir='ltr' id='par_1_41' title="bbox 2109 1283 3681 1365">
     <span class='ocr_line' id='line_1_41' title="bbox 2109 1283 3681 1365; baseline -0.008 -17"><span class='ocrx_word' id='word_1_291' title='bbox 2109 1293 2332 1365; x_wconf 77' lang='grc' dir='ltr'>ἐλέησόν</span> <span class='ocrx_word' id='word_1_292' title='bbox 2387 1309 2477 1364; x_wconf 84' lang='grc' dir='ltr'><strong>με,</strong></span> <span class='ocrx_word' id='word_1_293' title='bbox 2515 1291 2588 1362; x_wconf 79' lang='grc' dir='ltr'>μὴ</span> <span class='ocrx_word' id='word_1_294' title='bbox 2612 1291 2923 1358; x_wconf 74' lang='grc' dir='ltr'><strong>ἀπόλωμαι,</strong></span> <span class='ocrx_word' id='word_1_295' title='bbox 2957 1287 3130 1359; x_wconf 83' lang='grc' dir='ltr'>Κύριε</span> <span class='ocrx_word' id='word_1_296' title='bbox 3154 1301 3168 1315; x_wconf 91' lang='grc'><strong>·</strong></span> <span class='ocrx_word' id='word_1_297' title='bbox 3200 1283 3296 1338; x_wconf 83' lang='grc' dir='ltr'><strong>ὲὰν</strong></span> <span class='ocrx_word' id='word_1_298' title='bbox 3322 1283 3433 1355; x_wconf 79' lang='grc' dir='ltr'><strong>γὰρ</strong></span> <span class='ocrx_word' id='word_1_299' title='bbox 3465 1283 3599 1354; x_wconf 67' lang='grc' dir='ltr'>εὖρῃ</span> <span class='ocrx_word' id='word_1_300' title='bbox 3625 1283 3681 1336; x_wconf 81' lang='grc' dir='ltr'>ὲν</span> 
     </span>
    </p>
   </div>
   <div class='ocr_carea' id='block_1_42' title="bbox 2111 1371 3680 1458">
    <p class='ocr_par' dir='ltr' id='par_1_42' title="bbox 2111 1371 3680 1458">
     <span class='ocr_line' id='line_1_42' title="bbox 2111 1371 3680 1458; baseline -0.01 -18"><span class='ocrx_word' id='word_1_301' title='bbox 2111 1386 2235 1458; x_wconf 71' lang='grc' dir='ltr'>ἐμοὶ</span> <span class='ocrx_word' id='word_1_302' title='bbox 2271 1385 2438 1456; x_wconf 84' lang='grc' dir='ltr'>μέρος</span> <span class='ocrx_word' id='word_1_303' title='bbox 2472 1383 2500 1435; x_wconf 88' lang='grc' dir='ltr'><strong>ὀ</strong></span> <span class='ocrx_word' id='word_1_304' title='bbox 2525 1381 2716 1452; x_wconf 73' lang='grc' dir='ltr'>ἐχθρὸς</span> <span class='ocrx_word' id='word_1_305' title='bbox 2745 1381 2868 1434; x_wconf 81' lang='grc' dir='ltr'>ὅσον</span> <span class='ocrx_word' id='word_1_306' title='bbox 2893 1381 3036 1444; x_wconf 83' lang='grc' dir='ltr'>ὅσον,</span> <span class='ocrx_word' id='word_1_307' title='bbox 3074 1376 3170 1430; x_wconf 70' lang='grc' dir='ltr'>ἐὰν</span> <span class='ocrx_word' id='word_1_308' title='bbox 3199 1376 3272 1446; x_wconf 76' lang='grc' dir='ltr'>μὴ</span> <span class='ocrx_word' id='word_1_309' title='bbox 3307 1371 3680 1452; x_wconf 24' lang='grc' dir='ltr'>στηρίξῃςκμε,</span> 
     </span>
    </p>
   </div>
   <div class='ocr_carea' id='block_1_43' title="bbox 2111 1463 3684 1555">
    <p class='ocr_par' dir='ltr' id='par_1_43' title="bbox 2111 1463 3684 1555">
     <span class='ocr_line' id='line_1_43' title="bbox 2111 1463 3684 1555; baseline -0.011 -22"><span class='ocrx_word' id='word_1_310' title='bbox 2111 1479 2304 1549; x_wconf 75' lang='grc' dir='ltr'>ἔσομαι</span> <span class='ocrx_word' id='word_1_311' title='bbox 2334 1474 2645 1546; x_wconf 81' lang='grc' dir='ltr'>ὑποχείριος</span> <span class='ocrx_word' id='word_1_312' title='bbox 2688 1471 2874 1526; x_wconf 79' lang='grc' dir='ltr'>αὐτοῦ·</span> <span class='ocrx_word' id='word_1_313' title='bbox 2907 1471 2999 1523; x_wconf 79' lang='grc' dir='ltr'>ἐὰν</span> <span class='ocrx_word' id='word_1_314' title='bbox 3033 1469 3145 1555; x_wconf 71' lang='grc' dir='ltr'>γὰρ</span> <span class='ocrx_word' id='word_1_315' title='bbox 3180 1469 3358 1522; x_wconf 78' lang='grc' dir='ltr'>πάντα</span> <span class='ocrx_word' id='word_1_316' title='bbox 3390 1465 3480 1519; x_wconf 76' lang='grc' dir='ltr'><strong>τὸν</strong></span> <span class='ocrx_word' id='word_1_317' title='bbox 3529 1463 3684 1535; x_wconf 84' lang='grc' dir='ltr'>νόμον</span> 
     </span>
    </p>
   </div>
   <div class='ocr_carea' id='block_1_44' title="bbox 2115 1555 3684 1640">
    <p class='ocr_par' dir='ltr' id='par_1_44' title="bbox 2115 1555 3684 1640">
     <span class='ocr_line' id='line_1_44' title="bbox 2115 1555 3684 1640; baseline -0.011 -14"><span class='ocrx_word' id='word_1_318' title='bbox 2115 1588 2206 1626; x_wconf 84' lang='grc' dir='ltr'><strong>σου</strong></span> <span class='ocrx_word' id='word_1_319' title='bbox 2253 1569 2464 1640; x_wconf 85' lang='grc' dir='ltr'><strong>τηρήσῃ</strong></span> <span class='ocrx_word' id='word_1_320' title='bbox 2491 1583 2595 1630; x_wconf 86' lang='grc' dir='ltr'>τις,</span> <span class='ocrx_word' id='word_1_321' title='bbox 2629 1564 2834 1636; x_wconf 80' lang='grc' dir='ltr'>πταίσῃ</span> <span class='ocrx_word' id='word_1_322' title='bbox 2895 1563 2953 1615; x_wconf 84' lang='grc' dir='ltr'>δὲ</span> <span class='ocrx_word' id='word_1_323' title='bbox 2995 1563 3053 1614; x_wconf 85' lang='grc' dir='ltr'><strong>ὲν</strong></span> <span class='ocrx_word' id='word_1_324' title='bbox 3092 1561 3192 1625; x_wconf 66' lang='grc' dir='ltr'>ἑνὶ,</span> <span class='ocrx_word' id='word_1_325' title='bbox 3236 1557 3428 1627; x_wconf 81' lang='grc' dir='ltr'>γέγονε</span> <span class='ocrx_word' id='word_1_326' title='bbox 3476 1555 3684 1609; x_wconf 86' lang='grc' dir='ltr'>πάντων</span> 
     </span>
    </p>
   </div>
   <div class='ocr_carea' id='block_1_45' title="bbox 2115 1645 3686 1734">
    <p class='ocr_par' dir='ltr' id='par_1_45' title="bbox 2115 1645 3686 1734">
     <span class='ocr_line' id='line_1_45' title="bbox 2115 1645 3686 1734; baseline -0.013 -17"><span class='ocrx_word' id='word_1_327' title='bbox 2115 1664 2316 1734; x_wconf 74' lang='grc' dir='ltr'>ἔνοχος·</span> <span class='ocrx_word' id='word_1_328' title='bbox 2341 1659 2582 1713; x_wconf 80' lang='grc' dir='ltr'><strong>πιστεύω</strong></span> <span class='ocrx_word' id='word_1_329' title='bbox 2603 1656 2659 1709; x_wconf 78' lang='grc' dir='ltr'>δὲ</span> <span class='ocrx_word' id='word_1_330' title='bbox 2699 1657 2779 1710; x_wconf 85' lang='grc' dir='ltr'>ὄτι</span> <span class='ocrx_word' id='word_1_331' title='bbox 2801 1695 2815 1718; x_wconf 89' lang='grc'><strong>,</strong></span> <span class='ocrx_word' id='word_1_332' title='bbox 2860 1655 2954 1708; x_wconf 80' lang='grc' dir='ltr'>ἐὰν</span> <span class='ocrx_word' id='word_1_333' title='bbox 2991 1653 3042 1706; x_wconf 78' lang='lat' dir='ltr'><strong>oi.</strong></span> <span class='ocrx_word' id='word_1_334' title='bbox 3083 1648 3270 1704; x_wconf 79' lang='grc' dir='ltr'>πολλοί</span> <span class='ocrx_word' id='word_1_335' title='bbox 3300 1665 3394 1702; x_wconf 92' lang='grc' dir='ltr'><strong>σου</strong></span> <span class='ocrx_word' id='word_1_336' title='bbox 3423 1645 3686 1716; x_wconf 78' lang='grc' dir='ltr'>οίκτιρμοὶ</span> 
     </span>
    </p>
   </div>
   <div class='ocr_carea' id='block_1_46' title="bbox 2120 1737 3686 1826">
    <p class='ocr_par' dir='ltr' id='par_1_46' title="bbox 2120 1737 3686 1826">
     <span class='ocr_line' id='line_1_46' title="bbox 2120 1737 3686 1826; baseline -0.012 -18"><span class='ocrx_word' id='word_1_337' title='bbox 2120 1752 2430 1826; x_wconf 78' lang='grc' dir='ltr'>βοηθήσωσι</span> <span class='ocrx_word' id='word_1_338' title='bbox 2461 1767 2580 1821; x_wconf 86' lang='grc' dir='ltr'>μοι,</span> <span class='ocrx_word' id='word_1_339' title='bbox 2617 1747 3013 1816; x_wconf 84' lang='grc' dir='ltr'>διδαχθήσομαι</span> <span class='ocrx_word' id='word_1_340' title='bbox 3045 1743 3232 1796; x_wconf 82' lang='grc' dir='ltr'>λοιπὸν</span> <span class='ocrx_word' id='word_1_341' title='bbox 3257 1740 3362 1812; x_wconf 80' lang='grc' dir='ltr'>τὴν</span> <span class='ocrx_word' id='word_1_342' title='bbox 3387 1739 3496 1792; x_wconf 84' lang='grc' dir='ltr'>τῶν</span> <span class='ocrx_word' id='word_1_343' title='bbox 3523 1737 3686 1807; x_wconf 83' lang='grc' dir='ltr'>ἁγίων</span> 
     </span>
    </p>
   </div>
   <div class='ocr_carea' id='block_1_47' title="bbox 2121 1831 3684 1913">
    <p class='ocr_par' dir='ltr' id='par_1_47' title="bbox 2121 1831 3684 1913">
     <span class='ocr_line' id='line_1_47' title="bbox 2121 1831 3684 1913; baseline -0.011 -13"><span class='ocrx_word' id='word_1_344' title='bbox 2121 1863 2214 1900; x_wconf 90' lang='grc' dir='ltr'><strong>σου</strong></span> <span class='ocrx_word' id='word_1_345' title='bbox 2241 1843 2360 1899; x_wconf 79' lang='grc' dir='ltr'>ὁδὸν</span> <span class='ocrx_word' id='word_1_346' title='bbox 2390 1839 2720 1913; x_wconf 81' lang='grc' dir='ltr'>πορεύεσθαι</span> <span class='ocrx_word' id='word_1_347' title='bbox 2742 1839 2856 1899; x_wconf 84' lang='grc' dir='ltr'>τοῖς</span> <span class='ocrx_word' id='word_1_348' title='bbox 2882 1834 3192 1906; x_wconf 75' lang='grc' dir='ltr'>ἔμπροσθεν</span> <span class='ocrx_word' id='word_1_349' title='bbox 3225 1831 3684 1898; x_wconf 82' lang='grc' dir='ltr'>ἐπεκτεινόμενος·</span> 
     </span>
    </p>
   </div>
   <div class='ocr_carea' id='block_1_48' title="bbox 2111 1917 3692 2005">
    <p class='ocr_par' dir='ltr' id='par_1_48' title="bbox 2111 1917 3692 2005">
     <span class='ocr_line' id='line_1_48' title="bbox 2111 1917 3692 2005; baseline -0.013 -14"><span class='ocrx_word' id='word_1_350' title='bbox 2111 1937 2272 1992; x_wconf 73' lang='grc' dir='ltr'>αὐτὸν</span> <span class='ocrx_word' id='word_1_351' title='bbox 2309 1934 2437 2005; x_wconf 79' lang='grc' dir='ltr'>γὰρ,</span> <span class='ocrx_word' id='word_1_352' title='bbox 2475 1932 2549 1996; x_wconf 86' lang='grc' dir='ltr'><strong>ὡς</strong></span> <span class='ocrx_word' id='word_1_353' title='bbox 2574 1931 2672 1996; x_wconf 84' lang='grc' dir='ltr'>δεῖ,</span> <span class='ocrx_word' id='word_1_354' title='bbox 2703 1929 3016 1999; x_wconf 71' lang='grc' dir='ltr'>κατῄσχυνα</span> <span class='ocrx_word' id='word_1_355' title='bbox 3065 1925 3156 1977; x_wconf 70' lang='grc' dir='ltr'><strong>τὸν</strong></span> <span class='ocrx_word' id='word_1_356' title='bbox 3213 1922 3430 1994; x_wconf 74' lang='grc' dir='ltr'>ἐχθρόν·</span> <span class='ocrx_word' id='word_1_357' title='bbox 3464 1921 3556 1973; x_wconf 71' lang='grc' dir='ltr'>καὶ</span> <span class='ocrx_word' id='word_1_358' title='bbox 3580 1917 3692 1982; x_wconf 83' lang='grc' dir='ltr'>πῶς</span> 
     </span>
    </p>
   </div>
   <div class='ocr_carea' id='block_1_49' title="bbox 2110 2009 3692 2095">
    <p class='ocr_par' dir='ltr' id='par_1_49' title="bbox 2110 2009 3692 2095">
     <span class='ocr_line' id='line_1_49' title="bbox 2110 2009 3692 2095; baseline -0.013 -13"><span class='ocrx_word' id='word_1_359' title='bbox 2110 2026 2326 2093; x_wconf 78' lang='grc' dir='ltr'><strong>διδάξω,</strong></span> <span class='ocrx_word' id='word_1_360' title='bbox 2355 2024 2550 2095; x_wconf 86' lang='grc' dir='ltr'>Κύριε,</span> <span class='ocrx_word' id='word_1_361' title='bbox 2582 2019 2672 2083; x_wconf 85' lang='grc' dir='ltr'><strong>οὒς</strong></span> <span class='ocrx_word' id='word_1_362' title='bbox 2700 2021 2952 2081; x_wconf 74' lang='grc' dir='ltr'>καλέσεις</span> <span class='ocrx_word' id='word_1_363' title='bbox 2988 2018 3084 2071; x_wconf 75' lang='grc' dir='ltr'><strong>σὺν</strong></span> <span class='ocrx_word' id='word_1_364' title='bbox 3116 2015 3238 2086; x_wconf 70' lang='grc' dir='ltr'>ἐμοὶ</span> <span class='ocrx_word' id='word_1_365' title='bbox 3266 2013 3460 2066; x_wconf 77' lang='grc' dir='ltr'>τοῦτον</span> <span class='ocrx_word' id='word_1_366' title='bbox 3486 2009 3692 2064; x_wconf 83' lang='grc' dir='ltr'>έλέσθαι</span> 
     </span>
    </p>
   </div>
   <div class='ocr_carea' id='block_1_50' title="bbox 2111 2099 3695 2188">
    <p class='ocr_par' dir='ltr' id='par_1_50' title="bbox 2111 2099 3695 2188">
     <span class='ocr_line' id='line_1_50' title="bbox 2111 2099 3695 2188; baseline -0.013 -16"><span class='ocrx_word' id='word_1_367' title='bbox 2111 2120 2204 2173; x_wconf 74' lang='grc' dir='ltr'><strong>τὸν</strong></span> <span class='ocrx_word' id='word_1_368' title='bbox 2237 2117 2368 2188; x_wconf 84' lang='grc' dir='ltr'>βίον,</span> <span class='ocrx_word' id='word_1_369' title='bbox 2408 2116 2482 2186; x_wconf 81' lang='grc' dir='ltr'>μὴ</span> <span class='ocrx_word' id='word_1_370' title='bbox 2510 2113 2726 2184; x_wconf 84' lang='grc' dir='ltr'>πρῶτον</span> <span class='ocrx_word' id='word_1_371' title='bbox 2754 2110 2917 2172; x_wconf 74' lang='grc' dir='ltr'>αὐτὸς</span> <span class='ocrx_word' id='word_1_372' title='bbox 2956 2109 3216 2178; x_wconf 84' lang='grc' dir='ltr'>νικήσας;</span> <span class='ocrx_word' id='word_1_373' title='bbox 3253 2105 3371 2157; x_wconf 73' lang='grc' dir='ltr'><strong>Καὶ</strong></span> <span class='ocrx_word' id='word_1_374' title='bbox 3416 2101 3581 2156; x_wconf 79' lang='grc' dir='ltr'>ταῦτα</span> <span class='ocrx_word' id='word_1_375' title='bbox 3607 2099 3695 2153; x_wconf 82' lang='grc' dir='ltr'>εὑ·-</span> 
     </span>
    </p>
   </div>
   <div class='ocr_carea' id='block_1_51' title="bbox 2116 2191 3688 2282">
    <p class='ocr_par' dir='ltr' id='par_1_51' title="bbox 2116 2191 3688 2282">
     <span class='ocr_line' id='line_1_51' title="bbox 2116 2191 3688 2282; baseline -0.015 -17"><span class='ocrx_word' id='word_1_376' title='bbox 2116 2210 2344 2282; x_wconf 78' lang='grc' dir='ltr'>ξάμενος</span> <span class='ocrx_word' id='word_1_377' title='bbox 2371 2207 2645 2276; x_wconf 78' lang='grc' dir='ltr'>διέμεινεν</span> <span class='ocrx_word' id='word_1_378' title='bbox 2674 2203 2804 2274; x_wconf 84' lang='grc' dir='ltr'>ὃλην</span> <span class='ocrx_word' id='word_1_379' title='bbox 2832 2202 2932 2270; x_wconf 74' lang='grc' dir='ltr'><strong>τὴν</strong></span> <span class='ocrx_word' id='word_1_380' title='bbox 2961 2199 3156 2261; x_wconf 84' lang='grc' dir='ltr'>νύκτα,</span> <span class='ocrx_word' id='word_1_381' title='bbox 3187 2195 3336 2250; x_wconf 78' lang='grc' dir='ltr'>αὐτὰ</span> <span class='ocrx_word' id='word_1_382' title='bbox 3364 2195 3504 2264; x_wconf 78' lang='grc' dir='ltr'>μετὰ</span> <span class='ocrx_word' id='word_1_383' title='bbox 3529 2191 3688 2246; x_wconf 83' lang='grc' dir='ltr'>κλαυ-</span> 
     </span>
    </p>
   </div>
   <div class='ocr_carea' id='block_1_52' title="bbox 2113 2282 3692 2374">
    <p class='ocr_par' dir='ltr' id='par_1_52' title="bbox 2113 2282 3692 2374">
     <span class='ocr_line' id='line_1_52' title="bbox 2113 2282 3692 2374; baseline -0.015 -17"><span class='ocrx_word' id='word_1_384' title='bbox 2113 2303 2264 2374; x_wconf 86' lang='grc' dir='ltr'>θμῶν</span> <span class='ocrx_word' id='word_1_385' title='bbox 2284 2300 2478 2368; x_wconf 86' lang='grc' dir='ltr'>λέγων,</span> <span class='ocrx_word' id='word_1_386' title='bbox 2507 2297 2614 2360; x_wconf 75' lang='grc' dir='ltr'><strong>ἓως</strong></span> <span class='ocrx_word' id='word_1_387' title='bbox 2645 2290 2706 2350; x_wconf 73' lang='grc' dir='ltr'>οὗ</span> <span class='ocrx_word' id='word_1_388' title='bbox 2733 2294 2967 2364; x_wconf 72' lang='grc' dir='ltr'>ἔφθασεν</span> <span class='ocrx_word' id='word_1_389' title='bbox 2991 2295 3022 2362; x_wconf 85' lang='grc' dir='ltr'>ἡ</span> <span class='ocrx_word' id='word_1_390' title='bbox 3048 2291 3248 2360; x_wconf 78' lang='grc' dir='ltr'>ἡμέρα·</span> <span class='ocrx_word' id='word_1_391' title='bbox 3280 2287 3386 2341; x_wconf 74' lang='grc' dir='ltr'>καὶ</span> <span class='ocrx_word' id='word_1_392' title='bbox 3408 2285 3514 2338; x_wconf 82' lang='grc' dir='ltr'>τῶν</span> <span class='ocrx_word' id='word_1_393' title='bbox 3543 2282 3692 2374; x_wconf 73' lang='grc' dir='ltr'>ἱδρω-</span> 
     </span>
    </p>
   </div>
   <div class='ocr_carea' id='block_1_53' title="bbox 2112 2371 3698 2456">
    <p class='ocr_par' dir='ltr' id='par_1_53' title="bbox 2112 2371 3698 2456">
     <span class='ocr_line' id='line_1_53' title="bbox 2112 2371 3698 2456; baseline -0.013 -11"><span class='ocrx_word' id='word_1_394' title='bbox 2112 2371 2222 2445; x_wconf 77' lang='grc' dir='ltr'><strong>των</strong></span> <span class='ocrx_word' id='word_1_395' title='bbox 2269 2387 2435 2444; x_wconf 80' lang='grc' dir='ltr'>αὐτοῦ</span> <span class='ocrx_word' id='word_1_396' title='bbox 2479 2387 2548 2441; x_wconf 78' lang='grc' dir='ltr'>τὰ</span> <span class='ocrx_word' id='word_1_397' title='bbox 2590 2386 2708 2456; x_wconf 85' lang='grc' dir='ltr'>ῐχνη</span> <span class='ocrx_word' id='word_1_398' title='bbox 2755 2385 2864 2437; x_wconf 81' lang='grc' dir='ltr'><strong>τῶν</strong></span> <span class='ocrx_word' id='word_1_399' title='bbox 2918 2381 3096 2434; x_wconf 79' lang='grc' dir='ltr'>ποδῶν</span> <span class='ocrx_word' id='word_1_400' title='bbox 3147 2377 3320 2432; x_wconf 78' lang='grc' dir='ltr'>αὐτοῦ</span> <span class='ocrx_word' id='word_1_401' title='bbox 3366 2375 3589 2444; x_wconf 88' lang='grc' dir='ltr'>γέγονεν</span> <span class='ocrx_word' id='word_1_402' title='bbox 3628 2371 3698 2434; x_wconf 79' lang='grc' dir='ltr'>ὡς</span> 
     </span>
    </p>
   </div>
   <div class='ocr_carea' id='block_1_54' title="bbox 2117 2465 3700 2554">
    <p class='ocr_par' dir='ltr' id='par_1_54' title="bbox 2117 2465 3700 2554">
     <span class='ocr_line' id='line_1_54' title="bbox 2117 2465 3700 2554; baseline -0.02 -4"><span class='ocrx_word' id='word_1_403' title='bbox 2117 2483 2308 2554; x_wconf 74' lang='grc' dir='ltr'>πηλός.</span> <span class='ocrx_word' id='word_1_404' title='bbox 2344 2482 2514 2553; x_wconf 78' lang='grc' dir='ltr'>Θέρος</span> <span class='ocrx_word' id='word_1_405' title='bbox 2558 2482 2670 2552; x_wconf 77' lang='grc' dir='ltr'><strong>γὰρ</strong></span> <span class='ocrx_word' id='word_1_406' title='bbox 2706 2476 2796 2553; x_wconf 79' lang='grc' dir='ltr'>ἦν,</span> <span class='ocrx_word' id='word_1_407' title='bbox 2833 2479 2929 2533; x_wconf 78' lang='grc' dir='ltr'>καὶ</span> <span class='ocrx_word' id='word_1_408' title='bbox 2955 2481 2982 2533; x_wconf 89' lang='grc' dir='ltr'><strong>ὀ</strong></span> <span class='ocrx_word' id='word_1_409' title='bbox 3009 2477 3174 2538; x_wconf 80' lang='grc' dir='ltr'>τόπος</span> <span class='ocrx_word' id='word_1_410' title='bbox 3205 2472 3574 2543; x_wconf 75' lang='grc' dir='ltr'>κατάθερμος·</span> <span class='ocrx_word' id='word_1_411' title='bbox 3609 2465 3700 2520; x_wconf 72' lang='grc' dir='ltr'><strong>καὶ</strong></span> 
     </span>
    </p>
   </div>
   <div class='ocr_carea' id='block_1_55' title="bbox 2124 2559 3703 2645">
    <p class='ocr_par' dir='ltr' id='par_1_55' title="bbox 2124 2559 3703 2645">
     <span class='ocr_line' id='line_1_55' title="bbox 2124 2559 3703 2645; baseline -0.011 -17"><span class='ocrx_word' id='word_1_412' title='bbox 2124 2574 2280 2642; x_wconf 79' lang='grc' dir='ltr'>ἔλεγε</span> <span class='ocrx_word' id='word_1_413' title='bbox 2329 2573 2626 2645; x_wconf 72' lang='grc' dir='ltr'>θαυμάζων</span> <span class='ocrx_word' id='word_1_414' title='bbox 2654 2575 2683 2627; x_wconf 90' lang='grc' dir='ltr'><strong>ό</strong></span> <span class='ocrx_word' id='word_1_415' title='bbox 2725 2573 3027 2645; x_wconf 85' lang='grc' dir='ltr'>μακάριος·</span> <span class='ocrx_word' id='word_1_416' title='bbox 3075 2569 3168 2640; x_wconf 83' lang='grc' dir='ltr'><strong>Μὴ</strong></span> <span class='ocrx_word' id='word_1_417' title='bbox 3200 2567 3316 2636; x_wconf 72' lang='grc' dir='ltr'><strong>γὰρ</strong></span> <span class='ocrx_word' id='word_1_418' title='bbox 3348 2561 3491 2634; x_wconf 75' lang='grc' dir='ltr'>εἶχον</span> <span class='ocrx_word' id='word_1_419' title='bbox 3524 2561 3592 2614; x_wconf 84' lang='grc' dir='ltr'>τὰ</span> <span class='ocrx_word' id='word_1_420' title='bbox 3613 2559 3703 2612; x_wconf 82' lang='grc' dir='ltr'><strong>δά-</strong></span> 
     </span>
    </p>
   </div>
   <div class='ocr_carea' id='block_1_56' title="bbox 2121 2653 3698 2738">
    <p class='ocr_par' dir='ltr' id='par_1_56' title="bbox 2121 2653 3698 2738">
     <span class='ocr_line' id='line_1_56' title="bbox 2121 2653 3698 2738; baseline -0.001 -20"><span class='ocrx_word' id='word_1_421' title='bbox 2121 2683 2264 2738; x_wconf 81' lang='grc' dir='ltr'>κρυα</span> <span class='ocrx_word' id='word_1_422' title='bbox 2294 2666 2458 2720; x_wconf 75' lang='grc' dir='ltr'>αὑτοῦ</span> <span class='ocrx_word' id='word_1_423' title='bbox 2494 2667 2712 2738; x_wconf 79' lang='grc' dir='ltr'>μέτρον·</span> <span class='ocrx_word' id='word_1_424' title='bbox 2759 2665 2886 2728; x_wconf 86' lang='grc' dir='ltr'><strong>Πῶς</strong></span> <span class='ocrx_word' id='word_1_425' title='bbox 2922 2664 2996 2734; x_wconf 81' lang='grc' dir='ltr'><strong>μὴ</strong></span> <span class='ocrx_word' id='word_1_426' title='bbox 3052 2661 3350 2734; x_wconf 82' lang='grc' dir='ltr'>χαρίσεται</span> <span class='ocrx_word' id='word_1_427' title='bbox 3392 2657 3420 2708; x_wconf 85' lang='grc' dir='ltr'><strong>ὁ</strong></span> <span class='ocrx_word' id='word_1_428' title='bbox 3465 2654 3594 2717; x_wconf 61' lang='lat' dir='ltr'><strong>De&quot;</strong></span> <span class='ocrx_word' id='word_1_429' title='bbox 3639 2653 3698 2722; x_wconf 65' lang='grc' dir='ltr'><strong>τῇ</strong></span> 
     </span>
    </p>
   </div>
   <div class='ocr_carea' id='block_1_57' title="bbox 2119 2741 3703 2828">
    <p class='ocr_par' dir='ltr' id='par_1_57' title="bbox 2119 2741 3703 2828">
     <span class='ocr_line' id='line_1_57' title="bbox 2119 2741 3703 2828; baseline -0.006 -20"><span class='ocrx_word' id='word_1_430' title='bbox 2119 2757 2344 2828; x_wconf 80' lang='grc' dir='ltr'>τοιαύτῃ</span> <span class='ocrx_word' id='word_1_431' title='bbox 2375 2757 2696 2827; x_wconf 79' lang='grc' dir='ltr'>προαιρέσει</span> <span class='ocrx_word' id='word_1_432' title='bbox 2743 2757 2919 2810; x_wconf 82' lang='grc' dir='ltr'>πάντα</span> <span class='ocrx_word' id='word_1_433' title='bbox 2947 2751 3114 2806; x_wconf 76' lang='grc' dir='ltr'>αὐτοῦ</span> <span class='ocrx_word' id='word_1_434' title='bbox 3163 2747 3231 2802; x_wconf 75' lang='grc' dir='ltr'>τὰ</span> <span class='ocrx_word' id='word_1_435' title='bbox 3273 2745 3459 2816; x_wconf 76' lang='grc' dir='ltr'>ἀγαθὰ</span> <span class='ocrx_word' id='word_1_436' title='bbox 3501 2744 3534 2798; x_wconf 79' lang='grc' dir='ltr'>ἃ</span> <span class='ocrx_word' id='word_1_437' title='bbox 3577 2741 3703 2813; x_wconf 76' lang='grc' dir='ltr'>ᾐτή-</span> 
     </span>
    </p>
   </div>
   <div class='ocr_carea' id='block_1_58' title="bbox 2124 2836 3702 2915">
    <p class='ocr_par' dir='ltr' id='par_1_58' title="bbox 2124 2836 3702 2915">
     <span class='ocr_line' id='line_1_58' title="bbox 2124 2836 3702 2915; baseline -0.01 -19"><span class='ocrx_word' id='word_1_438' title='bbox 2124 2859 2256 2896; x_wconf 86' lang='grc' dir='ltr'>σατο</span> <span class='ocrx_word' id='word_1_439' title='bbox 2301 2844 2432 2915; x_wconf 89' lang='grc' dir='ltr'>παρ’</span> <span class='ocrx_word' id='word_1_440' title='bbox 2461 2844 2658 2910; x_wconf 75' lang='grc' dir='ltr'>αὑτοῦ,</span> <span class='ocrx_word' id='word_1_441' title='bbox 2686 2843 2780 2898; x_wconf 80' lang='grc' dir='ltr'>τοῦ</span> <span class='ocrx_word' id='word_1_442' title='bbox 2813 2840 2956 2896; x_wconf 80' lang='grc' dir='ltr'>εἶναι</span> <span class='ocrx_word' id='word_1_443' title='bbox 3000 2839 3164 2894; x_wconf 78' lang='grc' dir='ltr'>αὐτὸν</span> <span class='ocrx_word' id='word_1_444' title='bbox 3202 2837 3320 2894; x_wconf 75' lang='grc' dir='ltr'><strong>ἀπὸ</strong></span> <span class='ocrx_word' id='word_1_445' title='bbox 3369 2836 3584 2888; x_wconf 85' lang='grc' dir='ltr'>πάντων</span> <span class='ocrx_word' id='word_1_446' title='bbox 3618 2845 3702 2882; x_wconf 82' lang='grc' dir='ltr'>νε-</span> 
     </span>
    </p>
   </div>
   <div class='ocr_carea' id='block_1_59' title="bbox 2125 2935 2280 3004">
    <p class='ocr_par' dir='ltr' id='par_1_59' title="bbox 2125 2935 2280 3004">
     <span class='ocr_line' id='line_1_59' title="bbox 2125 2935 2280 3004; baseline 0 -16"><span class='ocrx_word' id='word_1_447' title='bbox 2125 2935 2280 3004; x_wconf 88' lang='grc' dir='ltr'>κρόν;</span> 
     </span>
    </p>
   </div>
   <div class='ocr_carea' id='block_1_60' title="bbox 443 3015 3699 3092">
    <p class='ocr_par' dir='ltr' id='par_1_60' title="bbox 443 3015 3699 3092">
     <span class='ocr_line' id='line_1_60' title="bbox 443 3015 3699 3092; baseline 0 -24"><span class='ocrx_word' id='word_1_448' title='bbox 443 3022 585 3080; x_wconf 87' lang='lat' dir='ltr'><strong>erat,</strong></span> <span class='ocrx_word' id='word_1_449' title='bbox 629 3027 685 3070; x_wconf 88' lang='lat' dir='ltr'><strong>et</strong></span> <span class='ocrx_word' id='word_1_450' title='bbox 722 3016 876 3072; x_wconf 88' lang='lat' dir='ltr'><strong>locus</strong></span> <span class='ocrx_word' id='word_1_451' title='bbox 924 3017 1013 3073; x_wconf 88' lang='lat' dir='ltr'><strong>illo</strong></span> <span class='ocrx_word' id='word_1_452' title='bbox 1042 3017 1422 3074; x_wconf 88' lang='lat' dir='ltr'><strong>calidissimus.</strong></span> <span class='ocrx_word' id='word_1_453' title='bbox 1468 3019 1537 3075; x_wconf 87' lang='lat' dir='ltr'><strong>Et</strong></span> <span class='ocrx_word' id='word_1_454' title='bbox 1578 3021 1714 3075; x_wconf 83' lang='lat' dir='ltr'><strong>dixit</strong></span> <span class='ocrx_word' id='word_1_455' title='bbox 1745 3021 2021 3076; x_wconf 82' lang='lat' dir='ltr'><strong>admirans</strong></span> <span class='ocrx_word' id='word_1_456' title='bbox 2061 3022 2287 3079; x_wconf 86' lang='lat' dir='ltr'><strong>beatus:</strong></span> <span class='ocrx_word' id='word_1_457' title='bbox 2323 3040 2427 3080; x_wconf 87' lang='lat' dir='ltr'><strong>non</strong></span> <span class='ocrx_word' id='word_1_458' title='bbox 2458 3026 2600 3080; x_wconf 89' lang='lat' dir='ltr'><strong>enim</strong></span> <span class='ocrx_word' id='word_1_459' title='bbox 2646 3023 2915 3080; x_wconf 76' lang='lat' dir='ltr'><strong>habebant</strong></span> <span class='ocrx_word' id='word_1_460' title='bbox 2971 3022 3090 3092; x_wconf 88' lang='lat' dir='ltr'><strong>ejus</strong></span> <span class='ocrx_word' id='word_1_461' title='bbox 3154 3021 3411 3091; x_wconf 78' lang='lat' dir='ltr'><strong>lacrymze</strong></span> <span class='ocrx_word' id='word_1_462' title='bbox 3455 3015 3699 3074; x_wconf 82' lang='lat' dir='ltr'><strong>modum:</strong></span> 
     </span>
    </p>
   </div>
   <div class='ocr_carea' id='block_1_61' title="bbox 435 3103 3703 3188">
    <p class='ocr_par' dir='ltr' id='par_1_61' title="bbox 435 3103 3703 3188">
     <span class='ocr_line' id='line_1_61' title="bbox 435 3103 3703 3188; baseline -0.002 -24"><span class='ocrx_word' id='word_1_463' title='bbox 435 3109 722 3178; x_wconf 85' lang='lat' dir='ltr'><strong>Quomodo</strong></span> <span class='ocrx_word' id='word_1_464' title='bbox 776 3125 880 3164; x_wconf 91' lang='lat' dir='ltr'><strong>non</strong></span> <span class='ocrx_word' id='word_1_465' title='bbox 929 3109 1226 3181; x_wconf 82' lang='lat' dir='ltr'><strong>indulgebit</strong></span> <span class='ocrx_word' id='word_1_466' title='bbox 1282 3111 1372 3166; x_wconf 91' lang='lat' dir='ltr'><strong>tali</strong></span> <span class='ocrx_word' id='word_1_467' title='bbox 1419 3114 1692 3184; x_wconf 89' lang='lat' dir='ltr'><strong>proposito</strong></span> <span class='ocrx_word' id='word_1_468' title='bbox 1744 3113 1886 3171; x_wconf 89' lang='lat' dir='ltr'><strong>Deus</strong></span> <span class='ocrx_word' id='word_1_469' title='bbox 1933 3130 2030 3171; x_wconf 90' lang='lat' dir='ltr'><strong>sua</strong></span> <span class='ocrx_word' id='word_1_470' title='bbox 2069 3117 2248 3172; x_wconf 86' lang='lat' dir='ltr'><strong>omnia</strong></span> <span class='ocrx_word' id='word_1_471' title='bbox 2280 3133 2401 3188; x_wconf 66' lang='lat' dir='ltr'><strong>quae</strong></span> <span class='ocrx_word' id='word_1_472' title='bbox 2470 3118 2537 3173; x_wconf 90' lang='lat' dir='ltr'><strong>ab</strong></span> <span class='ocrx_word' id='word_1_473' title='bbox 2582 3118 2697 3188; x_wconf 90' lang='lat' dir='ltr'><strong>ipso</strong></span> <span class='ocrx_word' id='word_1_474' title='bbox 2724 3117 2880 3188; x_wconf 91' lang='lat' dir='ltr'><strong>petiit</strong></span> <span class='ocrx_word' id='word_1_475' title='bbox 2947 3117 3110 3181; x_wconf 88' lang='lat' dir='ltr'><strong>bona,</strong></span> <span class='ocrx_word' id='word_1_476' title='bbox 3155 3127 3223 3170; x_wconf 88' lang='lat' dir='ltr'><strong>eo</strong></span> <span class='ocrx_word' id='word_1_477' title='bbox 3269 3110 3418 3182; x_wconf 84' lang='lat' dir='ltr'><strong>quod</strong></span> <span class='ocrx_word' id='word_1_478' title='bbox 3463 3108 3604 3162; x_wconf 88' lang='lat' dir='ltr'><strong>illum</strong></span> <span class='ocrx_word' id='word_1_479' title='bbox 3631 3103 3703 3156; x_wconf 80' lang='lat' dir='ltr'><strong>vi-</strong></span> 
     </span>
    </p>
   </div>
   <div class='ocr_carea' id='block_1_62' title="bbox 445 3200 1355 3257">
    <p class='ocr_par' dir='ltr' id='par_1_62' title="bbox 445 3200 1355 3257">
     <span class='ocr_line' id='line_1_62' title="bbox 445 3200 1355 3257; baseline 0.003 -3"><span class='ocrx_word' id='word_1_480' title='bbox 445 3201 572 3254; x_wconf 87' lang='lat' dir='ltr'><strong>deat</strong></span> <span class='ocrx_word' id='word_1_481' title='bbox 608 3200 818 3256; x_wconf 77' lang='lat' dir='ltr'><strong>cunt-tis</strong></span> <span class='ocrx_word' id='word_1_482' title='bbox 851 3200 1012 3256; x_wconf 84' lang='lat' dir='ltr'><strong>rebus</strong></span> <span class='ocrx_word' id='word_1_483' title='bbox 1043 3203 1355 3257; x_wconf 86' lang='lat' dir='ltr'><strong>mortuum?</strong></span> 
     </span>
    </p>
   </div>
   <div class='ocr_carea' id='block_1_63' title="bbox 517 3289 2024 3368">
    <p class='ocr_par' dir='ltr' id='par_1_63' title="bbox 517 3289 2024 3368">
     <span class='ocr_line' id='line_1_63' title="bbox 517 3289 2024 3368; baseline 0.005 -24"><span class='ocrx_word' id='word_1_484' title='bbox 517 3289 606 3346; x_wconf 86' lang='lat' dir='ltr'><strong>Ill.</strong></span> <span class='ocrx_word' id='word_1_485' title='bbox 655 3291 801 3346; x_wconf 79' lang='lat' dir='ltr'><strong>Dixit</strong></span> <span class='ocrx_word' id='word_1_486' title='bbox 844 3293 1034 3347; x_wconf 86' lang='lat' dir='ltr'><strong>rursus</strong></span> <span class='ocrx_word' id='word_1_487' title='bbox 1070 3293 1210 3348; x_wconf 88' lang='lat' dir='ltr'><strong>idem</strong></span> <span class='ocrx_word' id='word_1_488' title='bbox 1243 3292 1530 3350; x_wconf 87' lang='lat' dir='ltr'><strong>Zosimas:</strong></span> <span class='ocrx_word' id='word_1_489' title='bbox 1565 3295 1791 3362; x_wconf 86' lang='lat' dir='ltr'><strong>Quando</strong></span> <span class='ocrx_word' id='word_1_490' title='bbox 1823 3296 2024 3368; x_wconf 79' lang='lat' dir='ltr'><strong>excipit</strong></span> 
     </span>
    </p>
   </div>
   <div class='ocr_carea' id='block_1_64' title="bbox 2126 3289 3706 3368">
    <p class='ocr_par' dir='ltr' id='par_1_64' title="bbox 2197 3289 3706 3364">
     <span class='ocr_line' id='line_1_64' title="bbox 2197 3289 3706 3364; baseline -0.004 -16"><span class='ocrx_word' id='word_1_491' title='bbox 2197 3296 2271 3350; x_wconf 76' lang='lat'><strong>1&quot;.</strong></span> <span class='ocrx_word' id='word_1_492' title='bbox 2313 3294 2424 3349; x_wconf 73' lang='grc' dir='ltr'>Καὶ</span> <span class='ocrx_word' id='word_1_493' title='bbox 2453 3293 2638 3361; x_wconf 80' lang='grc' dir='ltr'>ἔλεγεν</span> <span class='ocrx_word' id='word_1_494' title='bbox 2658 3336 2673 3361; x_wconf 92' lang='grc'><strong>,</strong></span> <span class='ocrx_word' id='word_1_495' title='bbox 2703 3293 2786 3348; x_wconf 85' lang='grc' dir='ltr'>ὅτι</span> <span class='ocrx_word' id='word_1_496' title='bbox 2835 3294 2962 3348; x_wconf 68' lang='lat' dir='ltr'><strong>‘Eiv</strong></span> <span class='ocrx_word' id='word_1_497' title='bbox 2996 3291 3141 3364; x_wconf 77' lang='grc' dir='ltr'><strong>λάϐῃ</strong></span> <span class='ocrx_word' id='word_1_498' title='bbox 3168 3307 3254 3352; x_wconf 87' lang='grc' dir='ltr'><strong>τις</strong></span> <span class='ocrx_word' id='word_1_499' title='bbox 3275 3291 3465 3361; x_wconf 85' lang='grc' dir='ltr'>νόημα</span> <span class='ocrx_word' id='word_1_500' title='bbox 3497 3289 3706 3360; x_wconf 79' lang='grc' dir='ltr'>θλίψαν-</span> 
     </span>
    </p>
   </div>
   <div class='ocr_carea' id='block_1_65' title="bbox 448 3381 2026 3458">
    <p class='ocr_par' dir='ltr' id='par_1_65' title="bbox 448 3381 2026 3458">
     <span class='ocr_line' id='line_1_65' title="bbox 448 3381 2026 3458; baseline 0.007 -25"><span class='ocrx_word' id='word_1_501' title='bbox 448 3381 572 3452; x_wconf 89' lang='lat' dir='ltr'><strong>quis</strong></span> <span class='ocrx_word' id='word_1_502' title='bbox 618 3381 798 3437; x_wconf 89' lang='lat' dir='ltr'><strong>animo</strong></span> <span class='ocrx_word' id='word_1_503' title='bbox 829 3383 1107 3454; x_wconf 87' lang='lat' dir='ltr'><strong>appulsam</strong></span> <span class='ocrx_word' id='word_1_504' title='bbox 1153 3387 1536 3456; x_wconf 82' lang='lat' dir='ltr'><strong>cogitationem</strong></span> <span class='ocrx_word' id='word_1_505' title='bbox 1583 3387 1651 3442; x_wconf 88' lang='lat' dir='ltr'><strong>de</strong></span> <span class='ocrx_word' id='word_1_506' title='bbox 1704 3389 1884 3458; x_wconf 89' lang='lat' dir='ltr'><strong>aliquo</strong></span> <span class='ocrx_word' id='word_1_507' title='bbox 1932 3389 2026 3458; x_wconf 90' lang='lat' dir='ltr'><strong>qui</strong></span> 
     </span>
    </p>
   </div>
   <div class='ocr_carea' id='block_1_66' title="bbox 449 3475 2030 3545">
    <p class='ocr_par' dir='ltr' id='par_1_66' title="bbox 449 3475 2030 3545">
     <span class='ocr_line' id='line_1_66' title="bbox 449 3475 2030 3545; baseline 0.004 -17"><span class='ocrx_word' id='word_1_508' title='bbox 449 3475 626 3543; x_wconf 86' lang='lat' dir='ltr'><strong>ipsum</strong></span> <span class='ocrx_word' id='word_1_509' title='bbox 661 3476 896 3542; x_wconf 82' lang='lat' dir='ltr'><strong>vexavit,</strong></span> <span class='ocrx_word' id='word_1_510' title='bbox 929 3478 1146 3544; x_wconf 87' lang='lat' dir='ltr'><strong>damno,</strong></span> <span class='ocrx_word' id='word_1_511' title='bbox 1177 3479 1524 3545; x_wconf 88' lang='lat' dir='ltr'><strong>contumelia,</strong></span> <span class='ocrx_word' id='word_1_512' title='bbox 1557 3479 1638 3534; x_wconf 90' lang='lat' dir='ltr'><strong>vel</strong></span> <span class='ocrx_word' id='word_1_513' title='bbox 1670 3482 1917 3536; x_wconf 89' lang='lat' dir='ltr'><strong>convicio</strong></span> <span class='ocrx_word' id='word_1_514' title='bbox 1949 3481 2030 3534; x_wconf 79' lang='lat' dir='ltr'><strong>af-</strong></span> 
     </span>
    </p>
   </div>
   <div class='ocr_carea' id='block_1_67' title="bbox 451 3564 2030 3639">
    <p class='ocr_par' dir='ltr' id='par_1_67' title="bbox 451 3564 2030 3639">
     <span class='ocr_line' id='line_1_67' title="bbox 451 3564 2030 3639; baseline 0.004 -21"><span class='ocrx_word' id='word_1_515' title='bbox 451 3564 624 3634; x_wconf 81' lang='lat' dir='ltr'><strong>fecit,</strong></span> <span class='ocrx_word' id='word_1_516' title='bbox 681 3579 775 3620; x_wconf 85' lang='lat' dir='ltr'><strong>aut</strong></span> <span class='ocrx_word' id='word_1_517' title='bbox 823 3567 928 3620; x_wconf 84' lang='lat' dir='ltr'><strong>alia</strong></span> <span class='ocrx_word' id='word_1_518' title='bbox 979 3569 1171 3638; x_wconf 83' lang='lat' dir='ltr'><strong>quavis</strong></span> <span class='ocrx_word' id='word_1_519' title='bbox 1219 3569 1419 3639; x_wconf 83' lang='lat' dir='ltr'><strong>injuria</strong></span> <span class='ocrx_word' id='word_1_520' title='bbox 1472 3571 1692 3626; x_wconf 87' lang='lat' dir='ltr'><strong>violavit</strong></span> <span class='ocrx_word' id='word_1_521' title='bbox 1733 3583 1832 3626; x_wconf 89' lang='lat' dir='ltr'><strong>:et</strong></span> <span class='ocrx_word' id='word_1_522' title='bbox 1885 3570 2030 3625; x_wconf 76' lang='lat' dir='ltr'><strong>fovet</strong></span> 
     </span>
    </p>
   </div>
   <div class='ocr_carea' id='block_1_68' title="bbox 452 3657 2032 3730">
    <p class='ocr_par' dir='ltr' id='par_1_68' title="bbox 452 3657 2032 3730">
     <span class='ocr_line' id='line_1_68' title="bbox 452 3657 2032 3730; baseline 0.007 -20"><span class='ocrx_word' id='word_1_523' title='bbox 452 3657 737 3714; x_wconf 56' lang='lat' dir='ltr'><strong>adhaerens</strong></span> <span class='ocrx_word' id='word_1_524' title='bbox 787 3660 1026 3730; x_wconf 74' lang='lat' dir='ltr'><strong>texitque</strong></span> <span class='ocrx_word' id='word_1_525' title='bbox 1073 3677 1264 3718; x_wconf 87' lang='lat' dir='ltr'><strong>sensus</strong></span> <span class='ocrx_word' id='word_1_526' title='bbox 1291 3669 1481 3720; x_wconf 85' lang='lat' dir='ltr'><strong>contra</strong></span> <span class='ocrx_word' id='word_1_527' title='bbox 1527 3664 1806 3719; x_wconf 89' lang='lat' dir='ltr'><strong>inimicum</strong></span> <span class='ocrx_word' id='word_1_528' title='bbox 1855 3666 2032 3721; x_wconf 87' lang='lat' dir='ltr'><strong>rabio-</strong></span> 
     </span>
    </p>
   </div>
   <div class='ocr_carea' id='block_1_69' title="bbox 453 3751 2030 3825">
    <p class='ocr_par' dir='ltr' id='par_1_69' title="bbox 453 3751 2030 3825">
     <span class='ocr_line' id='line_1_69' title="bbox 453 3751 2030 3825; baseline 0.004 -21"><span class='ocrx_word' id='word_1_529' title='bbox 453 3763 592 3804; x_wconf 82' lang='lat' dir='ltr'><strong>sus:</strong></span> <span class='ocrx_word' id='word_1_530' title='bbox 634 3751 920 3807; x_wconf 86' lang='lat' dir='ltr'><strong>insidiatur</strong></span> <span class='ocrx_word' id='word_1_531' title='bbox 968 3755 1199 3822; x_wconf 75' lang='lat' dir='ltr'><strong>propriae</strong></span> <span class='ocrx_word' id='word_1_532' title='bbox 1241 3754 1436 3809; x_wconf 74' lang='lat' dir='ltr'><strong>anima:</strong></span> <span class='ocrx_word' id='word_1_533' title='bbox 1477 3755 1651 3811; x_wconf 88' lang='lat' dir='ltr'><strong>instar</strong></span> <span class='ocrx_word' id='word_1_534' title='bbox 1701 3756 2030 3825; x_wconf 63' lang='lat' dir='ltr'><strong>daemonum,</strong></span> 
     </span>
    </p>
   </div>
   <div class='ocr_carea' id='block_1_70' title="bbox 455 3837 2034 3921">
    <p class='ocr_par' dir='ltr' id='par_1_70' title="bbox 455 3837 2034 3921">
     <span class='ocr_line' id='line_1_70' title="bbox 455 3837 2034 3921; baseline 0.005 -26"><span class='ocrx_word' id='word_1_535' title='bbox 455 3837 654 3896; x_wconf 77' lang='lat' dir='ltr'><strong>sullicit</strong></span> <span class='ocrx_word' id='word_1_536' title='bbox 704 3843 847 3921; x_wconf 80' lang='lat' dir='ltr'><strong>enim</strong></span> <span class='ocrx_word' id='word_1_537' title='bbox 885 3843 1000 3912; x_wconf 90' lang='lat' dir='ltr'><strong>ipse</strong></span> <span class='ocrx_word' id='word_1_538' title='bbox 1031 3844 1132 3899; x_wconf 90' lang='lat' dir='ltr'><strong>sibi</strong></span> <span class='ocrx_word' id='word_1_539' title='bbox 1184 3844 1301 3900; x_wconf 90' lang='lat' dir='ltr'><strong>sine</strong></span> <span class='ocrx_word' id='word_1_540' title='bbox 1341 3861 1508 3918; x_wconf 81' lang='lat' dir='ltr'><strong>Opera</strong></span> <span class='ocrx_word' id='word_1_541' title='bbox 1542 3847 1754 3902; x_wconf 89' lang='lat' dir='ltr'><strong>illorum</strong></span> <span class='ocrx_word' id='word_1_542' title='bbox 1799 3849 1866 3902; x_wconf 85' lang='lat' dir='ltr'><strong>ad</strong></span> <span class='ocrx_word' id='word_1_543' title='bbox 1910 3863 2034 3919; x_wconf 86' lang='lat' dir='ltr'><strong>per-</strong></span> 
     </span>
    </p>
   </div>
   <div class='ocr_carea' id='block_1_71' title="bbox 457 3930 2036 4011">
    <p class='ocr_par' dir='ltr' id='par_1_71' title="bbox 457 3930 2036 4011">
     <span class='ocr_line' id='line_1_71' title="bbox 457 3930 2036 4011; baseline 0.005 -25"><span class='ocrx_word' id='word_1_544' title='bbox 457 3931 690 3986; x_wconf 88' lang='lat' dir='ltr'><strong>dendum</strong></span> <span class='ocrx_word' id='word_1_545' title='bbox 743 3947 822 3988; x_wconf 90' lang='lat' dir='ltr'><strong>se.</strong></span> <span class='ocrx_word' id='word_1_546' title='bbox 885 3933 952 3988; x_wconf 87' lang='lat' dir='ltr'><strong>Et</strong></span> <span class='ocrx_word' id='word_1_547' title='bbox 1007 3934 1134 4002; x_wconf 91' lang='lat' dir='ltr'><strong>quid</strong></span> <span class='ocrx_word' id='word_1_548' title='bbox 1195 3930 1353 4011; x_wconf 62' lang='lat' dir='ltr'><strong>dico:</strong></span> <span class='ocrx_word' id='word_1_549' title='bbox 1395 3938 1611 4006; x_wconf 88' lang='lat' dir='ltr'><strong>quando</strong></span> <span class='ocrx_word' id='word_1_550' title='bbox 1679 3939 2036 4008; x_wconf 83' lang='lat' dir='ltr'><strong>cogitationes</strong></span> 
     </span>
    </p>
   </div>
   <div class='ocr_carea' id='block_1_72' title="bbox 459 4021 2034 4096">
    <p class='ocr_par' dir='ltr' id='par_1_72' title="bbox 459 4021 2034 4096">
     <span class='ocr_line' id='line_1_72' title="bbox 459 4021 2034 4096; baseline 0.004 -19"><span class='ocrx_word' id='word_1_551' title='bbox 459 4021 596 4078; x_wconf 89' lang='lat' dir='ltr'><strong>tales</strong></span> <span class='ocrx_word' id='word_1_552' title='bbox 645 4025 883 4079; x_wconf 80' lang='lat' dir='ltr'><strong>contexit</strong></span> <span class='ocrx_word' id='word_1_553' title='bbox 928 4033 1092 4092; x_wconf 90' lang='lat' dir='ltr'><strong>atque</strong></span> <span class='ocrx_word' id='word_1_554' title='bbox 1133 4025 1538 4095; x_wconf 81' lang='lat' dir='ltr'><strong>implicat?Aio</strong></span> <span class='ocrx_word' id='word_1_555' title='bbox 1588 4039 1878 4096; x_wconf 76' lang='lat' dir='ltr'><strong>praeterea,</strong></span> <span class='ocrx_word' id='word_1_556' title='bbox 1931 4029 2034 4084; x_wconf 90' lang='lat' dir='ltr'><strong>nisi</strong></span> 
     </span>
    </p>
   </div>
   <div class='ocr_carea' id='block_1_73' title="bbox 459 4113 2038 4188">
    <p class='ocr_par' dir='ltr' id='par_1_73' title="bbox 459 4113 2038 4188">
     <span class='ocr_line' id='line_1_73' title="bbox 459 4113 2038 4188; baseline 0.004 -20"><span class='ocrx_word' id='word_1_557' title='bbox 459 4113 762 4170; x_wconf 85' lang='lat' dir='ltr'><strong>adversarii</strong></span> <span class='ocrx_word' id='word_1_558' title='bbox 809 4115 1114 4172; x_wconf 87' lang='lat' dir='ltr'><strong>meminerit</strong></span> <span class='ocrx_word' id='word_1_559' title='bbox 1150 4127 1402 4188; x_wconf 85' lang='lat' dir='ltr'><strong>tanquam</strong></span> <span class='ocrx_word' id='word_1_560' title='bbox 1443 4118 1806 4176; x_wconf 81' lang='lat' dir='ltr'><strong>benefactoris</strong></span> <span class='ocrx_word' id='word_1_561' title='bbox 1842 4131 1896 4176; x_wconf 93' lang='lat' dir='ltr'><strong>et</strong></span> <span class='ocrx_word' id='word_1_562' title='bbox 1925 4137 2038 4175; x_wconf 89' lang='lat' dir='ltr'><strong>me-</strong></span> 
     </span>
    </p>
   </div>
   <div class='ocr_carea' id='block_1_74' title="bbox 461 4203 2036 4279">
    <p class='ocr_par' dir='ltr' id='par_1_74' title="bbox 461 4203 2036 4279">
     <span class='ocr_line' id='line_1_74' title="bbox 461 4203 2036 4279; baseline 0.006 -19"><span class='ocrx_word' id='word_1_563' title='bbox 461 4203 591 4272; x_wconf 85' lang='lat' dir='ltr'><strong>dici,</strong></span> <span class='ocrx_word' id='word_1_564' title='bbox 625 4215 784 4262; x_wconf 87' lang='lat' dir='ltr'><strong>nocet</strong></span> <span class='ocrx_word' id='word_1_565' title='bbox 814 4205 1287 4264; x_wconf 87' lang='lat' dir='ltr'><strong>immedicabiliter</strong></span> <span class='ocrx_word' id='word_1_566' title='bbox 1323 4209 1424 4264; x_wconf 89' lang='lat' dir='ltr'><strong>sibi</strong></span> <span class='ocrx_word' id='word_1_567' title='bbox 1456 4210 1577 4279; x_wconf 87' lang='lat' dir='ltr'><strong>ipsi.</strong></span> <span class='ocrx_word' id='word_1_568' title='bbox 1608 4211 1746 4277; x_wconf 87' lang='lat' dir='ltr'><strong>Quid</strong></span> <span class='ocrx_word' id='word_1_569' title='bbox 1776 4213 1920 4268; x_wconf 89' lang='lat' dir='ltr'><strong>enim</strong></span> <span class='ocrx_word' id='word_1_570' title='bbox 1953 4214 2036 4270; x_wconf 90' lang='lat' dir='ltr'><strong>ais</strong></span> 
     </span>
    </p>
   </div>
   <div class='ocr_carea' id='block_1_75' title="bbox 461 4299 2045 4377">
    <p class='ocr_par' dir='ltr' id='par_1_75' title="bbox 461 4299 2045 4377">
     <span class='ocr_line' id='line_1_75' title="bbox 461 4299 2045 4377; baseline 0.005 -23"><span class='ocrx_word' id='word_1_571' title='bbox 461 4308 518 4354; x_wconf 85' lang='lat' dir='ltr'><strong>te</strong></span> <span class='ocrx_word' id='word_1_572' title='bbox 537 4299 836 4354; x_wconf 76' lang='lat' dir='ltr'><strong>vexatum?</strong></span> <span class='ocrx_word' id='word_1_573' title='bbox 867 4299 917 4355; x_wconf 91' lang='lat' dir='ltr'><strong>ls</strong></span> <span class='ocrx_word' id='word_1_574' title='bbox 946 4314 974 4354; x_wconf 91' lang='lat' dir='ltr'><strong>a</strong></span> <span class='ocrx_word' id='word_1_575' title='bbox 1007 4315 1114 4369; x_wconf 88' lang='lat' dir='ltr'><strong>quo</strong></span> <span class='ocrx_word' id='word_1_576' title='bbox 1141 4317 1355 4372; x_wconf 80' lang='lat' dir='ltr'><strong>passum</strong></span> <span class='ocrx_word' id='word_1_577' title='bbox 1387 4312 1438 4358; x_wconf 89' lang='lat' dir='ltr'><strong>te</strong></span> <span class='ocrx_word' id='word_1_578' title='bbox 1465 4305 1732 4372; x_wconf 87' lang='lat' dir='ltr'><strong>quereris,</strong></span> <span class='ocrx_word' id='word_1_579' title='bbox 1763 4311 1816 4358; x_wconf 90' lang='lat' dir='ltr'><strong>te</strong></span> <span class='ocrx_word' id='word_1_580' title='bbox 1843 4319 2045 4377; x_wconf 79' lang='lat' dir='ltr'><strong>purga-</strong></span> 
     </span>
    </p>
   </div>
   <div class='ocr_carea' id='block_1_76' title="bbox 461 4391 2042 4467">
    <p class='ocr_par' dir='ltr' id='par_1_76' title="bbox 461 4391 2042 4467">
     <span class='ocr_line' id='line_1_76' title="bbox 461 4391 2042 4467; baseline 0.005 -22"><span class='ocrx_word' id='word_1_581' title='bbox 461 4391 560 4458; x_wconf 79' lang='lat' dir='ltr'><strong>vit,</strong></span> <span class='ocrx_word' id='word_1_582' title='bbox 595 4399 745 4446; x_wconf 88' lang='lat' dir='ltr'><strong>tuum</strong></span> <span class='ocrx_word' id='word_1_583' title='bbox 779 4392 990 4448; x_wconf 91' lang='lat' dir='ltr'><strong>curavit</strong></span> <span class='ocrx_word' id='word_1_584' title='bbox 1023 4393 1295 4458; x_wconf 87' lang='lat' dir='ltr'><strong>morbum,</strong></span> <span class='ocrx_word' id='word_1_585' title='bbox 1328 4407 1384 4448; x_wconf 87' lang='lat' dir='ltr'><strong>ct</strong></span> <span class='ocrx_word' id='word_1_586' title='bbox 1411 4396 1578 4452; x_wconf 86' lang='lat' dir='ltr'><strong>debes</strong></span> <span class='ocrx_word' id='word_1_587' title='bbox 1621 4397 1894 4452; x_wconf 88' lang='lat' dir='ltr'><strong>recordari</strong></span> <span class='ocrx_word' id='word_1_588' title='bbox 1927 4397 2042 4467; x_wconf 74' lang='lat' dir='ltr'><strong>ejus</strong></span> 
     </span>
    </p>
   </div>
   <div class='ocr_carea' id='block_1_77' title="bbox 462 4484 2044 4553">
    <p class='ocr_par' dir='ltr' id='par_1_77' title="bbox 462 4484 2044 4553">
     <span class='ocr_line' id='line_1_77' title="bbox 462 4484 2044 4553; baseline 0.004 -15"><span class='ocrx_word' id='word_1_589' title='bbox 462 4492 720 4553; x_wconf 84' lang='lat' dir='ltr'><strong>tanquam</strong></span> <span class='ocrx_word' id='word_1_590' title='bbox 779 4484 971 4540; x_wconf 83' lang='lat' dir='ltr'><strong>medici</strong></span> <span class='ocrx_word' id='word_1_591' title='bbox 1031 4485 1123 4540; x_wconf 90' lang='lat' dir='ltr'><strong>tibi</strong></span> <span class='ocrx_word' id='word_1_592' title='bbox 1187 4501 1216 4539; x_wconf 89' lang='lat' dir='ltr'><strong>a</strong></span> <span class='ocrx_word' id='word_1_593' title='bbox 1278 4484 1493 4540; x_wconf 85' lang='lat' dir='ltr'><strong>Christo</strong></span> <span class='ocrx_word' id='word_1_594' title='bbox 1557 4487 1706 4541; x_wconf 86' lang='lat' dir='ltr'><strong>missi</strong></span> <span class='ocrx_word' id='word_1_595' title='bbox 1765 4505 1778 4542; x_wconf 89' lang='lat'><strong>:</strong></span> <span class='ocrx_word' id='word_1_596' title='bbox 1830 4487 2044 4543; x_wconf 88' lang='lat' dir='ltr'><strong>debitor</strong></span> 
     </span>
    </p>
   </div>
   <div class='ocr_carea' id='block_1_78' title="bbox 2128 3381 3706 3459">
    <p class='ocr_par' dir='ltr' id='par_1_78' title="bbox 2128 3381 3706 3459">
     <span class='ocr_line' id='line_1_78' title="bbox 2128 3381 3706 3459; baseline -0.006 -17"><span class='ocrx_word' id='word_1_597' title='bbox 2128 3405 2221 3452; x_wconf 90' lang='grc' dir='ltr'><strong>τος</strong></span> <span class='ocrx_word' id='word_1_598' title='bbox 2246 3386 2430 3454; x_wconf 80' lang='grc' dir='ltr'>αὑτὸν,</span> <span class='ocrx_word' id='word_1_599' title='bbox 2455 3387 2490 3459; x_wconf 79' lang='grc' dir='ltr'>ἢ</span> <span class='ocrx_word' id='word_1_600' title='bbox 2525 3384 2908 3456; x_wconf 78' lang='grc' dir='ltr'>ζημιώσαντος</span> <span class='ocrx_word' id='word_1_601' title='bbox 2931 3425 2947 3451; x_wconf 92' lang='grc'><strong>,</strong></span> <span class='ocrx_word' id='word_1_602' title='bbox 2970 3383 3005 3455; x_wconf 80' lang='grc' dir='ltr'>ἢ</span> <span class='ocrx_word' id='word_1_603' title='bbox 3039 3384 3485 3453; x_wconf 80' lang='grc' dir='ltr'>λοιδορήσαντος,</span> <span class='ocrx_word' id='word_1_604' title='bbox 3515 3381 3548 3453; x_wconf 78' lang='grc' dir='ltr'>ἢ</span> <span class='ocrx_word' id='word_1_605' title='bbox 3581 3383 3706 3434; x_wconf 84' lang='grc' dir='ltr'>ὀνει-</span> 
     </span>
    </p>
   </div>
   <div class='ocr_carea' id='block_1_79' title="bbox 2127 3474 3706 3550">
    <p class='ocr_par' dir='ltr' id='par_1_79' title="bbox 2127 3474 3706 3550">
     <span class='ocr_line' id='line_1_79' title="bbox 2127 3474 3706 3550; baseline -0.005 -14"><span class='ocrx_word' id='word_1_606' title='bbox 2127 3482 2401 3546; x_wconf 86' lang='grc' dir='ltr'>δίσαντος,</span> <span class='ocrx_word' id='word_1_607' title='bbox 2442 3479 2475 3550; x_wconf 82' lang='grc' dir='ltr'><strong>ἢ</strong></span> <span class='ocrx_word' id='word_1_608' title='bbox 2533 3479 2659 3549; x_wconf 80' lang='grc' dir='ltr'><strong>εἰκῆ</strong></span> <span class='ocrx_word' id='word_1_609' title='bbox 2687 3477 3076 3550; x_wconf 82' lang='grc' dir='ltr'>διασύραντος,</span> <span class='ocrx_word' id='word_1_610' title='bbox 3113 3475 3146 3548; x_wconf 79' lang='grc' dir='ltr'>ἢ</span> <span class='ocrx_word' id='word_1_611' title='bbox 3182 3478 3296 3530; x_wconf 76' lang='grc' dir='ltr'>πᾶν</span> <span class='ocrx_word' id='word_1_612' title='bbox 3337 3475 3516 3530; x_wconf 77' lang='grc' dir='ltr'>ὁτιοῦν</span> <span class='ocrx_word' id='word_1_613' title='bbox 3547 3474 3706 3528; x_wconf 82' lang='grc' dir='ltr'>κακὸν</span> 
     </span>
    </p>
   </div>
   <div class='ocr_carea' id='block_1_80' title="bbox 2131 3567 3707 3646">
    <p class='ocr_par' dir='ltr' id='par_1_80' title="bbox 2131 3567 3707 3646">
     <span class='ocr_line' id='line_1_80' title="bbox 2131 3567 3707 3646; baseline -0.007 -16"><span class='ocrx_word' id='word_1_614' title='bbox 2131 3577 2481 3646; x_wconf 85' lang='grc' dir='ltr'>ποιήσαντος,</span> <span class='ocrx_word' id='word_1_615' title='bbox 2511 3573 2608 3626; x_wconf 65' lang='grc' dir='ltr'><strong>κοιλ⁸</strong></span> <span class='ocrx_word' id='word_1_616' title='bbox 2639 3572 2832 3626; x_wconf 87' lang='grc' dir='ltr'>πλέκει</span> <span class='ocrx_word' id='word_1_617' title='bbox 2861 3570 3323 3642; x_wconf 80' lang='grc' dir='ltr'>λογισμοὺς-κατ’</span> <span class='ocrx_word' id='word_1_618' title='bbox 3359 3567 3524 3640; x_wconf 80' lang='grc' dir='ltr'>αὑτοῦ</span> <span class='ocrx_word' id='word_1_619' title='bbox 3547 3608 3560 3631; x_wconf 87' lang='grc'><strong>,</strong></span> <span class='ocrx_word' id='word_1_620' title='bbox 3592 3569 3707 3620; x_wconf 85' lang='grc' dir='ltr'>ὲπι-</span> 
     </span>
    </p>
   </div>
   <div class='ocr_carea' id='block_1_81' title="bbox 2131 3659 3708 3738">
    <p class='ocr_par' dir='ltr' id='par_1_81' title="bbox 2131 3659 3708 3738">
     <span class='ocr_line' id='line_1_81' title="bbox 2131 3659 3708 3738; baseline -0.006 -17"><span class='ocrx_word' id='word_1_621' title='bbox 2131 3667 2376 3722; x_wconf 71' lang='grc' dir='ltr'>ϐουλεύει</span> <span class='ocrx_word' id='word_1_622' title='bbox 2409 3669 2474 3738; x_wconf 80' lang='grc' dir='ltr'>τῇ</span> <span class='ocrx_word' id='word_1_623' title='bbox 2519 3665 2628 3738; x_wconf 76' lang='grc' dir='ltr'>ίδίᾳ</span> <span class='ocrx_word' id='word_1_624' title='bbox 2667 3665 2814 3736; x_wconf 78' lang='grc' dir='ltr'>ψυχῇ</span> <span class='ocrx_word' id='word_1_625' title='bbox 2867 3663 2942 3728; x_wconf 84' lang='grc' dir='ltr'>ὡς</span> <span class='ocrx_word' id='word_1_626' title='bbox 2984 3665 3034 3716; x_wconf 79' lang='grc' dir='ltr'><strong>οἱ</strong></span> <span class='ocrx_word' id='word_1_627' title='bbox 3074 3662 3359 3732; x_wconf 86' lang='grc' dir='ltr'>δαίμονες·</span> <span class='ocrx_word' id='word_1_628' title='bbox 3410 3662 3570 3733; x_wconf 82' lang='grc' dir='ltr'>ἀρκεῖ</span> <span class='ocrx_word' id='word_1_629' title='bbox 3609 3659 3708 3732; x_wconf 80' lang='grc' dir='ltr'>γὰρ</span> 
     </span>
    </p>
   </div>
   <div class='ocr_carea' id='block_1_82' title="bbox 2132 3752 3709 3830">
    <p class='ocr_par' dir='ltr' id='par_1_82' title="bbox 2132 3752 3709 3830">
     <span class='ocr_line' id='line_1_82' title="bbox 2132 3752 3709 3830; baseline -0.005 -17"><span class='ocrx_word' id='word_1_630' title='bbox 2132 3759 2312 3830; x_wconf 79' lang='grc' dir='ltr'>ἑαυτῷ</span> <span class='ocrx_word' id='word_1_631' title='bbox 2358 3758 2496 3829; x_wconf 84' lang='grc' dir='ltr'>πρὸς</span> <span class='ocrx_word' id='word_1_632' title='bbox 2525 3756 2848 3828; x_wconf 69' lang='grc' dir='ltr'>ἐπιϐουλήν·</span> <span class='ocrx_word' id='word_1_633' title='bbox 2879 3754 2976 3810; x_wconf 75' lang='grc' dir='ltr'><strong>καὶ</strong></span> <span class='ocrx_word' id='word_1_634' title='bbox 3007 3755 3062 3808; x_wconf 88' lang='grc' dir='ltr'><strong>τί</strong></span> <span class='ocrx_word' id='word_1_635' title='bbox 3097 3754 3274 3824; x_wconf 81' lang='grc' dir='ltr'>λέγω,</span> <span class='ocrx_word' id='word_1_636' title='bbox 3322 3754 3550 3820; x_wconf 75' lang='grc' dir='ltr'>πλέκεις</span> <span class='ocrx_word' id='word_1_637' title='bbox 3592 3752 3709 3806; x_wconf 81' lang='grc' dir='ltr'><strong>Ἐὰν</strong></span> 
     </span>
    </p>
   </div>
   <div class='ocr_carea' id='block_1_83' title="bbox 2137 3845 3711 3922">
    <p class='ocr_par' dir='ltr' id='par_1_83' title="bbox 2137 3845 3711 3922">
     <span class='ocr_line' id='line_1_83' title="bbox 2137 3845 3711 3922; baseline -0.006 -15"><span class='ocrx_word' id='word_1_638' title='bbox 2137 3851 2212 3922; x_wconf 78' lang='grc' dir='ltr'>μὴ</span> <span class='ocrx_word' id='word_1_639' title='bbox 2259 3851 2534 3922; x_wconf 75' lang='grc' dir='ltr'>μέμνηται</span> <span class='ocrx_word' id='word_1_640' title='bbox 2561 3849 2728 3904; x_wconf 82' lang='grc' dir='ltr'>αὐτοῦ</span> <span class='ocrx_word' id='word_1_641' title='bbox 2771 3848 2848 3912; x_wconf 83' lang='grc' dir='ltr'>ὡς</span> <span class='ocrx_word' id='word_1_642' title='bbox 2891 3845 3185 3917; x_wconf 78' lang='grc' dir='ltr'>εὐεργέτου</span> <span class='ocrx_word' id='word_1_643' title='bbox 3213 3847 3313 3899; x_wconf 74' lang='grc' dir='ltr'>καὶ</span> <span class='ocrx_word' id='word_1_644' title='bbox 3353 3845 3541 3916; x_wconf 77' lang='grc' dir='ltr'>ἰατροῦ</span> <span class='ocrx_word' id='word_1_645' title='bbox 3565 3885 3580 3910; x_wconf 94' lang='grc'><strong>,</strong></span> <span class='ocrx_word' id='word_1_646' title='bbox 3603 3845 3711 3898; x_wconf 63' lang='lat' dir='ltr'><strong>dat-</strong></span> 
     </span>
    </p>
   </div>
   <div class='ocr_carea' id='block_1_84' title="bbox 2134 3929 3710 4011">
    <p class='ocr_par' dir='ltr' id='par_1_84' title="bbox 2134 3929 3710 4011">
     <span class='ocr_line' id='line_1_84' title="bbox 2134 3929 3710 4011; baseline -0.004 -15"><span class='ocrx_word' id='word_1_647' title='bbox 2134 3947 2223 3996; x_wconf 80' lang='grc' dir='ltr'><strong>κεῖ</strong></span> <span class='ocrx_word' id='word_1_648' title='bbox 2263 3943 2425 3998; x_wconf 79' lang='grc' dir='ltr'>αὑτὸν</span> <span class='ocrx_word' id='word_1_649' title='bbox 2450 3943 2519 3996; x_wconf 79' lang='grc' dir='ltr'>τὰ</span> <span class='ocrx_word' id='word_1_650' title='bbox 2551 3941 2803 4011; x_wconf 84' lang='grc' dir='ltr'>μέγιστα·</span> <span class='ocrx_word' id='word_1_651' title='bbox 2833 3938 2885 3993; x_wconf 82' lang='grc' dir='ltr'><strong>τί</strong></span> <span class='ocrx_word' id='word_1_652' title='bbox 2913 3939 3024 4009; x_wconf 77' lang='grc' dir='ltr'>γὰρ</span> <span class='ocrx_word' id='word_1_653' title='bbox 3055 3938 3234 4008; x_wconf 85' lang='grc' dir='ltr'>λέγεις</span> <span class='ocrx_word' id='word_1_654' title='bbox 3276 3939 3538 4008; x_wconf 82' lang='grc' dir='ltr'>πάσχειν;</span> <span class='ocrx_word' id='word_1_655' title='bbox 3565 3929 3710 3996; x_wconf 74' lang='grc' dir='ltr'>οὗτος</span> 
     </span>
    </p>
   </div>
   <div class='ocr_carea' id='block_1_85' title="bbox 2136 4021 3710 4106">
    <p class='ocr_par' dir='ltr' id='par_1_85' title="bbox 2136 4021 3710 4106">
     <span class='ocr_line' id='line_1_85' title="bbox 2136 4021 3710 4106; baseline -0.007 -17"><span class='ocrx_word' id='word_1_656' title='bbox 2136 4034 2412 4106; x_wconf 85' lang='grc' dir='ltr'>καθαίρει·</span> <span class='ocrx_word' id='word_1_657' title='bbox 2461 4034 2555 4087; x_wconf 81' lang='grc' dir='ltr'>καὶ</span> <span class='ocrx_word' id='word_1_658' title='bbox 2582 4033 2822 4102; x_wconf 77' lang='grc' dir='ltr'>ὀφείλεις</span> <span class='ocrx_word' id='word_1_659' title='bbox 2859 4031 3173 4102; x_wconf 80' lang='grc' dir='ltr'>μεμνῆσθαι</span> <span class='ocrx_word' id='word_1_660' title='bbox 3215 4029 3388 4084; x_wconf 78' lang='grc' dir='ltr'>αὑτοῦ</span> <span class='ocrx_word' id='word_1_661' title='bbox 3423 4030 3500 4092; x_wconf 86' lang='grc' dir='ltr'>ὡς</span> <span class='ocrx_word' id='word_1_662' title='bbox 3534 4021 3710 4098; x_wconf 78' lang='grc' dir='ltr'>ἰατροῦ</span> 
     </span>
    </p>
   </div>
   <div class='ocr_carea' id='block_1_86' title="bbox 2137 4119 3712 4198">
    <p class='ocr_par' dir='ltr' id='par_1_86' title="bbox 2137 4119 3712 4198">
     <span class='ocr_line' id='line_1_86' title="bbox 2137 4119 3712 4198; baseline -0.007 -17"><span class='ocrx_word' id='word_1_663' title='bbox 2137 4127 2480 4198; x_wconf 70' lang='grc' dir='ltr'>πεμφθέντος</span> <span class='ocrx_word' id='word_1_664' title='bbox 2530 4143 2611 4178; x_wconf 89' lang='grc' dir='ltr'><strong>σοι</strong></span> <span class='ocrx_word' id='word_1_665' title='bbox 2642 4125 2751 4178; x_wconf 74' lang='grc' dir='ltr'><strong>ἀπὸ</strong></span> <span class='ocrx_word' id='word_1_666' title='bbox 2790 4123 2884 4177; x_wconf 81' lang='grc' dir='ltr'>τοῦ</span> <span class='ocrx_word' id='word_1_667' title='bbox 2935 4123 3195 4195; x_wconf 78' lang='grc' dir='ltr'>Χριστοῦ·</span> <span class='ocrx_word' id='word_1_668' title='bbox 3241 4125 3539 4194; x_wconf 83' lang='grc' dir='ltr'>χρεωστεῖς</span> <span class='ocrx_word' id='word_1_669' title='bbox 3583 4119 3712 4188; x_wconf 83' lang='grc' dir='ltr'>ὑπὲρ</span> 
     </span>
    </p>
   </div>
   <div class='ocr_carea' id='block_1_87' title="bbox 2137 4209 3714 4287">
    <p class='ocr_par' dir='ltr' id='par_1_87' title="bbox 2137 4209 3714 4287">
     <span class='ocr_line' id='line_1_87' title="bbox 2137 4209 3714 4287; baseline -0.008 -15"><span class='ocrx_word' id='word_1_670' title='bbox 2137 4218 2231 4272; x_wconf 83' lang='grc' dir='ltr'>τοῦ</span> <span class='ocrx_word' id='word_1_671' title='bbox 2262 4217 2527 4287; x_wconf 85' lang='grc' dir='ltr'>ὀνόματος</span> <span class='ocrx_word' id='word_1_672' title='bbox 2553 4214 2720 4270; x_wconf 82' lang='grc' dir='ltr'>αὑτοῦ</span> <span class='ocrx_word' id='word_1_673' title='bbox 2748 4214 2967 4278; x_wconf 85' lang='grc' dir='ltr'>παθεῖν,</span> <span class='ocrx_word' id='word_1_674' title='bbox 2999 4214 3096 4268; x_wconf 73' lang='grc' dir='ltr'><strong>καὶ</strong></span> <span class='ocrx_word' id='word_1_675' title='bbox 3114 4213 3354 4282; x_wconf 81' lang='grc' dir='ltr'>ὀφείλεις</span> <span class='ocrx_word' id='word_1_676' title='bbox 3387 4212 3530 4282; x_wconf 79' lang='grc' dir='ltr'>ἔχειν</span> <span class='ocrx_word' id='word_1_677' title='bbox 3563 4209 3714 4263; x_wconf 79' lang='grc' dir='ltr'>αὑτὸν</span> 
     </span>
    </p>
   </div>
   <div class='ocr_carea' id='block_1_88' title="bbox 2140 4297 3714 4378">
    <p class='ocr_par' dir='ltr' id='par_1_88' title="bbox 2140 4297 3714 4378">
     <span class='ocr_line' id='line_1_88' title="bbox 2140 4297 3714 4378; baseline -0.008 -16"><span class='ocrx_word' id='word_1_678' title='bbox 2140 4309 2216 4372; x_wconf 80' lang='grc' dir='ltr'>ὡς</span> <span class='ocrx_word' id='word_1_679' title='bbox 2261 4307 2579 4378; x_wconf 74' lang='grc' dir='ltr'>εὐεργέτην.</span> <span class='ocrx_word' id='word_1_680' title='bbox 2625 4307 2688 4358; x_wconf 79' lang='grc' dir='ltr'><strong>Εἰ</strong></span> <span class='ocrx_word' id='word_1_681' title='bbox 2725 4305 2781 4358; x_wconf 83' lang='grc' dir='ltr'>δὲ</span> <span class='ocrx_word' id='word_1_682' title='bbox 2817 4305 2920 4358; x_wconf 77' lang='grc' dir='ltr'><strong>οὐκ</strong></span> <span class='ocrx_word' id='word_1_683' title='bbox 2961 4303 3290 4374; x_wconf 81' lang='grc' dir='ltr'>ἀπαλλάσσῃ</span> <span class='ocrx_word' id='word_1_684' title='bbox 3335 4302 3568 4364; x_wconf 85' lang='grc' dir='ltr'>κακίας,</span> <span class='ocrx_word' id='word_1_685' title='bbox 3603 4297 3714 4351; x_wconf 75' lang='grc' dir='ltr'>οὐδὲ</span> 
     </span>
    </p>
   </div>
   <div class='ocr_carea' id='block_1_89' title="bbox 2140 4385 3711 4468">
    <p class='ocr_par' dir='ltr' id='par_1_89' title="bbox 2140 4385 3711 4468">
     <span class='ocr_line' id='line_1_89' title="bbox 2140 4385 3711 4468; baseline -0.006 -17"><span class='ocrx_word' id='word_1_686' title='bbox 2140 4385 2436 4468; x_wconf 70' lang='grc' dir='ltr'>ἐπιθυμεῖς</span> <span class='ocrx_word' id='word_1_687' title='bbox 2474 4395 2897 4466; x_wconf 80' lang='grc' dir='ltr'>ἀπαλλαγῆναι,</span> <span class='ocrx_word' id='word_1_688' title='bbox 2937 4395 3180 4456; x_wconf 79' lang='grc' dir='ltr'>ἀναίτιος</span> <span class='ocrx_word' id='word_1_689' title='bbox 3227 4393 3435 4464; x_wconf 83' lang='grc' dir='ltr'>Κύριος</span> <span class='ocrx_word' id='word_1_690' title='bbox 3484 4395 3513 4446; x_wconf 82' lang='grc' dir='ltr'><strong>ὁ</strong></span> <span class='ocrx_word' id='word_1_691' title='bbox 3563 4389 3711 4450; x_wconf 87' lang='grc' dir='ltr'>Θεός·</span> 
     </span>
    </p>
   </div>
   <div class='ocr_carea' id='block_1_90' title="bbox 2143 4478 3716 4559">
    <p class='ocr_par' dir='ltr' id='par_1_90' title="bbox 2143 4478 3716 4559">
     <span class='ocr_line' id='line_1_90' title="bbox 2143 4478 3716 4559; baseline -0.008 -14"><span class='ocrx_word' id='word_1_692' title='bbox 2143 4491 2273 4545; x_wconf 74' lang='grc' dir='ltr'>αὐτὸ</span> <span class='ocrx_word' id='word_1_693' title='bbox 2301 4491 2358 4544; x_wconf 80' lang='grc' dir='ltr'><strong>δὲ</strong></span> <span class='ocrx_word' id='word_1_694' title='bbox 2386 4489 2447 4542; x_wconf 70' lang='grc' dir='ltr'><strong>τὸ</strong></span> <span class='ocrx_word' id='word_1_695' title='bbox 2499 4490 2752 4559; x_wconf 86' lang='grc' dir='ltr'>πάσχειν,</span> <span class='ocrx_word' id='word_1_696' title='bbox 2800 4487 3064 4555; x_wconf 83' lang='grc' dir='ltr'>νοσούσης</span> <span class='ocrx_word' id='word_1_697' title='bbox 3109 4486 3288 4556; x_wconf 80' lang='grc' dir='ltr'>ψυχῆς</span> <span class='ocrx_word' id='word_1_698' title='bbox 3339 4487 3510 4550; x_wconf 76' lang='grc' dir='ltr'>ἐστιν,</span> <span class='ocrx_word' id='word_1_699' title='bbox 3551 4481 3600 4534; x_wconf 81' lang='grc' dir='ltr'><strong>εί</strong></span> <span class='ocrx_word' id='word_1_700' title='bbox 3647 4478 3716 4550; x_wconf 84' lang='grc' dir='ltr'>μὴ</span> 
     </span>
    </p>
   </div>
   <div class='ocr_carea' id='block_1_91' title="bbox 463 4567 2024 4648">
    <p class='ocr_par' dir='ltr' id='par_1_91' title="bbox 463 4574 2016 4648">
     <span class='ocr_line' id='line_1_91' title="bbox 463 4574 2016 4648; baseline 0.001 -16"><span class='ocrx_word' id='word_1_701' title='bbox 463 4574 680 4632; x_wconf 89' lang='lat' dir='ltr'><strong>Christo</strong></span> <span class='ocrx_word' id='word_1_702' title='bbox 716 4591 776 4632; x_wconf 89' lang='lat' dir='ltr'><strong>es</strong></span> <span class='ocrx_word' id='word_1_703' title='bbox 815 4577 896 4630; x_wconf 84' lang='lat' dir='ltr'><strong>vel</strong></span> <span class='ocrx_word' id='word_1_704' title='bbox 946 4576 1014 4631; x_wconf 89' lang='lat' dir='ltr'><strong>ob</strong></span> <span class='ocrx_word' id='word_1_705' title='bbox 1060 4576 1162 4632; x_wconf 88' lang='lat' dir='ltr'><strong>hoc</strong></span> <span class='ocrx_word' id='word_1_706' title='bbox 1203 4577 1379 4632; x_wconf 90' lang='lat' dir='ltr'><strong>solum</strong></span> <span class='ocrx_word' id='word_1_707' title='bbox 1417 4576 1738 4633; x_wconf 78' lang='lat' dir='ltr'><strong>beneficium</strong></span> <span class='ocrx_word' id='word_1_708' title='bbox 1779 4579 2016 4648; x_wconf 85' lang='lat' dir='ltr'><strong>quidlibc</strong></span> 
     </span>
    </p>
   </div>
   <div class='ocr_carea' id='block_1_92' title="bbox 2126 4567 3716 4648">
    <p class='ocr_par' dir='ltr' id='par_1_92' title="bbox 2144 4567 3716 4647">
     <span class='ocr_line' id='line_1_92' title="bbox 2144 4567 3716 4647; baseline -0.007 -13"><span class='ocrx_word' id='word_1_709' title='bbox 2144 4582 2348 4642; x_wconf 81' lang='grc' dir='ltr'>ὲνόσεις</span> <span class='ocrx_word' id='word_1_710' title='bbox 2378 4580 2478 4632; x_wconf 78' lang='grc' dir='ltr'><strong>οὐκ</strong></span> <span class='ocrx_word' id='word_1_711' title='bbox 2511 4577 2750 4647; x_wconf 80' lang='grc' dir='ltr'>ἕπασχες</span> <span class='ocrx_word' id='word_1_712' title='bbox 2777 4617 2792 4642; x_wconf 92' lang='grc'><strong>,</strong></span> <span class='ocrx_word' id='word_1_713' title='bbox 2822 4578 2917 4630; x_wconf 71' lang='grc' dir='ltr'><strong>καὶ</strong></span> <span class='ocrx_word' id='word_1_714' title='bbox 2946 4576 3182 4646; x_wconf 73' lang='grc' dir='ltr'>ὀφείλεις</span> <span class='ocrx_word' id='word_1_715' title='bbox 3211 4575 3375 4647; x_wconf 81' lang='grc' dir='ltr'>χάριν</span> <span class='ocrx_word' id='word_1_716' title='bbox 3406 4573 3486 4645; x_wconf 84' lang='grc' dir='ltr'><strong>τῷ</strong></span> <span class='ocrx_word' id='word_1_717' title='bbox 3517 4567 3716 4639; x_wconf 82' lang='grc' dir='ltr'>ἀδελφῷ</span> 
     </span>
    </p>
   </div>
   <div class='ocr_carea' id='block_1_93' title="bbox 467 4651 2024 4738">
    <p class='ocr_par' dir='ltr' id='par_1_93' title="bbox 467 4654 2024 4738">
     <span class='ocr_line' id='line_1_93' title="bbox 467 4654 2024 4738; baseline 0.001 -17"><span class='ocrx_word' id='word_1_718' title='bbox 467 4667 705 4736; x_wconf 88' lang='lat' dir='ltr'><strong>patiendi</strong></span> <span class='ocrx_word' id='word_1_719' title='bbox 733 4682 831 4738; x_wconf 90' lang='lat' dir='ltr'><strong>pro</strong></span> <span class='ocrx_word' id='word_1_720' title='bbox 869 4667 986 4736; x_wconf 83' lang='lat' dir='ltr'><strong>ejus</strong></span> <span class='ocrx_word' id='word_1_721' title='bbox 1024 4666 1261 4722; x_wconf 88' lang='lat' dir='ltr'><strong>nomine.</strong></span> <span class='ocrx_word' id='word_1_722' title='bbox 1297 4666 1602 4722; x_wconf 87' lang='lat' dir='ltr'><strong>Ministrum</strong></span> <span class='ocrx_word' id='word_1_723' title='bbox 1633 4677 1810 4724; x_wconf 84' lang='lat' dir='ltr'><strong>autem</strong></span> <span class='ocrx_word' id='word_1_724' title='bbox 1849 4654 1906 4722; x_wconf 86' lang='lat' dir='ltr'><strong>in</strong></span> <span class='ocrx_word' id='word_1_725' title='bbox 1939 4670 2024 4722; x_wconf 67' lang='lat' dir='ltr'><strong>hor</strong></span> 
     </span>
    </p>
   </div>
   <div class='ocr_carea' id='block_1_94' title="bbox 2126 4651 3715 4738">
    <p class='ocr_par' dir='ltr' id='par_1_94' title="bbox 2145 4661 3715 4738">
     <span class='ocr_line' id='line_1_94' title="bbox 2145 4661 3715 4738; baseline -0.007 -14"><span class='ocrx_word' id='word_1_726' title='bbox 2145 4671 2227 4724; x_wconf 83' lang='grc' dir='ltr'>ὅτι</span> <span class='ocrx_word' id='word_1_727' title='bbox 2261 4669 2328 4722; x_wconf 87' lang='grc' dir='ltr'>δι’</span> <span class='ocrx_word' id='word_1_728' title='bbox 2377 4668 2542 4722; x_wconf 76' lang='grc' dir='ltr'>αὐτοῦ</span> <span class='ocrx_word' id='word_1_729' title='bbox 2591 4668 2761 4736; x_wconf 83' lang='grc' dir='ltr'>έγνως</span> <span class='ocrx_word' id='word_1_730' title='bbox 2812 4668 2912 4738; x_wconf 78' lang='grc' dir='ltr'>τὴν</span> <span class='ocrx_word' id='word_1_731' title='bbox 2963 4667 3078 4721; x_wconf 84' lang='grc' dir='ltr'>ὁδὸν</span> <span class='ocrx_word' id='word_1_732' title='bbox 3123 4667 3424 4737; x_wconf 74' lang='grc' dir='ltr'>τῆςονόσου</span> <span class='ocrx_word' id='word_1_733' title='bbox 3467 4680 3579 4718; x_wconf 89' lang='grc' dir='ltr'>σου·</span> <span class='ocrx_word' id='word_1_734' title='bbox 3629 4661 3715 4715; x_wconf 77' lang='grc' dir='ltr'><strong>καὶ</strong></span> 
     </span>
    </p>
   </div>
   <div class='ocr_carea' id='block_1_95' title="bbox 466 4759 2044 4830">
    <p class='ocr_par' dir='ltr' id='par_1_95' title="bbox 466 4759 2044 4830">
     <span class='ocr_line' id='line_1_95' title="bbox 466 4759 2044 4830; baseline 0.001 -16"><span class='ocrx_word' id='word_1_735' title='bbox 466 4759 585 4826; x_wconf 88' lang='lat' dir='ltr'><strong>ejus</strong></span> <span class='ocrx_word' id='word_1_736' title='bbox 615 4759 756 4828; x_wconf 74' lang='lat' dir='ltr'><strong>grati</strong></span> <span class='ocrx_word' id='word_1_737' title='bbox 795 4759 971 4815; x_wconf 81' lang='lat' dir='ltr'><strong>ofﬁcio</strong></span> <span class='ocrx_word' id='word_1_738' title='bbox 1016 4759 1180 4814; x_wconf 89' lang='lat' dir='ltr'><strong>animi</strong></span> <span class='ocrx_word' id='word_1_739' title='bbox 1224 4760 1544 4830; x_wconf 80' lang='lat' dir='ltr'><strong>astringeris</strong></span> <span class='ocrx_word' id='word_1_740' title='bbox 1588 4761 1640 4814; x_wconf 92' lang='lat' dir='ltr'><strong>in</strong></span> <span class='ocrx_word' id='word_1_741' title='bbox 1684 4760 1803 4815; x_wconf 91' lang='lat' dir='ltr'><strong>loco</strong></span> <span class='ocrx_word' id='word_1_742' title='bbox 1843 4759 2044 4816; x_wconf 86' lang='lat' dir='ltr'><strong>habere</strong></span> 
     </span>
    </p>
   </div>
   <div class='ocr_carea' id='block_1_96' title="bbox 469 4849 2046 4918">
    <p class='ocr_par' dir='ltr' id='par_1_96' title="bbox 469 4849 2046 4918">
     <span class='ocr_line' id='line_1_96' title="bbox 469 4849 2046 4918; baseline -0.001 -13"><span class='ocrx_word' id='word_1_743' title='bbox 469 4849 854 4905; x_wconf 81' lang='lat' dir='ltr'><strong>benefactoris.</strong></span> <span class='ocrx_word' id='word_1_744' title='bbox 901 4850 958 4904; x_wconf 91' lang='lat' dir='ltr'><strong>Si</strong></span> <span class='ocrx_word' id='word_1_745' title='bbox 995 4858 1176 4904; x_wconf 89' lang='lat' dir='ltr'><strong>autem</strong></span> <span class='ocrx_word' id='word_1_746' title='bbox 1219 4865 1250 4904; x_wconf 89' lang='lat' dir='ltr'><strong>a</strong></span> <span class='ocrx_word' id='word_1_747' title='bbox 1285 4851 1500 4904; x_wconf 80' lang='lat' dir='ltr'><strong>malitia</strong></span> <span class='ocrx_word' id='word_1_748' title='bbox 1524 4866 1631 4906; x_wconf 90' lang='lat' dir='ltr'><strong>non</strong></span> <span class='ocrx_word' id='word_1_749' title='bbox 1678 4850 1926 4918; x_wconf 87' lang='lat' dir='ltr'><strong>recedis;</strong></span> <span class='ocrx_word' id='word_1_750' title='bbox 1953 4858 2046 4905; x_wconf 90' lang='lat' dir='ltr'><strong>aut</strong></span> 
     </span>
    </p>
   </div>
   <div class='ocr_carea' id='block_1_97' title="bbox 471 4940 2046 5012">
    <p class='ocr_par' dir='ltr' id='par_1_97' title="bbox 471 4940 2046 5012">
     <span class='ocr_line' id='line_1_97' title="bbox 471 4940 2046 5012; baseline 0.001 -15"><span class='ocrx_word' id='word_1_751' title='bbox 471 4953 580 4997; x_wconf 91' lang='lat' dir='ltr'><strong>non</strong></span> <span class='ocrx_word' id='word_1_752' title='bbox 626 4940 780 5010; x_wconf 86' lang='lat' dir='ltr'><strong>cupis</strong></span> <span class='ocrx_word' id='word_1_753' title='bbox 826 4940 1016 4996; x_wconf 85' lang='lat' dir='ltr'><strong>saltem</strong></span> <span class='ocrx_word' id='word_1_754' title='bbox 1058 4941 1334 4997; x_wconf 86' lang='lat' dir='ltr'><strong>recedere.</strong></span> <span class='ocrx_word' id='word_1_755' title='bbox 1385 4940 1637 5012; x_wconf 78' lang='lat' dir='ltr'><strong>Explevit</strong></span> <span class='ocrx_word' id='word_1_756' title='bbox 1677 4953 1861 5012; x_wconf 85' lang='lat' dir='ltr'><strong>partes</strong></span> <span class='ocrx_word' id='word_1_757' title='bbox 1916 4957 2046 5000; x_wconf 88' lang='lat' dir='ltr'><strong>suas</strong></span> 
     </span>
    </p>
   </div>
   <div class='ocr_carea' id='block_1_98' title="bbox 473 5029 2046 5102">
    <p class='ocr_par' dir='ltr' id='par_1_98' title="bbox 473 5029 2046 5102">
     <span class='ocr_line' id='line_1_98' title="bbox 473 5029 2046 5102; baseline 0.001 -16"><span class='ocrx_word' id='word_1_758' title='bbox 473 5029 736 5088; x_wconf 86' lang='lat' dir='ltr'><strong>Dominus</strong></span> <span class='ocrx_word' id='word_1_759' title='bbox 778 5031 922 5087; x_wconf 88' lang='lat' dir='ltr'><strong>Deus</strong></span> <span class='ocrx_word' id='word_1_760' title='bbox 968 5032 1058 5102; x_wconf 92' lang='lat' dir='ltr'><strong>qui</strong></span> <span class='ocrx_word' id='word_1_761' title='bbox 1103 5041 1153 5087; x_wconf 88' lang='lat' dir='ltr'><strong>te</strong></span> <span class='ocrx_word' id='word_1_762' title='bbox 1187 5033 1395 5087; x_wconf 86' lang='lat' dir='ltr'><strong>studuit</strong></span> <span class='ocrx_word' id='word_1_763' title='bbox 1441 5047 1668 5088; x_wconf 86' lang='lat' dir='ltr'><strong>curare:</strong></span> <span class='ocrx_word' id='word_1_764' title='bbox 1716 5033 1938 5102; x_wconf 81' lang='lat' dir='ltr'><strong>frustra,</strong></span> <span class='ocrx_word' id='word_1_765' title='bbox 1977 5034 2046 5088; x_wconf 90' lang='lat' dir='ltr'><strong>oh</strong></span> 
     </span>
    </p>
   </div>
   <div class='ocr_carea' id='block_1_99' title="bbox 475 5123 2048 5195">
    <p class='ocr_par' dir='ltr' id='par_1_99' title="bbox 475 5123 2048 5195">
     <span class='ocr_line' id='line_1_99' title="bbox 475 5123 2048 5195; baseline 0 -15"><span class='ocrx_word' id='word_1_766' title='bbox 475 5133 622 5180; x_wconf 85' lang='lat' dir='ltr'><strong>tuam</strong></span> <span class='ocrx_word' id='word_1_767' title='bbox 665 5123 1010 5179; x_wconf 77' lang='lat' dir='ltr'><strong>retinentium</strong></span> <span class='ocrx_word' id='word_1_768' title='bbox 1041 5139 1056 5178; x_wconf 89' lang='lat'><strong>:</strong></span> <span class='ocrx_word' id='word_1_769' title='bbox 1089 5125 1244 5193; x_wconf 89' lang='lat' dir='ltr'><strong>culpa</strong></span> <span class='ocrx_word' id='word_1_770' title='bbox 1296 5124 1467 5180; x_wconf 91' lang='lat' dir='ltr'><strong>solius</strong></span> <span class='ocrx_word' id='word_1_771' title='bbox 1505 5133 1595 5180; x_wconf 90' lang='lat' dir='ltr'><strong>tua</strong></span> <span class='ocrx_word' id='word_1_772' title='bbox 1628 5135 1714 5181; x_wconf 90' lang='lat' dir='ltr'><strong>est</strong></span> <span class='ocrx_word' id='word_1_773' title='bbox 1743 5126 1833 5195; x_wconf 93' lang='lat' dir='ltr'><strong>qui</strong></span> <span class='ocrx_word' id='word_1_774' title='bbox 1871 5139 2048 5180; x_wconf 83' lang='lat' dir='ltr'><strong>reme-</strong></span> 
     </span>
    </p>
   </div>
   <div class='ocr_carea' id='block_1_100' title="bbox 476 5215 2050 5289">
    <p class='ocr_par' dir='ltr' id='par_1_100' title="bbox 476 5215 2050 5289">
     <span class='ocr_line' id='line_1_100' title="bbox 476 5215 2050 5289; baseline 0 -16"><span class='ocrx_word' id='word_1_775' title='bbox 476 5217 624 5274; x_wconf 89' lang='lat' dir='ltr'><strong>dium</strong></span> <span class='ocrx_word' id='word_1_776' title='bbox 668 5216 898 5285; x_wconf 85' lang='lat' dir='ltr'><strong>respuis,</strong></span> <span class='ocrx_word' id='word_1_777' title='bbox 934 5215 1076 5285; x_wconf 88' lang='lat' dir='ltr'><strong>quod</strong></span> <span class='ocrx_word' id='word_1_778' title='bbox 1121 5215 1325 5286; x_wconf 86' lang='lat' dir='ltr'><strong>pateris</strong></span> <span class='ocrx_word' id='word_1_779' title='bbox 1372 5231 1476 5272; x_wconf 91' lang='lat' dir='ltr'><strong>non</strong></span> <span class='ocrx_word' id='word_1_780' title='bbox 1526 5217 1642 5286; x_wconf 90' lang='lat' dir='ltr'><strong>ejus</strong></span> <span class='ocrx_word' id='word_1_781' title='bbox 1683 5231 1844 5289; x_wconf 89' lang='lat' dir='ltr'><strong>quem</strong></span> <span class='ocrx_word' id='word_1_782' title='bbox 1889 5233 2050 5273; x_wconf 89' lang='lat' dir='ltr'><strong>vocas</strong></span> 
     </span>
    </p>
   </div>
   <div class='ocr_carea' id='block_1_101' title="bbox 477 5305 2054 5378">
    <p class='ocr_par' dir='ltr' id='par_1_101' title="bbox 477 5305 2054 5378">
     <span class='ocr_line' id='line_1_101' title="bbox 477 5305 2054 5378; baseline 0.001 -16"><span class='ocrx_word' id='word_1_783' title='bbox 477 5308 847 5364; x_wconf 77' lang='lat' dir='ltr'><strong>adversarium</strong></span> <span class='ocrx_word' id='word_1_784' title='bbox 901 5305 1101 5376; x_wconf 64' lang='lat' dir='ltr'><strong>injuria</strong></span> <span class='ocrx_word' id='word_1_785' title='bbox 1155 5316 1276 5372; x_wconf 90' lang='lat' dir='ltr'><strong>est,</strong></span> <span class='ocrx_word' id='word_1_786' title='bbox 1321 5305 1414 5360; x_wconf 88' lang='lat' dir='ltr'><strong>sed</strong></span> <span class='ocrx_word' id='word_1_787' title='bbox 1470 5315 1572 5362; x_wconf 73' lang='lat' dir='ltr'><strong>tuae</strong></span> <span class='ocrx_word' id='word_1_788' title='bbox 1630 5309 1798 5378; x_wconf 89' lang='lat' dir='ltr'><strong>ipsius</strong></span> <span class='ocrx_word' id='word_1_789' title='bbox 1856 5309 2054 5364; x_wconf 79' lang='lat' dir='ltr'><strong>animae</strong></span> 
     </span>
    </p>
   </div>
   <div class='ocr_carea' id='block_1_102' title="bbox 479 5397 2055 5469">
    <p class='ocr_par' dir='ltr' id='par_1_102' title="bbox 479 5397 2055 5469">
     <span class='ocr_line' id='line_1_102' title="bbox 479 5397 2055 5469; baseline 0 -13"><span class='ocrx_word' id='word_1_790' title='bbox 479 5399 789 5469; x_wconf 65' lang='lat' dir='ltr'><strong>egrotantis</strong></span> <span class='ocrx_word' id='word_1_791' title='bbox 832 5407 884 5453; x_wconf 90' lang='lat' dir='ltr'><strong>et</strong></span> <span class='ocrx_word' id='word_1_792' title='bbox 921 5397 1167 5452; x_wconf 89' lang='lat' dir='ltr'><strong>morbum</strong></span> <span class='ocrx_word' id='word_1_793' title='bbox 1203 5411 1360 5451; x_wconf 91' lang='lat' dir='ltr'><strong>suum</strong></span> <span class='ocrx_word' id='word_1_794' title='bbox 1407 5400 1663 5456; x_wconf 86' lang='lat' dir='ltr'><strong>amantis.</strong></span> <span class='ocrx_word' id='word_1_795' title='bbox 1713 5399 1771 5456; x_wconf 90' lang='lat' dir='ltr'><strong>Si</strong></span> <span class='ocrx_word' id='word_1_796' title='bbox 1823 5416 1929 5457; x_wconf 90' lang='lat' dir='ltr'><strong>non</strong></span> <span class='ocrx_word' id='word_1_797' title='bbox 1975 5401 2055 5456; x_wconf 87' lang='lat' dir='ltr'><strong>sic</strong></span> 
     </span>
    </p>
   </div>
   <div class='ocr_carea' id='block_1_103' title="bbox 479 5487 2054 5560">
    <p class='ocr_par' dir='ltr' id='par_1_103' title="bbox 479 5487 2054 5560">
     <span class='ocr_line' id='line_1_103' title="bbox 479 5487 2054 5560; baseline 0.004 -18"><span class='ocrx_word' id='word_1_798' title='bbox 479 5497 795 5557; x_wconf 62' lang='lat' dir='ltr'><strong>mgrotares,</strong></span> <span class='ocrx_word' id='word_1_799' title='bbox 834 5487 978 5543; x_wconf 71' lang='lat' dir='ltr'><strong>nihil</strong></span> <span class='ocrx_word' id='word_1_800' title='bbox 1028 5487 1096 5543; x_wconf 92' lang='lat' dir='ltr'><strong>ab</strong></span> <span class='ocrx_word' id='word_1_801' title='bbox 1151 5487 1370 5542; x_wconf 90' lang='lat' dir='ltr'><strong>inimico</strong></span> <span class='ocrx_word' id='word_1_802' title='bbox 1418 5491 1705 5554; x_wconf 87' lang='lat' dir='ltr'><strong>patereris.</strong></span> <span class='ocrx_word' id='word_1_803' title='bbox 1765 5488 1954 5560; x_wconf 85' lang='lat' dir='ltr'><strong>Itaque</strong></span> <span class='ocrx_word' id='word_1_804' title='bbox 2007 5493 2054 5548; x_wconf 90' lang='lat' dir='ltr'><strong>si</strong></span> 
     </span>
    </p>
   </div>
   <div class='ocr_carea' id='block_1_104' title="bbox 485 5581 2054 5652">
    <p class='ocr_par' dir='ltr' id='par_1_104' title="bbox 485 5581 2054 5652">
     <span class='ocr_line' id='line_1_104' title="bbox 485 5581 2054 5652; baseline 0.003 -15"><span class='ocrx_word' id='word_1_805' title='bbox 485 5591 632 5638; x_wconf 83' lang='lat' dir='ltr'><strong>recte</strong></span> <span class='ocrx_word' id='word_1_806' title='bbox 659 5595 846 5639; x_wconf 88' lang='lat' dir='ltr'><strong>censes</strong></span> <span class='ocrx_word' id='word_1_807' title='bbox 874 5581 1232 5652; x_wconf 79' lang='lat' dir='ltr'><strong>ohstringeris</strong></span> <span class='ocrx_word' id='word_1_808' title='bbox 1261 5582 1326 5635; x_wconf 90' lang='lat' dir='ltr'><strong>ad</strong></span> <span class='ocrx_word' id='word_1_809' title='bbox 1357 5582 1562 5651; x_wconf 78' lang='lat' dir='ltr'><strong>gratias</strong></span> <span class='ocrx_word' id='word_1_810' title='bbox 1597 5582 1872 5642; x_wconf 84' lang='lat' dir='ltr'><strong>habendas</strong></span> <span class='ocrx_word' id='word_1_811' title='bbox 1902 5583 2054 5641; x_wconf 82' lang='lat' dir='ltr'><strong>fratri</strong></span> 
     </span>
    </p>
   </div>
   <div class='ocr_carea' id='block_1_105' title="bbox 551 5731 1494 5803">
    <p class='ocr_par' dir='ltr' id='par_1_105' title="bbox 551 5731 1494 5803">
     <span class='ocr_line' id='line_1_105' title="bbox 551 5731 1494 5803; baseline -0.002 -11"><span class='ocrx_word' id='word_1_812' title='bbox 551 5733 568 5776; x_wconf 79' lang='lat'><strong>-‘</strong></span> <span class='ocrx_word' id='word_1_813' title='bbox 612 5735 767 5796; x_wconf 77' lang='lat' dir='ltr'><strong>Bom.</strong></span> <span class='ocrx_word' id='word_1_814' title='bbox 796 5751 912 5803; x_wconf 85' lang='lat' dir='ltr'><strong>vm,</strong></span> <span class='ocrx_word' id='word_1_815' title='bbox 955 5737 1045 5798; x_wconf 68' lang='grc' dir='ltr'>ιο.</span> <span class='ocrx_word' id='word_1_816' title='bbox 1116 5739 1137 5770; x_wconf 78' lang='grc'>³</span> <span class='ocrx_word' id='word_1_817' title='bbox 1167 5735 1284 5796; x_wconf 74' lang='lat' dir='ltr'><strong>Jac.</strong></span> <span class='ocrx_word' id='word_1_818' title='bbox 1319 5750 1383 5802; x_wconf 80' lang='grc' dir='ltr'><strong>ιι,</strong></span> <span class='ocrx_word' id='word_1_819' title='bbox 1412 5731 1494 5790; x_wconf 82' lang='lat' dir='ltr'><strong>l0.</strong></span> 
     </span>
    </p>
   </div>
   <div class='ocr_carea' id='block_1_106' title="bbox 2143 4753 3715 4832">
    <p class='ocr_par' dir='ltr' id='par_1_106' title="bbox 2143 4753 3715 4832">
     <span class='ocr_line' id='line_1_106' title="bbox 2143 4753 3715 4832; baseline -0.006 -18"><span class='ocrx_word' id='word_1_820' title='bbox 2143 4761 2382 4832; x_wconf 82' lang='grc' dir='ltr'>ὀφείλεις</span> <span class='ocrx_word' id='word_1_821' title='bbox 2407 4759 2660 4832; x_wconf 86' lang='grc' dir='ltr'>δέχεσθαι</span> <span class='ocrx_word' id='word_1_822' title='bbox 2688 4759 2757 4812; x_wconf 71' lang='grc' dir='ltr'>τὰ</span> <span class='ocrx_word' id='word_1_823' title='bbox 2786 4758 2914 4830; x_wconf 83' lang='grc' dir='ltr'>παρ’</span> <span class='ocrx_word' id='word_1_824' title='bbox 2947 4758 3123 4812; x_wconf 79' lang='grc' dir='ltr'>αὐτοῦ.</span> <span class='ocrx_word' id='word_1_825' title='bbox 3145 4758 3221 4821; x_wconf 86' lang='grc' dir='ltr'>ὡς</span> <span class='ocrx_word' id='word_1_826' title='bbox 3255 4758 3530 4828; x_wconf 83' lang='grc' dir='ltr'>φάρμακα</span> <span class='ocrx_word' id='word_1_827' title='bbox 3563 4753 3715 4824; x_wconf 79' lang='grc' dir='ltr'>θερα-</span> 
     </span>
    </p>
   </div>
   <div class='ocr_carea' id='block_1_107' title="bbox 2145 4840 3716 4921">
    <p class='ocr_par' dir='ltr' id='par_1_107' title="bbox 2145 4840 3716 4921">
     <span class='ocr_line' id='line_1_107' title="bbox 2145 4840 3716 4921; baseline -0.007 -15"><span class='ocrx_word' id='word_1_828' title='bbox 2145 4852 2377 4906; x_wconf 77' lang='grc' dir='ltr'>πευτικὰ</span> <span class='ocrx_word' id='word_1_829' title='bbox 2414 4851 2733 4921; x_wconf 77' lang='grc' dir='ltr'>πεμφθέντα</span> <span class='ocrx_word' id='word_1_830' title='bbox 2777 4866 2860 4903; x_wconf 87' lang='grc' dir='ltr'><strong>σοι</strong></span> <span class='ocrx_word' id='word_1_831' title='bbox 2897 4851 3050 4921; x_wconf 81' lang='grc' dir='ltr'>παρὰ</span> <span class='ocrx_word' id='word_1_832' title='bbox 3088 4848 3184 4902; x_wconf 82' lang='grc' dir='ltr'><strong>τοῦ</strong></span> <span class='ocrx_word' id='word_1_833' title='bbox 3232 4848 3434 4919; x_wconf 81' lang='grc' dir='ltr'>Ἰησοῦ.</span> <span class='ocrx_word' id='word_1_834' title='bbox 3473 4847 3532 4900; x_wconf 80' lang='lat' dir='ltr'><strong>Ei</strong></span> <span class='ocrx_word' id='word_1_835' title='bbox 3561 4845 3614 4898; x_wconf 77' lang='grc' dir='ltr'><strong>δὲ</strong></span> <span class='ocrx_word' id='word_1_836' title='bbox 3647 4840 3716 4912; x_wconf 76' lang='grc' dir='ltr'>μὴ</span> 
     </span>
    </p>
   </div>
   <div class='ocr_carea' id='block_1_108' title="bbox 2151 4933 3716 5018">
    <p class='ocr_par' dir='ltr' id='par_1_108' title="bbox 2151 4933 3716 5018">
     <span class='ocr_line' id='line_1_108' title="bbox 2151 4933 3716 5018; baseline -0.009 -17"><span class='ocrx_word' id='word_1_837' title='bbox 2151 4947 2312 5018; x_wconf 85' lang='grc' dir='ltr'>μόνον</span> <span class='ocrx_word' id='word_1_838' title='bbox 2340 4944 2440 4998; x_wconf 83' lang='grc' dir='ltr'><strong>οὐκ</strong></span> <span class='ocrx_word' id='word_1_839' title='bbox 2473 4944 2851 5014; x_wconf 73' lang='grc' dir='ltr'>εὐχαριστεῖς,</span> <span class='ocrx_word' id='word_1_840' title='bbox 2880 4942 3021 4996; x_wconf 82' lang='grc' dir='ltr'><strong>ἀλλά</strong></span> <span class='ocrx_word' id='word_1_841' title='bbox 3068 4941 3162 4994; x_wconf 76' lang='grc' dir='ltr'><strong>καὶ</strong></span> <span class='ocrx_word' id='word_1_842' title='bbox 3193 4942 3340 5010; x_wconf 81' lang='grc' dir='ltr'>λυπῇ</span> <span class='ocrx_word' id='word_1_843' title='bbox 3363 4979 3377 5000; x_wconf 85' lang='grc'><strong>,</strong></span> <span class='ocrx_word' id='word_1_844' title='bbox 3414 4939 3508 4992; x_wconf 84' lang='grc' dir='ltr'>καὶ</span> <span class='ocrx_word' id='word_1_845' title='bbox 3538 4933 3716 4990; x_wconf 83' lang='grc' dir='ltr'>διασύ-</span> 
     </span>
    </p>
   </div>
   <div class='ocr_carea' id='block_1_109' title="bbox 2152 5025 3716 5109">
    <p class='ocr_par' dir='ltr' id='par_1_109' title="bbox 2152 5025 3716 5109">
     <span class='ocr_line' id='line_1_109' title="bbox 2152 5025 3716 5109; baseline -0.011 -16"><span class='ocrx_word' id='word_1_846' title='bbox 2152 5055 2285 5109; x_wconf 86' lang='grc' dir='ltr'>ρεις,</span> <span class='ocrx_word' id='word_1_847' title='bbox 2317 5037 2413 5090; x_wconf 72' lang='grc' dir='ltr'>καὶ</span> <span class='ocrx_word' id='word_1_848' title='bbox 2445 5035 2732 5104; x_wconf 79' lang='grc' dir='ltr'>ἐγκαλεῖς,</span> <span class='ocrx_word' id='word_1_849' title='bbox 2761 5035 2858 5088; x_wconf 75' lang='grc' dir='ltr'>καὶ</span> <span class='ocrx_word' id='word_1_850' title='bbox 2891 5033 3112 5096; x_wconf 83' lang='grc' dir='ltr'>πλέκεις</span> <span class='ocrx_word' id='word_1_851' title='bbox 3150 5031 3452 5101; x_wconf 79' lang='grc' dir='ltr'>λογισμοὺς</span> <span class='ocrx_word' id='word_1_852' title='bbox 3477 5029 3595 5105; x_wconf 74' lang='grc' dir='ltr'>κατ’</span> <span class='ocrx_word' id='word_1_853' title='bbox 3623 5025 3716 5078; x_wconf 83' lang='grc' dir='ltr'>αύ-</span> 
     </span>
    </p>
   </div>
   <div class='ocr_carea' id='block_1_110' title="bbox 2155 5113 3714 5198">
    <p class='ocr_par' dir='ltr' id='par_1_110' title="bbox 2155 5113 3714 5198">
     <span class='ocr_line' id='line_1_110' title="bbox 2155 5113 3714 5198; baseline -0.013 -15"><span class='ocrx_word' id='word_1_854' title='bbox 2155 5129 2248 5183; x_wconf 82' lang='grc' dir='ltr'>τοῦ</span> <span class='ocrx_word' id='word_1_855' title='bbox 2267 5170 2281 5194; x_wconf 90' lang='grc'><strong>,</strong></span> <span class='ocrx_word' id='word_1_856' title='bbox 2310 5128 2535 5198; x_wconf 83' lang='grc' dir='ltr'>δυνάμει</span> <span class='ocrx_word' id='word_1_857' title='bbox 2566 5125 2746 5194; x_wconf 84' lang='grc' dir='ltr'>λέγεις</span> <span class='ocrx_word' id='word_1_858' title='bbox 2773 5123 2851 5194; x_wconf 81' lang='grc' dir='ltr'><strong>τῷ</strong></span> <span class='ocrx_word' id='word_1_859' title='bbox 2891 5123 3067 5194; x_wconf 86' lang='grc' dir='ltr'><strong>Ἰησοῦ</strong></span> <span class='ocrx_word' id='word_1_860' title='bbox 3087 5163 3102 5188; x_wconf 92' lang='grc'><strong>,</strong></span> <span class='ocrx_word' id='word_1_861' title='bbox 3141 5121 3342 5192; x_wconf 82' lang='grc' dir='ltr'>μᾶλλον</span> <span class='ocrx_word' id='word_1_862' title='bbox 3371 5119 3430 5172; x_wconf 80' lang='grc' dir='ltr'><strong>δὲ</strong></span> <span class='ocrx_word' id='word_1_863' title='bbox 3458 5117 3630 5186; x_wconf 80' lang='grc' dir='ltr'>γυμνῇ</span> <span class='ocrx_word' id='word_1_864' title='bbox 3655 5113 3714 5182; x_wconf 81' lang='grc' dir='ltr'>τῇ</span> 
     </span>
    </p>
   </div>
   <div class='ocr_carea' id='block_1_111' title="bbox 2157 5204 3710 5291">
    <p class='ocr_par' dir='ltr' id='par_1_111' title="bbox 2157 5204 3710 5291">
     <span class='ocr_line' id='line_1_111' title="bbox 2157 5204 3710 5291; baseline -0.013 -16"><span class='ocrx_word' id='word_1_865' title='bbox 2157 5220 2388 5291; x_wconf 80' lang='grc' dir='ltr'>κεφαλῇ·</span> <span class='ocrx_word' id='word_1_866' title='bbox 2423 5219 2496 5272; x_wconf 83' lang='grc' dir='ltr'><strong>Οὐ</strong></span> <span class='ocrx_word' id='word_1_867' title='bbox 2529 5217 2668 5272; x_wconf 88' lang='grc' dir='ltr'>θέλω</span> <span class='ocrx_word' id='word_1_868' title='bbox 2695 5217 2913 5287; x_wconf 76' lang='grc' dir='ltr'>ἰαθῆναι</span> <span class='ocrx_word' id='word_1_869' title='bbox 2939 5215 3044 5269; x_wconf 86' lang='grc' dir='ltr'><strong>ὑπό</strong></span> <span class='ocrx_word' id='word_1_870' title='bbox 3066 5213 3184 5267; x_wconf 85' lang='grc' dir='ltr'>σοῦ·</span> <span class='ocrx_word' id='word_1_871' title='bbox 3215 5215 3278 5266; x_wconf 85' lang='grc' dir='ltr'><strong>οὐ</strong></span> <span class='ocrx_word' id='word_1_872' title='bbox 3303 5211 3442 5264; x_wconf 84' lang='grc' dir='ltr'>θέλω</span> <span class='ocrx_word' id='word_1_873' title='bbox 3469 5204 3710 5274; x_wconf 77' lang='grc' dir='ltr'>δέξασθαι</span> 
     </span>
    </p>
   </div>
   <div class='ocr_carea' id='block_1_112' title="bbox 2151 5291 3717 5382">
    <p class='ocr_par' dir='ltr' id='par_1_112' title="bbox 2151 5291 3717 5382">
     <span class='ocr_line' id='line_1_112' title="bbox 2151 5291 3717 5382; baseline -0.01 -16"><span class='ocrx_word' id='word_1_874' title='bbox 2151 5314 2221 5366; x_wconf 75' lang='grc' dir='ltr'>τὰ</span> <span class='ocrx_word' id='word_1_875' title='bbox 2257 5311 2524 5382; x_wconf 76' lang='grc' dir='ltr'>φάρμακά</span> <span class='ocrx_word' id='word_1_876' title='bbox 2571 5326 2688 5364; x_wconf 89' lang='grc' dir='ltr'>σου·</span> <span class='ocrx_word' id='word_1_877' title='bbox 2739 5305 2979 5377; x_wconf 77' lang='grc' dir='ltr'>σαπῆναι</span> <span class='ocrx_word' id='word_1_878' title='bbox 3022 5305 3162 5359; x_wconf 87' lang='grc' dir='ltr'>θέλω</span> <span class='ocrx_word' id='word_1_879' title='bbox 3210 5307 3268 5358; x_wconf 81' lang='grc' dir='ltr'>ὲν</span> <span class='ocrx_word' id='word_1_880' title='bbox 3297 5305 3412 5367; x_wconf 77' lang='grc' dir='ltr'>τοῖς</span> <span class='ocrx_word' id='word_1_881' title='bbox 3455 5291 3717 5372; x_wconf 78' lang='grc' dir='ltr'>τραύμασί</span> 
     </span>
    </p>
   </div>
   <div class='ocr_carea' id='block_1_113' title="bbox 2157 5383 3718 5474">
    <p class='ocr_par' dir='ltr' id='par_1_113' title="bbox 2157 5383 3718 5474">
     <span class='ocr_line' id='line_1_113' title="bbox 2157 5383 3718 5474; baseline -0.013 -18"><span class='ocrx_word' id='word_1_882' title='bbox 2157 5420 2277 5474; x_wconf 89' lang='grc' dir='ltr'>μου·</span> <span class='ocrx_word' id='word_1_883' title='bbox 2307 5403 2548 5473; x_wconf 82' lang='grc' dir='ltr'>ὑπήκοος</span> <span class='ocrx_word' id='word_1_884' title='bbox 2579 5399 2720 5454; x_wconf 89' lang='grc' dir='ltr'>θέλω</span> <span class='ocrx_word' id='word_1_885' title='bbox 2750 5399 3006 5470; x_wconf 87' lang='grc' dir='ltr'>γενέσθαι</span> <span class='ocrx_word' id='word_1_886' title='bbox 3034 5396 3144 5452; x_wconf 84' lang='grc' dir='ltr'><strong>τῶν</strong></span> <span class='ocrx_word' id='word_1_887' title='bbox 3169 5395 3462 5464; x_wconf 85' lang='grc' dir='ltr'>δαιμόνων·</span> <span class='ocrx_word' id='word_1_888' title='bbox 3497 5392 3592 5444; x_wconf 74' lang='grc' dir='ltr'><strong>οὐκ</strong></span> <span class='ocrx_word' id='word_1_889' title='bbox 3613 5383 3718 5439; x_wconf 78' lang='grc' dir='ltr'>οἶδα</span> 
     </span>
    </p>
   </div>
   <div class='ocr_carea' id='block_1_114' title="bbox 2153 5480 3714 5565">
    <p class='ocr_par' dir='ltr' id='par_1_114' title="bbox 2153 5480 3714 5565">
     <span class='ocr_line' id='line_1_114' title="bbox 2153 5480 3714 5565; baseline -0.008 -19"><span class='ocrx_word' id='word_1_890' title='bbox 2153 5493 2245 5546; x_wconf 75' lang='grc' dir='ltr'><strong>τὸν</strong></span> <span class='ocrx_word' id='word_1_891' title='bbox 2269 5493 2494 5565; x_wconf 86' lang='grc' dir='ltr'>Κύριον.</span> <span class='ocrx_word' id='word_1_892' title='bbox 2532 5493 2642 5547; x_wconf 71' lang='grc' dir='ltr'>Καὶ</span> <span class='ocrx_word' id='word_1_893' title='bbox 2670 5493 2752 5556; x_wconf 85' lang='grc' dir='ltr'><strong>τίς</strong></span> <span class='ocrx_word' id='word_1_894' title='bbox 2780 5493 2928 5545; x_wconf 79' lang='grc' dir='ltr'>ἐστιν</span> <span class='ocrx_word' id='word_1_895' title='bbox 2955 5481 3016 5544; x_wconf 69' lang='grc' dir='ltr'>οὗ</span> <span class='ocrx_word' id='word_1_896' title='bbox 3061 5487 3456 5555; x_wconf 80' lang='grc' dir='ltr'>εἰσακούσομαι</span> <span class='ocrx_word' id='word_1_897' title='bbox 3485 5480 3583 5550; x_wconf 82' lang='grc' dir='ltr'>τῆς</span> <span class='ocrx_word' id='word_1_898' title='bbox 3609 5493 3714 5546; x_wconf 74' lang='grc' dir='ltr'>φω-</span> 
     </span>
    </p>
   </div>
   <div class='ocr_carea' id='block_1_115' title="bbox 2158 5565 3715 5658">
    <p class='ocr_par' dir='ltr' id='par_1_115' title="bbox 2158 5565 3715 5658">
     <span class='ocr_line' id='line_1_115' title="bbox 2158 5565 3715 5658; baseline -0.004 -18"><span class='ocrx_word' id='word_1_899' title='bbox 2158 5585 2254 5658; x_wconf 81' lang='grc' dir='ltr'>νῆς</span> <span class='ocrx_word' id='word_1_900' title='bbox 2284 5585 2448 5642; x_wconf 70' lang='grc' dir='ltr'>αὐτοῦ</span> <span class='ocrx_word' id='word_1_901' title='bbox 2471 5602 2483 5614; x_wconf 93' lang='grc'><strong>·</strong></span> <span class='ocrx_word' id='word_1_902' title='bbox 2529 5584 2624 5640; x_wconf 77' lang='grc' dir='ltr'><strong>καὶ</strong></span> <span class='ocrx_word' id='word_1_903' title='bbox 2652 5584 2905 5640; x_wconf 77' lang='grc' dir='ltr'>τίλοιπὸν</span> <span class='ocrx_word' id='word_1_904' title='bbox 2931 5585 3148 5654; x_wconf 77' lang='grc' dir='ltr'>ποιήσει</span> <span class='ocrx_word' id='word_1_905' title='bbox 3174 5583 3202 5636; x_wconf 88' lang='grc' dir='ltr'>ὁ</span> <span class='ocrx_word' id='word_1_906' title='bbox 3229 5579 3470 5650; x_wconf 80' lang='grc' dir='ltr'>Κύριος;</span> <span class='ocrx_word' id='word_1_907' title='bbox 3504 5565 3715 5640; x_wconf 77' lang='grc' dir='ltr'>’Δγαθδς</span> 
     </span>
    </p>
   </div>
  </div>
