4110 6386
349 391 489 460 1685

1793 381 2192 455 ALLOQUIA.

3479 377 3619 442 1686

344 501 426 558 ὢν
469 503 498 554 6
525 497 734 571 Κύριος
772 495 930 568 ἡμῶν
968 493 1102 566 πρὸς
1130 491 1230 558 τὰς
1264 491 1462 554 κακίας
1514 489 1693 562 ἡμῶν,
1725 488 1922 544 ἔδωκεν

2029 502 2189 558 quem
2227 495 2286 542 ut
2329 487 2648 545 maledicum
2698 496 2794 544 aut
2835 487 3139 545 malellcum
3175 503 3422 556 accusas,
3461 491 3604 558 quod

344 588 572 653 ἀντολὰς
615 585 992 656 καθαιρούσας
1039 583 1210 648 αύτάς
1256 582 1412 652 δίκην
1462 581 1792 652 καυστήρων
1835 581 1933 634 καὶ

345 681 684 754 καθαρσίων’
712 681 742 734 6
770 679 956 733 τοίνυν
987 677 1316 748 βουλόμενος
1341 675 1438 729 καὶ
1459 673 1642 728 ποθῶν
1675 671 1894 743 ἰαθῆναι
1911 713 1928 740 ,

343 773 559 843 ἀνάγκη
598 769 764 824 αὐτὸν
808 770 1104 838 ὑπομεῖναι
1149 767 1220 821 τά
1261 767 1636 838 ἐπιφερόμενα
1681 765 1786 820 ὑπὸ
1835 765 1930 820 τοῦ

348 861 560 933 ίατροῦ,
597 860 737 932 μετά
775 860 942 914 πόνου
989 859 1086 913 καὶ
1129 858 1364 928 σιωπῆς·
1412 857 1533 912 οὐδὲ
1563 858 1673 930 γὰρ
1701 859 1731 911 6
1757 857 1930 912 νοσῶν

344 952 519 1021 ἡδέως
545 951 660 1022 ἔχει
685 950 782 1006 τοῦ
806 950 1103 1022 τέμνεσθαι
1131 949 1228 1004 καὶ
1256 947 1476 1004 καίεθαι
1494 989 1510 1016 ,
1537 949 1571 1020 ἢ
1607 947 1794 1004 λαϐεῖν
1827 964 1930 1002 κα-

344 1043 592 1116 θάρσιον·
625 1043 776 1113 ὅμως
806 1041 985 1096 πείθει
1023 1040 1208 1107 αὑτὸν,
1251 1041 1334 1096 ὅτι
1363 1039 1534 1111 χωρὶς
1564 1038 1771 1092 τούτων
1801 1037 1929 1094 ἀδύ-

343 1151 506 1188 νατον
533 1133 923 1204 ἀπαλλαγῆναι
947 1133 1048 1204 τῆς
1089 1131 1268 1187 νόσου·
1299 1133 1396 1186 καὶ
1435 1130 1623 1185 λοιπὸν
1651 1129 1929 1185 ἐκδίδωσιν

343 1226 540 1281 ἑαυτὸν
565 1225 644 1298 τῷ
675 1225 868 1297 ίατρῷ,
901 1224 1058 1290 είδὼς
1081 1227 1161 1280 ὅτι
1185 1223 1274 1279 διὰ
1290 1225 1505 1295 ’μικρᾶς
1530 1223 1726 1294 ἀηδίας
1753 1223 1930 1278 ἀπαλο

339 1317 610 1372 λάσσεται
629 1317 831 1388 πολλῆς
853 1316 1200 1388 κακοχυμίας
1227 1316 1322 1370 καὶ
1354 1313 1716 1386 πολυχρονίας
1741 1314 1922 1370 νόσου.

338 1409 611 1482 Καυστὴρ
640 1411 700 1466 δὲ
722 1411 818 1464 τοῦ
853 1409 1030 1481 Ἰησοῦ
1058 1412 1206 1464 ἐστιν
1248 1409 1277 1460 6
1307 1407 1600 1478 ὑποφέρων
1629 1405 1854 1478 ζημίαν.

2028 595 2128 652 per
2158 595 2286 637 eum
2323 581 2620 651 cognovisti
2653 581 2798 636 viam
2837 582 3008 636 morbi
3051 581 3150 648 tui,
3187 597 3316 651 qua,
3349 591 3404 636 et
3429 595 3606 651 quan-

2029 689 2138 732 tam
2166 685 2314 731 tuam
2345 676 2412 730 ad
2447 677 2745 747 perniciem
2770 686 3056 748 grassetur
3087 694 3102 731 ι
3128 689 3300 746 quare
3325 675 3466 730 dicta
3492 673 3612 742 ejus

2027 777 2079 824 et
2111 765 2254 821 facta
2283 765 2526 821 insuavia
2553 766 2671 832 tibi,
2700 767 2866 821 debes
2889 767 2958 820 ab
2980 780 3045 820 eo
3073 766 3324 834 accipere
3351 774 3606 832 tanquam

2029 857 2333 913 medicinas
2379 855 2672 921 salutares,
2726 857 2920 912 missas
2957 857 3025 912 ad
3075 866 3126 912 te
3180 871 3210 910 a
3259 853 3414 910 Jesu.
3457 854 3611 922 Quod

2031 949 2076 1004 si
2107 962 2213 1004 non
2236 947 2412 1004 solum
2442 961 2551 1002 non
2576 946 2784 1015 gratias
2807 947 2922 1018 agis
2951 965 2968 1002 :
2997 948 3092 1003 sed
3123 945 3296 1011 doles,
3324 944 3420 1001 sed
3445 943 3614 1000 vicis-

2033 1041 2137 1096 sim
2174 1039 2523 1104 conviciaris,
2563 1039 2799 1094 vicissim
2833 1053 3076 1108 accusas,
3112 1049 3167 1096 et
3208 1039 3380 1094 nectis
3419 1044 3610 1092 contra

2035 1133 2208 1202 ipsum
2266 1132 2708 1188 machinationes
2746 1133 3037 1188 vindictam
3093 1133 3402 1198 meditans,
3445 1129 3612 1185 tacite

2035 1221 2172 1278 dicis
2211 1221 2428 1278 Christo
2454 1219 2608 1289 lesu,
2657 1232 2750 1278 aut
2787 1225 2966 1294 potius
3013 1231 3199 1278 exerte
3247 1237 3313 1277 ac
3357 1221 3606 1276 diserte:

2023 1311 2158 1370 Nolo
2191 1315 2371 1370 curari
2401 1331 2430 1369 a
2463 1324 2550 1371 te:
2577 1315 2704 1371 nolo
2733 1329 2951 1371 sumere
2977 1314 3270 1370 medicinas
3295 1321 3450 1367 tuas:
3487 1308 3610 1366 volo

2025 1403 2307 1476 putrefieri
2364 1406 2419 1461 in
2485 1407 2625 1463 meis
2673 1406 2988 1463 vulneribus
3032 1423 3046 1460 :
3092 1405 3214 1460 volo
3273 1403 3611 1460 daemonibus

337 1501 588 1557 obedire.
620 1501 814 1558 Nescio
841 1500 1148 1557 Dominum.
1177 1501 1242 1555 Et
1268 1501 1392 1571 quis
1420 1499 1509 1554 ille
1541 1507 1649 1565 est,
1695 1507 1756 1554 ut
1797 1498 2048 1554 obediam
2097 1497 2216 1554 voci
2257 1497 2455 1568 ejus'?
2521 1498 2661 1566 Quid
2737 1513 2867 1571 ergo
2941 1499 3010 1554 de
3077 1507 3277 1554 caetero
3319 1497 3481 1552 faciet
3512 1496 3613 1551 Do-

339 1593 567 1648 minus?
617 1593 751 1648 Cum
785 1595 858 1650 sit
888 1595 1062 1650 bonus
1105 1592 1369 1648 Dominus
1413 1601 1598 1647 noster
1655 1596 1714 1648 e't
1783 1591 2068 1663 indulgens
2133 1606 2263 1664 erga
2314 1601 2530 1649 nostras
2571 1593 2938 1662 iniquitates:
2981 1591 3130 1648 dedit
3173 1591 3424 1647 mandata
3465 1608 3596 1649 san-
3681 1644 3687 1649 .

352 1695 440 1740 cta
470 1687 756 1754 purgantia
796 1685 944 1756 ipsas
971 1686 1147 1741 instar
1178 1685 1546 1740 cauteriorum
1586 1694 1642 1740 et
1669 1685 2108 1755 pharmacorum.
2171 1684 2274 1752 Qui
2303 1699 2438 1756 ergo
2495 1683 2611 1740 vult
2639 1693 2695 1740 et
2756 1685 3034 1742 desiderat
3079 1685 3286 1752 curari,
3350 1685 3608 1743 admittat

335 1785 560 1847 Oportet
586 1786 643 1834 et
680 1779 944 1835 sustineat
975 1792 1311 1848 quaecunque
1337 1777 1422 1835 vel
1462 1776 1784 1842 oli'eruntur,
1835 1775 1921 1832 vel
1959 1777 2272 1834 inferuntur
2292 1778 2344 1834 ei
2375 1792 2405 1831 a
2442 1777 2678 1845 medico,
2748 1779 3034 1847 sustineat,
3068 1780 3314 1851 inquam,
3348 1792 3471 1834 cum
3515 1792 3613 1848 pa-

337 1867 530 1922 tientia
560 1868 764 1925 doloris
818 1881 1032 1926 etcum
1061 1868 1300 1925 silentio.
1349 1865 1489 1924 Nam
1528 1882 1630 1924 nec
1690 1867 1784 1938 qui
1851 1875 2082 1936 aegrotat
2126 1881 2376 1936 corpore,
2413 1865 2714 1936 jucundum
2773 1869 3072 1938 experitur,
3134 1867 3334 1933 secari,
3389 1867 3492 1932 uri,
3545 1877 3605 1923 et

335 1959 564 2014 sorbere
593 1973 808 2016 amaras
839 1961 1120 2033 potiones;
1160 1971 1342 2017 tamen
1369 1959 1592 2016 cohibet
1619 1972 1700 2023 se,
1731 1973 1798 2014 ac
1823 1959 1926 2014 sibi
1963 1958 2258 2028 persuadet
2328 1958 2667 2015 tolerantiam
2745 1959 2931 2016 talium
2969 1961 3354 2021 acerbitatum,
3401 1960 3612 2029 absque

337 2046 430 2104 his
457 2051 658 2118 sciens,
695 2051 840 2108 haud
905 2067 965 2109 se
1023 2066 1186 2123 posse
1228 2051 1453 2108 liberari
1482 2065 1516 2106 a
1554 2050 1834 2121 languore,
1902 2051 2160 2120 quocirca
2216 2060 2386 2107 totum
2439 2065 2500 2106 se
2555 2051 2824 2122 permittit
2891 2051 3142 2119 medico;
3213 2065 3450 2120 gnarus,
3512 2066 3613 2122 per

337 2141 504 2197 istam
541 2143 808 2200 modicam
851 2145 1156 2201 molestiam
1185 2143 1474 2216 expulsum
1553 2142 1620 2198 iri
1663 2157 1694 2197 a
1759 2156 1822 2198 se
1891 2152 2211 2212 conceptum
2291 2144 2592 2200 visceribus
2633 2158 2742 2214 quo
2785 2143 2926 2200 male
2990 2153 3274 2215 torquetur
3319 2143 3505 2209 virus,
3555 2149 3616 2199 et

335 2237 656 2294 diuturnam
682 2253 789 2309 qua
837 2239 1044 2296 sensim
1113 2239 1417 2295 absumitur
1491 2238 1868 2310 aegritudinem
1899 2239 2301 2295 excutiendam.
2343 2239 2650 2313 Chirurgus
2689 2248 2868 2298 autem
2935 2254 3130 2298 secans
3193 2254 3465 2310 urensque
3501 2239 3610 2296 Do-

337 2329 477 2384 mini
505 2326 634 2384 Jesu
661 2337 764 2396 est,
795 2330 900 2386 iste
923 2331 1105 2386 damni
1138 2340 1233 2386 aut
1264 2331 1474 2400 injuria:
1499 2330 1700 2386 illatur.

412 2426 488 2480 Δ’.
529 2425 642 2478 Καὶ
689 2423 912 2495 ἔλεγεν·
964 2426 1216 2499 ’Λπαρον
1262 2427 1390 2491 τοὺς
1432 2427 1778 2498 πειρασμοὺς
1828 2425 1922 2480 καὶ

2095 2421 2184 2477 ιν.
2231 2421 2375 2476 Dixit
2419 2422 2641 2494 insuper
2681 2442 2695 2480 :
2730 2423 2882 2481 Tolle
2930 2427 3258 2484 tentationes
3311 2439 3366 2486 ct
3410 2433 3620 2504 cogita-

337 2515 637 2587 λογισμοὺς
661 2555 678 2583 ,
727 2517 824 2570 καὶ
864 2517 1041 2581 οὐδεὶς
1068 2517 1244 2587 ἅγιος·
1281 2517 1312 2570 6
1366 2517 1586 2586 φεύγων
1614 2517 1922 2588 πειρασμὸν

2027 2515 2222 2569 tiones.
2257 2513 2376 2570 iam
2432 2530 2592 2572 nemo
2636 2527 2722 2574 est
2760 2529 3020 2585 sanctus;
3053 2521 3144 2590 qui
3179 2521 3318 2592 fugit
3350 2525 3604 2582 tentatio—

333 2603 598 2676 ἐπωφελῆ
622 2645 636 2669 ,
669 2605 862 2676 φεύγει
891 2606 1039 2680 ζωὴν
1088 2607 1327 2662 αἰώνιονυ
1375 2603 1512 2662 Εῐπε
1547 2607 1657 2680 γάρ
1705 2623 1790 2672 τις
1816 2607 1922 2662 τῶν

2024 2622 2148 2662 nem
2207 2623 2304 2678 per
2350 2623 2411 2665 se
2464 2609 2671 2676 utilem,
2723 2609 2860 2680 fugit
2905 2611 3066 2667 vitam
3125 2623 3407 2671 :rternam.
3462 2617 3612 2672 Dixit

366 2695 561 2762 ἁγίων·
625 2697 722 2760 Τίς
754 2697 1088 2768 προεξένησε
1135 2701 1250 2763 τοῖς
1293 2699 1474 2768 ἁγίοις
1521 2699 1760 2770 μάρτυσι
1795 2701 1922 2762 τοὺς

336 2787 641 2857 στεφάνους
689 2788 964 2855 ἐκείνους,
1011 2791 1062 2844 εί
1094 2789 1170 2862 μὴ
1201 2792 1252 2844 oi
1295 2790 1652 2861 ἀδικήσαντες
1681 2791 1921 2858 αύτούς;

335 2878 439 2943 Τίς
464 2879 780 2950 ἑδωρήσατο
825 2879 904 2952 τῷ
942 2881 1084 2952 ἁγίῳ
1135 2883 1396 2953 Στεφάνῳ
1441 2885 1699 2950 τοιαύτην
1764 2884 1923 2952 δόξαν

336 2971 408 3040 ἢν
428 2971 707 3044 εποίησεν,
738 2973 788 3026 εί
832 2973 909 3046 μὴ
942 2976 994 3027 oi
1028 2974 1350 3040 λιθάσαντες
1383 2976 1586 3043 αὐτόν;
1617 2977 1730 3031 Kal
1783 2995 1921 3050 προ-

334 3063 538 3136 ἐφερεν
583 3063 671 3118 ἀεὶ
702 3063 801 3135 τὴν
829 3066 1026 3136 χρῆσιν
1055 3065 1148 3120 τοῦ
1171 3067 1352 3136 ἁγίου,
1376 3068 1458 3122 ὅτι
1497 3066 1638 3138 Ἐγὼ
1663 3068 1790 3133 τοὺς
1824 3069 1924 3140 ἐμὲ

339 3157 782 3230 κατηγοροῦντας
832 3159 934 3212 οὐκ
957 3158 1257 3230 αἰτιῶμαι,
1302 3160 1440 3214 ἀλλά
1489 3162 1585 3215 καὶ
1629 3161 1924 3231 εὐεργέτας

336 3250 490 3306 καλῶ
512 3252 610 3305 καὶ
641 3250 752 3322 ἔχω
783 3252 972 3324 ἐμούς·
1003 3254 1096 3307 καὶ
1123 3254 1226 3306 οὐκ
1251 3253 1583 3325 ἀπωθοῦμαι
1617 3255 1710 3308 τὸν
1739 3254 1923 3326 ἰατρὸν

335 3343 448 3398 τῶν
477 3343 666 3414 ψυχῶν
691 3345 984 3416 φάρμακον
1017 3345 1243 3416 ἀτιμίας
1271 3345 1618 3416 προσάγοντα
1662 3347 1922 3420 κενοδόξῳ

335 3435 508 3508 ψυχῇο
535 3435 634 3490 καὶ
652 3436 868 3492 δέδοικα
893 3438 968 3509 μή
999 3454 1131 3492 ποτε
1161 3437 1258 3492 καὶ
1283 3437 1412 3510 περὶ
1433 3439 1535 3509 τῆς
1562 3439 1742 3510 ψυχῆς
1765 3440 1917 3512 εἴπῃ⁹

337 3527 766 3597 Ἰατρεύσαμεν
805 3527 922 3596 τὴν
961 3527 1314 3595 Βαϐυλῶνα,
1349 3529 1450 3584 καί
1483 3530 1596 3584 οὐκ
1627 3529 1782 3598 ἰάθηο
1826 3530 1922 3584 καὶ

337 3616 524 3672 πάλιψ
555 3617 822 3687 Ποσάκις
843 3619 1118 3689 ἠθέλησα
1153 3619 1620 3691 ἐπισυναγαγεῖν
1642 3623 1714 3678 τὰ
1737 3622 1924 3678 τέκνα

335 3725 458 3764 σου
488 3711 570 3778 ὡς
609 3709 775 3780 ὄρνις
817 3713 932 3780 τὴν
959 3713 1224 3767 νοσσιὰν
1247 3711 1457 3779 αὐτοῦ,
1507 3713 1609 3768 καὶ
1639 3717 1752 3769 οὐκ
1783 3715 1918 3785 ἠθέ-

335 3803 559 3870 λησας
598 3801 744 3858 Ἰδοὺ
768 3803 1001 3873 ἀφίεται
1022 3806 1056 3860 ό
1082 3800 1247 3872 οἶκος
1285 3804 1454 3874 ὑμῶν
1477 3803 1715 3878 ἕρημος.

410 3975 489 4031 Ε’.
528 3974 642 4029 Καὶ
663 3974 871 4046 ἔλεγεν⁹
915 3975 1196 4046 Ἐφοὸεἶτο
1220 3979 1248 4033 6
1277 3977 1548 4052 Εὗάγριος
1577 3979 1654 4054 μὴ
1681 3981 1922 4056 ἐγκληθῇ

339 4065 448 4121 ὑπὸ
477 4065 574 4120 τοῦ
625 4068 862 4140 Χριστοῦ
898 4071 994 4124 καὶ
1025 4073 1157 4146 είπῃ
1191 4071 1362 4142 αύτῷ·
1416 4070 1682 4148 Εύάγριε,
1718 4077 1926 4142 ὲνόσεις

338 4157 670 4226 κενοδοξίαν,
702 4161 796 4214 καὶ
822 4162 1103 4232 ὲπήγαγόν
1134 4179 1216 4217 σοι
1241 4163 1534 4238 φάρμακον
1559 4165 1804 4238 ἀτιμίας,
1839 4169 1926 4223 ἴνα

331 4248 408 4302 δι’
432 4249 598 4304 αὑτοῦ
627 4251 988 4324 καθαρισθῇς.
1015 4253 1088 4306 Σὺ
1111 4253 1169 4308 δὲ
1189 4255 1289 4308 οὒκ
1313 4255 1691 4330 ἐθεραπεύθης
1715 4275 1729 4290 ο
1764 4259 1924 4332 τοῦτο

342 4341 404 4396 δὲ
425 4341 710 4414 μάθωμεν,
749 4343 832 4398 ὃτι
863 4343 1036 4408 οὐδείς
1069 4345 1219 4400 ἐστιν
1245 4346 1532 4416 ἀληθεύων
1555 4349 1604 4402 εί
1638 4349 1715 4421 μὴ
1745 4351 1794 4404 oi
1824 4350 1923 4421 ψέ-

337 4448 527 4502 γοντες
555 4432 728 4504 ἡμᾶς.
757 4431 951 4502 Ἔλεγε
980 4431 1057 4486 δέ·
1076 4433 1134 4488 '0
1159 4433 1384 4507 Κύριος,
1404 4435 1436 4506 6
1455 4436 1664 4502 ὲτάζων
1694 4441 1922 4512 καρδίας

339 4521 436 4576 καὶ
465 4525 730 4596 νεφροὺς,
765 4521 907 4579 οῐδεν
953 4525 1033 4580 ὃτι
1071 4525 1166 4580 ἐὰν
1200 4527 1403 4592 πάντες
1445 4528 1724 4602 ἄνθρωποι
1759 4532 1919 4586 ἐπαι-

337 4615 471 4670 νῶσι
496 4617 593 4670 καὶ
626 4615 974 4688 μακαρίξωσι
1005 4616 1073 4672 τά
1108 4617 1219 4688 ὲμά
1249 4619 1446 4686 πάντα,
1473 4620 1597 4686 ἀξια
1623 4621 1795 4692 ψόγου
1825 4625 1922 4679 καὶ

337 4707 601 4779 αἰσχύνης
631 4707 1042 4779 ἐμπτυσμάτων
1073 4709 1232 4764 εἰσίν·
1267 4709 1362 4765 ὲάν
1393 4711 1451 4766 δὲ
1489 4712 1705 4768 εἴπωσιο
1748 4716 1920 4770 Τοῦτο

339 4800 434 4854 καὶ
484 4801 659 4853 ἐκεῖνο
697 4797 958 4870 ἐποίησας
979 4815 994 4830 ·
1031 4799 1164 4868 ἐγὼ,
1193 4800 1260 4854 Τί
1305 4802 1415 4872 γὰρ
1441 4801 1503 4856 τδ
1547 4802 1682 4874 ὲμδν
1721 4807 1916 4875 καλόν;

322 4889 512 4954 οὐδεὶς
532 4890 642 4962 γὰρ
670 4889 924 4961 ψεύδεται
947 4891 995 4942 εί
1015 4889 1090 4962 μὴ
1110 4892 1160 4944 oi
1193 4893 1542 4958 ἐπαινοῦντές
1581 4913 1648 4966 με
1681 4897 1776 4951 καὶ
1810 4916 1916 4969 μα-

338 4980 656 5054 καρίζοντες
675 4998 762 5053 με’
795 4983 891 5036 καὶ
907 4983 1081 5046 οὐδεὶς
1109 4983 1366 5056 ἀληθεύει
1401 4987 1546 5058 εἰμὴ
1576 4987 1626 5040 οί
1655 4987 1915 5057 ψὲγοντές

2023 2699 2168 2753 enim
2229 2715 2355 2756 vere
2401 2701 2672 2772 quispiam
2725 2713 3037 2760 sanctorum
3069 2708 3234 2776 :quis
3295 2711 3611 2777 procuravit

2025 2791 2360 2862 martyribus
2403 2807 2637 2850 coronas
2667 2794 2864 2864 quibus
2894 2795 3124 2866 fulgent,
3159 2801 3262 2853 nisi
3291 2812 3616 2870 persecuto-

2025 2895 2115 2936 res
2145 2881 2430 2952 ipsorum?
2458 2884 2583 2954 quis
2613 2884 2835 2940 donavit
2861 2894 3058 2941 sancto
3084 2887 3360 2956 Stephano
3391 2899 3500 2944 tam
3543 2891 3611 2946 il-

2023 2971 2252 3027 lustrem
2294 2973 2453 3028 istam
2503 2989 2611 3045 qua
2653 2974 2856 3030 fruitur
2899 2975 3150 3047 gloriam,
3198 2980 3301 3033 nisi
3344 2981 3435 3052 qni
3484 2998 3615 3038 eum

2026 3061 2374 3134 lapidarunt?
2409 3065 2478 3120 Et
2505 3067 2818 3135 proferebat
2863 3083 3080 3140 semper
3124 3074 3449 3130 sententiam
3489 3091 3616 3134 san-

2024 3157 2100 3211 eti
2141 3156 2422 3227 cujusdam
2471 3157 2667 3214 aientis
2703 3177 2717 3214 :
2747 3157 2860 3229 Ego
2901 3171 3222 3219 accusantes
3260 3180 3346 3221 me
3379 3181 3482 3222 non
3523 3184 3612 3225 re-

2023 3247 2231 3316 darguo
2260 3264 2274 3300 :
2303 3245 2396 3302 sed
2437 3255 2493 3301 et
2528 3246 2905 3306 benefactores
2938 3266 3073 3307 voco
3117 3253 3396 3326 habeoque
3435 3273 3616 3316 meos.

2021 3336 2136 3394 Nec
2166 3339 2370 3408 repello
2394 3339 2663 3394 medicum
2697 3341 2998 3398 animarum
3027 3345 3403 3415 propinantem
3435 3351 3608 3419 pharo

2023 3444 2236 3484 macum
2280 3430 2587 3501 ignominia:
2627 3446 2784 3502 εει-ιιι
2821 3449 2952 3488 me:e
3001 3436 3194 3492 animae
3231 3441 3422 3496 morbo
3450 3457 3607 3498 vanas

2022 3520 2208 3592 gloria:
2242 3521 2506 3576 laboranti
2549 3542 2564 3577 :
2609 3537 2803 3580 verens
2835 3539 2903 3580 ne
2947 3525 3089 3582 forte
3119 3529 3182 3582 de
3215 3529 3304 3583 illa
3332 3531 3551 3588 dicatur
3584 3555 3604 3591 ι

2023 3609 2336 3665 Curavimus
2373 3609 2690 3682 Babylonem
2737 3621 2783 3668 et
2822 3620 2924 3668 no‘n
2971 3625 3049 3670 est
3079 3626 3272 3672 sanata
3306 3617 3360 3686 ‘;
3394 3630 3450 3676 ct
3485 3637 3606 3678 rur-

2023 3717 2154 3758 sus:
2187 3701 2406 3769 Quoties
2439 3703 2580 3758 volui
2605 3720 2920 3776 congregare
2944 3707 3084 3777 ﬁlios
3115 3720 3234 3765 tuos
3265 3714 3608 3780 quemadmw

2027 3795 2152 3850 dum
2185 3794 2385 3866 gallina
2432 3807 2710 3867 congregat
2744 3797 2916 3866 pullos
2957 3802 3051 3856 sub
3083 3802 3222 3866 alas,
3262 3815 3310 3858 et
3344 3805 3560 3861 noluisti
3581 3809 3616 3860 ελ

2025 3887 2163 3945 Ecce
2192 3888 2514 3960 relinquetur
2550 3890 2692 3944 vobis
2723 3895 2909 3946 domus
2944 3903 3116 3948 vestra
3153 3895 3360 3951 deserla
3380 3898 3424 3952 ⁸.

2097 3979 2164 4035 ν.
2207 3979 2276 4036 Ει
2305 3982 2441 4036 dixit
2473 4000 2487 4038 :
2519 3982 2772 4048 Timebat
2818 3984 3084 4054 Evagrius
3129 4001 3199 4043 ne
3249 3989 3609 4059 exprobraret

2025 4074 2126 4132 sibi
2152 4074 2405 4132 Christus
2455 4085 2504 4130 et
2541 4074 2748 4134 diceret
2781 4095 2797 4132 :
2827 4075 3047 4148 Evagri,
3085 4079 3370 4137 laborabas
3417 4084 3617 4140 morbo.

2023 4183 2177 4224 vanae
2216 4168 2403 4241 gloria:
2434 4187 2450 4225 :
2478 4177 2534 4226 et
2570 4185 2672 4240 ego
2729 4170 3053 4226 medicinam
3091 4172 3184 4227 tibi
3235 4173 3471 4243 applicui
3512 4173 3604 4227 de-

2023 4259 2188 4316 decus
2227 4259 2456 4328 illatum,
2489 4267 2546 4314 ut
2570 4275 2667 4332 per
2691 4259 2820 4315 illud
2854 4261 3146 4318 curareris.
3183 4261 3262 4318 Tu
3297 4271 3476 4317 tamen
3513 4280 3607 4318 sas

2022 4357 2185 4405 natus
2235 4364 2342 4405 non
2370 4365 2466 4418 es;
2511 4360 2568 4407 et
2611 4365 2710 4422 pro
2754 4363 2905 4408 certo
2937 4361 3240 4417 teneamus,
3296 4368 3363 4409 ex
3411 4353 3476 4408 iis
3506 4355 3600 4422 qui

2021 4441 2088 4497 de
2120 4441 2278 4497 nobis
2311 4442 2634 4514 loquuntur,
2664 4458 2758 4501 eos
2799 4441 2945 4502 solos
2977 4459 3109 4500 vera
3143 4445 3341 4513 dicere,
3373 4445 3464 4516 qni
3500 4460 3600 4501 nos

2021 4534 2348 4607 vituperant.
2384 4536 2644 4592 Dominus
2671 4537 2763 4608 qui
2809 4545 3086 4592 scrutatur
3123 4539 3285 4592 corda
3319 4547 3373 4592 et
3415 4553 3602 4600 renes,

2021 4627 2166 4681 novit
2239 4641 2358 4682 mea
2401 4626 2604 4695 omnia,
2651 4628 3001 4696 quantumvis
3049 4642 3146 4682 ore
3182 4641 3420 4682 consono
3463 4644 3597 4682 cnn-

2019 4725 2234 4773 ctorum
2260 4717 2537 4772 hominum
2567 4717 2883 4785 laudentur,
2917 4729 2971 4776 et
3002 4719 3401 4786 beatiﬂcentur,
3431 4721 3599 4776 nihilo

2021 4817 2202 4865 tamen
2257 4809 2435 4864 minus
2478 4811 2654 4880 turpia
2701 4811 3061 4882 desputabilia
3111 4822 3166 4866 et
3209 4811 3406 4881 probro
3439 4815 3602 4882 digna

2018 4915 2160 4958 esse.
2195 4900 2250 4956 Si
2279 4913 2460 4956 autem
2508 4901 2794 4958 adulantes
2822 4901 2952 4956 mihi
2979 4902 3164 4958 dicant
3191 4917 3205 4956 :
3235 4901 3348 4958 lloc
3375 4915 3428 4958 et
3468 4905 3597 4960 illud

2020 4996 2217 5052 bonum
2261 4995 2474 5067 fecisti;
2519 5013 2620 5067 ego
2674 4997 3186 5068 respondeo:Quid
3237 4997 3383 5061 enim
3423 4998 3477 5052 in
3515 4998 3600 5053 bis

337 5089 408 5144 με
445 5075 538 5127 καὶ
561 5071 973 5138 ὲξουθενοῢντες
997 5091 1010 5103 ·
1047 5076 1144 5129 καὶ
1171 5076 1292 5130 οὐδὲ
1321 5078 1504 5131 πᾶσαν
1531 5078 1630 5150 τὴν
1655 5079 1916 5150 ἀλήθειαν

2027 5103 2204 5142 meum
2247 5100 2355 5155 est,
2385 5105 2505 5142 cum
2561 5089 2650 5144 Dei
2692 5089 2800 5144 sint
2844 5089 2896 5142 in
2929 5087 3158 5144 solidum
3204 5088 3343 5144 bona
3377 5089 3599 5145 omnia?

333 5165 580 5234 λέγουσι·
608 5163 704 5219 καὶ
751 5166 800 5219 εί
827 5165 1160 5238 ἠξιώθησαν,
1188 5169 1249 5222 οὐ
1279 5167 1424 5238 λέγω
1451 5169 1512 5224 τὸ
1542 5170 1780 5240 πέλαγος
1807 5173 1917 5227 τῶν

335 5255 486 5326 ἐμῶν
526 5255 734 5309 κακῶν·
777 5255 916 5310 ἀλλά
967 5273 1020 5310 τι
1077 5257 1244 5329 μέρος
1293 5257 1444 5323 ἰδεῖν,
1485 5261 1918 5335 ἀπεστράφησαν

334 5347 402 5402 ἂν
451 5344 546 5401 καὶ
587 5347 697 5401 ἀπὺ
729 5347 994 5422 βορϐόρου
1034 5353 1130 5405 καὶ
1175 5349 1440 5415 δυσωδίας
1471 5354 1565 5406 καὶ
1605 5355 1916 5427 ἀκαθάρτου

335 5439 650 5512 πνεύματος
694 5440 796 5512 τῆς
839 5443 1118 5514 ἡμετέρας
1146 5443 1344 5516 ψυχῆς⁸
1381 5446 1476 5500 καὶ
1511 5446 1607 5501 ἐὰν
1651 5448 1918 5516 γένωνται

2025 5176 2194 5233 Nemo
2223 5165 2478 5249 profecto
2513 5181 2578 5234 de
2625 5195 2711 5234 me
2749 5180 3032 5246 mentitur,
3082 5181 3184 5234 nisi
3232 5179 3322 5250 qui
3358 5195 3444 5235 me
3488 5179 3596 5234 lauo

2026 5269 2157 5324 dant
2203 5280 2256 5324 et
2284 5271 2498 5326 beatum
2529 5271 2842 5340 praedicant.
2872 5269 3046 5328 Nemo
3074 5273 3140 5327 de
3171 5288 3256 5326 me
3287 5285 3413 5326 vera
3439 5271 3602 5338 dicit,

2027 5360 2126 5416 nisi
2160 5359 2248 5428 qui
2283 5375 2368 5416 me
2399 5362 2612 5431 probris
2643 5371 2874 5418 onerant
2927 5372 2981 5418 et
3015 5362 3170 5417 nihili
3209 5362 3596 5416 homunculum

2025 5451 2175 5506 aiunt
2196 5466 2344 5507 esse.
2365 5452 2518 5518 Quod
2546 5452 2590 5508 si
2615 5451 2746 5523 ipsis
2771 5454 3130 5522 contingeret,
3153 5465 3258 5505 non
3274 5450 3396 5506 dico
3422 5460 3590 5506 totum

334 5530 406 5586 τά
428 5531 656 5604 σώματα
698 5532 810 5588 τῶν
839 5533 1145 5606 ἀνθρώπων
1172 5536 1418 5606 γλῶσσαι
1452 5539 1532 5602 είς
1558 5538 1621 5593 τδ
1651 5539 1912 5613 λοιδορεῖν

2024 5542 2240 5612 pelagus
2290 5543 2552 5600 malorum
2589 5560 2854 5610 meorum,
2897 5543 2990 5598 sed
3027 5542 3108 5597 vel
3139 5551 3346 5612 partem
3397 5543 3600 5597 horum

337 5623 508 5696 ἡμᾶς,
536 5625 840 5700 πέπεισμαι
868 5627 950 5680 ὅτι
975 5626 1151 5694 οὐδεὶς
1170 5628 1393 5686 δύναται
1415 5630 1582 5700 ἀξίως
1613 5633 1786 5687 εἰπεῖν
1813 5631 1910 5704 τὴν

2024 5634 2256 5705 aliquam
2282 5634 2465 5692 videre
2493 5674 2510 5702 ,
2539 5644 2844 5692 averterent
2879 5633 3062 5704 Illique
3115 5647 3174 5688 se
3221 5649 3249 5688 a
3289 5632 3457 5688 fetore
3487 5631 3598 5690 luti

417 5789 440 5825 ³
461 5788 630 5852 Exod.
663 5811 723 5866 ιι,
751 5796 842 5858 22.
920 5798 942 5832 ‘
965 5797 1073 5858 Jer.
1104 5816 1166 5870 ιι,
1203 5799 1256 5859 9.
1325 5804 1347 5836 ⁵
1367 5802 1498 5862 Luc.
1535 5820 1660 5876 xm,
1683 5804 1766 5862 δι.
