4110 6380
509 345 646 411 1687

1817 368 2116 428 ΖΟΞΙΜίΕ
2151 370 2471 431 ABBATIS

3625 394 3645 450 1
3655 392 3749 457 688

515 477 619 518 tam
680 464 849 532 laedi,
911 468 1255 537 pestilentem
1311 475 1499 529 auram
1553 473 1737 535 ﬂatus,
1781 488 2083 535 nostrarum

2198 482 2356 554 ἡμῶν
2392 480 2642 554 ἀτιμίαν·
2674 485 2781 549 πᾶς
2803 484 2913 556 γὰρ
2939 464 3215 558 λοιδορῶν,
3252 488 3410 559 μέρος
3435 490 3594 559 λέγει·
3616 499 3677 552 τὰ
3698 503 3748 557 εδ

507 557 814 611 animarum
848 557 991 614 ferre
1040 575 1146 616 non
1190 562 1453 621 valentes.
1499 566 1638 635 Quin
1667 571 1753 625 vel
1797 572 1841 627 si
1894 581 2088 629 cuncta

511 651 877 706 lmmanorum
932 654 1176 710 membra
1226 672 1515 729 corporum
1559 663 1697 718 nihil
1750 665 1854 721 nisi
1894 666 2091 738 lingua:

506 755 691 798 essent
725 745 793 799 ad
842 759 941 800 nos
973 746 1334 817 increpandos
1377 760 1434 807 et
1473 755 1734 812 conviciis
1780 758 2089 815 obruendos

509 836 727 891 assidue
770 837 1047 905 clamosrc,
1104 855 1403 910 persuasus
1451 861 1596 914 sum,
1654 862 1757 904 nec
1805 850 1887 905 sic
1927 864 2089 920 posse

506 927 642 982 satis
674 927 837 999 digne
881 930 1141 987 vilitatem
1198 943 1440 991 nostram
1487 946 1542 993 et
1584 939 1941 1010 ignominiam
1978 951 2089 998 tra-

505 1020 649 1075 duci.
686 1020 819 1075 Nam
865 1024 1173 1094 quicunque
1221 1042 1320 1083 nos
1364 1030 1662 1100 vituperat,
1694 1043 1904 1102 partem
1949 1034 2088 1089 dun-

507 1120 655 1165 taxat
704 1114 883 1183 carpit
929 1130 1240 1173 memorans
1279 1118 1516 1190 aliquam
1568 1131 1877 1179 nostrorum
1925 1125 2087 1181 vitio-

507 1219 626 1256 rum
656 1221 671 1257 :
703 1205 929 1261 multum
973 1217 1155 1264 autem
1186 1210 1364 1279 abest,
1395 1214 1462 1267 ab
1490 1214 1740 1269 omnibus
1777 1216 2085 1273 noscendis.

505 1294 563 1349 Si
587 1296 731 1350 enim
758 1296 941 1365 justus
962 1297 1062 1355 Job
1079 1301 1157 1355 ait
1183 1322 1196 1357 :
1222 1299 1421 1359 Plenus
1442 1306 1740 1375 ignominia
1759 1324 1853 1379 ego
1872 1325 1988 1363 sum
2002 1309 2046 1342 "
2069 1328 2083 1365 :

503 1399 557 1441 et
583 1389 726 1457 quod
756 1389 972 1460 plenum
1003 1400 1109 1458 est,
1147 1393 1354 1448 nullam
1385 1404 1592 1464 partem
1625 1396 1787 1453 habet
1814 1414 2038 1455 vacuam
2068 1417 2083 1455 :

502 1495 608 1537 nos
638 1477 768 1550 quid
801 1481 1065 1546 dicemus,
1116 1484 1207 1554 qui
1253 1500 1405 1541 mare
1449 1487 1716 1543 malorum
1757 1490 1986 1547 sumus?
2025 1489 2085 1547 ln

503 1574 652 1629 omni
682 1584 907 1644 peccato
946 1574 1253 1632 humiliavit
1295 1593 1395 1636 nos
1429 1580 1532 1636 sibi
1573 1580 1867 1649 subiiciens
1899 1583 2088 1639 diabo-

506 1665 610 1723 lus.
646 1665 839 1722 Nostra
885 1667 1115 1723 interest
1142 1676 1300 1741 grate
1346 1671 1598 1743 accipere
1625 1672 1841 1744 quoties
1887 1673 1957 1729 ab
1988 1675 2086 1729 hoc

2196 573 2375 629 πάντα
2395 577 2457 629 ού
2473 574 2698 631 δύναται
2724 577 2943 632 ειδέναι·
2968 580 3016 633 εί
3036 578 3144 651 γὰρ
3164 581 3192 633 ὁ
3215 580 3416 647 δίκαιος
3450 585 3563 640 Ἰὼϐ
3585 588 3747 658 εἶπεν,

2194 667 2276 720 ὅτι
2299 666 2548 737 Πλήρης
2567 669 2804 739 ἀτιμίας
2831 671 2970 741 ειμι·
3004 670 3065 725 τὸ
3084 672 3142 727 δὲ
3171 671 3384 745 πλήρης
3413 678 3559 731 οὐδὲν
3582 683 3750 738 ἐπιδέ-

2192 775 2368 830 χεται·
2386 759 2548 831 ἡμεῖς
2570 761 2821 833 εῐπομεν,
2843 763 3082 832 πέλαγος
3108 763 3262 829 ὄντες
3289 768 3490 821 κακῶν·
3508 770 3591 824 Ἐν
3604 778 3753 831 παντὶ

2193 850 2555 923 ἁμαρτήματι
2580 854 2949 909 ἐταπείνωσεν
2973 857 3176 927 ήμᾶςύ
3201 856 3443 923 διάϐολος
3460 901 3475 925 ,
3511 866 3601 918 καὶ
3622 866 3755 936 ὀφεί-

2191 943 2358 1015 λομεν
2383 944 2730 1017 εὐγνώμονες
2756 947 3013 1015 γενέσθαι
3037 950 3138 1021 τῆς
3183 950 3561 1019 ταπεινώσεως
3587 957 3751 1027 ἡμῶν·

2189 1035 2237 1089 ol
2264 1035 2373 1106 γὰρ
2397 1037 2740 1110 εὐγνώμονες
2760 1040 3043 1111 γενόμενοι
3066 1041 3166 1111 τῆς
3188 1042 3371 1096 αὐτῶν
3396 1047 3757 1114 ταπεινώσεως

2192 1129 2543 1201 συντρίϐουσι
2582 1132 2677 1186 τὸν
2703 1132 2969 1190 διάϐολον.
3010 1135 3121 1189 Καὶ
3156 1134 3338 1201 καθὼς
3368 1133 3516 1190 εἷπον
3552 1140 3598 1192 οἱ
3622 1140 3774 1206 amr

2190 1222 2453 1293 Πατέρες·
2485 1222 2581 1295 tam
2613 1225 2912 1298 κατενεχθῇ
2941 1228 2975 1299 ἡ
3008 1227 3341 1294 ταπείνωσις
3374 1231 3453 1293 είς
3480 1230 3569 1284 τδν
3611 1230 3763 1303 ᾅδην,

2188 1321 2271 1384 είς
2298 1321 2388 1375 τὸν
2421 1320 2653 1392 οὐρανὸν
2695 1322 2982 1392 ἀνάγεται·
3018 1325 3116 1379 καὶ
3142 1324 3239 1380 tam
3270 1325 3458 1397 ὑψωθῇ
3491 1328 3524 1395 ἡ
3563 1328 3757 1398 ὑπερη-

2190 1410 2358 1478 φανία
2390 1409 2495 1473 ἕως
2521 1408 2616 1464 τοῦ
2649 1411 2903 1482 ούρανοῦ,
2934 1413 3239 1483 κατάγεται
3268 1415 3350 1476 είς
3385 1415 3476 1469 τὸν
3507 1415 3653 1487 ᾅδην·
3683 1415 3758 1479 τίς

2188 1501 2367 1556 πείθει
2398 1502 2529 1556 ποτὲ
2558 1506 3030 1576 τεταπεινωμένον
3073 1504 3270 1570 πλέξαι
3303 1505 3595 1577 λογισμοὺς
3630 1507 3760 1562 κατά

2186 1592 2413 1665 τινος,ἢ
2449 1591 2552 1647 κάν
2596 1593 2885 1660 ἀνέξεσθαι
2939 1596 3267 1668 μέμψασθαί
3307 1596 3525 1668 τινα,ἦ
3560 1596 3758 1667 βάλλειν

2188 1686 2374 1739 ἐπάνω
2405 1685 2565 1742 ἄλλου
2602 1687 2814 1755 αίτίανς
2844 1689 2955 1742 πᾶν
2986 1688 3098 1759 γὰρ
3126 1688 3308 1743 ὁτιοῦν
3346 1689 3492 1761 πάθῃ
3520 1691 3547 1741 ὀ
3577 1705 3759 1743 τιιτιιεισ⁵

505 1757 746 1814 minibus
803 1759 873 1814 ob
922 1760 1153 1831 quodvis
1200 1771 1482 1833 peccatum
1540 1764 1913 1822 humiliamur.
1981 1767 2083 1835 Qui

2190 1777 2338 1850 νὸςῆ
2386 1776 2643 1842 ἀκούσει,
2675 1779 2934 1851 ἀφορμὴν
2971 1757 3243 1850 λαμϐάνει
3275 1781 3359 1843 είς
3392 1757 3762 1848 τδῄκαταμέμ-

501 1850 647 1905 enim
678 1853 758 1907 sic
801 1850 1009 1908 faciunt
1047 1853 1387 1911 ulciscuntur
1415 1857 1690 1913 diabolum
1718 1876 1732 1913 :
1764 1873 1889 1913 eum
1924 1861 2083 1917 vicis-

2189 1837 2386 1936 φεσθαι
2416 1867 2513 1922 καὶ
2547 1837 3166 1940 ὑϐρίζεινιέαυτόνδκαὶ
3193 1837 3475 1941 ἐμέμνητο
3498 1869 3589 1922 τοῦ
3629 1837 3763 1922 dii-6d

502 1942 605 1997 sim
656 1943 711 1998 in
764 1944 911 1999 omni
954 1954 1204 2014 peccato,
1255 1948 1412 2017 cuius
1459 1962 1677 2020 pwnam
1729 1949 1959 2008 libenter
2010 1952 2082 2006 ita

503 2035 739 2105 luimus,
793 2045 1161 2095 conterentes.
1220 2037 1535 2110 Siquidem,
1587 2051 1648 2098 ut
1697 2042 1851 2097 aiunt
1903 2042 2084 2099 sancti

501 2125 715 2190 Patres,
739 2127 785 2183 si
818 2128 1158 2198 deprimatur
1181 2129 1459 2187 humilitas
1480 2147 1651 2204 usque
1681 2134 1749 2189 ad
1773 2133 2045 2190 infernum
2065 2175 2081 2202 ,

501 2231 673 2288 usque
702 2219 771 2274 ad
805 2219 1001 2275 caelum
1034 2220 1380 2279 exaltabitur.
1412 2223 1483 2280 Et
1510 2225 1555 2281 si
1595 2225 1863 2281 exaltetur
1890 2242 2083 2298 super-

501 2309 587 2364 bia
618 2326 789 2381 usque
817 2312 884 2367 ad
916 2311 1135 2381 cmlum,
1164 2329 1337 2384 usque
1368 2317 1435 2371 ad
1470 2315 1743 2373 infernum
1770 2317 2078 2389 deiicietur.

2192 1958 2475 2023 Μωῦσέως
2505 1960 2595 2014 ὅτε
2624 1960 2912 2027 ἐξέϐαλλον
2941 1961 3107 2016 αὐτὸν
3142 1963 3194 2014 οἱ
3222 1961 3480 2035 κληρικοὶ
3509 1961 3598 2014 τοῦ
3627 1963 3765 2029 ίερα-

2190 2050 2361 2114 τείου,
2392 2050 2639 2115 εἰπόντες
2670 2050 2842 2122 αὐτῷ·
2869 2052 3092 2121 ’Υπαγε
3119 2051 3225 2117 ἔξω
3244 2092 3258 2118 ,
3283 2050 3501 2121 Αἰθίοψ.
3536 2052 3641 2105 Καὶ
3673 2052 3765 2122 ἠρ-

2193 2143 2322 2208 ξατο
2343 2142 2534 2197 ἑαυτὸν
2561 2143 2915 2214 ἐπιπλήττειν
2951 2146 3047 2198 καὶ
3069 2146 3272 2214 λέγειν·
3303 2143 3639 2214 Σποδόδερμε
3673 2158 3764 2212 με·

2190 2231 2340 2299 λανὶ,
2370 2231 2554 2297 καλῶς
2576 2248 2658 2287 σοι
2689 2233 2972 2306 ἐποίησαν·
3009 2242 3084 2307 μὴ
3115 2234 3190 2289 ὢν
3220 2234 3507 2305 ἄνθρωπος
3531 2231 3658 2301 ἔρχῃ
3691 2230 3764 2292 εἰς

2189 2322 2251 2376 τὸ
2278 2322 2442 2393 μέσον
2463 2322 2572 2377 τῶν
2606 2321 2937 2393 ἀνθρώπων·
2969 2326 3066 2378 καὶ
3091 2324 3274 2387 καλῶς
3307 2339 3395 2377 σοι
3420 2319 3698 2391 ἐποίησαν.

498 2400 634 2468 Quis
670 2417 913 2473 unquam
947 2403 1151 2463 homini
1198 2423 1327 2466 vere
1372 2409 1563 2466 humili
1629 2412 1955 2481 persuadeat
2016 2428 2238 2471 versare
2269 2416 2454 2472 animo
2491 2415 2847 2485 cogitationes
2919 2417 3376 2472 murmurationis
3440 2423 3534 2468 aut
3560 2410 3764 2467 machi-

499 2494 749 2551 nationes
787 2498 1046 2557 vindictte
1120 2511 1314 2559 contra
1367 2519 1698 2575 quemquam
1748 2524 1762 2561 :

1843 2514 1937 2562 aut
1983 2507 2384 2576 quantumlibet
2428 2524 2458 2564 a
2495 2508 2690 2578 quovis
2762 2508 3021 2577 patiatur,
3068 2508 3139 2564 de
3166 2516 3433 2562 vexatore
3493 2503 3765 2572 conqueri,

495 2607 561 2646 ac
594 2590 832 2646 vicissim
867 2594 1251 2651 recriminari?
1289 2597 1422 2666 quin
1472 2612 1504 2653 e
1572 2598 1891 2663 contrario,
1933 2597 2192 2664 humilis,
2242 2598 2457 2668 quoties
2510 2597 2592 2654 illi
2680 2599 2938 2668 probrum
2990 2597 3265 2663 intertur,
3319 2596 3541 2669 quoties
3621 2594 3763 2649 audit

496 2685 600 2739 sibi
642 2684 890 2741 convicia
925 2690 1161 2756 cantari,
1205 2691 1550 2747 occasionem
1598 2690 1727 2747 inde
1806 2692 1967 2746 sumit
2035 2691 2351 2763 increpandi
2396 2692 2669 2760 scipsum,
2734 2698 2789 2746 et
2853 2690 3009 2762 quasi
3056 2691 3348 2763 gratulans
3395 2689 3637 2759 adjuvari
3683 2702 3758 2754 se,

498 2781 695 2840 fortius
751 2784 982 2855 insurgit
1039 2786 1414 2857 incumbitque
1461 2786 1752 2842 connitens
1794 2788 1863 2843 ad
1918 2801 2075 2843 suum
2154 2788 2397 2857 iniquum
2441 2785 2641 2842 fastum
2690 2784 2840 2856 iusta
2921 2785 3348 2841 conculcatione
3393 2783 3761 2840 obterendum.

493 2874 745 2930 Addebat
798 2877 884 2931 his
931 2876 1178 2934 Zosimas
1224 2878 1532 2949 exemplum
1580 2880 1796 2936 abbatis
1843 2879 2091 2952 Moysis:
2133 2881 2356 2952 quando
2382 2894 2508 2937 eum
2542 2880 2846 2936 esacrario
2881 2881 3164 2949 eiecerunt
3228 2880 3443 2947 clerici,
3475 2879 3752 2934 dicentes:

494 2967 598 3023 Abi
624 2966 798 3037 foras,
820 2967 1096 3039 Ethiops.
1132 2967 1286 3026 Tunc
1327 2972 1474 3026 enim
1505 2970 1612 3026 illis
1680 2972 1939 3029 accinens
2002 2971 2219 3043 Moyses
2294 2972 2441 3043 cepit
2482 2972 2769 3041 increpare
2809 2974 3054 3042 seipsum
3110 2972 3163 3027 in
3215 2972 3368 3027 hunc
3416 2970 3630 3026 inodum
3669 2967 3747 3021 Io-

493 3084 711 3139 quens:
741 3069 894 3125 Cutis
945 3080 1093 3139 atrze,
1137 3072 1377 3129 carbone
1427 3074 1637 3144 nigrior
1704 3076 2020 3145 homuncio,
2075 3078 2237 3148 digna
2271 3086 2324 3133 te
2352 3075 2756 3147 pateris:quid
2799 3074 2946 3129 enim
3031 3069 3269 3135 attinuit,
3301 3077 3361 3124 te
3409 3065 3550 3122 infra
3592 3063 3761 3117 homi-

494 3179 625 3222 nem
659 3174 749 3220 tua
803 3162 1070 3232 deiectum
1106 3164 1334 3230 vilitate,
1369 3174 1551 3222 tamen
1595 3167 1798 3224 audere
1846 3174 1899 3223 te
1936 3167 2187 3239 ingerere
2255 3170 2312 3224 in
2354 3177 2556 3222 coetum
2622 3164 2906 3221 hominum
2956 3176 3077 3217 cum
3146 3163 3310 3215 homo
3369 3174 3475 3211 non
3503 3155 3611 3210 sis?
3639 3156 3765 3207 bene

493 3261 683 3331 utique
714 3260 891 3317 iecere
923 3269 977 3316 te
1010 3259 1155 3316 illinc
1186 3262 1565 3320 exturbantes.

567 3353 914 3423 Adiungebat
958 3363 1325 3422 opportunum
1358 3354 1489 3410 huic
1533 3354 1653 3412 loco
1686 3359 1952 3413 monitum
1980 3357 2074 3412 ab-

2248 3351 2363 3406 Καὶ
2398 3349 2680 3421 ἐμέμνητο
2717 3346 2812 3402 τοῦ
2844 3345 2991 3402 assa
3025 3344 3270 3416 Ἀμμονᾶ
3292 3343 3575 3413 λέγοντος·
3608 3336 3766 3412 Τήρει

492 3445 637 3501 batis
697 3444 977 3499 Ammona:
1020 3462 1034 3500 :
1074 3445 1315 3501 Observa
1374 3445 1639 3516 teipsum,
1698 3447 1947 3505 recolens
1994 3456 2081 3503 at-

497 3547 649 3592 tente
674 3536 740 3591 ad
774 3536 903 3605 quid
931 3535 1155 3603 exieris,
1194 3548 1250 3592 et
1278 3552 1386 3606 quo
1431 3539 1647 3596 lendas.
1684 3538 1758 3597 Ut
1789 3540 1835 3595 si
1869 3541 1993 3610 quis
2026 3540 2082 3595 in

492 3630 858 3700 qualicunque
926 3629 1022 3684 tibi
1067 3644 1127 3684 re
1182 3630 1485 3697 obstiterit,
1532 3640 1626 3687 aut
1669 3632 1855 3703 gravis
1895 3631 2079 3700 fuerit,

494 3720 658 3776 sileas
705 3722 939 3791 primum
997 3724 1261 3787 omnino,
1314 3737 1416 3779 nec
1473 3737 1660 3779 vocem
1709 3724 1862 3796 prius
1915 3724 2081 3781 ullam

492 3813 735 3881 emittas,
777 3827 941 3884 quam
981 3813 1138 3885 longa
1184 3822 1241 3869 et
1286 3822 1494 3869 attenta
1538 3816 1787 3872 oratione
1819 3831 1914 3872 cor
1946 3816 2084 3872 miti-

494 3904 737 3977 gaveris,
777 3913 833 3961 et
874 3906 1264 3976 tranquillitate
1297 3908 1677 3975 composueris
1725 3922 1939 3966 serena.
1988 3907 2081 3965 Sic

494 4000 712 4055 domum
749 3996 1045 4052 convenire
1086 3995 1311 4053 fratrem
1344 3999 1438 4054 tibi
1476 3999 1825 4055 adversatum
1854 4001 2079 4070 poteris,

494 4098 553 4143 et
578 4103 701 4144 emn
743 4099 906 4159 prout
943 4097 1310 4159 opportunum
1348 4090 1700 4159 iudicaveris,
1743 4093 2077 4149 admonere:

493 4193 631 4237 sane
651 4180 799 4236 enim
834 4180 925 4249 qui
969 4181 1118 4251 cupit
1156 4194 1223 4236 ex
1255 4181 1439 4237 animo
1470 4191 1674 4239 rectam
1704 4183 1844 4239 inire
1878 4183 2082 4239 verita.

495 4274 566 4328 tis
604 4272 747 4327 viam
795 4272 848 4327 in
893 4270 1144 4342 ﬂagranti
1196 4289 1361 4330 sensu
1411 4274 1620 4346 iniuria:
1670 4278 1972 4347 praesentis,
2027 4284 2083 4333 et

494 4362 810 4419 turbatione
864 4362 1030 4417 animi
1091 4370 1338 4419 motuum
1392 4363 1519 4420 inde
1574 4375 1724 4433 nata,
1787 4377 1917 4423 tunc
1956 4382 2078 4423 cum

494 4455 733 4511 maxime
775 4464 903 4509 ante
943 4455 1126 4510 omnia
1160 4455 1410 4524 obiurgat
1447 4457 1688 4528 seipsum
1722 4458 2080 4530 increpatque

492 4548 866 4613 vehementer,
885 4547 1073 4605 dicens
1105 4566 1120 4604 :
1146 4548 1613 4616 Quorsum‘H'uris
1642 4564 1818 4623 quare
1846 4552 2078 4619 insanis,

493 4639 675 4693 anima
728 4638 888 4694 mea?
932 4654 1031 4695 cur
1080 4640 1255 4696 instar
1304 4641 1646 4698 rabiosarum
1695 4644 2079 4708 animantium,

2187 3442 2414 3497 σεαυτὸν
2443 3441 2691 3513 ἀκριϐῶς
2716 3439 2785 3494 δι’
2809 3438 2839 3492 ὃ
2880 3437 3103 3509 ἐξῆλθες
3129 3437 3226 3490 καὶ
3258 3439 3349 3505 ἐφ’
3385 3430 3432 3505 ᾧ
3468 3434 3652 3507 πάρει,
3685 3432 3769 3488 ῐνα

2183 3535 2281 3590 ὲάν
2308 3534 2396 3598 τίς
2441 3550 2501 3587 σε
2534 3533 2594 3587 ὲν
2623 3532 2924 3604 οίῳδήποτε
2964 3529 3255 3601 πράγματι
3297 3526 3504 3598 θλίψῃ,
3544 3526 3766 3595 σιωπᾷν,

2182 3627 2244 3682 τδ
2273 3626 2506 3682 καθόλου
2544 3624 2619 3697 μὴ
2668 3621 3040 3695 φθέγγεσθαι,
3083 3620 3189 3684 ἕως
3234 3610 3297 3673 οὗ
3343 3623 3413 3690 τῇ
3446 3617 3770 3686 ἀδιαλείπτῳ

2184 3720 2463 3791 προσευχῇ
2504 3714 2757 3788 πραῦνθῇ
2801 3730 2899 3769 σου
2948 3714 2982 3785 ή
3028 3711 3249 3783 καρδία·
3281 3712 3384 3765 καὶ
3417 3710 3562 3764 οὕτω
3591 3708 3768 3761 λοιπὸν

2184 3809 2495 3881 παρακάλει
2525 3808 2618 3862 τὸν
2646 3805 2893 3876 ἀδελφόν·
2930 3805 3026 3857 καὶ
3048 3802 3159 3874 γὰρ
3187 3803 3218 3856 ὁ
3243 3802 3436 3856 ποθῶν
3464 3801 3564 3872 τὴν
3593 3797 3771 3870 etnot-

2182 3902 2283 3975 νὴν
2326 3899 2543 3954 εὐθεῖαν
2590 3898 2728 3962 ὁδὸν,
2777 3898 2834 3949 ὲν
2897 3894 2975 3966 τῷ
3022 3893 3399 3964 ταράττεσθαι
3456 3891 3769 3959 ἐπιπλήττει

2186 3992 2411 4047 σεαυτὸν
2434 3989 2682 4061 σφοδρῶς
2714 3988 2810 4043 καὶ
2839 3988 2927 4040 ἀεὶ
2960 3985 3176 4057 ἐλέγχει
3206 3985 3438 4038 σεαυτὸν
3470 3984 3565 4037 καὶ
3591 3981 3733 4050 λέγει
3753 3991 3767 4007 ·

2185 4086 2251 4139 Τί
2272 4086 2463 4157 μαίνῃ,
2481 4083 2627 4155 ψυχή
2649 4098 2752 4151 μου
2772 4097 2787 4148 ;
2810 4078 3122 4151 τίταράττῃ
3134 4079 3208 4142 ώς
3228 4078 3302 4145 ἀφ
3313 4076 3595 4148 ρίζοντεςς
3620 4068 3769 4138 Αὐτῷ

2181 4178 2359 4250 τούτῳ
2406 4177 2673 4238 δεικνύεις
2718 4173 2802 4227 ὅτι
2830 4172 3026 4234 νοσεῖς·
3078 4171 3128 4223 εί
3178 4169 3253 4242 μὴ
3286 4169 3538 4233 ὲνόσεις,
3568 4165 3668 4220 οὐκ
3710 4163 3769 4216 av

2183 4272 2443 4341 ἔπασχες.
2480 4268 2547 4323 Τί
2576 4266 2738 4337 ἀφεὶς
2782 4264 2845 4318 τὸ
2880 4262 3085 4335 ἑαυτὴν
3118 4259 3441 4333 μέμφεσθαι
3462 4301 3478 4325 ,
3529 4255 3772 4327 ἐγκαλεῖς

2180 4362 2263 4436 τῷ
2290 4334 2507 4432 ἀδελφῷ
2531 4334 2811 4425 ὄτι-ἔδειξὲ
2844 4373 2928 4410 σοι
3099 4353 3254 4408 νόσον
3281 4369 3380 4406 σου
3405 4368 3420 4419 ;
3459 4349 3574 4405 Καὶ
3601 4346 3771 4436 πράγο

2185 4434 2318 4526 ματι
2361 4452 2457 4508 καὶ
2502 4450 2735 4522 ἀληθείᾳ
2784 4448 2922 4520 μάθε
2959 4447 3059 4510 τὰς
3092 4444 3315 4508 ἐντολὰς
3370 4442 3471 4498 τοῦ
3502 4434 3767 4511 Χριστοῦ·

2183 4548 2243 4611 ὃς
2284 4543 2723 4617 λοιδορούμενος,
2778 4541 2881 4595 οὐκ
2929 4537 3324 4609 ἀντελοιδόρει,
3366 4529 3772 4605 κατηγορούμε-

2184 4656 2274 4702 νος
2318 4635 2564 4699 ὲσιώπα,
2594 4631 2994 4707 χλευαζόμενος
3075 4626 3505 4700 ὲμακροθύμει,
3555 4624 3771 4689 πάσχων

494 4744 667 4799 usque
710 4730 777 4785 ad
811 4745 1033 4800 spumas
1076 4746 1173 4787 ore
1227 4732 1521 4789 mittendas
1554 4734 1936 4803 perturberis?
1967 4733 2083 4792 Hoc

2189 4730 2291 4784 οὐκ
2353 4725 2590 4799 ἠπείλει.
2653 4723 2899 4786 Ἀκούεις
2944 4720 3112 4776 αὐτοῦ
3171 4719 3432 4787 λέγοντος
3482 4714 3581 4770 καὶ
3635 4714 3768 4814 πρᾶξ-

495 4824 617 4891 ipso
670 4832 947 4886 monstras
990 4835 1258 4895 aegrotare
1302 4833 1377 4881 te.
1417 4822 1554 4880 Nam
1604 4826 1709 4881 nisi
1743 4835 1796 4882 te
1827 4826 1966 4881 mala
2008 4826 2083 4882 l'e-

2187 4838 2356 4893 ἵματι
2403 4816 2697 4883 δείξαντος·
2751 4814 2863 4869 Τὸν
2899 4813 3094 4868 νῶτόν
3121 4828 3241 4879 μου
3281 4808 3487 4862 ἔδωκα
3535 4808 3624 4871 εις

493 4915 609 4971 hris
647 4926 850 4981 ureret,
877 4916 1018 4972 haud
1038 4918 1119 4973 sic
1150 4918 1553 4974 accendereris.
1590 4916 1792 4986 Quare,
1825 4920 2083 4975 omlttens

2187 4888 2418 4984 στιγας,
2444 4910 2552 4977 τὰς
2567 4908 2636 4963 δὲ
2658 4908 2950 4977 σιαγόνας
2970 4922 3090 4975 μου
3118 4902 3589 5006 εἱς-ῥαπίογιατιι·
3618 4894 3682 5006 to
3707 4888 3771 4945 es

494 5007 823 5077 vituperare,
864 5008 941 5061 uti
988 5007 1277 5074 debueras,
1310 5018 1363 5063 te
1402 5011 1597 5077 ipsam,
1642 5024 1937 5066 succenses
1973 5010 2083 5065 fra-

2187 5004 2511 5074 πρόσωπόν
2564 5018 2684 5073 μου
2736 5000 2851 5054 οὐκ
2895 4996 3250 5065 ἀπέστρεψα
3296 4993 3422 5048 ἀπὸ
3476 4993 3769 5060 αἱσχύνης

497 5099 590 5165 tri,
637 5113 703 5153 eo
725 5097 865 5167 quod
894 5098 939 5154 is
978 5100 1225 5154 morbum
1259 5101 1355 5156 tibi
1392 5111 1542 5155 tuum
1570 5100 1915 5157 ostenderit?
1935 5099 2078 5171 Age-

2187 5094 2640 5169 ἐμπτυσμάτων.
2660 5094 2770 5147 Καὶ
2796 5094 2883 5156 σὺ,
2906 5091 3066 5146 ἀθλία
3081 5090 3249 5161 ψυχὴ,
3275 5089 3370 5142 ἐπὶ
3392 5083 3598 5160 μικρὰν
3620 5082 3770 5152 ὓϐριν

495 5193 622 5248 dum
651 5191 748 5257 sis,
779 5189 931 5245 disce
975 5204 1081 5243 non
1120 5189 1512 5260 perfunctorie,
1553 5192 1649 5247 sed
1680 5193 1826 5247 serio
1865 5201 1922 5246 et
1954 5205 2082 5247 vere

2187 5189 2279 5242 καὶ
2315 5186 2565 5257 ἀτιμίαν,
2584 5183 3016 5253 καταφρόνησιν,
3030 5181 3123 5234 καὶ
3137 5179 3521 5250 ἀποστροφὴν,
3548 5174 3768 5281 ὀνειδισο

495 5283 753 5340 mandata
783 5281 987 5337 Christi
1027 5281 1145 5352 eius
1175 5281 1438 5354 exemplis
1470 5284 1683 5339 sancita
1716 5284 1848 5354 :qui
1879 5284 2083 5355 appeti-

2187 5279 2336 5352 μὸνῆ
2355 5277 2720 5349 συκοφαντίαν
2735 5276 2913 5330 κεῖσαι
2924 5273 3198 5327 πλέκουσα
3215 5270 3450 5345 μυρίους
3460 5269 3765 5371 λογισμοῗῇ

496 5383 582 5431 tus
602 5374 862 5430 conviciis
888 5388 998 5429 non
1020 5371 1262 5427 vicissim
1293 5374 1736 5442 conviciabatur;
1764 5384 2076 5441 accusatus,

2190 5370 2620 5426 ἐπιϐουλεύουσα
2662 5369 2828 5439 ἑαυτῇ
2865 5367 2942 5431 ώς
2984 5367 3033 5419 οἱ
3075 5364 3355 5435 δαίμονες.
3387 5362 3458 5416 Τί
3503 5360 3662 5414 πλέον
3686 5360 3771 5408 δύ-

497 5465 741 5533 tacebat;
770 5465 980 5530 illusus,
1026 5463 1410 5533 longanimiter
1452 5464 1691 5532 ferebat;
1721 5466 1933 5537 patiens
1969 5479 2078 5520 non

2187 5480 2345 5519 ναται
2388 5464 2613 5533 ποιῆσαι
2651 5459 2864 5532 δαίμων
2889 5460 2958 5531 τῇ
2995 5454 3221 5528 τοιαύτῃ
3249 5454 3429 5526 ψυχῇ,
3471 5447 3587 5506 οἷον
3634 5443 3772 5537 ποιεί

500 5554 826 5611 minabatur.
855 5555 1026 5610 Audis
1046 5568 1168 5625 quae
1197 5553 1331 5610 dicit
1356 5553 1662 5620 iubentem,
1694 5536 1751 5610 et
1779 5571 1904 5627 quas
1922 5555 2079 5625 iubet

2187 5553 2325 5627 αὑτὴ
2350 5554 2588 5625 ἐαυτήνς
2617 5552 2722 5605 Τὸν
2746 5550 2981 5622 σταυρὸν
3004 5546 3101 5602 τοῦ
3135 5545 3380 5619 Χριστοῦ
3412 5544 3634 5615 βλέπεις
3657 5555 3670 5569 ·
3704 5536 3771 5592 τὰ

498 5646 748 5715 cxcmplo
782 5647 1002 5716 proprio
1034 5654 1427 5702 monstrantem
1455 5644 1714 5701 :Dorsum
1753 5626 1925 5703 meum
1955 5646 2077 5701 dedi

2188 5626 2340 5716 πάθη
2374 5642 2826 5713 ἀναγινώσκομεν
2852 5639 2977 5697 καθ’
3004 5639 3245 5711 ἑκάστην
3273 5633 3519 5708 ἡμέραν,
3546 5634 3582 5688 ἀ
3606 5626 3768 5685 ἔπαθε

574 5796 614 5828 ⁸⁸
651 5794 748 5852 Joh
779 5812 847 5865 vt,
880 5802 932 5855 ἓ.
