4110 6382
309 377 443 440 r689

1763 379 2165 452 ALLOQUIA.

3410 341 3576 446 ’1690

303 495 372 550 δι’
395 496 564 568 ἡμᾶς’
591 493 686 548 καὶ
717 493 879 565 ἡμεῖς
913 494 1173 567 οὐδεμίαν
1201 494 1359 568 ὓϐριν
1383 494 1649 568 φέρομεν.
1682 494 1895 561 Ὄντως

1999 497 2053 550 in
2082 495 2314 566 ﬂagella,
2353 505 2400 550 et
2445 512 2604 566 genus
2645 511 2784 550 meas
2836 495 2890 548 iu
2921 493 3107 564 alapas
3134 509 3154 548 :
3182 491 3369 561 [aciem
3401 505 3574 549 autem

303 587 686 658 ὲξετράπημεν
707 588 808 657 τῆς
835 585 1051 651 εὐθείας
1073 587 1217 643 ὁδοῦ.

1991 602 2096 640 non
2124 587 2290 641 auerti
2313 603 2345 640 a
2377 586 2694 641 contumelia
2733 586 3065 656 sputarum'.
3097 582 3181 639 'l'u
3220 599 3368 652 vero,
3396 586 3576 641 anima

303 681 528 744 misera,
561 679 631 736 ob
703 679 970 750 modicam
1033 680 1310 750 injuriam,
1359 682 1732 756 ignominiam,
1801 681 2141 750 despectum,
2194 677 2784 749 cxprobraliunculam,
2830 687 2887 734 et
2940 675 3373 732 criminationem
3413 691 3574 746 quam

301 785 462 842 putas
500 773 714 840 falsam,
751 775 924 828 instas
954 777 1237 831 nectendis
1293 777 1668 848 plicandisque
1734 775 2159 846 cogitationibus
2239 772 2541 830 innumeris
2573 793 2587 830 :
2619 783 2676 829 at
2738 773 3060 829 machinans
3111 770 3262 834 talia,
3298 771 3577 827 iusidiaris

307 865 401 917 tibi
438 863 559 934 ipsi,
595 879 816 932 operam
844 863 1178 934 coniungens
1206 883 1332 923 cum
1361 867 1796 939 oppugnantibus
1825 877 1876 922 te
1915 867 2276 924 (Immonibus.
2307 865 2464 922 Haud
2498 867 2645 921 enim
2712 880 2907 921 nocere
2968 879 3204 935 unquam
3240 864 3416 918 malus
3459 862 3570 918 da!-

304 971 430 1010 mnn
465 957 661 1012 anima:
713 959 803 1013 tali
837 967 1040 1026 posset,
1081 969 1342 1030 quantum
1383 962 1500 1032 ipsa
1543 970 1706 1018 nocet
1747 961 1874 1017 sibi.
1935 959 2095 1016 Vides
2140 975 2360 1016 crucem
2391 959 2632 1025 Christi;
2683 958 2842 1024 mala,
2913 958 3164 1021 verbera,
3198 957 3448 1020 vulnera,
3477 968 3576 1022 op-

303 1049 523 1118 probria
553 1064 672 1116 quia:
701 1064 799 1117 pro
821 1051 975 1106 nobis
1003 1067 1192 1121 passas
1225 1062 1328 1118 est,
1355 1053 1600 1124 quotidie
1629 1053 1857 1124 legimus
1896 1070 1912 1109 :
1951 1061 2006 1108 et
2037 1053 2294 1112 inducere
2339 1053 2596 1108 nolumus
2627 1051 2681 1106 in
2726 1051 2988 1116 animum,
3067 1050 3365 1120 quidquam
3413 1045 3574 1102 nobis

303 1139 578 1209 ingratum
621 1141 763 1196 ferre
805 1143 1101 1211 patienter.
1145 1145 1283 1200 Vere
1325 1145 1698 1201 aberravimus
1730 1159 1760 1201 a
1798 1145 1886 1200 via
1924 1153 2098 1201 recta.

379 1252 572 1322 Ἔλεγε
601 1253 657 1307 δὲ
690 1254 792 1319 ὅτι,
831 1255 954 1310 Ἐὰν
978 1257 1118 1329 ζήσῃ
1154 1276 1238 1322 τις
1266 1258 1360 1324 ἐτη
1388 1257 1480 1313 τοῦ
1513 1257 1846 1314 Μαθουσάλα
1869 1298 1888 1324 ,

301 1345 401 1396 καὶ
429 1344 506 1414 μὴ
534 1343 730 1418 ὁδεύσῃ
763 1345 969 1418 ταύτην
1002 1347 1103 1417 τὴν
1137 1347 1353 1402 εὐθεῖαν
1379 1349 1500 1404 ὁδὸν
1544 1349 1610 1419 ἢν
1636 1347 1886 1402 ὥδευσαν

2061 1257 2208 1315 Dixit
2230 1257 2394 1319 etiam
2427 1255 2680 1312 Zosimas
2711 1252 2805 1310 :Si
2845 1253 2967 1322 quis
3003 1252 3200 1308 vixerit
3248 1265 3421 1306 annos
3458 1245 3576 1303 Ila-

1993 1348 2241 1414 thusalze,
2281 1357 2340 1404 et
2366 1362 2472 1403 non
2523 1344 2855 1416 processerit
2888 1357 2987 1414 per
3022 1343 3159 1398 hanc
3195 1350 3396 1398 rectam
3430 1340 3572 1394 viam

300 1433 510 1497 πάντες
553 1435 603 1488 οἱ
635 1434 812 1503 ἅγιοιο
842 1436 988 1505 λέγω
1027 1437 1092 1510 δὴ
1131 1439 1232 1508 τὴν
1261 1439 1358 1493 τοῦ
1392 1439 1760 1511 ἀτιμάζεσθαι
1795 1439 1890 1493 καὶ

1999 1455 2095 1510 qua
2140 1440 2480 1496 incesserunt
2521 1451 2714 1493 omnes
2761 1435 2972 1501 sancti,
3023 1436 3194 1498 viam,
3221 1428 3575 1502 inquam,fe-

300 1527 496 1596 φέρειν
525 1527 811 1594 γενναίως·
847 1528 910 1580 οὐ
946 1528 1022 1600 μὴ
1050 1530 1250 1601 προϐῇ,
1277 1531 1337 1584 οὐ
1373 1530 1592 1602 μικρὸν,
1622 1529 1684 1582 οὐ
1721 1529 1885 1600 μέγα·

298 1611 427 1670 οὐδὲ
457 1617 682 1686 εὑρήσει
711 1617 802 1670 τὸν
841 1620 900 1670 έν
933 1621 1054 1682 ταῖς
1091 1620 1334 1684 ἐντολαῖς
1368 1621 1750 1692 κρυπτόμενον
1794 1619 1892 1690 θη-

301 1709 536 1776 σαυρόνο
565 1709 702 1762 ἀλλὰ
735 1709 895 1778 μόνον
917 1710 986 1763 τὰ
1015 1711 1110 1782 έτη
1137 1712 1301 1766 αὐτοῦ
1326 1713 1604 1771 ἀναλίσκει
1625 1711 1888 1784 διηνεκῶς

1987 1528 2146 1584 rcndi
2175 1526 2387 1584 fortiter
2419 1526 2775 1583 contumelias
2818 1535 2872 1580 et
2900 1524 3124 1588 damna,
3170 1537 3276 1577 non
3307 1521 3576 1590 proficiet,

1989 1637 2062 1678 ne
2091 1637 2282 1692 parum
2315 1622 2555 1692 quidem,
2579 1620 2777 1676 nedum
2816 1619 3087 1686 multum;
3125 1631 3300 1688 neque
3328 1615 3569 1671 inveniet

1995 1713 2372 1768 absconditum
2419 1713 2472 1768 in
2509 1711 2789 1767 mandatis
2831 1711 3167 1774 thesaurum,
3217 1709 3313 1765 sed
3367 1717 3576 1762 tantum

295 1799 586 1869 διακενῆς.
619 1801 776 1854 Ἐστι
807 1799 918 1872 γάρ
943 1803 1032 1856 ὅτε
1059 1807 1392 1874 καταφρονεῖ
1423 1821 1508 1868 τις
1537 1803 1748 1858 πολλῶν
1768 1820 1892 1858 κεν-

1999 1818 2120 1858 suos
2145 1816 2319 1858 annuos
2348 1809 2638 1858 consumet
2663 1799 2922 1856 continue
2954 1799 3008 1853 in
3046 1812 3245 1852 vanum
3279 1805 3405 1851 :cst
3432 1793 3577 1850 enim

294 1893 601 1962 τηναρίων,
648 1894 744 1947 καὶ
767 1893 989 1965 ἔρχεται
1026 1896 1108 1957 είς
1152 1896 1420 1968 ραφίδιονο
1447 1898 1596 1968 καὶὴ
1637 1895 1890 1968 προσπά-

299 1983 427 2036 θεια
469 1983 636 2038 αὑτοῦ
685 1989 828 2038 ποιεῖ
871 1987 1036 2041 αὐτὸν
1060 1989 1452 2058 ταράττεσθαι,
1497 1990 1591 2044 καὶ
1639 1990 1787 2042 ποιεῖ
1830 1989 1892 2042 τὸ

299 2077 555 2146 ῤαίδιον
591 2079 768 2133 έκεῖνο
808 2081 972 2134 τόπον
1002 2083 1383 2154 κεντηναρίου,
1427 2083 1522 2138 καὶ
1562 2081 1772 2152 γίνεται
1806 2097 1893 2146 τις

296 2168 401 2221 τοῦ
447 2169 698 2240 ραφιδίου
729 2171 914 2236 δοῦλος
939 2213 954 2238 ,
985 2173 1020 2244 ἢ
1048 2173 1143 2228 τοῦ
1175 2174 1495 2228 κουκουλίου
1513 2219 1528 2242 ,
1557 2175 1590 2247 ἢ
1634 2174 1729 2228 τοῦ
1761 2189 1894 2245 μαν-

294 2259 511 2322 δυλίου,
543 2260 576 2331 ἢ
608 2262 704 2317 τοῦ
735 2263 966 2333 βιϐλίου·
1002 2265 1098 2319 καὶ
1135 2266 1236 2319 οὐκ
1266 2266 1382 2320 ἐστι
1405 2265 1590 2330 δοῦλος
1612 2265 1706 2320 τοῦ
1730 2264 1888 2319 Θεοῦ’

295 2354 401 2405 καὶ
433 2352 616 2418 καλῶς
643 2351 764 2408 εἶπέ
798 2373 882 2420 τις
906 2356 1018 2410 τῶν
1052 2357 1232 2426 σοφῶν
1258 2358 1339 2412 ὅτι
1367 2358 1470 2412 ὅσα
1502 2357 1650 2428 πάθη
1677 2356 1888 2428 ψυχῆς,

291 2444 552 2498 τοσοῦτοι
593 2448 687 2500 καὶ
712 2447 992 2503 δεσπόται.
1026 2450 1138 2502 Καὶ
1162 2449 1192 2502 6
1229 2448 1454 2522 Κύριος·
1489 2450 1676 2504 Ὅπου
1718 2452 1752 2504 ό
1783 2452 1891 2516 θη-

295 2535 534 2601 ινιηφός
554 2551 692 2599 σου,
721 2537 853 2592 ἐκεῖ
877 2539 1049 2592 ἔσται
1079 2539 1118 2607 ή
1147 2539 1364 2607 καρδία
1394 2553 1538 2596 σου.
1578 2539 1690 2608 Καὶ
1728 2537 1892 2592 πάλιν

294 2631 330 2682 ὁ
369 2628 720 2694 Ἀπόστολοςο
749 2625 826 2702 ᾯ
862 2647 952 2698 τις
995 2629 1272 2699 ἣττηται,
1312 2632 1504 2698 τούτῳ
1541 2631 1642 2686 καὶ
1681 2629 1889 2686 δεδού-

293 2721 507 2775 Jan-at.

380 3021 456 3090 ς’.
497 3025 609 3078 Kal.
651 3025 806 3094 ἔλεγε
851 3025 1016 3080 πάλιν
1041 3027 1068 3081 6
1101 3025 1395 3098 μακάριος·
1449 3025 1740 3098 Ὠδεύομεν
1779 3025 1894 3095 ἐγώ

1993 1895 2210 1966 quando
2236 1908 2462 1950 exorsus
2487 1891 2686 1962 aliquis
2716 1905 2746 1945 a
2789 1903 3056 1960 generoso
3084 1895 3394 1956 contemptu
3439 1882 3582 1940 mul-

1994 1997 2174 2043 torqu
2203 1985 2670 2048 centenariornm,
2718 1981 3098 2053 progrediatur
3121 1979 3245 2034 inde
3281 1979 3347 2032 ad
3375 1974 3583 2044 ample-

1992 2075 2245 2132 ctendam
2274 2088 2462 2129 amore
2503 2072 2676 2126 nimio
2701 2069 2968 2127 aciculam
3001 2087 3014 2124 :
3042 2077 3097 2124 et
3127 2068 3172 2124 is
3205 2065 3428 2121 affectus
3456 2079 3578 2136 per-

1993 2167 2324 2222 turbationis
2369 2179 2474 2220 non
2531 2163 2762 2219 modica:
2814 2176 2979 2218 causa
3039 2159 3134 2228 fit;
3189 2167 3245 2214 et
3297 2154 3580 2212 substituit

1993 2259 2139 2315 illam
2179 2257 2446 2314 aciculam
2491 2255 2545 2310 in
2579 2255 2760 2310 locum
2788 2250 3090 2308 centenarii
3119 2249 3248 2306 olim
3290 2245 3480 2318 spreti.
3510 2243 3580 2299 Et

1993 2351 2055 2406 fit
2103 2348 2323 2420 aliquis,
2368 2363 2474 2403 non
2501 2347 2618 2416 jam
2666 2345 2764 2402 Dei
2807 2358 3018 2409 servus,
3073 2351 3134 2397 ut
3176 2340 3576 2410 spoponderat:

1991 2443 2088 2499 sed
2134 2455 2324 2498 servus
2385 2441 2633 2509 aciculze,
2682 2435 2930 2501 cucullus,
2986 2433 3260 2500 mantilis,
3312 2429 3438 2486 libri
3467 2446 3484 2486 :
3513 2427 3582 2486 iis

1991 2535 2281 2590 adharens
2329 2531 2531 2588 affectu
2575 2529 2799 2586 vitioso.
2851 2525 2988 2581 Nam
3021 2525 3160 2580 bene
3205 2521 3341 2577 dixit
3387 2519 3582 2590 aliquis

1991 2628 2322 2699 sapientum,
2352 2632 2432 2680 tot
2470 2622 2712 2678 animam
2744 2619 2967 2675 subesse
3009 2611 3246 2670 dominis
3275 2619 3405 2681 quot
3431 2608 3580 2665 fovet

1991 2696 2155 2777 in‘se
2203 2716 2430 2773 allectus
2477 2715 2856 2772 vehementes.
2903 2709 2968 2765 Et
3006 2704 3269 2762 Dominus
3322 2701 3443 2756 ait:
3475 2696 3581 2754 Ubi

1991 2821 2066 2868 est
2116 2813 2396 2865 thesaurus
2438 2819 2584 2874 tuus,
2629 2805 2705 2861 ibi
2727 2804 2826 2858 erit
2871 2815 2966 2854 cor
3013 2809 3164 2852 tuum
3183 2797 3226 2851 ⁷.
3279 2793 3345 2848 Et
3393 2807 3584 2852 rursus

1991 2900 2286 2973 Apostolus
2318 2917 2335 2956 :
2368 2899 2413 2953 A
2439 2915 2541 2972 quo
2563 2897 2680 2969 quis
2708 2895 2870 2948 victus
2902 2897 3001 2954 est,
3026 2889 3074 2944 ei
3099 2897 3149 2942 et
3174 2885 3328 2942 servit
3349 2885 3394 2940 ⁸.

2075 3031 2163 3091 Vl.
2218 3033 2364 3088 Dixit
2419 3045 2610 3088 rursus
2663 3031 2808 3086 idem
2849 3025 3044 3080 beatus
3088 3020 3240 3078 :lter
3277 3019 3588 3090 agebamus

297 3135 366 3169 τε
392 3117 490 3169 καὶ
543 3113 623 3180 εἷς
670 3117 900 3185 ἀδελφὸς
947 3118 1088 3190 μετὰ
1139 3120 1233 3173 καὶ
1274 3117 1583 3191 κοσμικῶν,
1630 3119 1731 3188 τὴν
1773 3117 1892 3171 ὁδὸν

1999 3141 2098 3198 ego
2141 3134 2200 3182 et
2229 3113 2399 3180 frater
2455 3137 2594 3179 unus
2631 3121 2718 3176 via
2765 3115 3144 3185 Neapolitana,
3190 3126 3314 3167 eum
3364 3109 3590 3180 quibus-

298 3207 661 3273 Νεαπόλεως,
683 3209 778 3262 καὶ
804 3208 1038 3280 ἤλθομεν
1064 3211 1146 3274 είς
1167 3210 1332 3264 τόπον
1355 3209 1488 3263 ὅπου
1508 3208 1788 3262 τελώνειον
1806 3201 1894 3280 ἦν·

300 3301 405 3354 καὶ
441 3301 491 3352 οἱ
525 3299 622 3371 μὲν
647 3301 900 3370 κοσμικοὶ
928 3301 1162 3366 εῑδὸντες
1220 3301 1320 3374 τὴν
1351 3301 1640 3372 συνήθειαν
1690 3300 1899 3353 ἔδωκαν

299 3389 371 3444 τὸ
390 3389 566 3453 τέλοςο
603 3393 630 3444 6
660 3390 718 3444 δὲ
749 3391 978 3460 ἀδελφὸς
1006 3393 1034 3445 6
1080 3391 1156 3445 ὢν
1191 3392 1308 3462 μετ’
1339 3390 1475 3463 ἐμοῦ
1516 3390 1722 3462 ἤρξατο
1751 3390 1899 3443 ἀντι-

299 3481 508 3536 τείνειν
545 3481 641 3534 κοιλ⁸
672 3481 854 3548 λέγειν
891 3482 1096 3545 αὐτοῖς’
1131 3481 1382 3553 Τολμᾶτε
1431 3483 1685 3536 ἀπαιτεῖν
1732 3495 1898 3551 μονα-

302 3571 480 3644 χοὺς;
540 3569 684 3640 Ἐγὼ
730 3572 788 3624 δὲ
837 3571 1078 3635 ἀκούσας
1139 3567 1291 3626 εἶπον
1337 3572 1506 3643 αὐτῷ’
1569 3573 1635 3626 Τί
1697 3575 1894 3638 ποιεῖς,

302 3661 548 3732 ἀδελφέ;
585 3661 738 3716 οὐδὲν
767 3661 896 3716 ἄλλο
943 3662 1121 3731 λέγεις
1167 3663 1317 3734 αὐτῷ
1371 3663 1427 3733 ἢ,
1463 3663 1644 3718 Θέλων
1687 3664 1782 3719 καὶ
1821 3666 1898 3736 μὴ

305 3756 486 3810 Θέλων
505 3755 737 3826 τίμησόν
765 3773 834 3826 με
865 3755 1275 3825 ἆγιονςτμᾶλλον
1299 3757 1461 3821 αὐτὸς
1487 3755 1738 3828 ὤφειλεν,
1774 3755 1898 3812 ἰδὼν

305 3849 414 3917 τὴν
446 3845 767 3900 καλοθελίαν
800 3863 894 3900 σου
925 3847 1022 3900 καὶ
1058 3848 1412 3913 ταπείνωσιν,
1447 3848 1766 3918 αἰδεσθῆναι
1804 3847 1898 3903 καὶ

307 3938 511 3993 είπεῖνο
545 3936 928 4009 Συγχὼρησον.
966 3939 1179 4002 Οὐκοῦν
1207 3939 1284 4003 ὡς
1315 3939 1565 4014 μαθητὴς
1593 3942 1687 3995 τοῦ
1721 3941 1898 4014 πράου

310 4029 416 4084 κατ
457 4027 717 4084 ταπεινοῦ
771 4030 882 4093 δὸς,
941 4030 1035 4082 καὶ
1087 4029 1450 4102 παρέλθωμεν
1485 4032 1606 4104 μετ’
1651 4033 1896 4106 εἰρήνης.

315 4121 550 4176 Ἀλλοτε
580 4120 879 4190 γενομένου
918 4138 1020 4192 μου
1053 4123 1134 4185 εἰς
1167 4121 1268 4191 τὴν
1295 4123 1459 4191 ἁγίαν
1495 4123 1650 4178 πόλιν
1679 4123 1900 4196 ἔρχεταί

311 4232 401 4277 τις
426 4213 786 4285 φιλοχρίστων
832 4215 928 4266 καὶ
965 4212 1113 4282 λέγει
1164 4230 1276 4284 μοι’
1315 4213 1534 4286 Ἐπειδὴ
1567 4215 1770 4288 μικράν
1800 4218 1902 4288 ἀη-

314 4304 437 4360 δίαν
465 4305 661 4376 ἔχομεν
693 4303 812 4375 μετ’
833 4303 1076 4374 ἀλλήλων
1110 4303 1222 4373 ἐγώ
1248 4321 1307 4358 τε
1336 4305 1432 4359 καὶ
1460 4307 1489 4360 6
1513 4305 1741 4376 ἀδελφός
1773 4326 1898 4380 μου,

319 4395 400 4468 μὴ
445 4395 588 4449 θέλει
637 4395 994 4466 διαλλαγῆναί
1032 4410 1141 4465 μοι’
1183 4393 1322 4449 ἀλλὰ
1371 4393 1756 4469 παρακλήθητι
1805 4401 1900 4454 καὶ

2003 3217 2127 3272 dam
2175 3215 2549 3281 saecularibus,
2599 3213 2961 3279 venimusque
2999 3207 3064 3261 ad
3107 3204 3282 3260 locum
3337 3203 3426 3257 ubi
3469 3209 3589 3257 erat

2005 3309 2286 3370 telonium,
2339 3318 2396 3362 et
2438 3305 2731 3363 saeculares
2763 3301 2984 3374 quidem
3023 3299 3260 3352 scientes
3307 3301 3590 3350 consuetu-

2001 3402 2184 3458 dinem
2227 3400 2372 3454 ultro
2426 3397 2706 3454 solverunt
2733 3406 2986 3451 censum.
3038 3386 3232 3442 Frater
3279 3395 3464 3440 autem
3499 3399 3587 3437 re-

2001 3491 2244 3562 quisitos
2299 3505 2330 3545 a
2377 3488 2692 3560 publicano,
2740 3489 3068 3556 repugnavit
3105 3485 3588 3544 dicens:Audetis

1999 3584 2218 3652 exigere
2258 3597 2291 3636 a
2347 3575 2804 3646 Inonachis‘lEgo
2852 3587 3027 3634 autem
3073 3577 3298 3632 audiens
3323 3575 3374 3632 ei
3422 3574 3533 3631 dixi
3567 3589 3586 3630 :

2000 3673 2148 3740 Quid
2169 3673 2308 3741 agis,
2357 3665 2740 3734 fraterlQuod
2788 3671 2874 3724 eis
2913 3667 3249 3724 tantumdem
3298 3672 3384 3720 est
3428 3679 3492 3720 ac
3541 3663 3588 3718 sl

1999 3766 2211 3820 diceres
2240 3781 2255 3818 :
2292 3760 2432 3816 Velis
2455 3760 2617 3826 nolis,
2641 3760 2848 3816 honora
2872 3775 2958 3815 me
2989 3769 3050 3814 ut
3076 3767 3348 3814 sanctum.
3377 3757 3590 3811 Decue-

2000 3863 2088 3910 rat
2121 3855 2287 3909 istum
2319 3851 2483 3917 forte,
2528 3849 2649 3905 visa
2707 3850 2972 3920 religione
3011 3859 3070 3906 et
3123 3849 3427 3905 humilitate
3470 3855 3588 3912 tua,

1999 3945 2336 4001 verecundia
2367 3940 2606 4000 suﬂ’undi
2637 3944 2896 4014 quadam,
2923 3951 2978 3998 et
3006 3939 3221 3996 veniam
3258 3952 3418 3994 orare
3445 3935 3591 4006 quod

2002 4054 2070 4102 ex
2099 4044 2154 4092 te
2197 4036 2526 4108 poposcerit.
2580 4033 2740 4091 Nunc
2785 4034 3003 4106 quando
3032 4033 3085 4090 id
3115 4032 3320 4096 omisit,
3367 4043 3488 4102 age,
3532 4035 3594 4084 ut

2003 4129 2303 4200 discipulus
2337 4126 2486 4183 mitis
2513 4135 2570 4183 et
2611 4127 2835 4184 humilis
2866 4123 3102 4190 Domini,
3130 4124 3196 4180 da
3241 4119 3386 4192 quod
3419 4117 3594 4190 posci-

2003 4231 2092 4279 tur
2134 4230 2196 4278 et
2243 4220 2297 4276 in
2332 4232 2466 4288 pace
2509 4219 2894 4290 procedamus.
2945 4215 3096 4270 Alias
3129 4228 3252 4269 cum
3305 4226 3480 4266 essem
3531 4208 3588 4264 in

2000 4320 2188 4368 sancta
2218 4307 2464 4375 civitate,
2490 4308 2643 4364 venit
2663 4307 2731 4362 ad
2765 4321 2854 4362 me
2883 4305 3058 4362 bonus
3091 4301 3358 4373 quispiam
3385 4297 3588 4356 Christi

2003 4410 2237 4467 amator,
2278 4400 2511 4456 dicens:
2540 4399 2806 4467 Quoniam
2837 4396 2908 4453 ob
2945 4409 3170 4467 parvam
3214 4391 3580 4448 offensiuncu-

315 4487 552 4556 λάλησον
582 4485 751 4555 αὐτῷ.
793 4485 936 4554 Ἐγὼ
968 4486 1026 4540 δὲ
1084 4486 1222 4556 μετὰ
1266 4487 1441 4557 χαρᾶς
1491 4487 1784 4558 δεξάμενος
1828 4492 1896 4545 τὸ·

2023 4496 2126 4550 Iam
2164 4507 2266 4562 ego
2297 4500 2354 4546 et
2394 4489 2522 4548 talis
2566 4489 2737 4544 frater
2773 4502 2926 4542 meus
2970 4484 3200 4541 invicem
3245 4480 3586 4544 dissidemus,

315 4577 500 4646 λόγον.
527 4577 619 4631 καὶ
642 4578 878 4641 καλέσας
899 4578 990 4631 τὸν
1013 4576 1241 4647 ἀδελφὸν
1265 4577 1452 4643 αὑτοῦ,
1482 4579 1718 4650 ἐλάλησα
1747 4581 1898 4652 αὐτῷ

319 4669 664 4723 συντείνοντα
706 4670 784 4732 είς
825 4668 1064 4739 ἀγάπηψ
1107 4669 1202 4722 καὶ
1243 4669 1388 4735 ἔδοξε
1441 4670 1540 4741 μὲν
1585 4672 1888 4727 πείθεσθαι·

319 4761 546 4832 ’ὕστερον
583 4761 639 4814 δὲ
673 4760 821 4830 λέγει
857 4776 966 4830 μοι·
997 4759 1072 4814 Οὐ
1097 4761 1332 4832 δύναμαι
1361 4761 1715 4832 διαλλαγῆναι
1747 4762 1896 4834 αὐτῷ

317 4849 402 4903 ὅτι
436 4847 629 4918 ὤμοσα
659 4849 740 4912 εἰς
783 4847 874 4902 τὸν
905 4849 1160 4920 σταυρόν.
1221 4850 1363 4920 Ἐγὼ
1404 4852 1461 4905 δὲ
1509 4851 1900 4924 ὑπομειδιάσας

272 4959 280 4966 ·
318 4934 476 4992 εἷπον
512 4938 684 5010 αὐτῷ·
719 4939 780 4992 Ὀ
826 4940 992 5009 ὅρκος
1037 4955 1132 4992 σου
1175 4941 1433 5011 τοιαύτην
1477 4940 1708 5012 δύναμιν
1759 4941 1897 5014 ἔχει,

318 5029 401 5082 ὅτι
425 5028 517 5082 Μὰ
539 5027 630 5081 τὸν
657 5028 836 5098 τίμιον
861 5030 1092 5100 σταυρὸν
1121 5030 1182 5084 οὐ
1205 5030 1278 5101 μὴ
1310 5030 1533 5099 φυλάξω
1557 5033 1656 5097 τὰς
1687 5033 1907 5097 ἐντολάς

319 5137 440 5174 σου·
465 5119 599 5174 ἀλλὰ
622 5121 683 5174 τὸ
704 5121 916 5201 θέλημα
937 5123 1031 5176 τοῦ
1057 5122 1256 5194 ἐχθροῦ
1277 5123 1368 5178 τοῦ
1393 5123 1641 5179 διαϐόλου
1670 5127 1904 5199 ποιήσω.

317 5213 435 5268 Καὶ
461 5212 566 5284 γάρ
597 5214 656 5266 οὐ
698 5213 858 5286 μόνον
889 5217 990 5269 οὐκ
1019 5213 1217 5286 ὤφειλε
1248 5218 1444 5288 στῆσαι
1470 5218 1530 5272 τὸ
1566 5218 1755 5283 κακῶς
1791 5220 1908 5290 ὁρι-

321 5305 452 5360 σθὲν
476 5305 568 5376 ὑφ’
595 5306 775 5378 ἡμῶν,
819 5307 953 5361 ἀλλὰ
987 5311 1084 5362 καὶ
1109 5309 1312 5379 μᾶλλον
1345 5312 1628 5380 μετανοεῖν
1659 5311 1756 5364 καὶ
1789 5310 1906 5364 θλί-

321 5395 515 5451 ϐεσθαι
562 5399 648 5465 ἐφ’
692 5391 773 5462 οἷς
829 5398 1014 5463 κακῶς
1066 5399 1364 5472 ὁριζόμεθα
1405 5400 1670 5466 ἑαυτοὺς,
1722 5400 1907 5466 καθώς

329 5502 496 5556 φηςιν
525 5488 555 5540 6
583 5487 840 5559 θεοφόρος
868 5489 1168 5554 Βασίλειοςο
1216 5509 1234 5542 ι
1267 5489 1380 5542 Καὶ
1413 5487 1522 5561 γὰρ
1568 5489 1814 5560 Ἡρώδης
1856 5491 1906 5544 εί

339 5575 635 5649 μετενόησε
665 5578 760 5630 καὶ
799 5575 876 5650 μὴ
913 5575 1108 5650 ἔστησε
1133 5577 1225 5634 τὸν
1264 5579 1428 5652 ὅρκον
1459 5578 1626 5634 αὐτοῦ
1649 5618 1666 5644 ,
1695 5580 1796 5634 οὐκ
1838 5579 1917 5635 ἂν·

399 5767 422 5800 ³
446 5769 550 5829 lsa.
585 5788 621 5838 ι,
655 5772 707 5828 6.
785 5773 804 5805 ⁷
831 5773 1019 5830 Μδιιιι.
1057 5791 1132 5842 Vl,
1159 5775 1249 5830 2|.
1325 5774 1346 5806 ⁸
1381 5773 1598 5850 ll_Petr.
1629 5790 1690 5842 ll,
1723 5773 1804 5832 l9.

2001 4583 2088 4652 egi
2119 4589 2177 4636 ut
2218 4579 2696 4637 reconciliaremur
2721 4595 2736 4633 :
2766 4579 2862 4634 sed
2895 4577 2986 4631 ille
3017 4574 3322 4640 recusavit;
3361 4586 3470 4642 prae
3501 4583 3592 4625 se-

1998 4690 2105 4746 que
2149 4674 2271 4738 fert,
2323 4671 2464 4727 nolle
2510 4671 2578 4726 de
2625 4681 2824 4726 caetero
2876 4669 3057 4724 redire
3108 4680 3320 4722 mecum
3372 4664 3427 4718 in
3473 4677 3591 4734 gra-

2003 4765 2134 4819 tiam
2169 4782 2184 4818 :
2215 4777 2314 4819 oro
2341 4771 2415 4829 te,
2447 4759 2629 4827 Pater,
2673 4769 2734 4814 ut
2763 4774 2886 4814 eum
2917 4758 3222 4828 alloquens,
3248 4755 3488 4810 adducas
3516 4753 3588 4810 ad

2011 4857 2148 4909 iram
2208 4853 2610 4924 deponendam.
2662 4852 2892 4922 Suscepi
2942 4849 3118 4904 libens
3173 4846 3486 4917 negotium,
3539 4851 3596 4900 et

2012 4953 2206 4999 vocato
2236 4942 2406 4998 fratre
2443 4942 2556 5008 illo,
2598 4941 2712 4997 dixi
2759 4956 2882 5011 qua
2925 4948 3228 5008 opportuna
3277 4937 3596 4992 viderentur

2007 5035 2076 5090 ad
2111 5034 2160 5090 ei
2211 5033 2648 5105 persuadendam
2682 5047 2872 5102 pacem
2915 5039 2972 5087 et
3013 5029 3338 5085 charitatem
3383 5035 3482 5082 :et
3515 5025 3598 5080 vi.

2009 5125 2243 5182 debatur
2270 5128 2639 5196 acquiescere.
2681 5125 2952 5182 Czeterum
2998 5121 3216 5192 excepit
3245 5139 3260 5175 :
3289 5119 3434 5176 haud
3471 5130 3595 5172 esse

2007 5217 2111 5272 sibi
2144 5217 2353 5272 licitum
2393 5217 2731 5274 reconciliari
2777 5217 2957 5282 fratri,
2992 5215 3120 5286 quia
3149 5228 3247 5285 per
3275 5225 3491 5266 crucem
3513 5209 3596 5279 ju-

2009 5317 2206 5373 rasset,
2255 5323 2315 5362 se
2360 5323 2638 5377 nunquam
2683 5307 2738 5363 in
2787 5308 2841 5362 id
2899 5317 3314 5362 consensurum.
3362 5301 3444 5354 Ad
3490 5299 3595 5356 hoc

2007 5415 2108 5470 ego
2151 5399 2446 5456 subridens
2473 5399 2586 5454 dixi
2624 5417 2638 5455 :
2673 5398 2849 5456 Tuum
2874 5399 3236 5468 iuramculum
3287 5391 3445 5446 talem
3481 5389 3589 5444 vim

2009 5491 2169 5547 liabet
2197 5507 2261 5547 ac
2301 5494 2346 5547 si
2389 5493 2638 5550 diceres:
2671 5492 2772 5549 Per
2797 5506 3012 5549 crucem
3033 5489 3180 5560 juro,
3226 5483 3460 5548 Christe,
3505 5496 3595 5540 me

2010 5597 2289 5652 nunquam
2336 5581 2756 5640 observaturum
2801 5582 3052 5637 mandata
3105 5587 3193 5636 tua
3230 5593 3246 5632 :
3277 5574 3373 5632 sed
3402 5570 3595 5636 volun-
