4110 6382
543 365 675 435 1691

1855 364 2152 426 ZOSIhUE
2189 362 2507 424 ABBATIS

3646 360 3763 430 1692

544 490 707 537 tatem
744 476 917 534 hostis
949 476 1026 533 tui
1057 473 1259 533 diaboli
1306 471 1596 530 facturum.
1629 471 1921 529 Enimvero
1947 473 2122 543 jusju-
2150 519 2160 544 ,

2267 475 2522 546 νργάσατο
2548 472 2611 527 τὸ
2643 472 2791 545 μέγα
2819 469 2983 527 τοῦτο
3007 468 3333 542 ἁμάρτημα,
3363 470 3421 525 τδ
3460 471 3764 545 ἀποκεφαλί.

545 570 774 626 randum
797 568 1063 639 ejusmodi
1109 567 1244 622 adeo
1294 580 1401 621 non
1448 564 1610 620 debet
1663 564 1833 619 videri
1876 565 2120 622 stabilire

2228 582 2319 620 σαι
2344 566 2437 620 τὸν
2460 563 2696 637 Χριστοῦ
2721 563 3053 636 πρόδρομον.
3090 579 3111 613 ι

543 661 687 729 quod
730 659 867 714 male
913 660 1287 725 decrevimus;
1338 666 1399 711 ut
1473 656 1657 727 potius
1709 670 1813 712 nos
1863 655 2063 726 obliget
2095 670 2163 712 aa
2239 658 2383 714 serio
2429 656 2846 726 concipiendam
2910 653 3029 723 ejus
3079 652 3447 723 pmuiteutiam
3480 672 3494 708 :
3525 654 3772 729 diﬂiugen-

545 756 783 825 dumque
820 764 982 824 atque
1032 754 1086 809 in
1121 751 1459 810 contrarium
1510 751 1827 807 mutandum
1857 751 2121 822 quidquid
2163 761 2367 809 temere
2428 767 2526 822 per
2554 751 2684 806 illud
2746 758 3142 805 statueramus.
3172 743 3326 800 Sicut
3365 747 3438 799 ait
3471 745 3658 816 Spiritu
3687 749 3773 804 Dei

547 848 737 918 plenus
787 848 1065 903 Basilius:
1100 866 1119 900 ι
1147 848 1382 915 Etenim,
1434 848 1706 917 inquiens,
1758 846 2023 913 Herodes,
2074 848 2122 903 si
2152 846 2449 916 jurameuti
2482 857 2688 903 temere
2731 846 2867 909 dati,
2934 851 3093 913 prout
3161 840 3387 894 debebat
3425 842 3771 907 paenituisset:

547 957 650 998 nec
688 952 835 997 stare
867 941 940 997 illi
978 941 1255 1008 voluisset,
1285 957 1392 996 non
1430 949 1710 1012 peccasset
1738 955 1964 997 enorme
1990 941 2122 998 illud
2160 952 2466 1013 peccatum,
2510 939 2841 1010 amputando
2911 943 3075 1007 caput
3148 933 3494 1003 pnecursoris
3520 932 3726 988 Christi.
3757 952 3774 986 ι

618 1074 732 1131 VII.
776 1072 1147 1144 Interrogatus
1178 1073 1320 1126 idem
1345 1072 1641 1142 aliquando
1672 1081 1757 1126 est
1787 1089 1801 1127 :
1836 1070 2118 1138 Quomodo

551 1168 643 1224 ﬂet
692 1175 751 1220 ut
794 1166 991 1235 aliquis
1046 1172 1259 1233 spretus
1298 1172 1353 1218 et
1414 1163 1676 1218 conviciis
1723 1163 2031 1233 proscissus
2081 1177 2113 1216 a

551 1258 897 1331 quibusdam,
946 1272 1053 1312 non
1103 1256 1411 1310 irascatur?
1442 1255 1785 1325 Respondit:
1817 1252 1875 1310 Si
1926 1255 2131 1310 habue-

554 1352 627 1407 rit
664 1351 757 1406 ille
805 1351 1045 1419 seipsnm
1082 1362 1180 1419 pro
1212 1348 1401 1408 nihilo,
1441 1362 1546 1401 non
1583 1347 1892 1402 turbabitnr
1921 1366 1935 1404 :
1966 1357 2128 1417 prout

554 1442 695 1496 dixit
735 1442 904 1496 abbas
934 1438 1151 1495 Ptnmeu
1178 1455 1193 1491 :
1225 1456 1245 1490 ι
1277 1437 1336 1492 Si
1393 1447 1444 1493 te
1491 1438 1666 1507 ipsum
1699 1452 1799 1508 pro
1839 1437 2006 1492 nihilo
2041 1438 2138 1492 ba-

472 1540 487 1547 ‘
555 1534 761 1600 bueris,
794 1534 1018 1587 babebis
1048 1531 1315 1599 requiem.
1355 1549 1374 1583 ι

628 1665 764 1722 Vill.
834 1666 981 1721 Dixit
1043 1675 1301 1738 praeterea
1342 1665 1511 1720 :Fuit
1560 1665 1852 1735 aliquando
1911 1665 2139 1720 fratrum

2300 1079 2375 1133 Z'.
2421 1075 2712 1147 Ἦρωτήθη
2738 1073 2925 1137 πάλιν,
2949 1071 3079 1135 Πῶς
3107 1070 3312 1141 ὀφείλει
3342 1086 3425 1132 τις
3453 1068 3780 1140 ὲξουδενωμέ-

2232 1172 2382 1243 νοςῆ
2429 1167 2900 1238 κακολογούμενος
2946 1164 3098 1236 παρά
3143 1180 3326 1223 τινων.
3363 1162 3435 1233 μὴ
3467 1162 3778 1232 θυμοῦσθαις

2234 1262 2569 1333 ἀπεκρίνατο
2588 1260 2739 1330 γοῦν·
2769 1260 2898 1314 Ἐάν
2921 1276 3004 1322 τις
3024 1298 3038 1323 ,
3068 1252 3246 1317 εἶπεν,
3273 1254 3369 1328 ἔχῃ
3388 1255 3570 1307 ἑαυτὸν
3590 1256 3781 1326 εὐτελῆ,

2241 1356 2315 1427 μὴ
2346 1354 2702 1425 ταράσσεται·
2730 1351 2917 1414 καθὼς
2942 1345 3096 1404 εἶπεν
3118 1352 3146 1402 ὁ
3175 1347 3349 1410 ἀϐὁᾱς
3374 1347 3594 1418 Ποιμήν·
3626 1366 3642 1398 ι
3680 1348 3785 1400 Ἐὰν

2247 1447 2408 1501 αὑτὸν
2442 1446 2742 1518 εὐτελίσης,
2778 1445 2919 1512 ἕξεις
2942 1444 3271 1498 ἀνάπαυσιν.
3305 1458 3324 1493 ι

2318 1670 2400 1722 H'.
2438 1668 2549 1722 Καὶ
2596 1667 2803 1736 ἔλεγεν,
2852 1665 3093 1720 suum
3140 1683 3225 1729 τις
3271 1662 3381 1717 τῶν
3427 1660 3656 1727 ἀδελφῶν
3700 1662 3794 1714 τῶν

559 1758 851 1831 quispiam,
891 1759 1050 1813 exiis
1097 1760 1186 1828 qui
1221 1773 1429 1813 mecum
1478 1758 1793 1824 manebant,
1827 1766 1882 1812 et
1912 1773 2139 1827 accepe-

2267 1760 2545 1813 ιεινάντων
2599 1760 2715 1830 μετ’
2757 1757 2896 1829 ἐμοῦ
2950 1758 3047 1812 καὶ⁸
3089 1755 3369 1808 λαϐόντων
3416 1751 3539 1824 παρ’
3586 1750 3707 1821 ἐμοῦ
3745 1751 3797 1804 τὸ

562 1859 685 1907 rant
715 1866 744 1904 a
781 1866 867 1905 me
913 1866 1129 1905 sacrum
1166 1849 1436 1913 habitum,
1481 1849 1646 1903 multa
1683 1865 1711 1902 a
1758 1865 1847 1904 me
1883 1859 2143 1904 tractatus

564 1939 917 2009 indulgentia.
956 1939 1085 1993 Erat
1120 1939 1265 1993 enim
1307 1938 1463 1992 llum:
1496 1938 1826 1993 valetudinis
1861 1954 1924 1993 ac
1954 1947 2140 2006 tener;

563 2041 617 2086 et
674 2029 1177 2087 eondesceudebam
1228 2031 1328 2099 ipsi
1397 2032 1466 2085 ob
1526 2030 1952 2086 imbecillitatem
2004 2030 2142 2100 ejus.

563 2121 804 2189 Quadam
858 2121 1022 2191 igitur
1055 2120 1101 2175 is
1149 2119 1235 2174 die
1270 2120 1401 2175 mibi
1455 2119 1592 2174 dixit
1624 2138 1638 2175 :
1671 2121 1821 2175 Abba
1875 2122 1969 2188 mi,
2003 2122 2146 2176 mul-

568 2225 681 2269 tum
718 2229 842 2269 amo
874 2224 947 2270 te.
995 2210 1096 2267 Aio
1118 2226 1219 2282 ego
1266 2211 1340 2267 illi
1374 2230 1388 2267 :
1423 2210 1713 2282 Nunquam
1749 2213 1927 2268 adhuc
1959 2228 2149 2281 quein-

568 2320 733 2376 quam
768 2304 970 2375 reperi,
1012 2304 1102 2373 qui
1138 2320 1223 2359 me
1260 2313 1468 2358 tantum
1502 2313 1714 2360 amaret
1755 2315 2015 2375 quantum
2050 2320 2150 2377 ego

568 2412 691 2452 amo
743 2398 942 2467 ipsum.
997 2397 1139 2452 Ecce
1193 2413 1335 2452 nunc
1377 2397 1508 2452 mibi
1556 2396 1738 2453 dicis:
1774 2396 1911 2451 Amo
1963 2409 2048 2463 te;
2097 2406 2152 2452 et

570 2491 755 2547 credo.
810 2489 864 2544 Si
922 2499 1106 2544 autem
1144 2488 1238 2544 tibi
1284 2490 1414 2558 quid
1456 2505 1487 2545 a
1537 2505 1624 2545 me
1667 2491 1957 2560 contigerit
2007 2490 2153 2545 baud

570 2589 804 2649 gratum,
844 2595 950 2633 non
993 2595 1179 2633 manes
1209 2581 1385 2649 qualis
1420 2596 1541 2636 eras
1581 2596 1707 2651 erga
1758 2597 1863 2635 me.
1912 2580 1993 2635 Me
2026 2596 2153 2636 vero

571 2666 833 2739 quidquid
874 2683 903 2721 a
933 2678 983 2722 te
1008 2668 1181 2737 patiar
1219 2668 1361 2723 baud
1394 2654 1593 2738 poterit
1624 2679 1873 2725 avertere
1905 2686 1932 2724 a
1967 2670 2154 2725 chari-

577 2769 683 2815 tate
714 2760 813 2814 tui.
848 2760 963 2814 Non
987 2745 1361 2830 longum'bine
1394 2770 1604 2829 tempus
1637 2762 1790 2828 abiit,
1824 2778 1944 2816 cum
1970 2763 2155 2817 nescio

576 2854 705 2925 quid
740 2854 939 2909 accidit
960 2869 988 2908 a
1021 2871 1106 2909 me
1133 2871 1324 2923 parum
1355 2855 1453 2925 ipsi
1488 2854 1729 2924 placens,
1757 2863 1813 2909 et
1839 2856 1981 2924 cepit
2010 2870 2159 2909 mur-

578 2963 797 3001 murare
852 2959 1045 3003 contra
1092 2962 1179 3003 me
1231 2948 1431 3012 multa.
1494 2964 1665 3017 usque
1718 2949 1784 3001 ad
1831 2947 1970 3003 foeda
2020 2964 2156 3004 con-

574 3040 734 3094 vicia.
759 3037 901 3093 Nihil
930 3041 1122 3095 bormn
1158 3055 1242 3095 me
1293 3040 1469 3096 latuit.
1512 3041 1726 3095 Auditis
1764 3054 1943 3094 tamen
1979 3041 2157 3094 omni-

576 3125 698 3187 bus,
723 3125 851 3179 mihi
886 3125 999 3181 haec
1030 3127 1227 3182 tacitus
1254 3126 1499 3195 subieci:
1533 3127 1839 3198 Chirurgus
1873 3128 1962 3183 hic
1996 3127 2158 3184 Chri-

578 3216 645 3272 sti
675 3214 801 3273 Jesn
852 3229 955 3285 est,
990 3219 1191 3274 missus
1238 3218 1306 3273 ad
1349 3233 1434 3272 me
1477 3235 1599 3273 cum
1634 3220 1757 3289 igne
1794 3234 1855 3274 ac
1900 3220 2045 3274 ferro
2096 3222 2162 3275 ad

578 3326 754 3365 meam
807 3314 1101 3367 curandam
1157 3328 1307 3368 vanze
1350 3313 1534 3384 gloria:
1577 3314 1755 3369 studio
1800 3322 2160 3384 aegrotantem

578 3402 835 3458 animam.
883 3403 924 3457 E
956 3404 1154 3459 talibus
1199 3412 1377 3471 potest
1413 3402 1608 3473 aliquis
1650 3404 1869 3469 lucrari,
1903 3405 1947 3460 si
1988 3412 2166 3458 atten-

580 3503 667 3549 tus
697 3496 763 3548 ad
792 3497 873 3550 sui
908 3497 1204 3563 profectum
1241 3495 1423 3552 fuerit.
1457 3496 1614 3552 Sicut
1655 3497 1894 3553 vicissim
1926 3496 2066 3552 idem
2099 3499 2167 3554 ab

581 3586 647 3639 iis
669 3587 757 3655 qui
781 3587 830 3640 ei
852 3587 1142 3641 adulantur
1159 3599 1213 3643 et
1238 3588 1593 3659 applaudunt,
1617 3588 1939 3659 plerumque
1967 3591 2167 3644 danqu

581 3679 829 3735 adicitur.
864 3680 967 3746 Qui
1031 3698 1154 3736 cum
1199 3683 1407 3752 pungit,
1466 3698 1651 3738 revera
1701 3682 2017 3737 benefactor
2060 3691 2163 3737 est.

583 3768 649 3823 Et
687 3771 1016 3825 recordabar
1051 3770 1169 3839 ejus
1204 3786 1259 3826 ut
1298 3773 1491 3826 medici
1528 3788 1589 3828 ac
1618 3772 1983 3827 benefactoris
2018 3772 2161 3827 mei:

583 3860 937 3929 dicebantque
997 3861 1282 3915 maledicta
1340 3862 1461 3932 ejus
1509 3863 1562 3917 in
1616 3877 1704 3918 me
1747 3863 2165 3919 referentibus:

582 3948 742 4005 Novit
772 3951 858 4005 hic
893 3950 1181 4005 manifesta
1222 3968 1336 4006 mea
1387 3952 1547 4015 mala,
1582 3969 1683 4008 nec
1733 3963 1922 4009 tamen
1953 3954 2165 4022 omnia;

581 4040 676 4095 sed
711 4048 915 4109 partem
948 4052 1152 4096 tantum
1186 4044 1381 4098 borum
1430 4045 1727 4112 quamdam
1763 4062 1777 4099 :
1812 4045 2023 4101 occulta
2074 4061 2171 4098 au-

584 4139 692 4187 tem
744 4133 1164 4187 innumerabilia
1215 4145 1363 4188 sunt.
1395 4132 1580 4204 Longo
1619 4144 1739 4205 post
1777 4136 1881 4191 hoc
1930 4145 2172 4206 tempore

583 4225 822 4279 occurrit
869 4225 914 4280 is
966 4226 1097 4279 mibi
1149 4225 1450 4294 Caesarem;
1507 4236 1562 4281 et
1618 4227 1853 4283 accessit
1906 4241 1974 4282 ex
2021 4243 2171 4283 more

585 4317 903 4385 amplexans
932 4325 988 4371 et
1017 4317 1270 4372 osculans
1314 4334 1399 4373 me
1420 4359 1436 4384 ,
1488 4332 1697 4389 egoque
1743 4319 1985 4375 vicissim
2018 4321 2170 4390 paria

2246 1856 2430 1925 σχῆμα
2450 1891 2465 1917 ,
2491 1852 2660 1906 πολλά
2692 1850 3085 1923 συγκροτηθεὶς
3116 1851 3246 1918 παρ’
3281 1845 3432 1917 ὲμοῦ·
3461 1847 3549 1898 καὶ
3574 1844 3672 1913 γὰρ
3698 1844 3796 1897 τῶν

2244 1942 2534 2014 τρυφερῶν
2565 1939 2654 2014 ἦν·
2686 1941 3118 2011 συγκατέϐαινον
3141 1937 3292 2008 αὑτῷ
3313 1937 3399 1990 διὰ
3422 1936 3518 2006 τὴν
3546 1935 3801 1987 ἀσθένειαν

2247 2034 2434 2089 αὑτοῦ.
2480 2035 2567 2088 Ἐν
2603 2034 2702 2105 μιᾷ
2727 2033 2911 2105 ἡμέρᾳ
2940 2033 3091 2100 λέγει
3129 2047 3221 2101 μοι
3250 2048 3263 2061 ·
3311 2027 3475 2082 Ἀὁόᾶ
3507 2044 3622 2097 μου,
3655 2024 3805 2077 πολλὰ

2249 2126 2447 2195 ἀγαπῶ
2484 2142 2566 2179 σε.
2594 2127 2700 2178 Καὶ
2731 2125 2874 2193 λέγω
2922 2122 3100 2194 αὐτῷ·
3143 2120 3288 2191 Ἐγὼ
3330 2120 3511 2190 ἀκμὴν
3548 2120 3640 2185 οὐχ
3667 2110 3807 2184 εὗρόν

2249 2235 2371 2272 τινα
2400 2215 2700 2287 ἀγαπῶντα
2733 2233 2822 2287 με,
2861 2215 2937 2278 ὡς
2989 2212 3191 2283 ἀγαπῶ
3218 2211 3407 2266 αὐτόν.
3467 2210 3590 2262 Ἰδοὺ
3618 2207 3703 2260 νῦν
3733 2206 3808 2258 λέ-

2253 2326 2391 2378 γεις,
2418 2311 2499 2361 ὅτι
2539 2308 2762 2376 Ἀγαπῶ
2787 2323 2865 2360 σε·
2902 2308 2995 2360 καὶ
3021 2304 3309 2375 πείθομαι.
3338 2301 3464 2355 Ἐὰν
3490 2301 3542 2354 δὲ
3573 2298 3739 2368 συμϐῇ
3766 2315 3808 2350 τι

2258 2400 2334 2472 μὴ
2364 2400 2597 2472 ἀρέσκον
2627 2417 2732 2465 σοι,
2756 2401 2817 2453 οὺ
2846 2401 3029 2470 μένεις
3053 2398 3280 2460 ὁαὺτὸς·
3307 2394 3416 2464 ὲγὼ
3432 2394 3508 2459 δὲ,
3530 2393 3632 2446 πᾶν
3656 2390 3808 2444 ὁτιοῦν

2256 2493 2416 2547 πάθω
2450 2493 2601 2563 παρά
2627 2491 2746 2556 σοῦ,
2788 2492 2849 2545 οὐ
2883 2490 3106 2545 δύναται
3143 2486 3456 2558 ἀποστῆσαι
3486 2503 3551 2557 με
3576 2488 3667 2556 τῆς
3696 2483 3811 2550 ἀγά-

2258 2600 2366 2654 πης
2413 2601 2529 2637 σουο
2581 2583 2792 2653 Μικρὸς
2828 2584 3019 2655 χρᾶνος
3054 2582 3329 2655 παρῆλθε,
3361 2583 3453 2637 καὶ
3493 2582 3588 2634 οὐκ
3624 2575 3733 2631 οἶδα
3767 2576 3809 2628 τί

2260 2676 2459 2747 συνέϐη
2493 2677 2662 2746 αὐτῷ.
2697 2678 2806 2730 Καὶ
2840 2677 3046 2747 ἤρξατο
3081 2675 3263 2744 λέγειν
3313 2674 3434 2729 κατ’
3463 2670 3597 2744 ἐμοῦ
3637 2669 3811 2729 πολλὰ,

2258 2766 2363 2830 ἕως
2398 2767 2492 2819 καὶ
2516 2766 2761 2837 αἰσχρῶν
2790 2768 3076 2838 ῥημάτων·
3122 2767 3216 2820 καὶ
3245 2767 3466 2820 πάντων
3508 2764 3712 2834 ἤκουον·
3738 2757 3817 2812 καὶ

2260 2856 2446 2925 ἔλεγον
2468 2860 2524 2910 ὲν
2538 2857 2715 2927 ἑαυτῴ
2738 2857 2929 2920 οὕτως·
2966 2858 3229 2927 Καυστήρ
3260 2857 3382 2909 ἐστι
3403 2856 3493 2908 τοῦ
3534 2851 3719 2924 Ἰησοῦ,
3740 2848 3819 2903 καὶ

2262 2949 2544 3020 ἀπεστάλη
2580 2948 2864 3020 ἰατρεῦσαι
2903 2949 3003 3020 τὴν
3034 2947 3318 3014 κενόδοξον
3353 2964 3453 3019 μου
3477 2946 3667 3017 ψυχήν.
3708 2940 3820 2993 Ἀπὸ

2263 3040 2369 3094 τῶν
2407 3041 2665 3094 τοιούτων
2695 3039 2917 3094 δύναταί
2945 3058 3029 3104 τις
3050 3041 3320 3112 κερδῆσαι
3350 3041 3445 3092 ἐὰν
3471 3037 3630 3109 νήψῃ,
3657 3033 3823 3101 ὥσπερ

2263 3134 2373 3187 ἀπὸ
2421 3133 2529 3186 τῶν
2590 3132 3014 3207 μακαριζόντων
3053 3131 3378 3203 ζημιοῦται.
3427 3124 3590 3187 Οὗτος
3634 3124 3823 3195 ἀληθῶς

2262 3226 2339 3290 ὡς
2375 3225 2673 3296 εὐεργέτης
2704 3226 2841 3280 ἐστί.
2870 3226 2977 3278 Καὶ
3005 3224 3341 3296 ἐμεμνήμην
3365 3221 3532 3276 αὑτοῦ
3567 3219 3635 3282 ὡς
3660 3214 3825 3284 ἰατροῦ

2263 3320 2358 3375 καὶ
2384 3320 2698 3392 εὐεργέτου·
2726 3320 2820 3373 καὶ
2840 3317 3025 3386 ἔλεγον
3056 3321 3170 3382 τοῖς
3202 3321 3308 3372 ἀνα
3320 3316 3603 3387 γγέλλουσί
3636 3329 3738 3384 μοι·
3758 3310 3827 3363 Τά

2265 3410 2475 3481 φανερά
2523 3426 2624 3480 μου
2664 3409 2812 3463 κακὰ
2854 3410 3012 3481 μόνον
3058 3404 3188 3472 οἶδε,
3235 3412 3335 3462 καὶ
3380 3408 3505 3462 οὐδὲ
3557 3408 3669 3468 ὅλα,
3712 3402 3831 3457 ἀλλὰ

2268 3502 2433 3574 μέρος
2456 3517 2527 3555 τι·
2561 3501 2628 3555 τὰ
2652 3502 2711 3555 δὲ
2739 3501 3100 3573 κεκρυμμένα
3125 3500 3487 3571 ἀναρίθμητά
3513 3501 3663 3552 εἰσιν.
3691 3496 3828 3550 Μετά

2266 3591 2461 3663 καιρὸν
2503 3588 2597 3646 οὖν
2629 3593 2847 3663 ἀπαντᾷ
2875 3609 2964 3664 μοι
3003 3594 3081 3655 εἰς
3109 3593 3480 3665 Καισάρειαν·
3514 3591 3604 3643 καὶ
3637 3588 3831 3660 ἔρχεται

2266 3683 2411 3738 κατά
2445 3684 2505 3737 τὸ
2538 3683 2658 3747 ἔθος
2699 3683 2793 3737 καὶ⁸
2828 3682 3261 3754 περιπτύσσεται
3311 3682 3407 3736 καὶ
3441 3680 3719 3749 καταφιλεῖ
3755 3691 3829 3746 με·

2268 3774 2425 3843 κάγὼ
2454 3775 2636 3841 αὐτὸν,
2659 3774 2733 3839 ὡς
2765 3773 2992 3845 μηδενὸς
3016 3774 3334 3845 γενομένου·
3360 3776 3458 3828 καὶ
3489 3776 3545 3826 ἐν
3578 3770 3653 3842 τῷ
3678 3769 3835 3836 λέγειν

2266 3866 2441 3922 ταῦτα
2478 3868 2568 3922 ὅτε
2609 3868 2861 3938 συνήντει
2906 3884 2996 3939 μοι
3036 3866 3478 3939 περιεπτύσσετό
3525 3882 3615 3936 μοι
3657 3862 3831 3916 πολλὰ·

2268 3956 2403 4027 ἐμοῦ
2436 3956 2774 4021 δεικνύοντος
2800 3955 2946 4026 αὐτῷ
2979 3956 3252 4028 μηδεμίαν
3284 3955 3547 4027 ὑποψίαν,
3578 3952 3692 4025 μηδ’
3719 3951 3837 4012 ὅλως

2268 4046 2520 4117 λείψανον
2597 4046 2814 4118 λύπης,
2865 4047 3070 4117 καίπερ
3134 4048 3313 4101 πάντα
3374 4047 3611 4102 ἀκούων.
3670 4043 3839 4111 Ὅμως

2272 4136 2606 4207 προσπίπτει
2640 4153 2730 4207 μοι.
2762 4137 2858 4190 καὶ
2885 4138 3136 4208 κατέχων
3183 4140 3313 4202 τοὺς
3358 4137 3527 4201 πόδας
3572 4153 3669 4207 μου
3714 4133 3842 4196 λέ,ει

2275 4244 2386 4299 μοι·
2416 4226 2780 4299 Συγχὼρησόν
2812 4244 2901 4298 μοι
2929 4227 3075 4282 ἀὸὅᾶ
3108 4246 3211 4299 μου
3231 4267 3246 4287 .
3286 4228 3378 4282 διὰ
3408 4228 3499 4281 τὸν
3532 4226 3743 4295 Κύριον,
3772 4223 3843 4274 ὅτι

2272 4318 2443 4373 πολλά
2476 4319 2572 4372 καὶ
2606 4317 2756 4373 δεινά
2804 4318 3041 4391 ἐλάλησα
3083 4320 3225 4373 κατὰ
3260 4319 3382 4374 σοῦ.
3429 4317 3573 4388 Ἐγὼ
3605 4318 3659 4372 δὲ
3691 4332 3843 4368 κατι-

588 4407 713 4470 feci,
761 4416 1019 4477 tauquam
1063 4410 1197 4463 nihil
1230 4410 1456 4465 υιιιιιίιιο
1508 4411 1668 4465 modo
1714 4410 1986 4466 dictorum
2036 4427 2160 4481 μεως

2279 4410 2511 4481 φιλήσας
2558 4412 2720 4464 αὑτὸν
2747 4412 2891 4480 λέγω
2921 4411 3069 4482 αὐτῷ
3106 4411 3245 4482 μετά
3273 4408 3667 4483 χαριεντισμοῦ
3692 4423 3704 4436 ·
3746 4405 3839 4460 Μέ-

586 4502 867 4557 cessisset.
921 4502 1328 4557 liecordabatur
1381 4504 1473 4558 ille
1530 4511 1757 4569 tamen,
1814 4513 1871 4558 et
1926 4503 2166 4560 olliciosa

587 4595 751 4647 verba
780 4593 1083 4658 cumulans,
1121 4597 1276 4665 quasi
1309 4596 1471 4649 tacite
1510 4605 1761 4650 retexere
1792 4607 1887 4651 aut
1918 4611 2174 4666 compen-

588 4698 715 4738 sare
755 4686 883 4740 olim
929 4686 1192 4741 blaterata
1242 4688 1537 4754 nitebatur,
1574 4687 1820 4744 inserens
1862 4688 2025 4742 etiam
2078 4704 2173 4743 oe-

590 4790 753 4831 cursu
806 4777 911 4831 alio
969 4794 1136 4833 novos
1193 4779 1475 4849 amplexus
1526 4794 1661 4835 :me
1717 4780 2073 4835 nihilominus
2119 4781 2173 4835 in

592 4866 982 4922 dissimulando
1016 4877 1211 4924 cuncta
1265 4879 1535 4924 transacta
1592 4880 2021 4941 perseverante,
2072 4885 2173 4925 nec

591 4958 884 5028 quidquam
921 4972 1115 5030 agente
1144 4971 1239 5015 aut
1281 4963 1500 5017 dicente
1527 4962 1668 5031 quod
1709 4961 1874 5015 ullum
1906 4964 2175 5031 suSpicio-

593 5050 681 5105 nis
710 5051 997 5118 vestigium
1034 5060 1128 5105 aut
1161 5052 1365 5107 doloris
1409 5053 1665 5123 reliquias
1715 5052 1977 5124 signaret.
2016 5053 2173 5108 Sc‘e-

594 5142 685 5195 bat
743 5150 921 5196 tamen
981 5141 1070 5196 ille
1127 5144 1427 5200 innotuisse
1478 5145 1613 5200 milii
1683 5159 2021 5214 quaecunque
2078 5143 2173 5199 ine

593 5236 900 5304 obsequens
952 5234 1193 5301 dixerat;
1245 5252 1417 5305 quare
1470 5238 1685 5293 tandem
1715 5237 1945 5306 procidit
1991 5253 2177 5291 coram

597 5338 702 5389 me,
748 5326 1019 5396 pedesque
1066 5327 1349 5396 amplexus
1395 5344 1545 5385 meos
1591 5331 1668 5383 ait
1699 5350 1710 5385 :
1741 5329 1967 5398 Ignosce
2024 5329 2180 5395 mibi,

597 5420 754 5483 abba,
790 5433 889 5488 per
925 5419 1243 5487 Dominum;
1285 5420 1453 5474 multa
1496 5433 1552 5476 et
1601 5424 1786 5491 gravia
1831 5423 1939 5478 dixi
1989 5429 2182 5478 contra

598 5519 671 5565 te.
714 5512 825 5581 Ego
855 5511 1029 5581 ipsum
1060 5511 1339 5567 osculatus
1369 5513 1457 5566 aio
1489 5513 1563 5567 illi
1598 5531 1609 5566 :
1641 5511 1976 5567 Recordatur
2002 5512 2183 5568 chari-

599 5608 683 5657 ιιι
709 5610 823 5670 tua,
849 5601 1029 5668 Pater,
1071 5604 1275 5659 dixisse
1319 5615 1371 5658 te
1417 5603 1544 5659 olim
1597 5603 1768 5658 mihi:
1804 5605 2024 5660 Multum
2058 5620 2183 5658 amo

604 5700 700 5757 te;
754 5708 947 5763 meque
990 5696 1083 5751 tibi
1136 5697 1526 5766 respondisse:
1561 5694 1811 5751 Nondum
1869 5696 2043 5751 im‘ctti
2092 5697 2183 5765 qui

614 5798 700 5837 me
728 5792 935 5841 tantum
969 5799 1176 5843 amaret
1205 5798 1462 5856 utrautum
1499 5805 1600 5858 ego
1645 5788 1841 5851 ipsum.
1876 5788 2009 5844 Ecce
2044 5804 2183 5841 nunc

2284 4520 2481 4576 μνηται
2515 4505 2550 4575 ἡ
2581 4502 2825 4573 θεοφιλία
2861 4521 2979 4568 σου,
3000 4505 3203 4575 Πάτερ,
3245 4504 3327 4557 ὅτι
3363 4502 3520 4567 εἶπές
3557 4513 3667 4572 μοι·
3692 4496 3847 4552 Πολλά

2282 4592 2484 4661 ἀγαπῶ
2519 4606 2607 4646 σε’
2662 4595 2756 4647 καὶ
2800 4588 2953 4647 εἶπόν
2984 4608 3085 4646 σοι·
3133 4592 3301 4647 Οὔπω
3353 4587 3521 4664 εὗρόν
3566 4606 3685 4644 τινα
3728 4588 3844 4653 d71-

2282 4687 2471 4741 πῶντά
2520 4705 2588 4760 με
2634 4688 2709 4751 ὡς
2753 4687 2954 4756 ἀγαπῶ
2996 4688 3179 4742 αὐτόν.
3228 4688 3360 4742 Ἰδοὺ
3404 4688 3500 4742 νῦν
3548 4685 3743 4754 λέγεις,
3772 4681 3843 4734 ὅτι

2293 4777 2514 4847 Ἀγαπῶ
2553 4794 2632 4831 σε·
2665 4779 2761 4832 καὶ
2791 4778 3078 4849 πείθομαι·
3114 4779 3206 4832 ἐὰν
3236 4779 3293 4832 δὲ
3322 4779 3510 4851 συμεῇ
3542 4795 3592 4829 τι
3630 4774 3702 4844 μὴ
3739 4769 3846 4839 ἀρέ-

2287 4886 2414 4923 σκον
2453 4887 2570 4936 σοι,
2612 4872 2673 4925 οὐ
2711 4871 2892 4943 μένεις
2936 4873 2964 4924 ὁ
3004 4871 3184 4933 αὐτός.
3235 4869 3377 4939 Ἐγὼ
3408 4870 3467 4923 δὲ
3491 4910 3506 4934 ,
3541 4869 3674 4921 εἴτι
3710 4860 3845 4916 πάθω

2286 4958 2440 5029 παρὰ
2474 4960 2589 5025 σοῦ,
2612 4961 2673 5012 οὑ
2702 4959 2924 5013 δύναται
2950 4957 3259 5028 ἀποστῆσαι
3289 4974 3355 5027 με
3382 4957 3486 5026 τῆς
3508 4954 3723 5022 ἀγάπης
3746 4964 3843 5000 σου-

2285 5050 2736 5123 Πληροςρορηθείη
2761 5054 2796 5123 ἡ
2830 5052 3022 5122 καρδία
3060 5067 3175 5114 σου,
3208 5051 3289 5102 ὅτι
3320 5048 3476 5101 οὐδὲν
3508 5045 3661 5100 ἐλαθέ
3695 5057 3758 5113 με
3783 5032 3846 5090 ὧν

2283 5143 2604 5214 λελάληκας·
2632 5143 2766 5196 ἀλλὰ
2787 5143 2883 5198 καὶ
2902 5140 3004 5197 ποῦ
3035 5143 3128 5195 καὶ
3152 5141 3289 5206 τίσι,
3313 5140 3495 5194 πάντα
3519 5139 3739 5209 ἥκουσα·
3770 5128 3849 5183 καὶ

2287 5236 2540 5289 οὐδέποτε
2566 5231 2742 5302 εἷπον,
2770 5236 2851 5288 ὅτι
2878 5235 2992 5288 Οὐκ
3022 5234 3167 5286 ἔστιν
3189 5231 3363 5296 οὕτως
3384 5252 3398 5264 ·
3424 5230 3535 5285 οὐδ’
3565 5224 3741 5282 ἔπεισέ
3772 5217 3850 5292 μοί

2281 5348 2365 5394 τις
2403 5332 2576 5383 εἰπεῖν
2623 5327 2763 5381 κατά
2809 5324 2926 5381 σοῦ·
2968 5325 3083 5379 ἀλλ’
3118 5325 3323 5393 ἔλεγον,
3354 5324 3440 5377 ὅτι
3488 5322 3668 5389 Ἀπερ
3695 5316 3848 5380 λέγει,

2284 5422 2457 5493 ἀληθῆ
2503 5421 2681 5490 λέγει,
2731 5420 2825 5473 καὶ
2870 5419 2978 5473 ἀπὸ
3013 5418 3115 5487 τῆς
3158 5418 3401 5486 ἀγάπης·
3450 5403 3849 5477 ἰδιοποιούμενιες

2286 5532 2398 5585 μοι,
2444 5512 2535 5566 καὶ
2570 5512 2631 5565 οὐ
2656 5510 2894 5565 διέλιπον
2938 5510 3287 5580 μεμνημένος
3322 5522 3416 5561 σου
3449 5506 3508 5558 ὲν
3535 5506 3650 5565 ταῖς
3680 5498 3849 5595 saxeis

2286 5622 2410 5674 μου.
2470 5603 2578 5657 Καὶ
2623 5603 2710 5656 ἴνα
2750 5602 2911 5667 δείξω
2959 5617 3037 5653 σοι
3090 5600 3391 5671 τεκμήριον
3435 5596 3684 5665 ἀγάπης·
3735 5600 3849 5640 ποτε

2295 5698 2538 5765 ἐπόνησα
2584 5700 2673 5748 τὸν
2714 5694 2993 5764 ὀφθαλμὸν
3037 5692 3317 5764 σφοδρῶς,
3356 5690 3453 5743 καὶ
3485 5682 3732 5759 μνησθείς
3764 5694 3845 5729 σου

2295 5789 2523 5858 ἐποίησα
2547 5787 2633 5841 τὸν
2660 5786 2911 5859 σταυρὸν,
2935 5784 3029 5838 καὶ
3048 5780 3220 5837 εἶπον·
3246 5782 3415 5853 Κύριε
3453 5775 3625 5850 Ἰησοῦ
3644 5765 3846 5844 Χριοιὲι
