4110 6370
249 360 390 429 1693
1705 371 1866 432 ALL!

1968 370 2107 434 [ΗΑ.
2659 383 2666 386 ·
3382 375 3520 444 1694

245 477 342 532 διά
366 476 476 532 τῶν
523 475 700 549 εὐχῶν
729 473 894 532 αὑτοῦ
943 473 1097 533 ἴασαι
1147 490 1235 549 με·
1273 474 1480 541 εὐθέως
1523 477 1716 550 ῐάθην·
1746 480 1842 535 καὶ

1968 479 2290 536 Iicis:Amo
2341 489 2412 546 te,
2455 489 2508 536 et
2547 481 2746 550 credo;
2797 482 2939 553 quod
2984 484 3028 540 si
3067 484 3342 556 quidpiam
3375 488 3522 542 acci-

242 567 420 623 ταῦτα
451 568 552 640 μὲν
584 569 722 641 πρὸς
744 568 838 623 τὸν
869 569 1115 639 ἀδελφόν.

1968 572 2084 627 lerit
2134 571 2229 627 tibi
2275 571 2588 641 displicens,
2623 589 2726 629 non
2757 578 3157 644 perseverabis.
3189 577 3305 648 Ego
3338 589 3519 634 autem

245 660 512 729 quidquid
553 676 584 714 a
627 669 680 714 te
713 660 912 730 patiar,
940 674 1045 715 non
1086 670 1277 730 potero
1316 658 1495 716 divelli
1527 660 1597 716 ab
1641 673 1828 717 amore
1891 662 1991 717 tui.
2035 662 2200 719 Plen‘a
2243 664 2394 719 cordi
2485 673 2576 719 tuo
2623 665 2764 721 facta
2809 668 2940 722 lides
2979 679 3088 734 est,
3132 670 3268 725 nihil
3311 685 3397 725 me
3443 671 3521 724 Ia-

248 753 424 808 tuisse
446 767 634 807 eorum
664 767 783 820 ιμιαι
807 761 998 806 contra
1029 767 1115 807 me
1136 753 1341 809 dixisti.
1370 752 1510 820 Quin
1550 760 1606 808 et
1680 753 1936 808 distincte
2001 755 2254 824 cognovi,
2289 771 2430 826 quae,
2501 757 2616 822 ubi,
2654 758 2870 826 quibus,
2915 758 3211 814 elfutiveris
3261 777 3521 829 quaecun-

249 861 360 918 que
406 847 462 900 in
509 859 595 900 me
635 845 945 910 blaterasti;
999 859 1272 912 nunquam
1350 853 1532 898 tamen
1607 843 1900 914 quidquam
1942 847 2190 916 opposui,
2222 857 2315 901 aut
2345 847 2480 902 falsa
2531 862 2652 902 esse
2687 863 2808 916 quae
2845 847 3059 905 diceres
3089 848 3522 904 affirmavizNe-

249 951 360 1006 que
419 935 560 990 ullus
615 937 747 990 tnibi
806 936 1136 1004 persuadere
1192 937 1496 1004 quantaevis
1553 937 1834 1007 gravitatis
1903 948 2097 994 auctor
2145 941 2342 1008 potuit,
2394 950 2452 995 ut
2487 939 2574 995 vel
2629 941 2851 994 verbum
2921 941 3211 996 adversum
3260 953 3311 996 te
3345 943 3524 998 hisce-

253 1048 394 1087 retn.
425 1033 470 1086 E
502 1031 782 1086 contrario
807 1031 913 1085 dixi
946 1031 1198 1085 omnibus
1221 1033 1287 1084 de
1329 1041 1382 1086 te
1413 1050 1426 1086 :
1458 1031 1590 1098 Quae
1629 1031 1758 1086 dicit
1784 1047 1913 1088 vera
1951 1040 2096 1088 sunt.
2129 1033 2294 1104 quue
2321 1033 2422 1091 feci
2464 1051 2531 1090 ex
2557 1050 2686 1089 vera
2714 1035 2788 1088 tui
2828 1035 3093 1090 eliaritate
3121 1046 3179 1090 ut
3223 1037 3316 1092 tibi
3353 1037 3523 1104 grati-

256 1130 472 1192 ilearer,
511 1138 668 1196 teque
703 1134 762 1180 ut
813 1127 1048 1180 amicum
1118 1141 1297 1180 meum
1384 1127 1626 1196 mihique
1666 1127 2050 1183 cbarissimum
2082 1130 2262 1185 colere
2294 1140 2349 1185 ut
2391 1145 2641 1199 ceperam
2718 1144 3020 1200 pergerem.
3057 1127 3243 1199 Neque
3285 1143 3523 1199 unquam

255 1222 465 1278 cessavi
520 1221 792 1276 recordari
843 1221 919 1274 tui
968 1221 1020 1274 in
1105 1220 1242 1275 meis
1286 1221 1666 1288 orationibus,
1719 1232 1774 1278 et
1817 1233 1878 1278 ut
1949 1225 2184 1281 indicem
2253 1225 2688 1296 experimentum
2752 1240 3010 1280 arcanum
3071 1225 3231 1280 istius
3285 1238 3412 1292 erga
3473 1231 3527 1278 te

253 1311 660 1382 perseverantis
703 1310 755 1364 in
794 1325 881 1365 me
910 1310 1194 1366 cbaritatis
1239 1329 1253 1365 :
1288 1327 1412 1366 cum
1454 1312 1746 1383 aliquando
1777 1315 2082 1370 vehementi
2129 1317 2315 1372 dolore
2357 1332 2584 1372 vexarer
2651 1316 2816 1380 oculi,
2891 1329 3099 1370 memor
3147 1315 3222 1370 tui
3294 1313 3524 1368 formavi

253 1407 438 1461 crucis
477 1407 693 1476 signum
736 1420 902 1476 super
940 1415 1149 1474 partem
1193 1406 1558 1470 laborantem,
1582 1420 1637 1462 et
1671 1409 1780 1463 dixi
1819 1431 1830 1466 :
1878 1411 2105 1466 Domine
2145 1411 2272 1468 Jesu
2342 1413 2578 1478 Christe,
2623 1427 2717 1483 per
2755 1425 2947 1482 preces
3019 1410 3190 1481 ipsius
3237 1425 3366 1466 sana
3397 1425 3524 1474 me;

255 1507 312 1554 et
346 1499 531 1552 statim
581 1507 808 1553 sanatus
853 1513 996 1554 sum.
1043 1499 1111 1555 Et
1151 1499 1265 1554 hare
1310 1501 1527 1568 quidem
1571 1502 1643 1556 illi
1685 1503 1834 1557 fratri
1881 1514 2007 1560 tunc
2038 1505 2170 1560 dixi.

329 1591 410 1644 8’.
462 1590 772 1662 Ἑμέμνητο
797 1591 852 1644 δέ
877 1594 905 1644 6
935 1592 1206 1664 μακάριος
1235 1595 1379 1660 τινὸς
1409 1581 1840 1665 ἀπαγγείλαντος

257 1681 425 1736 αὑτὸν
462 1681 546 1736 ὅτι
586 1677 734 1751 εἶχεν
761 1681 939 1736 ἀϐϐᾶν
969 1684 1110 1737 πάνυ
1157 1685 1482 1756 πραότατον.
1517 1687 1628 1740 Καὶ
1659 1685 1844 1754 ἔλεγεν

2023 1597 2114 1652 IX.
2157 1597 2492 1653 Memorabat
2531 1599 2673 1652 idem
2701 1597 2895 1652 beatus
2919 1597 3205 1666 quemdam
3233 1596 3336 1652 sibi
3375 1609 3530 1651 retu-

1951 1690 2102 1757 lisse,
2139 1690 2394 1744 babuisse
2431 1705 2492 1746 se
2531 1689 2780 1744 abbatem
2809 1704 2971 1759 supra
3004 1695 3220 1743 modum
3255 1687 3442 1742 mitem
3475 1696 3532 1742 et

257 1775 344 1828 ὅτι
382 1773 472 1827 διὰ
508 1772 608 1845 τὴν
645 1773 890 1845 μεγάλην
920 1775 1087 1830 αὑτοῦ
1118 1777 1320 1848 ἀρετὴν
1353 1779 1448 1831 καὶ
1475 1777 1544 1830 τὰ
1581 1780 1784 1849 σημεῖα
1811 1777 1848 1832 ἃ.

1971 1780 2468 1836 nansuetissimum.
2531 1781 2881 1849 Addebatque
2933 1817 2949 1844 ,
2998 1789 3220 1848 propter
3272 1779 3532 1833 eximiam

259 1868 425 1931 ποιεῖ,
451 1861 598 1936 εἶχεν
622 1867 782 1919 αὑτὸν
803 1867 901 1936 ὅλη
925 1869 957 1938 ὴ
991 1866 1142 1940 χώρα
1167 1869 1242 1933 ὡς
1262 1869 1494 1938 ἄγγελον
1517 1869 1678 1922 Θεοῦ.
1707 1869 1847 1923 Ποτὲ

259 1955 356 2013 οὖν
381 1958 699 2029 ἐνεργηθεὶς
739 1976 824 2020 τις
863 1959 969 2012 ὑπὸ
994 1961 1090 2014 τοῦ
1122 1961 1320 2032 ἐχθροῦ
1351 1960 1522 2015 ἐλθὼν
1559 1960 1847 2032 ἐξύϐρισεν

261 2047 428 2102 αὑτὸν
457 2049 725 2118 ἐσχάτως,
748 2049 968 2103 πάντων
999 2051 1328 2122 ἱσταμένων,
1356 2052 1565 2106 καὶτοῦ
1597 2054 1850 2124 γέροντος

263 2141 580 2210 στήκοντος,
607 2142 702 2194 καὶ
731 2143 1092 2212 προσέχοντος
1117 2145 1197 2207 εἰς
1226 2144 1286 2196 τὸ
1311 2144 1488 2216 στόμα
1522 2145 1686 2198 αὐτοῦ
1712 2185 1725 2209 ,
1757 2147 1852 2198 καὶ⁵

260 2232 512 2300 λέγοντος
537 2249 550 2263 ·
601 2234 776 2304 Χάρις
811 2235 946 2288 Θεοῦ
999 2235 1078 2298 εἰς
1117 2235 1178 2288 τὸ
1233 2235 1407 2306 στόμα
1453 2254 1577 2300 σου,
1616 2237 1848 2304 ἀδελφέ.

275 2325 515 2379 Ἐκεινου
556 2325 613 2379 δὲ
666 2327 994 2396 μαινομένου
1037 2328 1133 2380 καὶ⁷
1182 2327 1454 2396 λέγοντος·
1492 2328 1622 2390 Ναὶ,
1679 2327 1850 2396 φαῦλε

263 2418 587 2486 φαγοπόλιε,
605 2416 777 2471 ταῦτα
803 2417 982 2486 λέγεις
1013 2418 1101 2472 ἵνα
1129 2417 1288 2490 δόξῃς
1329 2421 1505 2489 πρᾶος
1535 2418 1845 2486 φαίνεσθαι·

263 2509 413 2578 λέγει
443 2512 473 2564 6
512 2510 714 2580 γέρων·
751 2511 959 2574 Ὄντως
988 2510 1018 2563 δ
1056 2510 1258 2580 λέγεις,
1287 2511 1484 2580 ἀδελφέ
1520 2528 1644 2581 μου,
1677 2510 1852 2581 ἀληθῆ

261 2599 466 2670 λέγεις.
489 2601 646 2654 Μετὰ
671 2599 844 2656 ταῦτά
864 2618 947 2664 τις
967 2601 1254 2673 ἠρώτησεν
1279 2602 1440 2655 αὑτὸν
1461 2603 1658 2670 λέγων·
1692 2603 1853 2673 Ἀρτι

262 2693 368 2748 οὐκ
413 2693 760 2764 ἐταράχθης,
811 2693 1118 2761 καλόγερε;
1173 2695 1282 2748 Καὶ
1319 2694 1495 2763 λέγει·
1549 2693 1704 2756 Οὓκ,
1739 2693 1853 2748 ἀλλ’

263 2785 442 2848 οὕτως
473 2785 724 2856 ᾐσθόμην
759 2786 860 2854 τὴν
905 2785 1086 2858 ψυχήν
1119 2803 1222 2856 μου
1250 2825 1265 2851 ,
1293 2786 1369 2848 ὡς
1419 2787 1525 2840 ὑπὸ
1548 2786 1684 2840 Θεοῦ
1730 2803 1856 2840 σκε-

265 2876 535 2946 πομένην.
571 2877 682 2930 Καὶ
724 2875 911 2945 ἔλεγεν
951 2879 980 2931 6
1019 2877 1310 2950 μακάριος·
1351 2879 1600 2950 Ἀληθῶς
1645 2877 1852 2948 ὀφείλει

263 2985 352 3032 τις
371 2969 721 3040 εὐχαριστεῖν
751 2971 862 3031 τοῖς
893 2968 1181 3034 τοιούτοις.

341 3231 403 3290 1'.
457 3233 646 3302 Ἔλεγε
695 3233 860 3288 πάλιν
899 3235 930 3288 ὁ
979 3235 1279 3306 μακάριος,
1307 3233 1388 3287 ὅτι
1435 3234 1628 3296 Ὄντος
1669 3251 1773 3302 μου
1803 3235 1863 3288 ἐν

272 3327 625 3402 μοναστηρίῳ
655 3329 712 3380 ἐν
735 3328 776 3379 Τ
783 3319 897 3398 ύρῳ
931 3327 1038 3398 πρὸ
1080 3326 1176 3380 τοῦ
1211 3325 1447 3392 ἐξελθεῖν
1479 3343 1566 3396 με,
1620 3325 1866 3396 παρέϐα-

267 3419 363 3472 λεν
393 3419 526 3489 ἡμῖν
572 3435 657 3482 τις
695 3418 876 3488 γέρων
914 3418 1206 3486 ἐνάρετος·
1235 3417 1330 3470 καὶ
1374 3415 1864 3484 ἀναγινωσκόντων

273 3507 436 3580 ἡμῶν
485 3509 567 3570 εἰς
610 3507 680 3560 τά
732 3507 1137 3578 ἀποφθέγματα
1187 3506 1295 3560 τῶν
1343 3506 1519 3574 ἁγίων
1564 3505 1861 3576 γερόντων·

271 3600 469 3670 ἠγάπα
500 3599 557 3652 δὲ
581 3601 610 3653 6
654 3599 927 3670 μακάριος
957 3599 1190 3652 πάντοτε
1216 3597 1531 3670 διέρχεσθαι
1561 3595 1724 3658 αὐτὰ,
1767 3595 1863 3648 καὶ

275 3687 466 3760 σχεδὸν
499 3686 712 3740 ἔπνεεν·
757 3687 880 3740 ὃθεν
919 3687 1014 3740 καὶ
1053 3687 1112 3751 ἐξ
1145 3685 1326 3740 αὐτῶν
1365 3685 1730 3754 ἐκαρπώσατο
1759 3684 1866 3736 πᾶ-

273 3795 378 3832 σαν
409 3778 632 3848 ἀρετήν.
683 3776 814 3830 Ὅτε
845 3775 1080 3847 ἤλθομεν
1121 3779 1201 3840 εἰς
1245 3776 1338 3829 τὸν
1385 3776 1620 3846 γέροντα
1658 3775 1868 3828 ἐκεῖνον

272 3869 420 3941 πρὸς
461 3868 520 3922 ὃν
573 3867 822 3936 ἀπῆλθον
855 3869 905 3921 οἱ
939 3867 1170 3940 λῃσταὶ,
1229 3869 1326 3921 καὶ
1367 3863 1525 3921 εἷπον
1580 3866 1752 3936 αὐτῷ,
1785 3867 1867 3920 ὅτι

274 3961 464 4015 Πάντα
491 3961 561 4014 τά
583 3961 641 4014 ἐν
663 3963 731 4030 τῇ
757 3959 926 4030 κέλλῃ
959 3977 1056 4012 σου
1081 3959 1268 4012 λαϐεῖν
1296 3959 1546 4029 θέλομεν·
1580 3961 1674 4014 καὶ
1701 3958 1868 4012 αὐτοῦ

277 4053 552 4116 εἰπόντος·
589 4051 735 4105 ’ὐσα
765 4051 831 4104 ἂν
865 4050 996 4121 δοκῇ
1031 4051 1179 4120 ὑμῖν,
1203 4049 1390 4114 τέκνα,
1426 4049 1646 4102 λάϐετε·
1676 4049 1872 4104 ἔλαϐον

278 4142 339 4196 δὲ
379 4141 562 4196 πάντα
599 4143 696 4194 καὶ
725 4139 987 4210 ἀπῆλθον·
1021 4139 1118 4193 καὶ
1146 4139 1446 4192 κατέλιπον
1475 4137 1533 4191 ἐν
1573 4139 1868 4194 σκαλίδιον.

285 4231 354 4286 Ὀ
382 4227 478 4286 οὖν
512 4231 694 4302 γέρων
723 4229 904 4283 λαϐὼν
939 4229 1073 4281 αὐτὸ
1111 4229 1416 4294 ὑπεδίωξεν
1469 4229 1646 4282 ὀπίσω
1693 4229 1873 4283 αὐτῶν

281 4322 424 4394 βοῶν
461 4324 558 4376 καὶ
585 4321 782 4388 λέγων·
817 4320 1018 4384 Τέκνα,
1051 4319 1250 4374 λάϐετε
1278 4319 1306 4373 ὃ
1329 4319 1684 4375 ἐπελάθεσθε.
1716 4321 1782 4373 Οἱ
1813 4321 1872 4374 δέ

279 4415 666 4486 θαυμάσαντες
689 4413 780 4465 ἐπὶ
803 4411 1132 4483 ἀνεξικακίᾳ
1161 4411 1256 4465 τοῦ
1319 4412 1597 4482 γέροντος,
1625 4413 1874 4465 ἀποκατ-

1952 1871 2068 1942 ejus
2112 1873 2366 1926 virtutem
2427 1881 2480 1927 et
2521 1872 2674 1941 signa
2719 1883 2840 1938 quae
2881 1868 3154 1936 faciebat,
3208 1869 3452 1924 habitum
3499 1883 3530 1923 a

1953 1965 2162 2019 cunctis
2204 1979 2302 2032 per
2337 1971 2502 2016 totam
2541 1964 2687 2016 illam
2719 1962 2993 2031 regionem
3042 1969 3101 2014 ut
3132 1960 3382 2032 angelum
3414 1959 3528 2016 Dei.

1951 2055 2261 2127 Aliquando
2307 2057 2469 2124 igitur
2518 2054 2808 2109 instinctus
2852 2053 3121 2124 quispiam
3169 2068 3198 2106 a
3245 2034 3385 2107 male
3419 2053 3531 2108 iisn-

1953 2163 2115 2202 mone
2142 2145 2331 2200 adiens
2361 2159 2481 2198 eum
2511 2141 2825 2200 ftezlissimis
2856 2142 3160 2198 maledictis
3188 2150 3244 2196 et
3271 2143 3534 2198 conviciis

1953 2239 2234 2308 proscidit,
2289 2235 2474 2291 multis
2533 2235 2860 2302 astantibus,
2912 2249 3044 2288 sene
3098 2235 3215 2302 ipso
3260 2242 3436 2288 stante
3479 2243 3538 2289 et

1957 2329 2094 2384 llxos
2135 2328 2190 2382 in
2224 2342 2320 2382 ore
2349 2326 2598 2382 maledici
2643 2325 2830 2382 oculos
2881 2333 3104 2380 tenente
3127 2365 3141 2387 ,
3171 2325 3532 2394 dicenteque:

1955 2419 2140 2476 Gratia
2177 2419 2268 2474 Dei
2308 2419 2431 2474 beet
2475 2432 2536 2472 os
2596 2428 2742 2471 tuum
2799 2415 2984 2471 frater.
3027 2415 3124 2470 Illo
3157 2425 3338 2470 autem
3384 2425 3536 2470 tanto

1957 2513 2128 2582 magis
2176 2509 2357 2566 furere
2414 2519 2692 2580 pergente,
2745 2523 2810 2562 ac
2861 2504 3392 2560 dicentezprofeclo
3443 2523 3538 2561 ne-

1957 2619 2116 2676 quam
2149 2611 2203 2658 et
2233 2616 2398 2656 vorax
2434 2599 2690 2666 senicule,
2733 2599 2834 2654 hoc
2874 2597 3013 2652 dicis
3053 2607 3112 2650 ut
3157 2598 3392 2653 videaris
3439 2597 3540 2650 Ini-

1959 2696 2049 2750 tis.
2092 2691 2391 2762 Respoudit
2439 2705 2605 2746 senex
2642 2709 2655 2744 :
2693 2689 2764 2744 Ita
2815 2697 2899 2744 est
2939 2698 2997 2741 ut
3041 2687 3144 2749 ais,
3181 2685 3367 2740 frater.
3409 2685 3540 2739 Post

1959 2787 2075 2840 bare
2103 2783 2456 2850 interrogavit
2494 2780 2761 2848 quispiam
2798 2779 2971 2848 ipsum
3004 2795 3018 2831 :
3047 2775 3162 2829 Non
3207 2791 3266 2830 es
3294 2776 3541 2831 turbatus

1958 2875 2077 2930 lucc
2120 2873 2366 2938 audiens,
2410 2872 2552 2926 boue
2594 2870 2886 2925 seuex?Et
2917 2871 3190 2938 respondit
3217 2867 3397 2932 :,Non,
3445 2868 3543 2922 sed

1963 2967 2268 3024 Sentiebam
2301 2980 2424 3018 cum
2464 2973 2624 3033 gustu
2668 2963 2858 3017 intimo
2889 2964 3126 3016 animam
3169 2977 3341 3015 meam
3382 2958 3540 3026 quasi

1965 3059 2076 3114 Deo
2098 3057 2268 3128 ipsam
2295 3057 2508 3110 fovente
2538 3063 2863 3123 prolectant.
2889 3052 2957 3106 Et
2985 3054 3121 3106 dixit
3147 3053 3336 3108 beatus
3360 3068 3375 3104 :
3405 3049 3546 3106 Vere

1886 3129 1930 3188 α
1965 3149 2126 3204 debet
2153 3146 2274 3216 quis
2309 3145 2514 3216 gratias
2537 3160 2699 3214 agere
2729 3158 2826 3212 pro
2859 3143 3080 3198 talibus.

2035 3237 2102 3292 Χ.
2148 3239 2293 3293 Dixit
2323 3250 2508 3290 rursus
2546 3235 2774 3290 beatus:
2809 3233 2944 3288 Cum
2974 3247 3148 3288 essem
3183 3231 3234 3285 in
3273 3240 3548 3285 monaste-

1969 3334 2047 3386 rio
2081 3331 2222 3400 quod
2273 3336 2360 3384 est
2412 3327 2550 3396 apud
2583 3325 2810 3396 Tyrum,
2859 3333 3145 3393 antequam
3187 3324 3416 3390 exirem,
3454 3337 3548 3377 su-

1966 3423 2211 3494 pervenit
2241 3420 2396 3474 nobis
2436 3432 2602 3472 senex
2655 3417 2836 3469 multa:
2881 3415 3095 3471 virtutis
3132 3415 3271 3472 forte
3319 3413 3547 3484 legentiv

1969 3513 2069 3566 bus
2127 3509 2432 3566 sententias
2486 3506 2734 3572 Patrum,
2766 3523 2872 3578 qua
2931 3507 3020 3562 ille
3077 3510 3268 3562 beatus
3316 3506 3548 3560 lectione

1969 3601 2257 3671 plurimum
2291 3598 2684 3662 delectabatur,
2712 3598 3002 3652 identidem
3043 3597 3161 3652 illas
3192 3611 3545 3664 percurrens;

1968 3691 2210 3760 adeoque
2255 3689 2368 3744 fere
2401 3688 2536 3743 nihil
2581 3689 2683 3743 nisi
2736 3689 3036 3743 doctrinam
3083 3703 3150 3742 ex
3199 3689 3268 3741 iis
3300 3688 3549 3741 haustam

1968 3781 2181 3852 spirans
2214 3796 2230 3834 :
2269 3780 2409 3834 unde
2459 3779 2794 3834 uberrimum
2839 3777 3072 3833 fructum
3117 3777 3337 3842 tulerat,
3376 3777 3552 3846 plenae

1972 3872 2176 3928 notitiae
2225 3869 2564 3942 perfectique
2634 3871 2881 3926 exercitii
2953 3869 3214 3924 virtutum
3285 3870 3550 3924 omnium.

1971 3961 2200 4030 Quando
2232 3971 2414 4016 autem
2443 3962 2497 4016 in
2533 3961 2624 4016 illo
2648 3962 2838 4032 codice
2862 3963 3208 4032 pervenimus
3236 3960 3462 4030 legendo
3484 3961 3552 4014 ad

1965 4054 2148 4109 locum
2177 4053 2266 4107 ubi
2302 4062 2634 4106 memoratur
2675 4067 2840 4107 senex
2885 4053 2974 4107 ille
3007 4051 3072 4106 ad
3107 4067 3268 4122 quem
3311 4050 3553 4104 latrones

1972 4155 2239 4202 venerunt
2272 4153 2326 4200 et
2350 4146 2604 4200 dixerunt
2636 4143 2736 4214 ipsi
2769 4159 2785 4198 :
2821 4143 3016 4199 Omnia
3057 4159 3176 4212 quae
3209 4143 3262 4196 in
3301 4142 3434 4198 cella
3465 4149 3553 4196 tua

1973 4247 2098 4292 sunt
2124 4237 2372 4290 volumus
2415 4234 2650 4290 auferre.
2707 4233 2823 4301 Quo
2853 4246 3102 4303 prompte
3145 4234 3550 4303 respondente:

1972 4327 2148 4395 Agite,
2193 4340 2288 4394 per
2321 4339 2405 4378 me
2437 4324 2581 4391 licet,
2623 4325 2768 4394 quod
2795 4325 2976 4388 vultis,
3031 4319 3163 4389 lilii;
3218 4323 3290 4376 illi
3335 4332 3556 4376 strenue

1975 4419 2213 4473 corrasis
2269 4417 2538 4471 universis
2596 4416 2870 4470 abierunt.
2935 4416 3115 4470 Latuit
3171 4425 3348 4469 autem
3407 4416 3554 4482 ipsos

283 4509 530 4576 έστησαν
559 4505 738 4559 πάντα
762 4505 820 4556 ἐν
846 4503 922 4574 τῷ
949 4503 1147 4573 κελλίῳ
1174 4502 1474 4557 αὐτοῦοκαὶ
1505 4507 1866 4574 μετανοήσαν-

1979 4523 2144 4562 unum
2177 4508 2591 4562 instrumentum
2634 4507 2894 4561 rusticum
2938 4506 3204 4570 sarculus,
3238 4520 3347 4576 quo
3386 4518 3554 4560 senex

281 4617 376 4663 τες
403 4594 560 4652 εἷπον
585 4598 725 4668 πρὸς
751 4596 1038 4666 ἀλλήλους·
1080 4594 1320 4665 Ἀληθῶς
1341 4599 1369 4650 ὀ
1400 4595 1692 4667 ἄνθρωπος
1719 4589 1880 4661 οὗτος

282 4689 382 4743 τοῦ
423 4687 562 4742 Θεοῦ
598 4691 770 4742 ἐστιν.
830 4689 915 4750 Ὠς
949 4687 1270 4756 ἀνέγνωμεν
1309 4687 1497 4753 τοῦτο,
1542 4687 1694 4756 λέγει
1725 4689 1754 4740 6
1779 4687 1879 4756 γέ-

289 4795 423 4852 ρων·
459 4777 644 4848 Οἶδας,
675 4780 822 4834 ἀϐϐᾶ
850 4797 978 4848 μου·
1010 4777 1170 4832 τοῦτο
1197 4779 1258 4831 τὸ
1274 4779 1608 4850 ἀπόφθεγμα
1639 4781 1782 4834 πάνυ
1811 4795 1880 4850 με

283 4873 560 4942 ὼτέέλησε.
589 4873 746 4940 Λέγω
775 4870 944 4942 αὐτῷ⁸
990 4871 1136 4934 Πῶς,
1181 4871 1394 4942 Πάτερ;
1434 4873 1546 4924 Καὶ
1579 4870 1728 4939 λέγει
1767 4883 1880 4942 μοι·

291 4963 432 5018 [loss
465 4963 618 5026 ὄντος
651 4979 754 5032 μου
783 4964 841 5017 ἐν
871 4965 982 5026 τοῖς
1024 4961 1211 5025 τόποις
1249 4962 1392 5016 κατὰ
1428 4963 1523 5016 τὸν
1572 4962 1874 5034 Ἰορδάνην,

289 5057 536 5125 ἀνέγνων
564 5053 743 5120 τοῦτο,
775 5055 871 5110 καὶ
895 5053 1205 5125 ἐθαύμαζον
1225 5053 1318 5108 τὸν
1347 5054 1606 5126 γέροντα·
1636 5056 1736 5108 καὶ
1760 5053 1877 5106 ἐλε-

289 5165 410 5219 γον·
447 5149 621 5222 Κύριε
647 5189 662 5214 ,
694 5149 928 5214 ἀξίωσόν
969 5166 1036 5220 με
1077 5150 1199 5202 κατ’
1231 5149 1378 5220 ἴχνος
1407 5151 1616 5204 τούτων
1650 5151 1880 5206 ἀκολου-

292 5244 431 5308 θεῖν,
458 5244 487 5296 ὁ
515 5241 864 5308 καταξιώσας
899 5258 966 5312 με
995 5243 1078 5305 εἰς
1112 5241 1300 5312 σχῆμα
1327 5241 1507 5296 αὐτῶν
1539 5242 1737 5298 ἐλθεῖν.
1789 5244 1880 5308 Ὠς

292 5335 390 5392 οὖν
423 5334 570 5408 εἶχον
597 5336 689 5391 τὸν
719 5337 883 5390 πόθον
910 5335 1124 5399 τοῦτον,
1157 5337 1297 5406 μετά
1323 5334 1420 5389 δύο
1445 5337 1662 5406 ἡμέρας
1682 5336 1880 5410 λῃσταὶ

293 5427 685 5502 παρεγένοντο·
731 5427 829 5479 καὶ
873 5425 998 5478 ἐπεὶ
1055 5423 1325 5496 ἔκρουσαν
1381 5425 1481 5502 τὴν
1540 5425 1734 5496 θύραν,
1785 5427 1882 5480 καὶ

295 5521 470 5589 ἔγνων
517 5519 601 5572 ὅτι
643 5515 840 5589 λῃσταί
875 5517 1039 5578 εἰσιν,
1087 5510 1245 5568 εἶπον
1288 5515 1538 5588 ἐμαυτῷ·
1583 5518 1758 5588 Χάρις
1804 5517 1882 5584 τῷ

295 5610 438 5680 Θεῷ,
479 5609 588 5664 ἰδοὺ
619 5607 812 5676 καιρὸς
840 5604 1184 5672 ἐνδείξασθαι
1207 5606 1300 5660 τὸν
1320 5607 1534 5678 καρπὸν
1561 5606 1654 5660 τοῦ
1688 5606 1880 5664 πόθου.

311 5701 556 5770 ’Δνοιξας
577 5701 846 5774 ἐδεξάμην
868 5702 1066 5766 αὐτοὺς
1095 5700 1235 5771 μετά
1264 5700 1592 5772 ἱλαρότητος·
1623 5701 1716 5754 καὶ
1741 5699 1884 5770 asa;

299 5791 496 5868 λύχνον
535 5791 792 5868 ἠρξάμην
820 5792 1090 5850 δεικνύειν
1112 5792 1296 5858 αὐτοῖς
1333 5791 1402 5847 τά
1432 5791 1759 5865 πράγματα,
1793 5790 1882 5846 λέ-

1979 4597 2034 4652 ἰιι
2091 4612 2308 4662 manus,
2366 4605 2654 4666 postquam
2716 4597 2972 4663 advertit,
3021 4606 3258 4662 smnpto,
3313 4596 3558 4650 cucurrit

1978 4697 2102 4759 post
2141 4687 2378 4742 latrones
2411 4688 2652 4742 clamans
2695 4697 2750 4740 et
2798 4687 3022 4742 dicens:
3053 4687 3226 4740 Etiam
3271 4687 3372 4741 hoc
3414 4687 3559 4756 quod

1977 4795 2076 4836 vos
2113 4779 2288 4846 latuit,
2335 4780 2526 4834 tollite.
2579 4779 2660 4832 Illi
2706 4787 2888 4833 autem
2937 4778 3190 4832 admirati
3239 4779 3556 4848 patientiam

1979 4875 2146 4938 senis,
2175 4874 2466 4928 redeuntes
2513 4881 2870 4943 reposuerunt
2907 4873 2959 4926 in
2994 4872 3182 4927 cellula
3215 4885 3560 4942 quatennque

1979 4964 2353 5028 abstulerant;
2393 4974 2447 5018 et
2477 4965 2604 5018 tacti
2641 4963 2962 5033 poenitentia
3002 4963 3231 5016 invicem
3262 4963 3557 5016 dicebant:

1981 5053 2124 5110 Vere
2174 5057 2263 5110 hic
2299 5058 2459 5111 homo
2495 5056 2588 5110 Dei
2640 5065 2745 5110 est.
2785 5055 2900 5108 Hoc
2945 5070 3068 5108 cum
3103 5055 3442 5124 legissemus,
3482 5055 3562 5109 ait

1981 5161 2147 5204 senex
2177 5147 2296 5202 ille:
2328 5145 2496 5214 Scito,
2533 5147 2604 5200 mi
2629 5147 2788 5212 abba,
2818 5148 2920 5199 hoc
2955 5147 3084 5200 mihi
3122 5147 3246 5201 boni
3272 5145 3446 5200 Patris
3474 5145 3559 5200 di-

1981 5252 2126 5298 ctum
2152 5253 2206 5297 et
2241 5243 2441 5298 factum
2486 5242 2772 5311 insigniter
2800 5241 3093 5311 profuisse.
3125 5241 3427 5309 Quomodo,
3478 5240 3562 5294 in-

1981 5348 2165 5404 quam,
2226 5331 2428 5387 Pater?
2483 5333 2548 5386 Et
2594 5332 2685 5387 ille
2732 5333 2964 5402 subjecit
2995 5351 3008 5388 :
3039 5333 3174 5388 Cum
3229 5345 3404 5387 essem
3457 5330 3562 5385 ali-

1983 5425 2200 5493 quando
2239 5423 2294 5477 in
2322 5423 2456 5478 locis
2488 5424 2554 5476 ad
2577 5421 2870 5478 Iordanem
2919 5437 3107 5477 recens
3135 5436 3162 5474 a
3196 5419 3425 5473 lectione
3459 5421 3562 5473 bu~

1979 5515 2069 5586 jus
2105 5515 2358 5584 exempli,
2403 5523 2460 5568 et
2502 5515 2694 5584 plenus
2737 5515 3094 5568 admiratione
3125 5509 3344 5565 virtutis
3390 5509 3557 5577 senis,

1984 5607 2116 5668 dixi,
2149 5607 2310 5661 Deum
2335 5621 2499 5660 orans
2530 5623 2543 5660 :
2578 5607 2805 5676 Dignarc
2836 5619 2940 5669 me,
2979 5602 3224 5667 Domine,
3259 5601 3564 5658 imitatione

1989 5696 2178 5750 talium
2203 5695 2444 5762 Patrum,
2477 5709 2706 5764 quorum
2745 5691 2873 5746 mihi
2904 5688 3222 5745 concessisti
3256 5687 3562 5744 institutum

1987 5787 2226 5856 profiteri
2274 5801 2338 5840 ac
2374 5793 2574 5840 vestem
2625 5782 2869 5838 induere.
2925 5777 3052 5835 Post
3078 5779 3212 5836 duos
3246 5778 3361 5836 dies
3399 5792 3560 5850 quam
