4110 6362
497 339 629 401 1695
1821 344 2102 405 ΖΟΞΙΜᾹΞ

2204 342 2473 403 BBATIS
3621 341 3763 409 1696

492 455 544 507 in
576 445 948 512 eo.desiderto
979 453 1208 523 fueram,
1254 464 1522 511 venerunt
1568 454 1638 511 ad
1683 470 1772 512 me
1806 457 2071 512 latrones.

2203 473 2288 510 ’ων
2313 456 2520 521 αὐτοῖς·
2554 457 2647 531 Μὴ
2683 457 3028 531 θορυϐεῖσθε·
3064 457 3304 513 πιστεύω
3332 460 3392 512 έν
3422 459 3633 531 Κυρίῳ,
3672 462 3764 515 ὅτι

491 545 635 610 Quos
663 544 937 615 pulsantes
969 544 1219 616 januam,
1264 558 1385 600 cum
1424 545 1516 615 qui
1560 554 1744 602 essent
1785 551 2072 617 cognovis-

2203 552 2230 603 ὑ
2265 551 2340 623 μὴ
2373 550 2568 623 κρύψω
2600 552 2695 623 ἀφ’
2729 552 2882 622 ὑμῶν
2910 570 2985 606 τι.
3025 552 3137 606 Καὶ
3166 551 3390 619 λέγουσί
3420 567 3533 621 μοι·
3569 553 3765 622 Ἔχεις

491 652 628 701 sem,
660 637 770 690 dixi
800 638 929 691 mihi
966 637 1066 706 ipsi
1098 656 1112 691 :
1143 635 1254 691 Deo
1291 638 1496 709 gratias
1525 656 1539 692 :
1573 653 1643 693 en
1676 647 1888 707 tempus
1920 653 2074 693 mon-

2208 641 2416 711 ρυσίον;
2447 641 2608 710 Λέγω
2631 643 2836 707 αὐτοῖς’
2859 644 2990 705 Ναὶ,
3016 642 3125 714 ἔχω
3152 642 3279 714 τρία
3301 642 3634 711 νομίσματα.
3653 642 3768 696 Καὶ

492 728 701 782 strandi
732 727 965 782 fructum
1000 729 1276 786 desiderii.
1330 730 1533 797 Aperto
1574 731 1738 801 igitur
1785 730 1929 785 ostio
1975 746 2069 786 ex-

2203 733 2359 801 Lvctﬁat
2399 733 2594 798 σκεῦος
2623 733 2938 804 ἔμπροσθεν
2962 733 3163 795 αὐτῶν.
3201 734 3295 787 καὶ
3332 732 3591 796 λαϐόντες
3621 730 3770 787 αὐτὰ

493 820 609 886 cepi
642 835 733 873 eos
759 819 915 873 hilari
951 819 1124 884 vultu,
1167 828 1222 874 et
1255 834 1481 874 accensa
1521 822 1743 875 candela
1779 822 1893 888 cepi
1921 836 2074 875 mun-

2203 825 2413 896 ,πῆλθον
2465 828 2580 896 μετ’
2628 828 2873 896 είρήνης.
2937 825 3081 894 Ἐγὼ
3131 825 3187 879 δὲ
3235 826 3768 896 χαριεντισάμενος,

495 925 669 966 strare
712 913 841 981 ipsis
868 927 953 966 res
983 926 1173 967 omnes
1203 928 1369 978 meas,
1397 913 1585 967 dicens
1616 954 1629 967 .
1656 912 1732 968 Ne
1761 912 2018 968 dubitetis
2055 930 2070 968 :

495 1000 706 1054 conﬁdo
748 1002 799 1055 iu
849 1002 1099 1068 Domino,
1152 1017 1240 1056 me
1282 1002 1413 1056 nihil
1454 1004 1603 1059 vobis
1654 1004 2071 1060 absconsurum.

500 1092 689 1147 Dicunt
737 1093 808 1147 illi
863 1094 994 1148 mihi
1058 1112 1071 1148 :
1129 1096 1381 1150 Habesne
1426 1095 1653 1148 aurum?
1690 1092 1790 1161 Ita,
1828 1095 2074 1165 inquam.

502 1183 674 1238 habeo
705 1199 954 1239 nummos
990 1197 1120 1241 tres.
1152 1186 1219 1241 Et
1253 1188 1439 1256 aperui
1467 1200 1652 1241 coram
1689 1185 1768 1240 eis
1802 1185 2078 1256 capsulam

501 1274 552 1326 in
598 1289 701 1342 qua
732 1283 892 1328 erant
921 1277 1148 1331 nummi.
1176 1276 1249 1330 iis
1298 1275 1373 1330 illi
1400 1276 1638 1345 acceptis
1679 1275 1735 1329 in
1763 1290 1894 1345 pace
1931 1276 2082 1331 abie-

503 1374 646 1418 runt.
680 1365 753 1419 Ea
786 1381 908 1421 cum
942 1381 1104 1421 senex
1136 1370 1385 1432 dixisset,
1412 1367 1616 1438 subjeci
1656 1382 1755 1436 ego
1785 1367 2032 1422 arridens
2062 1385 2077 1422 :

2179 911 2331 969 εἷπον
2371 916 2510 985 πρὸς
2549 915 2730 968 αὐτόν·
2790 915 3192 986 Ὑπέστρεψαν,
3237 914 3313 979 ὡς
3342 916 3438 967 καὶ
3477 916 3528 967 oi
3566 915 3656 966 ἐπὶ
3687 912 3771 982 τῷ

2175 1004 2427 1076 γέροντι;
2456 1006 2605 1073 λέγει
2635 1023 2725 1076 μοι
2755 1006 2977 1070 εὐθέως·
3012 1008 3086 1059 Οὐ
3127 1006 3202 1078 μὴ
3231 1007 3435 1076 ποιήσῃ
3460 1008 3489 1057 ό
3514 1005 3671 1068 326;.-
3702 1005 3766 1057 ού

2175 1099 2287 1167 γὰρ
2313 1098 2473 1153 τοῦτο
2491 1098 2681 1169 ἤθελον
2715 1098 2802 1151 ἵνα
2824 1098 3234 1168 ὑποστρέψωσι·
3265 1098 3359 1151 καὶ
3385 1097 3592 1165 ἔλεγεν·
3633 1096 3766 1148 Ἰδοὺ

2176 1191 2206 1242 6
2256 1188 2421 1252 πόθος
2469 1189 2564 1242 τοῦ
2611 1189 2866 1261 γέροντος
2906 1190 2939 1260 ὴ
2996 1189 3288 1258 ἑτοιμασία
3322 1187 3487 1241 αὑτοῦ
3521 1188 3576 1239 τί
3618 1185 3769 1255 αὐτῷ

2179 1279 2473 1350 παρέσχεν·
2498 1280 2582 1333 ὅτι
2604 1282 2665 1334 οὐ
2690 1281 2851 1350 μόνον
2869 1281 2969 1334 οὐκ
2990 1280 3259 1351 ἐλυπήθη,
3284 1279 3424 1333 ἀλλὰ
3449 1281 3547 1333 καὶ
3566 1279 3765 1350 ἐχάρη,

2178 1366 2256 1432 ὡς
2283 1369 2528 1423 τοιούτου
2558 1370 2766 1440 ἀγαθοῦ
2799 1371 3180 1437 καταξιωθείς.

502 1461 869 1516 Iledieruutne
921 1463 1245 1531 pmuitentes
1278 1461 1516 1519 latrones
1546 1473 1603 1518 ut
1641 1464 1693 1518 in
1756 1462 1924 1533 priori
1966 1462 2115 1517 senis
2152 1477 2312 1531 quem
2384 1464 2689 1520 imitabaris
2735 1466 2902 1521 casu?
2947 1465 3210 1521 Celeriter
3256 1465 3539 1534 reposuit:
3574 1462 3650 1518 Ne
3695 1463 3775 1517 si-

501 1552 635 1605 verit
685 1552 788 1605 hoc
837 1553 1144 1608 Deusznec
1188 1555 1333 1609 enim
1385 1555 1527 1610 volui
1576 1557 1756 1611 redire
1801 1554 1966 1621 ipsos.
2009 1551 2077 1607 Et
2113 1554 2320 1609 addidit
2378 1555 2770 1612 Zosimas:Eu
2830 1557 3157 1612 desiderium
3182 1558 3332 1612 senis
3360 1557 3517 1627 hujus
3542 1568 3597 1610 et
3629 1571 3773 1626 pra:-

501 1644 711 1710 paratio
756 1644 921 1699 animi
967 1655 1225 1714 quantum
1278 1646 1350 1700 illi
1410 1646 1634 1717 profuit,
1684 1645 1922 1701 eiiiciens
1964 1661 2068 1700 non
2108 1645 2281 1700 solum
2323 1662 2390 1700 ue
2452 1648 2761 1703 tristaretur
2793 1648 2848 1702 in
2883 1658 2992 1702 tam
3026 1648 3178 1718 gravi
3242 1662 3394 1710 casu,
3426 1649 3520 1702 sed
3554 1648 3778 1701 lactare-

506 1749 593 1790 tur
613 1740 794 1803 etiam,
839 1741 1042 1811 ingenti
1086 1756 1143 1796 se
1173 1741 1324 1796 lucro
1364 1752 1584 1796 auctum
1628 1742 1949 1797 existimans
1983 1756 2080 1811 per
2113 1743 2382 1812 iacturam
2413 1742 2597 1797 talem.

574 1831 664 1887 XI.
705 1832 957 1889 Narravit
999 1835 1129 1890 mihi
1163 1837 1351 1892 beatus
1400 1836 1625 1905 Sergius
1669 1836 1724 1891 in
1773 1837 1921 1893 hunc
1968 1852 2082 1892 mo-

2256 1836 2362 1889 IA'.
2407 1834 2716 1908 Διηγήσατό
2757 1852 2848 1906 μοι
2883 1835 3157 1908 μακάριος
3188 1835 3419 1907 Σέργιος
3448 1834 3621 1897 οὕτως
3645 1872 3661 1896 ,
3692 1834 3787 1890 ὅτι

505 1926 629 1979 dum
661 1943 674 1980 :
706 1926 1011 1994 Aliquando
1034 1928 1138 1982 iter
1163 1928 1450 1997 agentibus
1477 1927 1655 1993 nobis,
1680 1929 1907 1998 contigit
1942 1944 1972 1984 a
1999 1930 2086 1984 via

505 2018 760 2071 aberrare
791 2018 863 2072 ita
890 2026 947 2071 ut
976 2026 1180 2073 temere
1211 2030 1473 2085 vagantes
1504 2018 1676 2088 ignari
1707 2018 2088 2074 deveniremus

508 2109 559 2161 in
603 2122 805 2179 agrum,
846 2109 1139 2176 consitum,
1189 2118 1245 2165 et
1283 2119 1401 2165 sata
1435 2110 1681 2179 quaedam
1735 2109 2088 2165 conculcare-

509 2215 649 2264 ntus,
678 2214 783 2268 quo
812 2199 1191 2255 animadverso
1221 2201 1366 2270 cepit
1391 2200 1630 2270 agricola
1664 2201 1783 2271 cuja
1830 2216 1918 2257 res
1949 2212 2112 2268 erat,-

482 2291 918 2355 yehementibus
952 2306 1051 2347 uos
1080 2292 1380 2348 maledictis
1408 2294 1486 2347 ira
1514 2291 1732 2348 fervens
1761 2293 2037 2350 incessere
2073 2311 2088 2349 :

511 2381 640 2448 Vos,
675 2384 945 2453 inquiens,
991 2385 1265 2453 monachi,
1290 2385 1336 2440 si
1373 2385 1542 2440 Deum
1570 2385 1860 2451 timeretis,
1889 2396 1944 2441 et
1969 2400 2091 2440 eum

511 2474 783 2530 haberetis
836 2484 964 2531 ante
1010 2475 1217 2543 oculos,
1270 2491 1376 2531 non
1425 2477 1541 2531 haec
1581 2476 1768 2548 utique
1818 2477 2092 2532 faceretis.

510 2567 751 2622 Audiens
791 2568 942 2632 talia,
988 2568 1175 2622 statim
1210 2569 1287 2623 ait
1313 2569 1468 2625 nobis
1493 2579 1713 2624 sanctus
1739 2586 1752 2623 :
1782 2567 1885 2624 Per
1916 2568 2098 2623 Domi-

513 2674 639 2712 num
678 2673 839 2713 nemo
887 2658 1157 2728 loquatur.
1210 2658 1329 2730 Ipse
1366 2674 1527 2729 porro
1576 2660 1853 2728 respondit
1892 2659 2098 2715 rustico

512 2766 637 2804 cum
667 2751 1080 2805 mansuetudine
1108 2748 1283 2806 :Vere
1319 2751 1478 2815 dicis,
1509 2750 1605 2804 fili.
1635 2751 1691 2805 Si
1723 2751 1866 2805 enim
1901 2750 1996 2805 Dei
2029 2752 2097 2804 ti-

514 2857 631 2895 mor
676 2850 821 2896 esset
865 2843 917 2894 in
972 2841 1150 2905 nobis,
1198 2841 1341 2895 haud
1385 2857 1670 2911 ageremus
1698 2824 1819 2909 qua;
1853 2841 1946 2896 tibi
1976 2841 2101 2911 jure

514 2934 816 3002 displicent.
860 2933 1043 2987 Nihilo
1079 2933 1170 2987 ille
1217 2934 1395 2988 secius
1438 2949 1628 2989 rursus
1659 2949 1780 2987 cum
1819 2933 2100 2987 stomacho

514 3025 875 3081 contumelias
900 3025 1151 3096 ingessit,
1183 3024 1489 3095 iterumque
1521 3025 1666 3078 mitis
1695 3039 1857 3079 senex
1892 3040 1906 3077 :
1936 3021 2100 3089 Vera,

516 3118 710 3187 inquit,
748 3117 1018 3187 loqueris;
1058 3117 1103 3171 si
1140 3116 1389 3170 monachi
1429 3130 1693 3181 essemus,
1729 3115 1925 3170 talibus
1954 3117 2083 3169 abs-

519 3210 839 3263 tineretnus.
891 3207 1117 3273 Tamen,
1143 3222 1262 3273 oro,
1302 3221 1398 3276 per
1425 3205 1736 3274 Dominum,
1756 3207 1976 3275 ignosce
2008 3220 2100 3260 tto-
2128 3192 2172 3248 (ἶ

516 3298 601 3354 bis
628 3299 770 3368 quod
813 3299 1184 3367 imprudentes
1215 3301 1579 3366 peccavimus.
1624 3297 1696 3351 Ea
1736 3296 1949 3352 tandem
1980 3313 2095 3352 mo-

515 3390 687 3445 destia
723 3390 980 3444 deliuitus
1023 3389 1283 3457 agricola,
1319 3390 1549 3460 projecit
1585 3405 1646 3444 se
1680 3390 1746 3443 ad
1793 3390 1956 3459 pedes
1985 3388 2104 3457 ejus

516 3482 702 3537 dicens
732 3500 744 3536 :
775 3469 944 3537 Parce
974 3481 1105 3535 ntihi
1146 3489 1349 3536 temere
1381 3481 1579 3548 locuto,
1608 3481 1771 3548 abba,
1799 3495 1894 3548 per
1919 3479 2105 3535 Domi—

518 3589 669 3639 num,
716 3589 909 3643 meque
952 3575 1062 3629 tuis
1114 3574 1387 3629 volentem
1439 3589 1693 3643 aggrega.
1746 3572 2104 3641 Addebatque

519 3665 713 3721 beatus
744 3665 1011 3738 Sergius:
1046 3664 1256 3719 Revera
1294 3667 1381 3720 bic
1421 3666 1584 3720 homo
1620 3679 1719 3719 nos
1756 3674 1975 3719 secutus
2019 3679 2108 3717 sa-

518 3771 670 3810 crum
702 3756 946 3811 habitum
976 3755 1228 3824 sumpsit.
1266 3755 1424 3811 Unde
1470 3754 1832 3825 sultjungebat
1877 3753 1993 3807 haec
2025 3766 2110 3804 re-

520 3845 704 3902 ferens
731 3846 1011 3902 Zosimas:
1047 3847 1123 3899 En
1155 3845 1514 3901 mansuetudo
1557 3856 1611 3899 et
1668 3842 1907 3913 p'robitas
1932 3842 2111 3898 sancti

521 3939 622 3993 viri
652 3947 932 4007 quantum,
964 3937 1074 3994 Deo
1096 3936 1340 4005 iuvante,
1370 3937 1624 4007 potuerit,
1657 3944 2009 4001 convertens,
2060 3944 2116 3990 et

2189 1926 2329 1980 Πότε
2377 1927 2671 1981 ὁδευόντων
2719 1925 2879 1997 ἡμῶν
2916 1928 3057 1997 μετᾶ
3092 1944 3239 1991 τινος
3284 1927 3444 1994 ἁγίου
3493 1926 3785 1997 γέροντος,

2190 2018 2577 2090 ἐπλανήθημεν
2607 2019 2705 2088 τῆς
2732 2017 2876 2071 ὀδοῦ·
2909 2018 3005 2071 καὶ
3034 2018 3172 2089 μηδὲ
3210 2018 3590 2087 γινωσκόντων
3618 2018 3794 2087 ἡμῶν

2190 2107 2295 2163 ποῦ
2319 2107 2684 2182 πορευόμεθα,
2715 2108 3031 2181 ηὑρέθημεν
3053 2112 3132 2173 είς
3158 2109 3227 2164 τὰ
3253 2110 3518 2180 σπόριμα·
3537 2109 3632 2163 καὶ
3649 2125 3791 2162 κατ-

2190 2205 2550 2274 επατήσαμεν
2597 2203 2756 2271 ὀλίγα
2797 2203 2905 2257 τῶν
2937 2201 3247 2273 σπορίμων,
3292 2202 3628 2271 Αίσθόμενος
3655 2202 3717 2255 δὲ
3748 2202 3783 2255 6

2192 2295 2460 2365 γεωργὸς,
2488 2294 2693 2365 ἤρξατο
2722 2294 2972 2366 ὑϐρίζειν
3003 2294 3175 2349 πολλὰ
3207 2294 3326 2365 μετ’
3361 2293 3785 2365 ὁργῆς·Ὑμεῖς,

2197 2387 2444 2459 μοναχοὶ,
2479 2388 2527 2440 εί
2560 2387 2807 2458 ὲφοϐεἳτε
2840 2388 2931 2441 τὸν
2964 2387 3119 2452 Θεὸν,
3147 2388 3244 2440 καὶ
3268 2386 3444 2456 εἴχετε
3475 2385 3642 2440 αὐτὸν
3677 2385 3792 2456 πρὸ

2194 2478 2511 2550 ὀφθαλμῶν,
2540 2479 2644 2533 οὐκ
2673 2477 2739 2533 ἂν
2770 2480 3007 2532 ἐποιεῖτε
3042 2476 3223 2531 τοῦτο.
3264 2475 3480 2539 Εὐθέως
3509 2470 3602 2528 οῦν
3633 2474 3790 2541 λέγει

2195 2574 2330 2644 ἡμῖν
2357 2573 2386 2624 6
2419 2573 2592 2640 ἆγιος·
2640 2570 2740 2623 Διὰ
2778 2570 2868 2623 τὴν
2917 2568 3124 2640 Κύριον
3160 2567 3354 2640 μηδεὶς
3387 2567 3622 2638 λαλήσῃ.
3674 2567 3789 2620 Καὶ

2198 2665 2384 2735 ἔλεγεν
2407 2663 2557 2735 αὺτῷ
2589 2662 2729 2734 μετὰ
2752 2663 3081 2733 πραότητος·
3114 2660 3311 2722 Καλῶς
3336 2658 3542 2726 λέγεις,
3573 2658 3787 2711 τέκνον·

2198 2759 2247 2813 si
2274 2757 2383 2829 γὰρ
2413 2757 2635 2827 εἴχομεν
2669 2755 2760 2807 τὸν
2792 2752 2958 2823 φόϐον
2990 2750 3086 2806 τοῦ
3122 2750 3283 2813 Θεοῦ,
3316 2750 3421 2805 οὐκ
3452 2749 3519 2804 ἂν
3569 2746 3794 2802 ἐποιοῦ-

2204 2865 2302 2919 μεν
2330 2845 2526 2900 ταῦτα.
2564 2845 2732 2898 Πάλιν
2770 2845 2981 2906 ἐκεῖνος
3021 2841 3212 2914 ὕϐριζε
3255 2840 3398 2912 μετὰ
3442 2839 3640 2912 θυμοῦ·
3691 2840 3794 2892 καὶ

2202 2938 2364 2993 πάλιν
2386 2940 2414 2991 6
2442 2938 2623 3010 γέρων
2652 2938 2857 3005 ἔλεγεν·
2904 2936 2993 2987 Ἐν
3019 2934 3248 3005 ἀληθείᾳ
3272 2933 3455 3002 λέγεις
3490 2950 3504 2964 ·
3529 2934 3580 2986 εί
3609 2932 3799 3002 ἥμεθα

2206 3030 2450 3102 μοναχοὶ,
2486 3028 2645 3082 τοῦτο
2675 3027 2776 3080 οὐκ
2805 3024 3129 3095 ἐποιοῦμεν·
3164 3023 3303 3078 ἀλλὰ
3332 3023 3422 3077 διὰ
3441 3022 3797 3094 τὺνΚύριον,

2206 3119 2562 3192 συγχώρησον
2612 3119 2744 3187 ἡμῖν
2801 3116 2883 3168 ὅτι
2933 3113 3277 3185 ἡμάρτομεν.
3350 3112 3680 3180 Ἐκπλαγεὶς
3748 3111 3799 3166 δ’

2205 3210 2413 3270 ἐκεῖνος
2458 3207 2556 3261 καὶ
2605 3205 2777 3258 ἐλθὼν
2815 3204 3043 3275 ἔρριψεν
3090 3203 3284 3257 ἑαυτὸν
3328 3205 3409 3267 είς
3445 3203 3572 3265 τοὺς
3625 3201 3802 3264 πόδας

2209 3298 2397 3362 αὐτοῦ,
2427 3298 2622 3365 λέγων·
2652 3295 2982 3366 Συχὼρησόν
3007 3312 3119 3365 μοι,
3146 3293 3314 3356 ἀϐϐἄ,
3341 3292 3431 3347 διὰ
3451 3293 3542 3346 τὸν
3565 3291 3801 3363 Κύριον,

2212 3390 2305 3443 καὶ
2333 3387 2464 3442 λάϐε
2489 3388 2605 3457 μεθ’
2636 3385 2813 3457 ὑμῶν.
2847 3385 2957 3439 Καὶ
2978 3384 3164 3453 ἔλεγεν
3190 3385 3218 3435 6
3252 3382 3521 3453 μακάριος
3546 3381 3801 3450 Σέργιος,

2210 3480 2293 3533 ὅτι
2320 3480 2410 3533 Ἑν
2439 3477 2670 3548 ἀληθείᾳ
2719 3479 2836 3548 μεθ’
2885 3478 3045 3549 ἡμῶν
3091 3476 3429 3547 ἠκολούθησε
3455 3514 3470 3538 ,
3504 3475 3600 3529 καὶ
3628 3473 3806 3528 ἐλθὼν

2212 3568 2373 3623 έλαϐε
2418 3568 2479 3622 τὸ
2526 3568 2737 3638 σχῆμα.
2785 3568 2897 3620 Καὶ
2934 3566 3125 3635 ἔλεγεν
3165 3569 3194 3621 6
3245 3567 3538 3638 μακάριος·
3597 3566 3731 3618 Ἰδοὺ
3764 3567 3799 3635 ὴ

2211 3660 2458 3733 πραότης
2490 3662 2584 3713 καὶ
2627 3660 2689 3712 τὸ
2713 3659 2916 3729 ἀληθὲς
2955 3658 3051 3713 τοῦ
3081 3659 3240 3728 ἁγίου
3284 3658 3337 3712 τί
3375 3658 3613 3727 ἠδυνήθη
3658 3655 3808 3726 μετὰ

2210 3750 2344 3804 Θεὸν
2387 3750 2633 3819 ποιῆσαι·
2688 3750 2784 3803 καὶ
2834 3748 3009 3803 σῶσαι
3039 3747 3219 3819 ψυχὴν
3265 3748 3385 3802 κατ’
3432 3747 3616 3800 εἰκόνα
3664 3745 3806 3799 Θεοῦ

2215 3841 2557 3913 ποιηθεῖσαν,
2591 3840 2658 3911 ἢν
2701 3839 2850 3893 θέλει
2876 3842 2904 3892 6
2942 3840 3077 3904 Θεὸς
3108 3839 3311 3907 μᾶλλον
3353 3839 3387 3910 ἢ
3436 3839 3666 3910 μυρίους
3716 3836 3812 3891 κό-

2219 3948 2390 4002 σμους
2426 3929 2568 4000 μετὰ
2589 3928 2698 3982 τῶν
2731 3929 3035 4000 χρημάτων
3065 3927 3269 3983 αὐτῶν.

526 4034 581 4089 in
613 4033 802 4088 salutis
837 4033 979 4087 viam
1012 4033 1275 4089 inducens
1304 4033 1544 4088 animant
1587 4033 1656 4087 ad
1687 4032 1781 4087 Dei
1850 4030 2140 4101 imaginem
2180 4036 2444 4091 creatam,
2507 4039 2671 4095 quam
2726 4023 2950 4094 praciert
3026 4023 3170 4078 Deus
3218 4020 3521 4076 innumeris
3566 4018 3810 4083 mundis,

523 4147 647 4187 cum
679 4129 889 4187 cunctis
916 4129 1121 4187 divitiis
1148 4131 1414 4201 ipsorum.

592 4221 712 4278 XII.
747 4222 893 4278 Dixit
937 4218 1523 4293 praeterea:Commisi
1567 4221 1856 4293 aliquando
1889 4219 2101 4277 libellos

525 4315 913 4373 describendos
961 4318 1172 4371 cuidam
1225 4316 1540 4372 amanuensi
1581 4314 1636 4370 in
1696 4315 1885 4386 primis
1930 4313 2102 4384 perito

526 4407 929 4479 calligrapltica:
973 4410 1130 4466 artis.
1185 4408 1253 4464 Et
1301 4409 1390 4463 ille
1431 4407 1675 4463 absoluta
1715 4406 2104 4474 descriptione,

2274 4217 2377 4272 IB'.
2416 4213 2530 4269 Καὶ
2577 4212 2785 4280 ιλεγεν,
2837 4210 2919 4264 ὅτι
2970 4207 3106 4263 Ποτὲ
3159 4203 3402 4272 ὑπέταξα
3449 4204 3628 4274 βιϐλία
3683 4206 3814 4260 τινὰ

2207 4309 2567 4378 καλλιγράφῳ
2614 4305 2828 4373 εὐφυεῖ·
2874 4303 2970 4356 καὶ
3001 4299 3142 4371 μετὰ
3185 4299 3249 4352 τὸ
3289 4298 3509 4351 τελέσαι
3553 4298 3625 4351 τὰ
3667 4301 3814 4369 γρά.

2210 4401 2383 4471 ψιμα,
2417 4399 2636 4468 πέμπει
2656 4395 2753 4451 καὶ
2774 4393 2926 4463 λέγει
2957 4408 3073 4464 μοι·
3098 4391 3236 4444 Ἰδοὺ
3263 4389 3505 4443 ἐτέλεσα·
3541 4389 3633 4442 ὅτε
3655 4392 3814 4443 δοκεί

528 4499 677 4555 misit
733 4501 800 4555 ad
845 4517 930 4557 me
981 4503 1075 4572 qui
1132 4501 1432 4567 nuntiaret,
1475 4498 1774 4569 perfectum
1819 4497 1932 4566 jattt
1974 4511 2102 4566 opus

2216 4510 2298 4547 σοι
2335 4490 2552 4562 πέμψον
2589 4489 2685 4543 καὶ
2711 4486 2844 4542 λάϐε
2871 4486 3034 4539 αὐτὰ.
3068 4481 3331 4551 ’Δδελφδς
3363 4481 3422 4535 δέ
3449 4498 3535 4545 τις
3559 4481 3811 4547 ἀκούσας

526 4607 650 4648 esse
679 4609 694 4647 :
726 4593 1019 4658 mitterent,
1062 4594 1106 4649 si
1150 4595 1446 4658 videretur,
1488 4592 1579 4661 qui
1625 4591 1828 4661 scripta
1872 4589 2107 4645 tolleret.

531 4682 631 4739 llis
670 4684 842 4742 frater
871 4686 1093 4756 quidam
1127 4686 1347 4750 auditis,
1395 4683 1530 4739 adiit
1578 4682 1820 4752 iniussus
1854 4681 2111 4749 calllgra-

530 4778 721 4847 phum,
762 4780 1004 4844 nomine,
1033 4790 1093 4833 ut
1143 4778 1282 4834 falso
1320 4777 1522 4842 aiebat,
1567 4775 1938 4844 mandatoque
1966 4787 2107 4837 meo,

530 4881 946 4942 numeratoque,
977 4873 1123 4942 quod
1173 4878 1525 4934 convenerat,
1578 4882 1775 4923 manus
1800 4867 2001 4937 pretio,
2048 4865 2113 4920 li-

529 4960 700 5017 belles
741 4962 985 5019 abstulit.
1032 4962 1144 5034 Ego
1175 4963 1396 5033 ignarus
1427 4960 1548 5030 ejus
1589 4959 1691 5024 rei,
1723 4959 1846 5015 misi
1883 4957 2110 5014 fratrem

533 5066 799 5122 nostrum,
825 5056 949 5111 dato
979 5055 1053 5111 illi
1085 5055 1354 5124 epistolio,
1390 5068 1514 5110 cum
1556 5051 1811 5108 mercede
1847 5060 2006 5121 pacta
2055 5059 2117 5105 ut

531 5146 730 5216 scripta
749 5145 1023 5214 acciperet
1052 5146 1329 5216 ferretque
1358 5148 1425 5203 ad
1456 5160 1563 5202 me.
1590 5144 1898 5213 intelligens
1920 5157 1987 5200 ex
2012 5143 2116 5198 hoc

532 5236 902 5307 calligraphus
934 5237 1147 5292 illusum
1194 5238 1298 5293 sibi
1345 5238 1514 5293 fuisse
1547 5252 1578 5291 a
1611 5236 1778 5305 priori
1825 5235 2111 5297 monacho,

533 5329 708 5384 iratus
750 5329 887 5383 dixit
912 5347 926 5383 :
953 5327 1045 5384 lbo
1069 5328 1310 5399 profecto
1334 5340 1386 5385 et
1413 5329 1684 5385 infamabo
1708 5329 1884 5399 ipsum
1914 5329 1983 5383 ob
2009 5329 2115 5383 duo

532 5421 738 5478 nefaria
767 5414 892 5491 quae
926 5420 1439 5491 admisit:primum
1485 5422 1718 5477 irridens
1775 5435 1894 5489 me;
1921 5419 2116 5475 deinde

534 5526 655 5580 qua:
708 5513 774 5565 ad
824 5512 973 5568 illum
1025 5528 1129 5568 non
1178 5513 1526 5581 pertinebant
1568 5511 1844 5567 auferens.
1886 5511 1958 5565 At
2013 5524 2116 5579 ego

537 5600 724 5654 audito
756 5600 885 5668 quid
932 5609 1172 5671 pararet,
1220 5601 1339 5655 misi
1390 5600 1478 5669 qui
1518 5615 1547 5654 a
1596 5616 1683 5655 me
1719 5600 1822 5669 ipsi
1868 5600 2114 5656 diceret:

538 5687 683 5754 Scis,
728 5691 896 5747 frater
941 5693 1037 5757 uti,
1072 5707 1171 5749 nos
1208 5707 1275 5746 co
1310 5692 1416 5747 iiue
1460 5705 1779 5759 comparare
1821 5707 1886 5746 ac
1933 5698 2119 5746 tenere

542 5778 773 5846 libellos,
815 5791 875 5837 ut
908 5796 977 5840 ex
1026 5784 1095 5839 iis
1146 5782 1425 5840 discamus
1475 5796 1733 5838 exercere
1764 5781 2114 5846 charitatcm,

2209 4582 2418 4649 ταῦτα,
2447 4580 2701 4637 ἀπελθὼν
2747 4578 2812 4643 ἐξ
2847 4575 3115 4648 ὀνόματός
3152 4590 3255 4645 μου
3306 4572 3445 4643 πρὸς
3474 4574 3568 4626 τὸν
3618 4572 3815 4625 καλλι-

2211 4676 2444 4748 γράφον,
2466 4675 2560 4729 καὶ
2588 4673 2711 4737 δοὺς
2737 4671 2799 4725 τὸ
2828 4666 3190 4741 συμφωνηθὲν
3225 4664 3420 4718 ἔλαϐεν
3445 4665 3611 4720 αὐτά.
3664 4663 3812 4732 Ἐγὼ

2215 4767 2271 4822 δὲ
2306 4767 2383 4839 μὴ
2412 4767 2576 4835 γνοὺς
2622 4764 2784 4818 τοῦτο
2830 4760 3055 4832 ἔπεμψα
3087 4757 3319 4827 ἀδελφὺν
3352 4757 3632 4829 ἡμέτερον
3665 4755 3816 4825 μετὰ

2214 4858 2561 4932 γραμμάτων
2608 4857 2707 4911 σὺν
2753 4854 2833 4926 τῷ
2876 4854 3061 4926 κόπῳ,
3095 4852 3237 4906 ὥστε
3267 4851 3455 4906 λαϐεῖν
3506 4849 3667 4903 αὑτά.
3720 4848 3814 4909 Ὠς

2213 4947 2305 5008 οὖν
2337 4950 2481 5020 ἔγνω
2514 4951 2543 5004 6
2582 4947 2956 5019 καλλιγράφος
2986 4948 3069 5000 ὄτι
3106 4943 3408 5015 ἐνεπαίχθη
3438 4941 3548 4995 ἀπὸ
3576 4938 3673 4993 τοῦ
3711 4939 3811 4992 λα-

2215 5045 2402 5108 ϐόντος
2423 5043 2584 5108 αὐτὰ,
2610 5041 2908 5115 ταραχθεὶς
2937 5037 3113 5094 εἶπεν·
3140 5040 3351 5100 Ὄντως
3373 5035 3691 5107 ἀπέρχομαι
3711 5034 3811 5087 καὶ

2214 5134 2424 5205 ἀηδίσω
2452 5132 2615 5189 αὐτὸν
2642 5133 2785 5186 κατὰ
2814 5130 2908 5184 δύο
2939 5130 3178 5201 τρόπους
3200 5166 3215 5191 ,
3249 5128 3357 5201 ὅτι,
3382 5123 3645 5196 ἐχλεύασέ
3697 5139 3769 5193 με
3788 5162 3805 5187 ,

2216 5229 2312 5282 καὶ
2340 5229 2422 5282 ὄτι
2451 5225 2612 5280 ἔλαϐε
2656 5225 2727 5280 τὰ
2770 5224 2846 5297 μὴ
2873 5224 3004 5277 ὄντα
3041 5221 3231 5276 αὑτοῦ.
3278 5220 3419 5287 Ἐγὼ
3468 5218 3527 5271 δὲ
3556 5214 3802 5276 ἀκούσας

2214 5320 2393 5384 τοῦτο,
2437 5318 2659 5389 πέμψας
2697 5313 2850 5370 εἷπον
2880 5314 3053 5384 αὐτῷ·
3082 5309 3265 5378 Οἶδας,
3301 5310 3499 5378 ἀδελφέ
3548 5325 3650 5380 μου
3669 5349 3683 5372 ,
3710 5307 3796 5360 ὅτι

2215 5412 2306 5469 διὰ
2348 5412 2506 5466 τοῦτο
2563 5409 2823 5481 κτώμεθα
2865 5406 3081 5478 βιϐλία,
3114 5405 3204 5459 ἵνα
3237 5402 3499 5474 μάθωμεν
3529 5400 3588 5466 ἐξ
3631 5398 3825 5453 αὐτῶν

2218 5503 2462 5574 ἀγάπην,
2491 5503 2842 5565 ταπείνωσιν,
2862 5500 3166 5572 πραότητα,
3190 5497 3436 5568 εἰρήνην·
3465 5493 3592 5547 εἰδὲ
3616 5493 3652 5563 ἡ
3671 5492 3818 5561 ἀρχὴ

2218 5598 2320 5668 τῆς
2349 5596 2598 5666 κτήσεως
2626 5593 2741 5647 τῶν
2770 5592 2992 5664 βιϐλίων
3026 5592 3175 5661 μάχη
3207 5591 3377 5652 ἐστὶν,
3404 5587 3467 5639 οὐ
3506 5582 3647 5637 θέλω
3680 5584 3818 5650 κτή-

2223 5687 2424 5744 σασθαι
2467 5684 2709 5756 βιϐλίον·
2750 5683 2848 5737 καὶ
2883 5683 3045 5752 μόνον
3097 5680 3172 5751 μὴ
3218 5677 3569 5749 μαχήσομαι·
3626 5671 3825 5725 δοῦλον

2222 5776 2332 5851 γὰρ
2362 5777 2652 5849 Κυρίου,ού
2677 5777 2759 5832 δεῖ
2782 5773 3072 5847 μάχεσθαι.
3108 5771 3240 5825 Ἰδοὺ
3262 5766 3356 5825 οὖν
3388 5765 3822 5836 καταφρονήσας
