4110 6386
345 380 479 449 1697

1786 395 1831 452 Α
1843 393 2165 467 LLOQUIA
2174 443 2192 460 .

3471 408 3607 474 1698

337 496 434 550 τοῦ
479 497 721 568 βιϐλίου,
768 497 998 570 ἐποίησα
1041 497 1118 569 μὴ
1167 496 1446 563 παντελῶς
1491 499 1788 574 ὀχληθῆναι
1830 504 1909 558 τὸι

2028 507 2426 574 humilitatem,
2491 511 2998 578 mansuetudinem,
3055 528 3264 584 pacem.
3317 516 3374 572 Si
3425 531 3604 577 autem

338 588 590 658 ἀδελφόν.

1983 598 2239 652 ‘ittilium
2290 601 2652 669 possessionis
2694 601 3000 659 libellorum
3035 606 3155 661 rixa
3203 616 3288 663 est
3317 609 3460 680 :jam
3510 627 3606 668 eos

335 681 464 736 nelo
505 680 746 736 habere:
781 696 890 750 quo
917 681 998 736 sic
1044 682 1206 736 vitem
1239 681 1452 737 rixandi
1504 685 1914 742 necessitatem.
1995 691 2228 746 Servum
2296 695 2494 766 quippe
2526 697 2734 752 Domini
2771 699 2936 756 rixari
2989 715 3094 754 non
3147 705 3422 762 convenit.
3461 705 3604 762 Con-

329 785 535 846 templa
561 778 744 846 igitur,
775 787 832 832 et
867 777 1087 848 insuper
1122 777 1303 832 habita
1341 778 1464 832 libri
1487 779 1724 849 jactura,
1757 782 1910 838 effeci
1953 801 2020 840 ne
2051 787 2311 844 molestia
2338 792 2632 861 quidquam
2661 793 3024 850 facesseretttr
3053 797 3125 850 illi
3161 797 3340 854 fratri.

405 868 508 922 ll".
573 868 685 922 Kal
729 868 914 938 ἔλεγεν
960 869 989 922 6
1041 869 1239 933 αὐτὸς,
1291 870 1374 922 ὅτι
1439 871 1720 941 Ἀκηκοὼς
1769 875 1924 946 παρά

327 971 481 1020 τινος
505 956 791 1027 ἀγαπητοῦ
825 975 914 1028 μοι
950 957 1207 1026 μοναχοῦ,
1239 959 1321 1011 ὅτι
1353 957 1478 1029 ἔσχε
1511 959 1632 1014 τινὰ
1675 961 1923 1017 διάκονον

331 1050 620 1121 ἀγαπητὸν
659 1049 760 1118 τῆς
805 1047 1012 1119 λαύρας
1059 1048 1154 1101 τοῦ
1203 1048 1350 1102 sese
1414 1050 1724 1121 Γερασίμου
1763 1069 1780 1084 ο
1827 1053 1922 1107 zeal

330 1141 435 1196 οὐκ
455 1137 572 1196 οἴδα
603 1139 765 1193 πόθεν
793 1139 951 1210 ἔσχεν
982 1141 1062 1202 είς
1088 1139 1189 1210 ἐμὲ
1216 1141 1472 1195 ὑπόνοιαν
1500 1143 1628 1210 περὶ
1663 1143 1920 1214 πράγμα-

328 1253 426 1300 τος
441 1236 696 1305 σέροντος
719 1234 868 1305 αὑτῷ
879 1234 1079 1304 λύπην,
1107 1235 1200 1288 zeal
1222 1233 1424 1306 ἤρξατο
1452 1235 1771 1304 στυγνάζειν
1800 1255 1912 1308 μοι.

343 1326 490 1380 Ἰδὼν
505 1326 665 1381 αὐτὸν
691 1323 802 1394 ἐγὼ
831 1327 1076 1391 στυγνὸν,
1099 1324 1362 1396 ἠρώτησα
1383 1324 1576 1394 μαθεῖν
1595 1325 1695 1395 τὴν
1714 1326 1914 1380 αίτίαν·

329 1420 425 1472 καὶ
453 1418 602 1486 λέγει
638 1433 748 1488 μοι,
777 1416 860 1470 ὅτι
889 1415 1022 1470 Τόδε
1044 1415 1106 1468 τὺ
1131 1415 1364 1486 πρᾶγμα
1403 1415 1688 1486 ἐποίησας·
1721 1414 1832 1483 ἐγὼ
1858 1415 1914 1470 δέ

333 1511 411 1580 μὴ
469 1507 728 1572 συνειδὼς
781 1508 1020 1578 ἐμαυτὸν
1068 1506 1312 1561 τοιοῦτον
1377 1508 1611 1578 πρᾶγμα
1658 1507 1913 1576 ποιῆσαι,

326 1601 587 1672 ἠρξάμην
620 1602 984 1672 πληροφορείν
1006 1599 1190 1654 αὐτόν.
1215 1599 1323 1654 Καὶ
1357 1598 1508 1666 λέγει
1543 1613 1656 1672 μοι·
1690 1598 1916 1670 Συγχὼ-

330 1693 500 1763 ρησόν
529 1709 640 1762 μοι’
663 1693 724 1744 οὐ
750 1690 1221 1764 πληροφοροῦμαι.
1264 1691 1656 1763 Ἀναχωρήσας
1683 1686 1776 1746 οὖν
1801 1689 1916 1760 ἐγὼ

325 1787 412 1848 είς
459 1785 522 1838 τὸ
562 1783 775 1838 κελλίον
822 1801 924 1854 μου
945 1823 959 1848 ,
1004 1782 1262 1853 ἠρξάμην
1293 1783 1521 1852 ἐρευνᾷν
1551 1781 1652 1853 τὴν
1684 1782 1913 1855 καρδίαν

327 1895 472 1948 μου,
505 1878 556 1930 εί
602 1874 844 1930 τοιοῦτον
891 1875 1152 1946 πέπραχα
1185 1875 1440 1945 πρᾶγμαο
1477 1872 1572 1926 zeal
1619 1873 1718 1944 οὐχ
1765 1873 1916 1945 εὔρι-

325 1987 480 2024 σκον.
507 1969 700 2022 Βλέπω
729 1963 822 2022 οὖν
863 1965 1028 2021 αὐτὸν
1065 1965 1367 2036 κατέχοντα
1407 1966 1667 2036 ποτήριον
1709 1965 1804 2018 zeal
1831 1965 1913 2018 δι-

319 2061 485 2115 δόντα
511 2075 526 2091 ·
577 2060 671 2114 zeal
719 2057 936 2130 ὤμνυον
969 2056 1120 2128 αὐτῷ
1166 2059 1224 2110 ἐν
1269 2055 1422 2128 αὐτῷ
1460 2057 1543 2109 ὅτι
1582 2056 1646 2108 οὐ
1695 2057 1912 2110 σύνοιδα

321 2148 569 2220 ἐμαυτὸν
589 2148 814 2206 ,τοιοῦτο
855 2149 1101 2218 ποιῆσαι.
1135 2147 1249 2202 Οὐκ
1295 2145 1545 2216 ἐπείσθη.
1587 2145 1789 2200 Ἐλθὼν
1818 2142 1912 2199 οὖν

321 2241 495 2296 πάλιν
524 2243 603 2304 είς
634 2239 890 2311 ἐμαυτὸν,
926 2240 1021 2293 καὶ
1054 2239 1316 2310 μνησθεὶς
1362 2236 1473 2290 τῶν
1502 2235 1676 2305 λόγων
1707 2236 1911 2292 τούτων

319 2333 435 2387 τῶν
451 2332 642 2401 ἁγίων,
677 2333 770 2386 καὶ
795 2330 1092 2394 πιστεύσας
1116 2331 1317 2393 αὐτοῖς,
1349 2328 1566 2399 στρέφω
1597 2329 1793 2400 μικρὸν
1820 2329 1910 2385 τὸν

317 2424 585 2494 λογισμόν
619 2441 743 2494 μου,
777 2424 872 2478 zeal
890 2424 1032 2491 λέγω
1057 2421 1300 2492 ἐμαυτῷο
1316 2421 1376 2475 '0
1401 2421 1642 2484 διάκονος
1673 2419 1912 2490 γνησίως

317 2518 517 2590 ἀγαπᾷ
557 2533 646 2588 με’
681 2516 776 2570 zeal
804 2515 863 2582 ἐξ
905 2515 1128 2585 ἀγάπης
1155 2514 1470 2586 κινούμενος
1497 2513 1779 2586 ἐθάρρησε
1817 2529 1908 2588 μοι

281 2647 294 2658 .
315 2609 354 2662 ὃ
380 2607 526 2680 εἶχεν
555 2611 588 2677 ἡ
619 2607 816 2678 καρδία
848 2606 1013 2660 αὑτοῦ
1043 2607 1172 2678 περὶ
1196 2606 1333 2677 ἐμοῦ
1357 2645 1372 2670 ,
1402 2606 1490 2660 ἵνα
1517 2605 1672 2678 νήψω
1696 2607 1790 2660 zeal
1812 2605 1908 2658 τοῦ

315 2699 517 2754 λοιποῦ
561 2697 819 2769 φυλάξω,
857 2698 950 2752 zeal
997 2697 1074 2768 μὴ
1123 2697 1334 2769 ποιήσω
1377 2696 1531 2751 αὐτό⁴
1581 2696 1722 2768 πλὴν
1762 2696 1908 2770 ψυχὴ

316 2790 487 2845 ἀθλία
507 2829 523 2856 ,
548 2788 736 2859 ἐπειδὴ
762 2787 962 2858 λέγεις,
1018 2788 1102 2844 ὅτι
1136 2789 1249 2841 Ούκ
1291 2789 1526 2860 ἐποίησα
1587 2787 1648 2840 τὸ
1679 2789 1909 2859 πρᾶγμα

313 2881 504 2937 τοῦτο’
555 2882 726 2952 μυρία
773 2880 921 2934 κακὰ
975 2879 1294 2952 πέπρακταί
1344 2897 1467 2945 σοι,
1509 2882 1605 2934 zeal
1642 2880 1908 2934 ἐπελάθου

317 2975 526 3030 αὐτῶνθ
569 2973 672 3028 ποῦ
715 2977 854 3028 εἰσιν
884 2971 921 3026 ὃ.
949 2971 1215 3044 ἐποίησας
1249 2972 1374 3044 χθὲς
1404 2972 1437 3044 ἦ
1467 2973 1574 3046 πρὸ
1608 2973 1743 3027 δέκα
1771 2974 1911 3044 ἠμε-

321 3064 470 3134 ρῶν;
510 3063 782 3134 μέμνησαι
817 3062 1031 3129 αὐτῶν;
1063 3062 1272 3116 Οὐκοῦν
1300 3065 1394 3116 zeal
1421 3063 1580 3116 τοῦτο
1622 3063 1906 3134 ἐποίησας,

2100 880 2236 936 Xlll.
2281 883 2574 939 Referebat
2615 896 2670 938 et
2703 886 2804 940 hoc
2839 886 2979 941 idem
3009 888 3253 945 Zosimas
3287 911 3300 946 :
3331 892 3526 948 Audivi
3571 909 3604 950 θ

2025 973 2259 1040 quodam
2302 975 2433 1028 mihi
2467 974 2667 1030 dilecto
2703 978 2991 1046 monacho,
3043 995 3163 1034 cum
3199 983 3402 1038 diceret
3431 1001 3446 1038 :
3479 983 3604 1040 Fuit

2026 1063 2157 1118 mihi
2184 1081 2312 1121 usus
2335 1065 2620 1122 familiaris
2649 1068 2903 1124 amicitiae
2936 1086 3059 1124 eum
3088 1074 3316 1128 diacono
3345 1076 3599 1144 quopiam

2024 1155 2190 1210 laurae
2221 1158 2436 1212 abbatis
2469 1159 2738 1215 Gerasimi
2771 1175 2786 1214 :
2820 1161 2906 1214 cui
2964 1164 3175 1229 oborta,
3211 1167 3396 1220 nescio
3436 1167 3599 1232 unde,

2024 1249 2259 1315 suspicio
2283 1259 2472 1304 contra
2508 1266 2594 1306 me
2627 1260 2733 1319 est,
2768 1253 2921 1322 quasi
2947 1255 3199 1322 quiddam
3231 1259 3458 1326 egissem
3492 1259 3596 1328 ipsi

2025 1337 2307 1394 molestum
2338 1357 2352 1394 :
2378 1343 2520 1395 unde
2563 1343 2731 1410 coepit
2767 1344 3089 1398 contrahere
3122 1345 3174 1399 in
3221 1349 3324 1402 mei
3371 1364 3601 1406 occursu

2019 1427 2274 1511 frontem,
2327 1429 2530 1486 vultum
2574 1432 2839 1488 exhibens
2892 1435 3090 1490 minaci
3148 1437 3380 1508 tristitia
3425 1443 3600 1498 turbi-

2011 1519 2162 1574 dum.
2191 1521 2246 1575 ld
2275 1520 2713 1578 auimadvertens
2750 1523 2892 1578 ultro
2923 1526 3252 1598 interrogavi
3287 1531 3586 1599 hominem,

2013 1624 2110 1664 cur
2145 1625 2230 1664 me
2255 1611 2328 1665 ita
2366 1621 2518 1666 torve
2562 1614 2902 1670 intueretur?
2929 1615 3129 1674 Fassus
3149 1621 3337 1675 statim
3367 1637 3589 1678 causam

2015 1709 2121 1768 est,
2155 1701 2308 1757 aiens
2339 1703 2614 1774 quidpiam
2649 1719 2680 1758 α
2727 1721 2812 1760 Ille
2842 1717 3032 1762 contra
3083 1723 3144 1764 se
3179 1708 3406 1778 factum,
3449 1713 3602 1781 cujus

2016 1791 2160 1847 nulla
2205 1793 2337 1848 mihi
2385 1809 2517 1850 sane
2549 1797 2806 1852 memoria
2841 1799 2924 1854 vel
2959 1801 3293 1856 conscientia
3336 1810 3594 1860 restaret.

2014 1882 2199 1952 Itaque
2243 1885 2426 1940 mttltis
2471 1887 2652 1944 verbis
2705 1889 2924 1944 incubui
2972 1891 3036 1943 ad
3087 1907 3260 1945 meam
3303 1892 3379 1947 illi
3427 1910 3456 1948 a
3507 1896 3600 1952 tali

2014 1975 2232 2044 quidem
2257 1975 2410 2046 culpa
2432 1977 2798 2032 innocentiam
2825 1981 3274 2056 persuadendam.
3305 1984 3408 2037 Sed
3431 1988 3600 2041 surdo

2013 2065 2222 2132 cecini;
2276 2082 2398 2120 nam
2445 2081 2541 2121 sua
2591 2081 2651 2121 se
2703 2068 2982 2125 involvens
3043 2071 3309 2126 tristitia:
3340 2073 3592 2144 Ignosce,

2014 2155 2277 2224 reposuit,
2315 2155 2472 2212 fidem
2501 2171 2606 2212 non
2640 2156 2795 2212 facis.
2827 2157 3128 2228 Regressus
3156 2162 3282 2217 hinc
3327 2163 3382 2217 in
3415 2181 3592 2218 meam

2013 2243 2262 2298 cellulam
2311 2245 2433 2299 dedi
2485 2259 2571 2300 me
2601 2245 2668 2299 ad
2715 2247 3197 2316 introspiciendum
3243 2253 3454 2320 penitus
3500 2268 3596 2308 cor

2015 2350 2216 2400 meum,
2247 2344 2303 2390 et
2346 2337 2494 2392 nullo
2525 2337 2594 2390 ibi
2627 2337 2854 2406 vestigio
2888 2339 3010 2394 talis
3052 2356 3079 2393 a
3125 2357 3209 2396 me
3250 2343 3479 2398 consciti
3509 2360 3598 2400 re-

2013 2430 2168 2491 perto
2197 2420 2478 2490 facinoris,
2517 2424 2692 2481 factus
2729 2429 2993 2492 securior,
3043 2445 3166 2484 cum
3211 2431 3372 2486 istum
3407 2433 3595 2488 diaco-

2013 2525 2142 2565 num
2169 2512 2408 2567 viderem
2443 2521 2716 2568 tenentem
2755 2515 2976 2570 calicem
3011 2533 3170 2586 quem
3221 2521 3590 2588 ministrabat,

2005 2600 2183 2670 juravi
2211 2618 2308 2672 per
2335 2603 2482 2657 illum
2527 2605 2676 2658 baud
2697 2621 2818 2661 esse
2860 2609 2989 2663 mihi
3023 2625 3108 2664 me
3155 2615 3432 2666 conscium
3477 2617 3595 2683 ejus

2011 2693 2154 2762 quod
2207 2693 2514 2764 objectabat
2557 2695 2708 2750 facti.
2751 2693 2831 2748 Ne
2871 2705 2982 2750 tum
3023 2699 3242 2769 quidem
3287 2705 3592 2771 acquievit,

2013 2795 2194 2840 motus
2216 2801 2348 2856 ergo
2377 2795 2624 2842 revertor
2647 2787 2714 2842 ad
2751 2803 2834 2842 me
2869 2789 3064 2856 ipsum,
3091 2805 3299 2845 memor
3329 2796 3584 2864 praecepti

2004 2876 2248 2944 iubentis
2301 2878 2640 2933 reconciliari
2704 2879 2856 2932 fratri
2911 2881 3131 2936 habenti
3175 2882 3377 2953 aliquid
3407 2887 3610 2940 adver-’

2012 2981 2132 3022 sum
2171 2982 2268 3022 nos
2311 2987 2325 3022 :
2357 2968 2517 3023 aliam
2551 2969 2681 3024 inivi
2729 2971 2804 3025 rei
2832 2969 2952 3038 ejus
2983 2973 3250 3028 tentandae
3296 2975 3589 3044 rationem,

2011 3069 2196 3132 partes
2223 3059 2416 3116 offensi
2452 3069 2639 3116 contra
2674 3063 2937 3132 tn'eipsum
2968 3044 3190 3120 sumens
3213 3105 3230 3131 ,
3264 3067 3452 3136 sicque
3491 3083 3597 3122 tne-

313 3156 400 3220 ὼς
423 3157 628 3219 ἐκεῖνα,
657 3155 752 3210 καὶ
779 3153 969 3218 ἔλαθες
1011 3154 1087 3218 ὡς
1118 3155 1215 3209 zeal
1249 3155 1320 3209 τὰ
1343 3155 1565 3224 πρῶτα·
1609 3155 1706 3210 zeal
1737 3155 1909 3227 ἠρξά-

2013 3167 2136 3208 cum
2181 3163 2480 3222 reputans:
2517 3152 2787 3208 Diaconus
2831 3154 2934 3210 iSle
2981 3163 3128 3210 amat
3167 3173 3272 3223 me,
3315 3167 3369 3211 et
3413 3168 3590 3214 motus

323 3266 439 3320 μην
461 3248 806 3319 εὐχαριστεῖν
849 3245 926 3318 τῷ
962 3245 1082 3317 Θεῷ
1106 3287 1122 3312 ,
1172 3247 1267 3300 καὶ
1313 3246 1393 3318 τῷ
1426 3246 1658 3316 διακόνῳ
1679 3287 1694 3312 ,
1725 3248 1808 3300 ὅτι
1835 3245 1904 3300 δι’

319 3341 494 3396 αὑτοῦ
515 3339 716 3410 ἠξίωσὲ
751 3356 818 3411 με
841 3338 973 3402 Θεὸς
996 3337 1297 3406 ἐπιγνῶναι
1326 3339 1391 3391 τὸ
1423 3338 1647 3408 σφάλμα
1679 3355 1782 3408 μου
1811 3339 1906 3392 zeal

323 3430 659 3500 μετανοῆσαι
705 3429 835 3499 περὶ
873 3425 1062 3480 αὑτοῦ.
1098 3425 1360 3488 Ἀναστὰς
1403 3421 1500 3479 οὖν
1547 3427 1606 3480 ἐν
1643 3425 1902 3490 τοιούτοις

318 3523 632 3592 λογισμοῖς,
661 3515 824 3591 ἦλθον
861 3519 1194 3588 μετανοῆσαι
1228 3515 1308 3588 τῷ
1337 3517 1591 3586 διακόνῳ,
1621 3516 1718 3570 zeal
1740 3517 1906 3588 εὐχαο

321 3614 586 3687 ριστῆσαι
615 3613 784 3686 αύτῷ-
811 3613 906 3667 zeal
923 3611 1162 3684 ἕκρουσα
1191 3611 1276 3674 είς
1297 3612 1396 3682 τὴν
1425 3610 1618 3682 θύραν·
1650 3610 1749 3663 zeal
1771 3608 1910 3664 ἀνοί-

310 3707 424 3770 ξας
455 3705 641 3776 βάλλει
687 3721 776 3776 μοι
809 3703 1102 3774 μετάνοιαν
1125 3702 1340 3774 πρῶτος
1379 3701 1572 3770 λέγων’
1610 3701 1910 3772 Συγχώρη-

319 3799 421 3853 σόν
451 3815 538 3868 μοι
563 3798 644 3851 ὅτι
667 3797 772 3850 ὑπὸ
786 3795 1057 3866 δαιμόνων
1087 3793 1422 3866 ἐχλευάσθην
1441 3794 1746 3864 ὑπονοήσας
1771 3793 1908 3864 περὶ

321 3886 426 3941 coit
456 3887 536 3950 είς
561 3886 622 3940 τὸ
655 3887 888 3956 πρᾶγμα
949 3886 1154 3939 ἐκεῖνοο
1198 3885 1256 3937 ἐν
1282 3881 1511 3954 ἀληθείᾳ
1537 3880 1646 3953 γὰρ
1673 3881 1908 3952 ἐπληρο-

323 3977 536 4048 φόρησέ
577 3992 667 4046 μοι
710 3977 739 4030 6
775 3974 927 4042 Θεὸς,
959 3975 1040 4028 ὃτι
1070 3974 1170 4028 οὐκ
1197 3973 1338 4045 ἔχεις
1371 3975 1626 4046 πρᾶγμα·
1659 3974 1755 4026 καὶ
1785 3971 1910 4026 οὐδὲ

317 4069 508 4138 ὰφῆκέ
558 4084 628 4138 με
669 4066 1084 4139 πληροφορῆσαι
1141 4065 1326 4130 αὐτὸν,
1378 4065 1574 4132 λέγων·
1623 4064 1738 4118 Οὐκ
1787 4062 1906 4117 ἔστι

323 4161 505 4233 χρεία.
548 4159 656 4214 Καὶ
688 4158 876 4228 ἔλεγεν
910 4159 939 4210 6
993 4157 1282 4228 μακάριος·
1341 4156 1474 4210 Ἰδοὺ
1511 4159 1545 4226 ή
1577 4155 1777 4226 γνησία
1808 4171 1907 4209 τα·-

323 4253 586 4316 πείνωσις
635 4251 750 4314 πῶς
795 4249 1014 4318 διέθηκε
1051 4248 1148 4319 τὴν
1193 4248 1423 4318 καρδίαν
1477 4247 1574 4302 τοῦ
1617 4247 1945 4319 ποθοῦντος,

322 4341 518 4410 αὑτήν.
549 4341 656 4394 Σὺν
687 4339 862 4408 τούτῳ
885 4337 942 4391 δὲ
969 4337 1247 4408 ἐμέμνητο
1279 4337 1374 4390 zeal
1404 4335 1498 4388 τοῦ
1531 4337 1785 4407 γέροντος
1811 4333 1907 4388 τοῦ

324 4433 698 4504 κλεπτομένου
748 4431 854 4484 ὑπὸ
883 4429 977 4483 τοῦ
1007 4427 1350 4497 γειτνιῶντος
1387 4426 1568 4490 αὐτὸν,
1622 4426 1705 4479 ὅτι
1751 4423 1908 4488 εἰδὼς

2013 3243 2280 3298 cltaritate
2310 3243 2560 3298 ﬁduciam
2589 3246 2820 3314 sumpsit
2843 3245 3148 3302 eliundendi
3188 3263 3284 3301 cor
3307 3265 3464 3304 suum
3497 3265 3590 3305 ac-

2007 3335 2250 3390 cusando
2281 3335 2424 3404 quod
2457 3349 2488 3389 a
2535 3350 2621 3391 me
2655 3348 2937 3404 perperam
2980 3345 3158 3390 actum
3209 3337 3478 3406 queritur.
3533 3339 3590 3394 Si

2006 3420 2238 3490 sapia’m,
2286 3421 2491 3478 cavebo
2541 3436 2608 3476 ne
2641 3423 2882 3478 ulteriori
2912 3425 3312 3493 perseverantia
3356 3432 3586 3496 negandi

2007 3511 2194 3569 oll'ensi
2227 3513 2580 3583 pertinaciam
2615 3513 2848 3571 irritem.
2894 3515 3086 3570 Vitabo
3123 3516 3174 3570 id
3213 3529 3476 3587 quantum
3530 3521 3582 3574 in

2007 3617 2096 3657 me
2121 3602 2261 3669 erit;
2284 3611 2361 3666 et,
2389 3601 2432 3656 si
2457 3615 2702 3672 possum,
2730 3603 2784 3658 in
2815 3603 2934 3672 ejus
2962 3607 3289 3660 sententiam
3321 3609 3583 3665 transibo.

2007 3692 2148 3782 Quid
2178 3693 2456 3747 enimvero
2487 3701 2693 3748 tantum
2731 3694 2924 3749 niteris
2953 3696 3261 3750 testimonio
3300 3699 3590 3754 conscien-

2009 3784 2099 3840 tiae
2142 3783 2324 3840 anima
2381 3799 2500 3840 mea
2537 3787 2736 3840 misera
2765 3821 2784 3850 ,
2830 3789 2972 3856 quod
3010 3786 3194 3856 lapsus
3237 3787 3375 3843 forte
3413 3791 3592 3858 potius

2007 3887 2094 3932 est
2139 3876 2456 3931 memorias?
2485 3875 2770 3932 lnnumera
2801 3879 3124 3948 perpetrasti
3167 3881 3308 3935 mala
3352 3897 3587 3950 quorum

2009 3981 2069 4022 es
2107 3966 2352 4022 funditus
2393 3967 2625 4021 oblita.-
2655 3965 2910 4023 Fortasse
2941 3970 3086 4024 istud
3128 3985 3344 4041 quoque
3373 3972 3588 4038 feceris,

2009 4057 2106 4114 sed
2145 4065 2198 4112 te
2243 4056 2360 4126 ejus
2399 4059 2707 4114 recordatio
2751 4059 2972 4130 fugerit.
3005 4062 3083 4116 Ac
3134 4062 3420 4131 quiescens
3462 4065 3590 4119 huic

2009 4149 2338 4218 sensuicaapi
2383 4157 2440 4202 et
2471 4147 2582 4202 Deo
2625 4159 2681 4203 et
2729 4151 2978 4205 ministro
3005 4153 3208 4222 gratias
3240 4152 3421 4224 agere,
3455 4168 3591 4222 quo-

2009 4240 2156 4294 niam
2192 4248 2323 4294 nutu
2356 4239 2518 4306 illius,
2556 4237 2718 4306 hujus
2747 4253 2932 4308 opera,
2967 4242 3112 4296 velut
3152 4247 3582 4313 supplementum

2009 4333 2370 4388 adhibebatur
2393 4331 2576 4388 oblita!
2602 4333 2952 4389 conscientiae
2990 4335 3058 4389 ad
3099 4335 3313 4406 culpam
3347 4337 3586 4406 ignotam

2009 4423 2236 4479 salutari
2265 4421 2551 4478 eluendam
2594 4423 2943 4492 ptenitentia.
2979 4423 3175 4479 Plenus
3200 4439 3266 4480 eo
3299 4441 3460 4481 sensu
3498 4443 3589 4481 ac-

321 4527 428 4580 ούκ
455 4523 683 4596 ήλεγξεν
708 4521 870 4577 αὐτόν
899 4537 1031 4573 ποτε
1057 4535 1070 4548 °
1098 4517 1235 4572 ἀλλὰ
1261 4517 1358 4572 zeal
1388 4517 1778 4590 περισσότερον
1801 4517 1909 4588 είρ-

2019 4515 2160 4570 cessi
2197 4516 2266 4569 ad
2302 4515 2496 4570 cellam
2525 4513 2752 4580 famuli;
2793 4523 2849 4568 at
2875 4514 3084 4583 pulsato
3123 4516 3286 4582 ostio,
3333 4532 3456 4570 cum
3498 4517 3588 4572 ille

324 4614 564 4684 γάζετο,
605 4611 700 4666 καί
745 4625 898 4681 φησι·
951 4610 1106 4679 Τάχα
1150 4608 1343 4680 χρείαν
1388 4606 1504 4678 ἔχει
1553 4608 1582 4660 6
1629 4605 1893 4676 ἁδελφός.

339 4704 648 4776 Ἐθαύμαζε
680 4702 750 4756 τὰ
779 4701 1063 4772 σπλάγχνα
1094 4699 1204 4753 τῶν
1237 4698 1410 4766 ἁγίων
1451 4697 1548 4752 καὶ
1604 4696 1905 4768 διηγήσατο

325 4799 522 4866 λέγων,
551 4797 634 4850 ὅτι
663 4795 800 4849 non
833 4793 1122 4862 γενόμενος
1155 4792 1214 4844 ἐν
1261 4792 1328 4862 τῇ
1366 4789 1576 4844 πεδιάδι
1606 4787 1906 4860 διηγήσατό

330 4889 422 4962 μοί
453 4904 538 4952 τις
564 4887 673 4941 τῶν
704 4883 1044 4957 ἡγουμένων,
1077 4883 1159 4936 ὅτι
1195 4883 1427 4954 Ἔμενεν
1458 4881 1625 4951 ἐγγὺς
1655 4880 1752 4934 τοῦ
1785 4895 1905 4933 κοι-

324 4981 508 5036 νοϐίου
533 4979 692 5050 ἡμῶν
721 4977 904 5050 γέρων
944 4991 1049 5039 τις’
1094 4969 1162 5046 ἦν
1215 4972 1274 5026 δὲ
1309 4972 1672 5044 ἅγαθωτάτης
1703 4969 1903 5042 ψυχῆςο

325 5071 632 5143 ἐγειτνίαζε
685 5071 741 5124 δὲ
790 5067 1036 5138 ἀδελφόςο
1083 5067 1180 5121 zeal
1229 5065 1464 5128 ἀπόντος
1505 5063 1600 5117 τοῦ
1653 5062 1908 5133 γέροντος

325 5165 575 5235 ἐγερθεὶς
617 5164 646 5217 6
677 5161 905 5230 ἀδελφὸς
948 5147 1129 5232 ἤνοιξε
1185 5157 1283 5231 τὴν
1311 5157 1508 5211 κόλλαν
1557 5154 1725 5208 αὑτοῦ
1751 5193 1766 5218 ,
1811 5153 1908 5206 zeal

324 5255 585 5312 εἰσελθὼν
629 5252 788 5308 ἐλαόε
812 5252 884 5306 τὰ
930 5251 1100 5323 σκεύη
1143 5249 1312 5306 αὑτοῦ
1351 5247 1540 5303 καὶτὰ
1572 5245 1774 5318 βιϐλία.
1819 5245 1908 5308 Ὧς

323 5345 421 5405 οὖν
445 5345 610 5420 ἦλθεν
632 5347 664 5400 6
696 5345 874 5416 γέρων
903 5342 1116 5408 ἀνοίξας
1143 5342 1206 5396 τὸ
1238 5340 1465 5404 κελλίον,
1493 5341 1590 5394 καὶ
1622 5338 1698 5409 μὴ
1729 5334 1907 5408 εὑρὼν

326 5445 397 5497 τὰ
428 5441 597 5512 σκεύη
629 5439 820 5502 αὑτοῦ,
861 5435 992 5510 ἦλθε
1024 5439 1162 5510 πρὸς
1203 5438 1296 5492 τὸν
1332 5436 1560 5506 ἀδελφὸν
1588 5433 1906 5504 ἀναγγεῖλαι

327 5533 500 5606 αὐτῷ·
533 5527 694 5604 εὗρεν
721 5531 906 5602 ἀκμὴν
931 5529 1024 5586 οὖν
1051 5529 1121 5583 τὰ
1149 5529 1316 5598 σκεύη
1350 5527 1515 5582 αὐτοῦ
1537 5529 1594 5582 ἐν
1622 5525 1700 5596 τῷ
1732 5525 1902 5594 μέσῳο

233 5619 244 5626 ’
327 5623 482 5678 οὔπω
507 5623 614 5694 γὰρ
639 5619 718 5694 ,ἦν
770 5622 800 5676 6
844 5619 1072 5690 ἀδελφὸς
1119 5618 1406 5681 συστείλας
1456 5615 1632 5670 αὑτά·
1679 5616 1774 5668 zeal
1828 5613 1906 5684 μὴ

331 5715 499 5770 θέλων
552 5716 581 5767 6
619 5713 798 5785 γέρων
850 5707 1210 5779 καταισχῦναι
1256 5707 1418 5761 αὐτὸν
1468 5705 1606 5776 μηδὲ
1652 5703 1904 5772 ἐλέγξαι,

330 5804 770 5880 προσεποιήσατο
820 5803 905 5856 ὅτι
962 5800 1146 5866 ἐνυξεν
1191 5798 1384 5853 ἑαυτὸν
1439 5799 1474 5868 ἡ
1521 5795 1754 5866 γαστήρ·
1810 5794 1904 5848 καὶ

2017 4607 2322 4678 aperuisset
2350 4645 2367 4673 ,
2401 4605 2552 4677 prior
2578 4606 2871 4676 prostravit
2904 4621 2964 4662 se
2988 4621 3170 4660 coram
3201 4622 3286 4662 me
3315 4609 3587 4677 pteniten-

2006 4697 2138 4750 tiam
2165 4694 2465 4766 postulans,
2489 4701 2546 4749 et
2571 4694 2756 4750 dicens
2784 4713 2798 4750 :
2839 4693 3061 4764 Ignosce
3089 4696 3244 4760 mihi,
3275 4697 3529 4765 quoniam
3553 4711 3586 4753 a

2005 4785 2346 4841 dastttonibus
2375 4783 2565 4839 illusus
2594 4797 2712 4838 sum
2751 4783 2892 4838 male
2921 4783 3205 4852 suspicans
3230 4783 3298 4838 de
3321 4793 3394 4838 te.
3421 4783 3588 4840 Plane

2007 4876 2303 4946 siquidem,
2350 4873 2824 4942 illuminatusjam
2874 4889 2906 4928 a
2949 4875 3080 4941 Deo,
3116 4885 3454 4944 perspectam
3491 4875 3589 4930 ba-

2005 4968 2111 5023 beo
2151 4967 2522 5022 innocentiam
2557 4965 2703 5021 circa
2749 4964 2855 5020 hoc
2899 4973 3067 5019 tuam.
3103 4963 3195 5020 Sic
3229 4965 3321 5020 ille
3373 4981 3462 5021 me
3486 4980 3589 5021 vo-

2007 5058 2214 5114 lentem
2277 5073 2566 5124 excusare,
2613 5066 2774 5130 prout
2821 5066 3048 5126 paratus
3102 5071 3358 5112 veneram
3408 5059 3600 5114 renuit.

2008 5131 2218 5215 audire,
2247 5150 2404 5206 aiens
2429 5165 2566 5220 opus
2591 5163 2696 5204 non
2727 5163 2867 5205 esse.
2897 5148 3076 5218 Super
3105 5149 3193 5203 bis
3221 5149 3587 5218 pronuntians

2006 5242 2203 5298 beatus
2246 5241 2494 5298 Zosimas
2528 5241 2665 5296 dixit
2692 5258 2708 5296 :
2735 5240 2812 5295 En
2851 5253 3132 5310 quousque
3181 5236 3413 5308 perpulit
3457 5249 3583 5291 vera

2008 5334 2287 5392 humilitas
2333 5347 2429 5388 cor
2469 5331 2831 5388 desiderantis
2872 5332 3069 5400 ipsam.
3107 5329 3240 5384 Cum
3287 5326 3390 5381 hoc
3431 5339 3583 5381 meu-

2009 5426 2216 5482 tionem
2262 5424 2550 5494 conjunxit
2587 5423 2738 5479 senis
2777 5422 3049 5492 compilati
3105 5435 3137 5475 a
3187 5417 3409 5484 vicino,
3469 5417 3587 5486 ipse

2006 5520 2244 5586 sciente,
2264 5525 2330 5571 et
2371 5531 2478 5571 non
2524 5515 2682 5571 modo
2709 5530 2817 5570 non
2853 5522 3120 5584 querente
3145 5519 3242 5564 aut
3269 5516 3584 5573 accusante,

2007 5609 2106 5667 sed
2145 5619 2202 5665 et
2245 5609 2492 5678 impense
2536 5605 2752 5662 favente
2797 5622 2863 5662 ac
2911 5601 3284 5660 benefaciente
3325 5613 3428 5656 suo
3479 5598 3587 5654 sibi

2009 5698 2300 5755 notissimo
2320 5695 2610 5766 espilatori
2639 5710 2655 5761 ;
2685 5708 2751 5750 eo
2767 5693 2912 5765 quod
2947 5692 3123 5760 ipsum
3151 5702 3420 5746 excusans
3442 5686 3586 5753 apud

2008 5804 2068 5848 se
2105 5785 2472 5862 persuasisset
2499 5786 2627 5852 sibi,
2661 5785 2801 5842 citra
2843 5781 3056 5854 culpam
3103 5781 3157 5837 id
3186 5780 3256 5838 ab
3285 5793 3353 5837 eo
3379 5778 3585 5834 factum
