4110 6382
614 360 750 428 1699
1738 361 2034 422 ΖΟΞΙΜᾸΞ
2059 355 2237 420 ΑΒΒΑ

2191 359 2376 419 ιΑΤΙδ
2411 360 2703 432 ALLOQU
2711 359 2807 418 1A.
3697 368 3814 438 1700

609 477 800 530 ultima
827 471 1040 529 scilicet
1072 470 1139 526 ad
1181 470 1234 526 id
1268 471 1516 542 adigente
1547 471 1976 525 necessariorum
2005 469 2070 524 ad
2103 457 2181 522 vié
2213 478 2232 529 Α

2213 476 2256 529 Α
2287 466 2534 522 ἀπελθὼν
2573 467 2786 538 ἔμεινεν
2820 468 2899 531 εἰς
2932 465 3000 522 τά
3027 468 3302 537 ἀναγκαῖα
3335 470 3516 543 ἱκανὴν
3543 474 3702 548 ὥραν,
3726 483 3818 548 ἓως

610 573 720 618 tam
762 572 1021 630 egestate.
1075 561 1129 616 ln
1169 575 1274 629 quo
1327 560 1601 613 admirans
1643 557 1886 614 Zosimas
1935 557 2183 628 exempla

2284 549 2346 610 οὗ
2387 556 2638 629 συστείλῃ
2675 556 2702 608 6
2735 555 2960 624 ἀδελφὸς
3002 557 3069 610 ἐκ
3097 557 3190 611 τοῦ
3238 559 3398 628 μέσου
3427 563 3495 615 τὰ
3532 567 3708 637 σκεύη·
3736 571 3820 624 καὶ

607 662 730 717 quae
758 647 934 700 sancti
973 647 1250 702 dedissent
1278 646 1556 701 viseeralis
1605 647 1658 700 in
1691 662 2044 715 quoscunque
2082 647 2185 700 mi-

2284 646 2458 700 ἐλθὼν
2481 649 2510 700 6
2533 647 2709 716 γέρων
2732 646 2934 716 ἤρξατο
2962 645 3145 700 λαλεῖν
3175 647 3324 718 αὐτῷ
3350 653 3474 719 περὶ
3495 652 3647 708 ἄλλου
3671 660 3823 728 πράγ.

609 737 935 801 sericordiaz,
965 752 1192 790 narrans
1211 737 1482 792 referebat
1508 739 1560 791 in
1588 737 1733 792 hunc
1764 738 1978 790 modum
2003 755 2019 792 :
2049 736 2182 792 Cum

2287 753 2476 810 ματος·
2518 738 2646 808 περὶ
2685 737 2742 790 δὲ
2774 737 2881 788 τῶν
2913 739 3125 790 σκευῶν
3156 739 3256 791 οὐκ
3284 739 3528 808 ἦλεγξεν.
3550 744 3675 797 Μεθ’
3704 749 3823 816 ἡμε-

609 843 783 883 essem
839 829 889 882 in
940 830 1340 896 campestribus
1397 830 1640 884 narravit
1696 830 1824 884 mihi
1876 829 2094 899 quidam
2152 845 2184 884 e

2285 847 2387 902 ρας
2411 829 2468 882 δὲ
2493 829 2906 901 ἐγνωρίσθησαν
2933 829 3003 883 τὰ
3038 830 3208 900 σκεύη
3233 830 3326 884 τοῦ
3347 832 3610 903 γέροντος,
3638 838 3723 891 καὶ
3743 839 3825 893 λα-

609 921 932 989 prtcpusitis,
969 921 1248 974 habitasse
1299 936 1465 988 prope
1523 923 1829 976 ctenobium
1883 923 2054 990 ipsius
2091 935 2184 976 se-

2284 923 2469 986 εόντες
2495 921 2640 986 τινὲς
2668 922 2830 975 αὐτὸν
2861 921 3051 976 ἔϐαλον
3092 925 3171 986 εἰς
3201 923 3305 992 τὴν
3333 924 3595 998 φυλακὴν,
3633 931 3720 981 τοῦ
3745 932 3825 998 γέ.

608 1024 732 1064 nem
779 1010 1070 1079 quemdam
1121 1011 1524 1080 benignissimae
1573 1013 1807 1067 animm:
1841 1013 1928 1066 cui
1971 1013 2184 1067 vicinus

2286 1029 2472 1083 ροντος
2505 1013 2578 1083 μὴ
2618 1011 2902 1081 μαθόντος.
2944 1012 3210 1074 Ἀκούσας
3244 1012 3301 1064 δὲ
3344 1013 3470 1086 περὶ
3501 1015 3591 1068 τοῦ
3621 1019 3824 1088 ἁδελφοῦ

610 1099 840 1168 degebat
866 1100 1008 1154 alitis
1043 1099 1234 1154 frater.
1273 1099 1372 1155 llic
1404 1101 1693 1156 instinctus
1720 1116 1750 1154 a
1783 1101 1924 1154 malo
1965 1101 2180 1170 spiritu,

2283 1103 2365 1156 ὅτι
2404 1105 2462 1165 ἐς
2503 1103 2748 1172 φυλακήν
2775 1106 2942 1168 ἐστιν,
2975 1105 3074 1156 οὐκ
3093 1103 3210 1175 ᾔδει
3253 1104 3352 1174 τὴν
3390 1106 3565 1159 αἰτίαν
3595 1107 3745 1179 δι”ἣν
3768 1107 3823 1180 ἦν

608 1200 822 1258 captato
855 1201 1120 1261 tempore,
1146 1208 1268 1247 cum
1316 1195 1507 1248 aberat
1542 1210 1570 1246 a
1613 1194 1746 1248 cella
1781 1209 1965 1257 senex,
2007 1194 2178 1262 ipsam

2284 1198 2362 1259 si;
2384 1197 2482 1266 τὴν
2504 1196 2768 1267 φυλακήψ
2795 1196 2908 1249 ἀλλ’
2932 1195 3102 1249 ἐλθὼν
3125 1195 3292 1266 φησὶν
3312 1198 3340 1249 ὁ
3365 1197 3656 1268 ἡγούμενος
3715 1204 3823 1271 πρός

608 1281 886 1350 ingressus
935 1294 1130 1336 cuncta
1185 1282 1304 1353 ejus
1357 1299 1480 1336 vasa
1528 1295 1581 1336 et
1637 1283 1804 1338 libros
1852 1284 2178 1353 exportavit.

2287 1303 2355 1357 με
2384 1287 2754 1356 (ἥὲπιικνάζετο
2777 1289 2885 1360 γὰρ
2913 1288 3046 1360 πρὸς
3069 1290 3217 1358 ἡμᾶς
3237 1288 3277 1356 ),
3305 1286 3451 1356 λέγει
3478 1303 3586 1358 μοι’
3621 1291 3823 1360 Ποίησον

609 1371 879 1426 Reversus
928 1373 1102 1427 bonus
1137 1389 1324 1440 senex,
1360 1383 1412 1428 et
1449 1375 1725 1428 admirans
1767 1389 1886 1428 eam
1925 1374 2180 1428 exinani-

2284 1376 2526 1446 ἀγάπηνο
2572 1377 2662 1439 δός
2715 1395 2804 1446 μοι
2837 1378 2996 1447 ὀλίγα
3031 1376 3113 1430 ὠά
3143 1376 3237 1429 καὶ⁵
3279 1375 3433 1443 ὀλίγα
3481 1377 3705 1446 καθαρά.
3736 1379 3827 1430 Καὶ

609 1473 742 1531 tam,
787 1465 1026 1518 cucurrit
1067 1465 1133 1518 ad
1191 1465 1452 1529 vicinum,
1505 1481 1617 1519 rem
1677 1465 1750 1518 illi
1796 1480 1896 1534 pro
1940 1465 2178 1520 amicitia

2281 1466 2426 1536 λέγω
2459 1467 2628 1538 αὐτῷ·
2661 1469 2886 1531 Πάντως
2914 1469 3058 1539 ἔχεις
3083 1466 3202 1520 τινὰ
3234 1467 3504 1536 σήμερον;
3537 1468 3690 1535 Λέγει
3720 1485 3822 1538 μοι·

607 1557 1668 1626 communicaturus.Atecceingrediens
1707 1558 1852 1612 videt
1902 1557 1952 1610 in
2000 1558 2177 1612 medio

2281 1559 2411 1614 Naf'
2439 1555 2506 1632 ἦν
2535 1559 2592 1613 δὲ
2624 1559 2804 1614 λαϐὼν
2839 1561 2978 1614 αὐτὰ
3023 1563 3052 1613 6
3094 1559 3274 1630 γέρων
3317 1558 3404 1611 ἵνα
3433 1558 3594 1612 ἐλθὼν
3635 1560 3707 1622 εἰς
3745 1560 3827 1628 τὴν

607 1663 696 1702 res
745 1664 892 1713 suns,
942 1649 1178 1704 nondum
1214 1649 1358 1703 enim
1395 1649 1513 1702 illas
1557 1649 1643 1702 fur
1669 1659 1916 1718 potuerat
1951 1651 2002 1704 in
2053 1664 2182 1718 apo-

2283 1653 2552 1723 φυλακὴν,
2603 1654 2810 1724 ποιήσῃ
2843 1653 3192 1724 παράκλησιν
3235 1651 3316 1721 τῷ
3360 1651 3588 1722 ἀδελφῷ.
3645 1653 3722 1714 Ὠς
3751 1649 3827 1705 οὖν

608 1738 794 1792 thecas
838 1739 1164 1803 recondere;
1199 1748 1361 1808 atque
1408 1738 1543 1794 adeo
1580 1738 1632 1792 in
1681 1737 1784 1793 hoc
1816 1738 1934 1808 ipso
1972 1739 2184 1794 labora-

2282 1744 2530 1816 εἰσῆλθεν
2555 1747 2634 1807 εἰς
2660 1745 2756 1817 τὴν
2779 1746 3049 1818 φυλακὴν,
3080 1747 3276 1800 πίπτει
3306 1747 3336 1800 6
3365 1746 3582 1816 ἀδελφδς
3617 1749 3690 1810 εἰς
3719 1751 3829 1809 τοὺς

603 1827 718 1882 bat.
765 1827 977 1882 Veritus
1021 1829 1258 1884 clemens
1311 1845 1476 1884 senex
1519 1845 1642 1886 eum
1692 1831 1896 1900 pudore
1939 1827 2226 1897 allicere,l

2209 1827 2253 1882 Β
2283 1835 2451 1900 πόδας
2487 1837 2652 1890 αὑτοῦ
2681 1839 2772 1891 καὶ
2803 1837 2947 1906 λέγει
2973 1838 3143 1908 αὐτῷ·
3173 1841 3272 1892 Διὰ
3305 1839 3368 1892 σέ
3399 1841 3512 1909 ειμι
3539 1833 3655 1904 ὧδε,
3687 1839 3829 1892 ἀδεᾶ·

607 1918 762 1972 ﬁnxit
794 1919 1008 1989 egregie
1037 1919 1391 1974 dlssimnlans
1435 1919 1598 1990 pungi
1649 1921 1921 1976 desiderio
1964 1921 2176 1976 levandi

2285 1926 2398 1998 ἐγὼ
2430 1929 2538 1998 γάρ
2571 1932 2688 2001 εἰμι
2713 1931 2741 1983 6
2785 1929 2990 2000 κλέψας
3021 1932 3087 1983 τὰ
3133 1931 3303 2002 σκεύη
3358 1948 3472 1984 σου·
3506 1931 3616 1984 ἀλλ’
3657 1931 3754 1986 ἰδοὺ
3783 1931 3835 1984 τὸ

603 2012 830 2075 ventris,
871 2021 920 2065 et
968 2010 1142 2064 locum
1169 2011 1217 2065 ei
1262 2013 1337 2065 rei
1371 2013 1665 2080 sepositum
1711 2015 2010 2082 ingressus,
2054 2021 2176 2068 tan-

2287 2019 2494 2091 βιϐλίον
2519 2038 2612 2073 σου
2640 2022 2794 2092 παρὰ
2813 2022 2948 2093 τῷδέ
2983 2025 3120 2088 ἐστι,
3159 2027 3254 2076 καὶ
3276 2025 3342 2076 τὸ
3368 2025 3572 2094 ἱμάτιόν
3596 2041 3682 2077 σου
3705 2025 3838 2092 παρὰ

601 2101 693 2154 diu
730 2101 838 2155 illic
859 2101 1014 2156 haesit
1049 2101 1222 2170 quoad
1258 2103 1428 2156 sensit
1453 2101 1657 2156 furtum
1685 2104 1976 2173 omnejam
2005 2121 2034 2158 a
2066 2105 2178 2160 fra-

2286 2107 2443 2178 τῷδε.
2470 2111 2632 2177 Λέγει
2657 2110 2808 2180 αὐτῷ
2839 2112 2867 2163 6
2888 2113 3092 2182 γέρων’
3127 2113 3576 2184 Πληροφορηθείη
3605 2117 3636 2184 ἡ
3663 2115 3836 2183 καρδία

603 2197 686 2244 tre
715 2189 881 2244 fuisse
917 2190 970 2245 in
998 2191 1233 2245 latebras
1276 2193 1575 2248 conditura.
1607 2190 1762 2248 Tunc
1804 2209 2058 2252 reversus
2091 2211 2179 2252 se-

2287 2215 2404 2265 σου,
2427 2200 2636 2266 τέκνον,
2667 2201 2728 2254 οὐ
2763 2201 2851 2254 διὰ
2879 2203 3036 2256 τοῦτο
3057 2205 3332 2274 εἰσῆλθον,
3367 2207 3472 2258 οὐδ’
3505 2205 3632 2268 ὅλως
3659 2205 3835 2274 ἔμαθον

602 2295 708 2334 nex
741 2283 806 2334 de
839 2281 947 2334 alio
990 2282 1204 2349 negotio
1240 2281 1399 2336 solita
1441 2279 1814 2338 familiaritate
1853 2300 1974 2340 cum
2003 2285 2182 2342 vicino

2277 2290 2360 2344 ὅτι
2385 2291 2454 2345 δι’
2491 2292 2589 2362 ἐμὲ
2617 2287 2740 2356 ὧδε,
2778 2293 2893 2346 ἀλλ’
2919 2295 3158 2359 ἀκούσας
3195 2297 3277 2350 ὅτι
3307 2293 3416 2350 ὧδε
3453 2291 3520 2361 εἷ,
3569 2297 3656 2350 καὶ
3695 2296 3838 2366 λυπη-

602 2372 736 2439 egit.
777 2369 890 2424 Non
935 2371 1084 2425 nmlti
1134 2373 1256 2426 inde
1304 2372 1420 2428 dies
1449 2371 1924 2440 eliluxerant,cum
1956 2377 2024 2432 ab
2057 2377 2180 2434 aliis

2277 2380 2414 2444 θεὶς,
2449 2381 2702 2452 εἰσῆλθον
2727 2383 2948 2452 ποιῆσαί
2981 2401 3066 2438 σοι
3099 2386 3472 2457 παράκλησιν·
3511 2387 3603 2440 καὶ
3628 2385 3728 2439 ἰδοὺ
3749 2379 3833 2438 ὦδε

601 2461 832 2530 aliisque
857 2461 1002 2516 clare
1047 2462 1228 2532 agnita
1257 2463 1308 2516 in
1347 2465 1508 2518 vicini
1549 2465 1682 2520 cella
1719 2467 1867 2521 senis
1893 2481 2019 2522 vasa
2064 2483 2171 2522 mo.

2275 2471 2346 2524 τὰ
2381 2471 2465 2526 ὠά
2495 2473 2590 2525 καὶ
2635 2473 2705 2527 τά
2747 2474 2984 2545 καθαρά·
3029 2475 3123 2528 νῦν
3170 2475 3267 2529 οὖν
3317 2478 3500 2531 πάντα
3528 2476 3836 2546 ποιήτωὲως

599 2554 796 2598 verunt
846 2549 1105 2615 quosdam
1171 2549 1540 2620 indignatione
1578 2553 1876 2622 justissima
1937 2557 2004 2609 ad
2051 2571 2172 2610 sce-

2277 2556 2341 2616 οὖ
2371 2563 2587 2616 ἐκϐάλω
2634 2581 2692 2618 σε
2738 2566 2803 2618 ὲκ
2839 2567 2938 2636 τῆς
2964 2567 3230 2638 φυλακῆς.
3281 2569 3400 2621 Καὶ
3452 2567 3690 2622 ἀπελθὼν
3718 2582 3834 2635 παρ·

599 2633 684 2690 lns
713 2635 1055 2691 indicandum
1082 2637 1286 2708 jndici;
1321 2641 1413 2711 qui
1451 2641 1624 2697 furem
1655 2645 1998 2702 manifestum
2029 2663 2178 2703 com-

2296 2653 2526 2708 εκάλεσέ
2565 2673 2716 2720 τινας
2745 2656 2853 2710 τῶν
2881 2659 3154 2728 μεγάλων·
3179 2655 3248 2730 ἦν
3277 2660 3390 2732 γὰρ
3425 2659 3653 2728 γνωστὸς
3681 2659 3831 2720 αὐτοῖς

599 2727 858 2794 prehendi
909 2744 974 2782 ac
1013 2729 1190 2784 claudi
1223 2747 1443 2787 carcere
1493 2736 1728 2802 curavit,
1774 2753 1905 2792 sene
1955 2755 2177 2808 pret-sus

2281 2744 2366 2797 διὰ
2389 2745 2486 2816 τὴν
2508 2747 2708 2818 ἀρετὴν
2735 2749 2920 2804 αὐτοῦ·
2949 2750 3046 2805 καὶ
3071 2751 3392 2822 πέμψαντες
3417 2751 3662 2819 ἐξέϐαλον
3688 2749 3823 2804 αὐτὸν

600 2817 791 2872 inscio.
828 2819 1008 2874 Fama:
1051 2832 1230 2875 autem
1267 2823 1469 2878 indicio
1513 2825 1748 2894 vulgaris
1791 2829 2016 2882 audiens
2053 2831 2178 2884 atti-

1198 2838 1230 2874 ιι
1267 2823 1469 2878 indicio
1513 2825 1748 2894 vulgaris
1791 2829 2016 2882 audiens
2053 2831 2178 2884 atti-
2283 2835 2392 2888 ἀπὸ
2422 2837 2522 2904 τῆς
2551 2817 2821 2908 φυλακῆς.

600 2911 716 2963 neri
764 2913 1008 2966 custodia
1093 2913 1355 2980 fratrem,
1402 2919 1470 2972 ob
1516 2933 1740 2974 causam
1785 2921 2022 2990 ignotam
2079 2925 2218 2994 sibi,
2257 2931 2406 2984 venit
2443 2934 2508 2985 ad
2581 2947 2894 2990 narrantem
2943 2937 3057 2992 haec
3101 2938 3215 3008 ipsa
3267 2938 3507 2991 cmuobii
3555 2933 3834 3005 pra-fectum

601 3007 819 3075 quicum
864 3009 1162 3077 provicinia
1208 3026 1365 3066 nsmn
1420 3015 1647 3068 multum
1699 3016 1935 3073 habebat
2013 3024 2219 3078 crebrae
2257 3028 2670 3096 ventitationis,
2718 3041 2774 3086 et
2822 3034 2959 3088 dixit
3007 3053 3020 3089 :
3075 3007 3184 3088 Fac
3237 3035 3602 3096 clraritetem,
3666 3031 3832 3089 Pater;

599 3099 880 3151 commoda
939 3099 1071 3153 mihi
1121 3115 1217 3153 uva
1278 3116 1446 3170 pauca
1489 3115 1540 3159 et
1585 3107 1826 3162 cathara.
1881 3107 2152 3180 Respondi
2217 3130 2317 3184 ego
2377 3117 2614 3188 (dicebat
2666 3123 3044 3178 ctnnobiarcha
3087 3140 3312 3179 narrare
3373 3122 3836 3196 pergens):llabts

601 3203 795 3256 nempe
818 3191 1104 3258 quemdam
1131 3190 1291 3246 hodie
1319 3195 1458 3264 apud
1480 3195 1566 3249 te?
1589 3197 1682 3250 Sic
1714 3211 1820 3265 est,
1846 3199 1945 3262 ait,
1979 3211 2035 3256 et
2087 3219 2208 3272 quae

2242 3208 2499 3276 poscebat
2531 3209 2789 3268 auferens
2854 3214 2987 3269 abiit
3025 3216 3090 3270 ad
3135 3221 3416 3272 carcerem
3445 3227 3584 3271 recta
3615 3215 3834 3272 consola-

599 3287 756 3336 turus
794 3281 1014 3334 fratrem
1045 3297 1110 3336 eo
1149 3285 1448 3339 detentum.
1525 3286 1778 3358 Ingresso
1817 3289 1944 3345 illuc
2004 3307 2088 3360 eo,
2127 3299 2361 3364 procidit
2424 3300 2511 3354 fur
2549 3305 2616 3356 ad
2648 3301 2764 3370 ejus
2807 3307 2993 3374 pedes,
3057 3307 3210 3362 aiens
3255 3309 3385 3378 ipsi,
3417 3309 3638 3379 Propter
3674 3317 3722 3363 te
3760 3307 3835 3361 hic

608 3391 754 3445 sum,
791 3378 954 3444 abba,
978 3379 1048 3433 ob
1085 3376 1286 3432 furtum
1319 3393 1346 3432 a
1379 3395 1464 3434 me
1497 3381 1697 3438 factum
1726 3400 1906 3440 rerum
1943 3396 2177 3444 tuarum.
2221 3391 2420 3448 Verum
2489 3406 2546 3451 ut
2569 3413 2660 3453 eas
2693 3400 2870 3466 possis
2931 3376 3380 3470 recuperare,“
3415 3376 3548 3458 liber
3581 3413 3696 3457 tuns
3713 3399 3834 3468 apud

599 3469 748 3525 illum
779 3481 884 3539 est,
915 3474 1083 3527 vestis
1111 3473 1250 3541 apud
1285 3471 1478 3541 alium,
1509 3491 1646 3545 quos
1711 3479 2045 3536 nominabat.
2093 3481 2218 3538 Ilaec
2285 3484 2591 3555 loquentem
2649 3489 3010 3558 interpellavit
3049 3508 3237 3557 senex,
3262 3469 3478 3551 dicens
3507 3510 3523 3550 :
3560 3495 3834 3550 Persuasis-

599 3565 798 3620 simum
847 3567 1062 3634 habeto,
1097 3569 1190 3630 fili.
1223 3587 1308 3628 me
1341 3571 1479 3627 haud
1510 3587 1573 3627 ea
1621 3587 1784 3627 causa
1863 3575 1966 3630 hnc
2010 3577 2310 3648 ingressum
2341 3598 2356 3634 :
2428 3598 2526 3638 nec
2559 3597 2784 3654 prorsus
2820 3589 3067 3655 scit-isse,
3150 3601 3204 3646 te
3261 3593 3338 3648 ob
3381 3608 3469 3648 res
3496 3606 3637 3646 meas
3665 3587 3836 3658 compi-

599 3656 740 3714 latas
769 3659 855 3713 hic
891 3662 1082 3718 teneri.
1123 3663 1258 3718 Veni
1294 3678 1476 3720 autem
1537 3676 1596 3720 ut
1626 3667 1940 3724 consolarer
1968 3677 2020 3724 te
2054 3670 2108 3725 in
2173 3672 2463 3730 afﬂictione
2497 3687 2608 3732 tua.
2679 3680 2858 3746 Quare
2893 3682 2995 3738 hoc
3067 3684 3160 3738 tibi
3207 3701 3240 3740 ιι
3281 3701 3374 3741 me
3411 3686 3549 3740 habe
3577 3656 3835 3738 munuscu-

599 3748 731 3815 lum,
774 3767 874 3806 ova
910 3761 964 3806 et
1016 3755 1276 3822 cathara;
1327 3759 1392 3811 de
1436 3769 1632 3814 catero
1682 3775 1900 3816 omnem
1949 3765 2176 3820 movebo
2217 3766 2446 3834 lapidem
2483 3785 2592 3839 quo
2619 3779 2671 3826 te
2703 3772 2831 3828 hinc
2897 3777 3198 3830 extraham.
3240 3777 3339 3832 llis
3396 3780 3574 3844 dictis,
3601 3777 3724 3830 adiit
3751 3775 3838 3843 pri-

598 3854 774 3900 mates
806 3845 948 3901 illius
973 3849 1228 3916 regionis,
1256 3851 1395 3920 apud
1436 3868 1571 3920 quos
1607 3853 1770 3908 multa
1794 3856 2006 3910 valebat
2043 3860 2235 3926 gratia,
2269 3864 2463 3917 merito
2526 3865 2695 3932 ipsius
2757 3869 2972 3924 cunctis
3042 3871 3344 3926 notissimae
3403 3871 3632 3925 virtutis.
3679 3870 3835 3936 Itaque

599 3939 669 3994 ab
697 3940 784 3994 his
823 3939 980 3996 facile
1009 3943 1262 4006 obtinuit.
1317 3956 1375 4000 ut
1415 3947 1594 4002 missis
1633 3963 1866 4015 propere
1913 3951 2178 4008 ministris
2218 3955 2442 4011 fratrem
2475 3959 2706 4020 vinculi
2734 3963 2970 4016 solutum
2997 3977 3029 4017 e
3052 3965 3296 4019 custodia
3324 3966 3652 4020 emitterent.

682 4029 827 4090 XIV.
868 4032 972 4086 Alii
1005 4035 1071 4087 de
1120 4035 1222 4090 hoc
1273 4038 1462 4091 eodem
1505 4053 1633 4094 sene
1673 4039 1817 4094 aliud
1867 4047 2181 4100 narrabant.
2212 4056 2256 4115 ο

2212 4056 2256 4115 c
2361 4049 2460 4103 IA'.
2501 4051 2796 4120 Διηγοῦντο
2815 4052 2871 4105 δὲ
2901 4053 3061 4107 πάλιν
3094 4055 3223 4125 περὶ
3247 4056 3344 4110 τοῦ
3375 4056 3624 4127 γέροντος
3651 4051 3833 4114 τούτου,

596 4120 805 4193 Nempe
829 4123 1003 4192 ipsum
1031 4124 1332 4194 profectum
1362 4129 1658 4196 aliquando
1685 4131 1750 4184 ad
1787 4141 2084 4188 mercatum
2117 4143 2178 4191 ut

2283 4137 2366 4191 ὅτι
2421 4139 2746 4206 ἀπελθόντος
2797 4144 2930 4196 ποτὲ
2963 4148 3042 4209 εἰς
3091 4120 3296 4216 ἀγοράν
3332 4120 3601 4218 ἀγοράσαι
3633 4145 3837 4216 ἱμάτιον,

597 4215 818 4286 pallium
861 4230 1088 4283 emeret,
1131 4234 1228 4288 pro
1273 4222 1430 4276 modo
1473 4221 1616 4290 pacti
1667 4222 1825 4291 pretii
1868 4240 2034 4280 unum
2077 4242 2176 4280 au-

2281 4231 2544 4300 ήγόρασε·
2579 4233 2675 4286 καὶ
2710 4233 2836 4298 δοὺς
2861 4237 2924 4290 τὸ
2963 4236 3022 4289 ἒν
3049 4215 3294 4310 χρυσίον,
3340 4215 3530 4293 ἑλιττεν
3557 4215 3698 4306 αὐτῷ
3723 4235 3835 4288 ἀνα-

599 4323 751 4362 reum
773 4311 1018 4363 vendenti
1043 4310 1405 4378 expendisse:
1433 4315 1555 4381 quia
1582 4329 1730 4378 vero,
1755 4314 1822 4368 ad
1847 4317 2171 4386 explendum

2283 4322 2575 4393 πληρῶσαι
2617 4326 2834 4396 νουμία.
2884 4329 2992 4381 Καὶ
3037 4329 3215 4384 λαϐὼν
3264 4331 3328 4385 τὺ
3376 4333 3622 4402 ἱμάτιον,
3666 4327 3835 4396 ἔθηκεν

598 4401 742 4468 quod
771 4413 1055 4468 supererat
1082 4403 1420 4470 ratiunculas,
1440 4421 1576 4472 opus
1603 4419 1720 4462 erat
1749 4409 1929 4480 aliquo
1949 4425 2176 4468 numero

2282 4413 2542 4469 ὑποκάτω
2572 4417 2758 4470 αὐτοῦ·
2791 4420 2885 4471 καὶ
2912 4419 2990 4483 ὡς
3044 4423 3264 4492 ἐμέτρει
3297 4401 3482 4496 κέρμα
3525 4423 3604 4486 είς
3643 4420 3700 4472 τὸ
3726 4417 3837 4469 πλα-

599 4491 839 4558 pecnnia:
868 4492 1108 4558 minutal,
1141 4494 1413 4548 assedisse
1437 4497 1585 4550 illum
1603 4500 1670 4552 ad
1699 4503 2017 4556 mercatoris
2043 4503 2174 4558 aba-

2282 4503 2424 4569 κίον,
2475 4505 2586 4570 ιδού
2613 4523 2695 4570 τις
2717 4507 2937 4578 ἔρχεται
2966 4491 3133 4564 θέλων
3163 4491 3378 4586 ἐπᾶραι⁷
3401 4491 3486 4568 τὸ.
3512 4513 3732 4584 ἱμάτιον
3759 4504 3837 4586 zu}

597 4594 746 4645 (tum,
785 4581 1064 4650 supposito
1097 4583 1198 4637 sibi
1240 4584 1400 4652 pallio
1436 4587 1549 4654 jam
1591 4601 1794 4658 empto,
1834 4601 1888 4644 et
1923 4592 2003 4646 sic
2049 4609 2175 4648 crn-

2282 4594 2356 4657 ὡς
2382 4595 2578 4666 ᾔσθετο
2599 4601 2628 4652 ὁ
2673 4600 2854 4670 γέρων
2884 4602 3174 4674 σπλάγχνα
3211 4581 3352 4676 ἔχων
3382 4581 3696 4676 οἰκτιρμῶν,
3722 4581 3836 4650 κατά

597 4683 755 4724 mena
791 4672 1029 4725 resoluta
1067 4673 1256 4728 obolos
1289 4683 1339 4729 et
1371 4678 1699 4745 quadrantes
1724 4681 2002 4736 eduxisse.
2037 4683 2170 4736 Dum

2285 4687 2480 4758 μικρὸν
2505 4689 2792 4760 ἐκούφιζεν
2817 4695 2998 4748 αὐτόν’
3123 4672 3282 4768 δῆθέρ
3305 4672 3632 4752 ἐπεκτείνων
3656 4693 3770 4763 πρδς
3785 4686 3835 4740 τδ

600 4757 656 4814 in
689 4774 756 4813 eo
801 4773 904 4828 est,
939 4762 1075 4818 forte
1107 4781 1404 4821 conversus
1448 4769 1590 4824 videt
1619 4787 1648 4824 a
1698 4782 1850 4843 tergo
1887 4789 1948 4829 se
1987 4777 2176 4830 admo-

2281 4757 2565 4850 διάοτημα
2586 4757 2682 4836 rei:
2712 4786 3006 4857 κέρματος,
3033 4757 3136 4853 ἕως
3160 4757 3220 4846 οὗ
3242 4792 3425 4862 ἀπῆρε
3455 4792 3514 4844 τὸ
3541 4757 3736 4862 ἱμάτιον
3757 4780 3834 4834 καὶ

600 4861 814 4905 ventem
875 4853 1144 4908 hominem
1197 4858 1288 4925 qui
1337 4859 1625 4914 videbatur
1670 4863 1934 4932 adjeeisse
1985 4866 2173 4920 oculos

2281 4873 2518 4944 ἀπῆλθε·
2550 4879 2642 4930 καὶ
2684 4853 2791 4932 οὐκ-
2815 4853 3043 4950 ἤλεγξεν
3070 4884 3233 4937 αὐτὸν
3257 4887 3285 4936 ό
3313 4853 3517 4956 γ’έρωνο
3561 4853 3654 4934 ita!
3677 4877 3833 4940 ἔλεγεν

597 4941 908 5010 cupiditatis
931 4946 996 4999 ad
1022 4946 1264 5013 pallium,
1291 4963 1436 5013 mox,
1459 4961 1517 5004 ut
1546 4953 2172 5020 apt'iarebat,conatnrns

2279 4963 2308 5014 6
2339 4941 2632 5036 μακάριος·
2666 4941 2848 5023 Πόσοο
2879 4941 3130 5042 *ἄξιον
3159 4975 3222 5026 te
3271 4941 3490 5044 ἱμάτιον
3529 4973 3561 5042 ἢ
3593 4971 3656 5023 τὰ
3692 4961 3831 5029 σκεύη

595 5031 775 5102 ipsum
801 5037 1143 5092 subtrahere.
1177 5037 1357 5094 Subiit
1397 5042 1635 5108 animum
1679 5045 1828 5099 senis
1863 5045 2174 5102 misericoro

2279 5051 2316 5106 ἃ.
2343 5031 2659 5124 άπὼλεσενς
2689 5059 2803 5112 ἀλλ’
2829 5031 2979 5132 ὅμως
3081 5031 3406 5138 προαίρεσις
3441 5061 3528 5136 ἦν’
3551 5031 3738 5132 ’ἀμέλει
3759 5054 3832 5107 ὅτε

597 5127 684 5182 dis
717 5127 1106 5198 benignissima
1147 5133 1427 5201 cogitatio,
1464 5133 1648 5205 Forte,
1696 5153 1880 5194 secum
1913 5141 2166 5208 dicentis,

2279 5142 2610 5216 ἀπήρθηο-αν
2637 5151 2728 5202 καὶ
2750 5127 2968 5220 ἔμεινεν
2997 5127 3038 5208 6'
3063 5127 3226 5220 αὐτὸς
3311 5127 3478 5228 μήτε.
3499 5127 3828 5220 λυπούμενοςν

597 5219 688 5274 hic
731 5220 900 5276 miser
925 5221 1044 5290 plus
1083 5234 1206 5293 eget
1239 5225 1401 5292 pallio
1443 5241 1605 5293 quam
1655 5243 1786 5298 ego;
1833 5231 1950 5286 sine
1993 5237 2168 5302 Ipsum

2285 5235 2422 5306 μήτε
2441 5241 2863 5310 ταρασσόμενος
2885 5247 2983 5298 καὶ
3006 5247 3134 5318 γὰρ.
3159 5247 3236 5312 ὡς
3262 5251 3346 5302 ἀεὶ
3375 5247 3538 5316 λέγω,
3561 5245 3620 5297 οὗ
3638 5241 3692 5294 ἐδ
3712 5237 3831 5306 ἔχειν

596 5312 702 5367 sibi
731 5313 1036 5368 consulere.
1069 5315 1147 5366 Ae
1184 5316 1284 5367 hoc
1307 5319 1450 5384 apud
1477 5332 1536 5370 se
1571 5327 1800 5388 statuto,
1837 5325 2084 5378 ettendit
2108 5337 2170 5378 se

2283 5325 2533 5396 βλάπτει,
2567 5327 2703 5385 ἀλλὰ
2729 5333 2792 5386 τὸ
2826 5312 3156 5406 προσπαθίῖις
3181 5339 3349 5408 ἔχειν.
3382 5312 3550 5399 Οὗτος
3573 5331 3709 5404 εἶχεν
3731 5329 3830 5380 ὅλον

596 5418 842 5458 mensam
874 5419 1063 5458 versus
1089 5405 1243 5474 quasi
1289 5407 1356 5460 ad
1405 5408 1780 5475 explicandam
1815 5423 2043 5468 moneta:
2085 5428 2174 5470 se-
2209 5427 2219 5482 1

2209 5427 2254 5482 D
2281 5418 2372 5470 τὸν
2405 5421 2628 5492 κόσμον,
2661 5424 2834 5490 οὕτως
2858 5424 2927 5501 ἦν
2951 5429 3028 5494 ὡς
3066 5431 3140 5501 μὴ
3165 5405 3324 5502 ἐγων·
3357 5431 3418 5496 ἐξ
3443 5425 3518 5484 ὧν
3545 5427 3648 5498 γὰρ
3673 5419 3832 5488 ἕποιθ’

595 5495 755 5562 riem,
800 5494 1213 5564 sublevavitqne
1259 5511 1390 5552 suos
1411 5499 1562 5564 prius
1594 5502 1834 5558 sedentis
1879 5515 2027 5560 artus
2065 5521 2173 5576 quo

2283 5526 2376 5564 σεν
2399 5511 2602 5578 ἔδειξεν
2625 5517 2790 5572 αὑτὸν
2813 5494 3100 5594 ἐλεύθερον
3267 5494 3509 5578 πάντων.
3559 5494 3567 5496 7
3619 5494 3630 5498 -
3871 5571 3873 5576 .

593 5585 810 5686 facilius
847 5587 1069 5686 detrahi.
1128 5587 1347 5686 pallium
1394 5601 1618 5657 posset:
1681 5608 1784 5662 qua
1851 5605 2072 5653 strenue
2148 5603 2534 5660 commoditate
2563 5607 2649 5662 fur
2689 5625 2837 5678 usus,
2909 5585 3090 5670 ablato
3129 5618 3262 5672 abiit
3299 5616 3494 5686 pallio;
3523 5627 3647 5668 sene
3675 5609 3734 5662 de
3769 5601 3832 5656 itt-

595 5669 807 5778 iinstria
854 5678 908 5732 in
939 5679 1328 5734 dissimulando
1391 5693 1790 5751 perseverante,
1855 5689 2032 5752 quoad
2071 5693 2307 5748 nummis
2372 5697 2662 5764 persolutis
2703 5669 2835 5758 tam,
2879 5705 2998 5760 sine
3042 5710 3270 5776 pecunia
3299 5669 3500 5778 'qnam
3548 5706 3660 5760 sine
3695 5693 3828 5763 νειηῖο

601 5764 813 5820 domum
852 5768 1027 5823 rediit.
1061 5772 1142 5824 Ad
1174 5771 1274 5825 hoc
1338 5771 1396 5828 Β.
1435 5770 1687 5828 Zosimas
1725 5775 1926 5831 addidit
1959 5795 1973 5832 :
2005 5778 2204 5846 Quanti
2259 5796 2314 5841 et
2347 5803 2476 5844 vasa
2535 5803 2590 5846 et
2633 5793 2852 5866 pallium
2892 5813 3013 5868 qua:
3045 5764 3314 5871 iicglexit,
3355 5764 3548 5856 erant?
3577 5803 3629 5867 at
3658 5791 3826 5864 quam
