3924 6416
900 421 1037 430 ..ο-
2468 411 3006 423 .____.______.-...
3412 414 3415 415 ,

1762 603 1849 658 DE

822 790 1548 948 lSIDORI
1659 786 2784 1031 PELUSIOTE

1627 1104 1986 1222 VITA

1367 1326 1709 1389 SCRIPTIS
1747 1327 1844 1388 ET
1885 1326 2267 1389 DOCTRINA

558 1498 1459 1600 COMMENTATIO
1526 1504 2179 1598 HISTORICA
2250 1508 3055 1602 THEOLOGICA.

1699 1738 1942 1779 SCRIPSIT

1057 1903 1589 1969 HERMANNUS
1629 1903 1979 1968 AGATHO
2018 1905 2575 1969 NIEMEYERUS

1160 2102 1334 2140 τιιιοι.
1370 2102 1556 2139 ιιεικτ.
1592 2101 1718 2139 νειι..
1751 2101 1890 2139 υοστ.
1924 2103 2034 2140 881.
2068 2104 2241 2141 mon.
2274 2105 2459 2143 SENIOR.

1121 2261 1301 2325 (Halm,
1347 2261 1397 2311 in
1440 2259 1639 2312 libraris
1688 2258 2136 2325 Orphsnolrophei.
2174 2261 2546 2323 IDCCCXXV.)

1484 2579 2168 2673 PBJEFATIO.

272 2922 733 2984 Commentationis
767 2928 834 2983 de
869 2926 1074 2983 Isidoro
1102 2926 1370 2983 Pelusiota
1399 2929 1543 2997 parti
1564 2928 1754 2999 prima:
1783 2939 1833 2985 et
1851 2930 2113 2993 secundas,
2148 2941 2266 2999 qua:
2293 2935 2418 2980 ante
2460 2926 2592 2979 duos
2640 2941 2839 2980 menses
2862 2926 2918 2980 in
2946 2925 3112 2981 lucem
3140 2927 3295 2983 editae
3322 2935 3444 2982 sunt

226 3018 413 3086 idcirco,
434 3031 491 3076 ut
520 3023 664 3077 mihi
697 3022 755 3075 in
779 3022 1057 3075 academia
1086 3020 1456 3075 Fridericiana
1507 3022 1823 3094 theologiam
1849 3023 2067 3077 docendi
2103 3029 2332 3091 potestas
2363 3019 2746 3084 concederetur,
2778 3021 2990 3074 tertiam
3020 3029 3224 3088 partem
3254 3030 3446 3090 praeter

213 3115 490 3181 appendices
516 3116 780 3185 adjunxi.
807 3115 941 3172 Cum
966 3115 1130 3184 igitur
1157 3115 1328 3168 omnis
1354 3116 1569 3184 scriptio
1594 3132 1732 3169 nunc
1778 3117 1987 3170 demum
2012 3114 2253 3168 absoluta
2275 3112 2481 3181 judicio
2516 3112 2841 3165 eruditorum
2865 3110 3191 3180 subjicienda
3216 3113 3446 3181 mihique

213 3206 459 3259 terendum
483 3208 581 3270 sit,
615 3222 680 3260 ne
712 3205 868 3259 multi
898 3205 1172 3261 mirantes.
1196 3205 1334 3273 quod
1356 3220 1449 3274 ego
1477 3206 1541 3258 de
1577 3205 1792 3259 obscuro
1814 3203 1993 3259 steculi
2029 3204 2197 3274 quinti
2227 3202 2479 3255 monacho
2516 3203 2629 3271 fuse
2666 3211 2716 3256 et
2748 3202 2951 3271 copiose
2976 3204 3234 3268 disserui,
3266 3204 3447 3274 inique

211 3295 268 3349 de
294 3313 367 3351 me
390 3300 746 3369 prejudicent
765 3338 781 3362 ,
813 3298 1000 3366 paucis
1018 3337 1034 3362 ,
1058 3296 1148 3366 qui
1168 3298 1370 3368 factum
1392 3298 1459 3351 sit
1483 3337 1500 3362 ,
1527 3306 1584 3351 ut
1610 3298 1703 3351 hoc
1737 3312 1848 3367 prce
1870 3296 2071 3350 caeteris
2099 3294 2345 3366 elegerim
2370 3304 2736 3365 argumentum
2756 3336 2774 3361 ,
2805 3304 2929 3348 ante
2954 3294 3219 3365 explicare
3247 3296 3442 3367 placet,

212 3402 349 3456 quam
374 3390 613 3444 instituti
635 3390 899 3443 rationem
920 3404 1201 3457 exponam.

269 3476 393 3533 Nam
416 3482 554 3549 quod
593 3478 862 3534 Semlerus
885 3519 900 3544 ,
934 3496 1086 3550 quem
1112 3480 1269 3534 nimis
1293 3497 1529 3535 severam
1563 3480 1627 3534 de
1658 3479 1908 3534 Patribus
1951 3478 2313 3535 ecclesiasticis
2349 3493 2704 3547 stepenumero
2758 3478 2937 3533 tulisse
2975 3479 3290 3533 sententiam
3319 3495 3446 3533 con-

211 3578 328 3635 stat,
352 3571 404 3623 in
432 3569 678 3626 Seiectis
706 3570 951 3625 historiae
978 3572 1363 3627 ecclesiastica;
1391 3571 1675 3642 Capitibus
1694 3613 1709 3637 ,
1742 3571 1845 3627 vol.
1877 3574 1929 3636 1,
1954 3584 2008 3640 ρ.
2030 3570 2137 3627 284
2154 3608 2170 3634 ,
2197 3570 2462 3625 Isidorum
2485 3569 2813 3623 Pelusiotam
2852 3569 3128 3639 Theophila
3156 3586 3221 3624 ac
3249 3568 3447 3640 Cyrillo

211 3677 533 3734 repugnasse,
582 3663 807 3732 ejusque
848 3663 1098 3732 epistolas
1146 3664 1395 3734 ingenua:
1437 3665 1757 3734 plerumque
1801 3663 1998 3718 indolis
2027 3663 2197 3718 vastis
2245 3661 2542 3716 multorum
2598 3664 2922 3733 corporibus
2978 3664 3137 3735 longe
3198 3665 3449 3719 utiliores

214 3767 332 3820 esse,
357 3756 611 3819 tradidit,
643 3755 697 3808 id
718 3755 981 3823 imprimis
1013 3772 1095 3809 me
1118 3755 1352 3824 impulit,
1373 3764 1430 3808 ut
1466 3756 1523 3809 in
1550 3756 1708 3824 hujus
1739 3756 1839 3809 viri
1862 3756 2050 3822 vitam,
2078 3758 2273 3827 scripta
2304 3764 2353 3810 et
2388 3756 2684 3808 doctrinam
2711 3755 2970 3825 singulari
2995 3755 3169 3810 studio
3207 3758 3448 3821 inquire-

214 3861 318 3901 rem.
337 3847 516 3917 Neque
544 3857 809 3917 suscepta
840 3865 921 3902 me
947 3848 1157 3918 panitet
1183 3863 1376 3917 operte.
1412 3846 1556 3900 Nam
1591 3863 1709 3899 cum
1737 3846 1973 3902 Isidorus
1992 3886 2007 3908 ,
2034 3849 2115 3903 vir
2141 3858 2188 3902 et
2217 3848 2469 3917 doctrina:
2509 3848 2682 3917 copia,
2722 3857 2773 3901 et
2803 3849 2924 3903 vitae
2949 3850 3250 3921 integritate
3273 3849 3448 3905 excel-

210 3931 333 4004 lens,
356 3942 536 3993 eodem
564 3949 804 4008 tempore
842 3956 945 4010 quo
985 3940 1469 4010 potentissimarum
1500 3938 1856 3993 Ecclesiarum
1884 3942 2148 3995 antistites
2177 3942 2314 3994 inter
2336 3956 2446 3994 sese
2482 3949 2750 3994 certarunt
2768 3983 2783 4007 ,
2810 3943 3021 4011 ﬂoreret
3041 3984 3057 4007 ,
3088 3944 3317 4013 primum
3337 3942 3449 3997 ille

206 4027 326 4083 inter
352 4033 597 4101 ejusdem
613 4031 879 4091 epistolas.
897 4048 961 4085 ex
976 4031 1163 4101 quibus
1189 4042 1301 4086 tum
1324 4032 1448 4102 quid
1468 4031 1724 4101 ipse,tum
1742 4032 1868 4102 quid
1894 4032 1993 4085 alii
2008 4034 2071 4087 de
2089 4033 2449 4102 episcoporum
2477 4032 2705 4086 dissidiis
2730 4035 3031 4099 statuerint,
3046 4033 3449 4103 apparet,haud

205 4126 338 4189 porri
366 4126 627 4180 momenti
647 4135 789 4179 sunt.
821 4124 972 4189 Quod
996 4134 1053 4179 ut
1078 4126 1373 4195 probemus,
1399 4126 1741 4194 testiﬁcamur
1768 4143 1899 4197 quas
1927 4127 2067 4180 dedit
2096 4125 2186 4179 ille
2213 4129 2283 4179 ad
2314 4123 2656 4179 Theodosium
2692 4126 3064 4195 imperatorem
3091 4127 3295 4182 litteras
3319 4129 3452 4199 περὶ

206 4215 289 4269 τοῦ
328 4217 667 4289 ποιήσασθαι
707 4217 1009 4287 ἀσφάλειαν
1034 4217 1136 4287 τῆς
1189 4217 1431 4280 συνόδου,
1476 4219 1541 4271 de
1592 4217 1755 4271 securi

1919 4218 2136 4286 synodo.
2166 4220 2468 4285 praestanda
2512 4218 2625 4286 (lib.
2676 4233 2715 4283 ι,
2776 4235 2858 4287 ep.
2892 4219 3015 4284 5H,
3051 4218 3122 4274 cf.
3155 4219 3450 4277 Comment.

207 4327 253 4377 p.
272 4311 379 4378 20),
406 4314 726 4383 quibuscum
766 4327 930 4381 quam
974 4311 1246 4381 aptissime
1272 4327 1538 4376 connexis,
1559 4326 1677 4381 qua:
1705 4310 1775 4364 ad
1800 4308 2079 4380 Cyrillum,
2108 4327 2187 4376 eo,
2220 4328 2322 4382 quo
2349 4313 2431 4365 hic
2454 4311 2719 4381 Ephesum
2751 4313 2945 4378 adiret,
2978 4322 3207 4383 tempore
3239 4315 3453 4385 scriptte

206 4415 333 4468 sunt,
363 4406 417 4459 in
446 4407 637 4474 quibus
665 4406 981 4477 gravissima
1000 4406 1111 4458 Iure
1140 4413 1348 4459 exstant
1379 4406 1535 4459 verba
1564 4422 1585 4459 :
1615 4404 1755 4460 Πολλ

1901 4405 1949 4476 ip
1971 4422 2031 4458 σε
2058 4404 2383 4476 κωμῳδοῦσι
2401 4404 2508 4458 τῶν
2529 4403 2955 4474 συνειλεγμένων
2978 4406 3058 4468 εἰς
3090 4404 3342 4473 Ἔφεσον,
3373 4404 3450 4469 ὡς

204 4500 398 4554 οἰκείαν
420 4502 769 4571 ἀμυνόμενον
795 4498 1018 4571 ἔχθραν,
1045 4500 1164 4553 ἀλλ’
1191 4500 1254 4553 οὐ
1278 4500 1349 4553 τὰ
1381 4500 1559 4572 Ἰησοῦ
1588 4499 1829 4570 Χριστοῦ
1877 4498 2173 4571 ὀρθοδόξως
2210 4498 2497 4571 ζητοῦντα.
2531 4496 2866 4567 Ἀδελφιδοΰς
2889 4500 3039 4563 ἐστι,
3069 4498 3229 4567 φασὶ,
3255 4497 3448 4568 Θεοφι-

204 4591 310 4657 λου,
339 4593 683 4664 μιμούμενος
710 4594 924 4646 ἐκείνου
957 4594 1055 4665 τὴν
1081 4594 1328 4666 γνώμην.
1363 4595 1571 4665 Ὥσπερ
1604 4594 1715 4665 γὰρ
1736 4596 1945 4658 ἐκεῖνος
1972 4594 2171 4665 μανίαν
2203 4596 2349 4667 σαφῆ
2376 4594 2746 4649 κατεσκέδασε
2775 4594 2870 4647 τοῦ
2901 4592 3163 4665 θεοφόρου
3202 4594 3298 4648 καὶ
3328 4594 3451 4649 θεο-

207 4689 380 4758 φιλοῦς
413 4692 671 4746 Ἰωάννου
690 4731 705 4756 ,
735 4688 908 4752 οὕτως
931 4689 1193 4762 ἐπιθυμεῖ
1220 4688 1606 4760 καυχήσασθαι
1642 4687 1788 4761 [οοιΙ.
1816 4689 1961 4745 ιΒθν.
1996 4688 2327 4761 καυχᾶσθαι]
2353 4689 2446 4743 καὶ
2476 4681 2631 4751 οὗτος
2648 4728 2664 4751 ,
2689 4689 2738 4742 ει
2768 4688 2861 4742 καὶ
2890 4687 3026 4742 πολὺ
3053 4688 3165 4742 τῶν
3190 4690 3449 4760 κρινομέ-

206 4795 303 4832 νων
326 4782 445 4834 ἐστὶ
475 4781 540 4835 τὸ
573 4780 855 4850 διάφορον.
878 4809 951 4819 -
978 4778 1091 4833 Lib.
1127 4794 1167 4846 ι,
1195 4797 1276 4850 ep.
1316 4778 1442 4835 510.
1478 4778 1562 4850 Cf.
1594 4777 1755 4835 Comn

1916 4795 1971 4848 p.
1999 4776 2090 4833 20.
2112 4808 2184 4820 —
2211 4779 2296 4833 Ea:
2327 4780 2406 4835 his
2435 4781 2575 4835 enim
2609 4779 2865 4849 quomodo
2891 4777 3063 4842 multi,
3095 4781 3192 4834 etsi
3218 4781 3453 4837 Nestorii

202 4873 490 4926 doctrinam
515 4872 833 4942 rejecerunt,
865 4869 1239 4941 Egyptiorum
1267 4872 1495 4941 episcopi
1524 4888 1650 4941 erga
1678 4870 2014 4943 Theophilum
2034 4872 2155 4942 jam
2180 4873 2480 4943 defunctum
2515 4881 2564 4927 et
2602 4871 2856 4943 Cyrillum
2888 4872 3113 4925 animati
3137 4874 3350 4944 fuerint,
3380 4873 3453 4928 li-

202 4975 276 5017 cet
299 4966 562 5036 colligere.
588 4963 774 5033 Neque
801 4962 897 5015 hoc
925 4961 1036 5016 loco
1067 4964 1515 5033 praetermittenda
1542 4974 1664 5017 sunt
1681 4964 1891 5019 silentio
1913 5004 1929 5030 ,
1959 4979 2077 5036 quce
2103 4963 2339 5018 Isidorus
2379 4965 2451 5019 ad
2489 4964 2756 5020 Simonem
2795 4965 3107 5018 monachum
3146 4966 3210 5019 de
3243 4964 3455 5020 Joanne

202 5056 565 5128 Chrysostomo
603 5062 813 5128 scripsit
851 5073 899 5117 et
929 5059 1235 5129 Theophila,
1270 5075 1424 5129 quem
1464 5057 1731 5129 λιοομανῆ

1903 5056 2275 5128 χρυσολάτρην
2312 5057 2408 5127 (sic
2444 5060 2582 5114 enim
2606 5077 2702 5128 pro
2734 5058 3095 5131 χρυσολάτριν
3123 5060 3452 5115 scribendum

202 5152 318 5219 est),
349 5152 609 5221 appellat,
639 5154 775 5207 nihil
800 5154 952 5208 aliud
979 5154 1057 5206 his
1089 5138 1254 5205 verbis
1279 5150 1696 5220 signiﬁcaturus.
1728 5166 1890 5220 quam
1922 5150 2260 5221 Theophilum
2288 5151 2453 5205 nimia
2480 5151 2711 5219 wdiﬁcia
2743 5152 3045 5205 exstruendi
3073 5151 3336 5219 cupidine,
3370 5153 3454 5205 ni-

200 5247 403 5316 mioque
431 5246 558 5299 auri
592 5264 773 5301 amore
801 5249 1121 5317 ﬂagrantem
1149 5244 1310 5298 etiam
1339 5243 1539 5311 injuslo
1576 5243 1728 5296 modo
1768 5241 1870 5295 sibi
1913 5258 2248 5312 comparasse
2281 5242 2515 5297 divitias.
2542 5241 2656 5307 Quo
2686 5241 2884 5297 Isidori
2923 5243 3129 5313 judicio
3159 5242 3351 5296 mirum
3394 5243 3454 5296 in

201 5339 413 5391 modum
446 5338 811 5406 conﬁrmatur,
843 5340 983 5409 quod
1004 5335 1305 5397 Palladius,
1338 5350 1491 5405 quem
1520 5334 1672 5387 multi
1698 5350 1819 5387 cum
1844 5335 1928 5387 ira
1971 5343 2019 5387 et
2052 5335 2227 5388 studio
2252 5335 2520 5403 scripsisse
2564 5336 2895 5405 a/ﬁrmarunt
2914 5374 2930 5398 ,
2960 5335 3210 5400 tradidit,
3239 5337 3455 5391 antisti-

203 5439 300 5484 tem
325 5429 752 5484 Alexandriuum
784 5430 1008 5483 nimiam
1035 5428 1331 5482 adhibuisse
1378 5427 1435 5481 in
1484 5427 1711 5480 ecclesiis
1765 5427 2093 5497 aediﬁcandis
2136 5428 2585 5499 magniﬁcentiam
2604 5470 2618 5495 ,
2646 5445 2867 5500 eumque
2895 5429 3183 5484 vendidisse
3208 5431 3455 5485 sacerdo-

207 5520 351 5573 tium.
387 5518 583 5591 [Dial.,
613 5519 679 5573 de
706 5517 817 5573 vita
848 5516 909 5572 S.
936 5516 1163 5571 Joannis
1189 5515 1558 5587 Chrysostomi
1584 5514 1712 5588 (a).]
1734 5515 1954 5587 Reliqua
1984 5532 2101 5586 quis
2130 5517 2232 5572 huc
2264 5527 2502 5587 spectant
2527 5520 2584 5575 in
2619 5519 2793 5590 prima
2826 5523 3277 5578 commentationis
3303 5530 3459 5591 parte

206 5620 293 5663 aut
315 5610 628 5681 perstrinxi,
658 5620 753 5665 aut
781 5609 1015 5681 deposui.

268 5752 337 5813 ιι)
361 5752 491 5815 Opp.
520 5750 772 5811 (Σὴθ-ωσι.
797 5756 980 5799 nostra
1002 5748 1125 5799 edit.
1160 5754 1279 5799 tom.
1313 5748 1355 5813 ι,
1387 5750 1485 5801 col.
1517 5749 1600 5801 22.
1630 5750 1770 5802 Eois.
1801 5748 1954 5799 νισι.
3022 5806 3031 5814 ,

517 5836 793 5898 Ρλτιιοι.
836 5836 953 5897 Gn.
992 5836 1308 5899 LXXVIII.
2546 5912 2549 5913 ν
2992 5836 3023 5906 ι

1550 6159 1627 6217 εἴ)
1662 6157 1744 6217 θὟ
1784 6155 1861 6217 “'7'
1898 6155 1978 6215 ‘3
2015 6153 2091 6217 ν)

1694 6210 1723 6272 εἴ
1810 6214 1840 6267 ἰ
1904 6210 1975 6269 πιέν
2017 6210 2092 6267 ,ᾧ
