  <div class='ocr_page' id='page_1' title='image "/cluster/home/n/w/nwhite01/storage/ocr_20150623/78/nnc1.0046980008/011.png"; bbox 0 0 3924 6416; ppageno 0'>
   <div class='ocr_carea' id='block_1_1' title="bbox 450 361 3692 442">
    <p class='ocr_par' dir='ltr' id='par_1_1' title="bbox 450 361 3692 442">
     <span class='ocr_line' id='line_1_1' title="bbox 450 361 3692 442; baseline -0.001 -13"><span class='ocrx_word' id='word_1_1' title='bbox 450 374 514 442; x_wconf 82' lang='lat'><strong>11</strong></span> <span class='ocrx_word' id='word_1_2' title='bbox 880 420 883 425; x_wconf 81' lang='grc'>.</span> <span class='ocrx_word' id='word_1_3' title='bbox 1317 367 1416 428; x_wconf 84' lang='lat' dir='ltr'><strong><em>DE</em></strong></span> <span class='ocrx_word' id='word_1_4' title='bbox 1453 364 1763 427; x_wconf 83' lang='lat' dir='ltr'><strong><em>lSIDORO</em></strong></span> <span class='ocrx_word' id='word_1_5' title='bbox 1800 361 2218 431; x_wconf 51' lang='lat' dir='ltr'><strong><em>PELBIOTA</em></strong></span> <span class='ocrx_word' id='word_1_6' title='bbox 2251 362 2809 423; x_wconf 79' lang='lat' dir='ltr'><strong><em>COMMENTATIO.</em></strong></span> <span class='ocrx_word' id='word_1_7' title='bbox 3619 361 3692 427; x_wconf 76' lang='lat'><strong><em>12</em></strong></span> 
     </span>
    </p>
   </div>
   <div class='ocr_carea' id='block_1_2' title="bbox 519 471 3688 548">
    <p class='ocr_par' dir='ltr' id='par_1_2' title="bbox 519 471 3688 548">
     <span class='ocr_line' id='line_1_2' title="bbox 519 471 3688 548; baseline -0.003 -10"><span class='ocrx_word' id='word_1_8' title='bbox 519 483 720 539; x_wconf 80' lang='lat' dir='ltr'><strong><em>Deinde</em></strong></span> <span class='ocrx_word' id='word_1_9' title='bbox 744 496 860 536; x_wconf 87' lang='lat' dir='ltr'><strong><em>vero</em></strong></span> <span class='ocrx_word' id='word_1_10' title='bbox 890 471 1132 548; x_wconf 68' lang='lat' dir='ltr'><strong><em>epistolae,</em></strong></span> <span class='ocrx_word' id='word_1_11' title='bbox 1166 476 1220 529; x_wconf 92' lang='lat' dir='ltr'><strong><em>in</em></strong></span> <span class='ocrx_word' id='word_1_12' title='bbox 1250 475 1433 546; x_wconf 86' lang='lat' dir='ltr'><strong><em>quibus</em></strong></span> <span class='ocrx_word' id='word_1_13' title='bbox 1463 472 1730 528; x_wconf 86' lang='lat' dir='ltr'><strong><em>Pelusiota</em></strong></span> <span class='ocrx_word' id='word_1_14' title='bbox 1762 471 1898 525; x_wconf 86' lang='lat' dir='ltr'><strong><em>locos</em></strong></span> <span class='ocrx_word' id='word_1_15' title='bbox 1915 488 1978 525; x_wconf 79' lang='lat' dir='ltr'><strong><em>ea:</em></strong></span> <span class='ocrx_word' id='word_1_16' title='bbox 2019 471 2422 542; x_wconf 73' lang='lat' dir='ltr'><strong><em>antiquitatibus</em></strong></span> <span class='ocrx_word' id='word_1_17' title='bbox 2446 471 2766 527; x_wconf 77' lang='lat' dir='ltr'><strong><em>Christianis</em></strong></span> <span class='ocrx_word' id='word_1_18' title='bbox 2788 474 2933 543; x_wconf 86' lang='lat' dir='ltr'><strong><em>petiit</em></strong></span> <span class='ocrx_word' id='word_1_19' title='bbox 2962 509 2976 535; x_wconf 88' lang='lat'><strong><em>,</em></strong></span> <span class='ocrx_word' id='word_1_20' title='bbox 3006 482 3299 527; x_wconf 86' lang='lat' dir='ltr'><strong><em>memoratu</em></strong></span> <span class='ocrx_word' id='word_1_21' title='bbox 3329 488 3431 527; x_wconf 85' lang='lat' dir='ltr'><strong><em>non</em></strong></span> <span class='ocrx_word' id='word_1_22' title='bbox 3454 472 3688 544; x_wconf 64' lang='lat' dir='ltr'><strong><em>indigne</em></strong></span> 
     </span>
    </p>
   </div>
   <div class='ocr_carea' id='block_1_3' title="bbox 450 564 3691 644">
    <p class='ocr_par' dir='ltr' id='par_1_3' title="bbox 450 564 3691 644">
     <span class='ocr_line' id='line_1_3' title="bbox 450 564 3691 644; baseline -0.003 -15"><span class='ocrx_word' id='word_1_23' title='bbox 450 584 592 629; x_wconf 83' lang='lat' dir='ltr'><strong><em>sunt.</em></strong></span> <span class='ocrx_word' id='word_1_24' title='bbox 623 573 975 644; x_wconf 83' lang='lat' dir='ltr'><strong><em>Conferantur</em></strong></span> <span class='ocrx_word' id='word_1_25' title='bbox 1011 586 1122 637; x_wconf 70' lang='lat' dir='ltr'><strong><em>pra:</em></strong></span> <span class='ocrx_word' id='word_1_26' title='bbox 1152 568 1352 623; x_wconf 70' lang='lat' dir='ltr'><strong><em>ca’teris</em></strong></span> <span class='ocrx_word' id='word_1_27' title='bbox 1380 583 1497 637; x_wconf 80' lang='lat' dir='ltr'><strong><em>qua:</em></strong></span> <span class='ocrx_word' id='word_1_28' title='bbox 1518 567 1649 619; x_wconf 60' lang='lat' dir='ltr'><strong><em>dixit</em></strong></span> <span class='ocrx_word' id='word_1_29' title='bbox 1686 564 1776 617; x_wconf 93' lang='lat' dir='ltr'><strong><em>ille</em></strong></span> <span class='ocrx_word' id='word_1_30' title='bbox 1830 566 1895 618; x_wconf 92' lang='lat' dir='ltr'><strong><em>de</em></strong></span> <span class='ocrx_word' id='word_1_31' title='bbox 1944 565 2286 618; x_wconf 88' lang='lat' dir='ltr'><strong><em>diaconorum</em></strong></span> <span class='ocrx_word' id='word_1_32' title='bbox 2332 566 2592 635; x_wconf 84' lang='lat' dir='ltr'><strong><em>gravitate</em></strong></span> <span class='ocrx_word' id='word_1_33' title='bbox 2633 566 2744 635; x_wconf 86' lang='lat' dir='ltr'><strong><em>(lib.</em></strong></span> <span class='ocrx_word' id='word_1_34' title='bbox 2782 583 2824 631; x_wconf 91' lang='lat' dir='ltr'><strong><em>I,</em></strong></span> <span class='ocrx_word' id='word_1_35' title='bbox 2858 583 2940 635; x_wconf 91' lang='lat' dir='ltr'><strong><em>ep.</em></strong></span> <span class='ocrx_word' id='word_1_36' title='bbox 2970 566 3062 635; x_wconf 73' lang='lat'><strong>29)</strong></span> <span class='ocrx_word' id='word_1_37' title='bbox 3084 608 3099 632; x_wconf 95' lang='lat'><strong><em>,</em></strong></span> <span class='ocrx_word' id='word_1_38' title='bbox 3127 568 3191 620; x_wconf 91' lang='lat' dir='ltr'><strong><em>de</em></strong></span> <span class='ocrx_word' id='word_1_39' title='bbox 3230 576 3533 621; x_wconf 88' lang='lat' dir='ltr'><strong><em>sanctorum</em></strong></span> <span class='ocrx_word' id='word_1_40' title='bbox 3560 568 3691 622; x_wconf 87' lang='lat' dir='ltr'><strong><em>reli-</em></strong></span> 
     </span>
    </p>
   </div>
   <div class='ocr_carea' id='block_1_4' title="bbox 452 657 3692 737">
    <p class='ocr_par' dir='ltr' id='par_1_4' title="bbox 452 657 3692 737">
     <span class='ocr_line' id='line_1_4' title="bbox 452 657 3692 737; baseline -0.002 -18"><span class='ocrx_word' id='word_1_41' title='bbox 452 667 589 737; x_wconf 86' lang='lat' dir='ltr'><strong><em>quiis</em></strong></span> <span class='ocrx_word' id='word_1_42' title='bbox 636 664 767 736; x_wconf 82' lang='lat' dir='ltr'><strong><em>(lib.</em></strong></span> <span class='ocrx_word' id='word_1_43' title='bbox 800 681 853 729; x_wconf 91' lang='lat' dir='ltr'><strong><em>I,</em></strong></span> <span class='ocrx_word' id='word_1_44' title='bbox 886 679 967 730; x_wconf 88' lang='lat' dir='ltr'><strong><em>ep.</em></strong></span> <span class='ocrx_word' id='word_1_45' title='bbox 1000 662 1098 726; x_wconf 78' lang='lat'><strong><em>55;</em></strong></span> <span class='ocrx_word' id='word_1_46' title='bbox 1133 662 1200 729; x_wconf 92' lang='lat' dir='ltr'><strong><em>cf.</em></strong></span> <span class='ocrx_word' id='word_1_47' title='bbox 1229 659 1318 713; x_wconf 88' lang='lat' dir='ltr'><strong><em>lib.</em></strong></span> <span class='ocrx_word' id='word_1_48' title='bbox 1344 675 1382 713; x_wconf 89' lang='grc' dir='ltr'><strong><em>ιι</em></strong></span> <span class='ocrx_word' id='word_1_49' title='bbox 1403 699 1418 724; x_wconf 87' lang='grc'><em>,</em></span> <span class='ocrx_word' id='word_1_50' title='bbox 1446 674 1529 728; x_wconf 91' lang='lat' dir='ltr'><strong><em>ep.</em></strong></span> <span class='ocrx_word' id='word_1_51' title='bbox 1561 657 1627 725; x_wconf 84' lang='lat'><strong><em>5)</em></strong></span> <span class='ocrx_word' id='word_1_52' title='bbox 1650 698 1665 718; x_wconf 89' lang='lat'><strong><em>,</em></strong></span> <span class='ocrx_word' id='word_1_53' title='bbox 1704 657 1769 709; x_wconf 83' lang='lat' dir='ltr'><strong><em>de</em></strong></span> <span class='ocrx_word' id='word_1_54' title='bbox 1807 668 1965 710; x_wconf 89' lang='lat' dir='ltr'><strong><em>cantu</em></strong></span> <span class='ocrx_word' id='word_1_55' title='bbox 1997 658 2274 710; x_wconf 80' lang='lat' dir='ltr'><strong><em>mulierum</em></strong></span> <span class='ocrx_word' id='word_1_56' title='bbox 2301 658 2356 709; x_wconf 92' lang='lat' dir='ltr'><strong><em>in</em></strong></span> <span class='ocrx_word' id='word_1_57' title='bbox 2377 657 2602 710; x_wconf 86' lang='lat' dir='ltr'><strong><em>ecclesiis</em></strong></span> <span class='ocrx_word' id='word_1_58' title='bbox 2626 657 2737 725; x_wconf 90' lang='lat' dir='ltr'><strong><em>(lib.</em></strong></span> <span class='ocrx_word' id='word_1_59' title='bbox 2766 673 2802 720; x_wconf 87' lang='grc' dir='ltr'><strong><em>ι,</em></strong></span> <span class='ocrx_word' id='word_1_60' title='bbox 2829 674 2911 727; x_wconf 91' lang='lat' dir='ltr'><strong><em>ep.</em></strong></span> <span class='ocrx_word' id='word_1_61' title='bbox 2943 657 3055 729; x_wconf 88' lang='lat'><strong>90),</strong></span> <span class='ocrx_word' id='word_1_62' title='bbox 3088 659 3151 712; x_wconf 91' lang='lat' dir='ltr'><strong><em>de</em></strong></span> <span class='ocrx_word' id='word_1_63' title='bbox 3171 659 3400 729; x_wconf 89' lang='lat' dir='ltr'><strong><em>formula</em></strong></span> <span class='ocrx_word' id='word_1_64' title='bbox 3430 677 3449 714; x_wconf 89' lang='lat'><strong><em>:</em></strong></span> <span class='ocrx_word' id='word_1_65' title='bbox 3481 661 3692 734; x_wconf 74' lang='grc' dir='ltr'><strong><em>Εἰρήνη</em></strong></span> 
     </span>
    </p>
   </div>
   <div class='ocr_carea' id='block_1_5' title="bbox 454 753 3691 829">
    <p class='ocr_par' dir='ltr' id='par_1_5' title="bbox 454 753 3691 829">
     <span class='ocr_line' id='line_1_5' title="bbox 454 753 3691 829; baseline -0 -17"><span class='ocrx_word' id='word_1_66' title='bbox 454 761 604 829; x_wconf 83' lang='grc' dir='ltr'>ὑμῖν.</span> <span class='ocrx_word' id='word_1_67' title='bbox 637 776 742 829; x_wconf 88' lang='lat' dir='ltr'><strong><em>qua</em></strong></span> <span class='ocrx_word' id='word_1_68' title='bbox 789 757 1083 812; x_wconf 89' lang='lat' dir='ltr'><strong><em>sacerdotes</em></strong></span> <span class='ocrx_word' id='word_1_69' title='bbox 1119 755 1211 809; x_wconf 87' lang='lat' dir='ltr'><strong><em>illo</em></strong></span> <span class='ocrx_word' id='word_1_70' title='bbox 1254 763 1481 822; x_wconf 91' lang='lat' dir='ltr'><strong><em>tempore</em></strong></span> <span class='ocrx_word' id='word_1_71' title='bbox 1523 753 1888 807; x_wconf 81' lang='lat' dir='ltr'><strong><em>concionantes</em></strong></span> <span class='ocrx_word' id='word_1_72' title='bbox 1929 753 2008 805; x_wconf 86' lang='lat' dir='ltr'><strong><em>uti</em></strong></span> <span class='ocrx_word' id='word_1_73' title='bbox 2048 763 2440 814; x_wconf 86' lang='lat' dir='ltr'><strong><em>consueverunt,</em></strong></span> <span class='ocrx_word' id='word_1_74' title='bbox 2469 754 2874 822; x_wconf 83' lang='lat' dir='ltr'><strong><em>auditorumque</em></strong></span> <span class='ocrx_word' id='word_1_75' title='bbox 2899 755 2970 807; x_wconf 91' lang='lat' dir='ltr'><strong><em>ad</em></strong></span> <span class='ocrx_word' id='word_1_76' title='bbox 2996 753 3115 807; x_wconf 89' lang='lat' dir='ltr'><strong><em>illos</em></strong></span> <span class='ocrx_word' id='word_1_77' title='bbox 3143 757 3477 825; x_wconf 69' lang='lat' dir='ltr'><strong><em>responsione</em></strong></span> <span class='ocrx_word' id='word_1_78' title='bbox 3506 757 3619 828; x_wconf 89' lang='lat' dir='ltr'><strong><em>(lib.</em></strong></span> <span class='ocrx_word' id='word_1_79' title='bbox 3650 774 3691 824; x_wconf 93' lang='lat' dir='ltr'><strong><em>I,</em></strong></span> 
     </span>
    </p>
   </div>
   <div class='ocr_carea' id='block_1_6' title="bbox 464 846 3698 924">
    <p class='ocr_par' dir='ltr' id='par_1_6' title="bbox 464 846 3698 924">
     <span class='ocr_line' id='line_1_6' title="bbox 464 846 3698 924; baseline -0.001 -18"><span class='ocrx_word' id='word_1_80' title='bbox 464 870 547 920; x_wconf 79' lang='lat' dir='ltr'><strong><em>cp.</em></strong></span> <span class='ocrx_word' id='word_1_81' title='bbox 578 852 702 919; x_wconf 61' lang='grc' dir='ltr'><strong><em>ηε)</em></strong></span> <span class='ocrx_word' id='word_1_82' title='bbox 723 894 737 917; x_wconf 93' lang='grc'><em>,</em></span> <span class='ocrx_word' id='word_1_83' title='bbox 762 854 825 906; x_wconf 90' lang='lat' dir='ltr'><strong><em>de</em></strong></span> <span class='ocrx_word' id='word_1_84' title='bbox 859 852 1018 905; x_wconf 91' lang='lat' dir='ltr'><strong><em>linteo</em></strong></span> <span class='ocrx_word' id='word_1_85' title='bbox 1046 848 1182 921; x_wconf 90' lang='lat' dir='ltr'><strong><em>quod</em></strong></span> <span class='ocrx_word' id='word_1_86' title='bbox 1215 849 1425 902; x_wconf 90' lang='lat' dir='ltr'><strong><em>diaconi</em></strong></span> <span class='ocrx_word' id='word_1_87' title='bbox 1462 864 1671 901; x_wconf 88' lang='lat' dir='ltr'><strong><em>sacram</em></strong></span> <span class='ocrx_word' id='word_1_88' title='bbox 1701 847 2017 900; x_wconf 76' lang='lat' dir='ltr'><strong><em>celebrantes</em></strong></span> <span class='ocrx_word' id='word_1_89' title='bbox 2039 862 2237 900; x_wconf 75' lang='lat' dir='ltr'><strong><em>caenam</em></strong></span> <span class='ocrx_word' id='word_1_90' title='bbox 2264 846 2605 900; x_wconf 90' lang='lat' dir='ltr'><strong><em>adhibuerunt</em></strong></span> <span class='ocrx_word' id='word_1_91' title='bbox 2637 847 2749 917; x_wconf 83' lang='lat' dir='ltr'><strong><em>(lib.</em></strong></span> <span class='ocrx_word' id='word_1_92' title='bbox 2782 864 2804 924; x_wconf 53' lang='grc' dir='ltr'>ξ</span> <span class='ocrx_word' id='word_1_93' title='bbox 2818 886 2834 912; x_wconf 86' lang='grc'><em>,</em></span> <span class='ocrx_word' id='word_1_94' title='bbox 2866 864 2947 917; x_wconf 93' lang='lat' dir='ltr'><strong><em>ep.</em></strong></span> <span class='ocrx_word' id='word_1_95' title='bbox 2987 847 3133 918; x_wconf 79' lang='grc'><strong><em>156),</em></strong></span> <span class='ocrx_word' id='word_1_96' title='bbox 3161 856 3209 901; x_wconf 91' lang='lat' dir='ltr'><strong><em>et</em></strong></span> <span class='ocrx_word' id='word_1_97' title='bbox 3230 849 3294 901; x_wconf 92' lang='lat' dir='ltr'><strong><em>de</em></strong></span> <span class='ocrx_word' id='word_1_98' title='bbox 3322 850 3500 916; x_wconf 86' lang='lat' dir='ltr'><strong><em>parvis</em></strong></span> <span class='ocrx_word' id='word_1_99' title='bbox 3519 891 3534 915; x_wconf 98' lang='lat'><strong><em>,</em></strong></span> <span class='ocrx_word' id='word_1_100' title='bbox 3575 866 3698 920; x_wconf 70' lang='lat' dir='ltr'><strong><em>qua:</em></strong></span> 
     </span>
    </p>
   </div>
   <div class='ocr_carea' id='block_1_7' title="bbox 459 940 3699 1020">
    <p class='ocr_par' dir='ltr' id='par_1_7' title="bbox 459 940 3699 1020">
     <span class='ocr_line' id='line_1_7' title="bbox 459 940 3699 1020; baseline -0.001 -17"><span class='ocrx_word' id='word_1_101' title='bbox 459 950 701 1003; x_wconf 75' lang='lat' dir='ltr'><strong><em>mulieres</em></strong></span> <span class='ocrx_word' id='word_1_102' title='bbox 722 957 1009 1020; x_wconf 79' lang='lat' dir='ltr'><strong><em>gestarant,</em></strong></span> <span class='ocrx_word' id='word_1_103' title='bbox 1042 946 1321 1017; x_wconf 88' lang='lat' dir='ltr'><strong><em>evangeliis</em></strong></span> <span class='ocrx_word' id='word_1_104' title='bbox 1342 945 1452 1014; x_wconf 89' lang='lat' dir='ltr'><strong><em>(lib.</em></strong></span> <span class='ocrx_word' id='word_1_105' title='bbox 1478 959 1536 1009; x_wconf 92' lang='lat' dir='ltr'><strong><em>ll,</em></strong></span> <span class='ocrx_word' id='word_1_106' title='bbox 1566 960 1648 1010; x_wconf 91' lang='lat' dir='ltr'><strong><em>ep.</em></strong></span> <span class='ocrx_word' id='word_1_107' title='bbox 1686 943 1819 1009; x_wconf 71' lang='lat'><strong><em>150;</em></strong></span> <span class='ocrx_word' id='word_1_108' title='bbox 1845 946 1941 1013; x_wconf 91' lang='lat' dir='ltr'><strong><em>cfr.</em></strong></span> <span class='ocrx_word' id='word_1_109' title='bbox 1972 941 2261 997; x_wconf 87' lang='lat' dir='ltr'><strong><em>Comment.</em></strong></span> <span class='ocrx_word' id='word_1_110' title='bbox 2291 940 2419 1011; x_wconf 76' lang='lat' dir='ltr'><strong><em>[co].</em></strong></span> <span class='ocrx_word' id='word_1_111' title='bbox 2437 942 2505 996; x_wconf 88' lang='grc'><strong><em>97</em></strong></span> <span class='ocrx_word' id='word_1_112' title='bbox 2530 941 2596 1014; x_wconf 86' lang='grc' dir='ltr'><strong><em>Α]</em></strong></span> <span class='ocrx_word' id='word_1_113' title='bbox 2617 945 2655 1010; x_wconf 86' lang='grc'><strong>).</strong></span> <span class='ocrx_word' id='word_1_114' title='bbox 2678 943 2860 1013; x_wconf 86' lang='lat' dir='ltr'><strong><em>Neque</em></strong></span> <span class='ocrx_word' id='word_1_115' title='bbox 2888 946 3301 1012; x_wconf 66' lang='lat' dir='ltr'><strong><em>praetereundum</em></strong></span> <span class='ocrx_word' id='word_1_116' title='bbox 3324 954 3400 999; x_wconf 91' lang='lat' dir='ltr'><strong><em>est</em></strong></span> <span class='ocrx_word' id='word_1_117' title='bbox 3424 950 3558 1012; x_wconf 88' lang='lat' dir='ltr'><strong><em>quod</em></strong></span> <span class='ocrx_word' id='word_1_118' title='bbox 3584 955 3699 1000; x_wconf 84' lang='lat' dir='ltr'><strong><em>tum</em></strong></span> 
     </span>
    </p>
   </div>
   <div class='ocr_carea' id='block_1_8' title="bbox 460 1021 3815 1106">
    <p class='ocr_par' dir='ltr' id='par_1_8' title="bbox 460 1021 3815 1106">
     <span class='ocr_line' id='line_1_8' title="bbox 460 1021 3815 1106; baseline -0.001 -13"><span class='ocrx_word' id='word_1_119' title='bbox 460 1041 584 1094; x_wconf 87' lang='lat' dir='ltr'><strong><em>aliis</em></strong></span> <span class='ocrx_word' id='word_1_120' title='bbox 613 1042 947 1101; x_wconf 89' lang='lat' dir='ltr'><strong><em>testimoniis,</em></strong></span> <span class='ocrx_word' id='word_1_121' title='bbox 986 1049 1095 1091; x_wconf 89' lang='lat' dir='ltr'><strong><em>tum</em></strong></span> <span class='ocrx_word' id='word_1_122' title='bbox 1130 1038 1319 1092; x_wconf 92' lang='lat' dir='ltr'><strong><em>Isidori</em></strong></span> <span class='ocrx_word' id='word_1_123' title='bbox 1344 1037 1669 1106; x_wconf 87' lang='lat' dir='ltr'><strong><em>potissimum</em></strong></span> <span class='ocrx_word' id='word_1_124' title='bbox 1710 1035 1928 1102; x_wconf 89' lang='lat' dir='ltr'><strong><em>epistola</em></strong></span> <span class='ocrx_word' id='word_1_125' title='bbox 1970 1036 2040 1088; x_wconf 93' lang='lat' dir='ltr'><strong><em>ad</em></strong></span> <span class='ocrx_word' id='word_1_126' title='bbox 2084 1034 2339 1104; x_wconf 78' lang='lat' dir='ltr'><strong><em>Cyrillum</em></strong></span> <span class='ocrx_word' id='word_1_127' title='bbox 2382 1036 2509 1088; x_wconf 91' lang='lat' dir='ltr'><strong><em>data</em></strong></span> <span class='ocrx_word' id='word_1_128' title='bbox 2542 1035 2654 1098; x_wconf 91' lang='lat' dir='ltr'><strong><em>(lib.</em></strong></span> <span class='ocrx_word' id='word_1_129' title='bbox 2691 1052 2763 1100; x_wconf 86' lang='lat' dir='ltr'><strong><em>tt,</em></strong></span> <span class='ocrx_word' id='word_1_130' title='bbox 2800 1053 2883 1104; x_wconf 90' lang='lat' dir='ltr'><strong><em>ep.</em></strong></span> <span class='ocrx_word' id='word_1_131' title='bbox 2917 1036 3041 1106; x_wconf 73' lang='lat'><strong>127)</strong></span> <span class='ocrx_word' id='word_1_132' title='bbox 3064 1078 3078 1102; x_wconf 95' lang='lat'><strong><em>,</em></strong></span> <span class='ocrx_word' id='word_1_133' title='bbox 3110 1036 3427 1091; x_wconf 86' lang='lat' dir='ltr'><strong><em>Emmanuel</em></strong></span> <span class='ocrx_word' id='word_1_134' title='bbox 3458 1055 3491 1091; x_wconf 93' lang='lat' dir='ltr'><strong><em>a</em></strong></span> <span class='ocrx_word' id='word_1_135' title='bbox 3521 1036 3700 1092; x_wconf 81' lang='lat' dir='ltr'><strong><em>Schel-</em></strong></span> <span class='ocrx_word' id='word_1_136' title='bbox 3798 1021 3815 1039; x_wconf 74' lang='grc'><em>’</em></span> 
     </span>
    </p>
   </div>
   <div class='ocr_carea' id='block_1_9' title="bbox 454 1123 3694 1199">
    <p class='ocr_par' dir='ltr' id='par_1_9' title="bbox 454 1123 3694 1199">
     <span class='ocr_line' id='line_1_9' title="bbox 454 1123 3694 1199; baseline -0 -14"><span class='ocrx_word' id='word_1_137' title='bbox 454 1140 619 1185; x_wconf 88' lang='lat' dir='ltr'><strong><em>strate</em></strong></span> <span class='ocrx_word' id='word_1_138' title='bbox 642 1132 697 1183; x_wconf 91' lang='lat' dir='ltr'><strong><em>in</em></strong></span> <span class='ocrx_word' id='word_1_139' title='bbox 720 1128 1055 1199; x_wconf 82' lang='lat' dir='ltr'><strong><em>Antiquitate</em></strong></span> <span class='ocrx_word' id='word_1_140' title='bbox 1099 1126 1352 1181; x_wconf 70' lang='lat' dir='ltr'><strong><em>Ecclesia:</em></strong></span> <span class='ocrx_word' id='word_1_141' title='bbox 1382 1125 1853 1179; x_wconf 77' lang='lat' dir='ltr'><strong><em>dissertationibus</em></strong></span> <span class='ocrx_word' id='word_1_142' title='bbox 1883 1132 1940 1179; x_wconf 87' lang='lat' dir='ltr'><strong><em>et</em></strong></span> <span class='ocrx_word' id='word_1_143' title='bbox 1968 1123 2333 1178; x_wconf 80' lang='lat' dir='ltr'><strong><em>monumentis</em></strong></span> <span class='ocrx_word' id='word_1_144' title='bbox 2362 1125 2649 1191; x_wconf 81' lang='lat' dir='ltr'><strong><em>illustrata,</em></strong></span> <span class='ocrx_word' id='word_1_145' title='bbox 2671 1125 2856 1189; x_wconf 90' lang='lat' dir='ltr'><strong><em>vol.II,</em></strong></span> <span class='ocrx_word' id='word_1_146' title='bbox 2876 1127 3001 1180; x_wconf 91' lang='lat' dir='ltr'><strong><em>diss.</em></strong></span> <span class='ocrx_word' id='word_1_147' title='bbox 3035 1144 3089 1190; x_wconf 76' lang='grc' dir='ltr'><strong>ν,</strong></span> <span class='ocrx_word' id='word_1_148' title='bbox 3116 1143 3235 1196; x_wconf 87' lang='lat' dir='ltr'><strong><em>cap.</em></strong></span> <span class='ocrx_word' id='word_1_149' title='bbox 3264 1129 3317 1193; x_wconf 78' lang='lat'><strong><em>3,</em></strong></span> <span class='ocrx_word' id='word_1_150' title='bbox 3352 1127 3378 1198; x_wconf 87' lang='lat'><strong>§</strong></span> <span class='ocrx_word' id='word_1_151' title='bbox 3410 1128 3461 1195; x_wconf 78' lang='grc'><strong><em>1,</em></strong></span> <span class='ocrx_word' id='word_1_152' title='bbox 3493 1146 3546 1198; x_wconf 94' lang='lat' dir='ltr'><strong><em>p.</em></strong></span> <span class='ocrx_word' id='word_1_153' title='bbox 3570 1128 3694 1195; x_wconf 76' lang='lat'><strong><em>568,</em></strong></span> 
     </span>
    </p>
   </div>
   <div class='ocr_carea' id='block_1_10' title="bbox 455 1221 3696 1294">
    <p class='ocr_par' dir='ltr' id='par_1_10' title="bbox 455 1221 3696 1294">
     <span class='ocr_line' id='line_1_10' title="bbox 455 1221 3696 1294; baseline -0.001 -12"><span class='ocrx_word' id='word_1_154' title='bbox 455 1227 580 1292; x_wconf 77' lang='lat'><strong><em>369,</em></strong></span> <span class='ocrx_word' id='word_1_155' title='bbox 619 1227 874 1289; x_wconf 79' lang='lat' dir='ltr'><strong><em>ostendit,</em></strong></span> <span class='ocrx_word' id='word_1_156' title='bbox 906 1222 1250 1292; x_wconf 78' lang='lat' dir='ltr'><strong><em>metropolitte</em></strong></span> <span class='ocrx_word' id='word_1_157' title='bbox 1277 1221 1635 1276; x_wconf 76' lang='lat' dir='ltr'><strong><em>Alexandrino</em></strong></span> <span class='ocrx_word' id='word_1_158' title='bbox 1673 1222 1728 1274; x_wconf 90' lang='lat' dir='ltr'><strong><em>in</em></strong></span> <span class='ocrx_word' id='word_1_159' title='bbox 1770 1222 2005 1274; x_wconf 89' lang='lat' dir='ltr'><strong><em>omnibus</em></strong></span> <span class='ocrx_word' id='word_1_160' title='bbox 2036 1221 2250 1292; x_wconf 64' lang='lat' dir='ltr'><strong><em>[Egypti</em></strong></span> <span class='ocrx_word' id='word_1_161' title='bbox 2278 1222 2553 1292; x_wconf 82' lang='lat' dir='ltr'><strong><em>provinciis</em></strong></span> <span class='ocrx_word' id='word_1_162' title='bbox 2594 1226 2918 1292; x_wconf 81' lang='lat' dir='ltr'><strong><em>presbyteros</em></strong></span> <span class='ocrx_word' id='word_1_163' title='bbox 2952 1224 3253 1289; x_wconf 87' lang='lat' dir='ltr'><strong><em>ordinandi,</em></strong></span> <span class='ocrx_word' id='word_1_164' title='bbox 3273 1226 3626 1294; x_wconf 84' lang='lat' dir='ltr'><strong><em>proscribendi</em></strong></span> <span class='ocrx_word' id='word_1_165' title='bbox 3650 1237 3696 1281; x_wconf 88' lang='lat' dir='ltr'><strong><em>et</em></strong></span> 
     </span>
    </p>
   </div>
   <div class='ocr_carea' id='block_1_11' title="bbox 457 1319 1472 1388">
    <p class='ocr_par' dir='ltr' id='par_1_11' title="bbox 457 1319 1472 1388">
     <span class='ocr_line' id='line_1_11' title="bbox 457 1319 1472 1388; baseline -0.007 -14"><span class='ocrx_word' id='word_1_166' title='bbox 457 1320 738 1374; x_wconf 86' lang='lat' dir='ltr'><strong><em>abdicandi</em></strong></span> <span class='ocrx_word' id='word_1_167' title='bbox 765 1319 855 1388; x_wconf 86' lang='lat' dir='ltr'><strong><em>jus</em></strong></span> <span class='ocrx_word' id='word_1_168' title='bbox 888 1319 1046 1388; x_wconf 90' lang='lat' dir='ltr'><strong><em>fuisse</em></strong></span> <span class='ocrx_word' id='word_1_169' title='bbox 1077 1326 1125 1370; x_wconf 92' lang='lat' dir='ltr'><strong><em>et</em></strong></span> <span class='ocrx_word' id='word_1_170' title='bbox 1149 1324 1472 1385; x_wconf 82' lang='lat' dir='ltr'><strong><em>potestatem.</em></strong></span> 
     </span>
    </p>
   </div>
   <div class='ocr_carea' id='block_1_12' title="bbox 531 1405 3701 1479">
    <p class='ocr_par' dir='ltr' id='par_1_12' title="bbox 531 1405 3701 1479">
     <span class='ocr_line' id='line_1_12' title="bbox 531 1405 3701 1479; baseline -0.001 -12"><span class='ocrx_word' id='word_1_171' title='bbox 531 1411 725 1478; x_wconf 85' lang='lat' dir='ltr'><strong><em>Quibus</em></strong></span> <span class='ocrx_word' id='word_1_172' title='bbox 753 1409 999 1479; x_wconf 75' lang='lat' dir='ltr'><strong><em>exemplis</em></strong></span> <span class='ocrx_word' id='word_1_173' title='bbox 1018 1449 1032 1471; x_wconf 94' lang='lat'><strong><em>,</em></strong></span> <span class='ocrx_word' id='word_1_174' title='bbox 1066 1418 1119 1462; x_wconf 93' lang='lat' dir='ltr'><strong><em>ut</em></strong></span> <span class='ocrx_word' id='word_1_175' title='bbox 1148 1408 1383 1477; x_wconf 85' lang='lat' dir='ltr'><strong><em>equidem</em></strong></span> <span class='ocrx_word' id='word_1_176' title='bbox 1409 1407 1657 1471; x_wconf 87' lang='lat' dir='ltr'><strong><em>arbitror,</em></strong></span> <span class='ocrx_word' id='word_1_177' title='bbox 1684 1407 1814 1460; x_wconf 91' lang='lat' dir='ltr'><strong><em>satis</em></strong></span> <span class='ocrx_word' id='word_1_178' title='bbox 1844 1423 2098 1477; x_wconf 87' lang='lat' dir='ltr'><strong><em>superque</em></strong></span> <span class='ocrx_word' id='word_1_179' title='bbox 2130 1406 2407 1477; x_wconf 89' lang='lat' dir='ltr'><strong><em>probatum</em></strong></span> <span class='ocrx_word' id='word_1_180' title='bbox 2441 1416 2535 1469; x_wconf 88' lang='lat' dir='ltr'><strong><em>est,</em></strong></span> <span class='ocrx_word' id='word_1_181' title='bbox 2567 1405 2757 1460; x_wconf 88' lang='lat' dir='ltr'><strong><em>Isidori</em></strong></span> <span class='ocrx_word' id='word_1_182' title='bbox 2782 1405 3062 1461; x_wconf 83' lang='lat' dir='ltr'><strong><em>Pelusiotce</em></strong></span> <span class='ocrx_word' id='word_1_183' title='bbox 3088 1409 3335 1477; x_wconf 87' lang='lat' dir='ltr'><strong><em>epistolas</em></strong></span> <span class='ocrx_word' id='word_1_184' title='bbox 3365 1410 3596 1465; x_wconf 77' lang='lat' dir='ltr'><strong><em>historice</em></strong></span> <span class='ocrx_word' id='word_1_185' title='bbox 3619 1428 3701 1465; x_wconf 80' lang='lat' dir='ltr'><strong><em>ec-</em></strong></span> 
     </span>
    </p>
   </div>
   <div class='ocr_carea' id='block_1_13' title="bbox 461 1500 3675 1571">
    <p class='ocr_par' dir='ltr' id='par_1_13' title="bbox 461 1500 3675 1571">
     <span class='ocr_line' id='line_1_13' title="bbox 461 1500 3675 1571; baseline -0.002 -8"><span class='ocrx_word' id='word_1_186' title='bbox 461 1509 765 1563; x_wconf 68' lang='lat' dir='ltr'><strong><em>clesiastica:</em></strong></span> <span class='ocrx_word' id='word_1_187' title='bbox 795 1502 938 1556; x_wconf 87' lang='lat' dir='ltr'><strong><em>illius</em></strong></span> <span class='ocrx_word' id='word_1_188' title='bbox 964 1502 1060 1556; x_wconf 82' lang='grc' dir='ltr'>αὐὶ</span> <span class='ocrx_word' id='word_1_189' title='bbox 1093 1503 1416 1555; x_wconf 86' lang='lat' dir='ltr'><strong><em>studentibus</em></strong></span> <span class='ocrx_word' id='word_1_190' title='bbox 1456 1516 1647 1569; x_wconf 90' lang='lat' dir='ltr'><strong><em>magno</em></strong></span> <span class='ocrx_word' id='word_1_191' title='bbox 1675 1515 1783 1553; x_wconf 90' lang='lat' dir='ltr'><strong><em>esse</em></strong></span> <span class='ocrx_word' id='word_1_192' title='bbox 1804 1515 1950 1568; x_wconf 89' lang='lat' dir='ltr'><strong><em>posse</em></strong></span> <span class='ocrx_word' id='word_1_193' title='bbox 1980 1500 2132 1565; x_wconf 89' lang='lat' dir='ltr'><strong><em>usui,</em></strong></span> <span class='ocrx_word' id='word_1_194' title='bbox 2160 1516 2349 1571; x_wconf 88' lang='lat' dir='ltr'><strong><em>easque</em></strong></span> <span class='ocrx_word' id='word_1_195' title='bbox 2381 1501 2643 1570; x_wconf 84' lang='lat' dir='ltr'><strong><em>singulari</em></strong></span> <span class='ocrx_word' id='word_1_196' title='bbox 2678 1516 2781 1553; x_wconf 91' lang='lat' dir='ltr'><strong><em>non</em></strong></span> <span class='ocrx_word' id='word_1_197' title='bbox 2810 1502 3054 1571; x_wconf 83' lang='lat' dir='ltr'><strong><em>indignas</em></strong></span> <span class='ocrx_word' id='word_1_198' title='bbox 3078 1502 3251 1554; x_wconf 87' lang='lat' dir='ltr'><strong><em>studio</em></strong></span> <span class='ocrx_word' id='word_1_199' title='bbox 3271 1503 3536 1556; x_wconf 85' lang='lat' dir='ltr'><strong><em>habendas</em></strong></span> <span class='ocrx_word' id='word_1_200' title='bbox 3565 1517 3675 1556; x_wconf 75' lang='lat' dir='ltr'><strong><em>esse</em></strong></span> 
     </span>
    </p>
   </div>
   <div class='ocr_carea' id='block_1_14' title="bbox 467 1588 3706 1662">
    <p class='ocr_par' dir='ltr' id='par_1_14' title="bbox 467 1588 3706 1662">
     <span class='ocr_line' id='line_1_14' title="bbox 467 1588 3706 1662; baseline -0.002 -10"><span class='ocrx_word' id='word_1_201' title='bbox 467 1598 581 1652; x_wconf 89' lang='lat' dir='ltr'><strong><em>IIuc</em></strong></span> <span class='ocrx_word' id='word_1_202' title='bbox 623 1595 820 1649; x_wconf 86' lang='lat' dir='ltr'><strong><em>accedit</em></strong></span> <span class='ocrx_word' id='word_1_203' title='bbox 846 1631 860 1653; x_wconf 88' lang='lat'><strong><em>,</em></strong></span> <span class='ocrx_word' id='word_1_204' title='bbox 897 1593 1033 1660; x_wconf 87' lang='lat' dir='ltr'><strong><em>quod</em></strong></span> <span class='ocrx_word' id='word_1_205' title='bbox 1073 1607 1221 1645; x_wconf 90' lang='lat' dir='ltr'><strong><em>nemo</em></strong></span> <span class='ocrx_word' id='word_1_206' title='bbox 1251 1608 1429 1644; x_wconf 88' lang='lat' dir='ltr'><strong><em>eorum</em></strong></span> <span class='ocrx_word' id='word_1_207' title='bbox 1472 1591 1561 1660; x_wconf 86' lang='lat' dir='ltr'><strong><em>qui</em></strong></span> <span class='ocrx_word' id='word_1_208' title='bbox 1608 1590 1867 1659; x_wconf 84' lang='lat' dir='ltr'><strong><em>hucusque</em></strong></span> <span class='ocrx_word' id='word_1_209' title='bbox 1895 1589 1958 1641; x_wconf 91' lang='lat' dir='ltr'><strong><em>de</em></strong></span> <span class='ocrx_word' id='word_1_210' title='bbox 1984 1588 2186 1643; x_wconf 85' lang='lat' dir='ltr'><strong><em>Isidoro</em></strong></span> <span class='ocrx_word' id='word_1_211' title='bbox 2226 1591 2541 1660; x_wconf 87' lang='lat' dir='ltr'><strong><em>scripserunt</em></strong></span> <span class='ocrx_word' id='word_1_212' title='bbox 2570 1592 2670 1645; x_wconf 85' lang='lat' dir='ltr'><strong><em>viri</em></strong></span> <span class='ocrx_word' id='word_1_213' title='bbox 2701 1593 2858 1657; x_wconf 89' lang='lat' dir='ltr'><strong><em>docti,</em></strong></span> <span class='ocrx_word' id='word_1_214' title='bbox 2883 1592 2963 1646; x_wconf 88' lang='lat' dir='ltr'><strong><em>vel</em></strong></span> <span class='ocrx_word' id='word_1_215' title='bbox 3001 1593 3124 1662; x_wconf 91' lang='lat' dir='ltr'><strong><em>quia</em></strong></span> <span class='ocrx_word' id='word_1_216' title='bbox 3153 1592 3218 1645; x_wconf 90' lang='lat' dir='ltr'><strong><em>ab</em></strong></span> <span class='ocrx_word' id='word_1_217' title='bbox 3251 1609 3431 1647; x_wconf 91' lang='lat' dir='ltr'><strong><em>eorum</em></strong></span> <span class='ocrx_word' id='word_1_218' title='bbox 3460 1594 3706 1647; x_wconf 86' lang='lat' dir='ltr'><strong><em>instituto</em></strong></span> 
     </span>
    </p>
   </div>
   <div class='ocr_carea' id='block_1_15' title="bbox 464 1679 3707 1761">
    <p class='ocr_par' dir='ltr' id='par_1_15' title="bbox 464 1679 3707 1761">
     <span class='ocr_line' id='line_1_15' title="bbox 464 1679 3707 1761; baseline -0.002 -16"><span class='ocrx_word' id='word_1_219' title='bbox 464 1694 566 1761; x_wconf 89' lang='lat' dir='ltr'><strong><em>fuit</em></strong></span> <span class='ocrx_word' id='word_1_220' title='bbox 592 1690 849 1749; x_wconf 86' lang='lat' dir='ltr'><strong><em>alienant,</em></strong></span> <span class='ocrx_word' id='word_1_221' title='bbox 882 1685 963 1739; x_wconf 89' lang='lat' dir='ltr'><strong><em>vel</em></strong></span> <span class='ocrx_word' id='word_1_222' title='bbox 991 1683 1156 1736; x_wconf 90' lang='lat' dir='ltr'><strong><em>aliam</em></strong></span> <span class='ocrx_word' id='word_1_223' title='bbox 1182 1682 1244 1736; x_wconf 93' lang='lat' dir='ltr'><strong><em>ob</em></strong></span> <span class='ocrx_word' id='word_1_224' title='bbox 1278 1698 1493 1735; x_wconf 87' lang='lat' dir='ltr'><strong><em>causam</em></strong></span> <span class='ocrx_word' id='word_1_225' title='bbox 1526 1689 1675 1733; x_wconf 84' lang='lat' dir='ltr'><strong><em>tanta</em></strong></span> <span class='ocrx_word' id='word_1_226' title='bbox 1704 1679 1976 1750; x_wconf 87' lang='lat' dir='ltr'><strong><em>diligentia</em></strong></span> <span class='ocrx_word' id='word_1_227' title='bbox 1998 1720 2012 1743; x_wconf 93' lang='lat'><strong><em>,</em></strong></span> <span class='ocrx_word' id='word_1_228' title='bbox 2036 1689 2292 1749; x_wconf 88' lang='lat' dir='ltr'><strong><em>quantam</em></strong></span> <span class='ocrx_word' id='word_1_229' title='bbox 2326 1698 2409 1735; x_wconf 90' lang='lat' dir='ltr'><strong><em>res</em></strong></span> <span class='ocrx_word' id='word_1_230' title='bbox 2438 1681 2688 1750; x_wconf 91' lang='lat' dir='ltr'><strong><em>postulat,</em></strong></span> <span class='ocrx_word' id='word_1_231' title='bbox 2719 1686 2782 1737; x_wconf 90' lang='lat' dir='ltr'><strong><em>de</em></strong></span> <span class='ocrx_word' id='word_1_232' title='bbox 2807 1683 2920 1752; x_wconf 87' lang='lat' dir='ltr'><strong><em>ejus</em></strong></span> <span class='ocrx_word' id='word_1_233' title='bbox 2948 1684 3078 1746; x_wconf 88' lang='lat' dir='ltr'><strong><em>vita,</em></strong></span> <span class='ocrx_word' id='word_1_234' title='bbox 3116 1685 3323 1754; x_wconf 92' lang='lat' dir='ltr'><strong><em>scriptis</em></strong></span> <span class='ocrx_word' id='word_1_235' title='bbox 3366 1694 3415 1738; x_wconf 91' lang='lat' dir='ltr'><strong><em>et</em></strong></span> <span class='ocrx_word' id='word_1_236' title='bbox 3462 1685 3707 1738; x_wconf 77' lang='lat' dir='ltr'><strong><em>doctrina</em></strong></span> 
     </span>
    </p>
   </div>
   <div class='ocr_carea' id='block_1_16' title="bbox 464 1771 3707 1854">
    <p class='ocr_par' dir='ltr' id='par_1_16' title="bbox 464 1771 3707 1854">
     <span class='ocr_line' id='line_1_16' title="bbox 464 1771 3707 1854; baseline -0.001 -17"><span class='ocrx_word' id='word_1_237' title='bbox 464 1783 644 1854; x_wconf 87' lang='lat' dir='ltr'><strong><em>egerit.</em></strong></span> <span class='ocrx_word' id='word_1_238' title='bbox 700 1779 995 1835; x_wconf 86' lang='lat' dir='ltr'><strong><em>Consentiet</em></strong></span> <span class='ocrx_word' id='word_1_239' title='bbox 1045 1791 1245 1830; x_wconf 88' lang='lat' dir='ltr'><strong><em>mecum</em></strong></span> <span class='ocrx_word' id='word_1_240' title='bbox 1276 1774 1364 1845; x_wconf 91' lang='lat' dir='ltr'><strong><em>qui</em></strong></span> <span class='ocrx_word' id='word_1_241' title='bbox 1395 1781 1754 1842; x_wconf 90' lang='lat' dir='ltr'><strong><em>perscrutatur</em></strong></span> <span class='ocrx_word' id='word_1_242' title='bbox 1793 1788 1909 1842; x_wconf 70' lang='lat' dir='ltr'><strong><em>quae</em></strong></span> <span class='ocrx_word' id='word_1_243' title='bbox 1942 1771 2323 1837; x_wconf 84' lang='lat' dir='ltr'><strong><em>Tillemontius,</em></strong></span> <span class='ocrx_word' id='word_1_244' title='bbox 2355 1773 2492 1829; x_wconf 92' lang='lat' dir='ltr'><strong><em>Hist.</em></strong></span> <span class='ocrx_word' id='word_1_245' title='bbox 2524 1776 2686 1838; x_wconf 90' lang='lat' dir='ltr'><strong><em>eccl.,</em></strong></span> <span class='ocrx_word' id='word_1_246' title='bbox 2717 1777 2819 1830; x_wconf 85' lang='lat' dir='ltr'><strong><em>vol.</em></strong></span> <span class='ocrx_word' id='word_1_247' title='bbox 2850 1777 2956 1839; x_wconf 82' lang='lat' dir='ltr'><strong><em>XV,</em></strong></span> <span class='ocrx_word' id='word_1_248' title='bbox 2984 1794 3037 1847; x_wconf 94' lang='lat' dir='ltr'><strong><em>p.</em></strong></span> <span class='ocrx_word' id='word_1_249' title='bbox 3069 1778 3136 1833; x_wconf 88' lang='lat'><strong>97</strong></span> <span class='ocrx_word' id='word_1_250' title='bbox 3168 1787 3217 1832; x_wconf 91' lang='lat' dir='ltr'><strong><em>et</em></strong></span> <span class='ocrx_word' id='word_1_251' title='bbox 3260 1778 3391 1845; x_wconf 80' lang='lat' dir='ltr'><strong><em>H9;</em></strong></span> <span class='ocrx_word' id='word_1_252' title='bbox 3424 1777 3707 1845; x_wconf 86' lang='lat' dir='ltr'><strong><em>Dupinius.</em></strong></span> 
     </span>
    </p>
   </div>
   <div class='ocr_carea' id='block_1_17' title="bbox 465 1862 3710 1936">
    <p class='ocr_par' dir='ltr' id='par_1_17' title="bbox 465 1862 3710 1936">
     <span class='ocr_line' id='line_1_17' title="bbox 465 1862 3710 1936; baseline -0.002 -2"><span class='ocrx_word' id='word_1_253' title='bbox 465 1880 601 1934; x_wconf 84' lang='lat' dir='ltr'><strong><em>Nov.</em></strong></span> <span class='ocrx_word' id='word_1_254' title='bbox 634 1883 777 1928; x_wconf 87' lang='lat' dir='ltr'><strong><em>auct.</em></strong></span> <span class='ocrx_word' id='word_1_255' title='bbox 809 1872 947 1927; x_wconf 76' lang='lat' dir='ltr'><strong><em>eccl.</em></strong></span> <span class='ocrx_word' id='word_1_256' title='bbox 982 1866 1277 1932; x_wconf 78' lang='lat' dir='ltr'><strong><em>Bibl.,°rol.</em></strong></span> <span class='ocrx_word' id='word_1_257' title='bbox 1326 1864 1435 1927; x_wconf 94' lang='lat' dir='ltr'><strong><em>III,</em></strong></span> <span class='ocrx_word' id='word_1_258' title='bbox 1468 1872 1618 1933; x_wconf 88' lang='lat' dir='ltr'><strong><em>parte</em></strong></span> <span class='ocrx_word' id='word_1_259' title='bbox 1659 1878 1720 1927; x_wconf 87' lang='lat' dir='ltr'><strong><em>ll,</em></strong></span> <span class='ocrx_word' id='word_1_260' title='bbox 1751 1879 1807 1931; x_wconf 88' lang='lat' dir='ltr'><strong><em>p.</em></strong></span> <span class='ocrx_word' id='word_1_261' title='bbox 1855 1863 2026 1928; x_wconf 69' lang='lat' dir='ltr'><strong>4-H;</strong></span> <span class='ocrx_word' id='word_1_262' title='bbox 2076 1862 2363 1929; x_wconf 85' lang='lat' dir='ltr'><strong><em>Fabricius,</em></strong></span> <span class='ocrx_word' id='word_1_263' title='bbox 2396 1866 2498 1921; x_wconf 92' lang='lat' dir='ltr'><strong><em>vol.</em></strong></span> <span class='ocrx_word' id='word_1_264' title='bbox 2523 1865 2588 1929; x_wconf 84' lang='lat' dir='ltr'><strong><em>X,</em></strong></span> <span class='ocrx_word' id='word_1_265' title='bbox 2613 1883 2662 1936; x_wconf 92' lang='lat' dir='ltr'><strong><em>p.</em></strong></span> <span class='ocrx_word' id='word_1_266' title='bbox 2689 1867 2821 1933; x_wconf 63' lang='lat'><strong>478;</strong></span> <span class='ocrx_word' id='word_1_267' title='bbox 2866 1867 3182 1926; x_wconf 86' lang='lat' dir='ltr'><strong><em>Ceillierius.</em></strong></span> <span class='ocrx_word' id='word_1_268' title='bbox 3212 1868 3357 1927; x_wconf 84' lang='lat' dir='ltr'><strong><em>Hist.</em></strong></span> <span class='ocrx_word' id='word_1_269' title='bbox 3384 1878 3530 1925; x_wconf 88' lang='lat' dir='ltr'><strong><em>auct.</em></strong></span> <span class='ocrx_word' id='word_1_270' title='bbox 3563 1885 3710 1926; x_wconf 85' lang='lat' dir='ltr'><strong><em>sacr.</em></strong></span> 
     </span>
    </p>
   </div>
   <div class='ocr_carea' id='block_1_18' title="bbox 467 1958 3710 2034">
    <p class='ocr_par' dir='ltr' id='par_1_18' title="bbox 467 1958 3710 2034">
     <span class='ocr_line' id='line_1_18' title="bbox 467 1958 3710 2034; baseline -0.003 -6"><span class='ocrx_word' id='word_1_271' title='bbox 467 1984 524 2029; x_wconf 90' lang='lat' dir='ltr'><strong><em>et</em></strong></span> <span class='ocrx_word' id='word_1_272' title='bbox 551 1972 709 2034; x_wconf 86' lang='lat' dir='ltr'><strong><em>ecc|.,</em></strong></span> <span class='ocrx_word' id='word_1_273' title='bbox 739 1968 841 2023; x_wconf 87' lang='lat' dir='ltr'><strong><em>vol.</em></strong></span> <span class='ocrx_word' id='word_1_274' title='bbox 874 1966 1027 2029; x_wconf 84' lang='lat' dir='ltr'><strong><em>XIII,</em></strong></span> <span class='ocrx_word' id='word_1_275' title='bbox 1062 1981 1115 2033; x_wconf 93' lang='lat' dir='ltr'><strong><em>p.</em></strong></span> <span class='ocrx_word' id='word_1_276' title='bbox 1155 1960 1453 2024; x_wconf 66' lang='lat'><strong>600-650;</strong></span> <span class='ocrx_word' id='word_1_277' title='bbox 1505 1958 1897 2023; x_wconf 67' lang='lat' dir='ltr'><strong><em>Schroeckhtus,</em></strong></span> <span class='ocrx_word' id='word_1_278' title='bbox 1940 1959 2079 2013; x_wconf 84' lang='lat' dir='ltr'><strong><em>Hist.</em></strong></span> <span class='ocrx_word' id='word_1_279' title='bbox 2131 1960 2289 2021; x_wconf 87' lang='lat' dir='ltr'><strong><em>eccl.,</em></strong></span> <span class='ocrx_word' id='word_1_280' title='bbox 2334 1961 2439 2014; x_wconf 89' lang='lat' dir='ltr'><strong><em>vol.</em></strong></span> <span class='ocrx_word' id='word_1_281' title='bbox 2486 1960 2657 2024; x_wconf 80' lang='lat' dir='ltr'><strong><em>XVII,</em></strong></span> <span class='ocrx_word' id='word_1_282' title='bbox 2712 1977 2767 2031; x_wconf 90' lang='lat' dir='ltr'><strong><em>p.</em></strong></span> <span class='ocrx_word' id='word_1_283' title='bbox 2822 1960 3122 2029; x_wconf 70' lang='lat'><strong><em>521-529;</em></strong></span> <span class='ocrx_word' id='word_1_284' title='bbox 3170 1961 3461 2016; x_wconf 88' lang='lat' dir='ltr'><strong><em>Richardus</em></strong></span> <span class='ocrx_word' id='word_1_285' title='bbox 3505 1962 3710 2030; x_wconf 89' lang='lat' dir='ltr'><strong><em>Simon,</em></strong></span> 
     </span>
    </p>
   </div>
   <div class='ocr_carea' id='block_1_19' title="bbox 466 2048 3714 2123">
    <p class='ocr_par' dir='ltr' id='par_1_19' title="bbox 466 2048 3714 2123">
     <span class='ocr_line' id='line_1_19' title="bbox 466 2048 3714 2123; baseline -0.003 -6"><span class='ocrx_word' id='word_1_286' title='bbox 466 2062 604 2117; x_wconf 87' lang='lat' dir='ltr'><strong><em>Crit.</em></strong></span> <span class='ocrx_word' id='word_1_287' title='bbox 636 2065 994 2114; x_wconf 80' lang='lat' dir='ltr'><strong><em>commentat.</em></strong></span> <span class='ocrx_word' id='word_1_288' title='bbox 1028 2054 1095 2108; x_wconf 86' lang='lat' dir='ltr'><strong><em>N.</em></strong></span> <span class='ocrx_word' id='word_1_289' title='bbox 1128 2052 1193 2105; x_wconf 88' lang='grc' dir='ltr'><strong><em>Τ.</em></strong></span> <span class='ocrx_word' id='word_1_290' title='bbox 1229 2051 1383 2112; x_wconf 88' lang='lat' dir='ltr'><strong><em>hist.,</em></strong></span> <span class='ocrx_word' id='word_1_291' title='bbox 1432 2066 1551 2118; x_wconf 90' lang='lat' dir='ltr'><strong><em>cap.</em></strong></span> <span class='ocrx_word' id='word_1_292' title='bbox 1608 2048 1700 2111; x_wconf 62' lang='lat' dir='ltr'><strong><em>Si,</em></strong></span> <span class='ocrx_word' id='word_1_293' title='bbox 1758 2066 1810 2117; x_wconf 91' lang='lat' dir='ltr'><strong><em>p.</em></strong></span> <span class='ocrx_word' id='word_1_294' title='bbox 1842 2049 2141 2114; x_wconf 69' lang='lat'><strong><em>507-514;</em></strong></span> <span class='ocrx_word' id='word_1_295' title='bbox 2183 2050 2674 2116; x_wconf 85' lang='lat' dir='ltr'><strong><em>Rosenmuellerus,</em></strong></span> <span class='ocrx_word' id='word_1_296' title='bbox 2730 2052 2868 2106; x_wconf 84' lang='lat' dir='ltr'><strong><em>Hist.</em></strong></span> <span class='ocrx_word' id='word_1_297' title='bbox 2935 2053 3166 2123; x_wconf 85' lang='lat' dir='ltr'><strong><em>interpr.</em></strong></span> <span class='ocrx_word' id='word_1_298' title='bbox 3213 2054 3319 2110; x_wconf 88' lang='lat' dir='ltr'><strong><em>LL.</em></strong></span> <span class='ocrx_word' id='word_1_299' title='bbox 3360 2054 3462 2112; x_wconf 83' lang='lat' dir='ltr'><strong><em>SS.</em></strong></span> <span class='ocrx_word' id='word_1_300' title='bbox 3512 2054 3574 2110; x_wconf 90' lang='lat' dir='ltr'><strong><em>P.</em></strong></span> <span class='ocrx_word' id='word_1_301' title='bbox 3636 2071 3714 2121; x_wconf 81' lang='lat' dir='ltr'><strong><em>Iv,</em></strong></span> 
     </span>
    </p>
   </div>
   <div class='ocr_carea' id='block_1_20' title="bbox 468 2139 3716 2225">
    <p class='ocr_par' dir='ltr' id='par_1_20' title="bbox 468 2139 3716 2225">
     <span class='ocr_line' id='line_1_20' title="bbox 468 2139 3716 2225; baseline -0.001 -20"><span class='ocrx_word' id='word_1_302' title='bbox 468 2149 801 2221; x_wconf 70' lang='lat' dir='ltr'><strong><em>p.180-2l5,</em></strong></span> <span class='ocrx_word' id='word_1_303' title='bbox 834 2158 881 2202; x_wconf 89' lang='lat' dir='ltr'><strong><em>et</em></strong></span> <span class='ocrx_word' id='word_1_304' title='bbox 914 2146 1272 2206; x_wconf 83' lang='lat' dir='ltr'><strong><em>Heumannus,</em></strong></span> <span class='ocrx_word' id='word_1_305' title='bbox 1308 2142 1446 2195; x_wconf 88' lang='lat' dir='ltr'><strong><em>Diss.</em></strong></span> <span class='ocrx_word' id='word_1_306' title='bbox 1479 2141 1545 2195; x_wconf 79' lang='lat' dir='ltr'><strong><em>de</em></strong></span> <span class='ocrx_word' id='word_1_307' title='bbox 1577 2139 1704 2194; x_wconf 87' lang='lat' dir='ltr'><strong><em>Isid.</em></strong></span> <span class='ocrx_word' id='word_1_308' title='bbox 1739 2139 1849 2194; x_wconf 88' lang='lat' dir='ltr'><strong><em>Pel.</em></strong></span> <span class='ocrx_word' id='word_1_309' title='bbox 1881 2141 2108 2210; x_wconf 86' lang='lat' dir='ltr'><strong><em>ejusque</em></strong></span> <span class='ocrx_word' id='word_1_310' title='bbox 2137 2158 2285 2211; x_wconf 86' lang='lat' dir='ltr'><strong><em>epp.,</em></strong></span> <span class='ocrx_word' id='word_1_311' title='bbox 2318 2145 2580 2207; x_wconf 70' lang='lat' dir='ltr'><strong><em>dixerunt,</em></strong></span> <span class='ocrx_word' id='word_1_312' title='bbox 2614 2159 2828 2214; x_wconf 70' lang='lat' dir='ltr'><strong><em>qua’que</em></strong></span> <span class='ocrx_word' id='word_1_313' title='bbox 2851 2144 2946 2198; x_wconf 89' lang='lat' dir='ltr'><strong><em>alii</em></strong></span> <span class='ocrx_word' id='word_1_314' title='bbox 2975 2156 3068 2199; x_wconf 93' lang='lat' dir='ltr'><strong><em>aut</em></strong></span> <span class='ocrx_word' id='word_1_315' title='bbox 3093 2148 3274 2215; x_wconf 88' lang='lat' dir='ltr'><strong><em>paucis</em></strong></span> <span class='ocrx_word' id='word_1_316' title='bbox 3296 2164 3499 2202; x_wconf 89' lang='lat' dir='ltr'><strong><em>omnem</em></strong></span> <span class='ocrx_word' id='word_1_317' title='bbox 3519 2149 3583 2201; x_wconf 90' lang='lat' dir='ltr'><strong><em>de</em></strong></span> <span class='ocrx_word' id='word_1_318' title='bbox 3601 2149 3716 2225; x_wconf 60' lang='lat' dir='ltr'><strong><em>eju,</em></strong></span> 
     </span>
    </p>
   </div>
   <div class='ocr_carea' id='block_1_21' title="bbox 470 2232 3299 2313">
    <p class='ocr_par' dir='ltr' id='par_1_21' title="bbox 470 2232 3299 2313">
     <span class='ocr_line' id='line_1_21' title="bbox 470 2232 3299 2313; baseline -0.003 -11"><span class='ocrx_word' id='word_1_319' title='bbox 470 2250 598 2313; x_wconf 78' lang='lat' dir='ltr'><strong><em>rita,</em></strong></span> <span class='ocrx_word' id='word_1_320' title='bbox 631 2244 840 2312; x_wconf 88' lang='lat' dir='ltr'><strong><em>scriptis</em></strong></span> <span class='ocrx_word' id='word_1_321' title='bbox 864 2251 911 2295; x_wconf 92' lang='lat' dir='ltr'><strong><em>et</em></strong></span> <span class='ocrx_word' id='word_1_322' title='bbox 942 2239 1177 2293; x_wconf 85' lang='lat' dir='ltr'><strong><em>doctrina</em></strong></span> <span class='ocrx_word' id='word_1_323' title='bbox 1205 2233 1621 2304; x_wconf 83' lang='lat' dir='ltr'><strong><em>disquisitionem</em></strong></span> <span class='ocrx_word' id='word_1_324' title='bbox 1648 2232 1987 2293; x_wconf 87' lang='lat' dir='ltr'><strong><em>absolventes,</em></strong></span> <span class='ocrx_word' id='word_1_325' title='bbox 2015 2244 2109 2286; x_wconf 90' lang='lat' dir='ltr'><strong><em>aut</em></strong></span> <span class='ocrx_word' id='word_1_326' title='bbox 2134 2236 2197 2287; x_wconf 90' lang='lat' dir='ltr'><strong><em>de</em></strong></span> <span class='ocrx_word' id='word_1_327' title='bbox 2218 2236 2296 2287; x_wconf 89' lang='lat' dir='ltr'><strong><em>his</em></strong></span> <span class='ocrx_word' id='word_1_328' title='bbox 2325 2235 2473 2288; x_wconf 82' lang='lat' dir='ltr'><strong><em>rebus</em></strong></span> <span class='ocrx_word' id='word_1_329' title='bbox 2499 2236 2721 2290; x_wconf 83' lang='lat' dir='ltr'><strong><em>strictim</em></strong></span> <span class='ocrx_word' id='word_1_330' title='bbox 2749 2246 2962 2307; x_wconf 87' lang='lat' dir='ltr'><strong><em>agentes</em></strong></span> <span class='ocrx_word' id='word_1_331' title='bbox 2987 2238 3299 2294; x_wconf 88' lang='lat' dir='ltr'><strong><em>attulerunt.</em></strong></span> 
     </span>
    </p>
   </div>
   <div class='ocr_carea' id='block_1_22' title="bbox 538 2315 3718 2409">
    <p class='ocr_par' dir='ltr' id='par_1_22' title="bbox 538 2315 3718 2409">
     <span class='ocr_line' id='line_1_22' title="bbox 538 2315 3718 2409; baseline -0.003 -12"><span class='ocrx_word' id='word_1_332' title='bbox 538 2341 641 2397; x_wconf 83' lang='lat' dir='ltr'><strong><em>Sed</em></strong></span> <span class='ocrx_word' id='word_1_333' title='bbox 669 2358 733 2394; x_wconf 93' lang='lat' dir='ltr'><strong><em>ne</em></strong></span> <span class='ocrx_word' id='word_1_334' title='bbox 761 2338 875 2409; x_wconf 88' lang='lat' dir='ltr'><strong><em>quis</em></strong></span> <span class='ocrx_word' id='word_1_335' title='bbox 902 2337 957 2389; x_wconf 89' lang='lat' dir='ltr'><strong><em>in</em></strong></span> <span class='ocrx_word' id='word_1_336' title='bbox 979 2335 1077 2387; x_wconf 90' lang='lat' dir='ltr'><strong><em>hac</em></strong></span> <span class='ocrx_word' id='word_1_337' title='bbox 1108 2330 1538 2385; x_wconf 87' lang='lat' dir='ltr'><strong><em>commentatione</em></strong></span> <span class='ocrx_word' id='word_1_338' title='bbox 1572 2328 1739 2397; x_wconf 88' lang='lat' dir='ltr'><strong><em>magis</em></strong></span> <span class='ocrx_word' id='word_1_339' title='bbox 1765 2327 2037 2397; x_wconf 89' lang='lat' dir='ltr'><strong><em>quidpiam</em></strong></span> <span class='ocrx_word' id='word_1_340' title='bbox 2070 2330 2300 2399; x_wconf 87' lang='lat' dir='ltr'><strong><em>requirat</em></strong></span> <span class='ocrx_word' id='word_1_341' title='bbox 2324 2346 2482 2399; x_wconf 90' lang='lat' dir='ltr'><strong><em>quam</em></strong></span> <span class='ocrx_word' id='word_1_342' title='bbox 2512 2331 2621 2397; x_wconf 88' lang='lat' dir='ltr'><strong><em>ipse</em></strong></span> <span class='ocrx_word' id='word_1_343' title='bbox 2649 2339 2741 2383; x_wconf 91' lang='lat' dir='ltr'><strong><em>aut</em></strong></span> <span class='ocrx_word' id='word_1_344' title='bbox 2767 2330 2905 2383; x_wconf 87' lang='lat' dir='ltr'><strong><em>volui</em></strong></span> <span class='ocrx_word' id='word_1_345' title='bbox 2933 2341 3188 2401; x_wconf 66' lang='lat' dir='ltr'><strong><em>praestare</em></strong></span> <span class='ocrx_word' id='word_1_346' title='bbox 3214 2342 3308 2386; x_wconf 90' lang='lat' dir='ltr'><strong><em>aut</em></strong></span> <span class='ocrx_word' id='word_1_347' title='bbox 3340 2334 3516 2403; x_wconf 85' lang='lat' dir='ltr'><strong><em>potui,</em></strong></span> <span class='ocrx_word' id='word_1_348' title='bbox 3551 2315 3718 2388; x_wconf 74' lang='lat' dir='ltr'><strong><em>restat</em></strong></span> 
     </span>
    </p>
   </div>
   <div class='ocr_carea' id='block_1_23' title="bbox 470 2425 1655 2489">
    <p class='ocr_par' dir='ltr' id='par_1_23' title="bbox 470 2425 1655 2489">
     <span class='ocr_line' id='line_1_23' title="bbox 470 2425 1655 2489; baseline -0.014 1"><span class='ocrx_word' id='word_1_349' title='bbox 470 2445 528 2489; x_wconf 92' lang='lat' dir='ltr'><strong><em>ut</em></strong></span> <span class='ocrx_word' id='word_1_350' title='bbox 557 2438 619 2489; x_wconf 90' lang='lat' dir='ltr'><strong><em>de</em></strong></span> <span class='ocrx_word' id='word_1_351' title='bbox 645 2432 876 2487; x_wconf 88' lang='lat' dir='ltr'><strong><em>instituti</em></strong></span> <span class='ocrx_word' id='word_1_352' title='bbox 904 2430 1109 2483; x_wconf 90' lang='lat' dir='ltr'><strong><em>ratione</em></strong></span> <span class='ocrx_word' id='word_1_353' title='bbox 1136 2426 1357 2479; x_wconf 86' lang='lat' dir='ltr'><strong><em>breviter</em></strong></span> <span class='ocrx_word' id='word_1_354' title='bbox 1381 2425 1655 2477; x_wconf 87' lang='lat' dir='ltr'><strong><em>disseram.</em></strong></span> 
     </span>
    </p>
   </div>
   <div class='ocr_carea' id='block_1_24' title="bbox 540 2514 3719 2592">
    <p class='ocr_par' dir='ltr' id='par_1_24' title="bbox 540 2514 3719 2592">
     <span class='ocr_line' id='line_1_24' title="bbox 540 2514 3719 2592; baseline -0.001 -12"><span class='ocrx_word' id='word_1_355' title='bbox 540 2527 668 2592; x_wconf 69' lang='lat' dir='ltr'><strong><em>Quae</em></strong></span> <span class='ocrx_word' id='word_1_356' title='bbox 688 2526 816 2579; x_wconf 90' lang='lat' dir='ltr'><strong><em>mihi</em></strong></span> <span class='ocrx_word' id='word_1_357' title='bbox 847 2535 956 2577; x_wconf 91' lang='lat' dir='ltr'><strong><em>tum</em></strong></span> <span class='ocrx_word' id='word_1_358' title='bbox 985 2538 1048 2575; x_wconf 78' lang='lat' dir='ltr'><strong><em>ea:</em></strong></span> <span class='ocrx_word' id='word_1_359' title='bbox 1080 2520 1247 2589; x_wconf 87' lang='lat' dir='ltr'><strong><em>ipsius</em></strong></span> <span class='ocrx_word' id='word_1_360' title='bbox 1281 2516 1496 2581; x_wconf 89' lang='lat' dir='ltr'><strong><em>Isidori,</em></strong></span> <span class='ocrx_word' id='word_1_361' title='bbox 1530 2526 1635 2569; x_wconf 91' lang='lat' dir='ltr'><strong><em>tum</em></strong></span> <span class='ocrx_word' id='word_1_362' title='bbox 1667 2532 1731 2569; x_wconf 74' lang='lat' dir='ltr'><strong><em>ex</em></strong></span> <span class='ocrx_word' id='word_1_363' title='bbox 1756 2514 1983 2568; x_wconf 90' lang='lat' dir='ltr'><strong><em>aliorum</em></strong></span> <span class='ocrx_word' id='word_1_364' title='bbox 2015 2514 2239 2569; x_wconf 89' lang='lat' dir='ltr'><strong><em>Patrum</em></strong></span> <span class='ocrx_word' id='word_1_365' title='bbox 2272 2517 2479 2588; x_wconf 90' lang='lat' dir='ltr'><strong><em>scriptis</em></strong></span> <span class='ocrx_word' id='word_1_366' title='bbox 2510 2519 2571 2571; x_wconf 89' lang='lat' dir='ltr'><strong><em>de</em></strong></span> <span class='ocrx_word' id='word_1_367' title='bbox 2592 2518 2735 2573; x_wconf 91' lang='lat' dir='ltr'><strong><em>illius</em></strong></span> <span class='ocrx_word' id='word_1_368' title='bbox 2754 2520 2863 2572; x_wconf 90' lang='lat' dir='ltr'><strong><em>vita</em></strong></span> <span class='ocrx_word' id='word_1_369' title='bbox 2889 2520 3255 2587; x_wconf 72' lang='lat' dir='ltr'><strong><em>innatuerunt,</em></strong></span> <span class='ocrx_word' id='word_1_370' title='bbox 3275 2522 3331 2575; x_wconf 90' lang='lat' dir='ltr'><strong><em>in</em></strong></span> <span class='ocrx_word' id='word_1_371' title='bbox 3356 2523 3529 2590; x_wconf 87' lang='lat' dir='ltr'><strong><em>prima</em></strong></span> <span class='ocrx_word' id='word_1_372' title='bbox 3558 2538 3719 2591; x_wconf 66' lang='lat' dir='ltr'><strong><em>expo-</em></strong></span> 
     </span>
    </p>
   </div>
   <div class='ocr_carea' id='block_1_25' title="bbox 472 2608 3001 2682">
    <p class='ocr_par' dir='ltr' id='par_1_25' title="bbox 472 2608 3001 2682">
     <span class='ocr_line' id='line_1_25' title="bbox 472 2608 3001 2682; baseline -0.004 -7"><span class='ocrx_word' id='word_1_373' title='bbox 472 2623 554 2677; x_wconf 90' lang='lat' dir='ltr'><strong><em>sui</em></strong></span> <span class='ocrx_word' id='word_1_374' title='bbox 576 2617 1029 2674; x_wconf 89' lang='lat' dir='ltr'><strong><em>commentationis</em></strong></span> <span class='ocrx_word' id='word_1_375' title='bbox 1057 2623 1229 2682; x_wconf 87' lang='lat' dir='ltr'><strong><em>parte,</em></strong></span> <span class='ocrx_word' id='word_1_376' title='bbox 1262 2627 1423 2681; x_wconf 84' lang='lat' dir='ltr'><strong><em>neque</em></strong></span> <span class='ocrx_word' id='word_1_377' title='bbox 1450 2613 1544 2662; x_wconf 88' lang='lat' dir='ltr'><strong><em>hoc</em></strong></span> <span class='ocrx_word' id='word_1_378' title='bbox 1572 2608 1681 2661; x_wconf 92' lang='lat' dir='ltr'><strong><em>loco</em></strong></span> <span class='ocrx_word' id='word_1_379' title='bbox 1704 2608 1991 2677; x_wconf 88' lang='lat' dir='ltr'><strong><em>quidquam</em></strong></span> <span class='ocrx_word' id='word_1_380' title='bbox 2018 2608 2319 2661; x_wconf 88' lang='lat' dir='ltr'><strong><em>addendum</em></strong></span> <span class='ocrx_word' id='word_1_381' title='bbox 2349 2620 2441 2662; x_wconf 92' lang='lat' dir='ltr'><strong><em>aut</em></strong></span> <span class='ocrx_word' id='word_1_382' title='bbox 2478 2612 2873 2664; x_wconf 73' lang='lat' dir='ltr'><strong><em>retractandum</em></strong></span> <span class='ocrx_word' id='word_1_383' title='bbox 2902 2622 3001 2666; x_wconf 90' lang='lat' dir='ltr'><strong><em>est.</em></strong></span> 
     </span>
    </p>
   </div>
   <div class='ocr_carea' id='block_1_26' title="bbox 542 2697 3722 2775">
    <p class='ocr_par' dir='ltr' id='par_1_26' title="bbox 542 2697 3722 2775">
     <span class='ocr_line' id='line_1_26' title="bbox 542 2697 3722 2775; baseline -0.003 -8"><span class='ocrx_word' id='word_1_384' title='bbox 542 2712 781 2768; x_wconf 89' lang='lat' dir='ltr'><strong><em>Secunda</em></strong></span> <span class='ocrx_word' id='word_1_385' title='bbox 813 2724 931 2763; x_wconf 88' lang='lat' dir='ltr'><strong><em>vero</em></strong></span> <span class='ocrx_word' id='word_1_386' title='bbox 954 2710 1010 2759; x_wconf 89' lang='lat' dir='ltr'><strong><em>in</em></strong></span> <span class='ocrx_word' id='word_1_387' title='bbox 1040 2714 1191 2775; x_wconf 86' lang='lat' dir='ltr'><strong><em>parte</em></strong></span> <span class='ocrx_word' id='word_1_388' title='bbox 1208 2705 1269 2757; x_wconf 86' lang='lat' dir='ltr'><strong><em>de</em></strong></span> <span class='ocrx_word' id='word_1_389' title='bbox 1294 2701 1483 2755; x_wconf 87' lang='lat' dir='ltr'><strong><em>Isidori</em></strong></span> <span class='ocrx_word' id='word_1_390' title='bbox 1511 2699 1719 2769; x_wconf 85' lang='lat' dir='ltr'><strong><em>scriptis</em></strong></span> <span class='ocrx_word' id='word_1_391' title='bbox 1747 2700 1989 2751; x_wconf 85' lang='lat' dir='ltr'><strong><em>disserui.</em></strong></span> <span class='ocrx_word' id='word_1_392' title='bbox 2010 2697 2199 2769; x_wconf 84' lang='lat' dir='ltr'><strong><em>Itaque</em></strong></span> <span class='ocrx_word' id='word_1_393' title='bbox 2225 2700 2475 2767; x_wconf 89' lang='lat' dir='ltr'><strong><em>primum,</em></strong></span> <span class='ocrx_word' id='word_1_394' title='bbox 2499 2702 2777 2768; x_wconf 85' lang='lat' dir='ltr'><strong><em>deperditis</em></strong></span> <span class='ocrx_word' id='word_1_395' title='bbox 2792 2702 3025 2771; x_wconf 84' lang='lat' dir='ltr'><strong><em>ejusdem</em></strong></span> <span class='ocrx_word' id='word_1_396' title='bbox 3054 2703 3292 2773; x_wconf 88' lang='lat' dir='ltr'><strong><em>operibus</em></strong></span> <span class='ocrx_word' id='word_1_397' title='bbox 3321 2714 3567 2758; x_wconf 85' lang='lat' dir='ltr'><strong><em>accurate</em></strong></span> <span class='ocrx_word' id='word_1_398' title='bbox 3589 2720 3722 2758; x_wconf 83' lang='lat' dir='ltr'><strong><em>enu-</em></strong></span> 
     </span>
    </p>
   </div>
   <div class='ocr_carea' id='block_1_27' title="bbox 474 2792 3719 2871">
    <p class='ocr_par' dir='ltr' id='par_1_27' title="bbox 474 2792 3719 2871">
     <span class='ocr_line' id='line_1_27' title="bbox 474 2792 3719 2871; baseline -0.005 -9"><span class='ocrx_word' id='word_1_399' title='bbox 474 2808 708 2870; x_wconf 89' lang='lat' dir='ltr'><strong><em>meratis,</em></strong></span> <span class='ocrx_word' id='word_1_400' title='bbox 740 2806 804 2859; x_wconf 90' lang='lat' dir='ltr'><strong><em>de</em></strong></span> <span class='ocrx_word' id='word_1_401' title='bbox 826 2801 1165 2871; x_wconf 88' lang='lat' dir='ltr'><strong><em>epistolarum</em></strong></span> <span class='ocrx_word' id='word_1_402' title='bbox 1196 2814 1310 2869; x_wconf 76' lang='lat' dir='ltr'><strong><em>qua:</em></strong></span> <span class='ocrx_word' id='word_1_403' title='bbox 1335 2796 1632 2864; x_wconf 81' lang='lat' dir='ltr'><strong><em>superstites</em></strong></span> <span class='ocrx_word' id='word_1_404' title='bbox 1652 2802 1769 2847; x_wconf 88' lang='lat' dir='ltr'><strong><em>sunt</em></strong></span> <span class='ocrx_word' id='word_1_405' title='bbox 1800 2793 1911 2846; x_wconf 76' lang='lat' dir='ltr'><strong><em>dixi</em></strong></span> <span class='ocrx_word' id='word_1_406' title='bbox 1940 2792 2254 2847; x_wconf 88' lang='lat' dir='ltr'><strong><em>editionibus</em></strong></span> <span class='ocrx_word' id='word_1_407' title='bbox 2286 2793 2604 2864; x_wconf 83' lang='lat' dir='ltr'><strong><em>illarumque</em></strong></span> <span class='ocrx_word' id='word_1_408' title='bbox 2625 2811 2858 2848; x_wconf 88' lang='lat' dir='ltr'><strong><em>numero.</em></strong></span> <span class='ocrx_word' id='word_1_409' title='bbox 2891 2796 3084 2849; x_wconf 85' lang='lat' dir='ltr'><strong><em>Deinde</em></strong></span> <span class='ocrx_word' id='word_1_410' title='bbox 3115 2796 3415 2850; x_wconf 86' lang='lat' dir='ltr'><strong><em>Heumanni</em></strong></span> <span class='ocrx_word' id='word_1_411' title='bbox 3438 2794 3719 2859; x_wconf 83' lang='lat' dir='ltr'><strong><em>sententia,</em></strong></span> 
     </span>
    </p>
   </div>
   <div class='ocr_carea' id='block_1_28' title="bbox 473 2886 3723 2974">
    <p class='ocr_par' dir='ltr' id='par_1_28' title="bbox 473 2886 3723 2974">
     <span class='ocr_line' id='line_1_28' title="bbox 473 2886 3723 2974; baseline -0.004 -16"><span class='ocrx_word' id='word_1_412' title='bbox 473 2906 746 2974; x_wconf 89' lang='lat' dir='ltr'><strong><em>plerasque</em></strong></span> <span class='ocrx_word' id='word_1_413' title='bbox 774 2898 1057 2968; x_wconf 88' lang='lat' dir='ltr'><strong><em>specimina</em></strong></span> <span class='ocrx_word' id='word_1_414' title='bbox 1088 2910 1195 2947; x_wconf 89' lang='lat' dir='ltr'><strong><em>esse</em></strong></span> <span class='ocrx_word' id='word_1_415' title='bbox 1219 2890 1547 2961; x_wconf 63' lang='lat' dir='ltr'><strong><em>eloquentiae.</em></strong></span> <span class='ocrx_word' id='word_1_416' title='bbox 1577 2890 1641 2942; x_wconf 89' lang='lat' dir='ltr'><strong><em>iis</em></strong></span> <span class='ocrx_word' id='word_1_417' title='bbox 1670 2889 1929 2941; x_wconf 90' lang='lat' dir='ltr'><strong><em>imitanda</em></strong></span> <span class='ocrx_word' id='word_1_418' title='bbox 1950 2928 1964 2951; x_wconf 95' lang='lat'><strong><em>,</em></strong></span> <span class='ocrx_word' id='word_1_419' title='bbox 1994 2903 2120 2957; x_wconf 88' lang='lat' dir='ltr'><strong><em>quos</em></strong></span> <span class='ocrx_word' id='word_1_420' title='bbox 2144 2886 2355 2940; x_wconf 88' lang='lat' dir='ltr'><strong><em>haberet</em></strong></span> <span class='ocrx_word' id='word_1_421' title='bbox 2384 2902 2567 2939; x_wconf 90' lang='lat' dir='ltr'><strong><em>earum</em></strong></span> <span class='ocrx_word' id='word_1_422' title='bbox 2600 2896 2787 2941; x_wconf 91' lang='lat' dir='ltr'><strong><em>auctor</em></strong></span> <span class='ocrx_word' id='word_1_423' title='bbox 2822 2887 2954 2941; x_wconf 88' lang='lat' dir='ltr'><strong><em>artis</em></strong></span> <span class='ocrx_word' id='word_1_424' title='bbox 2982 2888 3187 2941; x_wconf 89' lang='lat' dir='ltr'><strong><em>dicendi</em></strong></span> <span class='ocrx_word' id='word_1_425' title='bbox 3216 2889 3500 2958; x_wconf 88' lang='lat' dir='ltr'><strong><em>discipulos</em></strong></span> <span class='ocrx_word' id='word_1_426' title='bbox 3522 2931 3537 2955; x_wconf 93' lang='lat'><strong><em>,</em></strong></span> <span class='ocrx_word' id='word_1_427' title='bbox 3566 2890 3643 2943; x_wconf 92' lang='lat' dir='ltr'><strong><em>ita</em></strong></span> <span class='ocrx_word' id='word_1_428' title='bbox 3688 2908 3723 2945; x_wconf 88' lang='lat' dir='ltr'><strong><em>a</em></strong></span> 
     </span>
    </p>
   </div>
   <div class='ocr_carea' id='block_1_29' title="bbox 475 2982 3726 3067">
    <p class='ocr_par' dir='ltr' id='par_1_29' title="bbox 475 2982 3726 3067">
     <span class='ocr_line' id='line_1_29' title="bbox 475 2982 3726 3067; baseline -0.005 -11"><span class='ocrx_word' id='word_1_429' title='bbox 475 3018 576 3056; x_wconf 90' lang='lat' dir='ltr'><strong><em>me.</em></strong></span> <span class='ocrx_word' id='word_1_430' title='bbox 602 3005 862 3067; x_wconf 60' lang='lat' dir='ltr'><strong><em>praeeunte</em></strong></span> <span class='ocrx_word' id='word_1_431' title='bbox 883 2989 1242 3049; x_wconf 74' lang='lat' dir='ltr'><strong><em>Schroeckhio,</em></strong></span> <span class='ocrx_word' id='word_1_432' title='bbox 1264 2988 1494 3057; x_wconf 89' lang='lat' dir='ltr'><strong><em>refutata</em></strong></span> <span class='ocrx_word' id='word_1_433' title='bbox 1516 2994 1611 3047; x_wconf 88' lang='lat' dir='ltr'><strong><em>est,</em></strong></span> <span class='ocrx_word' id='word_1_434' title='bbox 1633 2994 1689 3037; x_wconf 92' lang='lat' dir='ltr'><strong><em>ut</em></strong></span> <span class='ocrx_word' id='word_1_435' title='bbox 1720 2983 1962 3037; x_wconf 87' lang='lat' dir='ltr'><strong><em>lectorem</em></strong></span> <span class='ocrx_word' id='word_1_436' title='bbox 1990 2998 2243 3052; x_wconf 85' lang='lat' dir='ltr'><strong><em>quemque</em></strong></span> <span class='ocrx_word' id='word_1_437' title='bbox 2264 2982 2392 3035; x_wconf 91' lang='lat' dir='ltr'><strong><em>meis</em></strong></span> <span class='ocrx_word' id='word_1_438' title='bbox 2412 2982 2683 3052; x_wconf 83' lang='lat' dir='ltr'><strong><em>fauturum</em></strong></span> <span class='ocrx_word' id='word_1_439' title='bbox 2706 2998 2812 3035; x_wconf 85' lang='lat' dir='ltr'><strong><em>esse</em></strong></span> <span class='ocrx_word' id='word_1_440' title='bbox 2837 2982 3076 3051; x_wconf 87' lang='lat' dir='ltr'><strong><em>partibus</em></strong></span> <span class='ocrx_word' id='word_1_441' title='bbox 3101 2984 3372 3052; x_wconf 79' lang='lat' dir='ltr'><strong><em>conﬁtear.</em></strong></span> <span class='ocrx_word' id='word_1_442' title='bbox 3397 2984 3527 3048; x_wconf 65' lang='lat' dir='ltr'><strong><em>Quae</em></strong></span> <span class='ocrx_word' id='word_1_443' title='bbox 3548 2994 3726 3039; x_wconf 90' lang='lat' dir='ltr'><strong><em>tamen</em></strong></span> 
     </span>
    </p>
   </div>
   <div class='ocr_carea' id='block_1_30' title="bbox 476 3072 3726 3161">
    <p class='ocr_par' dir='ltr' id='par_1_30' title="bbox 476 3072 3726 3161">
     <span class='ocr_line' id='line_1_30' title="bbox 476 3072 3726 3161; baseline -0.004 -17"><span class='ocrx_word' id='word_1_444' title='bbox 476 3089 746 3161; x_wconf 79' lang='lat' dir='ltr'><strong><em>refutatio,</em></strong></span> <span class='ocrx_word' id='word_1_445' title='bbox 778 3101 895 3139; x_wconf 90' lang='lat' dir='ltr'><strong><em>cum</em></strong></span> <span class='ocrx_word' id='word_1_446' title='bbox 927 3098 1006 3135; x_wconf 90' lang='lat' dir='ltr'><strong><em>res</em></strong></span> <span class='ocrx_word' id='word_1_447' title='bbox 1041 3078 1299 3151; x_wconf 79' lang='lat' dir='ltr'><strong><em>facillima</em></strong></span> <span class='ocrx_word' id='word_1_448' title='bbox 1325 3084 1451 3130; x_wconf 80' lang='lat' dir='ltr'><strong><em>esset</em></strong></span> <span class='ocrx_word' id='word_1_449' title='bbox 1478 3075 1795 3144; x_wconf 87' lang='lat' dir='ltr'><strong><em>dijudicatu,</em></strong></span> <span class='ocrx_word' id='word_1_450' title='bbox 1829 3089 1931 3126; x_wconf 90' lang='lat' dir='ltr'><strong><em>non</em></strong></span> <span class='ocrx_word' id='word_1_451' title='bbox 1959 3072 2181 3127; x_wconf 89' lang='lat' dir='ltr'><strong><em>multum</em></strong></span> <span class='ocrx_word' id='word_1_452' title='bbox 2212 3072 2405 3126; x_wconf 88' lang='lat' dir='ltr'><strong><em>laboris</em></strong></span> <span class='ocrx_word' id='word_1_453' title='bbox 2432 3072 2614 3125; x_wconf 90' lang='lat' dir='ltr'><strong><em>habuit</em></strong></span> <span class='ocrx_word' id='word_1_454' title='bbox 2641 3081 2689 3125; x_wconf 91' lang='lat' dir='ltr'><strong><em>et</em></strong></span> <span class='ocrx_word' id='word_1_455' title='bbox 2717 3072 3059 3142; x_wconf 74' lang='lat' dir='ltr'><strong><em>difﬁcultatis.</em></strong></span> <span class='ocrx_word' id='word_1_456' title='bbox 3091 3073 3208 3138; x_wconf 84' lang='lat' dir='ltr'><strong><em>Quo</em></strong></span> <span class='ocrx_word' id='word_1_457' title='bbox 3226 3075 3394 3144; x_wconf 86' lang='lat' dir='ltr'><strong><em>magis</em></strong></span> <span class='ocrx_word' id='word_1_458' title='bbox 3422 3076 3726 3130; x_wconf 89' lang='lat' dir='ltr'><strong><em>mirandum</em></strong></span> 
     </span>
    </p>
   </div>
   <div class='ocr_carea' id='block_1_31' title="bbox 477 3168 3729 3255">
    <p class='ocr_par' dir='ltr' id='par_1_31' title="bbox 477 3168 3729 3255">
     <span class='ocr_line' id='line_1_31' title="bbox 477 3168 3729 3255; baseline -0.005 -13"><span class='ocrx_word' id='word_1_459' title='bbox 477 3197 572 3249; x_wconf 90' lang='lat' dir='ltr'><strong><em>est,</em></strong></span> <span class='ocrx_word' id='word_1_460' title='bbox 600 3184 737 3255; x_wconf 90' lang='lat' dir='ltr'><strong><em>quod</em></strong></span> <span class='ocrx_word' id='word_1_461' title='bbox 768 3179 1100 3237; x_wconf 85' lang='lat' dir='ltr'><strong><em>Christianus</em></strong></span> <span class='ocrx_word' id='word_1_462' title='bbox 1135 3175 1177 3228; x_wconf 67' lang='grc' dir='ltr'><strong><em>1Γ</em></strong></span> <span class='ocrx_word' id='word_1_463' title='bbox 1178 3175 1437 3227; x_wconf 85' lang='lat' dir='ltr'><strong><em>redericus</em></strong></span> <span class='ocrx_word' id='word_1_464' title='bbox 1466 3173 1528 3224; x_wconf 89' lang='lat' dir='ltr'><strong><em>de</em></strong></span> <span class='ocrx_word' id='word_1_465' title='bbox 1557 3169 1797 3224; x_wconf 80' lang='lat' dir='ltr'><strong><em>Matthtei</em></strong></span> <span class='ocrx_word' id='word_1_466' title='bbox 1824 3169 1879 3222; x_wconf 89' lang='lat' dir='ltr'><strong><em>in</em></strong></span> <span class='ocrx_word' id='word_1_467' title='bbox 1905 3169 2261 3223; x_wconf 87' lang='lat' dir='ltr'><strong><em>admonitione</em></strong></span> <span class='ocrx_word' id='word_1_468' title='bbox 2301 3170 2363 3222; x_wconf 88' lang='lat' dir='ltr'><strong><em>de</em></strong></span> <span class='ocrx_word' id='word_1_469' title='bbox 2409 3168 2610 3222; x_wconf 87' lang='lat' dir='ltr'><strong><em>Isidoro</em></strong></span> <span class='ocrx_word' id='word_1_470' title='bbox 2656 3168 2923 3222; x_wconf 85' lang='lat' dir='ltr'><strong><em>Pelusiota</em></strong></span> <span class='ocrx_word' id='word_1_471' title='bbox 2956 3171 3043 3240; x_wconf 91' lang='lat' dir='ltr'><strong><em>(cf.</em></strong></span> <span class='ocrx_word' id='word_1_472' title='bbox 3071 3170 3206 3225; x_wconf 82' lang='lat' dir='ltr'><strong><em>Nov.</em></strong></span> <span class='ocrx_word' id='word_1_473' title='bbox 3240 3186 3305 3225; x_wconf 82' lang='lat' dir='ltr'><strong><em>ex</em></strong></span> <span class='ocrx_word' id='word_1_474' title='bbox 3359 3170 3519 3227; x_wconf 86' lang='lat' dir='ltr'><strong><em>Joan.</em></strong></span> <span class='ocrx_word' id='word_1_475' title='bbox 3549 3171 3729 3244; x_wconf 87' lang='lat' dir='ltr'><strong><em>Chry-</em></strong></span> 
     </span>
    </p>
   </div>
   <div class='ocr_carea' id='block_1_32' title="bbox 479 3262 3727 3345">
    <p class='ocr_par' dir='ltr' id='par_1_32' title="bbox 479 3262 3727 3345">
     <span class='ocr_line' id='line_1_32' title="bbox 479 3262 3727 3345; baseline -0.004 -11"><span class='ocrx_word' id='word_1_476' title='bbox 479 3288 610 3334; x_wconf 91' lang='lat' dir='ltr'><strong><em>sost.</em></strong></span> <span class='ocrx_word' id='word_1_477' title='bbox 634 3276 803 3345; x_wconf 79' lang='lat' dir='ltr'><strong><em>cclog.</em></strong></span> <span class='ocrx_word' id='word_1_478' title='bbox 828 3272 935 3332; x_wconf 87' lang='lat' dir='ltr'><strong><em>LII,</em></strong></span> <span class='ocrx_word' id='word_1_479' title='bbox 962 3287 1017 3340; x_wconf 92' lang='lat' dir='ltr'><strong><em>p.</em></strong></span> <span class='ocrx_word' id='word_1_480' title='bbox 1035 3268 1270 3335; x_wconf 70' lang='lat' dir='ltr'><strong><em>xv),ha.&#39;c</em></strong></span> <span class='ocrx_word' id='word_1_481' title='bbox 1287 3265 1490 3332; x_wconf 87' lang='lat' dir='ltr'><strong><em>scripsit</em></strong></span> <span class='ocrx_word' id='word_1_482' title='bbox 1519 3263 1671 3317; x_wconf 87' lang='lat' dir='ltr'><strong><em>verba</em></strong></span> <span class='ocrx_word' id='word_1_483' title='bbox 1704 3278 1722 3315; x_wconf 92' lang='lat'><strong><em>:</em></strong></span> <span class='ocrx_word' id='word_1_484' title='bbox 1756 3262 2041 3332; x_wconf 82' lang='lat' dir='ltr'><strong><em>Plerasque</em></strong></span> <span class='ocrx_word' id='word_1_485' title='bbox 2070 3263 2294 3315; x_wconf 78' lang='lat' dir='ltr'><strong><em>istarum</em></strong></span> <span class='ocrx_word' id='word_1_486' title='bbox 2325 3262 2669 3331; x_wconf 67' lang='lat' dir='ltr'><strong><em>epistularum</em></strong></span> <span class='ocrx_word' id='word_1_487' title='bbox 2704 3263 2855 3317; x_wconf 80' lang='lat' dir='ltr'><strong><em>ﬁctas</em></strong></span> <span class='ocrx_word' id='word_1_488' title='bbox 2884 3278 3024 3326; x_wconf 83' lang='lat' dir='ltr'><strong><em>esse,</em></strong></span> <span class='ocrx_word' id='word_1_489' title='bbox 3056 3264 3261 3319; x_wconf 87' lang='lat' dir='ltr'><strong><em>dudum</em></strong></span> <span class='ocrx_word' id='word_1_490' title='bbox 3292 3265 3597 3321; x_wconf 90' lang='lat' dir='ltr'><strong><em>docuerunt</em></strong></span> <span class='ocrx_word' id='word_1_491' title='bbox 3625 3267 3727 3325; x_wconf 84' lang='lat' dir='ltr'><strong><em>viri</em></strong></span> 
     </span>
    </p>
   </div>
   <div class='ocr_carea' id='block_1_33' title="bbox 479 3352 3728 3431">
    <p class='ocr_par' dir='ltr' id='par_1_33' title="bbox 479 3352 3728 3431">
     <span class='ocr_line' id='line_1_33' title="bbox 479 3352 3728 3431; baseline -0.005 -5"><span class='ocrx_word' id='word_1_492' title='bbox 479 3370 645 3428; x_wconf 85' lang='lat' dir='ltr'><strong><em>docti.</em></strong></span> <span class='ocrx_word' id='word_1_493' title='bbox 676 3366 793 3431; x_wconf 84' lang='lat' dir='ltr'><strong><em>Qua</em></strong></span> <span class='ocrx_word' id='word_1_494' title='bbox 835 3366 899 3417; x_wconf 86' lang='lat' dir='ltr'><strong><em>de</em></strong></span> <span class='ocrx_word' id='word_1_495' title='bbox 938 3378 994 3415; x_wconf 89' lang='lat' dir='ltr'><strong><em>re</em></strong></span> <span class='ocrx_word' id='word_1_496' title='bbox 1040 3369 1193 3412; x_wconf 88' lang='lat' dir='ltr'><strong><em>caute</em></strong></span> <span class='ocrx_word' id='word_1_497' title='bbox 1248 3356 1512 3425; x_wconf 89' lang='lat' dir='ltr'><strong><em>multoque</em></strong></span> <span class='ocrx_word' id='word_1_498' title='bbox 1554 3353 1739 3407; x_wconf 84' lang='lat' dir='ltr'><strong><em>melius</em></strong></span> <span class='ocrx_word' id='word_1_499' title='bbox 1771 3353 2021 3417; x_wconf 84' lang='lat' dir='ltr'><strong><em>iudicavit</em></strong></span> <span class='ocrx_word' id='word_1_500' title='bbox 2050 3354 2104 3405; x_wconf 92' lang='lat' dir='ltr'><strong><em>in</em></strong></span> <span class='ocrx_word' id='word_1_501' title='bbox 2141 3352 2374 3405; x_wconf 88' lang='lat' dir='ltr'><strong><em>llistoria</em></strong></span> <span class='ocrx_word' id='word_1_502' title='bbox 2418 3370 2514 3406; x_wconf 90' lang='lat' dir='ltr'><strong><em>sua</em></strong></span> <span class='ocrx_word' id='word_1_503' title='bbox 2569 3353 2915 3407; x_wconf 77' lang='lat' dir='ltr'><strong><em>ecclesiastica</em></strong></span> <span class='ocrx_word' id='word_1_504' title='bbox 2950 3354 3317 3409; x_wconf 86' lang='lat' dir='ltr'><strong><em>Weismannus</em></strong></span> <span class='ocrx_word' id='word_1_505' title='bbox 3345 3357 3483 3410; x_wconf 88' lang='lat' dir='ltr'><strong><em>hisce</em></strong></span> <span class='ocrx_word' id='word_1_506' title='bbox 3510 3357 3680 3411; x_wconf 85' lang='lat' dir='ltr'><strong><em>verbis</em></strong></span> <span class='ocrx_word' id='word_1_507' title='bbox 3708 3372 3728 3411; x_wconf 91' lang='lat'><em>:</em></span> 
     </span>
    </p>
   </div>
   <div class='ocr_carea' id='block_1_34' title="bbox 480 3447 3731 3534">
    <p class='ocr_par' dir='ltr' id='par_1_34' title="bbox 480 3447 3731 3534">
     <span class='ocr_line' id='line_1_34' title="bbox 480 3447 3731 3534; baseline -0.006 -13"><span class='ocrx_word' id='word_1_508' title='bbox 480 3466 637 3534; x_wconf 85' lang='lat' dir='ltr'><strong><em>Quod</em></strong></span> <span class='ocrx_word' id='word_1_509' title='bbox 656 3464 701 3519; x_wconf 87' lang='lat' dir='ltr'><strong><em>si</em></strong></span> <span class='ocrx_word' id='word_1_510' title='bbox 735 3472 917 3516; x_wconf 85' lang='lat' dir='ltr'><strong><em>tamen</em></strong></span> <span class='ocrx_word' id='word_1_511' title='bbox 961 3471 1151 3514; x_wconf 82' lang='lat' dir='ltr'><strong><em>verum</em></strong></span> <span class='ocrx_word' id='word_1_512' title='bbox 1180 3460 1360 3517; x_wconf 87' lang='lat' dir='ltr'><strong><em>esset,</em></strong></span> <span class='ocrx_word' id='word_1_513' title='bbox 1389 3449 1534 3520; x_wconf 87' lang='lat' dir='ltr'><strong><em>quod</em></strong></span> <span class='ocrx_word' id='word_1_514' title='bbox 1562 3464 1688 3503; x_wconf 82' lang='lat' dir='ltr'><strong><em>ven.</em></strong></span> <span class='ocrx_word' id='word_1_515' title='bbox 1719 3447 2069 3503; x_wconf 86' lang='lat' dir='ltr'><strong><em>Heumannus</em></strong></span> <span class='ocrx_word' id='word_1_516' title='bbox 2097 3448 2400 3509; x_wconf 80' lang='lat' dir='ltr'><strong><em>existimat,</em></strong></span> <span class='ocrx_word' id='word_1_517' title='bbox 2431 3449 2713 3518; x_wconf 82' lang='lat' dir='ltr'><strong><em>scripsisse</em></strong></span> <span class='ocrx_word' id='word_1_518' title='bbox 2754 3450 2972 3517; x_wconf 83' lang='lat' dir='ltr'><strong><em>quidem</em></strong></span> <span class='ocrx_word' id='word_1_519' title='bbox 3008 3448 3314 3517; x_wconf 77' lang='lat' dir='ltr'><strong><em>huiusmodi</em></strong></span> <span class='ocrx_word' id='word_1_520' title='bbox 3343 3449 3600 3520; x_wconf 82' lang='lat' dir='ltr'><strong><em>epistolas</em></strong></span> <span class='ocrx_word' id='word_1_521' title='bbox 3629 3450 3731 3504; x_wconf 90' lang='lat' dir='ltr'><strong><em>lsi-</em></strong></span> 
     </span>
    </p>
   </div>
   <div class='ocr_carea' id='block_1_35' title="bbox 480 3542 3731 3621">
    <p class='ocr_par' dir='ltr' id='par_1_35' title="bbox 480 3542 3731 3621">
     <span class='ocr_line' id='line_1_35' title="bbox 480 3542 3731 3621; baseline -0.006 -3"><span class='ocrx_word' id='word_1_522' title='bbox 480 3564 698 3621; x_wconf 85' lang='lat' dir='ltr'><strong><em>dorum,</em></strong></span> <span class='ocrx_word' id='word_1_523' title='bbox 731 3557 825 3613; x_wconf 87' lang='lat' dir='ltr'><strong><em>scd</em></strong></span> <span class='ocrx_word' id='word_1_524' title='bbox 855 3570 948 3610; x_wconf 86' lang='lat' dir='ltr'><strong><em>eas</em></strong></span> <span class='ocrx_word' id='word_1_525' title='bbox 975 3568 1035 3607; x_wconf 90' lang='lat' dir='ltr'><strong><em>re</em></strong></span> <span class='ocrx_word' id='word_1_526' title='bbox 1065 3552 1181 3621; x_wconf 88' lang='lat' dir='ltr'><strong><em>ipsa</em></strong></span> <span class='ocrx_word' id='word_1_527' title='bbox 1208 3563 1320 3602; x_wconf 90' lang='lat' dir='ltr'><strong><em>non</em></strong></span> <span class='ocrx_word' id='word_1_528' title='bbox 1350 3545 1564 3600; x_wconf 88' lang='lat' dir='ltr'><strong><em>misisse</em></strong></span> <span class='ocrx_word' id='word_1_529' title='bbox 1592 3543 1659 3598; x_wconf 87' lang='lat' dir='ltr'><strong><em>ad</em></strong></span> <span class='ocrx_word' id='word_1_530' title='bbox 1689 3558 1950 3613; x_wconf 87' lang='lat' dir='ltr'><strong><em>personas</em></strong></span> <span class='ocrx_word' id='word_1_531' title='bbox 1979 3542 2177 3611; x_wconf 88' lang='lat' dir='ltr'><strong><em>quibus</em></strong></span> <span class='ocrx_word' id='word_1_532' title='bbox 2209 3543 2481 3612; x_wconf 73' lang='lat' dir='ltr'><strong><em>inscriptae</em></strong></span> <span class='ocrx_word' id='word_1_533' title='bbox 2510 3552 2656 3601; x_wconf 85' lang='lat' dir='ltr'><strong><em>sunt.</em></strong></span> <span class='ocrx_word' id='word_1_534' title='bbox 2690 3559 2885 3613; x_wconf 68' lang='lat' dir='ltr'><strong><em>magno</em></strong></span> <span class='ocrx_word' id='word_1_535' title='bbox 2913 3544 2980 3597; x_wconf 82' lang='lat' dir='ltr'><strong><em>ad</em></strong></span> <span class='ocrx_word' id='word_1_536' title='bbox 3012 3544 3127 3598; x_wconf 64' lang='lat' dir='ltr'><strong><em>haec</em></strong></span> <span class='ocrx_word' id='word_1_537' title='bbox 3156 3544 3444 3598; x_wconf 86' lang='lat' dir='ltr'><strong><em>scribenda</em></strong></span> <span class='ocrx_word' id='word_1_538' title='bbox 3474 3544 3731 3614; x_wconf 84' lang='lat' dir='ltr'><strong><em>privatim</em></strong></span> 
     </span>
    </p>
   </div>
   <div class='ocr_carea' id='block_1_36' title="bbox 482 3635 3731 3722">
    <p class='ocr_par' dir='ltr' id='par_1_36' title="bbox 482 3635 3731 3722">
     <span class='ocr_line' id='line_1_36' title="bbox 482 3635 3731 3722; baseline -0.007 -11"><span class='ocrx_word' id='word_1_539' title='bbox 482 3657 670 3711; x_wconf 88' lang='lat' dir='ltr'><strong><em>animo</em></strong></span> <span class='ocrx_word' id='word_1_540' title='bbox 698 3667 836 3722; x_wconf 88' lang='lat' dir='ltr'><strong><em>opus</em></strong></span> <span class='ocrx_word' id='word_1_541' title='bbox 868 3664 978 3704; x_wconf 89' lang='lat' dir='ltr'><strong><em>non</em></strong></span> <span class='ocrx_word' id='word_1_542' title='bbox 1008 3645 1217 3701; x_wconf 79' lang='lat' dir='ltr'><strong><em>fuisset.</em></strong></span> <span class='ocrx_word' id='word_1_543' title='bbox 1250 3641 1395 3713; x_wconf 81' lang='lat' dir='ltr'><strong><em>(Vid.</em></strong></span> <span class='ocrx_word' id='word_1_544' title='bbox 1429 3639 1522 3693; x_wconf 90' lang='lat' dir='ltr'><strong><em>cit.</em></strong></span> <span class='ocrx_word' id='word_1_545' title='bbox 1553 3638 1687 3693; x_wconf 86' lang='lat' dir='ltr'><strong><em>diss.</em></strong></span> <span class='ocrx_word' id='word_1_546' title='bbox 1720 3636 1812 3690; x_wconf 88' lang='lat' dir='ltr'><strong><em>ubi</em></strong></span> <span class='ocrx_word' id='word_1_547' title='bbox 1843 3636 2031 3690; x_wconf 87' lang='lat' dir='ltr'><strong><em>multis</em></strong></span> <span class='ocrx_word' id='word_1_548' title='bbox 2058 3645 2113 3689; x_wconf 90' lang='lat' dir='ltr'><strong><em>et</em></strong></span> <span class='ocrx_word' id='word_1_549' title='bbox 2154 3636 2380 3689; x_wconf 77' lang='lat' dir='ltr'><strong><em>eruditis</em></strong></span> <span class='ocrx_word' id='word_1_550' title='bbox 2409 3635 2708 3689; x_wconf 79' lang='lat' dir='ltr'><strong><em>rationibus</em></strong></span> <span class='ocrx_word' id='word_1_551' title='bbox 2738 3652 2835 3705; x_wconf 82' lang='lat' dir='ltr'><strong><em>pro</em></strong></span> <span class='ocrx_word' id='word_1_552' title='bbox 2862 3651 3013 3689; x_wconf 79' lang='lat' dir='ltr'><strong><em>more</em></strong></span> <span class='ocrx_word' id='word_1_553' title='bbox 3042 3637 3185 3691; x_wconf 84' lang='lat' dir='ltr'><strong><em>hanc</em></strong></span> <span class='ocrx_word' id='word_1_554' title='bbox 3213 3636 3539 3707; x_wconf 83' lang='lat' dir='ltr'><strong><em>hypotbesln</em></strong></span> <span class='ocrx_word' id='word_1_555' title='bbox 3567 3651 3731 3690; x_wconf 76' lang='lat' dir='ltr'><strong><em>exor-</em></strong></span> 
     </span>
    </p>
   </div>
   <div class='ocr_carea' id='block_1_37' title="bbox 485 3730 3733 3817">
    <p class='ocr_par' dir='ltr' id='par_1_37' title="bbox 485 3730 3733 3817">
     <span class='ocr_line' id='line_1_37' title="bbox 485 3730 3733 3817; baseline -0.007 -11"><span class='ocrx_word' id='word_1_556' title='bbox 485 3760 599 3806; x_wconf 86' lang='lat' dir='ltr'><strong><em>nat.</em></strong></span> <span class='ocrx_word' id='word_1_557' title='bbox 628 3779 698 3791; x_wconf 92' lang='lat'><strong>——</strong></span> <span class='ocrx_word' id='word_1_558' title='bbox 727 3746 813 3817; x_wconf 85' lang='lat' dir='ltr'><strong><em>Cf.</em></strong></span> <span class='ocrx_word' id='word_1_559' title='bbox 848 3744 1060 3799; x_wconf 83' lang='lat' dir='ltr'><strong><em>Weism.</em></strong></span> <span class='ocrx_word' id='word_1_560' title='bbox 1093 3740 1234 3795; x_wconf 83' lang='lat' dir='ltr'><strong><em>Hist.</em></strong></span> <span class='ocrx_word' id='word_1_561' title='bbox 1264 3736 1424 3796; x_wconf 85' lang='lat' dir='ltr'><strong><em>eccl..</em></strong></span> <span class='ocrx_word' id='word_1_562' title='bbox 1454 3734 1557 3788; x_wconf 81' lang='lat' dir='ltr'><strong><em>vol.</em></strong></span> <span class='ocrx_word' id='word_1_563' title='bbox 1589 3732 1637 3797; x_wconf 88' lang='grc' dir='ltr'><strong><em>Ι,</em></strong></span> <span class='ocrx_word' id='word_1_564' title='bbox 1669 3749 1721 3801; x_wconf 92' lang='lat' dir='ltr'><strong><em>p.</em></strong></span> <span class='ocrx_word' id='word_1_565' title='bbox 1753 3731 1879 3795; x_wconf 69' lang='grc'><strong><em>471,</em></strong></span> <span class='ocrx_word' id='word_1_566' title='bbox 1903 3732 1986 3784; x_wconf 87' lang='lat' dir='ltr'><strong><em>ed.</em></strong></span> <span class='ocrx_word' id='word_1_567' title='bbox 2017 3731 2146 3799; x_wconf 86' lang='lat' dir='ltr'><strong><em>alt.)</em></strong></span> <span class='ocrx_word' id='word_1_568' title='bbox 2174 3760 2244 3771; x_wconf 97' lang='lat'><strong>—</strong></span> <span class='ocrx_word' id='word_1_569' title='bbox 2272 3731 2507 3801; x_wconf 85' lang='lat' dir='ltr'><strong><em>Denique</em></strong></span> <span class='ocrx_word' id='word_1_570' title='bbox 2526 3732 2783 3799; x_wconf 86' lang='lat' dir='ltr'><strong><em>plurimas</em></strong></span> <span class='ocrx_word' id='word_1_571' title='bbox 2825 3732 3014 3786; x_wconf 88' lang='lat' dir='ltr'><strong><em>Isidori</em></strong></span> <span class='ocrx_word' id='word_1_572' title='bbox 3041 3730 3287 3803; x_wconf 86' lang='lat' dir='ltr'><strong><em>epistolas</em></strong></span> <span class='ocrx_word' id='word_1_573' title='bbox 3330 3747 3434 3786; x_wconf 88' lang='lat' dir='ltr'><strong><em>non</em></strong></span> <span class='ocrx_word' id='word_1_574' title='bbox 3463 3750 3525 3786; x_wconf 89' lang='lat' dir='ltr'><strong><em>ea</em></strong></span> <span class='ocrx_word' id='word_1_575' title='bbox 3560 3733 3733 3803; x_wconf 90' lang='lat' dir='ltr'><strong><em>forma</em></strong></span> 
     </span>
    </p>
   </div>
   <div class='ocr_carea' id='block_1_38' title="bbox 484 3822 3735 3915">
    <p class='ocr_par' dir='ltr' id='par_1_38' title="bbox 484 3822 3735 3915">
     <span class='ocr_line' id='line_1_38' title="bbox 484 3822 3735 3915; baseline -0.007 -18"><span class='ocrx_word' id='word_1_576' title='bbox 484 3860 589 3915; x_wconf 90' lang='lat' dir='ltr'><strong><em>qua</em></strong></span> <span class='ocrx_word' id='word_1_577' title='bbox 614 3844 671 3895; x_wconf 92' lang='lat' dir='ltr'><strong><em>in</em></strong></span> <span class='ocrx_word' id='word_1_578' title='bbox 698 3839 849 3894; x_wconf 89' lang='lat' dir='ltr'><strong><em>editis</em></strong></span> <span class='ocrx_word' id='word_1_579' title='bbox 878 3849 1078 3889; x_wconf 68' lang='lat' dir='ltr'><strong><em>excusa:</em></strong></span> <span class='ocrx_word' id='word_1_580' title='bbox 1107 3832 1210 3885; x_wconf 86' lang='lat' dir='ltr'><strong><em>sint</em></strong></span> <span class='ocrx_word' id='word_1_581' title='bbox 1235 3828 1639 3897; x_wconf 77' lang='lat' dir='ltr'><strong><em>exemplaribus,</em></strong></span> <span class='ocrx_word' id='word_1_582' title='bbox 1671 3822 1739 3877; x_wconf 85' lang='lat' dir='ltr'><strong><em>ab</em></strong></span> <span class='ocrx_word' id='word_1_583' title='bbox 1769 3832 1983 3876; x_wconf 89' lang='lat' dir='ltr'><strong><em>auctore</em></strong></span> <span class='ocrx_word' id='word_1_584' title='bbox 2002 3823 2223 3889; x_wconf 87' lang='lat' dir='ltr'><strong><em>scriptas</em></strong></span> <span class='ocrx_word' id='word_1_585' title='bbox 2248 3839 2375 3881; x_wconf 82' lang='lat' dir='ltr'><strong><em>esse,</em></strong></span> <span class='ocrx_word' id='word_1_586' title='bbox 2404 3824 2493 3875; x_wconf 88' lang='lat' dir='ltr'><strong><em>sed</em></strong></span> <span class='ocrx_word' id='word_1_587' title='bbox 2528 3840 2559 3875; x_wconf 93' lang='lat' dir='ltr'><strong><em>a</em></strong></span> <span class='ocrx_word' id='word_1_588' title='bbox 2602 3824 2868 3875; x_wconf 86' lang='lat' dir='ltr'><strong><em>monachis</em></strong></span> <span class='ocrx_word' id='word_1_589' title='bbox 2892 3832 3159 3893; x_wconf 68' lang='lat' dir='ltr'><strong><em>excerptas</em></strong></span> <span class='ocrx_word' id='word_1_590' title='bbox 3190 3824 3262 3876; x_wconf 89' lang='lat' dir='ltr'><strong><em>ad</em></strong></span> <span class='ocrx_word' id='word_1_591' title='bbox 3290 3834 3527 3877; x_wconf 90' lang='lat' dir='ltr'><strong><em>nostram</em></strong></span> <span class='ocrx_word' id='word_1_592' title='bbox 3568 3837 3735 3891; x_wconf 85' lang='lat' dir='ltr'><strong><em>usque</em></strong></span> 
     </span>
    </p>
   </div>
   <div class='ocr_carea' id='block_1_39' title="bbox 486 3917 3729 4004">
    <p class='ocr_par' dir='ltr' id='par_1_39' title="bbox 486 3917 3729 4004">
     <span class='ocr_line' id='line_1_39' title="bbox 486 3917 3729 4004; baseline -0.008 -10"><span class='ocrx_word' id='word_1_593' title='bbox 486 3948 694 3995; x_wconf 69' lang='lat' dir='ltr'><strong><em>(etatem</em></strong></span> <span class='ocrx_word' id='word_1_594' title='bbox 722 3932 1011 4004; x_wconf 81' lang='lat' dir='ltr'><strong><em>pervenisse</em></strong></span> <span class='ocrx_word' id='word_1_595' title='bbox 1033 3970 1049 3993; x_wconf 94' lang='lat'><strong><em>,</em></strong></span> <span class='ocrx_word' id='word_1_596' title='bbox 1079 3926 1299 3997; x_wconf 84' lang='lat' dir='ltr'><strong><em>probare</em></strong></span> <span class='ocrx_word' id='word_1_597' title='bbox 1347 3923 1521 3976; x_wconf 86' lang='lat' dir='ltr'><strong><em>conati</em></strong></span> <span class='ocrx_word' id='word_1_598' title='bbox 1557 3935 1757 3973; x_wconf 88' lang='lat' dir='ltr'><strong><em>sumus.</em></strong></span> <span class='ocrx_word' id='word_1_599' title='bbox 1791 3918 1907 3982; x_wconf 80' lang='lat' dir='ltr'><strong><em>Qua</em></strong></span> <span class='ocrx_word' id='word_1_600' title='bbox 1938 3926 2113 3969; x_wconf 87' lang='lat' dir='ltr'><strong><em>tamen</em></strong></span> <span class='ocrx_word' id='word_1_601' title='bbox 2140 3917 2197 3969; x_wconf 89' lang='lat' dir='ltr'><strong><em>in</em></strong></span> <span class='ocrx_word' id='word_1_602' title='bbox 2227 3933 2280 3969; x_wconf 88' lang='lat' dir='ltr'><strong><em>re</em></strong></span> <span class='ocrx_word' id='word_1_603' title='bbox 2310 3932 2412 3969; x_wconf 91' lang='lat' dir='ltr'><strong><em>non</em></strong></span> <span class='ocrx_word' id='word_1_604' title='bbox 2444 3918 2653 3970; x_wconf 90' lang='lat' dir='ltr'><strong><em>omnino</em></strong></span> <span class='ocrx_word' id='word_1_605' title='bbox 2697 3934 2873 3971; x_wconf 87' lang='lat' dir='ltr'><strong><em>verum</em></strong></span> <span class='ocrx_word' id='word_1_606' title='bbox 2911 3919 3157 3972; x_wconf 88' lang='lat' dir='ltr'><strong><em>vidimus.</em></strong></span> <span class='ocrx_word' id='word_1_607' title='bbox 3188 3917 3538 3988; x_wconf 85' lang='lat' dir='ltr'><strong><em>Reperiuntur</em></strong></span> <span class='ocrx_word' id='word_1_608' title='bbox 3568 3918 3729 3982; x_wconf 86' lang='lat' dir='ltr'><strong><em>enim,</em></strong></span> 
     </span>
    </p>
   </div>
   <div class='ocr_carea' id='block_1_40' title="bbox 486 4009 3732 4099">
    <p class='ocr_par' dir='ltr' id='par_1_40' title="bbox 486 4009 3732 4099">
     <span class='ocr_line' id='line_1_40' title="bbox 486 4009 3732 4099; baseline -0.008 -12"><span class='ocrx_word' id='word_1_609' title='bbox 486 4043 543 4087; x_wconf 88' lang='lat' dir='ltr'><strong><em>ut</em></strong></span> <span class='ocrx_word' id='word_1_610' title='bbox 568 4030 823 4099; x_wconf 80' lang='lat' dir='ltr'><strong><em>Reisigius</em></strong></span> <span class='ocrx_word' id='word_1_611' title='bbox 857 4040 999 4081; x_wconf 89' lang='lat' dir='ltr'><strong><em>meus</em></strong></span> <span class='ocrx_word' id='word_1_612' title='bbox 1037 4037 1118 4075; x_wconf 89' lang='lat' dir='ltr'><strong><em>me</em></strong></span> <span class='ocrx_word' id='word_1_613' title='bbox 1146 4020 1342 4080; x_wconf 89' lang='lat' dir='ltr'><strong><em>docuit,</em></strong></span> <span class='ocrx_word' id='word_1_614' title='bbox 1372 4017 1510 4069; x_wconf 91' lang='lat' dir='ltr'><strong><em>inter</em></strong></span> <span class='ocrx_word' id='word_1_615' title='bbox 1535 4014 1725 4069; x_wconf 86' lang='lat' dir='ltr'><strong><em>Isidori</em></strong></span> <span class='ocrx_word' id='word_1_616' title='bbox 1755 4010 2003 4080; x_wconf 89' lang='lat' dir='ltr'><strong><em>epistolas</em></strong></span> <span class='ocrx_word' id='word_1_617' title='bbox 2035 4026 2137 4063; x_wconf 93' lang='lat' dir='ltr'><strong><em>non</em></strong></span> <span class='ocrx_word' id='word_1_618' title='bbox 2164 4009 2334 4063; x_wconf 89' lang='lat' dir='ltr'><strong><em>solum</em></strong></span> <span class='ocrx_word' id='word_1_619' title='bbox 2363 4025 2479 4078; x_wconf 75' lang='lat' dir='ltr'><strong><em>qure</em></strong></span> <span class='ocrx_word' id='word_1_620' title='bbox 2526 4026 2557 4061; x_wconf 92' lang='lat' dir='ltr'><strong><em>a</em></strong></span> <span class='ocrx_word' id='word_1_621' title='bbox 2606 4010 2871 4063; x_wconf 87' lang='lat' dir='ltr'><strong><em>monachis</em></strong></span> <span class='ocrx_word' id='word_1_622' title='bbox 2900 4020 3175 4079; x_wconf 64' lang='lat' dir='ltr'><strong><em>excerptas,</em></strong></span> <span class='ocrx_word' id='word_1_623' title='bbox 3207 4028 3381 4064; x_wconf 83' lang='lat' dir='ltr'><strong><em>verum</em></strong></span> <span class='ocrx_word' id='word_1_624' title='bbox 3409 4010 3567 4063; x_wconf 86' lang='lat' dir='ltr'><strong><em>etiam</em></strong></span> <span class='ocrx_word' id='word_1_625' title='bbox 3614 4024 3732 4080; x_wconf 71' lang='lat' dir='ltr'><strong><em>qui:</em></strong></span> 
     </span>
    </p>
   </div>
   <div class='ocr_carea' id='block_1_41' title="bbox 486 4102 3733 4184">
    <p class='ocr_par' dir='ltr' id='par_1_41' title="bbox 486 4102 3733 4184">
     <span class='ocr_line' id='line_1_41' title="bbox 486 4102 3733 4184; baseline -0.006 -7"><span class='ocrx_word' id='word_1_626' title='bbox 486 4126 554 4177; x_wconf 86' lang='lat' dir='ltr'><strong><em>ab</em></strong></span> <span class='ocrx_word' id='word_1_627' title='bbox 600 4122 791 4177; x_wconf 86' lang='lat' dir='ltr'><strong><em>eisdem</em></strong></span> <span class='ocrx_word' id='word_1_628' title='bbox 837 4115 1169 4184; x_wconf 68' lang='lat' dir='ltr'><strong><em>interpolatae</em></strong></span> <span class='ocrx_word' id='word_1_629' title='bbox 1208 4119 1349 4163; x_wconf 87' lang='lat' dir='ltr'><strong><em>sunt.</em></strong></span> <span class='ocrx_word' id='word_1_630' title='bbox 1380 4106 1726 4173; x_wconf 82' lang='lat' dir='ltr'><strong><em>Quamobrem</em></strong></span> <span class='ocrx_word' id='word_1_631' title='bbox 1765 4120 1882 4174; x_wconf 77' lang='lat' dir='ltr'><strong><em>qua:</em></strong></span> <span class='ocrx_word' id='word_1_632' title='bbox 1927 4105 2065 4156; x_wconf 90' lang='lat' dir='ltr'><strong><em>inter</em></strong></span> <span class='ocrx_word' id='word_1_633' title='bbox 2105 4102 2371 4170; x_wconf 85' lang='lat' dir='ltr'><strong><em>epistolas,</em></strong></span> <span class='ocrx_word' id='word_1_634' title='bbox 2404 4114 2520 4172; x_wconf 72' lang='lat' dir='ltr'><strong><em>qua:</em></strong></span> <span class='ocrx_word' id='word_1_635' title='bbox 2548 4102 2624 4155; x_wconf 87' lang='lat' dir='ltr'><strong><em>bis</em></strong></span> <span class='ocrx_word' id='word_1_636' title='bbox 2646 4103 2701 4154; x_wconf 94' lang='lat' dir='ltr'><strong><em>in</em></strong></span> <span class='ocrx_word' id='word_1_637' title='bbox 2727 4103 3108 4169; x_wconf 73' lang='lat' dir='ltr'><strong><em>exemplaribus</em></strong></span> <span class='ocrx_word' id='word_1_638' title='bbox 3139 4104 3275 4173; x_wconf 83' lang='lat' dir='ltr'><strong><em>typis</em></strong></span> <span class='ocrx_word' id='word_1_639' title='bbox 3306 4119 3559 4172; x_wconf 69' lang='lat' dir='ltr'><strong><em>erpressa:</em></strong></span> <span class='ocrx_word' id='word_1_640' title='bbox 3586 4105 3733 4157; x_wconf 83' lang='lat' dir='ltr'><strong><em>inve-</em></strong></span> 
     </span>
    </p>
   </div>
   <div class='ocr_carea' id='block_1_42' title="bbox 488 4191 3738 4275">
    <p class='ocr_par' dir='ltr' id='par_1_42' title="bbox 488 4191 3738 4275">
     <span class='ocr_line' id='line_1_42' title="bbox 488 4191 3738 4275; baseline -0.008 -5"><span class='ocrx_word' id='word_1_641' title='bbox 488 4218 727 4275; x_wconf 89' lang='lat' dir='ltr'><strong><em>niuntur,</em></strong></span> <span class='ocrx_word' id='word_1_642' title='bbox 758 4213 825 4265; x_wconf 90' lang='lat' dir='ltr'><strong><em>ab</em></strong></span> <span class='ocrx_word' id='word_1_643' title='bbox 855 4210 1056 4264; x_wconf 86' lang='lat' dir='ltr'><strong><em>Isidoro</em></strong></span> <span class='ocrx_word' id='word_1_644' title='bbox 1088 4205 1318 4274; x_wconf 83' lang='lat' dir='ltr'><strong><em>profecta</em></strong></span> <span class='ocrx_word' id='word_1_645' title='bbox 1351 4202 1415 4253; x_wconf 89' lang='lat' dir='ltr'><strong><em>sit</em></strong></span> <span class='ocrx_word' id='word_1_646' title='bbox 1445 4195 1809 4267; x_wconf 84' lang='lat' dir='ltr'><strong><em>dijudicaturi,</em></strong></span> <span class='ocrx_word' id='word_1_647' title='bbox 1842 4209 2120 4246; x_wconf 89' lang='lat' dir='ltr'><strong><em>caveamus</em></strong></span> <span class='ocrx_word' id='word_1_648' title='bbox 2150 4208 2348 4245; x_wconf 88' lang='lat' dir='ltr'><strong><em>necesse</em></strong></span> <span class='ocrx_word' id='word_1_649' title='bbox 2376 4202 2471 4251; x_wconf 85' lang='lat' dir='ltr'><strong><em>est,</em></strong></span> <span class='ocrx_word' id='word_1_650' title='bbox 2502 4200 2557 4243; x_wconf 90' lang='lat' dir='ltr'><strong><em>ut</em></strong></span> <span class='ocrx_word' id='word_1_651' title='bbox 2586 4191 2751 4243; x_wconf 90' lang='lat' dir='ltr'><strong><em>ullam</em></strong></span> <span class='ocrx_word' id='word_1_652' title='bbox 2782 4200 3055 4261; x_wconf 90' lang='lat' dir='ltr'><strong><em>propterea</em></strong></span> <span class='ocrx_word' id='word_1_653' title='bbox 3086 4194 3366 4261; x_wconf 87' lang='lat' dir='ltr'><strong><em>genuinam</em></strong></span> <span class='ocrx_word' id='word_1_654' title='bbox 3394 4209 3502 4247; x_wconf 89' lang='lat' dir='ltr'><strong><em>esse</em></strong></span> <span class='ocrx_word' id='word_1_655' title='bbox 3529 4202 3738 4246; x_wconf 86' lang='lat' dir='ltr'><strong><em>statua-</em></strong></span> 
     </span>
    </p>
   </div>
   <div class='ocr_carea' id='block_1_43' title="bbox 489 4286 3737 4381">
    <p class='ocr_par' dir='ltr' id='par_1_43' title="bbox 489 4286 3737 4381">
     <span class='ocr_line' id='line_1_43' title="bbox 489 4286 3737 4381; baseline -0.006 -21"><span class='ocrx_word' id='word_1_656' title='bbox 489 4326 606 4363; x_wconf 87' lang='lat' dir='ltr'><strong><em>mus</em></strong></span> <span class='ocrx_word' id='word_1_657' title='bbox 625 4350 639 4371; x_wconf 95' lang='lat'><strong><em>,</em></strong></span> <span class='ocrx_word' id='word_1_658' title='bbox 673 4306 922 4377; x_wconf 90' lang='lat' dir='ltr'><strong><em>quoniam</em></strong></span> <span class='ocrx_word' id='word_1_659' title='bbox 965 4300 1201 4381; x_wconf 84' lang='lat' dir='ltr'><strong><em>pluribus</em></strong></span> <span class='ocrx_word' id='word_1_660' title='bbox 1244 4294 1572 4349; x_wconf 86' lang='lat' dir='ltr'><strong><em>contineatur</em></strong></span> <span class='ocrx_word' id='word_1_661' title='bbox 1612 4289 1798 4342; x_wconf 88' lang='lat' dir='ltr'><strong><em>verbis.</em></strong></span> <span class='ocrx_word' id='word_1_662' title='bbox 1831 4288 1956 4342; x_wconf 73' lang='lat' dir='ltr'><strong><em>Haec</em></strong></span> <span class='ocrx_word' id='word_1_663' title='bbox 1984 4288 2123 4341; x_wconf 90' lang='lat' dir='ltr'><strong><em>enim</em></strong></span> <span class='ocrx_word' id='word_1_664' title='bbox 2152 4288 2217 4340; x_wconf 88' lang='lat' dir='ltr'><strong><em>ab</em></strong></span> <span class='ocrx_word' id='word_1_665' title='bbox 2247 4287 2619 4355; x_wconf 88' lang='lat' dir='ltr'><strong><em>interpolatore</em></strong></span> <span class='ocrx_word' id='word_1_666' title='bbox 2648 4295 2741 4339; x_wconf 90' lang='lat' dir='ltr'><strong><em>aut</em></strong></span> <span class='ocrx_word' id='word_1_667' title='bbox 2770 4286 3055 4357; x_wconf 88' lang='lat' dir='ltr'><strong><em>glossatore</em></strong></span> <span class='ocrx_word' id='word_1_668' title='bbox 3082 4298 3295 4355; x_wconf 88' lang='lat' dir='ltr'><strong><em>possunt</em></strong></span> <span class='ocrx_word' id='word_1_669' title='bbox 3332 4305 3439 4342; x_wconf 90' lang='lat' dir='ltr'><strong><em>esse</em></strong></span> <span class='ocrx_word' id='word_1_670' title='bbox 3482 4290 3737 4359; x_wconf 87' lang='lat' dir='ltr'><strong><em>profecta.</em></strong></span> 
     </span>
    </p>
   </div>
   <div class='ocr_carea' id='block_1_44' title="bbox 490 4380 3741 4467">
    <p class='ocr_par' dir='ltr' id='par_1_44' title="bbox 490 4380 3741 4467">
     <span class='ocr_line' id='line_1_44' title="bbox 490 4380 3741 4467; baseline -0.007 -12"><span class='ocrx_word' id='word_1_671' title='bbox 490 4400 651 4467; x_wconf 81' lang='lat' dir='ltr'><strong><em>Cujus</em></strong></span> <span class='ocrx_word' id='word_1_672' title='bbox 678 4396 950 4451; x_wconf 70' lang='lat' dir='ltr'><strong><em>sententia:</em></strong></span> <span class='ocrx_word' id='word_1_673' title='bbox 978 4393 1245 4446; x_wconf 80' lang='lat' dir='ltr'><strong><em>veritatem</em></strong></span> <span class='ocrx_word' id='word_1_674' title='bbox 1294 4386 1563 4456; x_wconf 81' lang='lat' dir='ltr'><strong><em>perspiciet</em></strong></span> <span class='ocrx_word' id='word_1_675' title='bbox 1607 4384 1747 4436; x_wconf 90' lang='lat' dir='ltr'><strong><em>haud</em></strong></span> <span class='ocrx_word' id='word_1_676' title='bbox 1794 4382 1969 4446; x_wconf 90' lang='lat' dir='ltr'><strong><em>dubie,</em></strong></span> <span class='ocrx_word' id='word_1_677' title='bbox 2000 4382 2089 4450; x_wconf 91' lang='lat' dir='ltr'><strong><em>qui</em></strong></span> <span class='ocrx_word' id='word_1_678' title='bbox 2118 4380 2309 4434; x_wconf 90' lang='lat' dir='ltr'><strong><em>Isidori</em></strong></span> <span class='ocrx_word' id='word_1_679' title='bbox 2341 4380 2546 4432; x_wconf 87' lang='lat' dir='ltr'><strong><em>litteras</em></strong></span> <span class='ocrx_word' id='word_1_680' title='bbox 2595 4381 2730 4434; x_wconf 83' lang='lat' dir='ltr'><strong><em>infra</em></strong></span> <span class='ocrx_word' id='word_1_681' title='bbox 2754 4399 2785 4434; x_wconf 91' lang='lat' dir='ltr'><strong><em>a</em></strong></span> <span class='ocrx_word' id='word_1_682' title='bbox 2821 4398 2901 4434; x_wconf 89' lang='lat' dir='ltr'><strong><em>me</em></strong></span> <span class='ocrx_word' id='word_1_683' title='bbox 2932 4383 2986 4434; x_wconf 91' lang='lat' dir='ltr'><strong><em>in</em></strong></span> <span class='ocrx_word' id='word_1_684' title='bbox 3016 4383 3242 4434; x_wconf 90' lang='lat' dir='ltr'><strong><em>medium</em></strong></span> <span class='ocrx_word' id='word_1_685' title='bbox 3272 4383 3510 4451; x_wconf 89' lang='lat' dir='ltr'><strong><em>prolatas</em></strong></span> <span class='ocrx_word' id='word_1_686' title='bbox 3540 4392 3741 4435; x_wconf 84' lang='lat' dir='ltr'><strong><em>attento</em></strong></span> 
     </span>
    </p>
   </div>
   <div class='ocr_carea' id='block_1_45' title="bbox 491 4474 3739 4563">
    <p class='ocr_par' dir='ltr' id='par_1_45' title="bbox 491 4474 3739 4563">
     <span class='ocr_line' id='line_1_45' title="bbox 491 4474 3739 4563; baseline -0.006 -17"><span class='ocrx_word' id='word_1_687' title='bbox 491 4489 767 4563; x_wconf 87' lang='lat' dir='ltr'><strong><em>perlegerit</em></strong></span> <span class='ocrx_word' id='word_1_688' title='bbox 797 4488 995 4541; x_wconf 88' lang='lat' dir='ltr'><strong><em>animo.</em></strong></span> <span class='ocrx_word' id='word_1_689' title='bbox 1029 4483 1257 4543; x_wconf 86' lang='lat' dir='ltr'><strong><em>Etenim,</em></strong></span> <span class='ocrx_word' id='word_1_690' title='bbox 1288 4491 1343 4533; x_wconf 90' lang='lat' dir='ltr'><strong><em>ut</em></strong></span> <span class='ocrx_word' id='word_1_691' title='bbox 1368 4481 1507 4533; x_wconf 89' lang='lat' dir='ltr'><strong><em>idem</em></strong></span> <span class='ocrx_word' id='word_1_692' title='bbox 1535 4477 1624 4530; x_wconf 90' lang='lat' dir='ltr'><strong><em>ille</em></strong></span> <span class='ocrx_word' id='word_1_693' title='bbox 1652 4476 1909 4545; x_wconf 85' lang='lat' dir='ltr'><strong><em>Reisigius</em></strong></span> <span class='ocrx_word' id='word_1_694' title='bbox 1939 4474 2231 4538; x_wconf 75' lang='lat' dir='ltr'><strong><em>intellexit,</em></strong></span> <span class='ocrx_word' id='word_1_695' title='bbox 2263 4476 2318 4527; x_wconf 90' lang='lat' dir='ltr'><strong><em>in</em></strong></span> <span class='ocrx_word' id='word_1_696' title='bbox 2342 4475 2434 4527; x_wconf 89' lang='lat' dir='ltr'><strong><em>illa</em></strong></span> <span class='ocrx_word' id='word_1_697' title='bbox 2467 4492 2582 4545; x_wconf 68' lang='lat' dir='ltr'><strong><em>qua’</em></strong></span> <span class='ocrx_word' id='word_1_698' title='bbox 2611 4485 2684 4528; x_wconf 88' lang='lat' dir='ltr'><strong><em>est</em></strong></span> <span class='ocrx_word' id='word_1_699' title='bbox 2716 4476 2837 4529; x_wconf 89' lang='lat' dir='ltr'><strong><em>libri</em></strong></span> <span class='ocrx_word' id='word_1_700' title='bbox 2864 4478 3075 4530; x_wconf 87' lang='lat' dir='ltr'><strong><em>secundi</em></strong></span> <span class='ocrx_word' id='word_1_701' title='bbox 3104 4477 3323 4545; x_wconf 87' lang='lat' dir='ltr'><strong><em>epistola</em></strong></span> <span class='ocrx_word' id='word_1_702' title='bbox 3352 4474 3611 4546; x_wconf 78' lang='lat' dir='ltr'><strong><em>glossator</em></strong></span> <span class='ocrx_word' id='word_1_703' title='bbox 3639 4477 3739 4528; x_wconf 87' lang='lat' dir='ltr'><strong><em>ad-</em></strong></span> 
     </span>
    </p>
   </div>
   <div class='ocr_carea' id='block_1_46' title="bbox 493 4567 2042 4657">
    <p class='ocr_par' dir='ltr' id='par_1_46' title="bbox 493 4570 2042 4657">
     <span class='ocr_line' id='line_1_46' title="bbox 493 4570 2042 4657; baseline -0.014 -14"><span class='ocrx_word' id='word_1_704' title='bbox 493 4590 624 4643; x_wconf 87' lang='lat' dir='ltr'><strong><em>didit</em></strong></span> <span class='ocrx_word' id='word_1_705' title='bbox 668 4586 897 4657; x_wconf 90' lang='lat' dir='ltr'><strong><em>primum</em></strong></span> <span class='ocrx_word' id='word_1_706' title='bbox 929 4591 983 4635; x_wconf 92' lang='lat' dir='ltr'><strong><em>ut</em></strong></span> <span class='ocrx_word' id='word_1_707' title='bbox 1012 4580 1072 4633; x_wconf 85' lang='grc' dir='ltr'><strong>τὸ</strong></span> <span class='ocrx_word' id='word_1_708' title='bbox 1095 4576 1343 4650; x_wconf 76' lang='grc' dir='ltr'>ἱερᾶσθαι</span> <span class='ocrx_word' id='word_1_709' title='bbox 1389 4572 1713 4643; x_wconf 74' lang='lat' dir='ltr'><strong><em>explicaret,</em></strong></span> <span class='ocrx_word' id='word_1_710' title='bbox 1741 4570 1896 4625; x_wconf 87' lang='lat' dir='ltr'><strong><em>verba</em></strong></span> <span class='ocrx_word' id='word_1_711' title='bbox 1922 4570 2042 4623; x_wconf 78' lang='grc' dir='ltr'><strong><em>τὸν‹</em></strong></span> 
     </span>
    </p>
   </div>
   <div class='ocr_carea' id='block_1_47' title="bbox 2188 4567 3737 4657">
    <p class='ocr_par' dir='ltr' id='par_1_47' title="bbox 2188 4567 3737 4641">
     <span class='ocr_line' id='line_1_47' title="bbox 2188 4567 3737 4641; baseline 0.001 -21"><span class='ocrx_word' id='word_1_712' title='bbox 2188 4570 2299 4623; x_wconf 69' lang='grc' dir='ltr'><strong><em>ὂντα</em></strong></span> <span class='ocrx_word' id='word_1_713' title='bbox 2330 4567 2466 4622; x_wconf 79' lang='grc' dir='ltr'>εἶναι</span> <span class='ocrx_word' id='word_1_714' title='bbox 2502 4570 2869 4641; x_wconf 79' lang='grc' dir='ltr'>πρεσϐύτερον</span> <span class='ocrx_word' id='word_1_715' title='bbox 2888 4587 2901 4600; x_wconf 91' lang='grc'><strong>·</strong></span> <span class='ocrx_word' id='word_1_716' title='bbox 2934 4572 3119 4624; x_wconf 89' lang='lat' dir='ltr'><strong><em>deinde</em></strong></span> <span class='ocrx_word' id='word_1_717' title='bbox 3146 4570 3535 4641; x_wconf 87' lang='lat' dir='ltr'><strong><em>perspicuitatis</em></strong></span> <span class='ocrx_word' id='word_1_718' title='bbox 3575 4584 3737 4621; x_wconf 88' lang='lat' dir='ltr'><strong><em>causa</em></strong></span> 
     </span>
    </p>
   </div>
   <div class='ocr_carea' id='block_1_48' title="bbox 494 4646 2043 4748">
    <p class='ocr_par' dir='ltr' id='par_1_48' title="bbox 494 4646 2043 4748">
     <span class='ocr_line' id='line_1_48' title="bbox 494 4646 2043 4748; baseline -0.013 -15"><span class='ocrx_word' id='word_1_719' title='bbox 494 4646 780 4748; x_wconf 81' lang='lat' dir='ltr'><strong><em>pronomen</em></strong></span> <span class='ocrx_word' id='word_1_720' title='bbox 821 4673 986 4728; x_wconf 81' lang='grc' dir='ltr'>αὐτόν</span> <span class='ocrx_word' id='word_1_721' title='bbox 1011 4646 1275 4740; x_wconf 82' lang='lat' dir='ltr'><strong><em>ascripsit,</em></strong></span> <span class='ocrx_word' id='word_1_722' title='bbox 1304 4669 1543 4736; x_wconf 90' lang='lat' dir='ltr'><strong><em>idemque</em></strong></span> <span class='ocrx_word' id='word_1_723' title='bbox 1572 4681 1666 4733; x_wconf 90' lang='lat' dir='ltr'><strong><em>pro</em></strong></span> <span class='ocrx_word' id='word_1_724' title='bbox 1694 4662 2043 4717; x_wconf 76' lang='grc' dir='ltr'><strong><em>ἀντεπιστέλλ</em></strong></span> 
     </span>
    </p>
   </div>
   <div class='ocr_carea' id='block_1_49' title="bbox 2190 4646 3739 4748">
    <p class='ocr_par' dir='ltr' id='par_1_49' title="bbox 2190 4646 3739 4735">
     <span class='ocr_line' id='line_1_49' title="bbox 2190 4646 3739 4735; baseline -0.003 -19"><span class='ocrx_word' id='word_1_725' title='bbox 2190 4664 2296 4716; x_wconf 87' lang='lat' dir='ltr'><strong><em>suit</em></strong></span> <span class='ocrx_word' id='word_1_726' title='bbox 2337 4665 2627 4731; x_wconf 86' lang='lat' dir='ltr'><strong><em>simplicius</em></strong></span> <span class='ocrx_word' id='word_1_727' title='bbox 2655 4665 2984 4734; x_wconf 88' lang='lat' dir='ltr'><strong><em>deteriusque</em></strong></span> <span class='ocrx_word' id='word_1_728' title='bbox 3012 4665 3244 4735; x_wconf 68' lang='grc' dir='ltr'><strong><em>φήσαιμι</em></strong></span> <span class='ocrx_word' id='word_1_729' title='bbox 3267 4681 3281 4695; x_wconf 79' lang='grc' dir='ltr'><strong>ο</strong></span> <span class='ocrx_word' id='word_1_730' title='bbox 3316 4646 3556 4729; x_wconf 73' lang='lat' dir='ltr'><strong><em>deinceps</em></strong></span> <span class='ocrx_word' id='word_1_731' title='bbox 3586 4677 3739 4732; x_wconf 78' lang='grc' dir='ltr'><strong><em>μισο-</em></strong></span> 
     </span>
    </p>
   </div>
   <div class='ocr_carea' id='block_1_50' title="bbox 495 4754 2044 4843">
    <p class='ocr_par' dir='ltr' id='par_1_50' title="bbox 495 4756 2044 4843">
     <span class='ocr_line' id='line_1_50' title="bbox 495 4756 2044 4843; baseline -0.012 -18"><span class='ocrx_word' id='word_1_732' title='bbox 495 4775 734 4843; x_wconf 83' lang='grc' dir='ltr'>πονὴρου</span> <span class='ocrx_word' id='word_1_733' title='bbox 760 4764 1144 4835; x_wconf 89' lang='lat' dir='ltr'><strong><em>interpretandi</em></strong></span> <span class='ocrx_word' id='word_1_734' title='bbox 1173 4778 1337 4816; x_wconf 88' lang='lat' dir='ltr'><strong><em>causa</em></strong></span> <span class='ocrx_word' id='word_1_735' title='bbox 1366 4758 1771 4813; x_wconf 87' lang='lat' dir='ltr'><strong><em>scholiastarum</em></strong></span> <span class='ocrx_word' id='word_1_736' title='bbox 1802 4771 1944 4808; x_wconf 90' lang='lat' dir='ltr'><strong><em>more</em></strong></span> <span class='ocrx_word' id='word_1_737' title='bbox 1968 4756 2044 4808; x_wconf 65' lang='lat' dir='ltr'><strong><em>ad.</em></strong></span> 
     </span>
    </p>
   </div>
   <div class='ocr_carea' id='block_1_51' title="bbox 2191 4754 3740 4843">
    <p class='ocr_par' dir='ltr' id='par_1_51' title="bbox 2203 4754 3740 4824">
     <span class='ocr_line' id='line_1_51' title="bbox 2203 4754 3740 4824; baseline 0.001 -16"><span class='ocrx_word' id='word_1_738' title='bbox 2203 4756 2296 4808; x_wconf 74' lang='grc' dir='ltr'>καὶ</span> <span class='ocrx_word' id='word_1_739' title='bbox 2323 4755 2649 4824; x_wconf 78' lang='grc' dir='ltr'><strong><em>φιλαγάθου,</em></strong></span> <span class='ocrx_word' id='word_1_740' title='bbox 2680 4766 2837 4823; x_wconf 88' lang='lat' dir='ltr'><strong><em>atque</em></strong></span> <span class='ocrx_word' id='word_1_741' title='bbox 2875 4759 3100 4819; x_wconf 80' lang='grc' dir='ltr'><strong><em>εἰκότως</em></strong></span> <span class='ocrx_word' id='word_1_742' title='bbox 3141 4757 3476 4809; x_wconf 89' lang='lat' dir='ltr'><strong><em>commutavit</em></strong></span> <span class='ocrx_word' id='word_1_743' title='bbox 3507 4772 3624 4808; x_wconf 88' lang='lat' dir='ltr'><strong><em>cum</em></strong></span> <span class='ocrx_word' id='word_1_744' title='bbox 3659 4754 3740 4809; x_wconf 86' lang='grc' dir='ltr'><strong><em>δι-</em></strong></span> 
     </span>
    </p>
   </div>
   <div class='ocr_carea' id='block_1_52' title="bbox 497 4845 2046 4927">
    <p class='ocr_par' dir='ltr' id='par_1_52' title="bbox 497 4848 2046 4927">
     <span class='ocr_line' id='line_1_52' title="bbox 497 4848 2046 4927; baseline -0.014 -6"><span class='ocrx_word' id='word_1_745' title='bbox 497 4867 687 4927; x_wconf 73' lang='grc' dir='ltr'>καίως.</span> <span class='ocrx_word' id='word_1_746' title='bbox 741 4862 923 4918; x_wconf 83' lang='lat' dir='ltr'><strong><em>Clossa</em></strong></span> <span class='ocrx_word' id='word_1_747' title='bbox 981 4858 1118 4911; x_wconf 90' lang='lat' dir='ltr'><strong><em>enim</em></strong></span> <span class='ocrx_word' id='word_1_748' title='bbox 1160 4856 1302 4925; x_wconf 91' lang='lat' dir='ltr'><strong><em>apud</em></strong></span> <span class='ocrx_word' id='word_1_749' title='bbox 1332 4853 1643 4922; x_wconf 83' lang='lat' dir='ltr'><strong><em>Hesychium</em></strong></span> <span class='ocrx_word' id='word_1_750' title='bbox 1673 4860 1719 4903; x_wconf 92' lang='lat' dir='ltr'><strong><em>et</em></strong></span> <span class='ocrx_word' id='word_1_751' title='bbox 1750 4848 1972 4903; x_wconf 86' lang='lat' dir='ltr'><strong><em>Suidam</em></strong></span> <span class='ocrx_word' id='word_1_752' title='bbox 2001 4864 2046 4901; x_wconf 74' lang='lat' dir='ltr'><strong><em>ea</em></strong></span> 
     </span>
    </p>
   </div>
   <div class='ocr_carea' id='block_1_53' title="bbox 2193 4845 3742 4927">
    <p class='ocr_par' dir='ltr' id='par_1_53' title="bbox 2201 4845 3742 4916">
     <span class='ocr_line' id='line_1_53' title="bbox 2201 4845 3742 4916; baseline -0.001 -15"><span class='ocrx_word' id='word_1_753' title='bbox 2201 4861 2221 4901; x_wconf 89' lang='lat'><strong><em>:</em></strong></span> <span class='ocrx_word' id='word_1_754' title='bbox 2250 4848 2477 4910; x_wconf 85' lang='grc' dir='ltr'><strong><em>εἰκότως</em></strong></span> <span class='ocrx_word' id='word_1_755' title='bbox 2504 4867 2578 4900; x_wconf 89' lang='lat'>:</span> <span class='ocrx_word' id='word_1_756' title='bbox 2599 4848 2839 4911; x_wconf 78' lang='grc' dir='ltr'><strong><em>δικαίως.</em></strong></span> <span class='ocrx_word' id='word_1_757' title='bbox 2868 4849 3012 4902; x_wconf 84' lang='lat' dir='ltr'><strong><em>Idem</em></strong></span> <span class='ocrx_word' id='word_1_758' title='bbox 3066 4848 3408 4916; x_wconf 88' lang='lat' dir='ltr'><strong><em>interpolator</em></strong></span> <span class='ocrx_word' id='word_1_759' title='bbox 3460 4845 3742 4900; x_wconf 85' lang='lat' dir='ltr'><strong><em>inculcavit</em></strong></span> 
     </span>
    </p>
   </div>
   <div class='ocr_carea' id='block_1_54' title="bbox 497 4942 2046 5021">
    <p class='ocr_par' dir='ltr' id='par_1_54' title="bbox 497 4944 2046 5021">
     <span class='ocr_line' id='line_1_54' title="bbox 497 4944 2046 5021; baseline -0.015 -7"><span class='ocrx_word' id='word_1_760' title='bbox 497 4961 644 5014; x_wconf 75' lang='grc' dir='ltr'><strong><em>ἐστίν</em></strong></span> <span class='ocrx_word' id='word_1_761' title='bbox 688 4967 811 5011; x_wconf 89' lang='lat' dir='ltr'><strong><em>ante</em></strong></span> <span class='ocrx_word' id='word_1_762' title='bbox 839 4955 1006 5021; x_wconf 79' lang='grc' dir='ltr'><strong><em>ἄξιος.</em></strong></span> <span class='ocrx_word' id='word_1_763' title='bbox 1036 4951 1175 5005; x_wconf 85' lang='lat' dir='ltr'><strong><em>Nam</em></strong></span> <span class='ocrx_word' id='word_1_764' title='bbox 1205 4950 1341 5020; x_wconf 90' lang='lat' dir='ltr'><strong><em>quod</em></strong></span> <span class='ocrx_word' id='word_1_765' title='bbox 1369 4949 1440 5001; x_wconf 89' lang='lat' dir='ltr'><strong><em>ad</em></strong></span> <span class='ocrx_word' id='word_1_766' title='bbox 1468 4956 1757 5000; x_wconf 70' lang='lat' dir='ltr'><strong><em>extremum</em></strong></span> <span class='ocrx_word' id='word_1_767' title='bbox 1786 4961 1881 5012; x_wconf 90' lang='lat' dir='ltr'><strong><em>pro</em></strong></span> <span class='ocrx_word' id='word_1_768' title='bbox 1910 4944 2046 5012; x_wconf 83' lang='grc' dir='ltr'>ἐκτρ</span> 
     </span>
    </p>
   </div>
   <div class='ocr_carea' id='block_1_55' title="bbox 2196 4942 3745 5021">
    <p class='ocr_par' dir='ltr' id='par_1_55' title="bbox 2196 4942 3745 5012">
     <span class='ocr_line' id='line_1_55' title="bbox 2196 4942 3745 5012; baseline -0.001 -17"><span class='ocrx_word' id='word_1_769' title='bbox 2196 4943 2268 4996; x_wconf 83' lang='grc' dir='ltr'><strong><em>ὧν</em></strong></span> <span class='ocrx_word' id='word_1_770' title='bbox 2296 4944 2520 5011; x_wconf 86' lang='lat' dir='ltr'><strong><em>positum</em></strong></span> <span class='ocrx_word' id='word_1_771' title='bbox 2579 4954 2653 4997; x_wconf 91' lang='lat' dir='ltr'><strong><em>est</em></strong></span> <span class='ocrx_word' id='word_1_772' title='bbox 2701 4942 3070 5012; x_wconf 79' lang='grc' dir='ltr'><strong><em>ὲκκωμῳδῶν,</em></strong></span> <span class='ocrx_word' id='word_1_773' title='bbox 3110 4943 3315 4994; x_wconf 90' lang='lat' dir='ltr'><strong><em>videtur</em></strong></span> <span class='ocrx_word' id='word_1_774' title='bbox 3354 4957 3419 4994; x_wconf 75' lang='lat' dir='ltr'><strong><em>ea:</em></strong></span> <span class='ocrx_word' id='word_1_775' title='bbox 3470 4942 3745 5009; x_wconf 76' lang='lat' dir='ltr'><strong><em>scriptura:</em></strong></span> 
     </span>
    </p>
   </div>
   <div class='ocr_carea' id='block_1_56' title="bbox 497 5030 3745 5116">
    <p class='ocr_par' dir='ltr' id='par_1_56' title="bbox 497 5030 3745 5116">
     <span class='ocr_line' id='line_1_56' title="bbox 497 5030 3745 5116; baseline -0.006 -9"><span class='ocrx_word' id='word_1_776' title='bbox 497 5052 802 5108; x_wconf 89' lang='lat' dir='ltr'><strong><em>diversitate</em></strong></span> <span class='ocrx_word' id='word_1_777' title='bbox 845 5047 1133 5116; x_wconf 86' lang='lat' dir='ltr'><strong><em>profectum</em></strong></span> <span class='ocrx_word' id='word_1_778' title='bbox 1163 5058 1305 5106; x_wconf 89' lang='lat' dir='ltr'><strong><em>esse;</em></strong></span> <span class='ocrx_word' id='word_1_779' title='bbox 1347 5054 1462 5104; x_wconf 79' lang='lat' dir='ltr'><strong><em>qute</em></strong></span> <span class='ocrx_word' id='word_1_780' title='bbox 1501 5047 1679 5090; x_wconf 84' lang='lat' dir='ltr'><strong><em>autent</em></strong></span> <span class='ocrx_word' id='word_1_781' title='bbox 1709 5036 1939 5089; x_wconf 89' lang='lat' dir='ltr'><strong><em>admista</em></strong></span> <span class='ocrx_word' id='word_1_782' title='bbox 1970 5035 2051 5088; x_wconf 78' lang='grc' dir='ltr'><strong><em>διὸ</em></strong></span> <span class='ocrx_word' id='word_1_783' title='bbox 2081 5034 2178 5088; x_wconf 74' lang='grc' dir='ltr'><strong><em>καὶ</em></strong></span> <span class='ocrx_word' id='word_1_784' title='bbox 2204 5065 2273 5075; x_wconf 93' lang='grc'><strong>-</strong></span> <span class='ocrx_word' id='word_1_785' title='bbox 2302 5036 2431 5098; x_wconf 72' lang='grc' dir='ltr'><strong><em>Θεὸς</em></strong></span> <span class='ocrx_word' id='word_1_786' title='bbox 2458 5053 2580 5087; x_wconf 79' lang='lat' dir='ltr'><strong><em>acer</em></strong></span> <span class='ocrx_word' id='word_1_787' title='bbox 2608 5037 2827 5106; x_wconf 81' lang='lat' dir='ltr'><strong><em>forsitan</em></strong></span> <span class='ocrx_word' id='word_1_788' title='bbox 2858 5032 3247 5102; x_wconf 87' lang='lat' dir='ltr'><strong><em>interpolatoris</em></strong></span> <span class='ocrx_word' id='word_1_789' title='bbox 3295 5030 3504 5085; x_wconf 88' lang='lat' dir='ltr'><strong><em>animus</em></strong></span> <span class='ocrx_word' id='word_1_790' title='bbox 3560 5042 3745 5100; x_wconf 86' lang='lat' dir='ltr'><strong><em>suapte</em></strong></span> 
     </span>
    </p>
   </div>
   <div class='ocr_carea' id='block_1_57' title="bbox 498 5121 3740 5213">
    <p class='ocr_par' dir='ltr' id='par_1_57' title="bbox 498 5121 3740 5213">
     <span class='ocr_line' id='line_1_57' title="bbox 498 5121 3740 5213; baseline -0.008 -16"><span class='ocrx_word' id='word_1_791' title='bbox 498 5152 681 5213; x_wconf 86' lang='lat' dir='ltr'><strong><em>sponte</em></strong></span> <span class='ocrx_word' id='word_1_792' title='bbox 736 5140 977 5192; x_wconf 87' lang='lat' dir='ltr'><strong><em>videatur</em></strong></span> <span class='ocrx_word' id='word_1_793' title='bbox 1031 5133 1287 5203; x_wconf 77' lang='lat' dir='ltr'><strong><em>effudisse.</em></strong></span> <span class='ocrx_word' id='word_1_794' title='bbox 1326 5129 1390 5183; x_wconf 91' lang='lat' dir='ltr'><strong><em>In</em></strong></span> <span class='ocrx_word' id='word_1_795' title='bbox 1445 5128 1699 5195; x_wconf 75' lang='lat' dir='ltr'><strong><em>proximis</em></strong></span> <span class='ocrx_word' id='word_1_796' title='bbox 1754 5123 1988 5193; x_wconf 83' lang='lat' dir='ltr'><strong><em>epistolis</em></strong></span> <span class='ocrx_word' id='word_1_797' title='bbox 2043 5134 2219 5177; x_wconf 91' lang='lat' dir='ltr'><strong><em>autem</em></strong></span> <span class='ocrx_word' id='word_1_798' title='bbox 2262 5141 2293 5176; x_wconf 93' lang='lat' dir='ltr'><strong><em>a</em></strong></span> <span class='ocrx_word' id='word_1_799' title='bbox 2339 5141 2420 5177; x_wconf 91' lang='lat' dir='ltr'><strong><em>me</em></strong></span> <span class='ocrx_word' id='word_1_800' title='bbox 2448 5125 2628 5179; x_wconf 86' lang='lat' dir='ltr'><strong><em>allatis</em></strong></span> <span class='ocrx_word' id='word_1_801' title='bbox 2659 5141 2721 5177; x_wconf 75' lang='lat' dir='ltr'><strong><em>ex</em></strong></span> <span class='ocrx_word' id='word_1_802' title='bbox 2749 5125 2879 5176; x_wconf 86' lang='lat' dir='ltr'><strong><em>libro</em></strong></span> <span class='ocrx_word' id='word_1_803' title='bbox 2909 5141 2961 5185; x_wconf 73' lang='grc' dir='ltr'><strong><em>ν,</em></strong></span> <span class='ocrx_word' id='word_1_804' title='bbox 2994 5139 3075 5191; x_wconf 89' lang='lat' dir='ltr'><strong><em>ep.</em></strong></span> <span class='ocrx_word' id='word_1_805' title='bbox 3105 5123 3231 5186; x_wconf 70' lang='grc'><strong><em>259,</em></strong></span> <span class='ocrx_word' id='word_1_806' title='bbox 3263 5130 3310 5174; x_wconf 91' lang='lat' dir='ltr'><strong><em>et</em></strong></span> <span class='ocrx_word' id='word_1_807' title='bbox 3342 5137 3406 5175; x_wconf 79' lang='lat' dir='ltr'><strong><em>ea:</em></strong></span> <span class='ocrx_word' id='word_1_808' title='bbox 3435 5136 3507 5184; x_wconf 75' lang='lat' dir='ltr'><strong><em>tv,</em></strong></span> <span class='ocrx_word' id='word_1_809' title='bbox 3540 5137 3620 5190; x_wconf 92' lang='lat' dir='ltr'><strong><em>ep.</em></strong></span> <span class='ocrx_word' id='word_1_810' title='bbox 3653 5121 3740 5182; x_wconf 79' lang='lat'><strong><em>56,</em></strong></span> 
     </span>
    </p>
   </div>
   <div class='ocr_carea' id='block_1_58' title="bbox 497 5208 2046 5305">
    <p class='ocr_par' dir='ltr' id='par_1_58' title="bbox 497 5208 2046 5305">
     <span class='ocr_line' id='line_1_58' title="bbox 497 5208 2046 5305; baseline -0.013 -16"><span class='ocrx_word' id='word_1_811' title='bbox 497 5208 820 5305; x_wconf 78' lang='lat' dir='ltr'><strong><em>interpolata</em></strong></span> <span class='ocrx_word' id='word_1_812' title='bbox 882 5241 956 5285; x_wconf 85' lang='lat' dir='ltr'><strong><em>est</em></strong></span> <span class='ocrx_word' id='word_1_813' title='bbox 1011 5229 1156 5299; x_wconf 89' lang='lat' dir='ltr'><strong><em>prior</em></strong></span> <span class='ocrx_word' id='word_1_814' title='bbox 1186 5226 1545 5278; x_wconf 88' lang='lat' dir='ltr'><strong><em>additamenta</em></strong></span> <span class='ocrx_word' id='word_1_815' title='bbox 1569 5220 1840 5275; x_wconf 83' lang='lat' dir='ltr'><strong><em>verborum</em></strong></span> <span class='ocrx_word' id='word_1_816' title='bbox 1874 5218 2009 5289; x_wconf 81' lang='grc' dir='ltr'><strong><em>μετὰ</em></strong></span> <span class='ocrx_word' id='word_1_817' title='bbox 2042 5240 2046 5251; x_wconf 69' lang='grc' dir='ltr'><strong>ε</strong></span> 
     </span>
    </p>
   </div>
   <div class='ocr_carea' id='block_1_59' title="bbox 2197 5208 3746 5305">
    <p class='ocr_par' dir='ltr' id='par_1_59' title="bbox 2197 5208 3746 5287">
     <span class='ocr_line' id='line_1_59' title="bbox 2197 5208 3746 5287; baseline -0.004 -17"><span class='ocrx_word' id='word_1_818' title='bbox 2197 5218 2547 5287; x_wconf 73' lang='grc' dir='ltr'><strong><em>&gt;οληφθῆναιο</em></strong></span> <span class='ocrx_word' id='word_1_819' title='bbox 2598 5218 2901 5272; x_wconf 88' lang='lat' dir='ltr'><strong><em>mutilatam</em></strong></span> <span class='ocrx_word' id='word_1_820' title='bbox 2944 5216 3169 5269; x_wconf 89' lang='lat' dir='ltr'><strong><em>alteram</em></strong></span> <span class='ocrx_word' id='word_1_821' title='bbox 3219 5213 3427 5268; x_wconf 85' lang='lat' dir='ltr'><strong><em>librarii</em></strong></span> <span class='ocrx_word' id='word_1_822' title='bbox 3468 5230 3641 5266; x_wconf 92' lang='lat' dir='ltr'><strong><em>errore</em></strong></span> <span class='ocrx_word' id='word_1_823' title='bbox 3690 5208 3746 5265; x_wconf 89' lang='lat' dir='ltr'><strong><em>in</em></strong></span> 
     </span>
    </p>
   </div>
   <div class='ocr_carea' id='block_1_60' title="bbox 510 5301 2059 5397">
    <p class='ocr_par' dir='ltr' id='par_1_60' title="bbox 510 5301 2059 5397">
     <span class='ocr_line' id='line_1_60' title="bbox 510 5301 2059 5397; baseline -0.012 -19"><span class='ocrx_word' id='word_1_824' title='bbox 510 5301 650 5397; x_wconf 46' lang='lat' dir='ltr'><strong><em>“ne:</em></strong></span> <span class='ocrx_word' id='word_1_825' title='bbox 678 5322 1111 5389; x_wconf 80' lang='grc' dir='ltr'>καταδεξάμενος</span> <span class='ocrx_word' id='word_1_826' title='bbox 1138 5316 1312 5387; x_wconf 84' lang='lat' dir='ltr'><strong><em>arguit</em></strong></span> <span class='ocrx_word' id='word_1_827' title='bbox 1343 5312 1721 5366; x_wconf 89' lang='lat' dir='ltr'><strong><em>sententiarum</em></strong></span> <span class='ocrx_word' id='word_1_828' title='bbox 1747 5309 1905 5361; x_wconf 90' lang='lat' dir='ltr'><strong><em>ratio.</em></strong></span> <span class='ocrx_word' id='word_1_829' title='bbox 1936 5308 2059 5361; x_wconf 76' lang='lat' dir='ltr'><strong><em>Ante</em></strong></span> 
     </span>
    </p>
   </div>
   <div class='ocr_carea' id='block_1_61' title="bbox 2197 5301 3746 5397">
    <p class='ocr_par' dir='ltr' id='par_1_61' title="bbox 2197 5301 3746 5374">
     <span class='ocr_line' id='line_1_61' title="bbox 2197 5301 3746 5374; baseline -0.005 -15"><span class='ocrx_word' id='word_1_830' title='bbox 2197 5308 2266 5359; x_wconf 92' lang='lat' dir='ltr'><strong><em>im</em></strong></span> <span class='ocrx_word' id='word_1_831' title='bbox 2298 5308 2506 5359; x_wconf 88' lang='lat' dir='ltr'><strong><em>videtur</em></strong></span> <span class='ocrx_word' id='word_1_832' title='bbox 2537 5307 2762 5374; x_wconf 88' lang='lat' dir='ltr'><strong><em>positum</em></strong></span> <span class='ocrx_word' id='word_1_833' title='bbox 2795 5304 2951 5374; x_wconf 89' lang='lat' dir='ltr'><strong><em>fuisse</em></strong></span> <span class='ocrx_word' id='word_1_834' title='bbox 2980 5305 3028 5355; x_wconf 77' lang='grc' dir='ltr'>οἱ</span> <span class='ocrx_word' id='word_1_835' title='bbox 3059 5302 3115 5354; x_wconf 84' lang='grc' dir='ltr'><strong><em>δὲ</em></strong></span> <span class='ocrx_word' id='word_1_836' title='bbox 3145 5303 3218 5373; x_wconf 78' lang='grc' dir='ltr'><strong><em>μὴ</em></strong></span> <span class='ocrx_word' id='word_1_837' title='bbox 3246 5301 3559 5371; x_wconf 79' lang='grc' dir='ltr'>διδαχθῆναι</span> <span class='ocrx_word' id='word_1_838' title='bbox 3581 5317 3746 5353; x_wconf 83' lang='grc' dir='ltr'>κατα-</span> 
     </span>
    </p>
   </div>
   <div class='ocr_carea' id='block_1_62' title="bbox 508 5394 3746 5487">
    <p class='ocr_par' dir='ltr' id='par_1_62' title="bbox 508 5394 3746 5487">
     <span class='ocr_line' id='line_1_62' title="bbox 508 5394 3746 5487; baseline -0.008 -16"><span class='ocrx_word' id='word_1_839' title='bbox 508 5394 812 5487; x_wconf 70' lang='grc' dir='ltr'>δεξάμενοι.</span> <span class='ocrx_word' id='word_1_840' title='bbox 843 5413 1076 5482; x_wconf 87' lang='lat' dir='ltr'><strong><em>Denique</em></strong></span> <span class='ocrx_word' id='word_1_841' title='bbox 1104 5426 1264 5479; x_wconf 89' lang='lat' dir='ltr'><strong><em>quam</em></strong></span> <span class='ocrx_word' id='word_1_842' title='bbox 1294 5404 1696 5459; x_wconf 82' lang='lat' dir='ltr'><strong><em>commemoravi</em></strong></span> <span class='ocrx_word' id='word_1_843' title='bbox 1722 5401 1910 5455; x_wconf 53' lang='lat'><strong><em>(1.1.49</em></strong></span> <span class='ocrx_word' id='word_1_844' title='bbox 1940 5400 2218 5469; x_wconf 85' lang='lat' dir='ltr'><strong><em>epistolam</em></strong></span> <span class='ocrx_word' id='word_1_845' title='bbox 2247 5400 2353 5453; x_wconf 66' lang='grc' dir='ltr'>ἓῖὲ</span> <span class='ocrx_word' id='word_1_846' title='bbox 2384 5400 2504 5452; x_wconf 88' lang='lat' dir='ltr'><strong><em>libri</em></strong></span> <span class='ocrx_word' id='word_1_847' title='bbox 2538 5416 2573 5462; x_wconf 93' lang='lat' dir='ltr'><strong><em>I,</em></strong></span> <span class='ocrx_word' id='word_1_848' title='bbox 2607 5416 2722 5452; x_wconf 90' lang='lat' dir='ltr'><strong><em>eam</em></strong></span> <span class='ocrx_word' id='word_1_849' title='bbox 2752 5407 2903 5465; x_wconf 90' lang='lat' dir='ltr'><strong><em>putat</em></strong></span> <span class='ocrx_word' id='word_1_850' title='bbox 2936 5394 3191 5468; x_wconf 77' lang='lat' dir='ltr'><strong><em>Ileisigius</em></strong></span> <span class='ocrx_word' id='word_1_851' title='bbox 3220 5406 3332 5464; x_wconf 91' lang='lat' dir='ltr'><strong><em>post</em></strong></span> <span class='ocrx_word' id='word_1_852' title='bbox 3363 5395 3512 5447; x_wconf 89' lang='lat' dir='ltr'><strong><em>illam</em></strong></span> <span class='ocrx_word' id='word_1_853' title='bbox 3540 5409 3655 5463; x_wconf 69' lang='lat' dir='ltr'><strong><em>qua’</em></strong></span> <span class='ocrx_word' id='word_1_854' title='bbox 3671 5402 3746 5446; x_wconf 89' lang='lat' dir='ltr'><strong><em>est</em></strong></span> 
     </span>
    </p>
   </div>
   <div class='ocr_carea' id='block_1_63' title="bbox 503 5493 2052 5572">
    <p class='ocr_par' dir='ltr' id='par_1_63' title="bbox 503 5495 2052 5572">
     <span class='ocr_line' id='line_1_63' title="bbox 503 5495 2052 5572; baseline -0.012 -9"><span class='ocrx_word' id='word_1_855' title='bbox 503 5507 626 5563; x_wconf 82' lang='lat' dir='ltr'><strong><em>libri</em></strong></span> <span class='ocrx_word' id='word_1_856' title='bbox 660 5524 697 5571; x_wconf 91' lang='grc' dir='ltr'><strong><em>ι,</em></strong></span> <span class='ocrx_word' id='word_1_857' title='bbox 726 5508 848 5567; x_wconf 75' lang='grc'><strong><em>505,</em></strong></span> <span class='ocrx_word' id='word_1_858' title='bbox 879 5506 1131 5572; x_wconf 87' lang='lat' dir='ltr'><strong><em>scriptam</em></strong></span> <span class='ocrx_word' id='word_1_859' title='bbox 1156 5517 1293 5564; x_wconf 84' lang='lat' dir='ltr'><strong><em>esse;</em></strong></span> <span class='ocrx_word' id='word_1_860' title='bbox 1320 5514 1485 5567; x_wconf 88' lang='lat' dir='ltr'><strong><em>quare</em></strong></span> <span class='ocrx_word' id='word_1_861' title='bbox 1513 5497 1765 5568; x_wconf 70' lang='grc' dir='ltr'>γέγραφα</span> <span class='ocrx_word' id='word_1_862' title='bbox 1795 5512 1890 5564; x_wconf 90' lang='lat' dir='ltr'><strong><em>pro</em></strong></span> <span class='ocrx_word' id='word_1_863' title='bbox 1917 5495 2052 5564; x_wconf 84' lang='grc' dir='ltr'><strong><em>γέγρ</em></strong></span> 
     </span>
    </p>
   </div>
   <div class='ocr_carea' id='block_1_64' title="bbox 1463 5493 3012 5572">
    <p class='ocr_par' dir='ltr' id='par_1_64' title="bbox 1463 5493 3012 5568">
     <span class='ocr_line' id='line_1_64' title="bbox 1463 5493 3012 5568; baseline -0.003 -20"><span class='ocrx_word' id='word_1_864' title='bbox 1463 5514 1485 5550; x_wconf 87' lang='lat' dir='ltr'><strong><em>e</em></strong></span> <span class='ocrx_word' id='word_1_865' title='bbox 1513 5497 1765 5568; x_wconf 67' lang='grc' dir='ltr'>γέγραῳα</span> <span class='ocrx_word' id='word_1_866' title='bbox 1795 5512 1890 5564; x_wconf 90' lang='lat' dir='ltr'><strong><em>pro</em></strong></span> <span class='ocrx_word' id='word_1_867' title='bbox 1917 5495 2200 5564; x_wconf 81' lang='grc' dir='ltr'><strong><em>γέγραφας</em></strong></span> <span class='ocrx_word' id='word_1_868' title='bbox 2223 5511 2285 5547; x_wconf 75' lang='lat' dir='ltr'><strong><em>ex</em></strong></span> <span class='ocrx_word' id='word_1_869' title='bbox 2318 5510 2442 5547; x_wconf 87' lang='lat' dir='ltr'><strong><em>mss.</em></strong></span> <span class='ocrx_word' id='word_1_870' title='bbox 2470 5495 2819 5546; x_wconf 84' lang='lat' dir='ltr'><strong><em>revocandum</em></strong></span> <span class='ocrx_word' id='word_1_871' title='bbox 2849 5493 3012 5545; x_wconf 87' lang='lat' dir='ltr'><strong><em>ducit.</em></strong></span> 
     </span>
    </p>
   </div>
   <div class='ocr_carea' id='block_1_65' title="bbox 570 5578 3745 5667">
    <p class='ocr_par' dir='ltr' id='par_1_65' title="bbox 570 5578 3745 5667">
     <span class='ocr_line' id='line_1_65' title="bbox 570 5578 3745 5667; baseline -0.007 -13"><span class='ocrx_word' id='word_1_872' title='bbox 570 5601 710 5656; x_wconf 84' lang='lat' dir='ltr'><strong><em>Huic</em></strong></span> <span class='ocrx_word' id='word_1_873' title='bbox 737 5609 913 5653; x_wconf 89' lang='lat' dir='ltr'><strong><em>autem</em></strong></span> <span class='ocrx_word' id='word_1_874' title='bbox 942 5598 1083 5667; x_wconf 87' lang='lat' dir='ltr'><strong><em>parti</em></strong></span> <span class='ocrx_word' id='word_1_875' title='bbox 1112 5595 1348 5650; x_wconf 73' lang='lat' dir='ltr'><strong><em>secundae</em></strong></span> <span class='ocrx_word' id='word_1_876' title='bbox 1383 5602 1485 5646; x_wconf 89' lang='lat' dir='ltr'><strong><em>tres</em></strong></span> <span class='ocrx_word' id='word_1_877' title='bbox 1515 5590 1697 5645; x_wconf 89' lang='lat' dir='ltr'><strong><em>addidi</em></strong></span> <span class='ocrx_word' id='word_1_878' title='bbox 1726 5589 2034 5658; x_wconf 87' lang='lat' dir='ltr'><strong><em>appendices</em></strong></span> <span class='ocrx_word' id='word_1_879' title='bbox 2065 5589 2174 5660; x_wconf 92' lang='lat' dir='ltr'><strong><em>(a);</em></strong></span> <span class='ocrx_word' id='word_1_880' title='bbox 2212 5605 2437 5656; x_wconf 85' lang='lat' dir='ltr'><strong><em>quorum</em></strong></span> <span class='ocrx_word' id='word_1_881' title='bbox 2464 5588 2518 5640; x_wconf 90' lang='lat' dir='ltr'><strong><em>in</em></strong></span> <span class='ocrx_word' id='word_1_882' title='bbox 2562 5588 2733 5654; x_wconf 91' lang='lat' dir='ltr'><strong><em>prima</em></strong></span> <span class='ocrx_word' id='word_1_883' title='bbox 2773 5587 2908 5638; x_wconf 90' lang='lat' dir='ltr'><strong><em>inter</em></strong></span> <span class='ocrx_word' id='word_1_884' title='bbox 2942 5583 3229 5650; x_wconf 83' lang='lat' dir='ltr'><strong><em>complures</em></strong></span> <span class='ocrx_word' id='word_1_885' title='bbox 3258 5580 3449 5635; x_wconf 89' lang='lat' dir='ltr'><strong><em>Isidori</em></strong></span> <span class='ocrx_word' id='word_1_886' title='bbox 3479 5578 3745 5649; x_wconf 87' lang='lat' dir='ltr'><strong><em>epistolas,</em></strong></span> 
     </span>
    </p>
   </div>
   <div class='ocr_carea' id='block_1_66' title="bbox 506 5710 3749 5848">
    <p class='ocr_par' dir='ltr' id='par_1_66' title="bbox 506 5710 3749 5848">
     <span class='ocr_line' id='line_1_66' title="bbox 506 5710 3749 5848; baseline -0.007 -66"><span class='ocrx_word' id='word_1_887' title='bbox 506 5728 873 5848; x_wconf 48' lang='grc' dir='ltr'><strong><em>υέἓὲόῗξὶὧιᾶἒ</em></strong></span> <span class='ocrx_word' id='word_1_888' title='bbox 890 5728 1504 5844; x_wconf 45' lang='lat' dir='ltr'><strong><em>pﬁLmsqutnsecuudam,</em></strong></span> <span class='ocrx_word' id='word_1_889' title='bbox 1537 5724 1654 5788; x_wconf 86' lang='lat' dir='ltr'><strong><em>quia</em></strong></span> <span class='ocrx_word' id='word_1_890' title='bbox 1673 5722 1896 5772; x_wconf 83' lang='lat' dir='ltr'><strong><em>addenda</em></strong></span> <span class='ocrx_word' id='word_1_891' title='bbox 1940 5730 2048 5771; x_wconf 83' lang='lat' dir='ltr'><strong><em>erat</em></strong></span> <span class='ocrx_word' id='word_1_892' title='bbox 2080 5730 2363 5773; x_wconf 80' lang='lat' dir='ltr'><strong><em>catenarum</em></strong></span> <span class='ocrx_word' id='word_1_893' title='bbox 2402 5735 2580 5771; x_wconf 73' lang='lat' dir='ltr'><strong><em>recens</em></strong></span> <span class='ocrx_word' id='word_1_894' title='bbox 2620 5719 2861 5769; x_wconf 69' lang='lat' dir='ltr'><strong><em>editurum</em></strong></span> <span class='ocrx_word' id='word_1_895' title='bbox 2895 5714 3112 5774; x_wconf 81' lang='lat' dir='ltr'><strong><em>collatio,</em></strong></span> <span class='ocrx_word' id='word_1_896' title='bbox 3135 5715 3193 5763; x_wconf 77' lang='lat' dir='ltr'><strong><em>ad</em></strong></span> <span class='ocrx_word' id='word_1_897' title='bbox 3226 5714 3407 5763; x_wconf 67' lang='lat' dir='ltr'><strong><em>enicem</em></strong></span> <span class='ocrx_word' id='word_1_898' title='bbox 3432 5710 3749 5773; x_wconf 78' lang='lat' dir='ltr'><strong><em>epistolst</em></strong></span> 
     </span>
    </p>
   </div>
  </div>
