3924 6416
282 408 340 473 13
1650 403 2059 464 PREFATIO.
3417 388 3483 465 1'4

276 544 379 596 quae
407 538 456 581 et
485 526 537 580 in
564 526 789 580 editione
821 522 1110 578 Parisiensi
1139 536 1361 585 excusce,
1384 531 1430 574 et
1462 537 1492 573 a
1524 530 1830 574 catenarum
1885 520 2180 574 auctoribus
2232 520 2453 588 prolata:
2492 528 2633 579 sunt.
2673 534 2731 571 eo
2761 517 2976 571 consilio
3004 517 3243 571 instituta
3273 528 3348 572 est
3379 516 3484 571 col-

208 672 217 679 ,
275 618 412 679 latio,
441 626 495 669 ut
543 616 735 669 multas
781 614 1015 683 ejusdem
1050 612 1298 682 epistolas
1351 629 1385 665 a
1420 610 1843 681 descriptoribus
1871 611 1942 664 ad
1968 612 2180 664 verbum
2210 626 2311 663 non
2339 627 2446 665 esse
2471 610 2758 679 descriptas
2787 609 3115 678 probaretur.
3145 607 3278 663 Sunt
3304 617 3483 663 autem

274 710 479 772 collata,
510 725 624 779 qute
642 709 713 762 ad
743 724 930 761 manus
958 712 1125 777 fuere,
1154 708 1235 760 hee
1260 706 1486 760 Patrum
1513 704 1813 761 Grecorum
1842 714 2041 761 catena:
2069 721 2089 759 :

334 803 380 856 i.
411 801 580 869 Σειρὰ
615 801 757 867 ἐνὸς
793 802 891 853 καὶ
932 800 1317 869 πεντήκοντα
1340 797 1884 868 ὑπομνηματιστῶν
1927 802 2015 865 εις
2050 800 2166 867 τὴν
2198 798 2591 867 Ὀκτάτευχον
2613 798 2709 852 καὶ
2736 799 2808 852 τὰ
2832 797 2951 851 τῶν
2981 794 3329 857 Βασίλειῶν,
3367 794 3485 865 ἤδη

271 896 489 965 πρῶτον
542 897 755 961 τύποις
809 896 1161 961 ἐκδοθεῖσα,
1210 895 1451 959 ἀξιώσει
1491 895 1610 964 μὲν
1658 897 1989 964 Γρηγορίυυ
2050 896 2448 964 Ἀλεξάνδρου
2500 898 2727 961 Γκίκα,
2768 896 3073 964 ἐπιμελείᾳ
3113 894 3182 946 δὲ
3226 894 3485 961 Νικηφό-

263 1006 379 1057 ρου.
414 986 530 1042 Vol.
564 988 609 1051 l,
638 989 705 1042 ll.
737 989 937 1058 Lipsize
967 991 1126 1045 1772.

326 1080 375 1136 2.
406 1082 685 1151 Expositio
712 1082 814 1136 PP.
846 1082 1154 1137 (ἕτεροι-ωτι
1185 1083 1238 1136 in
1269 1081 1510 1137 Psalmos
1538 1097 1568 1135 a
1599 1080 1875 1137 Balthasar

1538 1097 1568 1135 a
1599 1080 1908 1137 Balthasare
1935 1082 2195 1136 Corderio
2225 1081 2568 1135 concinnata.
2603 1082 2867 1148 Antttcrp.
2908 1078 3061 1132 1645.

326 1174 374 1228 5.
402 1174 601 1227 Catena
631 1173 941 1229 Graecorum
973 1174 1077 1228 PP.
1110 1175 1163 1228 in
1195 1176 1414 1229 beatum
1442 1172 1545 1228 Job
1572 1173 1861 1228 collectore
1890 1173 2094 1232 hiceta.
2128 1174 2183 1226 in
2214 1173 2388 1227 lucem
2418 1172 2560 1227 edita
2589 1186 2752 1240 Opera
2782 1182 2836 1225 et
2864 1170 3043 1224 studio
3073 1166 3289 1223 l’atricii
3316 1164 3484 1223 Junii.

267 1261 419 1316 Lond.
450 1261 609 1315 1557.

322 1352 370 1406 4.
401 1352 671 1423 Symbolze
696 1352 1009 1409 Griecorum
1040 1353 1142 1408 PP.
1175 1356 1229 1409 in
1278 1356 1593 1410 Matthzcum
1623 1355 1833 1411 collatae
1862 1372 1891 1409 a
1923 1354 2241 1410 Balthasare
2269 1355 2533 1410 Corderio
2560 1365 2615 1409 et
2644 1355 2802 1409 Petro
2830 1354 3081 1408 Possino.
3113 1353 3294 1409 Tolos.
3328 1350 3484 1407 1646.

266 1443 369 1498 Vol.
398 1444 437 1506 Ι,
467 1443 537 1498 Il.

319 1538 369 1593 5.
398 1539 602 1594 Catena
632 1539 738 1594 PP.
770 1540 1079 1596 Graecorum
1110 1541 1163 1595 in
1194 1541 1252 1597 S.
1282 1542 1549 1598 Joannem
1578 1543 1634 1599 in
1665 1545 1841 1600 lucem
1871 1544 2015 1605 edita
2046 1559 2075 1596 a
2108 1543 2283 1599 Balth.
2317 1544 2604 1600 Corderio.
2638 1545 2902 1613 Antuerp.
2936 1543 3095 1597 1650.

317 1628 365 1683 6.
393 1629 655 1687 Cotelerii
681 1631 1033 1688 Monumenta
1062 1634 1317 1689 Ecclesiae
1347 1635 1566 1690 Graecae.

321 1718 710 1790 Conferentibus
738 1735 916 1779 autem
946 1727 1090 1779 nobis
1119 1743 1251 1796 quas
1284 1728 1457 1795 primo
1474 1739 1522 1782 et
1551 1739 1740 1799 quarto
1770 1728 1879 1783 loco
1910 1732 2298 1785 numeruvimus
2326 1730 2546 1785 Patrum
2579 1739 2809 1792 catenas,
2830 1729 3164 1783 occurrebant
3195 1728 3488 1797 fragmenta

264 1811 317 1862 ab
344 1812 552 1868 illarum
584 1817 891 1871 auctoribus
918 1816 1122 1872 Isidoro
1152 1826 1326 1872 nostro
1354 1822 1607 1889 ascripta,
1639 1838 1755 1891 qua:
1775 1862 1793 1886 ,
1815 1839 1930 1876 cum
1960 1823 2051 1876 diu
2079 1823 2402 1893 multumque
2427 1824 2483 1877 in
2507 1822 2843 1893 epistolarum
2873 1822 3028 1890 hujus
3056 1819 3152 1873 viri
3181 1816 3492 1872 editionibus

264 1906 439 1971 frustra
465 1909 820 1977 quesiverim,
851 1911 987 1979 typis
1014 1910 1353 1978 exprimenda
1383 1914 1705 1968 curavimus.
1737 1914 1851 1968 Etsi
1880 1916 2118 1984 equidem
2149 1931 2250 1968 non
2278 1916 2646 1983 aﬁirmaverim
2677 1932 2739 1969 ne
2768 1932 2929 1969 unum
2961 1915 3165 1984 quidem
3194 1913 3331 1966 inter
3377 1927 3490 1964 ont-

263 2002 339 2052 κὶα
363 2000 466 2052 hare
490 2003 796 2072 fragmenta
827 2020 988 2074 neque
1014 2004 1071 2057 in
1100 2003 1290 2057 Isidori
1319 2005 1571 2074 epistolis,
1604 2023 1770 2078 neque
1796 2010 1940 2077 apud
1967 2009 2134 2062 alium
2161 2010 2465 2077 scriptorem
2493 2010 2741 2079 reperiri,
2773 2018 2949 2062 tamen
2980 2024 3097 2061 cum
3124 2006 3268 2061 illius
3293 2005 3490 2075 scripta

263 2102 443 2146 attento
488 2095 810 2166 perlegerim
858 2097 1037 2149 animo
1074 2096 1380 2158 identidem,
1413 2114 1576 2169 neque
1600 2101 1655 2153 in
1684 2101 1811 2170 ipsis
1841 2102 2148 2172 fragmentis
2177 2104 2314 2172 quod
2341 2102 2573 2171 ejusdem
2603 2102 2865 2173 cogitandi
2894 2111 2985 2155 aut
3014 2100 3269 2156 scribendi
3296 2101 3492 2154 rationi

262 2196 485 2256 repugnet
514 2187 828 2251 invenerim,
878 2187 1032 2241 liceat
1086 2188 1213 2241 mihi
1244 2190 1424 2243 omnia
1452 2207 1515 2243 ea
1544 2191 1610 2245 ab
1636 2191 1841 2245 Isidoro
1866 2195 2097 2263 profecta
2128 2210 2235 2248 esse
2264 2196 2448 2248 tandiu
2478 2195 2804 2251 contendere.
2836 2194 2961 2247 dum
2989 2193 3206 2246 meliora
3236 2207 3338 2245 non
3365 2190 3491 2245 edo--

263 2292 358 2333 ctus
381 2298 490 2334 sum
521 2300 557 2335 a
588 2300 878 2353 quoquam.
904 2312 975 2324 —
1002 2282 1066 2337 In
1087 2285 1311 2337 secunda
1341 2300 1461 2338 vero
1488 2287 1645 2355 hujus
1674 2288 1841 2355 partis
1871 2291 2154 2359 uppendice
2182 2290 2483 2345 enumeravi
2516 2300 2725 2343 catenas
2750 2289 3070 2359 Patrumque
3094 2289 3350 2342 dictorum
3381 2286 3492 2357 syl-

262 2373 389 2442 logas
414 2375 519 2429 sive
549 2375 786 2445 eclogas,
819 2392 935 2445 qua:
964 2376 1196 2429 nondum
1249 2377 1402 2430 editte
1428 2378 1483 2430 in
1511 2378 1829 2433 bibliothecis
1858 2390 2211 2444 asservantur,
2244 2382 2300 2434 in
2348 2380 2630 2451 quibusque
2664 2380 2853 2434 Isidori
2882 2388 3088 2434 exstant
3116 2389 3209 2433 aut
3239 2378 3489 2448 epistola,

263 2480 341 2521 aut
368 2470 716 2539 epistolarum
745 2470 1063 2538 fragmenta.
1086 2497 1152 2508 —
1182 2467 1245 2521 In
1277 2472 1430 2523 tertia
1461 2472 1702 2542 denique,
1732 2488 1850 2540 quae
1878 2474 2006 2526 mihi
2043 2474 2106 2526 de
2134 2473 2472 2541 epistolarum
2501 2473 2840 2527 innatuerunt
2882 2474 3139 2528 codicibus
3179 2474 3413 2542 exposui,
3440 2480 3493 2528 et

262 2562 507 2614 occasione
548 2562 685 2637 data
716 2578 770 2631 p.
802 2560 906 2615 M5
932 2561 1207 2629 scripturis
1234 2560 1588 2617 diversitatem
1620 2581 1647 2617 e
1675 2566 1849 2618 codice
1871 2564 2137 2626 Gudiano,
2163 2582 2313 2634 quem
2336 2582 2539 2619 summa
2570 2566 2854 2621 doctissimi
2882 2566 3062 2622 Eberti
3092 2566 3219 2621 mihi
3247 2564 3493 2621 concessit

264 2661 552 2725 liberalitas,
585 2661 867 2732 diligenter
892 2662 1162 2715 adnotavi.

323 2752 486 2807 Tertia
512 2763 703 2806 autem
734 2752 1185 2807 commentationis
1202 2768 1345 2821 pars,
1383 2752 1440 2804 in
1462 2768 1565 2822 qua
1606 2753 1671 2804 de
1711 2750 1899 2805 Isidori
1928 2752 2104 2821 agitur
2132 2753 2369 2805 doctrina
2390 2793 2404 2815 ,
2437 2753 2493 2806 in
2528 2753 2632 2806 tria
2658 2762 2781 2822 apte
2806 2754 2968 2808 dividi
2994 2756 3164 2821 potuit
3189 2756 3386 2826 capita.
3428 2756 3493 2812 In

263 2845 414 2912 primo
438 2845 611 2910 enirn,
638 2844 765 2913 quid
788 2843 878 2897 ille
899 2843 962 2897 de
990 2844 1316 2914 gravissimis
1338 2842 1665 2913 dogmatibus
1687 2843 1928 2906 senserit,
1960 2842 2285 2897 declaratum
2321 2853 2415 2907 est,
2444 2844 2519 2897 ita
2544 2845 2769 2913 quidem,
2808 2854 2863 2898 ut
2892 2847 3122 2915 primum
3147 2849 3273 2918 quid
3295 2849 3359 2902 de
3379 2849 3496 2919 fano
3592 2832 3605 2844 ’

265 2936 384 2989 tibus
403 2935 675 3006 religionis
703 2932 1036 2998 Christianas,
1069 2934 1195 3004 quid
1222 2933 1408 2986 deinde
1429 2933 1493 2988 de
1516 2931 1646 2997 Deo,
1671 2941 1781 2985 tum
1805 2933 1931 3002 quid
1950 2933 2014 2986 de
2042 2933 2269 2987 consiliis
2291 2943 2340 2987 et
2368 2934 2620 2988 institutis
2640 2935 2828 2989 divinis
2846 2975 2861 3000 ,
2881 2952 2997 3006 qua:
3024 2938 3095 2991 ad
3115 2940 3382 2994 hominum
3400 2957 3494 2995 sa-

265 3030 410 3082 lutem
447 3044 541 3096 per
572 3025 762 3081 Jesum
796 3025 1064 3081 Christum
1103 3027 1461 3094 reparandum
1502 3031 1738 3092 spectant
1761 3061 1776 3086 ,
1809 3023 1936 3093 quid
1966 3024 2187 3093 denique
2219 3025 2282 3078 de
2310 3025 2458 3079 rebus
2492 3026 2685 3095 futuris
2707 3028 2950 3081 statuerit
2979 3028 3087 3094 ille,
3120 3033 3374 3087 traditum
3400 3035 3490 3090 sit.

264 3122 337 3177 De
358 3121 535 3189 quibus
570 3119 812 3173 omnibus
840 3118 955 3187 ejus
980 3119 1293 3172 sententiam
1318 3127 1566 3171 accurate
1590 3116 1799 3185 quidem
1826 3118 2175 3185 exposuimus,
2190 3126 2346 3188 atque
2366 3118 2676 3188 gravissima
2706 3120 2937 3188 ejusdem
2964 3122 3028 3177 de
3047 3124 3226 3193 quovis
3252 3126 3495 3196 dogmate

263 3214 389 3268 dicta
432 3213 487 3265 in
512 3210 658 3265 notis
687 3211 824 3280 typis
863 3209 1201 3278 exprimenda
1248 3208 1580 3270 curavimus;
1620 3206 1712 3260 sed
1740 3222 1804 3259 ne
1833 3207 1991 3261 nimis
2020 3207 2175 3278 longa
2204 3208 2370 3261 omnis
2390 3208 2497 3261 hwc
2514 3208 2660 3276 ﬁeret
2689 3209 3017 3280 disquisitio,
3048 3229 3211 3284 neque
3229 3214 3495 3283 judicium

263 3306 545 3373 adjectum,
581 3321 748 3375 neque
786 3303 1031 3357 instituta
1072 3312 1146 3356 est
1175 3318 1291 3354 cum
1333 3299 1562 3370 placitis,
1592 3315 1710 3368 quae
1736 3299 1857 3351 aliis
1895 3299 2125 3367 ejusdem
2146 3301 2242 3354 tevi
2270 3299 2520 3354 Patribus
2548 3311 2761 3371 accepta
2790 3303 3021 3373 fuerunt,
3053 3307 3399 3375 comparatio.
3425 3336 3497 3350 —

262 3398 319 3453 In
344 3400 568 3453 ucundo
596 3413 716 3451 vero
740 3395 898 3465 hujus
922 3394 1092 3464 partis
1119 3394 1289 3461 capite
1316 3392 1546 3446 diximus
1571 3391 1634 3443 de
1679 3389 1883 3444 Isidoro
1912 3388 2225 3459 apologeta;
2253 3390 2432 3458 itaque
2458 3391 2691 3460 ejusdem
2719 3402 2901 3448 contra
2931 3395 3176 3460 ethnicos,
3206 3396 3417 3453 Judazos
3445 3409 3495 3454 et

260 3489 508 3544 hereticos
559 3486 868 3558 disputandi
922 3486 1061 3540 ratio
1107 3485 1291 3555 paucis
1348 3483 1622 3537 declarata
1666 3492 1762 3537 est.
1782 3512 1849 3524 —
1879 3482 1942 3536 In
1971 3484 2124 3537 tertio
2148 3484 2368 3554 denique
2394 3485 2458 3538 de
2479 3484 2685 3539 Isidoro
2717 3487 2918 3557 egimus
2946 3487 3196 3543 librorum
3223 3507 3495 3546 sacrorum

262 3585 565 3653 interprete,
618 3593 774 3653 atque
823 3583 1059 3653 pluribus
1106 3582 1327 3651 probare
1377 3581 1549 3634 conati
1605 3596 1786 3635 sumus
1840 3580 2111 3651 exemplis,
2157 3596 2276 3634 eum
2333 3596 2494 3650 neque
2538 3582 2749 3639 omnino
2794 3587 3164 3652 spernendum,
3206 3585 3286 3640 uti
3310 3584 3495 3642 Croius

262 3684 565 3731 censuerunt
608 3682 656 3727 et
701 3676 1045 3728 Heumannus
1066 3711 1081 3737 ,
1106 3687 1268 3741 neque
1312 3670 1531 3740 dignum
1560 3684 1668 3722 esse
1712 3668 1953 3725 laudibus
1981 3670 2166 3740 quibus
2195 3687 2229 3722 a
2269 3669 2499 3738 Dupinio
2519 3710 2535 3736 ,
2567 3668 2777 3725 Simone
2806 3680 2855 3725 et
2893 3670 3313 3729 Rosenmuellero
3338 3691 3494 3730 exor-

264 3784 423 3830 natur.

322 3873 419 3929 Sed
444 3879 490 3931 εἰ
519 3876 646 3947 quis
674 3876 806 3945 forte
834 3888 917 3925 me
941 3869 1305 3939 reprehendat,
1334 3866 1472 3929 quod
1501 3865 1689 3928 ethica,
1722 3875 1838 3932 qua:
1863 3858 2002 3913 dedit
2024 3856 2113 3910 ille
2141 3866 2423 3926 praecepta,
2455 3857 2665 3910 omnino
2694 3857 3027 3927 neglexerim,
3056 3860 3101 3914 is
3128 3861 3387 3933 intelligat
3404 3879 3495 3917 ve-

263 3969 344 4022 lim
372 3987 453 4023 me
478 3967 781 4037 separatim
826 3962 1033 4034 quidem
1077 3960 1140 4014 de
1173 3960 1250 4013 his
1280 3975 1383 4012 non
1410 3959 1574 4028 egisse
1597 3996 1613 4020 ,
1642 3954 1729 4009 sed
1756 3952 1814 4005 in
1840 3964 2151 4020 unaquaque
2179 3950 2630 4003 commentationis
2659 3959 2827 4019 parte,
2859 3967 2975 4020 qua:
3002 3953 3073 4005 ad
3102 3970 3305 4009 morum
3332 3954 3495 4025 perti-

263 4070 406 4114 neant
429 4058 737 4113 doctrinam
756 4096 774 4122 ,
804 4068 1072 4108 recurrere
1096 4050 1289 4105 Isidori
1308 4049 1530 4119 placita.
1556 4046 1667 4112 Quo
1683 4043 1905 4108 accedit,
1931 4050 1988 4094 ut
2015 4040 2104 4112 qui
2124 4041 2233 4095 hac
2247 4041 2301 4094 in
2317 4051 2545 4111 systema
2575 4042 2696 4096 velit
2715 4044 2947 4114 redigere
2964 4084 2979 4109 ,
3009 4061 3212 4099 omnem
3230 4047 3372 4101 haud
3395 4049 3494 4102 du-

261 4150 331 4203 bie
356 4149 665 4220 perditurus
695 4146 763 4200 sit
790 4158 1024 4213 operam,
1054 4158 1173 4194 cum
1195 4140 1451 4202 Isidorus,
1479 4154 1573 4207 pro
1601 4134 1805 4190 consilii
1834 4132 2040 4187 ratione
2072 4147 2194 4185 mox
2219 4131 2355 4185 hanc
2378 4133 2623 4187 virtutem
2641 4172 2658 4198 ,
2689 4149 2810 4187 mox
2836 4133 3018 4199 illam,
3044 4152 3165 4189 mox
3205 4137 3493 4205 complures

260 4244 543 4311 primarius
595 4256 702 4294 esse
740 4237 998 4292 docuerit.
1027 4234 1283 4290 Cancrum
1313 4232 1481 4287 multa
1510 4245 1626 4303 quae
1667 4230 1766 4282 huc
1793 4234 2029 4296 spectant
2069 4224 2249 4278 attulit
2271 4223 2519 4279 Neander
2548 4224 2605 4279 V.
2634 4224 2691 4279 ν.
2727 4226 2783 4279 in
2804 4224 2934 4280 libro
2958 4226 3023 4281 de
3047 4226 3247 4283 Joanne
3268 4228 3491 4300 Chrysa-

258 4345 434 4397 stomo,
470 4348 631 4402 opere
656 4346 760 4384 non
784 4329 959 4381 minus
987 4342 1146 4396 quam
1173 4325 1358 4377 veteris
1380 4322 1522 4376 illius
1544 4321 1642 4375 viri
1670 4317 1987 4389 cognominis
2013 4332 2194 4369 aureo.

323 4427 553 4481 Tantum
584 4425 746 4494 igitur
770 4429 969 4484 restat,
1002 4427 1058 4472 ut
1092 4423 1155 4471 de
1178 4418 1450 4485 scriptura:
1478 4414 1777 4468 diversitate
1794 4452 1809 4475 ,
1836 4423 1951 4479 qua:
1970 4449 1984 4472 ,
2020 4409 2106 4462 ubi
2135 4407 2317 4463 Graeca
2354 4407 2543 4461 Isidori
2568 4409 2723 4463 verba
2751 4426 2785 4464 a
2815 4411 2959 4466 nobis
2984 4411 3153 4466 allata
3185 4423 3339 4478 sunt,
3363 4416 3489 4471 dili-

258 4526 429 4587 genter
461 4519 724 4569 adnotata
776 4523 870 4575 est,
894 4526 1065 4581 pauca
1091 4510 1349 4561 dicamus.
1381 4505 1555 4569 Quam
1589 4506 1701 4557 cod.
1733 4501 1866 4555 Bav.
1887 4500 2205 4567 scripturam
2244 4500 2537 4553 notavimus
2560 4540 2575 4565 ,
2611 4517 2675 4554 ea
2716 4518 2782 4555 ea:
2817 4503 3042 4558 editione
3073 4502 3489 4564 Rittershusiana

262 4610 346 4678 (cf.
378 4626 433 4677 p.
462 4607 563 4675 '57)
598 4606 818 4675 repetita
868 4613 965 4658 est.
1006 4601 1229 4671 Reliqua
1266 4615 1332 4652 ea:
1380 4597 1527 4651 Petri
1579 4594 1787 4650 Possini
1848 4590 2224 4648 Collationibus
2251 4590 2563 4645 Isidorianis
2608 4592 2698 4663 (cf.
2730 4608 2785 4660 p.
2815 4592 2884 4648 59
2911 4604 3033 4663 etp.
3058 4594 3148 4666 40)
3181 4598 3488 4669 deprompta

258 4714 402 4766 sunt;
427 4720 550 4769 quae
571 4717 759 4756 novam
785 4701 974 4753 harum
998 4695 1339 4763 epistolarum
1369 4692 1647 4745 editionem
1674 4687 1881 4742 curanti
1909 4686 2155 4739 maxima:
2183 4684 2324 4738 haud
2350 4684 2503 4739 dubie
2522 4696 2673 4740 erunt
2694 4686 2934 4742 utilitati.
2962 4688 3120 4745 Recte
3147 4693 3284 4747 enim
3317 4693 3407 4749 ille
3433 4696 3492 4749 in

259 4796 587 4864 prtefatiane,
617 4791 994 4863 Corriguntur,
1026 4788 1230 4857 inquit,
1261 4801 1326 4840 ex
1356 4783 1442 4838 his
1468 4781 1663 4838 menda
1707 4778 2151 4839 innumerabilia,
2181 4776 2295 4833 veri
2324 4791 2435 4833 non
2462 4787 2621 4834 antea
2662 4779 2978 4851 introspecti
3019 4784 3337 4853 aperiuntur
3361 4803 3491 4844 sen-

261 4904 346 4943 sus
372 4886 617 4942 auctoris
636 4925 652 4949 ,
683 4882 810 4940 nodi
842 4877 1234 4952 perplexissimi
1263 4876 1616 4937 extricantur,
1648 4872 1816 4927 multa
1857 4886 1987 4925 casu
2015 4868 2213 4924 omissa
2255 4877 2313 4923 et
2356 4867 2427 4925 ad
2454 4870 2784 4926 sententiam
2811 4876 3118 4931 necessaria
3148 4880 3486 4951 supplentur.

262 4983 382 5047 Qum
408 5002 528 5038 cum
556 4985 631 5037 ita
661 4983 788 5046 sint,
822 4988 879 5033 ut
904 4978 1096 5049 aliquis
1124 4974 1315 5030 Isidori
1343 4972 1590 5042 epistolas
1612 4970 1780 5023 denuo
1812 4967 1996 5022 edendi
2034 4965 2284 5037 suscipiat
2333 4982 2540 5035 munus,
2572 4970 2858 5037 optandum
2886 4978 2984 5040 est,
3012 4989 3133 5041 quo,
3165 4975 3213 5029 si
3235 4976 3345 5031 htec
3371 4993 3489 5033 mea

261 5074 467 5141 scriptio
499 5072 703 5142 aliquid
732 5067 908 5123 laudis
938 5072 1293 5134 consequetur,
1319 5062 1428 5130 ipse
1456 5061 1646 5130 fungar
1672 5056 2041 5111 lubentissime.

327 5208 591 5278 Scriptum
620 5204 769 5260 Halis
799 5216 970 5255 mense
999 5195 1281 5253 Februario
1312 5188 1699 5249 MDCCCXXV.
