3924 6416
258 321 317 385 17
1471 332 1651 394 VITA
1689 331 1980 392 ISIDORI
2012 329 2273 390 PELUS.
3422 318 3491 383 ts

254 441 458 498 νιΐωειν
495 444 612 505 post
638 452 842 507 eosque
865 441 1259 514 Fabricius(al,
1279 443 1632 501 Heumannus
1657 444 1731 514 (ὁ)
1757 454 1811 500 et
1841 450 1882 505 Α
1914 453 2013 498 rat.
2039 442 2174 498 Cum
2203 456 2355 503 vero,
2386 439 2531 510 quod
2553 439 2664 510 jam
2703 454 2733 493 a
2758 437 3110 493 'I'illemontio
3139 437 3486 492 observatum

255 522 627 584 Scbrmck'hius
644 535 1116 603 (c],comp|uribus
1139 537 1194 590 in
1223 536 1355 593 locis
1367 536 1812 610 Chrysostomum

253 617 487 671 imitatus
515 630 615 684 est,
645 625 804 693 cujus
847 628 1050 697 scripta
1094 628 1385 700 diligenter
1410 632 1627 686 videtur
1658 631 1812 686 lecti—

252 717 383 761 tasse
406 710 508 778 (ά).
550 711 689 765 Hinc
717 716 962 770 narratio
1011 718 1101 772 illa
1147 719 1405 774 facillime
1435 722 1611 790 potuit
1640 720 1766 773 oriri
1796 738 1810 781 ;

251 800 420 868 itaque
444 817 569 855 cum
595 804 825 859 aliorum
847 808 1173 877 scriptorum
1198 810 1343 863 nulla
1369 811 1632 865 accedant
1661 810 1815 864 testi-

250 890 440 954 monia,
472 909 581 946 nou
618 904 822 952 temere
849 907 1106 968 tanquam
1145 916 1270 955 vera
1314 902 1661 971 suscipienda
1707 910 1812 955 est.

310 982 533 1038 Constat
562 996 744 1042 autem
780 990 1045 1047 Isidorum
1088 994 1480 1048 monasterium
1531 994 1584 1047 in
1630 1002 1816 1047 monte

249 1087 345 1125 non
367 1077 555 1141 procul
580 1093 612 1130 a
632 1076 850 1135 Pelusio
878 1083 1031 1143 urbe,
1053 1083 1197 1137 unde
1220 1083 1491 1137 Pclusiota
1519 1083 1588 1153 (e)
1610 1083 1813 1147 dictus,

247 1163 396 1217 situm
426 1166 652 1222 adiisse.
681 1168 817 1223 Nam
859 1172 903 1225 si
938 1188 1004 1226 ex
1037 1188 1104 1228 eo
1134 1174 1279 1244 quod
1310 1174 1572 1229 Leontius
1611 1173 1815 1244 Byzan—

248 1254 383 1308 tinus
410 1257 478 1326 (ﬂ
520 1273 649 1312 eum
681 1262 929 1317 nominat
974 1264 1276 1330 eremitam,
1325 1265 1577 1335 quodque
1606 1265 1722 1334 ipse
1760 1264 1814 1317 in

248 1346 459 1413 epistola
496 1348 563 1401 ad
597 1349 988 1407 Thaumasium
1020 1354 1099 1423 (g)
1128 1354 1476 1426 ἀναχώρησιν
1501 1370 1652 1409 suam
1669 1369 1818 1408 com-

248 1448 525 1503 memorat,
565 1442 943 1511 conjecturam
1001 1446 1210 1501 faceres
1252 1463 1376 1501 eum
1417 1446 1585 1501 fuisse
1617 1443 1818 1500 eremi-

252 1538 347 1584 tam
372 1529 474 1599 (Ιι),
498 1547 529 1585 a
552 1548 688 1586 vero
710 1535 832 1589 sine
852 1536 1019 1591 dubio
1044 1539 1346 1593 aberrares.
1369 1537 1584 1592 Etenim
1615 1537 1733 1607 ipse
1763 1538 1818 1591 iu

250 1619 462 1690 epistola
492 1622 561 1675 ad
579 1622 943 1681 Tabennesia:
971 1628 1269 1682 monachos
1289 1628 1412 1683 data
1437 1628 1501 1698 (ί)
1551 1643 1610 1683 se
1630 1644 1821 1682 mona-

1919 534 2077 589 video
2098 534 2201 605 (ιι),
2232 549 2295 587 ex
2313 532 2538 603 epistola
2561 532 2681 588 libri
2706 532 2865 601 primi
2890 531 3121 601 septima
3143 538 3196 584 et
3216 527 3491 584 tricesima

1915 634 2132 682 constet
2179 626 2442 682 lsidorum
2502 624 2701 679 Pelusii
2755 625 2812 679 in
2864 624 2977 694 ipsa
3004 624 3139 679 urbe
3188 639 3297 679 non
3340 621 3493 678 habi-

1916 730 2062 775 tasse
2114 718 2213 791 (o),
2247 718 2497 790 equidem
2555 718 2707 773 illum
2759 717 2924 787 hujus
2974 715 3213 772 cmuobii
3258 716 3489 771 incolam

1916 813 2083 868 fuisse
2129 812 2383 867 arbitror.
2437 810 2623 880 Neque
2669 808 2921 864 dubitare
2982 823 3294 879 possumus.
3357 807 3489 876 quin

1916 901 2333 965 monasterium,
2373 900 2530 968 cujus
2576 898 2756 953 incola
2796 898 2899 952 fuit
2932 897 3192 963 Isidorus,
3221 897 3275 950 in
3306 905 3492 951 monte

1916 994 2080 1047 situm
2130 992 2317 1055 luerit,
2348 992 2630 1062 quoniam,
2680 1000 2741 1045 ut
2780 998 2934 1046 notat
2977 988 3332 1045 Heumannus
3382 986 3487 1057 (p),

1916 1084 2189 1139 Pelusiota
2233 1083 2371 1155 ipse,
2418 1083 2707 1153 quemdam
2750 1082 2819 1137 ad
2862 1081 3027 1135 vitam
3051 1080 3349 1135 adhortans
3373 1094 3492 1134 mo-

1916 1173 2200 1234 nasticam,
2232 1188 2397 1242 quam
2429 1171 2789 1243 philosOphia:
2818 1170 3042 1225 nomine
3072 1186 3173 1240 pro
3201 1184 3353 1224 more
3388 1170 3492 1224 hu-

1910 1261 2002 1330 jus
2022 1260 2444 1331 posteriorisque
2492 1260 2594 1315 mvi
2625 1261 2954 1330 scriptorum
3000 1258 3492 1315 ecclesiasticorum

1915 1362 2073 1407 ornat
2093 1369 2467 1424 saepenumero
2489 1352 2585 1423 (ᾳ).
2610 1354 2692 1408 Ad
2725 1362 2967 1408 montem
2988 1362 3258 1417 nostrum,
3283 1354 3484 1421 inquit,

1919 1454 1974 1500 te
2001 1445 2212 1509 confer,
2239 1454 2300 1499 ut
2326 1444 2522 1499 anima:
2551 1454 2659 1499 tua:
2687 1444 2845 1498 saluti
2871 1444 3125 1499 consulas
3151 1444 3245 1513 (r).
3271 1473 3342 1485 —
3370 1444 3492 1513 Ipse

1921 1556 2049 1593 vero
2078 1548 2298 1593 austero
2325 1537 2452 1592 huic
2498 1536 2714 1591 vivendi
2750 1536 2939 1607 generi
2984 1536 3059 1590 ita
3101 1536 3314 1591 deditus
3351 1542 3487 1598 erat,

1919 1642 1982 1686 ut
2020 1630 2249 1685 Joannis
2280 1629 2537 1700 Baptistae
2567 1629 2879 1700 exemplum
2925 1627 3181 1683 omnibus
3210 1627 3494 1683 monachis

251 1711 400 1765 chum
431 1723 744 1785 nuncupat,
776 1716 1072 1787 scribitque
1114 1720 1377 1790 Calliopio
1410 1720 1478 1791 υ)
1534 1736 1593 1775 se
1633 1720 1819 1775 relicta
1922 1723 2238 1777 imitandum
2270 1730 2598 1791 proponeret
2641 1720 2745 1789 (ι),
2812 1730 2975 1789 atque
3011 1719 3257 1790 ingentes
3296 1719 3496 1789 gratias

250 1803 347 1895 vita
373 1805 583 1861 urbana
618 1808 821 1864 adiisse
858 1812 1445 1895 monasterium;quod
1475 1812 1817 1869 utCratinus
1856 1792 1895 1847 Β
1921 1822 1976 1867 ct
2007 1821 2191 1883 ageret
2219 1821 2275 1866 et
2314 1810 2540 1865 haberet
2564 1810 2771 1864 Zenoni
2820 1811 3133 1878 presbytero
3161 1810 3246 1877 (ι),
3286 1809 3494 1877 quippe

250 1893 491 1961 imitetur,
517 1898 673 1952 hunc
698 1899 804 1953 alia
831 1899 888 1955 in
909 1901 1135 1971 epistola
1166 1893 1240 1974 (It)
1268 1918 1595 1974 magnopere
1614 1905 1817 1962 adhor-
1923 1904 2015 1973 qui
2048 1904 2228 1958 tunica
2252 1903 2320 1956 ab
2347 1903 2463 1971 ipso
2490 1902 2759 1971 postulata
2792 1899 3085 1963 effecisset,
3111 1907 3171 1953 ut
3201 1898 3297 1951 δύο
3330 1898 3493 1967 χιτῶ-

251 1997 397 2041 tatur.
440 2019 499 2028 —
575 1989 784 2045 Deinde
823 2007 888 2046 ex
932 1993 1213 2063 scriptura:
1266 1995 1600 2058 diversitate,
1654 2012 1815 2067 quam

248 2078 491 2133 exhibent
519 2081 698 2136 codex
734 2080 909 2137 Vatic.
941 2082 1065 2150 649,
1100 2096 1153 2140 et
1181 2086 1411 2141 Altaem.
1459 2088 1675 2142 titulum
1702 2088 1819 2159 epi-

250 2171 386 2223 stola:
416 2172 539 2225 libri
588 2173 753 2243 primi
786 2176 1103 2231 centesima:
1145 2179 1605 2252 quinquagesimae
1632 2182 1696 2252 (ι)
1736 2183 1818 2238 sic

252 2262 551 2331 supplentes
586 2283 601 2317 :
638 2267 1007 2339 Μοναστηρίῳ
1040 2270 1149 2340 πρὸ
1172 2271 1264 2324 τοῦ
1305 2272 1629 2342 Πηλουσίου,
1658 2284 1809 2329 extra

251 2354 421 2408 urbem
474 2358 652 2410 situm
699 2356 867 2413 fuisse
915 2363 1305 2418 monasterium
1360 2366 1633 2435 quoddam
1692 2366 1818 2422 licet

250 2442 498 2505 colligere.
529 2446 766 2501 Accedit
794 2450 1167 2506 testimonium
1210 2454 1519 2526 Hieronymi
1553 2456 1680 2527 (ιιι),
1717 2457 1811 2527 qui

251 2533 300 2586 S.
319 2534 648 2591 llilarionem
672 2536 950 2594 Pelusium
970 2543 1189 2611 adiisse,
1218 2544 1400 2615 ibique
1424 2546 1619 2602 fratres
1637 2548 1692 2602 in
1717 2549 1813 2603 de-

250 2638 379 2681 serto
403 2645 511 2683 non
551 2630 745 2702 procul
772 2632 843 2686 ab
874 2634 1010 2689 urbe
1057 2635 1368 2693 habitantes
1396 2638 1648 2696 visitasse
1681 2656 1812 2695 nar-

252 2876 347 2949 pla,
372 2892 609 2947 quorum
643 2893 833 2949 unum,
872 2886 933 2931 ut
968 2876 1197 2949 lectores
1220 2878 1289 2931 de
1312 2878 1413 2949 hac
1444 2894 1502 2931 re
1534 2876 1633 2947 ipsi
1660 2877 1806 2947 judi-

254 2948 363 3001 care
392 2949 624 3016 possint,
656 2948 762 3001 huc
791 2948 1153 3001 transcribere
1180 2948 1808 3017 placet.Chrvsostomus

255 3018 387 3071 hom.
422 3034 468 3070 tv
497 3018 576 3071 ad
604 3019 761 3071 Hom.
794 3036 807 3070 :
841 3020 918 3070 Οὐ
944 3020 1071 3087 γὰρ.
1102 3018 1294 3086 inquit.
1327 3018 1435 3070 ἀπὸ
1461 3018 1566 3070 τῶν
1594 3017 1810 3072 νοσούν-

253 3105 367 3151 των,
399 3088 509 3140 ἀλλ’
560 3088 671 3140 ἀπὸ
713 3088 819 3140 τῶν
855 3088 1206 3152 ὑγιαινόντων
1243 3088 1323 3140 δεῖ
1364 3088 1548 3157 φέρειν
1576 3088 1674 3150 τὰς
1700 3089 1808 3158 ψή-

255 3174 389 3227 φους.
422 3158 687 3219 Isidorus,
713 3167 773 3225 ut
786 3158 861 3210 ait
888 3158 1304 3223 ltittershusius,
1335 3155 1549 3213 hoc—bis
1571 3155 1809 3211 imitatus
1837 3155 1880 3211 (Ξ

253 3226 325 3281 est
354 3226 407 3280 in‘
429 3229 548 3281 suis
588 3228 850 3297 epistolis,
880 3237 935 3280 ut
961 3228 1053 3287 lib.
1086 3243 1163 3291 ιιι,
1193 3244 1280 3297 ep.
1316 3228 1423 3280 212
1453 3253 1463 3282 ;
1500 3259 1569 3267 —
1597 3229 1669 3279 Ub
1703 3229 1811 3297 γὰρ

254 3298 349 3351 ἀπὸ
373 3298 700 3357 νοσούντων,
718 3298 836 3369 ᾁλΥ
855 3298 964 3350 ἀπὸ
977 3297 1084 3369 τῶν
1098 3297 1447 3369 ὑγιαινόντων
1473 3299 1578 3369 χρὴ
1596 3297 1813 3369 λαμϐά-

256 3369 466 3454 vswncnag
487 3368 641 3454 391
666 3368 1153 3454 :ttIJ‘Ijtpajpd‘twv'
1192 3368 1404 3454 ψήφοὲδς
1427 3384 1440 3396 ⁸
1474 3368 1688 3454 ἢθιΙιΙ).
1732 3384 1806 3429 tv,

254 3453 329 3519 cp.
356 3439 452 3493 99:
483 3439 571 3491 Οὐ
589 3439 693 3506 χρὴ
718 3437 979 3499 ταῖςτῶν
1005 3439 1301 3490 νοσούντων
1334 3438 1559 3489 ἕπεσθαι
1588 3437 1807 3558 4'29"»;-

254 3509 355 3560 ἀλλ’
385 3510 487 3561 ἀπὺ
522 3511 631 3578 τῆς
660 3508 796 3578 τᾶ)νῄ
821 3508 1171 3578 ὑγιαινόντων
1228 3509 1460 3578 κρίσεως
1516 3508 1625 3575 λαμ
1665 3510 1812 3578 ἀνειν

254 3579 340 3640 τὰς
372 3576 702 3642 ἀποδείξεις.
755 3576 1029 3632 Hactenus
1068 3577 1173 3630 ille.
1202 3576 1275 3619 -ἐ
1318 3577 1412 3630 llis
1459 3588 1639 3631 autent
1687 3577 1809 3631 addi

254 3658 484 3717 possunt,
512 3665 643 3717 quae
672 3650 727 3700 in
754 3646 942 3701 Isidori
968 3647 1031 3699 ad
1057 3646 1322 3701 Serenum
1351 3648 1578 3717 epistola
1597 3658 1815 3702 exstant

256 3720 400 3788 verba
422 3719 805 3788 hujuscemodi
835 3737 848 3770 :
882 3717 1043 3770 Ἀλλὰ
1080 3718 1185 3787 χρὴ
1225 3719 1350 3780 τοὺς
1377 3717 1711 3788 νὲχέᾳρονας,
1739 3719 1814 3787 μὴ

256 3787 1119 3860 ᾁπὲᾼτῶνάῤῥωστούντων,
1163 3790 1271 3841 ἀπὸ
1314 3787 1434 3860 τῶν.
1464 3789 1815 3853 ὑγιαινόντων

256 3856 533 3927 λαμϐάνειν
559 3856 671 3920 τὰς
699 3859 935 3927 ψήφους.
965 3858 1047 3911 Cf.
1080 3859 1172 3911 lib.
1203 3876 1253 3919 v,
1282 3874 1369 3927 ep.
1405 3857 1541 3923 565;
1577 3860 1646 3912 cl'.
1682 3873 1810 3926 prae-

258 3936 389 3998 tcrea
416 3928 688 3984 Rittersh.
728 3927 871 3982 Lect.
910 3945 1048 3981 sacr.
1080 3929 1173 3982 lib.
1210 3946 1281 3991 IV,
1310 3945 1430 3997 cap.
1476 3928 1561 3988 l7,
1593 3945 1648 3998 p.
1675 3930 1809 3990 321;

258 3994 339 4070 lib.
379 4017 433 4062 v,
465 4015 588 4069 cap.
654 4000 738 4060 15,
768 4016 821 4069 p.
854 3999 956 4070 599
977 4014 1012 4070 ,Α
1044 3999 1139 4070 lib.
1176 4014 1250 4066 Vl,
1277 3994 1396 4069 cap;
1447 3998 1533 4065 15,
1564 3994 1619 4070 μ’.
1669 3998 1769 4054 461
1798 4015 1817 4066 ;

257 4065 341 4121 lib.
366 4086 461 4127 vu.
493 4065 620 4137 cap.
658 4071 710 4133 7,
739 4065 792 4137 p'.
826 4068 951 4133 514,
983 4067 1107 4123 515.

320 4140 393 4207 (α)
430 4140 650 4193 Fabric.
684 4141 720 4193 Ι.
764 4138 858 4193 al'l.

319 4211 388 4276 (ὁ)
418 4210 733 4264 Heumann.
762 4211 899 4264 diss.
927 4208 1020 4263 cit.
1051 4208 1079 4277 ᾗ
1110 4207 1161 4262 5.

319 4286 385 4345 (ε)
414 4280 738 4335 Scltrceckb.
775 4280 907 4333 Hist.
943 4280 1065 4344 ccci.
1103 4279 1208 4332 vol.
1241 4278 1333 4350 cit.
1367 4294 1422 4350 p.
1456 4278 1577 4335 522.

319 4350 391 4418 (Α)
425 4350 539 4405 Lib.
574 4367 616 4415 I,
644 4366 730 4418 ep.
769 4351 902 4415 lini;
939 4350 1032 4403 lib.
1067 4365 1117 4414 v,
1149 4365 1235 4419 ep.
1268 4349 1356 4402 52.

321 4443 386 4508 (ε)
411 4440 528 4513 Quo
557 4458 626 4495 ex
652 4442 970 4513 cognomine
1012 4441 1058 4495 si
1100 4442 1312 4513 ellicere
1342 4455 1679 4513 conaremur
1714 4440 1813 4495 lsi—

1921 2013 2018 2061 νας
2046 1996 2148 2049 οὐκ
2180 1994 2319 2065 ἔχων
2345 1993 2437 2045 τὸν
2476 1993 2638 2062 νόμον
2663 1990 2757 2045 τοῦ
2807 1988 3113 2044 Βαπτιστοῦ
3164 1992 3242 2060 (ιι)
3275 1990 3494 2060 explere

1920 2097 2130 2160 posset.
2154 2087 2225 2142 Et
2255 2102 2445 2141 revera
2475 2100 2574 2156 per
2611 2099 2830 2139 omnem
2862 2083 3030 2136 vitam
3070 2081 3282 2136 videtur
3307 2083 3493 2153 exple-

1914 2182 2089 2248 visse;
2138 2180 2285 2250 quod
2316 2194 2472 2248 teque
2506 2194 2571 2232 ex
2602 2177 2714 2241 illa,
2745 2191 2909 2245 quam
2943 2174 3104 2229 modo
3134 2174 3490 2237 laudavimus,

1916 2284 2080 2343 atque
2129 2287 2193 2327 ex
2241 2271 2471 2340 epistola
2504 2271 2569 2323 ad
2628 2269 2852 2323 Paulum
2897 2267 3186 2322 diaconum
3241 2265 3314 2338 (v)
3367 2266 3492 2321 data

1915 2371 2159 2434 apparet.
2189 2362 2329 2417 Huic
2358 2362 2504 2415 enim
2538 2361 2821 2414 Simonem
2851 2358 3177 2413 familiarem
3209 2373 3492 2413 commen-

1915 2457 2010 2511 dat
2037 2470 2218 2515 suum.
2257 2454 2348 2523 qui
2372 2452 2663 2523 Egyptum
2694 2451 2984 2505 relicturus
3013 2450 3291 2521 indigebat
3322 2448 3493 2503 vesti-

1920 2559 2127 2609 mento,
2159 2547 2228 2601 ab
2253 2561 2429 2615 eoque
2463 2554 2736 2614 precator,
2776 2551 2839 2607 ut
2867 2541 2940 2595 illi
2972 2541 3117 2596 dono
3145 2541 3237 2596 det
3263 2551 3490 2595 vestem.

1917 2638 2087 2709 Cujus
2132 2638 2349 2709 generis
2387 2637 2530 2693 dicta
2562 2632 2864 2706 compluria
2914 2649 2983 2690 ex
3015 2632 3206 2689 Isidori
3244 2631 3494 2704 epistolis

1910 2877 2026 2960 bey.
2044 2882 2141 2959 der
2164 2876 2318 2932 Stadt
2345 2874 2615 2930 Pelusium
2638 2875 2693 2930 in
2712 2876 2857 2932 einer
2876 2874 3088 2935 Einaede
3117 2877 3272 2932 lebte.

1986 2948 2047 3013 (ι)
2086 2948 2203 3001 Lib.
2246 2964 2284 3008 ι.
2314 2962 2401 3013 ep.
2446 2946 2533 2999 95.

2009 2962 2047 3013 ι)
2086 2962 2203 3001 LID.
2246 2964 2284 3008 ι.
2314 2962 2401 3015 ep.
2446 2962 2533 2999 uo.

2019 3018 2054 3083 i)
2100 3018 2218 3071 Lib.
2257 3034 2297 3077 ι.
2325 3032 2413 3085 ep.
2449 3015 2573 3070 191.

1981 3086 2057 3159 (k)
2086 3086 2383 3159 Lib._t,ep.
2398 3087 2537 3159 266,

2008 3153 2046 3225 Ι)
2082 3157 2222 3211 Petri
2260 3153 2470 3225 Po'ssini
2504 3154 2699 3225 Collat.
2730 3153 2923 3210 Isidor.

1983 3163 2044 3293 γ)
2082 3163 2222 3238 Petri
2261 3163 2470 3211 Possini
2504 3163 2699 3210 Collat.
2732 3163 2958 3235 Isidor“
3222 3226 3234 3239 υ

2009 3227 2079 3295 ιιι)
2132 3227 2353 3281 Hieron.
2381 3224 2519 3297 Opp.
2570 3223 2694 3297 Vol.
2733 3225 2773 3290 l,
2809 3242 2861 3294 p.
2889 3225 3016 3297 2.52,
3051 3241 3117 3281 ex
3150 3225 3282 3281 edit.
3317 3227 3487 3284 Paris.

1910 3294 2070 3358 1615,
2105 3298 2194 3352 ubi
2231 3298 2344 3352 haec
2376 3294 2594 3351 exstant
2622 3312 2636 3349 :
2662 3294 2864 3361 Quinto
2896 3295 3058 3365 igitur
3085 3297 3176 3351 die
3208 3298 3357 3352 venit
3388 3298 3489 3354 Pe-

1910 3369 2132 3431 lusium,
2181 3367 2521 3439 visitatisque
2546 3366 2851 3439 fratribus,
2878 3367 2969 3439 qui
3001 3368 3055 3420 in
3084 3368 3273 3439 vicina
3300 3384 3487 3425 eremo

1909 3449 2087 3500 erant,
2127 3437 2255 3491 etin
2292 3435 2446 3502 loco,
2467 3437 2559 3507 qui
2592 3435 2791 3491 dicitur
2816 3435 3067 3507 Lycbnos
3106 3438 3488 3507 morabantur,

1912 3509 2293 3580 perrexitpost
2320 3509 2581 3580 triduum.

1985 3578 2059 3649 (ιι)
2090 3574 2403 3649 'l‘illemont.
2429 3579 2467 3635 l.
2495 3593 2543 3631 c.
2576 3591 2630 3645 p.
2660 3574 2783 3649 100.

1992 3647 2066 3717 (ο)
2104 3649 2163 3702 In
2198 3648 2285 3704 illa
2321 3648 2467 3701 enim
2506 3647 2734 3716 epistola
2792 3647 2861 3699 ita
2894 3647 3076 3715 agitur
3130 3648 3198 3705 de
3246 3650 3489 3706 ecclesia:

1912 3719 2293 3783 aediﬁcatione,
2338 3735 2498 3790 quam
2554 3717 2823 3790 Eusebius
2872 3717 3068 3771 Pelusii
3107 3719 3198 3773 illo
3244 3729 3488 3790 tempore

1914 3790 2206 3858 episcopus
2233 3788 2490 3857 suscepit.
2525 3796 2585 3841 ut
2611 3788 2753 3841 facili
2782 3803 2943 3855 opera
2988 3788 3371 3858 unusquisque
3402 3791 3486 3845 in-

1916 3860 2155 3915 telligere
2183 3859 2355 3915 possit
2380 3859 2641 3912 lsidorum
2674 3873 2780 3911 non
2832 3857 3002 3914 iuisse
3034 3860 3183 3915 urbis
3226 3861 3483 3915 incolam.

1916 3875 2155 3928 tctugcre
2183 3875 2355 3928 possu
2380 3875 2641 3912 tsmorum
2674 3875 2780 3911 non
2832 3875 3002 3914 misse
3034 3875 3183 3915 urbis
3226 3875 3483 3915 incotant.

1914 3929 2115 4001 Scribit
2138 3930 2283 4001 enim
2301 3930 2370 3984 ad
2397 3929 2579 3982 illum:
2604 3926 2844 3991 Κτίζεις,
2868 3927 2943 3991 ὥς
2972 3945 3157 3998 φασιν,
3186 3930 3488 4001 ἐκκλησίαν

1911 4001 1970 4056 ὲν
1996 3999 2297 4069 Πηλουσίῳ.
2327 4029 2399 4039 -

1986 4070 2062 4199 (νζ
2095 4068 2289 4123 Heum.
2322 4069 2376 4124 d.
2417 4084 2493 4131 ο..
2524 4084 2577 4137 p.
2608 4069 2661 4132 4,
2693 4076 2810 4125 not.
2848 4068 2947 4125 bh.
3409 4139 3420 4150 ο

1988 4144 2040 4199 (q
2094 4138 2289 4193 Heum.
2323 4140 2377 4193 d.
2412 4154 2461 4193 c.
2482 4156 2535 4199 ι).
2561 4138 2615 4199 7,
2639 4148 2755 4193 not.
2779 4153 2826 4193 r.
2865 4168 2937 4178 —
2967 4138 3085 4199 Jam
3114 4154 3145 4193 a
3176 4137 3419 4194 Dufresn:

1988 4137 2059 4208 (τι)
2094 4138 2289 4193 Heum.
2323 4140 2377 4193 d.
2412 4154 2461 4193 c.
2482 4156 2535 4208 p.
2561 4138 2615 4199 7,
2639 4148 2755 4193 not.
2779 4153 2826 4193 r.
2865 4168 2937 4178 —
2967 4138 3085 4204 Jam
3114 4154 3145 4193 a
3176 4137 3461 4194 Dufresnio

1914 4208 1969 4291 In
2000 4208 2606 4291 GlossarioCraecitatis
2646 4208 2840 4291 ntedize
2877 4209 3227 4291 observatum
3268 4219 3372 4273 est,
3407 4212 3487 4291 vi”

1917 4290 2024 4335 tam
2076 4281 2448 4335 monachicam
2486 4281 2554 4334 ab
2590 4279 2802 4349 Isidoro
2830 4290 3019 4333 nostro
3059 4280 3154 4334 lib.
3198 4294 3238 4341 ι,
3288 4295 3375 4349 cp.
3431 4281 3482 4335 l’

1914 4350 2172 4420 appellari
2194 4350 2597 4418 φιλοσοφίαν-
2626 4348 2769 4421 (addi
2795 4359 2972 4417 potest
2994 4350 3089 4403 lib.
3110 4366 3169 4416 ιι,
3192 4366 3279 4420 ep.
3305 4348 3484 4421 1759.";

1915 4417 2169 4490 é'quem
2209 4417 2469 4491 loquendi
2492 4417 2647 4475 usum
2689 4417 3048 4491 Sozomenum
3077 4417 3294 4491 quoque
3324 4417 3485 4476 secu-

258 4489 456 4565 (Ιοὶιίιιῖι
484 4512 680 4565 Pelusii
717 4489 902 4565 iiatum
943 4527 1083 4575 esse,
1120 4512 1237 4564 sine
1263 4510 1425 4563 dubio
1454 4512 1812 4567 iucidcremus

1920 4489 2211 4572 tmnqesse,
2243 4489 2399 4575 ideo;
2425 4490 2670 4571 pluribus
2700 4489 2892 4569 probat
2916 4489 3304 4575 esennplisi—
3329 4492 3481 4575 Cou-

260 4581 307 4652 iu
335 4598 591 4637 errorem.
620 4581 994 4652 Πηλουσιῶται
1023 4582 1168 4635 enim
1213 4580 1408 4635 Pelusii
1436 4591 1564 4635 sunt
1596 4582 1806 4648 incolae,

260 4651 360 4703 sive
399 4654 463 4709 in_
482 4654 586 4706 hac
632 4651 785 4713 urbe,
843 4652 956 4706 sive
1006 4652 1153 4712 alibi,
1209 4652 1317 4705 nati
1358 4662 1501 4705 sunt.
1556 4652 1648 4706 His
1680 4667 1807 4705 vero

262 4723 540 4775 Inonachos
570 4738 787 4791 quoque
818 4722 1074 4785 ccenobii,
1108 4722 1159 4774 in
1192 4738 1299 4790 quo
1333 4722 1622 4775 maximam
1681 4722 1807 4776 vita:

261 4801 452 4863 partem
484 4794 632 4863 degit
663 4792 923 4851 Isidorus,
956 4792 1221 4861 ascriptos
1272 4792 1439 4863 fuisse
1480 4808 1544 4845 ex
1581 4793 1807 4863 epistola

266 4862 355 4933 151
388 4863 505 4916 libri
541 4862 579 4927 ι,
613 4872 867 4933 apparet,
890 4863 1088 4931 quippe
1110 4878 1231 4931 qua:
1265 4862 1463 4928 scripta
1490 4872 1573 4915 est
1599 4862 1800 4933 Πηλου-

264 4930 468 4993 σιιῖιταις
493 4934 574 4995 εἰς
602 4930 663 4985 τδ
683 4930 974 4985 gemam.
992 4930 1259 4986 Attamen
1290 4935 1516 4985 reticere
1547 4934 1671 4986 nolo
1701 4932 1808 4985 hu-

259 4999 339 5067 jus
367 5004 605 5070 epistola:
630 5003 871 5067 titulum,
904 5002 1059 5057 Petro
1078 5002 1305 5055 Possino
1335 5002 1386 5053 in
1417 5002 1809 5056 Collationibus

264 5070 556 5127 lsidorianis
597 5084 848 5136 testante,
895 5073 947 5126 in
983 5072 1140 5127 codd.
1184 5070 1303 5125 Vat.
1350 5072 1453 5126 649
1482 5080 1535 5125 et
1587 5074 1691 5126 Alt.
1730 5073 1809 5126 sic

264 5157 317 5194 se
338 5143 530 5214 habere
558 5162 571 5197 :
600 5142 1000 5214 Πηλουσιώταις
1020 5144 1089 5214 γὲν
1111 5143 1295 5209 κοινῷ.
1325 5158 1353 5194 a
1382 5142 1578 5214 quibus
1606 5143 1809 5214 recedit

264 5212 524 5334 pau'lévtdum
552 5210 678 5269 cod.
719 5214 849 5268 Bav.
888 5213 1152 5267 exhibens
1186 5210 1590 5283 1⁷1ηλουσιώταις
1636 5215 1716 5275 εις
1746 5212 1809 5268 τὸ

266 5297 353 5331 χοι·
430 5320 443 5334 .

266 5297 424 5334 κοινον
430 5320 443 5334 ο

238 5352 243 5355 ’
328 5352 387 5423 (ί)
432 5351 618 5408 Leont.
667 5353 887 5423 Byzant.
928 5353 985 5407 in
1025 5352 1180 5423 libris
1204 5352 1466 5423 adversus
1498 5349 1807 5408 Nestorium

266 5429 315 5472 et
356 5422 641 5494 Eutychen.
690 5420 778 5494 tif.
828 5423 966 5478 Bibl.
1020 5420 1125 5479 PP.
1182 5423 1269 5479 ed.
1335 5422 1584 5494 Lugdun.
1638 5424 1798 5487 1677,

276 5498 391 5543 tom.
425 5492 511 5549 IX.
536 5510 586 5562 p.
628 5495 727 5549 706
759 5493 820 5546 ἰ).

330 5563 397 5641 ν)
427 5562 540 5641 ιτίιι-
568 5581 606 5626 ιν
641 5580 728 5634 ep-
761 5563 883 5641 402-.

331 5630 400 5697 (Ii)
428 5633 526 5687 Cui
558 5630 838 5689 sententiae
871 5634 1015 5689 favet
1039 5644 1227 5689 auctor
1252 5632 1397 5693 libri,
1424 5631 1515 5701 qui
1553 5630 1804 5686 inscribi-

275 5704 391 5773 tur:
426 5703 759 5773 ullgemeines
796 5705 1120 5759 historisches
1155 5704 1395 5759 Lexicon.
1438 5703 1637 5757 Scribit
1659 5707 1803 5757 enim

280 5768 354 5826 ille
379 5789 393 5826 :
417 5768 658 5841 Isidorus,
698 5775 966 5835 Pelusium
996 5775 1360 5847 zugenahmet,
1398 5773 1512 5833 wcil
1562 5790 1621 5831 er
1670 5774 1805 5833 nube

1916 4562 2083 4616 sentit
2114 4577 2237 4615 cum
2268 4576 2335 4615 eo
2368 4559 2646 4626 Suicerus,
2673 4560 2761 4628 qui
2818 4558 2869 4612 in
2921 4558 3187 4614 Thesauro
3232 4562 3482 4615 ecclesia-

1914 4632 2044 4683 m'co
2070 4631 2357 4700 φιλοσοφία
2383 4646 2570 4684 vocem
2594 4629 2735 4699 apud
2767 4629 3061 4698 scriptores
3086 4631 3484 4687 ecclesiasticos

1912 4701 2200 4770 designare
2226 4701 2505 4755 contendit
2532 4719 2544 4757 :
2577 4701 2702 4755 vitae
2736 4708 2937 4771 sancta:
2957 4700 3217 4765 studium,
3250 4717 3482 4771 praesen

1915 4771 2008 4824 tim
2029 4769 2191 4825 vitam
2218 4780 2511 4836 austeram,
2541 4771 2715 4841 qualis
2742 4769 2873 4824 olim
2898 4769 3290 4826 monachorum
3311 4772 3479 4831 fuerit

1912 4850 1969 4895 et
1997 4853 2319 4896 ascetarurn.

1987 4932 2056 5003 (r)
2106 4930 2469 5003 Consentium
2504 4930 2845 5003 Nicepltorus
2870 4929 3113 5003 έ-ῌὶσι,
3141 4930 3268 5003 eccl.
3299 4928 3335 4984 I.
3360 4947 3475 4998 ιη’,

1912 5001 2042 5071 cap.
2063 5002 2150 5064 55,
2178 5010 2327 5072 —et
2370 5001 2699 5065 Galesinius,
2759 5001 2849 5072 qui
2892 5001 3156 5072 Isidorum
3215 5002 3268 5054 iu
3298 5016 3477 5072 inion-

1916 5082 2021 5126 tcm
2055 5088 2175 5127 sese
2201 5071 2470 5126 abdidisse
2501 5074 2737 5125 tradunt.
2774 5071 2858 5126 (ll.
2893 5072 3024 5126 Acta
3062 5071 3246 5127 Sanct.
3291 5071 3474 5137 Febr.,

1913 5140 2032 5196 Vol.
2070 5144 2108 5204 Ι,
2142 5159 2194 5211 p.
2231 5142 2355 5204 468,
2389 5141 2490 5211 §t,
2523 5158 2577 5195 ιι.
2610 5142 2662 5195 5.
2689 5172 2759 5182 -
2785 5143 2941 5196 Errat
2973 5151 3153 5195 autem
3182 5141 3474 5207 Arnoldus,

1912 5214 2003 5281 qui
2042 5215 2095 5265 in
2122 5230 2219 5265 sua
2247 5211 2492 5266 Ecclesim
2520 5213 2898 5278 hazresinmque
2935 5211 3178 5274 historia,
3213 5220 3475 5277 montem,

1914 5280 1967 5335 in
1997 5298 2103 5350 quo
2137 5282 2321 5336 Isidori
2353 5282 2673 5337 aedificatum
2705 5281 2806 5337 fuit
2836 5280 3243 5343 monasterium,
3284 5282 3475 5350 appel-

1912 5352 1987 5406 lat
2018 5353 2308 5415 Pelusium,
2336 5353 2415 5406 sic
2440 5352 2545 5406 vol.
2567 5353 2608 5416 l,
2634 5352 2726 5406 lib.
2745 5369 2795 5407 v.
2820 5368 2938 5418 cap.
2959 5353 3013 5417 5,
3042 5351 3172 5418 ﬁlii,
3192 5351 3475 5408 scribens:

1933 5367 1987 5406 at
2018 5367 2308 5415 ιὐιιιειυιιι,
2336 5368 2415 5406 SIC
2440 5367 2545 5406 VOI.
2567 5367 2608 5416 Ι,
2635 5367 2726 5406 ΙΙΙ).
2745 5369 2795 5407 ι’.
2820 5368 2938 5419 cap.
2959 5367 3013 5417 ί),
3042 5367 3068 5419 ᾗ
3088 5367 3172 5411 ιυ,
3192 5367 3475 5408 801⁵10811εὲ

1914 5368 1987 5406 ιιιι
2018 5368 2308 5415 vetustum,
2336 5368 2415 5406 suc
2440 5368 2545 5406 von.
2567 5368 2608 5416 1,
2635 5368 2726 5406 un.
2745 5369 2795 5407 v.
2820 5368 2938 5420 cap.
2959 5368 3013 5417 ο,
3042 5368 3068 5419 9
3088 5368 3172 5411 ιυ,
3192 5368 3475 5408 scribens:

1914 5421 1981 5496 In
2004 5423 2191 5496 Afrika
2220 5439 2330 5475 war
2367 5421 2601 5478 Isidorus
2624 5424 2725 5476 den
2755 5422 3023 5480 Mwnclteu
3039 5423 3138 5492 auf
3150 5424 3268 5481 dem
3308 5420 3475 5496 Berge

1912 5492 2124 5550 Pelusio
2146 5501 2446 5563 vorgesetzt.

1987 5566 2053 5631 (ις)
2095 5565 2211 5618 Lib.
2240 5561 2284 5625 i,
2313 5579 2399 5632 ep.
2435 5561 2484 5615 5.

1984 5641 2045 5702 (ι)
2076 5634 2193 5688 Lib.
2228 5651 2267 5695 ι,
2294 5648 2380 5702 ep.
2419 5632 2545 5686 216.

1984 5648 2045 5702 (ι)
2076 5648 2193 5688 ιλιι).
2228 5651 2267 5695 ι,
2294 5649 2323 5687 e
2367 5672 2380 5687 .
2419 5648 2545 5686 2H).

1984 5707 2062 5773 (ιι)
2088 5706 2286 5775 Evang.
2328 5648 2614 5775 ἱιιρςθηιν,
2651 5699 2746 5760 ΙΙ..

1984 5772 2054 5848 (ιν)
2083 5774 2209 5835 Lib.
2237 5772 2275 5841 ῐ,
2315 5790 2404 5847 cp.
2438 5772 2562 5835 115.
