3924 6416
366 318 440 384 19
1497 305 2387 384 COMMENTATIONIS'PARS
2422 313 2467 374 ι.
3527 301 3600 367 ao

362 430 615 486 facillime
633 428 836 501 possim
866 430 1117 502 colligere
1138 448 1153 495 ;
1178 428 1270 487 sed
1293 446 1404 486 rem
1425 433 1612 504 paucis
1632 430 1931 487 absolvisse
1958 435 2004 491 Α
2035 426 2092 483 Si
2124 426 2444 495 imperator.
2477 419 2677 491 inquit,
2706 428 2763 474 te
2784 417 2984 489 oppido
3011 416 3079 473 ab
3108 415 3357 472 hostibus
3386 429 3598 471 summa

363 521 535 575 satius
561 521 725 586 duco,-
743 521 923 591 itaque
944 521 1159 593 Evagrii
1186 522 1263 595 (a)
1288 531 1409 577 utar
1422 523 1624 589 verbis,
1642 523 1733 593 qui
1759 537 1930 591 usque

363 613 522 677 adeo,
569 613 765 681 inquit,
808 628 1007 683 corpus
1035 629 1193 668 suum
1235 614 1513 669 laboribus
1562 621 1933 668 maceraverat

368 702 679 773 (Isidorus),
705 711 762 758 et
786 703 1026 758 animum
1058 704 1467 760 sublimioribus
1501 703 1763 759 doctrinis
1790 703 1932 773 sagi-

366 802 613 859 naverat,
665 804 726 849 ut
775 796 1073 867 angelicam
1126 796 1292 851 vitam
1355 805 1556 866 ageret,
1614 803 1671 849 et
1717 794 1931 865 spirans

364 888 612 957 quedam
666 887 842 958 imago
882 896 1027 943 esset
1073 897 1180 943 tam
1229 889 1353 943 vitze
1383 887 1714 953 monasticae,
1767 901 1929 957 quam

365 977 565 1033 divinat
592 977 1087 1048 contemplationis.
1115 1006 1180 1017 -

434 1068 623 1138 Neque
669 1067 845 1123 solum
888 1076 1111 1138 propter
1158 1066 1283 1121 vitae
1318 1068 1682 1133 sanctitatem,
1740 1082 1929 1122 verum

363 1161 530 1216 etiam
552 1168 773 1231 propter
802 1160 1063 1215 doctrinae
1091 1159 1303 1229 copiam
1342 1158 1409 1212 ab
1433 1159 1730 1229 aequalibus
1768 1159 1933 1214 hono-

365 1259 517 1303 ratus
545 1255 646 1312 est,
682 1246 969 1317 magnique
1010 1246 1327 1301 aestimatus.
1358 1246 1572 1305 Etenim
1614 1245 1929 1317 Gregorium

364 1334 668 1406 Nyssenum
712 1333 921 1388 litteras
967 1333 1069 1403 ipsi
1111 1334 1321 1391 misisse
1350 1351 1414 1389 ex
1437 1349 1610 1405 eoque
1639 1336 1929 1406 quamdam

365 1418 581 1475 Veteris
656 1417 991 1475 Testamenti
1056 1421 1560 1492 interpretationem
1615 1425 1930 1494 quaesivisse

366 1510 742 1567 Tillemontius
771 1513 842 1584 (ὁ)
868 1528 934 1567 ex
959 1513 1206 1583 epistola,
1228 1530 1349 1583 qua:
1376 1515 1498 1569 data
1526 1525 1610 1570 est
1635 1516 1701 1571 ad
1724 1515 1930 1588 Grego-

2033 517 2085 572 vi
2114 523 2424 586 oppugnata
2454 511 2812 583 praefecisset,
2841 525 3024 563 nonne
3056 518 3112 563 tu
3157 508 3396 562 hostium
3422 506 3597 576 impe-

2033 618 2147 664 tum
2189 607 2335 662 onmi
2396 605 2557 659 modo
2608 602 2906 673 reprimere
2964 601 3243 657 tentares?
3280 600 3372 653 Sic
3422 614 3523 668 ego
3565 614 3596 652 a

2031 714 2243 755 summo
2293 697 2402 752 Deo
2432 695 2685 749 Ecclesia:
2738 702 3038 764 praeceptor
3086 691 3416 746 constitutus
3466 690 3598 743 Ario

2030 790 2255 858 ejusque
2271 786 2533 841 doctrinae
2553 783 2914 837 resistendum
2938 792 2994 837 ct
3019 781 3318 852 periculum
3344 780 3597 850 quodque

2031 875 2491 934 contemnendum
2523 888 2645 928 esse
2675 873 2931 927 arbitror.
2968 901 3039 913 ——
3081 871 3247 925 Porro
3288 870 3489 924 Heroni
3521 870 3595 936 (It)

2031 966 2355 1023 scholastice
2385 965 2596 1029 scribit,
2641 964 2902 1018 famulum
2950 963 3071 1033 ejus
3111 961 3596 1031 nuperajanitore

2030 1058 2098 1113 ad
2130 1073 2189 1112 se
2210 1057 2456 1121 ductum,
2487 1064 2543 1109 et
2572 1055 2831 1117 humano,
2855 1069 2963 1124 quo
2994 1053 3211 1117 soleret,
3242 1067 3396 1106 more
3438 1066 3597 1105 exce-

2032 1161 2180 1221 ptum
2206 1150 2388 1203 multis
2416 1164 2538 1203 cum
2570 1147 2821 1218 Iacrymis
2853 1146 3188 1216 genibusque
3218 1143 3391 1205 flexis,
3435 1158 3593 1197 suum

2030 1241 2336 1296 confessum
2356 1255 2476 1294 esse
2493 1246 2801 1308 peccatum;
2826 1237 3177 1306 quamobrem
3201 1250 3259 1289 se
3279 1250 3387 1287 non
3412 1249 3591 1303 posse,

2030 1333 2160 1404 quin
2186 1332 2332 1387 hisce.
2348 1330 2542 1385 litteris
2557 1345 2654 1399 pro
2672 1344 2737 1383 eo
2761 1343 2949 1398 preces
2972 1328 3154 1382 faciat.
3170 1357 3237 1367 —
3258 1326 3594 1393 Quibuscum

2029 1426 2371 1484 conferenda:
2422 1433 2550 1479 sunt
2593 1423 2785 1477 litterae
2830 1422 2899 1476 ad
2945 1422 3141 1475 Lucam
3192 1418 3596 1474 Archimandri-

2032 1529 2141 1574 tam
2170 1518 2257 1584 (ι),
2301 1516 2386 1571 cui
2411 1515 2738 1569 monachum
2769 1528 2834 1567 ex
2864 1513 2982 1582 ejus
3011 1512 3336 1565 monasterio
3362 1512 3413 1564 in
3434 1526 3591 1563 sumn

365 1604 507 1658 rium
532 1603 845 1674 episcOpum
877 1604 970 1674 (c),
994 1605 1226 1676 collegit.
1252 1604 1407 1671 Quod
1436 1606 1645 1661 etiamsi
1682 1608 1928 1662 luculen—
2029 1610 2243 1664 venisse
2268 1607 2505 1667 nuntiat.
2535 1605 2795 1675 illumque
2832 1604 3129 1674 supplicem
3154 1618 3183 1656 a
3220 1617 3279 1656 se
3315 1602 3589 1671 petivisse,

366 1705 451 1749 ter
481 1694 840 1750 demonstrari
871 1696 1076 1765 nequit,
1121 1704 1300 1751 tamen
1334 1712 1432 1751 cur
1458 1708 1683 1767 negetur
1710 1714 1924 1753 causam
2031 1712 2093 1756 ut
2124 1701 2287 1755 verba
2336 1714 2432 1769 pro
2480 1712 2558 1761 se,
2608 1696 2699 1766 qui
2750 1696 2869 1751 leve
2912 1694 3181 1765 quoddam
3232 1693 3595 1748 commisisset

365 1786 698 1853 nonrvideo;
722 1787 1022 1857 praesertim
1046 1804 1169 1842 cum
1193 1789 1283 1859 qui
1307 1790 1595 1844 maximam
1623 1790 1678 1844 in
1693 1790 1928 1846 Ecclesia
1959 1780 2001 1835 Β
2029 1805 2329 1864 peccatum,
2359 1792 2581 1846 faceret.
2622 1791 2985 1861 Quapropter,
3016 1788 3089 1842 ita
3133 1788 3279 1841 enim
3315 1787 3511 1857 pergit.
3547 1786 3589 1839 si

368 1877 608 1933 habuere
652 1879 1053 1940 auctoritatem.
1085 1880 1234 1935 velut
1274 1881 1629 1950 Theophilus,
1675 1882 1924 1954 Cyrillus,

365 1966 738 2041 Hermogenes
782 1971 980 2040 aliique
1008 1986 1131 2026 cum
1175 1988 1240 2027 eo
1270 1988 1369 2043 per
1422 1973 1633 2029 litteras
1675 1976 1927 2031 collocuti

362 2060 476 2114 sint
519 2061 619 2132 (ά).
659 2060 887 2116 Constat
920 2062 1059 2117 adeo
1098 2062 1357 2134 Cyrillum
1414 2065 1714 2121 honorifico
1761 2068 1929 2135 patris

362 2152 584 2207 nomine
616 2153 877 2209 Isidorum
898 2168 1122 2209 ornasse
1144 2154 1238 2226 (ι).
1262 2154 1426 2221 Quid,
1443 2157 1587 2225 quod
1610 2173 1673 2212 ex
1701 2158 1928 2227 cpistola

360 2242 431 2297 ad
466 2242 764 2309 Zenonem,
804 2261 966 2315 quam
1003 2246 1106 2300 alia
1143 2247 1428 2301 occasione
1452 2248 1561 2317 jam
1610 2248 1923 2314 attulimus,

362 2333 659 2392 familiares
699 2336 819 2405 ejus
842 2352 927 2402 eo,
967 2352 1075 2407 quo
1103 2337 1283 2393 adhuc
1312 2339 1453 2393 inter
1482 2338 1634 2394 vivos
1660 2339 1761 2394 fuit
1788 2350 1926 2395 tem-

361 2440 516 2497 pore,
547 2442 655 2489 res,
693 2428 893 2497 quibus
926 2442 1059 2482 usus
1089 2437 1235 2494 erat,
1270 2428 1525 2483 habuisse
1558 2440 1928 2485 sacrosanctas

361 2520 578 2590 probari
612 2528 789 2590 potest
814 2520 904 2589 (Γ).
948 2550 1017 2563 --
1037 2518 1169 2585 Qua:
1189 2520 1391 2584 omnia,
1424 2529 1483 2574 ut
1512 2520 1760 2587 equidem
1783 2521 1928 2575 arbi-

360 2620 498 2676 tror,
525 2610 866 2681 perpendens
882 2611 1203 2679 Ephremus
1222 2610 1386 2682 Syrus
1409 2610 1510 2681 (9),
1534 2611 1924 2683 Περίϐλεπτος,

360 2702 461 2762 ait,
494 2701 669 2756 factus
699 2711 803 2767 est,
824 2702 920 2755 καὶ
948 2705 1062 2766 τοῖς
1090 2700 1436 2773 ἀρχιερεῦσιν
1463 2703 1761 2773 αἰδέσιμος.
1796 2702 1928 2769 Quae

361 2793 526 2849 verba
546 2793 803 2849 Schottus
830 2793 1070 2863 quidem,
1102 2794 1177 2848 uti
1196 2794 1307 2865 jam
1333 2808 1365 2848 a
1395 2792 1655 2864 Basnagio
1680 2804 1927 2849 notatum

358 2895 445 2941 est
474 2885 571 2957 (Ii),
600 2900 884 2957 perperam
924 2885 1005 2939 sic
1032 2885 1195 2941 vertit
1220 2903 1233 2940 :
1266 2895 1315 2940 et
1344 2887 1480 2939 inter
1513 2885 1763 2954 prmsules
1801 2886 1927 2939 mu-

359 2979 509 3041 stris,
542 2979 696 3047 quasi
735 2992 879 3031 unus
905 2977 1281 3046 episcoporum
1305 2976 1373 3031 de
1398 2992 1557 3047 grege
1605 2974 1797 3029 fuisset
1824 2974 1924 3028 lsi-

359 3066 549 3122 dorus.
574 3066 684 3133 Sic,
713 3066 888 3136 inquit
920 3066 1030 3129 ille,
1063 3065 1247 3121 Graeca
1277 3066 1425 3121 reddi
1461 3067 1660 3121 debent
1685 3082 1698 3118 :
1728 3073 1778 3118 et
1802 3065 1911 3134 epi-

2028 1884 2081 1938 in
2102 1883 2357 1954 peccandi
2389 1882 2838 1936 consuetudinem
2870 1880 3112 1935 nondum
3144 1878 3312 1943 venit,
3344 1878 3591 1948 ignoscas

2025 1976 2097 2030 ei.
2120 2005 2193 2018 --
2230 1974 2471 2045 Apparet
2497 1983 2677 2027 autem
2711 1989 2778 2028 ex
2811 1982 3038 2043 utraque
3067 1970 3317 2042 cpistola,
3342 1970 3431 2040 qui
3463 1985 3592 2041 pre-

2028 2067 2185 2121 cibus
2211 2065 2398 2120 Isidori
2432 2065 2816 2120 monasterium
2844 2064 3077 2127 adirent,
3101 2078 3194 2116 eos
3220 2062 3285 2115 ad
3309 2062 3453 2117 hunc
3471 2076 3592 2115 esse

2027 2159 2307 2212 adductos.
2348 2158 2481 2211 Nam
2505 2157 2547 2210 si
2579 2155 2701 2224 quis
2732 2154 3003 2223 conjicere
3052 2153 3183 2207 velit
3234 2152 3507 2207 Heronem
3536 2160 3593 2206 et

2026 2248 2226 2303 Lucam
2260 2247 2514 2301 habuisse
2537 2262 2660 2300 cum
2692 2245 2898 2299 Isidoro
2924 2242 3216 2297 amicitiam
3236 2281 3251 2306 ,
3273 2241 3439 2311 quod,
3466 2256 3589 2295 cum

2026 2339 2314 2394 scivissem
2342 2338 2552 2408 fugitivi
2597 2337 2694 2400 illi,
2738 2352 2770 2390 a
2809 2334 3063 2405 janitore,
3098 2342 3157 2387 ut
3203 2334 3272 2388 ad
3322 2332 3590 2387 Isidorum

2027 2430 2427 2485 adducerentur
2457 2420 2807 2498 petivissent;
2846 2426 2937 2481 hic
2977 2425 3099 2495 jure
3138 2425 3193 2479 in
3226 2423 3589 2494 suspicionem

2026 2522 2255 2576 nimium
2286 2520 2587 2576 dubitantis
2618 2519 2942 2582 incurreret,
2976 2516 3277 2587 praesertim
3311 2530 3434 2569 cum
3464 2513 3594 2569 huic

2028 2611 2311 2681 liypotliesi
2350 2609 2570 2664 obstent
2598 2607 2763 2662 verba
2792 2607 2847 2661 in
2891 2605 3119 2676 epistola
3148 2604 3215 2660 ad
3260 2604 3531 2658 Heronem
3574 2620 3589 2659 :

2037 2702 2125 2765 Ὠς
2151 2702 2206 2755 δὲ
2222 2701 2411 2772 ἑτοίμη
2435 2703 2467 2771 ἡ
2487 2699 2727 2772 ἡμετέρα
2749 2698 3007 2771 συνήθεια
3028 2698 3234 2761 πάντας
3253 2695 3394 2749 οἴκοι
3424 2712 3593 2767 προσ-

2030 2791 2222 2857 ίεσθαι,
2254 2809 2309 2846 κ.
2337 2808 2389 2844 τ.
2414 2791 2464 2845 λ.

2096 2882 2227 2949 Quae
2265 2882 2448 2937 omnia
2501 2882 2545 2937 si
2590 2880 2687 2936 tibi
2747 2895 2857 2936 non
2900 2887 3289 2950 persuaserunt
3325 2876 3590 2932 Isidorum

2027 2974 2208 3045 aliquo
2242 2974 2488 3029 functum
2520 2974 2687 3029 fuisse
2732 2988 2981 3038 munere,
3016 2972 3162 3044 legas
3191 2987 3326 3041 quas
3372 2970 3594 3040 scripsit

2029 3066 2120 3121 ille
2147 3066 2215 3121 ad
2260 3066 2622 3135 Lampetinm,
2654 3064 2720 3119 ad
2758 3064 2959 3119 Pelusii
2990 3063 3287 3119 monachos
3325 3073 3381 3118 et
3400 3063 3469 3117 ad
3496 3061 3593 3116 Di-

357 3160 529 3229 scopis
562 3122 905 3215 venerandus.
940 3122 1338 3229 —.Episcopali
1362 3158 1522 3230 igitur
1549 3122 1916 3228 dignitate'p')
1947 3122 1990 3181 α
2021 3157 2240 3228 dymum
2275 3122 2648 3229 presbyterum
2679 3156 2958 3225 epistolas.
2985 3154 3193 3221 Quibus
3225 3154 3485 3225 perlectis
3524 3154 3594 3209 de

359 3268 471 3310 non
503 3263 729 3308 ornatus
757 3251 888 3319 fuit;
940 3260 1179 3306 attamen
1233 3266 1358 3305 eum
1410 3264 1637 3304 munere
1688 3248 1923 3317 quodam
2022 3245 2126 3300 hac
2179 3261 2238 3300 re
2283 3246 2487 3300 diutius
2522 3245 2575 3300 in
2609 3247 2772 3301 dubio
2806 3260 2916 3299 non
2952 3246 3282 3302 versaberis.
3311 3244 3594 3315 Lampetio

360 3344 559 3400 illustri
588 3343 834 3399 functum
859 3342 1049 3405 fuisse,
1070 3351 1127 3397 et
1155 3342 1325 3412 ipsius
1346 3342 1591 3411 epistolis
1605 3350 1660 3395 et
1678 3350 1924 3395 veterum
2024 3336 2173 3391 enim
2211 3336 2508 3399 neminem,
2534 3337 2627 3406 qui
2653 3337 2704 3390 in
2738 3352 2837 3390 suo
2881 3336 2952 3390 sit
2994 3335 3345 3401 monasterio,
3368 3351 3493 3389 cum
3525 3350 3595 3390 eo

357 3432 684 3501 scriptorum
727 3431 1051 3486 testimoniis
1089 3430 1144 3484 in
1188 3440 1442 3500 promptu
1486 3440 1570 3485 est
1610 3430 1922 3485 ostendere.

360 3521 437 3577 Ex
471 3522 575 3577 illis
607 3519 755 3575 enim
778 3530 1003 3590 apparet
1026 3535 1149 3574 eum
1180 3519 1569 3578 monachorum
1618 3519 1767 3590 gregi
1810 3534 1921 3572 non

358 3612 528 3671 fuisse
554 3612 869 3684 ascriptum.
888 3611 1024 3666 Nam
1045 3611 1100 3665 in
1122 3610 1347 3681 epistola
1367 3611 1435 3667 ad
1462 3610 1784 3667 Therasium
1820 3610 1921 3681 (j),

432 3771 509 3843 (a)
547 3772 758 3843 Evagrii
795 3771 980 3843 verba,
1004 3801 1076 3843 έ-
1113 3769 1575 3843 cf._ejnsd.__l_lisl.
1603 3771 1725 3824 eccl.
1763 3770 1853 3843 lib.
1880 3786 1922 3843 ἰ,

357 3838 595 3913 «p.15.
622 3838 1107 3913 étraitscripsisse
1127 3841 1341 3913 videtur
1396 3838 1749 3909 Nicephorius.
1775 3840 1924 3894 Scri-

360 3910 441 3968 bit
477 3914 629 3979 enim,
651 3912 705 3965 in
754 3912 889 3965 Hist.
921 3928 1017 3963 sua
1047 3912 1170 3964 ρει-ι.
1214 3910 1306 3963 lib.
1339 3926 1447 3973 xlv,
1479 3928 1597 3979 cap.
1625 3913 1712 3973 55,
1758 3912 1868 3965 lucc
1906 3928 1920 3964 :

370 3983 432 4036 Ὀ
465 3983 563 4049 μὲν
586 3978 678 4035 οὖν
712 3981 851 4043 Gaio;
899 3981 1186 4049 Ἰσίδωρος,
1234 3981 1292 4045 ἐξ
1343 3979 1422 4032 ἔτι
1454 3978 1571 4033 νέοι)
1607 3984 1718 4043 τοῖς
1746 3981 1917 4048 ἀσκη-

362 4056 531 4116 τικοίς
572 4052 713 4105 οὕτω
770 4051 953 4111 πόνοις
995 4051 1270 4119 ὲνίδρωσε,
1302 4051 1396 4101 καὶ
1426 4050 1523 4119 τὴν
1574 4050 1751 4119 σάρκα
1791 4067 1920 4102 κατ-

359 4123 541 4193 έτηξε,
560 4122 657 4193 τὴν
678 4120 855 4193 ψυχὴν
873 4122 982 4183 τοῖς
1000 4121 1357 4193 ἀναγωγιδςοζς
1378 4122 1574 4193 «atavo;
1590 4121 1697 4193 τῷν
1724 4120 1916 4193 Mysos),

358 4189 1048 4292 gs'dnsltxbv;&:tt'xpu;
1093 4189 1368 4270 μετελθεῖν
1399 4189 1543 4258 βίον·
1578 4191 1671 4272 θεαὶ
1711 4189 1918 4292 sti]qu

360 4259 544 4326 ζῶσάν
586 4278 645 4315 τε
681 4262 775 4314 καὶ
817 4259 1057 4329 ἔμψυχον
1089 4260 1189 4325 τῆς
1214 4275 1309 4329 ίτε
1338 4260 1665 4329 μοναστικῆς
1711 4259 1918 4328 διαίτης

360 4334 457 4386 καὶ
478 4331 577 4399 τῆς
607 4334 685 4395 εἰς
709 4327 1126 4398 Θεὺνϐεωρίας.
1158 4328 1240 4383 (2f.
1272 4327 1485 4383 Tillem.
1520 4330 1556 4383 Ι.
1587 4327 1638 4383 c.
1670 4345 1724 4399 p.
1756 4330 1844 4383 98.

435 4402 507 4469 (ὁ)
536 4400 745 4456 Tillem.
778 4400 812 4454 l.
848 4416 886 4461 ι,
918 4415 970 4463 p.
999 4400 1085 4455 97.

435 4477 507 4539 (ο)
543 4471 660 4525 Lib.
693 4487 730 4533 1,
758 4485 845 4538 ep.
877 4469 996 4529 ηδ.

438 4536 515 4611 (Α)
550 4542 665 4594 Lib.
704 4555 761 4611 ι,
790 4536 885 4611 ξι».
941 4539 1065 4601 ⁸510,
1094 4536 1493 4611 κερηζιὶὅςλ-Ιίδτ
1526 4552 1593 4611 ιι,
1646 4550 1767 4611 ep._
1795 4536 1920 4611 208,

360 4607 597 4681 ep.209.
619 4626 708 4679 ep.
737 4609 987 4681 2I0,ep.
1011 4607 1289 4681 2185—5}
1314 4607 1431 4660 aliis
1445 4608 1685 4674 ejusdem
1720 4607 1817 4681 viri
1846 4608 1926 4659 lit-

364 4677 497 4736 ﬁris
560 4677 803 4733 videmus
867 4680 1160 4746 Cyrillum,
1223 4677 1613 4745 Hermogenem
1685 4678 1926 4743 aliosque

365 4750 734 4816 rescripsisse.
765 4746 850 4801 (2f.
879 4750 969 4804 lib.
1001 4766 1041 4813 I,
1074 4765 1162 4819 ep.
1199 4748 1325 4811 570,
1384 4746 1477 4801 lib.
1538 4762 1598 4813 ιι,
1654 4763 1741 4817 cp.
1806 4749 1924 4813 I59,

363 4836 456 4890 cp.
488 4821 612 4881 262,
651 4830 757 4873 etc.
790 4847 854 4857 —

441 4891 510 4958 (ο)
542 4890 659 4947 Lib.
703 4905 740 4943 I.
788 4904 875 4958 ep.
908 4888 1032 4942 570.
1063 4918 1133 4928 —
1161 4886 1270 4941 εἴτε
1306 4887 1435 4958 γὰρ-
1458 4888 1640 4958 πατήρ
1686 4888 1821 4958 εἰμι,
1852 4886 1927 4958 ᾡς

367 4955 600 5029 £91K—
642 4958 775 5013 Cod.
810 4955 934 5029 Dav.
966 4958 1042 5021 ὡς
1073 4957 1177 5029 φὴς
1214 4955 1683 5029 -Αστῦτρςηδέδια
1715 4975 1765 5011 τ.
1807 4957 1925 5029 "HR.

366 5024 437 5069 -4
460 5024 627 5087 Ἰιίαη
670 5030 831 5084 tradit
870 5024 1177 5090 Facundus,
1215 5026 1306 5096 qui
1343 5026 1395 5079 in
1421 5024 1727 5096 Defensioue
1772 5026 1927 5078 nium

364 5097 749 5164 Capiudormn,
780 5098 1033 5161 Isidorus,
1068 5095 1347 5165 inquiI’,—
1370 5095 1461 5164 qui
1491 5097 1651 5148 etiam
1682 5112 1779 5165 pro
1808 5096 1930 5149 vitae

366 5187 433 5221 ac
464 5167 740 5236 sapientiae
774 5183 885 5221 sua:
916 5168 1140 5232 meritis,
1192 5176 1251 5220 ut
1281 5173 1433 5236 pater
1461 5165 1531 5236 ab
1576 5166 1692 5236 ipso
1730 5166 1930 5236 Cyrillo

365 5248 425 5293 et
456 5234 751 5298 honoratus
779 5247 881 5297 est.
913 5248 967 5290 et
990 5250 1229 5291 vocatus.
1262 5234 1329 5275 -'—
1363 5234 1600 5289 Cf.hIax.
1625 5234 1787 5289 Bibl.’
1811 5234 1926 5289 νγ.

373 5306 635 5367 Pl’.tom.
660 5307 725 5371 Χ,
754 5324 807 5376 p.
842 5307 927 5360 18.

445 5378 511 5444 (ἵ)
530 5378 648 5436 Lib.
680 5394 717 5438 ι,
747 5372 835 5446 ἐι).
858 5376 982 5446 216,
1008 5405 1058 5446 ῖ
1100 5374 1223 5428 εἰδὲ
1251 5373 1347 5446 καὶ
1368 5373 1682 5446 toﬁsovisc.
1709 5372 1929 5446 χιτῷνα)

445 5417 648 5444 ιυμινο
681 5417 717 5438 ις
747 5417 835 5446 vro
863 5417 961 5431 --υ
1100 5417 1148 5426 --
1169 5417 1223 5428 ν-
1254 5417 1346 5431 ’νυ--
1377 5417 1549 5427 *νιν-ν-
1586 5417 1682 5431 ι--ν-
1709 5417 1926 5441 Α---ντ-ι

368 5478 443 5489 —
463 5446 594 5500 Ritt.
628 5448 850 5500 τοῦτων.
877 5417 1008 5500 Cod.
1030 5444 1157 5497 Bav.
1182 5444 1341 5496 τοῦτο
1364 5473 1433 5482 -
1463 5442 1674 5504 μέλλοις
1704 5474 1773 5481 ——
1795 5442 1926 5498 Cod.

372 5518 481 5571 ΑΙι.
519 5517 817 5585 μέλλεις-
843 5516 917 5578 ὡς
950 5516 1016 5568 τὰ
1034 5514 1141 5566 τῶν
1164 5544 1234 5555 -—
1258 5513 1347 5566 Sic
1379 5510 1535 5585 codd.
1569 5510 1680 5585 Vat.
1714 5514 1835 5585 649,
1878 5526 1933 5568 et

372 5588 484 5643 Mt.
518 5583 677 5650 vulgo
696 5586 857 5638 τινῶν
884 5618 949 5627 --
972 5586 1141 5650 ἁγίων
1179 5586 1388 5653 τηρεῖν.
1416 5583 1517 5649 ἐμὲ
1538 5584 1663 5653 ΔΑμὲν
1698 5585 1777 5645 εἰς
1796 5583 1930 5637 ἀπό-

370 5656 1173 5732 γνωσιννῲθήσεις--ῖβοιιί-ᾼμ
1194 5651 1408 5732 ὡθησας
1432 5682 1500 5732 —_
1522 5651 1739 5732 Eleum;
1763 5654 1933 5732 ligau-

372 5722 453 5805 ίῷ
484 5758 548 5767 -—-
574 5722 856 5783 Sic-codd.
892 5727 1007 5783 Vat.
1040 5726 1161 5791 519,
1194 5734 1245 5779 et
1277 5722 1382 5779 Alt.
1414 5722 1554 5795 vulg.
1594 5722 1829 5793 ἐμαυτοῦ
1863 5754 1930 5769 η

2031 3428 2077 3482 si
2110 3428 2278 3481 Manis
2310 3436 2366 3482 et
2397 3427 2685 3482 Marcionis
2714 3442 2923 3481 morem
2964 3435 3222 3496 sequatur
3244 3428 3429 3481 cibum
3472 3440 3596 3480 esse

2032 3528 2395 3588 sumpturum,
2437 3519 2725 3573 annuntiat
2768 3518 2979 3589 (m).—
3012 3518 3302 3574 Monachos
3330 3534 3477 3583 vero,
3525 3518 3594 3573 de

2028 3611 2225 3680 quibus
2271 3610 2428 3665 multi
2491 3612 2662 3667 multa
2704 3610 2883 3682 questi
2937 3610 3161 3666 fuerunt
3219 3610 3589 3682 reprehendit,

2026 3770 2125 3839 τὴν
2183 3770 2487 3839 συνείδησιν
2520 3769 2757 3842 ἔχοντα)
2808 3770 2968 3826 πάλιν
3018 3770 3076 3824 δὲ
3122 3769 3382 3842 πέμψας,
3432 3771 3594 3826 πάλιν

2027 3842 2297 3904 αἰτήσειςο
2323 3842 2485 3910 ἡμεῖς
2513 3840 2569 3893 δὲ
2582 3840 2649 3893 οὐ
2671 3840 2933 3909 δώσομεν.
2965 3873 3036 3885 —-

2098 3909 2359 3964 Praeterea
2410 3911 2706 3965 notandum
2755 3920 2840 3965 est
2878 3910 3141 3967 Isidorum
3192 3909 3520 3964 Pelusiotam
3562 3928 3592 3966 a

2024 3979 2209 4034 Graeca
2234 3989 2289 4032 et
2314 3980 2499 4033 Latina
2529 3979 2767 4035 Ecclesia
2801 3982 2942 4035 inter
2967 3990 3184 4036 sanctos
3210 3982 3457 4045 relatum,
3489 3998 3589 4034 ne-

2024 4066 2129 4117 que
2162 4052 2229 4104 ab
2259 4050 2503 4103 Usnardo
2556 4050 2609 4102 in
2660 4061 2961 4105 sanctorum
3019 4051 3270 4120 Catalogo
3323 4052 3588 4105 omissum

2024 4135 2164 4173 esse.
2202 4150 2271 4160 --
2297 4120 2509 4188 Scripta
2538 4136 2689 4179 vero.
2718 4137 2837 4189 quze
2872 4122 2975 4175 huc
3005 4122 3297 4190 pertinent,
3339 4130 3590 4176 accurate

2025 4190 2248 4314 collfgga
2313 4200 2440 4244 sunt
2494 4190 2550 4244 in
2605 4190 2746 4244 Actis
2789 4189 3106 4245 Sanctorum
3174 4205 3350 4246 mens.
3404 4190 3587 4259 Febr.,

2027 4275 2078 4314 ο.
2224 4300 2237 4312 .

2024 4275 2078 4329 ρ’
2098 4275 2370 4398 (iiiis...
2404 4328 2543 4385 Bibl.
2573 4330 2695 4384 cod.
2726 4329 3052 4385 ccxxvm.

1957 4384 2002 4439 D
2034 4468 2077 4471 η
2102 4384 2426 4468 ὶ7ι’)Βδειι³ε.
2458 4384 2595 4454 Ann.
2630 4400 2775 4469 polit.
2809 4384 2973 4465 εδει,
3001 4384 3133 4456 tom.
3161 4398 3251 4469 III,
3281 4415 3337 4471 p.
3368 4400 3492 4457 519.
3523 4430 3594 4443 —-

2034 4468 2337 4523 Heumann.
2375 4471 2427 4523 d.
2460 4485 2531 4526 c..
2560 4485 2613 4537 p.
2639 4473 2693 4531 5,
2727 4479 2838 4523 not.
2872 4486 2919 4523 c.
2952 4501 3021 4512 —

2100 4540 2162 4605 (i)
2197 4539 2251 4591 In
2296 4540 3213 4609 catalogolibrorumimpressorum
3244 4539 3592 4596 Bibliotheca!

2029 4609 2189 4680 regiae
2214 4609 2552 4680 Parisicnsis,
2596 4626 2647 4678 p.
2687 4627 2721 4663 ι.
2761 4610 2821 4662 tl.
2858 4625 2911 4661 n.
2942 4611 3065 4672 929,
3108 4626 3229 4680 pag.
3256 4612 3594 4680 595,7exstat

2030 4678 2150 4730 libri
2188 4678 2394 4748 titulus,
2434 4695 2496 4732 ex
2547 4696 2672 4747 quo,
2719 4688 2991 4733 auctorem
3050 4678 3287 4748 putaése,
3330 4679 3589 4734 lsidorum

2032 4760 2274 4819 nostrum
2311 4747 2503 4801 Pelusii
2538 4749 2702 4801 fuisse
2721 4747 3062 4817 episcopum,
3085 4750 3456 4819 consequitur.
3494 4751 3593 4805 Est

2032 4828 2211 4889 autent
2261 4818 2348 4870 llic
2382 4836 2395 4871 :
2538 4818 2737 4871 combat
2771 4819 2857 4870 de:
2887 4820 3172 4889 (.hréticns,
3204 4818 3281 4873 oui
3305 4820 3367 4889 ia
3407 4838 3592 4889 giwrre

2032 4888 2101 4939 du
2128 4888 2232 4939 vice
2262 4896 2308 4943 et
2339 4889 2400 4941 de
2431 4888 2482 4940 la
2513 4898 2677 4949 verm,
2708 4889 2904 4942 traduit
2929 4890 2998 4940 du
3028 4888 3180 4945 Latin
3207 4890 3272 4943 de
3297 4887 3354 4943 S.
3387 4887 3593 4945 Isidore

2033 4957 2384 5026 Archeveque
2405 4959 2471 5011 dc
2501 4958 2716 5013 Séville.
2757 4966 2812 5009 et
2842 4958 2890 5011 la
2918 4958 3013 5011 Vie
3042 4958 3113 5010 du
3146 4960 3319 5012 meme
3344 4959 3499 5013 Saint
3522 4990 3593 4999 —

2034 5042 2164 5080 avec
2194 5027 2270 5083 les
2301 5028 2483 5081 lettres
2526 5029 2592 5081 de
2622 5026 2677 5080 S.
2710 5027 2913 5081 Isidore
2968 5027 3175 5095 échue
3213 5029 3279 5081 de
3328 5028 3590 5093 Ilainictc,

2038 5097 2297 5167 Iraduitcs
2324 5113 2387 5151 en
2423 5097 2669 5161 francais.
2696 5095 2869 5167 Paris,
2905 5098 3057 5157 I676,
3091 5097 3145 5149 in
3173 5097 3257 5151 η.
3292 5096 3472 5167 Ipsum
3496 5116 3593 5153 au-

2038 5176 2141 5219 tem
2182 5166 2378 5221 librum
2408 5166 2725 5235 inspiciendi
2751 5166 2934 5223 deerat
2959 5169 3191 5223 occasio.
3232 5197 3300 5208 —

2106 5236 2168 5305 (Ι)
2213 5236 2324 5287 Lib.
2362 5254 2399 5299 ι,
2429 5252 2513 5305 cp.
2540 5238 2660 5289 589.

2108 5306 2178 5369 (ιε)
2213 5306 2325 5358 Lib.
2357 5323 2393 5369 t,
2426 5323 2511 5374 ep.
2546 5307 2664 5361 149..

2109 5376 2167 5445 (Ι)
2201 5375 2316 5428 Lib.
2347 5392 2382 5437 I,
2416 5393 2501 5445 ep.
2528 5378 2649 5430 5I8.

2107 5448 2201 5513 (ml
2233 5446 2347 5497 Lib.
2409 5462 2442 5509 ι,
2486 5462 2571 5514 ep.
2615 5446 2700 5498 52.
2734 5445 2934 5507 Graeca,
2996 5462 3114 5514 qua!
3166 5447 3272 5500 huc
3318 5446 3593 5515 pertinent

2037 5517 2225 5587 verba.
2256 5516 2368 5587 haec
2396 5526 2533 5587 sunt
2566 5534 2576 5567 :
2619 5544 2677 5553 —
2716 5516 2763 5565 εἰ
2877 5516 2975 5582 τῆς
3019 5516 3309 5587 βδελυκτῆς
3352 5546 3417 5555 -—
3450 5518 3587 5571 Cod.

2039 5586 2146 5639 Alt.
2178 5585 2432 5656 βδελμρᾶς
2476 5617 2540 5624 —-
2571 5586 2866 5653 Μανιχαίου
2897 5587 2990 5638 καὶ
3020 5585 3357 5656 ήΜαρκίωνος
3387 5588 3588 5654 τυγχά-

2037 5672 2149 5716 νεις
2183 5655 2420 5722 μερίδος,
2461 5656 2633 5716 οὐδείς
2667 5673 2747 5707 σοι
2785 5656 2884 5723 τῆς
2930 5655 3200 5724 ἡμετέρας
3261 5659 3585 5723 συστήσεται

2041 5724 2276 5796 μάνδραις
2308 5756 2371 5765 --
2404 5725 2649 5784 Profecto
2674 5736 2851 5783 autem
2877 5742 2973 5795 pro
3007 5730 3323 5792 συστήσεται
3352 5726 3433 5779 vel
3463 5742 3586 5778 συσο
