3924 6416
234 254 296 321 21
1449 265 1621 325 νιΤΑ
1660 264 1951 325 [SIDORI
1989 263 2247 325 PELUS.
2324 306 2353 347 _»
3398 259 3469 323 22

234 366 398 433 iisque
442 364 686 420 dedant
716 380 776 421 se
804 377 901 422 eos
937 366 1145 423 hortari
1167 368 1305 424 velle
1326 370 1569 439 quotidie
1602 371 1796 442 (a).i——
1830 378 1869 430 Α
1900 384 2009 424 non
2055 370 2357 424 dubitarem
2380 410 2397 439 ι
2437 366 2539 421 nisi
2572 366 2756 437 Lupus
2783 377 3017 421 veterem
3066 366 3265 429 istum,
3303 382 3465 436 quem

232 455 466 525 Denique
500 455 725 528 Didymo
742 458 798 511 in
824 459 1052 529 epistola
1079 459 1147 514 ad
1179 459 1326 515 hunc
1372 461 1498 516 data
1529 461 1798 531 promittit

232 564 307 609 se,
330 548 373 602 si
407 563 534 616 quae
574 549 822 605 homines
845 551 1066 621 quidam
1095 553 1163 607 ad
1191 568 1250 607 se
1281 552 1350 608 de
1377 568 1445 608 eo
1475 554 1798 609 detulissent

232 639 353 693 falsa
388 641 798 708 invenirentur,
823 643 924 698 hos
950 643 1019 698 ad
1048 646 1431 699 necessitatem
1453 646 1554 716 ipsi
1582 647 1793 701 satisfa-

230 728 398 785 ciendi
429 730 782 797 adacturum,
825 740 881 787 et
908 748 1018 787 non
1053 733 1372 789 obedientes
1418 748 1448 788 a
1492 742 1637 789 coetu
1672 750 1796 790 esse

228 830 531 873 amaturum
568 819 670 889 (bi.
696 853 767 863 —

290 909 701 979 inquirentibus
719 922 898 967 autem
928 912 1087 967 nobis
1108 914 1269 984 paulo
1291 917 1596 968 accuratius
1625 914 1796 982 quod-

226 1016 341 1054 nam
372 1017 579 1057 munus
611 1004 963 1071 sustinuerit,
999 1005 1360 1061 examinanda
1390 1015 1516 1060 sunt
1547 1014 1791 1061 veterum

227 1090 540 1161 scriptorum
568 1093 640 1146 de
669 1093 771 1148 hac
814 1110 873 1148 re
911 1095 1217 1149 testimonia
1237 1138 1250 1159 ,
1284 1096 1511 1165 quibus,
1551 1105 1609 1149 ut
1638 1094 1792 1164 equi-

224 1185 334 1237 dem
364 1183 626 1248 arbitror,
679 1184 939 1239 lsidorum
981 1186 1298 1241 monasterii
1330 1187 1412 1241 sui
1454 1187 1622 1241 fuisse
1652 1202 1791 1256 prae-

224 1273 409 1328 lectum
448 1274 617 1343 plane
647 1276 861 1345 probari
888 1286 1087 1346 potest.
1115 1278 1249 1331 Nam
1282 1278 1381 1333 etsi
1409 1278 1788 1332 auctoritatem

224 1364 524 1434 Nieephori,
561 1381 675 1419 una
701 1382 825 1420 cum
862 1364 1180 1421 lleumanno
1210 1369 1304 1436 (ιε),
1334 1367 1635 1437 praesertim
1665 1381 1790 1421 cum

223 1454 345 1508 illius
383 1455 556 1511 verba
601 1456 826 1510 dubiam
859 1457 1092 1511 habeant
1128 1456 1631 1526 interpretationem
1671 1458 1745 1528 (ά)
1772 1498 1788 1522 ,

223 1548 350 1616 parvi
385 1548 625 1603 facimus
649 1590 664 1613 ,
696 1556 879 1602 tamen
922 1558 1106 1602 nostra
1141 1558 1248 1602 stat
1293 1548 1584 1602 sententia.
1620 1547 1788 1601 Nam-

221 1651 311 1707 que
344 1640 411 1706 (ε)
448 1637 787 1693 Sirmondus
815 1640 1069 1711 anonymi
1121 1639 1292 1694 refert
1321 1641 1487 1693 verba
1535 1655 1565 1693 e
1604 1647 1788 1693 vetere

1900 458 2223 511 Sirmondus
2253 457 2473 521 laudat,
2502 455 2928 525 manuscriptum
2949 496 2963 519 ,
2992 455 3061 509 ab
3094 471 3189 517 eo,
3221 471 3329 525 quo
3354 456 3468 526 ipse

1898 565 2028 603 usus
2058 550 2161 613 sit,
2193 549 2469 603 diversum
2499 563 2617 602 esse
2647 547 2956 602 aﬂirmaret.
2993 548 3233 614 Etenim,
3262 548 3465 616 inquit,

1895 642 2059 696 latina
2106 641 2386 695 translatio
2434 656 2542 693 non
2592 650 2677 694 est
2714 648 2973 709 concepta
3018 640 3208 694 iisdem
3263 640 3463 695 verbis.

1897 732 1961 787 Et
1991 749 2230 804 przesens
2264 742 2451 787 noster
2492 733 2659 787 codex
2691 747 2798 785 non
2848 731 3067 786 adducit
3102 747 3327 796 omnes,
3370 733 3467 786 sed

1894 824 2234 879 solummodo
2260 824 2517 893 quasdam
2549 823 2615 877 ad
2640 822 2869 877 Nestorii
2904 823 3121 893 negotia
3157 831 3467 892 spectantes

1894 912 1950 968 S.
1997 912 2185 967 lsidori
2236 912 2511 982 epistolas.
2549 912 2614 966 Et
2648 912 2821 966 nostri
2859 912 3064 967 codicis
3096 912 3342 967 scholion
3381 920 3465 966 est

1892 1002 2113 1073 largius.
2138 1033 2207 1045 —
2237 1003 2367 1057 Utut
2405 1003 2518 1057 inec
2546 1002 2673 1068 sint,
2705 1002 2756 1057 id
2786 1012 2991 1057 certum
3028 1012 3129 1065 est,
3163 1002 3424 1060 lrcnarum
3444 1042 3461 1065 ,

1894 1094 2082 1149 lsidori
2131 1095 2392 1164 aequalem
2417 1136 2431 1159 ,
2460 1095 2609 1152 hunc
2653 1095 2903 1149 abbatem
2936 1094 3254 1164 appellasse.
3294 1092 3466 1163 Hujus

1892 1186 2213 1241 auctoritate
2234 1201 2423 1241 omnes
2452 1187 2564 1243 fere
2586 1186 2677 1256 qui
2702 1187 2841 1241 hanc
2866 1202 2978 1240 rem
3007 1187 3304 1257 tetigerunt
3361 1186 3462 1242 viri

1891 1277 2054 1336 docti.
2081 1277 2227 1331 velut
2250 1277 2566 1331 Sirmondus
2594 1279 2670 1345 (In)
2692 1318 2707 1341 ,
2737 1277 2920 1331 Sixtus
2947 1275 3206 1329 Senensis
3232 1274 3316 1345 (i),
3352 1273 3463 1331 Lu—

1892 1384 1993 1438 pus
2016 1368 2101 1438 (j).
2134 1369 2326 1439 Pagius
2353 1367 2450 1437 (k).
2478 1368 2771 1437 Basnagius
2801 1366 2885 1435 (ι),
2919 1366 3303 1420 Tillemontius
3340 1365 3459 1436 (nt),

1890 1457 2190 1513 Ceillierius
2219 1460 2316 1529 (η),
2345 1458 2623 1513 Graveson
2656 1457 2727 1526 (ο)
2756 1498 2770 1522 ,
2827 1455 3085 1510 Ileinsius
3115 1454 3215 1526 (p),
3262 1452 3461 1507 Amol-

1890 1551 1990 1605 dus
2018 1551 2111 1620 (q),
2144 1549 2335 1604 Saxius
2366 1548 2458 1618 (r),
2490 1548 2874 1603 Weismannus
2903 1546 2970 1617 (ε)
2992 1588 3005 1611 ,
3044 1553 3100 1601 et
3135 1544 3461 1600 Rosenmul-

1890 1640 2035 1695 lerus
2069 1641 2129 1711 (ι)
2170 1640 2434 1694 lsidorum
2469 1637 2782 1693 monasterii
2822 1638 2906 1692 sui
2944 1636 3261 1707 praefectum
3292 1634 3463 1689 fuisse

223 1728 579 1797 manuscripto
611 1707 1105 1799 depromptaaqure
1154 1729 1235 1784 sic
1287 1745 1345 1784 se
1378 1730 1625 1784 habent:
1676 1729 1787 1784 Has
1820 1707 1860 1761 Β
1891 1707 2237 1783 arbitrantur.
2289 1728 2489 1783 Contra
2534 1743 2672 1798 quos
2717 1742 2908 1782 omnes
2956 1727 3129 1798 surgit
3182 1725 3461 1781 Heuman-

224 1833 378 1870 mes
426 1819 569 1872 beati
606 1817 807 1873 Isidori
844 1820 1130 1889 presbyteri
1165 1828 1213 1873 et
1261 1819 1466 1872 abbatis
1512 1818 1790 1873 Pelusiotae

224 1908 434 1960 τρίεπηί
461 1918 511 1961 et
543 1909 801 1963 transtuli
835 1926 898 1963 ea:
922 1910 1149 1979 epistolis
1174 1910 1287 1979 ejus
1316 1910 1512 1964 duobus
1535 1910 1787 1974 millibus,

220 2015 319 2069 qua:
359 2009 476 2051 sunt
522 2015 628 2068 per
652 2002 961 2071 quingentas
999 2001 1292 2055 distributae
1334 2001 1387 2053 in
1425 2002 1791 2056 Acaemetensis

222 2091 504 2144 monasterii
534 2092 808 2146 codicibus
835 2094 1197 2147 vetustissimis
1222 2102 1467 2161 quatuor.
1497 2090 1627 2158 Quae
1654 2108 1790 2163 pau-

222 2181 290 2234 cis
336 2182 556 2236 mutatis
606 2190 665 2236 et
713 2182 911 2238 additis
948 2184 1281 2238 verbotenus
1333 2184 1684 2253 reperiuntur
1733 2183 1788 2238 in

223 2272 470 2325 rariorum
506 2272 742 2328 Patrum
776 2274 1020 2344 epistolis
1059 2291 1088 2329 a
1136 2274 1447 2329 Christiano
1480 2273 1633 2344 Lupo
1675 2274 1787 2344 pri-

222 2377 347 2414 mum
376 2362 540 2416 editis
568 2363 665 2433 (ι’),
702 2363 757 2417 ἰιι
800 2364 998 2433 quibus
1028 2365 1145 2418 haec
1185 2373 1406 2419 exstant
1446 2364 1631 2418 iremei
1683 2364 1789 2433 Ty-

225 2452 413 2505 rionum
445 2454 819 2524 metropolitte
840 2455 1001 2509 verba
1026 2473 1039 2509 :
1071 2453 1184 2507 Has
1215 2470 1391 2507 omnes
1417 2454 1554 2507 beati
1575 2453 1785 2517 Isidori,

224 2544 480 2611 presbyteri
527 2553 583 2598 et
621 2544 828 2597 abbatis
869 2543 1150 2598 Pelusiotae
1179 2544 1412 2612 επενρεὶ
1456 2552 1505 2597 et
1537 2544 1787 2597 transtuli

225 2649 279 2686 ex
309 2634 530 2703 epistolis
558 2635 684 2703 ejus
708 2635 909 2689 duobus
946 2635 1197 2699 millibus,
1225 2650 1341 2704 qua:
1360 2644 1479 2688 sunt
1512 2651 1606 2702 per
1632 2636 1787 2705 quin-

224 2735 445 2795 gentenas
472 2728 781 2782 distributa:
811 2729 869 2781 in
895 2727 1257 2781 Acwmetensis
1300 2727 1606 2780 monasterii
1643 2728 1786 2780 codi-

224 2817 348 2871 cibus
392 2830 650 2889 quatuor.
694 2820 786 2875 Ubi
837 2820 996 2873 etiam
1035 2837 1127 2889 per
1170 2820 1406 2873 ordinem
1456 2818 1789 2888 singularum

228 2925 447 2963 numerus
466 2910 793 2964 continetur.
829 2911 892 2964 Et
926 2911 1114 2964 ultima
1142 2921 1217 2964 est
1242 2953 1255 2977 ,
1286 2927 1445 2981 quam
1466 2927 1558 2980 ego
1589 2927 1789 2974 quoque

1890 1837 1993 1875 nus
2018 1821 2118 1891 (ιι),
2147 1820 2237 1891 qui
2271 1835 2394 1875 cum
2413 1818 2648 1874 lsidorus
2677 1818 2791 1889 ipse
2820 1817 2876 1872 in
2901 1817 3127 1887 epistola
3153 1815 3275 1873 libri
3300 1815 3459 1886 primi

1888 1915 2181 1968 centesima
2210 1911 2651 1983 quinquagesima
2683 1910 2994 1965 monasterii
3028 1908 3112 1964 sui
3136 1907 3457 1979 praelectum

1888 2020 1918 2057 a
1948 2018 2006 2058 se
2034 2004 2308 2060 diversum
2348 2010 2737 2057 commemoret
2759 2040 2774 2064 ,
2809 2001 2956 2055 hunc
2996 2000 3251 2054 abbatem
3290 1997 3459 2053 fuisse

1887 2105 2066 2166 negat.
2117 2096 2186 2150 At
2238 2095 2291 2151 id
2336 2094 2553 2168 quidem
2607 2093 2745 2148 nihil
2795 2093 3005 2163 probat.
3055 2089 3191 2145 Nam
3246 2089 3351 2145 nisi
3391 2088 3457 2143 ad

1890 2185 2224 2240 Schrteclthii
2255 2187 2326 2257 (υ)
2374 2185 2775 2255 conjecturam,
2826 2183 2919 2253 qui
2950 2182 3215 2237 lsidorum
3260 2194 3457 2235 mona-

1887 2276 2115 2330 chorum
2163 2277 2299 2332 adeo
2327 2268 2775 2333 conSuetudinem
2806 2274 3009 2346 fugisse
3033 2272 3306 2328 interdum
3328 2312 3343 2336 ,
3376 2284 3459 2325 se-

1886 2380 1993 2434 que
2023 2366 2079 2418 in
2114 2366 2461 2420 solitudinem
2499 2364 2798 2419 contulisse
2829 2363 3102 2433 opinatur,
3146 2361 3285 2416 velis
3320 2375 3456 2414 cou-

1887 2456 2095 2527 l‘ugere,
2128 2472 2252 2512 eum
2280 2458 2423 2512 hanc
2460 2456 2743 2528 epistolam
2773 2463 2866 2509 aut
2892 2454 3134 2509 nondum
3178 2454 3234 2509 in
3267 2468 3458 2507 mona-
3554 2454 3573 2475 '

1887 2548 2117 2604 chorum
2160 2549 2475 2604 societatem
2524 2558 2833 2615 receptum,
2880 2558 2975 2603 aut
3020 2546 3125 2602 iter
3164 2546 3453 2601 facientem

1886 2639 2167 2708 scripsisse
2184 2640 2483 2702 monachis,
2501 2639 2627 2693 licet
2642 2639 2970 2693 existimare.
2993 2636 3182 2707 Neque
3201 2637 3454 2701 alterum,

1885 2730 2029 2798 quod
2055 2729 2297 2799 protulit,
2345 2728 2698 2783 Heumaunus
2732 2727 2809 2799 (ac)
2860 2726 3149 2783 sententia:
3179 2742 3292 2781 sua:
3321 2740 3458 2779 con-

1885 2820 2165 2877 ﬁrmanda:
2199 2835 2360 2875 causa
2392 2828 2772 2891 argumentum
2798 2860 2814 2886 ,
2846 2820 3023 2890 magni
3059 2818 3319 2873 momenti
3349 2828 3455 2873 est.

1887 2908 2191 2966 Oflenditur
2218 2912 2363 2966 enim
2397 2912 2486 2965 ille
2512 2926 2606 2977 eo,
2638 2911 2780 2982 quod
2824 2910 3135 2981 Stephanus
3172 2910 3452 2973 Gobarus,

227 3000 449 3055 ultimam
479 3004 663 3075 posui.
710 3003 820 3059 Deo
865 3005 1086 3075 gratias.
1128 3004 1259 3069 Quae
1296 3002 1483 3057 irentei
1528 3004 1691 3056 verba
1722 3018 1785 3056 ex
1813 3037 1859 3100 ο
1888 3002 2242 3071 Ephmmus,
2290 3001 2580 3056 Facundus
2604 3011 2659 3057 et
2683 3002 2945 3073 Evagrius
2981 3016 3169 3055 omnes
3194 3000 3455 3055 lsidorum

228 3091 450 3161 ejusdem
492 3094 767 3165 tragoedia
810 3093 883 3165 (g)
930 3095 1179 3164 repetita,
1213 3111 1315 3148 una
1352 3109 1475 3149 cum
1512 3093 1620 3147 illis
1664 3091 1782 3162 epi-

226 3182 363 3238 stolis
394 3185 447 3240 in
472 3184 734 3243 Latinam
780 3184 1018 3255 linguam
1054 3185 1326 3239 transtulit
1357 3192 1546 3238 auctor
1577 3198 1784 3252 anony-

227 3291 353 3330 mus.
397 3276 577 3341 Quare
635 3276 987 3331 Sirmondum
1044 3277 1301 3330 memoria
1336 3277 1544 3345 lapsum
1592 3273 1779 3329 lrenzei

226 3366 372 3421 verba
399 3368 662 3423 tribuisse
687 3384 958 3439 anonymo
986 3384 1174 3421 eorum
1218 3368 1499 3437 interpreti
1546 3375 1783 3421 statuere

227 3500 468 3573 galeata:
526 3502 689 3572 (fors.
738 3503 1149 3573 συσσιτήεεται)
1200 3504 1521 3557 auctoritate
1574 3502 1776 3573 codicis

230 3569 364 3643 Bay"
394 3573 476 3625 vel
508 3569 769 3643 σ’ΰσσιτος
805 3569 977 3635 ἔσται.
1010 3574 1154 3643 quod
1183 3575 1442 3631 exhibent
1470 3573 1625 3627 codd.
1653 3572 1771 3631 ιρι.

228 3640 335 3703 649,
359 3649 412 3694 et
440 3642 541 3696 Alt.
576 3642 929 3696 scribendum
956 3640 1058 3695 est.

289 3710 501 3782 (al_Lib.
537 3728 578 3777 ι,
601 3728 692 3782 ep.
725 3714 842 3782 154.
861 3712 1072 3782 Πολλὰς
1088 3713 1440 3782 ὲνηχοΰμενοι
1472 3713 1597 3782 περὶ
1623 3709 1777 3779 ὑμῶν

229 3780 592 3852 κᾳταϐοὴσεις,
616 3780 819 3840 πολλὰς
850 3781 976 3849 ὑμῖν
1002 3780 1380 3852 ἀπαντλοῦμεν
1415 3780 1592 3852 καθ”ή
1604 3783 1777 3852 μέραν

226 3849 721 3920 τᾶγςνπαρακλὴσεις.
751 3852 1019 3907 Caeterum
1043 3852 1159 3909 haec
1180 3849 1426 3920 epistola,
1448 3860 1505 3904 ut
1528 3849 1779 3919 equidem

229 3919 459 3985 arbitror,
488 3919 574 3974 ab
604 3921 812 3975 Isidoro
840 3920 893 3973 in
922 3921 1111 3974 itinere
1162 3919 1360 3989 scripta
1411 3930 1511 3975 est.
1569 3921 1778 3975 Etenim

231 4003 339 4059 eun)
369 3989 560 4045 itinera
588 3990 862 4044 interdum
905 3993 1207 4059 suscepisse
1235 4001 1445 4045 constat
1495 4007 1559 4044 ex
1596 3989 1716 4044 libri
1738 4004 1779 4059 7v

230 4058 432 4130 epistola
456 4061 1019 4114 236.—lieumannus
1046 4058 1231 4114 contra
1259 4061 1310 4114 d.
1345 4077 1417 4123 c.,
1443 4077 1497 4130 p.
1518 4062 1572 4122 5,
1598 4070 1711 4113 not.
1733 4058 1771 4119 ἱ,

232 4128 366 4201 illam
414 4142 539 4187 ante
584 4132 951 4201 conscriptam
1000 4146 1121 4184 esse
1162 4140 1370 4196 censet,
1403 4128 1562 4201 quam
1594 4130 1769 4184 lsido-

232 4213 312 4251 rus
354 4197 403 4251 in
449 4200 841 4257 monasterium
898 4214 1017 4253 sese
1059 4202 1384 4265 contulerit;
1421 4197 1607 4269 'quam
1642 4213 1771 4269 vero

230 4270 553 4341 sententiam,
588 4286 691 4341 qui
722 4276 929 4323 attento
967 4270 1303 4325 animoiilam
1326 4267 1774 4341 perleﬁgeritﬁeji-

229 4347 324 4390 etet
360 4339 475 4391 sine
508 4340 699 4392 dubio.

294 4406 359 4475 (b)
401 4409 511 4479 Lib.
558 4426 622 4471 ll,
658 4424 750 4479 cp.
783 4407 904 4462 182.
938 4436 1013 4479 —-_
1045 4407 1108 4460 El
1150 4408 1204 4459 δὲ
1235 4408 1424 4479 ψευδῆ.
1470 4408 1634 4479 μήνυε
1660 4450 1675 4469 .
1707 4409 1775 4463 ἵν’

230 4475 308 4558 εις.
341 4478 631 4558 ἀπολογίας
659 4475 903 4558 avarum;
938 4476 1061 4558 sub;
1093 4475 1578 4558 κατᾳμτλνιξᾲαύῖάς
1616 4495 1774 4558 περιρ

231 4547 525 4632 ξιξτήξωμι-τνζ
548 4548 642 4601 καὶ
668 4546 1135 4632 ἀπολογουμένους
1166 4548 1263 4617 μὲν
1285 4547 1583 4632 ῥεξῴμεθαο
1618 4546 1774 4632 τξιῦτο

229 4612 277 4665 δὲ
295 4612 361 4684 μὴ
380 4612 685 4681 nato-Cavea;
718 4620 815 4688 τῆς
844 4612 1052 4670 ἑαυῖῑῶν
1083 4612 1362 4681 συῦουσίας
1388 4612 1776 4689 ὲξοστρακίσω-

233 4700 335 4751 μεν.

292 4760 355 4826 (εν)
381 4755 580 4826 licam.
611 4755 665 4810 d.
698 4770 747 4807 c.
781 4771 834 4826 p.
864 4756 917 4826 5,
947 4770 1003 4823 ι).
1030 4754 1084 4809 6.

293 4825 602 4899 (djﬁigeph.
638 4826 775 4899 Hist.
811 4825 935 4899 eccl.
958 4826 1050 4879 lib.
1072 4827 1777 4899 xlv,cap.55.—‘lcl8mpo;

233 4918 293 4933 —
315 4894 467 4967 dicit
504 4895 802 4967 Πηλουσίου
837 4894 1002 4967 ὅρουςΔ
1044 4894 1499 4967 καθηγηξςάμενος
1522 4937 1537 4958 ,
1577 4894 1776 4967 quibus

236 4962 422 5036 Verbis,
471 4962 585 5018 etsi
615 4968 795 5036 negari
845 4962 1031 5033 nequit
1075 4962 1443 5036 coenobiorum
1487 4962 1774 5036 praeiectus

237 5034 340 5106 ἕατ’
368 5035 549 5106 ξενικὴν
578 5035 873 5104 appellatos
917 5050 1037 5089 esse
1081 5034 1557 5106 κᾳοηγουμένου“ς,
1593 5047 1774 5092 tamen

239 5098 337 5155 hac
368 5098 535 5158 inesse
562 5098 740 5173 potest
777 5106 1041 5157 sententia
1070 5122 1081 5156 :
1121 5098 1355 5158 lsidorus
1384 5098 1773 5162 monachorum

240 5182 532 5291 gl'i'ecteptpr.
580 5174 665 5229 Cl".
710 5174 840 5228 Acta
876 5173 1058 5229 Sanct.
1085 5174 1268 5239 Febr.,
1301 5186 1432 5234 tom.
1459 5175 1476 5228 Ι
1499 5218 1513 5243 ,
1550 5194 1602 5247 p.
1634 5178 1772 5242 468,

240 5238 722 5389 ἓ,ἱδωδιέιῖιιιοιιᾶιις
764 5313 832 5368 ad
886 5313 1124 5367 Facundi
1179 5314 1359 5391 trium.
1414 5331 1529 5384 cap.
1562 5317 1772 5389 Defens.

244 5379 323 5432 lib.
358 5398 415 5437 ιι.
442 5398 557 5437 can.
590 5384 642 5436 4.
672 5388 809 5437 Onn.
847 5384 955 5436 vol.
980 5382 1045 5437 ll.
1083 5398 1135 5437 ι).
1169 5384 1294 5437 458.

310 5398 557 5452 .n._rap.
590 5398 642 5436 s.
672 5398 809 5452 Upp.
847 5398 955 5436 vol.
980 5398 1045 5446 ll,
1083 5398 1135 5448 p.
1169 5398 1294 5437 eos.

305 5450 359 5519 (Ῑ)
391 5450 519 5505 Var.
536 5463 669 5522 patr.
694 5450 815 5521 epp.
840 5470 904 5507 ex
927 5453 1035 5506 MS.
1061 5452 1396 5509 Cassiuensis
1430 5456 1775 5513 Bibliothecae

248 5517 551 5595 desumptge,
576 5517 1081 5595 per_Cliris_tiauuut
1103 5524 1309 5595 Lupum
1348 5524 1637 5595 Iprcnsem.
1669 5529 1775 5583 Lo-

252 5591 373 5662 ranii
398 5592 543 5662 [682.
572 5624 637 5631 —
664 5592 795 5662 Cap.
844 5593 878 5648 6
901 5634 916 5657 ,
967 5608 1021 5662 p.
1056 5593 1148 5645 2‘2.

309 5660 372 5728 (9)
406 5659 621 5732 Scripsit
660 5659 875 5730 autem,
926 5659 984 5718 ut
1018 5673 1167 5718 notat
1207 5663 1389 5734 Lupus
1441 5668 1492 5722 in
1535 5673 1665 5726 notis
1701 5673 1772 5725 ad

1890 3093 2116 3148 summis
2148 3092 2397 3147 laudibus
2435 3093 2775 3147 cumulantes
2819 3092 2885 3147 de
2921 3092 3025 3146 hoc
3060 3091 3181 3161 ejus
3230 3105 3457 3145 munere

1891 3199 1960 3238 ne
1988 3184 2212 3238 verbum
2240 3184 2493 3239 dixerint.
2522 3213 2593 3223 —
2619 3183 2727 3238 Sed
2759 3184 2815 3238 bi
2841 3197 3051 3248 omnes,
3081 3190 3310 3251 excepto
3340 3179 3445 3235 Fa—

1888 3275 2067 3329 cundo
2094 3275 2167 3346 (y)
2202 3290 2312 3330 non
2343 3276 2511 3346 magis
2535 3275 2861 3330 Pclusiotam
2895 3274 2962 3328 ad
2998 3272 3300 3343 presbyteri
3330 3289 3452 3342 gra-

1890 3365 2018 3420 dum
2054 3375 2301 3421 evectum
2340 3381 2481 3431 esse,
2511 3366 2880 3430 tradiderunt;
2912 3378 3090 3435 neque
3118 3372 3302 3419 tamen
3350 3364 3455 3418 hoc

1880 3504 2147 3557 variorum
2200 3503 2421 3561 Patrum
2456 3504 2701 3571 epistolas
2749 3520 2802 3574 p.
2843 3503 2929 3574 l6,
2972 3500 3208 3574 lrenazus
3248 3517 3451 3574 comes,

1881 3574 2205 3655 authotius
2283 3574 2603 3655 episcopus,
2669 3572 2949 3654 Ephesini_
2991 3572 3201 3655 concilii
3242 3572 3452 3654 juratus

1883 3642 2056 3696 hostis
2081 3653 2136 3697 et
2167 3654 2273 3697 tam
2311 3642 2569 3698 doctrina:
2592 3684 2607 3707 ,
2652 3659 2811 3712 quam
2851 3643 3019 3711 ipsius
3048 3642 3279 3712 Nestorii
3300 3657 3453 3698 acer-

1882 3712 2053 3765 rimus
2078 3714 2348 3778 defensor,
2377 3715 2443 3768 de
2495 3711 2699 3783 synodo
2751 3713 3020 3782 Ephesina
3066 3711 3334 3783 libellum,
3363 3716 3450 3769 cui

1884 3783 2158 3851 tragoedia)
2192 3798 2390 3837 nomen
2427 3782 2700 3852 imposuit.
2758 3783 2897 3847 Fuit,
2934 3792 2993 3836 ut
3025 3782 3197 3851 pergit
3246 3782 3448 3853 Lupus,

1882 3867 2021 3922 opus
2068 3853 2301 3907 divisum
2335 3853 2388 3906 in
2418 3853 2601 3922 plures
2643 3853 2826 3913 libros.
2878 3867 3107 3921 quorum
3153 3866 3292 3905 unus
3335 3863 3453 3911 erat

1882 3920 1951 3973 de
2004 3922 2263 3985 historia,
2320 3920 2435 3992 qui‘
2471 3922 2701 3991 plurima
2757 3920 3100 3992 continebat,
3160 3922 3448 3989 epistolas,

1883 3992 2137 4113 synpdos,
2171 3990 2354 4047 sacras
2381 3990 2683 4063 principum
2706 3992 3001 4062 jussiones,
3028 3990 3238 4060 aliaque
3264 3993 3450 4053 istius—

1883 4074 1993 4113 mot
2014 4077 2049 4113 ι.

1882 4074 2049 4114 ιιιθίιι.

1949 4132 2025 4197 (Ii)
2052 4130 2372 4202 Sirmondus
2399 4131 2534 4202 Opp.
2570 4131 2675 4185 vol.
2711 4147 2771 4192 ιι,
2800 4130 3010 4202 p.458.

1949 4202 2013 4257 (it
2044 4200 2177 4254 Sixt.
2215 4200 2457 4255 Senens.’
2477 4200 2610 4255 Bibl.
2653 4200 2822 4254 sancti
2859 4200 2952 4255 lib.
2986 4219 3057 4257 Iv.

1950 4271 2015 4342 (λ)
2053 4270 2234 4342 Lupus
2286 4273 2344 4342 in,
2370 4279 2482 4342 not.
2518 4272 2584 4342 ad
2623 4287 2752 4342 var.
2775 4270 2873 4323 PP.
2910 4287 3032 4341 epp.
3063 4289 3118 4342 p.
3144 4272 3232 4327 20.

1952 4340 2022 4409 (k)
2044 4341 2249 4411 Pagius
2274 4341 2395 4396 crit.
2427 4341 2480 4394 in
2515 4341 2709 4411 Annal.
2745 4340 2951 4395 Baron.
2975 4340 3103 4397 tom.
3134 4342 3195 4403 l..
3230 4360 3280 4411 p.
3316 4344 3440 4403 455.

1950 4409 2265 4482 (Ι)νΒέιςιι;ιε.
2302 4418 2433 4482 ᾼηη.
2465 4412 2571 4477 pol.
2596 4410 2745 4482 (σοι,
2779 4419 2909 4465 tom.
2936 4411 3044 4473 lll.,
3074 4429 3127 4482 p.
3160 4409 3282 4469 519.
3468 4440 3471 4443 ·

1949 4480 2040 4548 (m)
2061 4479 2269 4534 Tilleln.
2305 4480 2338 4532 Ι.
2368 4495 2441 4543 c.,
2470 4495 2523 4547 p.
2556 4480 2675 4533 l0l.

1951 4550 2311 4620 (n)__Ceillier.
2359 4549 2583 4603 Histoire
2608 4548 2849 4620 generale
2884 4552 2972 4606 des
3003 4562 3218 4606 auteurs
3246 4557 3440 4617 sacres,

1877 4628 2011 4689 tom.
2040 4618 2179 4689 Xlll,
2211 4636 2261 4689 p.
2289 4620 2410 4675 600.

1950 4688 2026 4759 (ο)
2064 4688 2305 4759 Historia
2347 4689 2700 4759 ecclesiastica
2732 4690 2892 4743 uariis
2918 4691 3192 4758 colloquiis
3242 4695 3441 4759 digesta

1876 4757 2098 4813 anetore
2132 4757 2417 4831 Fredeﬁrico
2446 4758 2651 4831 lgnatio
2682 4760 2984 4831 Hyacintho
3025 4760 3187 4819 Amat
3212 4764 3277 4819 de
3299 4757 3440 4819 Gra-

1880 4837 2239 4897 veson.tom.
2270 4830 2337 4889 ll,
2372 4844 2425 4897 p.
2459 4830 2548 4881 4t.

1948 4900 2023 4968 (p)
2058 4896 2242 4952 licius.
2279 4896 2411 4951 Hist.
2447 4897 2593 4962 eccl.,
2626 4914 2680 4968 p.
2714 4899 2838 4955 922.

1946 4968 2294 5091 (ιυόΑὲιιῗὲά.
2345 4969 2481 5022 llist.
2522 4968 2646 5023 eccl.
2690 4980 2739 5024 et
2776 4971 2981 5035 lateres,
3013 4979 3143 5028 tom.
3174 4975 3213 5037 Ι,
3241 4973 3334 5028 lib.
3362 4991 3436 5040 γι,

1946 5055 1997 5091 n.
2077 5079 2092 5091 .
2254 5076 2268 5089 .

1876 5055 1997 5102 cap.
2028 5055 2092 5102 ο,
2122 5055 2148 5102 9
2182 5055 2268 5091 ιο.

1945 5037 2268 5179 ἵδίἒξιὲιίἷιξ.
2292 5107 2566 5162 Onomast.
2596 5122 2650 5179 p.
2684 5124 2719 5162 ι.
2755 5124 2809 5179 p.
2841 5110 2966 5165 497.

1949 5116 1997 5179 (r
2061 5116 2253 5162 Saxius
2292 5116 2566 5162 Unomast.
2596 5122 2650 5179 p.
2684 5124 2719 5162 ι.
2755 5124 2809 5179 p.
2841 5116 2966 5165 497.

1948 5116 2018 5248 (si
2041 5177 2388 5248 )Veismann.
2422 5180 2563 5231 Hist.
2599 5179 2747 5239 eccl.,
2783 5195 2834 5247 p.
2867 5182 2990 5234 470.

1971 5266 2015 5321 ι)Δ
2036 5247 2290 5321 Boselum.
2318 5248 2455 5321 Hist.
2474 5249 2691 5321 interpr.
2717 5248 2835 5302 libr.
2864 5267 3024 5315 sueta,
3050 5262 3109 5321 β.
3151 5264 3225 5314 tv,
3254 5250 3435 5319 p.180.

1972 5317 2024 5386 ιι)
2062 5317 2365 5387 Heumann.
2398 5318 2451 5373 d.
2485 5333 2535 5373 c.
2562 5317 2688 5387 p.6,
2720 5327 2833 5372 not.
2868 5335 2925 5373 ιι.

1946 5386 2016 5460 (υ)
2050 5386 2382 5460 Schroeelth.
2420 5387 2734 5460 Hist._eccl.,
2768 5389 2873 5443 vol.
2899 5389 3019 5455 cit.,
3050 5404 3103 5460 p.
3135 5387 3259 5445 524.

1945 5457 2023 5524 (ω)
2063 5458 2255 5510 Heum.
2292 5458 2438 5516 d.c.,
2473 5472 2523 5525 ρ.
2559 5457 2612 5511 6.

1945 5534 2019 5598 (ῃ)
2055 5526 2443 5598 FacundiDef.
2478 5528 2637 5580 trium
2669 5528 2851 5598 capit.,
2883 5528 2974 5581 lib.
3020 5545 3057 5583 ll
3084 5569 3100 5594 ,
3132 5545 3253 5598 cap.
3285 5532 3339 5594 4,
3375 5530 3435 5588 in

1875 5595 2015 5678 una}.
2048 5596 2182 5678 Bibl.
2368 5595 2506 5678 ξιξ,
2550 5608 2679 5652 tom.
2712 5597 2790 5665 Χ,
2821 5614 2875 5675 p.
2918 5598 3003 5654 l8,
3041 5628 3107 5647 —-.
3146 5595 3230 5655 Cl'.
3274 5616 3461 5678 pom;

1878 5670 2073 5726 Suidus
2100 5670 2139 5724 l.
2169 5682 2218 5721 ν.
2264 5667 2584 5737 Ἰσίδωρος.
