3924 6416
266 356 326 417 25
1441 353 1619 415 νιΤΑ
1657 356 1804 418 ISID

1911 358 1945 417 ,1
1984 356 2244 418 PELUS.
3394 354 3472 421 26

258 477 511 526 auctorum
534 474 732 538 pugnat
750 464 1026 520 silentium
1047 463 1146 535 (ιι).
1174 464 1443 521 Caeterum
1470 468 1609 522 bene
1639 466 1802 536 expli-
1830 474 1873 529 Α
1902 483 2026 522 eum
2054 476 2179 521 ante
2213 474 2486 520 mortuum
2511 480 2631 519 esse
2660 473 2913 530 censent,
2951 480 3112 535 quam
3143 465 3384 537 episcopi
3412 467 3471 522 in

258 560 352 618 cari
377 568 550 630 potest
575 600 588 623 ,
609 559 699 627 qui
732 557 933 611 factum
960 557 1030 611 sit
1060 566 1119 611 ut
1146 567 1334 612 auctor
1361 557 1452 613 ille
1499 573 1798 630 anonymus

256 651 497 707 [siderum
533 664 563 702 a
593 648 900 718 Theophilo
943 648 1184 719 fugatum
1229 658 1286 703 et
1329 664 1359 704 a
1407 649 1797 721 Chrysostomo

255 736 462 805 benigne
491 743 765 804 receptum
790 734 960 789 fuisse
980 734 1313 791 Pelusiotam
1343 739 1653 794 crediderit.
1688 739 1798 795 Ha-

254 824 353 879 buit
393 825 532 878 enim
582 834 922 893 compertum
957 826 1122 895 hujus
1155 828 1393 882 nominis
1430 829 1605 884 virum
1633 829 1798 886 fuisse

254 917 373 970 inter
397 930 488 969 eos
509 955 524 979 ,
556 916 649 986 qui
679 915 966 986 Theophili
997 917 1129 971 iram
1169 917 1438 989 fugientes
1458 960 1474 984 ,
1506 919 1797 992 [Egyptum

252 1007 627 1076 relinquerent;
675 1022 909 1077 cumque
978 1008 1306 1063 Pelusiotam
1338 1008 1394 1064 S.
1443 1010 1671 1066 Joannis
1703 1011 1799 1077 de:

251 1098 497 1152 fensorem
521 1097 689 1153 fuisse
716 1098 857 1153 bene
892 1099 1075 1162 sciret,
1106 1100 1242 1154 nihil
1265 1102 1633 1158 verosimilius
1662 1103 1797 1157 mihi

249 1186 444 1256 quidem
490 1187 729 1251 videtur,
768 1204 933 1257 quam
976 1188 1121 1258 quod
1166 1189 1256 1244 ille
1299 1190 1426 1245 inde
1464 1191 1796 1262 conjecerit,

250 1280 349 1335 hec
372 1280 546 1333 omnia
571 1279 782 1334 Isidoro
811 1280 1073 1335 accidisse
1102 1280 1409 1336 Pelusiotae.

308 1368 409 1431 liis,
426 1380 690 1439 quantum
713 1370 828 1425 ﬁeri
851 1371 1045 1440 potuit,
1062 1372 1380 1427 brevissime
1402 1372 1682 1442 expositis,
1709 1389 1799 1429 re-

249 1467 342 1513 stat
366 1467 570 1513 tantum
604 1469 669 1513 ut-
708 1461 780 1515 de
809 1476 989 1534 anno,
1031 1477 1141 1530 quo
1170 1462 1405 1517 lsidorus
1443 1474 1690 1518 mortuus
1729 1465 1797 1520 sit

250 1548 546 1603 sententiam
598 1558 842 1603 nostram
890 1549 1151 1605 feramus.
1202 1551 1391 1607 Refert
1428 1562 1609 1607 autem
1661 1552 1801 1608 Eva—

250 1640 374 1711 grius
397 1638 472 1710 (b)
494 1655 626 1693 eum
658 1650 920 1711 regnante
948 1639 1256 1697 Theodosio
1275 1642 1493 1711 juniore
1512 1643 1796 1710 floruisse;

251 1744 398 1799 neque
429 1730 531 1784 hoc
565 1730 898 1784 addubitare
928 1731 1073 1786 licet.
1128 1730 1247 1801 Ipse
1292 1734 1473 1799 enim',
1510 1744 1797 1803 antequam

1898 557 2031 612 urbe
2074 556 2427 625 Ephesiorum
2480 555 2790 625 congregati
2834 556 2977 621 sint,
3027 564 3121 611 aut
3158 556 3261 627 ipsi
3306 572 3471 627 prava

1895 661 2084 702 eorum
2119 646 2333 698 decreta
2362 645 2715 697 inuotuerint.

1967 736 2217 789 Attamen
2247 733 2495 803 equidem
2526 732 2738 787 iliﬂilcri
2773 747 2947 803 neque
2975 733 3100 787 volo
3129 748 3227 788 nec
3251 749 3471 803 possum

1900 828 2201 883 testimonia
2222 868 2237 892 ,
2288 827 2487 895 quibus
2516 825 2617 879 viri
2666 825 2775 887 illi,
2808 833 2869 878 ut
2904 826 3230 879 sententiam
3273 827 3472 896 proba-

1898 929 2020 973 rent
2045 934 2222 978 suam.
2250 919 2334 975 usi
2380 926 2534 980 sunt,
2569 917 2700 971 mihi
2729 918 3051 986 persuadere
3072 931 3179 971 non
3206 920 3473 987 potuisse,

1899 1010 2165 1066 lsidorum
2210 1024 2277 1064 eo
2304 1024 2413 1078 quo
2456 1007 2715 1077 Eutychia
2746 1006 2969 1062 haeresis
3008 1008 3269 1062 invaserit
3300 1008 3470 1079 Egy-

1899 1110 2050 1174 ptum
2081 1109 2323 1169 tempore
2366 1099 2605 1155 nondum
2644 1098 2812 1153 fuisse
2844 1109 3141 1152 mortuum.
3186 1098 3285 1154 llic
3324 1100 3473 1154 enim

1896 1193 1943 1248 si
1965 1193 2249 1246 etiamtum
2281 1190 2421 1244 inter
2444 1192 2595 1243 vivos
2624 1189 2837 1252 fuisset,
2869 1189 3145 1243 distinctis
3172 1199 3320 1243 certe
3346 1204 3475 1243 ver-

1898 1282 1983 1336 bis
2014 1290 2068 1335 et
2102 1281 2353 1351 graviter,
2384 1289 2441 1332 ut
2471 1278 2523 1331 iu
2570 1278 2899 1340 Marcionis,
2931 1276 3101 1331 Manis
3134 1277 3474 1347 aliorumque

1898 1372 2201 1427 doctrinam
2256 1370 2529 1424 invehitur
2592 1384 3004 1437 saepenumero,
3056 1376 3248 1421 contra
3306 1368 3473 1438 Euty-

1895 1461 2033 1516 chen
2073 1459 2298 1529 ejusque
2343 1458 2595 1529 dogmata
2643 1459 2890 1511 dixisset.
2922 1456 3076 1523 Quod
3118 1473 3223 1511 non
3270 1457 3474 1512 factum

1897 1566 2019 1607 esse
2047 1551 2395 1620 epistularum
2421 1589 2437 1613 ,
2470 1565 2607 1618 quas
2658 1548 3037 1602 Tillemontius
3074 1557 3130 1601 et
3164 1548 3473 1604 Ceillierius

1900 1640 2213 1697 attulerunt.
2251 1651 2569 1709 argumento
2609 1649 2864 1694 accurate
2907 1655 2937 1694 a
2982 1638 3144 1694 nobis
3184 1641 3469 1709 exposito,

1901 1736 2273 1802 unusquisque
2302 1733 2531 1787 fateatur
2558 1747 2781 1786 necesse
2809 1740 2913 1785 est.

250 1821 484 1891 synodum
520 1820 594 1873 ab
624 1823 954 1891 imperatore
999 1822 1091 1876 illo
1114 1838 1261 1877 anno
1286 1823 1414 1884 451.
1448 1833 1800 1879 convocatam
1836 1829 1876 1883 Β
1975 1822 2212 1894 Uterque
2243 1823 2561 1877 testiﬁcatur
2591 1837 2707 1875 eam
2729 1861 2745 1886 ,
2776 1835 2939 1890 quam
2972 1818 3212 1877 Isidorus
3248 1819 3475 1876 Hermo-

249 1910 395 1964 adiret
416 1910 655 1980 Cyrillns
674 1950 690 1975 ,
727 1912 857 1966 huic
878 1912 1171 1966 turbulenti
1198 1923 1254 1968 et
1276 1916 1581 1985 arrogantis
1607 1916 1805 1987 ingenii

248 2002 367 2065 viro,
396 2002 668 2056 acerrimo
683 2003 1268 2073 Constantinopolitani
1293 2007 1556 2062 antistitis
1580 2008 1805 2063 inimico

248 2092 371 2145 misit
386 2093 670 2162 epistolam
695 2094 790 2163 (c),
808 2094 861 2147 in
878 2110 983 2164 qua
997 2111 1119 2150 eum
1134 2095 1408 2164 admonet,
1448 2115 1572 2153 cum
1615 2114 1806 2155 omnes

249 2184 465 2241 homines
509 2187 584 2241 de
624 2187 789 2241 rebus
835 2187 1019 2241 dubiis
1056 2189 1429 2244 consultantes
1466 2190 1591 2244 odio
1627 2200 1680 2245 et
1725 2192 1805 2246 ira

250 2290 420 2330 vacuos
447 2291 572 2331 esse
606 2276 818 2339 deceat,
858 2293 1093 2347 cumque
1145 2279 1365 2334 animus
1386 2322 1401 2345 ,
1445 2281 1536 2335 ubi
1568 2282 1657 2336 illa
1687 2282 1807 2337 om-

248 2366 397 2433 ciant,
428 2367 573 2422 haud
610 2362 768 2422 facile
803 2384 990 2422 verum
1022 2369 1333 2439 provideat,
1368 2386 1435 2426 ne
1468 2372 1639 2427 nimio
1695 2372 1804 2428 Ne-

248 2457 375 2511 storii
406 2458 527 2512 odio
546 2466 800 2513 intentus
832 2460 1121 2514 violentam
1151 2471 1339 2516 contra
1368 2479 1490 2517 eum
1520 2463 1657 2518 ferat
1681 2480 1810 2520 sen-

249 2549 480 2613 tentiam;
514 2558 889 2619 precaturque
921 2558 982 2604 ut
1021 2553 1247 2621 integris
1268 2562 1324 2607 et
1352 2554 1679 2625 incorruptis
1713 2557 1808 2625 ju-

246 2638 429 2695 dicibus
453 2657 575 2696 rem
600 2645 902 2711 permittat.
922 2673 996 2685 --
1015 2643 1239 2707 Eodem,
1276 2647 1328 2700 ni
1360 2647 1537 2711 fallor,
1569 2657 1808 2717 tempore

248 2731 417 2801 scripta
447 2742 532 2787 est
559 2733 635 2787 ad
668 2732 1037 2788 Theodosium
1064 2734 1443 2805 imperatorem
1473 2736 1700 2805 epistola
1729 2740 1805 2809 (ά)

249 2820 305 2876 de
335 2823 620 2878 securitate
642 2823 858 2895 synodo
882 2828 1217 2893 praestanda;
1256 2826 1358 2881 etsi
1383 2828 1475 2896 qui
1502 2826 1766 2882 lsidorum
1786 2867 1804 2893 ,

250 2926 354 2967 enin
388 2913 647 2985 Eutychis
692 2916 939 2970 doctrina
974 2917 1027 2971 in
1067 2917 1301 2989 IEgypto
1324 2929 1613 2989 propagata
1639 2931 1804 2989 esset,

249 3008 389 3060 etiam
436 3016 549 3062 tum
591 3008 803 3064 vixisse
851 3019 1127 3074 statuunt,
1180 3010 1322 3065 hanc
1358 3011 1427 3065 ad
1474 3012 1806 3079 Ephesinum

250 3098 509 3152 concilium
554 3114 712 3152 anno
767 3099 871 3154 449
922 3101 1164 3155 habitum
1206 3103 1408 3155 referre
1452 3112 1684 3172 possunt
1710 3105 1803 3171 (ε).

251 3187 342 3241 Sed
363 3188 617 3258 quoniam
647 3187 892 3245 Isidorus
921 3190 1124 3260 injusta
1147 3193 1527 3262 episcoporum
1551 3192 1807 3263 Eutychis

250 3277 446 3348 ejusque
477 3281 755 3336 doctrina:
796 3280 1090 3336 faventium
1128 3282 1375 3347 decreta,
1410 3292 1573 3352 atque
1609 3285 1806 3338 crude-

250 3366 337 3422 lem
360 3370 465 3425 hzec
489 3372 829 3440 exsequendi
854 3371 1116 3426 rationem
1142 3373 1196 3427 in
1212 3373 1458 3441 epistolis
1481 3389 1547 3429 ne
1572 3375 1808 3444 tetigerit

249 3462 460 3529 quidem,
492 3463 669 3518 iidem
706 3461 810 3517 viri
848 3464 1027 3530 docti,
1062 3465 1209 3520 velut
1242 3464 1623 3521 Tillemontius
1657 3467 1720 3536 (f)
1749 3476 1805 3522 et

249 3549 520 3609 Ceillierius
541 3556 648 3625 (g),
673 3571 812 3624 quos
848 3554 1125 3612 Fabricius
1156 3556 1232 3626 (h)
1257 3597 1272 3622 ,
1298 3558 1696 3628 Hambergerus
1738 3558 1801 3628 (ί)

251 3641 633 3700 Schroeckhius
673 3646 744 3717 (ᾔ)
778 3655 836 3702 et
881 3646 1328 3705 Bosenmullerus
1357 3647 1433 3720 (It)
1476 3658 1800 3720 sequuntur,

308 3798 375 3870 (α)
408 3798 489 3854 Cf.
522 3798 770 3855 Savilius
796 3800 835 3855 1.
864 3815 914 3855 c.
935 3816 987 3870 p.
1020 3800 1145 3857 967.

252 3933 265 3946 _
312 3869 378 3937 (ὁ)
405 3869 605 3942 Evagr.
657 3870 751 3925 lib.
788 3886 842 3933 ι,
885 3869 1004 3941 cap.
1054 3872 1140 3926 15,
1176 3871 1805 3946 _Th_eodosio,_inq_uit,

252 3941 550 4011 imperatore
589 3951 854 4009 regnante
882 3982 896 4006 ,
943 3956 1137 4011 magno
1176 3942 1230 3995 in
1266 3943 1468 3996 honore
1502 3941 1601 3995 fuit
1635 3942 1807 3997 Isido-

252 4021 330 4080 rus
353 4007 626 4080 Pelusiota
651 4007 679 4072 ,“
704 4011 862 4078 cujus
892 4007 1060 4080 gloria
1085 4012 1154 4065 ob
1186 4012 1330 4065 illius
1363 4022 1474 4065 tum
1515 4012 1654 4066 facta
1688 4024 1804 4067 tum

250 4076 374 4131 dicta
400 4079 557 4153 longe
588 4076 805 4149 lateque
840 4076 1127 4153 pervagata
1156 4088 1258 4147 est,
1292 4083 1644 4153 omniumque
1682 4097 1801 4138 ser-

250 4161 391 4200 mune
414 4149 712 4203 celebrata.

310 4218 372 4283 (c)
396 4217 531 4289 Lib.
563 4235 605 4282 ι,
637 4234 727 4287 cp.
758 4217 884 4281 διο,
944 4234 1063 4288 qua:
1086 4219 1164 4274 sic
1188 4219 1377 4289 incipit
1407 4236 1420 4272 :
1454 4219 1808 4289 Προσπάθεια

252 4284 337 4371 μὲν
358 4287 454 4340 οὐκ
484 4284 769 4370 ὀξυδορκεῖ
793 4328 808 4353 ,
857 4284 1185 4343 ἀντὶπάθεια
1230 4291 1287 4343 δὲ
1299 4284 1450 4354 ’ὅλως
1476 4284 1576 4361 οὗχ
1601 4291 1721 4361 ὁρᾷ·
1756 4292 1808 4345 εἰ

251 4372 432 4418 τοινυν,
460 4375 515 4410 κ.
549 4375 604 4413 τ.
643 4373 691 4412 Α.
723 4389 795 4398 -

308 4427 377 4496 (d)
405 4426 521 4480 Lib.
554 4444 595 4493 ι,
629 4444 717 4496 ep.
745 4428 868 4482 5H.

335 4507 378 4567 at
406 4496 619 4567 'ljllem.
651 4498 689 4550 l.
719 4514 795 4563 c.,
830 4514 883 4567 p.
916 4497 1038 4552 H7.

329 4564 368 4632 Γ)
422 4564 790 4648 Tillein._l._c,
814 4564 902 4648 _sic
941 4568 1141 4648 deghac
1169 4581 1229 4622 re
1272 4567 1548 4638 loquitur:
1586 4566 1681 4622 S’il
1718 4577 1805 4624 est

253 4786 466 4845 parence
494 4776 630 4844 qu‘il
668 4776 809 4830 n’est
851 4792 945 4845 pas
988 4787 1126 4831 mort
1177 4787 1339 4831 avant
1367 4777 1416 4830 le
1450 4778 1483 4831 4
1511 4776 1808 4832 ἀθγέιτίὲι·

255 4843 312 4894 de
356 4843 457 4915 l'aﬁn
490 4843 599 4899 449
624 4885 640 4909 ,
692 4861 759 4898 ou
795 4843 971 4899 meiue
1008 4847 1133 4910 450,
1172 4847 1401 4915 puisque
1448 4845 1698 4901 l‘ltérésie
1735 4863 1807 4901 ne

256 4914 469 4987 p_ouvait_
500 4931 600 4984 pas
632 4915 783 4968 avoir
813 4931 1007 4969 encore
1050 4917 1143 4970 fait
1172 4932 1241 4987 un
1287 4914 1454 4987 grand
1487 4915 1706 4987 progrés
1737 4932 1806 4971 en

257 4981 294 5031 si
320 4997 412 5054 pen
440 4981 515 5037 de
540 4993 738 5053 temps,
764 4993 941 5054 etque
971 4981 1314 5051 Hermogene
1335 4987 1365 5040 ὸ
1391 4981 1808 5054 αιιί’8.Ἰείόοι·ο

258 5063 309 5102 se
355 5052 539 5124 plaint
566 5052 673 5123 que
730 5052 968 5124 l’Egy‘pte
1012 5056 1336 5109 embrassait
1383 5052 1630 5109 l‘hérésie
1678 5055 1810 5110 était

260 5132 384 5197 mort
422 5123 667 5197 quelque
700 5123 873 5193 temps
911 5134 1073 5197 avant
1114 5124 1227 5197 lui,
1266 5135 1455 5180 autaut
1486 5127 1649 5195 qu'on
1676 5132 1810 5195 peut

258 5195 396 5257 juger
417 5208 520 5262 par
548 5195 976 5262 quelques-unes
1003 5195 1069 5248 de
1099 5209 1186 5247 ses
1212 5196 1419 5248 lettres.

323 5267 387 5334 (gl
403 5260 615 5334 Ceiliier
639 5260 776 5316 Hist.
803 5264 923 5334 Aut.
943 5263 1090 5317 Sacr.
1118 5273 1250 5317 tom.
1274 5263 1412 5318 Xlll.
1440 5280 1497 5334 p.
1520 5264 1643 5332 605,
1672 5281 1729 5319 η.
1749 5265 1806 5318 7.

269 5356 320 5368 -
343 5330 466 5404 llais
488 5331 524 5404 il
545 5348 573 5400 y
601 5349 629 5384 a
663 5342 778 5404 tout
800 5333 904 5386 lieu
930 5333 997 5386 de
1027 5334 1201 5404 croire
1224 5334 1353 5402 qu'il
1375 5330 1808 5404 tie—vécut'point

266 5410 324 5474 au
352 5399 466 5453 dela
492 5402 562 5474 d_u
587 5403 721 5456 mois
749 5405 989 5474 de‘mars
1009 5403 1075 5456 de
1096 5403 1203 5456 l’an
1229 5399 1352 5474 149,
1391 5405 1477 5474 n‘y
1504 5399 1665 5474 ayant
1691 5406 1810 5459 rien

263 5465 382 5588 gius
406 5484 490 5523 ses
518 5470 720 5537 lettres,
744 5472 834 5541 qui
852 5473 927 5527 ait
955 5482 1173 5543 rapport
1196 5487 1264 5527 au
1294 5465 1417 5527 faux
1440 5465 1647 5529 concile
1690 5474 1814 5529 (ΓΕ-

330 5551 435 5588 ese.
456 5568 530 5577 —

265 5548 435 5603 pbese.
456 5568 530 5577 —

326 5606 697 5686 gh)_‘lfabrici_u_s
724 5610 863 5666 Bibl.
906 5627 987 5680 gr.
1019 5611 1115 5665 lib.
1144 5629 1199 5681 v,
1236 5627 1293 5682 p.
1331 5611 1385 5680 5,
1417 5628 1536 5683 cap.
1564 5612 1656 5679 54,
1689 5611 1716 5686 §
1754 5612 1809 5677 3.

270 5675 707 5746 vol.lX.p.255.
907 5675 927 5680 '
1183 5675 1255 5682 "
1370 5675 1381 5680 '
1481 5675 1559 5695 ’ν

332 5742 391 5816 (il
428 5742 822 5822 Hainbergerus
849 5749 903 5805 in
933 5750 1089 5817 libro,
1120 5750 1213 5822 qui
1246 5751 1561 5808 inscribitur
1593 5771 1606 5807 :
1639 5752 1813 5807 Kurzc

1905 1916 2028 1986 geni
2063 1915 2123 1986 (ι)
2184 1916 2440 1983 episcopo
2488 1913 2706 1983 scripsit
2749 1913 3073 1981 epistolam,
3110 1912 3166 1968 in
3209 1928 3315 1982 qua
3360 1912 3478 1969 hac

1903 2016 2121 2063 exstant
2146 2007 2387 2078 ejusdem
2417 2007 2609 2060 verba:
2646 2025 2663 2058 ς
2698 2004 2963 2075 Εεγριιιε
2989 2020 3209 2060 rursum
3235 2003 3479 2058 Pharae-

1905 2099 1992 2154 nis
2022 2099 2310 2168 imperium
2340 2107 2585 2162 exercet,
2615 2111 2721 2150 non
2750 2096 2838 2151 illa
2880 2095 3098 2166 quidem
3131 2093 3320 2149 Jacobi
3351 2095 3479 2151 filiis

1906 2192 2109 2247 accolis
2151 2191 2367 2244 urbium
2403 2188 2857 2244 exstruendarum
2903 2188 3118 2242 labores
3161 2187 3476 2255 imperans,

1906 2284 2001 2339 sed
2024 2299 2056 2337 a
2080 2282 2378 2337 fortissimo
2393 2265 2916 2351 quoqueiueresium
2938 2280 3162 2349 exigens
3186 2278 3472 2332 tributum.

1907 2374 2095 2429 Videte
2139 2373 2304 2443 igitur
2334 2388 2401 2427 ne
2428 2372 2550 2441 quis
2580 2386 2674 2425 vos
2703 2372 2923 2426 seducat
2947 2410 2963 2433 ,
2993 2384 3181 2424 verum
3210 2369 3356 2423 velut
3388 2368 3481 2423 tir—

1906 2481 2056 2521 mum
2097 2464 2509 2520 fundamentum
2554 2463 2858 2519 consistite.
2922 2463 3064 2517 Deus
3124 2461 3308 2526 enim,
3354 2476 3480 2515 cum

1907 2556 2200 2611 humanam
2247 2555 2497 2610 indueret
2538 2554 2805 2620 formam,
2861 2569 3034 2623 neque
3081 2553 3477 2618 mutationem,

1907 2661 2082 2715 neque
2126 2645 2555 2699 commistionem
2605 2659 2798 2712 passus
2836 2654 2921 2698 est
2945 2681 2962 2705 ,
2991 2658 3092 2697 nec
3133 2642 3479 2709 partitionem

1907 2735 2110 2801 ullam;
2138 2734 2231 2790 sed
2272 2749 2415 2789 unus
2443 2743 2529 2787 est
2557 2731 2745 2797 Filius,
2772 2732 2863 2802 qui
2903 2739 2967 2787 .et
2999 2741 3151 2787 caret
3186 2731 3396 2800 origine
3424 2740 3481 2786 et

1907 2828 2270 2898 sempiternus
2298 2835 2383 2880 est
2427 2834 2482 2881 et
2521 2833 2646 2879 ante
2680 2825 2866 2880 carnis
2896 2824 3116 2878 semina
3167 2831 3224 2878 et
3256 2832 3378 2893 post
3414 2837 3481 2877 ea

1907 2922 1990 2978 sic
2020 2938 2051 2974 a
2075 2919 2234 2975 nobis
2265 2920 2543 2973 adoratus.
2595 2936 2613 2969 ι
2651 2945 2723 2956 -
2749 2915 2887 2970 Tum
2917 2916 2987 2970 ab
3024 2916 3215 2972 iisdem
3246 2916 3481 2984 scripto-

1909 3013 2060 3067 ribus
2089 3011 2311 3065 alfertur
2346 3010 2628 3064 Pelusiotae
2648 3008 2715 3062 ad
2738 3006 3157 3062 Constantinum
3188 3006 3480 3075 quemdam

1909 3102 2136 3171 epistola
2159 3101 2278 3170 (ηε),
2326 3114 2431 3169 qua
2466 3098 2555 3152 hic
2581 3099 2917 3167 vituperatur
2945 3097 2998 3150 in
3034 3098 3180 3151 hunc
3215 3097 3479 3152 modum:

1910 3221 1982 3235 -—
2010 3211 2029 3245 ‹
2060 3192 2130 3247 At
2165 3203 2222 3244 tu
2251 3206 2346 3246 eos
2371 3230 2385 3254 ,
2419 3190 2512 3260 qui
2540 3189 2787 3243 divinum
2819 3204 3019 3242 numen
3067 3189 3156 3257 pie
3187 3203 3253 3243 ac
3290 3198 3480 3243 sancte

1911 3285 2117 3348 colunt,
2146 3282 2345 3337 furiose
2368 3281 2677 3341 insectaris,
2701 3279 3078 3334 confusionem
3109 3278 3401 3349 quamdam
3424 3288 3482 3335 ct

1910 3375 2314 3444 permistionem
2338 3388 2402 3428 ac
2423 3373 2514 3427 Dei
2536 3370 2700 3426 Verbi
2728 3372 2782 3425 iu
2807 3386 3024 3425 carnem
3069 3371 3481 3426 conversionem

1908 3464 2240 3533 docens,aut
2260 3465 2500 3518 divinam
2526 3473 2774 3518 naturam
2802 3462 2857 3518 in
2882 3478 3101 3517 carnem
3115 3471 3171 3517 et
3195 3477 3482 3518 ossacom-

1908 3566 2159 3621 mutans,
2183 3564 2276 3611 aut
2294 3556 2478 3611 carnis
2499 3556 2781 3609 veritatem
2822 3554 3095 3623 rejiciens.
3127 3572 3145 3606 ›
3174 3583 3249 3594 -
3276 3553 3480 3609 Deinde

1908 3648 2287 3723 Tillemontius
2322 3648 2603 3717 epistolam
2637 3648 2704 3702 ad
2736 3645 3081 3702 Timotheum
3122 3648 3378 3702 lectorem
3402 3646 3481 3716 (η)

1917 3800 2273 3855 Nachrichten
2308 3818 2409 3855 von
2444 3804 2542 3855 den
2572 3801 2930 3854 vornchmsten
2953 3799 3364 3872 Schriftstellern
3390 3817 3483 3857 var

1912 3880 2029 3927 dem
2056 3873 2207 3925 lb'ten
2236 3872 2614 3928 Jalirlmndert.
2652 3887 2699 3938 p.
2746 3871 2869 3925 889.

1982 3943 2047 4012 (j)
2086 3942 2413 4012 Sehroeckh.
2444 3941 2479 4012 l7.
2513 3959 2563 3994 c.
2592 3956 2645 4009 p.
2679 3940 2800 3994 522.

1979 4008 2371 4135 (Rﬁosenmn
2420 4011 2556 4064 "ist.
2594 4008 2823 4079 interpr.
2856 4009 3006 4064 Libr.
3052 4008 3207 4065 Sacr.
3244 4024 3372 4082 pars
3399 4028 3478 4079 tv,

1907 4096 2210 4229 ρ’(ἲῖιίιὶῒξ.
2252 4166 2289 4217 ι,
2320 4166 2410 4229 ep.
2443 4151 2545 4229 4l_9
2575 4169 2589 4205 :
2628 4150 2905 4229 Αἴγυπξος
2944 4148 3107 4229 πέλεν
3133 4150 3480 4229 dispungitiqu

1907 4218 2035 4284 ‘tat,
2061 4222 2244 4274 οὐκέτι
2286 4218 2383 4289 μὲν
2429 4224 2541 4283 τοῖς
2588 4218 2940 4291 παροικοῦσιν
2969 4220 3104 4291 νὶοῑς
3141 4218 3238 4291 τοῦ
3285 4221 3481 4274 Ἰακὼϐ

1908 4292 2100 4353 πόνους
2123 4292 2478 4344 ἐπιτάττουσα
2503 4290 2729 4354 πόλεών,
2766 4290 2900 4343 ἀλλὰ
2923 4290 3130 4360 πάντας
3157 4290 3283 4354 τοὺς
3300 4291 3474 4360 Eppiu-

1909 4361 2104 4431 μένους
2134 4361 2332 4431 φόρους
2358 4361 2662 4431 ἀπαιτοῦσα
2702 4361 2988 4430 αἱρέσεων.
3026 4359 3261 4431 Βλέπετε
3396 4376 3484 4422 τις

1907 4428 2052 4500 ὖμᾶς
2080 4428 2324 4500 πλανήσῃ
2352 4470 2368 4493 ,
2412 4431 2525 4483 ἀλλ’
2552 4429 2627 4494 ὡς
2659 4428 2874 4500 eaepse;
2905 4457 2975 4500 ῖ-
3004 4429 3126 4483 cod.
3164 4428 3310 4483 Bav.‘
3329 4428 3483 4485 addit

1838 4504 1883 4559 D
1911 4497 2032 4569 6}—
2060 4497 2583 4569 Oapé).to{arﬁxsrs.
2627 4531 2698 4541 —
2747 4497 2881 4555 Cod.
2931 4497 3057 4551 Bav.
3107 4500 3370 4568 στηκέτω.
3409 4528 3482 4541 -

1921 4568 1981 4640 Ἱ)
2010 4568 2141 4630 Θεὸς
2169 4572 2275 4640 γὰρ
2304 4568 2725 4640 ὲνανθρωπήσας
2750 4571 2810 4623 οὐ
2833 4569 3172 4640 τέτραπται,·
3195 4569 3319 4622 οὔτε
3353 4587 3481 4639 συγ-

1911 4634 2189 4710 κέχυταιίμ
2219 4634 2340 4691 οὔτε
2389 4634 2657 4710 διῄρηται-
2685 4640 2796 4710 αλλ’
2832 4634 2910 4700 εἷς
2930 4634 3090 4710 ’ἐστιν
3121 4639 3353 4710 ᾅναρχος
3389 4634 3482 4692 καὶ

1907 4710 2076 4779 ἀΐδιος
2108 4708 2253 4779 Υἱὸς,
2284 4711 2377 4779 καὶ
2408 4708 2515 4779 π’ρὸ
2538 4708 2885 4778 σαρκώσεως,
2914 4708 3007 4760 καὶ
3033 4708 3174 4777 μετὰ
3206 4708 3482 4779 σάρκωσιν

1908 4778 2052 4831 οὕτω
2092 4777 2219 4849 παρ’
2258 4778 2418 4848 ἡμῶν
2451 4777 2948 4849 ἀπροσκυνούμενος.

1981 4850 2081 4918 (1η)
2113 4847 2233 4903 Lib.
2265 4846 2313 4911 ιζ
2340 4863 2428 4916 ep.
2464 4846 2585 4918 496.
2619 4846 2934 4903 lnscribitnr
2962 4846 3178 4918 quidem
3215 4849 3330 4903 haec
3360 4848 3480 4918 epi-

1908 4918 2045 4971 stola
2072 4917 2143 4970 ita
2174 4918 2227 4971 in
2259 4917 2498 4971 editione
2527 4917 2695 4973 Paris.
2730 4917 3091 4986 Κωνστανίῳς
3134 4919 3228 4973 sed
3253 4917 3481 4972 Chatar-

1909 4988 2010 5041 dus
2034 4996 2089 5040 et
2119 4988 2483 5041 Ritterhusius
2510 4998 2656 5042 recte
2699 4989 2892 5042 excudi
2930 4997 3256 5044 curaverunt
3288 4990 3477 5040 Κωνσ-

1907 5059 2169 5125 vanive);
2210 5057 2294 5110 cui
2327 5058 2608 5126 scriptura).
2637 5059 2792 5112 codd.
2826 5058 2945 5112 Vat.
2995 5058 3120 5120 649,
3158 5068 3215 5112 et
3258 5056 3366 5113 Alt.
3401 5059 3481 5110 fa-

1910 5136 2057 5180 vent.
2093 5126 2266 5180 Verba
2293 5126 2479 5181 Grieca
2517 5143 2639 5196 quae
2694 5128 2798 5181 huc
2825 5135 3087 5196 spectant,
3116 5136 3279 5181 sunt:
3314 5156 3384 5167 —
3404 5127 3478 5180 Σὺ

1913 5196 1971 5266 δὲ
1984 5196 2110 5259 τοὺς
2129 5196 2191 5266 τὸ
2210 5197 2362 5248 Θεῖον
2386 5196 2624 5258 εὐσεϐῶς
2646 5197 3045 5266 πρεσϐεύοντας
3067 5196 3281 5259 διώκεις
3306 5197 3482 5265 ἐμμα-

1909 5265 2047 5346 Vtin,
2068 5265 2641 5346 ,σύγχυσένΛτιναοεαὶ
2678 5265 2964 5346 ἀνάκρισεν
3007 5268 3103 5346 καὶ
3134 5266 3342 5346 ςειροπῂν
3379 5266 3481 5346 τῂν

1910 5336 1993 5407 εἰς
2021 5334 2317 5407 σάρκατοῦ
2345 5334 2479 5407 Θεοῦ
2510 5337 2683 5403 Λόγου
2729 5334 3001 5407 καιέηχῷν,
3044 5338 3077 5407 ἢ
3122 5334 3348 5407 ἀλλοιῶν
3380 5334 3481 5407 τὴν

1913 5403 2061 5457 θείαν
2087 5403 2246 5474 φύσιν
2272 5406 2348 5468 εις
2379 5405 2554 5477 σάρκα
2581 5407 2672 5459 καὶ
2700 5403 2948 5477 ὀστέαζῆ
2978 5403 3076 5476 τὴν
3102 5405 3358 5477 ἀλήθειαν
3379 5403 3480 5475 τῆς

1913 5474 2113 5527 σαρκὸς
2141 5475 2369 5527 ἀθετῶν.

1913 5490 2113 5528 σαοκος
2141 5490 2369 5528 αυετων.

1987 5491 2113 5545 ρκος
2141 5491 2369 5528 αυετων.

1983 5545 2217 5630 (In)nLib.
2251 5561 2287 5607 I,
2308 5544 2538 5630 epuli)?
2559 5562 2583 5630 ’τ
2619 5545 2775 5630 licio-:1
2800 5545 2976 5598 τοίνυν
3002 5544 3214 5630 φυλαξῇ
3243 5549 3484 5630 τήρεᾷ-

1912 5604 2051 5687 cod.'
2072 5604 2444 5687 Bav._rpu7.&xﬁ
2489 5616 2668 5687 τοίνυν
2696 5604 2851 5687 τήρει
2880 5645 2950 5654 -
2983 5604 3082 5687 τὴν
3127 5604 3226 5685 σῆῦ
3255 5604 3483 5687 trapeto»

1916 5684 2112 5755 μήπως
2160 5683 2288 5755 μίαν
2330 5683 2565 5755 Χριστοῦ
2613 5715 2681 5730 --
2713 5683 2790 5741 sic
2827 5683 3148 5740 auctoritate
3183 5683 3479 5740 ’cod.'Vat.

1914 5753 2040 5817 649,
2068 5762 2126 5809 et
2158 5754 2265 5809 Alt.
2308 5753 2653 5810 scribendum
2695 5772 2917 5811 censeo.
2948 5757 3082 5812 Cod.
3125 5755 3254 5811 Bav.
3300 5756 3485 5827 μήπου
