3924 6416
462 273 534 342 τι
1589 265 2261 329 COMMENTATIONIS
2295 264 2485 325 PARS
2520 264 2549 325 Ι
2556 312 2570 326 .

463 396 581 439 ηπ
608 378 891 437 sententia:
923 378 1104 435 favere
1132 376 1461 443 arbitratur;
1492 377 1546 432 in
1574 392 1683 447 qua
1716 378 1785 434 de
1813 376 2024 431 duabus
2053 382 2094 437 Α
2125 375 2383 440 montius,
2418 374 2543 430 data
2580 382 2666 429 est
2711 371 2777 426 ad
2825 367 3083 442 Cyrillum
3126 362 3549 421 Alcm
3592 362 3698 432 qui

463 474 521 530 iu
566 472 787 528 Christo
817 470 1028 526 naturis
1059 469 1139 525 sic
1180 469 1418 538 loquitur
1445 468 1721 524 Isidorus:
1781 487 1799 520 ε
1848 467 2029 534 Quare

461 565 586 619 vide
615 579 685 619 ne
714 576 877 617 unam
902 570 1110 615 tantum
1137 570 1259 630 post
1283 560 1707 615 incarnationem
1736 559 1791 613 in
1813 559 2029 613 Christo

458 647 2026 720 madpinmenimtoﬂigquim

462 752 672 799 tantum
689 742 999 806 conﬁtetur,
1027 739 1211 794 divina
1238 740 1698 802 acilium,
1728 738 1817 793 vel
1842 746 2028 793 nostra

460 835 766 889 inminuta.
800 852 826 884 ο
874 861 949 873 -
975 832 1133 899 idem
1176 844 1371 902 quarto
1405 831 1527 886 loco
1571 829 1780 901 profert
1823 831 2026 901 episto-

464 926 567 979 lam
595 924 672 994 (α)
718 924 785 979 ad
815 923 1113 993 Cyrillum,
1163 922 1229 977 ad
1285 936 1443 991 quem
1485 921 1677 976 scribit
1729 922 1967 976 Isidorus
2008 938 2023 975 :

467 1036 487 1067 ι
513 1015 664 1082 Quod
693 1030 823 1069 vero
853 1029 1099 1069 summus
1118 1013 1360 1067 oumium
1392 1026 1572 1067 rerum
1591 1011 1849 1067 Dominus
1865 1014 2027 1067 homo

460 1124 587 1163 vere
608 1108 782 1162 factus
802 1113 883 1160 est
902 1144 918 1167 ,
950 1120 1123 1174 neque
1153 1104 1221 1158 ab
1244 1118 1311 1158 eo
1328 1142 1344 1169 ,
1372 1103 1514 1173 quod
1536 1112 1672 1169 erat,
1698 1104 2023 1174 demigrans,

459 1212 635 1266 neque
670 1196 724 1251 id
746 1237 762 1258 ,
796 1197 936 1263 quod
981 1213 1088 1250 non
1131 1204 1248 1251 erat
1272 1236 1288 1258 .
1323 1212 1608 1252 assumens
1633 1236 1650 1263 ,
1695 1213 1762 1253 ex
1813 1199 2025 1254 duabus

458 1289 667 1343 naturis
699 1302 839 1342 unus
878 1286 1045 1341 Filius
1066 1286 1349 1351 exsistens,
1368 1299 1520 1343 ortus
1548 1304 1612 1343 ac
1643 1289 1766 1344 finis
1789 1305 1982 1359 expers
2002 1330 2020 1356 ,

457 1393 646 1432 recens
686 1385 742 1432 et
793 1378 1196 1446 sempiternus,
1248 1393 1317 1433 ne
1367 1379 1483 1449 ipse
1537 1380 1753 1449 quidem
1804 1382 2014 1436 inficias

457 1469 605 1524 ieris.
642 1488 662 1521 ι
708 1499 780 1510 -
816 1469 1057 1539 Denique
1086 1469 1154 1524 ab
1182 1470 1369 1525 eodem
1416 1471 1703 1526 laudantur
1736 1471 1923 1526 lsidori
1953 1474 2020 1528 ad

455 1559 820 1616 Theodosium
852 1562 1139 1617 diaconum
1161 1563 1367 1625 litterae,
1393 1563 1444 1615 in
1465 1565 1663 1632 quibus
1686 1565 1798 1619 base
1819 1568 2019 1635 scripta

457 1651 803 1706 inveniuntur
833 1670 849 1707 :
886 1672 904 1705 ι
937 1651 1069 1707 Nam
1099 1654 1198 1709 etsi
1230 1654 1319 1708 Dei
1350 1653 1516 1709 Filius
1545 1670 1763 1711 carnem
1804 1672 2018 1712 assmu-

454 1738 579 1808 psit,
606 1740 857 1795 Christus
891 1750 1069 1796 tamen
1100 1758 1212 1797 non
1262 1759 1447 1799 merus
1492 1746 1652 1799 homo
1687 1746 1860 1800 factus
1894 1756 2013 1811 est;

451 1831 583 1899 quin
615 1832 797 1900 potius
826 1847 953 1887 cum
1012 1833 1308 1888 humanum
1340 1836 1587 1891 indueret
1617 1852 1847 1905 corpus,
1879 1855 2020 1894 unus

449 1922 656 1977 exstitit
683 1924 737 1977 in
774 1923 985 1980 duabus
1012 1926 1219 1981 naturis
1247 1926 1339 1981 Dei
1369 1928 1538 1984 Filius
1565 1930 1658 1998 (ὁ).
1690 1948 1709 1981 ι
1767 1960 1803 1972 -

520 2034 782 2090 isidorum
840 2037 894 2091 in
951 2038 1034 2093 his
1088 2040 1249 2095 modo
1290 2056 1320 2094 a
1366 2056 1453 2095 me
1489 2042 1664 2097 allatis
1704 2050 1890 2098 contra
1924 2059 1991 2099 eo

449 2122 669 2188 dixisse,
700 2125 794 2195 qui
822 2126 906 2181 vel
927 2127 1157 2182 duarum
1202 2139 1516 2184 naturarum
1546 2132 1601 2185 in
1635 2132 1852 2189 Christo
1882 2151 1985 2189 con

453 2214 724 2269 fusionem
765 2227 822 2270 et
845 2217 1000 2286 quasi
1042 2218 1349 2274 mistionem
1391 2230 1709 2286 statuerent,
1742 2223 1825 2277 vel
1851 2241 2013 2278 unam

448 2314 657 2360 tantum
708 2318 1068 2377 agnoscerent
1116 2310 1244 2363 Jesu
1293 2310 1494 2365 Christi
1537 2323 1806 2378 naturam,
1854 2331 2016 2370 nemo

446 2412 556 2450 non
582 2397 747 2452 videt.
771 2398 974 2453 Deinde
995 2401 1367 2471 unusquisque
1393 2404 2016 2461 concedetTillemontio

444 2486 681 2557 aliisque
722 2490 842 2556 ejus
869 2489 1112 2559 opinioni
1172 2491 1501 2558 faventibus,
1545 2510 1669 2549 eum
1700 2496 1777 2549 sic
1814 2497 1881 2551 de
1933 2498 2015 2553 his

445 2580 610 2634 rebus
642 2579 881 2634 locutum
937 2596 1078 2645 esse,
1112 2592 1171 2636 ut
1206 2583 1299 2652 qui
1347 2584 1574 2638 haaresin
1626 2586 2013 2657 Eutychianam

445 2670 698 2725 refellere
746 2670 893 2733 velit,
928 2671 1071 2725 illius
1150 2673 1308 2729 dictis
1352 2684 1574 2744 optume
1604 2678 1681 2731 uti
1710 2679 1882 2747 possit
1916 2679 2011 2749 (c);

444 2775 624 2829 neque
650 2769 830 2814 tamen
862 2761 988 2816 inde
1027 2764 1381 2833 consequitur
1406 2765 1667 2820 lsidorum
1715 2768 1783 2822 de
1846 2768 2016 2839 Euty-

442 2852 562 2908 chis
586 2853 828 2907 doctrina
848 2852 899 2907 in
918 2853 1021 2908 illis
1036 2854 1210 2925 egisse
1228 2856 1489 2926 epistolis.
1513 2856 1723 2912 Etenim
1745 2858 2014 2931 Eutychos

446 2960 642 2999 novam
662 2960 769 2999 non
795 2946 1026 3016 protulit
1060 2947 1384 3014 doctrinam,
1421 2950 1513 3004 sed
1540 2960 1665 3005 ante
1684 2966 1808 3005 eum
1862 2953 2013 3007 multi

2128 482 2272 521 anno
2328 466 2432 521 4H
2476 468 2618 521 diem
2681 477 2997 535 supremum
3052 460 3208 515 obiit.
3248 457 3392 527 Ergo
3435 455 3599 508 haece
3636 454 3701 507 in

2124 558 2350 628 epistola
2396 558 2638 614 Isidorus
2674 557 2748 613 de
2798 554 3056 625 Eutychis
3104 550 3348 607 doctrina
3396 547 3539 617 loqui
3583 561 3699 600 non

2124 650 2320 719 potuit.
2360 650 2626 719 Exposuit
2655 658 2834 703 autem
2867 647 2922 701 in
2971 645 3059 699 illa
3087 641 3412 699 sententiam
3445 654 3594 694 suam
3622 637 3700 691 de

2125 740 2335 795 duabus
2393 740 2447 795 in
2494 740 2709 795 Christo
2745 738 2949 793 naturis
3006 737 3196 792 eodem
3248 732 3407 789 modo
3442 728 3699 800 atquein

2127 830 2345 900 reliquis
2390 846 2525 901 quas
2557 831 2647 885 ille
2700 828 2953 883 laudavit.
2985 826 3163 897 Quare
3189 823 3440 894 equidem
3484 820 3696 875 nullam

2125 936 2345 975 causam
2391 921 2567 986 video,
2623 936 2721 974 cur
2784 920 2882 974 has
2939 932 3130 973 omnes
3194 915 3398 971 seriore
3448 920 3699 983 tempore

2126 1012 2351 1082 scriptas
2377 1027 2496 1067 esse
2522 1011 2865 1068 statuendum
2901 1009 2990 1065 sit.

2192 1122 2296 1178 Sed
2327 1123 2379 1177 in
2412 1124 2495 1179 his
2523 1123 2683 1178 nobis
2729 1138 2838 1177 non
2867 1119 3319 1190 acquiescendum
3347 1126 3453 1182 est,
3498 1131 3695 1171 verum

2124 1214 2434 1279 videndum,
2457 1229 2584 1268 num
2613 1214 2771 1284 paulo
2794 1212 3095 1267 accuratius
3123 1226 3231 1280 quo
3251 1221 3491 1280 tempore
3528 1208 3700 1267 Isido-

2125 1321 2217 1360 rus
2273 1306 2433 1360 basce
2482 1305 2761 1375 scripserit
2801 1288 3058 1374 epistolas
3111 1302 3338 1357 definire
3395 1301 3691 1372 possimus.

2125 1394 2349 1465 Scripsit
2424 1406 2624 1461 autem,
2690 1396 2745 1451 ni
2802 1396 2973 1460 fallor,
3050 1411 3143 1450 eas
3202 1410 3393 1449 omnes
3443 1409 3529 1456 eo,
3582 1407 3697 1462 quo

2123 1485 2424 1541 Orientales
2476 1487 2713 1558 episcopi
2760 1502 2883 1542 cum
2944 1486 3142 1557 Cyrillo
3183 1486 3251 1540 de
3293 1482 3527 1539 Nestorii
3556 1499 3697 1539 con-

2122 1578 2464 1633 demnatione
2515 1589 2675 1649 atque
2724 1579 2792 1634 de
2847 1580 3057 1633 duabus
3104 1578 3159 1631 in
3208 1576 3429 1633 Christo
3477 1575 3696 1630 naturis

2120 1679 2416 1733 certarunt,
2466 1678 2728 1739 tempore.
2789 1668 3022 1724 Joannes
3094 1669 3239 1723 enim
3293 1667 3693 1731 Antiochenus,

2121 1761 2273 1829 cujus
2303 1776 2493 1829 magna
2545 1770 2661 1815 erat
2684 1760 2824 1830 apud
2864 1760 3099 1815 Orientis
3135 1761 3419 1829 episcopos
3445 1759 3694 1813 auctori-

2122 1861 2225 1915 tas,
2259 1852 2435 1922 Cyrilli
2472 1860 2659 1906 contra
2706 1851 3012 1905 Nestorium
3055 1851 3400 1905 anathemata
3444 1851 3694 1920 Appelli-

2118 1941 2265 1995 naris
2323 1941 2623 1995 doctrinam
2674 1940 2917 1994 redolere
2971 1940 3285 2002 arbitratus,
3343 1934 3503 1995 simul
3561 1957 3692 1996 cum

2117 2028 2454 2085 Theodoreto
2488 2030 2705 2102 Cyrensi
2736 2041 2792 2085 et
2808 2031 3019 2085 Andrea
3054 2032 3429 2097 Samosatcno,
3454 2033 3546 2102 qui
3571 2033 3693 2102 jam

2115 2130 2241 2176 ante
2286 2123 2573 2177 concilium
2619 2122 2951 2188 Ephesinum
2985 2131 3172 2177 contra
3221 2125 3532 2193 episcopum
3560 2124 3695 2179 Ale-

2114 2212 2436 2267 xandrinum
2486 2214 2834 2283 scripserant,
2887 2215 3031 2267 hunc
3085 2214 3314 2269 duarum
3370 2216 3426 2269 in
3467 2215 3694 2271 Christo

2114 2317 2427 2361 naturarum
2468 2306 2775 2361 mistionem
2813 2314 2868 2361 et
2901 2307 3276 2362 confusionem
3318 2307 3567 2363 docuisse
3594 2324 3690 2361 ar-

2114 2399 2368 2468 guebant.
2417 2396 2572 2463 Quod
2617 2398 2720 2453 etsi
2765 2398 2855 2452 ille
2884 2399 3028 2451 onmi
3060 2399 3240 2453 studio
3287 2415 3316 2453 a
3366 2416 3425 2454 se
3470 2400 3688 2454 amoliri

2114 2497 2339 2544 conatus
2391 2488 2639 2543 Eunomii
2678 2498 2733 2542 ct
2776 2488 3102 2557 Apollinaris
3148 2490 3449 2545 doctrinam
3495 2490 3687 2545 falsam

2114 2590 2299 2649 aperte
2320 2579 2627 2644 declaravit,
2660 2578 3034 2648 lsidorumque
3070 2596 3179 2633 non
3200 2581 3284 2635 ab
3320 2580 3682 2637 Orientalium

2114 2670 2357 2741 partibus
2397 2670 2609 2723 stetisse
2650 2676 2882 2736 constat,
2928 2680 3109 2725 tamen
3163 2670 3455 2739 Pelusiota,
3513 2690 3680 2743 quam

2114 2771 2306 2831 quarto
2345 2761 2462 2815 loco
2492 2760 2770 2829 posuimus
2811 2761 3094 2830 epistolam
3124 2778 3190 2817 eo
3219 2763 3443 2819 consilio
3482 2764 3687 2835 Cyrillo

2114 2851 2328 2905 videtur
2358 2850 2572 2906 misisse
2605 2860 2665 2905 ut
2695 2852 2744 2906 ei
2772 2852 2935 2906 nimis
2960 2853 3173 2909 incaute
3198 2870 3359 2908 unam
3387 2856 3440 2909 in
3462 2855 3686 2913 Christo

2116 2952 2382 3006 naturam,
2418 2943 2576 2997 Verbi
2615 2944 2820 2998 scilicet
2853 2945 3206 3010 incarnatam,
3232 2947 3446 3002 docenti
3476 2958 3681 3003 rectam

445 3035 746 3090 cthaeretiei
765 3045 819 3090 et
842 3036 1202 3103 ortliodoxi,si
1225 3054 1330 3092 non
1354 3040 1562 3105 eadem,
1582 3050 1800 3095 atcerte
1820 3042 2014 3096 similia
2041 3051 2083 3109 c
2118 3050 2407 3103 veramque
2438 3035 2506 3089 de
2537 3035 2745 3089 duabus
2776 3035 2829 3089 in
2874 3035 3090 3091 Chrile
3129 3038 3336 3093 naturis
3377 3040 3681 3094 doctrinam

440 3136 840 3195 proposuerunt
882 3125 1130 3195 dogmata
1190 3128 1287 3194 id).
1344 3127 1521 3192 Quare
1572 3129 1892 3184 Pelusiotam
1946 3131 2014 3185 de

442 3212 879 3284 Eutychianismo
918 3224 1045 3267 ante
1087 3214 1365 3285 Eutychen
1402 3216 1638 3271 locutum
1669 3233 1789 3275 esse
1821 3219 2010 3274 existi-

442 3319 552 3359 mo.
587 3304 720 3358 Nam
760 3305 863 3359 etsi
905 3306 1051 3374 quod
1093 3320 1255 3375 supra
1299 3306 1407 3374 jam
1447 3310 2008 3374 commemoravimus,

440 3396 649 3451 scilicet
709 3396 872 3464 hujus
928 3395 1165 3451 haeretici
1244 3397 1576 3451 mentionem
1637 3398 1691 3452 in
1766 3400 2010 3469 epistolis

440 3501 720 3555 nunquam
764 3486 961 3540 factam
1004 3502 1145 3552 esse,
1190 3488 1411 3543 minoris
1455 3491 1710 3544 momenti
1750 3507 1889 3551 esse.
1931 3493 2015 3546 lu-

440 3575 634 3630 benter
700 3574 891 3642 fateor,
950 3583 1129 3629 tamen
1180 3590 1304 3629 cum
1388 3577 1550 3643 aliud,
1606 3578 1779 3647 quod
1832 3579 2016 3648 paucis

440 3668 815 3738 explicandum
883 3676 987 3731 est,
1044 3670 1264 3723 accedat
1336 3679 1763 3739 argumentum,
1839 3686 2013 3725 meam

441 3769 603 3816 teneo
656 3760 999 3816 sententiam.
1048 3791 1120 3803 --
1175 3760 1441 3831 Eutychos
1484 3761 1638 3816 valde
1686 3762 1795 3831 jam
1826 3778 2012 3828 senex,

442 3859 503 3906 ut
544 3851 619 3905 ait
652 3851 979 3907 Moshemius
1028 3853 1078 3906 in
1114 3852 1344 3907 Historia
1389 3870 1486 3906 sua
1531 3854 1876 3907 ecclesiastica
1918 3854 2009 3926 (e),

440 3958 551 4011 quo
580 3941 1010 4004 Nestorium,cui
1034 3944 1382 3998 vehementer
1407 3944 1650 3999 infensus
1694 3954 1828 4008 erat,
1863 3954 2011 3999 tanto

440 4031 635 4087 fortius
695 4032 1033 4101 reprimeret,
1104 4048 1248 4087 anno
1332 4033 1436 4088 448
1504 4034 1775 4088 docebat:
1848 4051 2009 4088 unam

443 4131 648 4175 tantum
677 4138 783 4175 esse
813 4123 867 4175 in
897 4120 1101 4176 Christo
1128 4133 1376 4175 naturam
1406 4122 1557 4176 Verbi
1600 4141 1715 4177 vere
1758 4125 2009 4178 incarna-

443 4223 554 4268 tam
584 4213 668 4283 (Γ).
715 4212 832 4268 Una
870 4223 1050 4269 autem
1084 4230 1148 4269 ex
1188 4215 1447 4285 epistolis,
1473 4232 1607 4286 quas
1637 4216 1815 4270 attulit
1846 4214 2009 4270 Tille-

443 4389 574 4461 μίαν
609 4388 707 4463 ’τοῦ
741 4389 1001 4463 Χ-ριᾳξτοῦ.
1032 4388 1206 4463 V_ulgo
1248 4392 1526 4463 legebatur
1554 4411 1566 4446 :

443 4459 527 4533 ᾲιγ
572 4459 669 4533 τὴν
714 4460 806 4533 τρῦ
854 4461 1086 4533 Χριστοῦ
1117 4459 1179 4501 -ὲ
1216 4459 1376 4530 φύᾶιν
1411 4465 1546 4532 μετὰ
1587 4459 1691 4533 τὴν
1722 4459 2009 4531 Ισάρκωσίν

445 4530 595 4602 δέξῃ.
618 4530 871 4602 βατέρᾳς
900 4532 1010 4602 γάρ
1038 4533 1183 4583 ἐστιν
1232 4530 1507 4602 ἁναίρέσις
1540 4535 1573 4602 ἡ
1621 4530 1749 4602 περὶ
1786 4530 1914 4602 μιᾶς
1940 4562 2011 4573 -

440 4598 575 4671 cod;
615 4598 741 4671 Dav.
776 4598 929 4671 μξᾳν,
976 4598 1119 4667 vulg.
1162 4598 1374 4655 additur
1418 4598 1619 4655 τούτών
1666 4598 1807 4671 quod
1860 4612 2005 4657 auct.

441 4670 599 4723 codd.
642 4669 769 4724 Bav.
821 4669 943 4724 Vat.
993 4671 1094 4725 6l9
1121 4709 1134 4727 .
1164 4682 1220 4724 et
1265 4672 1372 4725 Alt.
1410 4669 1733 4740 ejiciendum
1783 4683 1902 4735 est,
1937 4702 2007 4712 —~

442 4740 866 4806 συγκατάθεσις·
909 4740 943 4812 ἢ
974 4742 1070 4811 τῆς
1102 4740 1248 4804 θείας
1274 4742 1610 4812 τραπείσης,
1654 4743 1686 4813 ἢ
1719 4743 1817 4812 τῆς
1847 4742 2006 4813 ἡμῶν

444 4809 789 4863 μειωθεῑτης.

487 4826 664 4863 ειωυει
677 4827 789 4863 της.

443 4827 789 4881 μειωυειτης.

503 4883 590 4951 (αἱ
618 4880 733 4951 Lib.
766 4896 815 4951 _t,
839 4894 925 4949 ep.
967 4879 1073 4933 523
1096 4897 1109 4933 :
1136 4911 1207 4919 —
1233 4880 1359 4951 ’Ὅτι
1403 4879 1459 4933 δὲ
1501 4881 1750 4951 ἀληθινὸς
1779 4897 1869 4934 και
1912 4883 2005 4951 ἐξ).

442 4950 658 5003 πάντων
690 4948 822 5012 Θεὸς
846 4948 1177 5018 ,ίᾶνορῳπος
1207 4950 1425 5016 γέγονεν
1460 4948 1696 5018 ἀληθῶς,
1729 4952 1853 5004 οὔτε
1886 4951 1913 5003 ὃ
1938 4949 2005 5018 ἦν

439 5021 669 5091 τραπεὶς
693 5058 707 5078 .
746 5020 835 5070 καὶ
865 5019 893 5071 ὃ
916 5015 1015 5071 οὐδὲ
1049 5015 1115 5086 ἦν
1151 5015 1487 5088 προέλαϐὼν,
1525 5015 1587 5073 Ex
1611 5021 1823 5088 φύσεων
1860 5015 2005 5075 δυ’,ἷν

439 5119 511 5129 -——
547 5088 668 5144 eod.
705 5089 831 5143 Bav.
874 5090 931 5141 ὲν
964 5088 1155 5156 φύσεσι
1181 5089 1298 5141 δυσί
1326 5121 1396 5129 -—
1419 5093 1445 5143 ὁ
1469 5086 1547 5153 εἷς
1581 5092 1841 5156 ὑπάρχων
1873 5092 2001 5153 Υἱὸς

442 5119 511 5129 -
547 5110 668 5144 eoa.
705 5110 831 5143 Dav.
874 5110 931 5141 εν
964 5110 1155 5156 φυσεσι
1181 5110 1297 5141 osa:
1326 5121 1396 5129 -—
1419 5110 1445 5143 ο
1469 5110 1547 5153 εις
1581 5110 1841 5160 υπαρχων
1882 5110 1900 5143 ι
1924 5110 2001 5153 to;

442 5160 680 5230 ἄναρχος
714 5159 808 5211 καὶ
836 5159 1163 5230 ἀπέραντος,
1206 5160 1513 5230 πρόσφατος
1552 5163 1645 5214 καὶ
1679 5163 1864 5224 ἀΐδιος,
1891 5161 2001 5215 οὐδ’

442 5230 509 5284 ἂν
541 5229 700 5282 αὐτὸς
725 5229 1039 5298 ἁρνηϐείης.

516 5302 585 5366 (ο)
616 5298 732 5353 Lib.
755 5315 805 5371 ⁸ι,
849 5314 937 5368 ep.
972 5299 1113 5371 eos;
1147 5298 1296 5371 -A—_E‘t
1318 5298 1430 5371 γὰρ
1456 5300 1545 5352 καὶ
1578 5299 1711 5371 σὰρξ
1742 5299 1942 5369 ἀληθὴς
1974 5301 2002 5353 ὁ

439 5369 611 5450 ᾼὸγοὲ
640 5368 951 5450 τεγένηττιῖξ,
1122 5368 1182 5419 οὐ
1213 5368 1365 5433 ψιλὸς
1386 5368 1997 5450 ᾷνρρωποζ-ριΧριΞέόςο

443 5438 868 5508 ἔνανορώπησας
890 5439 945 5491 δὲ
977 5438 1175 5508 μᾶλλον
1215 5469 1278 5508 Α-
1308 5440 1591 5508 εοάηῐιςιγ.
1623 5438 1820 5506 pinos
1848 5440 1903 5492 δὲ
1931 5471 2000 5480 -

446 5508 583 5579 95b;
612 5506 668 5579 ἐν
702 5506 994 5579 ἑκατέραις
1019 5511 1136 5569 ταῖς
1156 5506 1380 5579 φῷνσεσιν
1409 5507 1487 5573 εἷς
1519 5509 1834 5579 ὑπάρχει-
1860 5510 1994 5564 Cod.

448 5576 575 5703 Et
607 5578 963 5703 undeixqw—
993 5579 1115 5643 Υἱὸς
1144 5578 1236 5631 τοῦ
1256 5610 1323 5619 ——
1345 5580 1485 5651 quod
1513 5576 1775 5637 omittitur
1796 5580 1848 5635 in
1877 5580 1994 5635 eod.

526 5664 577 5703 γ.
600 5678 668 5689 --
771 5665 851 5703 au.
884 5679 952 5690 --

526 5664 577 5706 κ’.
600 5678 668 5689 ·“·“·
694 5664 851 5705 σεῦυ.
884 5679 952 5690 ·-

1620 4394 1800 4481 et???
1842 4392 2005 4481 δόκη-
2036 4384 2082 4440 θ

2116 3125 2168 3177 in
2220 3126 2460 3179 animum
2520 3134 2818 3180 revocaret.
2866 3156 2937 3167 —-
2988 3127 3185 3183 Eodem
3239 3138 3480 3200 tempore
3534 3146 3680 3197 eam,

2112 3229 2271 3283 quam
2324 3214 2494 3267 altero
2535 3216 2808 3285 tetigimus
2849 3216 2988 3278 loco,
3020 3217 3324 3286 epistolam,
3380 3220 3681 3290 eodemque

2110 3318 2301 3356 omnes
2351 3304 2584 3371 reliquas
2636 3320 2665 3357 a
2712 3304 2868 3360 nobis
2922 3316 3390 3373 commemoratas,
3438 3310 3681 3379 exceptis

2110 3394 2216 3448 illis
2262 3394 2327 3448 ad
2358 3394 2746 3465 Hermogenem
2776 3395 2988 3462 litteris,
3032 3397 3259 3466 scriptas
3287 3412 3408 3453 esse
3455 3413 3674 3455 censeo.

2112 3485 2237 3539 Haec
2266 3495 2467 3547 autem,
2532 3500 2728 3554 nempe
2778 3486 3005 3555 epistola
3068 3486 3385 3557 Hermogcni
3450 3489 3676 3559 scripta,

2115 3587 2228 3629 tum
2270 3576 2485 3630 demum
2515 3577 2756 3630 confecta
2788 3587 2891 3638 est,
2924 3577 3014 3632 ubi
3064 3577 3293 3649 Cyrillus
3344 3581 3399 3633 in
3444 3581 3675 3649 gratiam

2112 3683 2232 3723 cum
2291 3668 2556 3737 episcopis
2607 3668 2969 3723 Orientalibus
3029 3684 3173 3724 anno
3242 3670 3346 3726 454
3416 3673 3673 3727 redierat.

2112 3758 2472 3824 Quamobrem
2533 3774 2640 3813 non
2697 3759 2884 3813 dubito
2931 3761 3062 3829 quin
3115 3761 3350 3816 Isidorus
3409 3764 3676 3832 scribens,

2113 3850 2398 3920 Aigyptum
2438 3866 2468 3903 a
2524 3849 2819 3904 fortissimo
2847 3866 3061 3920 quoque
3119 3852 3403 3908 hmresium
3460 3855 3678 3925 exigere

2114 3940 2391 4003 tributum,
2434 3926 2501 3994 de
2527 3939 2741 4010 Cyrillo,
2791 3942 2883 4010 qui
2934 3943 3214 4012 hucusque
3260 3930 3677 4001 strenuissimus

2111 4031 2285 4085 fuerat
2340 4047 2480 4085 vera:
2532 4030 2653 4084 ﬁdei
2719 4031 2989 4096 defensor,
3052 4034 3240 4103 egerit.
3312 4034 3471 4089 Stetit
3525 4036 3673 4090 enim

2110 4124 2346 4178 Isidorus
2403 4140 2433 4178 a
2484 4124 2728 4193 partibus
2786 4140 2974 4178 eorum
3036 4128 3109 4194 (g)
3142 4167 3157 4191 ,
3212 4127 3302 4195 qui
3357 4128 3674 4198 episcopum

2109 4217 2529 4271 Alexandrinum
2548 4228 2850 4287 propterea,
2880 4218 3021 4287 quod
3045 4234 3227 4289 pacem
3250 4219 3449 4285 inierit,
3474 4221 3675 4277 acriter

2183 4391 2252 4461 (ε)
2288 4392 2353 4445 Ει
2379 4406 2565 4445 revera
2590 4391 2847 4447 Leontius
2878 4391 3204 4461 Byzantinus
3228 4393 3280 4447 in
3307 4394 3457 4450 libris
3481 4407 3672 4455 contra

2110 4461 2415 4515 Nestorium
2446 4471 2499 4514 ct
2525 4462 2801 4531 Eutychen
2825 4472 3085 4515 memorat
3110 4464 3293 4516 lsidori
3320 4466 3387 4518 ad
3418 4466 3673 4521 Theodo-

2109 4532 2249 4604 sium
2284 4533 2686 4604 presbyterum,
2718 4533 3060 4604 Timotheum
3104 4533 3382 4604 lectorem,
3413 4537 3670 4604 Cyrillum

2108 4602 2528 4670 Alexandrinum
2558 4603 2814 4670 gallosque
2863 4602 3133 4670 epistolas.
3162 4602 3273 4656 Cfr.
3326 4602 3559 4659 Maxima
3589 4608 3671 4660 bi-

2108 4672 2355 4725 bliotltem
2392 4669 2508 4724 VV.
2548 4669 2657 4723 PP.
2688 4669 2816 4725 tom.
2844 4669 2932 4730 IX.
2968 4686 3019 4739 p.
3051 4674 3170 4734 681,
3198 4674 3320 4737 682,
3352 4674 3473 4727 685.

2179 4741 2588 4813 (dt_('.hristiani
2627 4742 2856 4813 Augusti
2894 4742 3075 4810 Saligii
3116 4744 3182 4796 de
3236 4745 3668 4813 etttycltianismo

2105 4822 2230 4864 ante
2261 4811 2535 4879 Eutychen
2557 4849 2570 4869 ,
2596 4812 2709 4865 sive
2753 4812 2819 4881 de
2847 4813 3260 4881 eutyehianismi
3292 4811 3415 4867 vere
3439 4831 3501 4870 ac
3535 4818 3670 4870 falso

2105 4881 2385 4954 suspectis,
2425 4888 2681 4954 tractatus
2718 4880 3007 4954 historicas
3037 4893 3093 4936 et
3132 4884 3488 4954 theologicus.
3518 4885 3570 4937 ἢ
3585 4887 3670 4942 ol-

2106 4950 2416 5005 fenbuttelze
2447 4951 2600 5010 1723,
2637 4951 2771 5004 in-l.

2176 5024 2247 5091 (ς)
2272 5019 2549 5091 Moshemt
2574 5018 2708 5091 Ilist.
2738 5019 2859 5091 eccl.
2894 5035 2945 5087 p.
2982 5019 3108 5075 223.
3133 5019 3158 5091 §
3187 5022 3270 5076 15.

2174 5090 2240 5155 (Γ)
2291 5089 2468 5157 Ipsum
2506 5088 2766 5168 .Cyrillum
2806 5090 2967 5143 haccc
3015 5088 3241 5144 formula
3276 5090 3472 5162 sapius
3507 5109 3665 5150 usum

2101 5174 2241 5215 esse.
2270 5168 2480 5214 constat
2507 5168 2645 5211 Inter
2673 5174 2885 5213 omnes.

2173 5232 2245 5299 (τι)
2312 5230 2400 5280 Sic
2441 5230 2917 5282 stomachahantur
2974 5229 3206 5300 Aeacius
3260 5229 3661 5300 Melitenensis,

2101 5297 2391 5352 Sui-cessus
2438 5300 2532 5351 Dio
2560 5300 2932 5360 Ctesarcensis,
2981 5297 3291 5354 Valerianus
3332 5297 3666 5365 leonicnsis,

2100 5371 2316 5437 aliique.
2355 5385 2544 5421 omnes
2579 5369 2830 5439 Cyrillum
2864 5369 3668 5439 vituperantes,qumlintlrien-

2101 5436 2313 5501 Litium,
2342 5440 2431 5506 qui
2465 5453 2679 5510 omnem
2724 5436 3393 5510 unionemhhypostaticam
3433 5443 3663 5510 rejccis-

2100 5508 2609 5633 senéhgonsenscrit
2647 5523 2823 5563 voces.
2852 5507 2935 5562 Cf.
2986 5506 3150 5581 Salig.
3208 5510 3244 5574 Ι,

2103 5596 2151 5633 n.
2248 5596 2261 5631 ι
2309 5619 2321 5633 .

2100 5596 2151 5650 p.
2199 5580 2321 5633 275.

3302 5526 3349 5567 c.
3397 5528 3514 5583 cap.
3570 5514 3660 5579 28,
