3924 6416
207 326 272 391 ι)
1394 331 1574 391 VITA
1618 326 1908 389 Ismeni
1951 324 2212 386 PELUS.
3365 322 3439 387 30

206 440 557 509 rituperarunt
600 434 694 506 (a).
725 434 931 492 Scribit
957 438 1105 493 enim
1160 438 1226 494 ad
1279 438 1429 495 illum
1459 438 1591 494 alibi
1625 438 1701 509 (ι)
1734 455 1749 490 :
1784 448 1825 497 Α
1859 436 2059 489 virtute
2085 447 2289 487 vacuus
2318 445 2545 485 munere
2570 430 2687 484 solo
2712 443 2831 485 sese
2874 428 3060 498 iactat.
3091 425 3221 483 Inde
3260 425 3325 483 It
3370 436 3440 482 ut

210 553 225 583 ι
254 529 461 599 Oportet
510 536 564 582 te
613 527 826 582 ﬁrmum
885 545 948 585 ac
998 540 1336 585 constantem
1387 546 1603 601 semper
1641 544 1753 583 ma-

204 635 331 683 nere;
356 618 430 672 sic
459 632 656 687 nempe
692 627 753 671 ut
794 633 897 672 nec
935 629 1083 673 metu
1128 622 1367 675 caelestia
1397 620 1616 691 prodas,
1649 633 1752 672 nec

204 719 355 763 tecum
386 706 500 776 ipse
530 722 767 777 pugnare
806 707 1057 761 videaris.
1093 708 1201 764 Sed
1230 710 1277 764 si
1315 725 1436 779 quae
1465 724 1611 764 nunc
1653 709 1751 763 abs

205 813 248 857 te
271 800 454 870 scripta
482 808 612 853 sunt
638 815 761 853 cum
791 799 895 853 illis
918 811 1082 854 antea
1116 811 1220 857 ate
1248 804 1512 858 confessis
1530 818 1751 871 compa-

203 900 382 953 rantur,
404 898 498 943 aut
530 888 826 944 adulationi
854 890 1125 945 obnoxius
1167 906 1289 947 esse
1336 892 1623 952 videberis.
1660 904 1753 946 aut

202 982 406 1038 levitatis
434 980 703 1047 minister,
754 990 814 1035 ut
850 981 944 1051 qui
989 982 1135 1035 inani
1189 983 1373 1053 gloria:
1406 984 1749 1049 succumbas,

202 1089 292 1126 non
325 1081 500 1125 autem
533 1087 853 1142 magnorum
878 1080 934 1125 et
965 1082 1276 1126 sanctorum
1306 1074 1542 1143 pugilum
1572 1083 1751 1127 certa-

200 1160 321 1215 mina
372 1158 625 1221 imiteris,
681 1161 773 1228 qui
829 1174 927 1229 per
959 1176 1178 1214 omnem
1226 1162 1390 1216 vitam
1448 1162 1502 1215 in
1565 1171 1749 1216 extera

200 1250 387 1321 regione
402 1250 579 1320 premi
612 1264 676 1304 ac
701 1249 880 1303 vexari
918 1250 1099 1319 potius
1126 1251 1224 1304 sibi
1269 1251 1550 1306 ferendum
1582 1254 1745 1307 duxe-

201 1349 319 1406 runt,
348 1355 508 1411 quam
536 1352 599 1395 ut
627 1356 938 1412 perversam
970 1351 1063 1396 aut
1093 1342 1276 1398 falsam
1310 1344 1637 1398 sententiam
1668 1345 1752 1400 vel

198 1434 388 1488 auribus
415 1433 741 1503 exciperent
782 1433 873 1503 (c).
924 1452 942 1484 ι
992 1465 1061 1475 -
1088 1434 1429 1505 Quapropter
1456 1436 1753 1491 Tillemon-

201 1527 284 1581 tius
328 1540 629 1595 omnesque
683 1527 804 1595 ejus
845 1527 1133 1582 sententiae
1171 1528 1435 1590 faventes,
1485 1528 1753 1584 lsidorum

200 1630 318 1669 anno
337 1614 439 1670 με)
469 1615 557 1669 vel
615 1616 721 1671 450
751 1616 897 1669 inter
926 1616 1077 1671 vivos
1126 1618 1305 1672 adhuc
1351 1617 1519 1673 luisse
1547 1633 1614 1673 ex
1670 1619 1754 1673 his

199 1705 405 1776 epistolis
439 1714 653 1760 temere
682 1706 966 1773 collegisse
994 1707 1271 1761 videntur.

1852 527 1940 580 ille
1970 536 2226 594 tanquam
2259 523 2363 587 vir,
2423 521 2581 591 cujus
2624 520 2895 590 cegitandi
2951 529 3008 574 et
3056 519 3250 590 agendi
3299 520 3440 573 ratio

1850 618 2092 689 dignitati
2122 632 2235 671 sua:
2278 630 2503 686 prorsus
2542 613 2855 675 «inveniat.
2886 612 2954 667 ab
2992 610 3249 665 omnibus
3284 611 3439 665 cele-

1853 713 2059 775 hretur;
2089 710 2177 764 hic
2208 717 2463 777 tanquam
2486 706 2706 776 spurius
2732 712 2956 758 notetur
2980 702 3188 772 talique
3204 716 3437 757 munere

1853 803 2125 873 indignus.
2164 820 2181 853 ι
2218 799 2278 855 In
2318 801 2420 854 hac
2440 814 2572 853 vero
2608 798 2673 852 ad
2707 797 2985 851 Zenonem
3010 794 3241 865 epistola
3268 793 3440 849 εὔοδα

1854 895 2192 965 Hermogene
2226 891 2501 962 loquitur:
2551 909 2571 943 «ι
2607 890 2975 959 llermogeues
3034 888 3325 957 episcopus
3357 886 3441 941 vir

1854 988 2055 1058 probus
2078 994 2179 1047 est,
2207 984 2250 1038 si
2285 984 2407 1053 quis
2456 983 2614 1037 alius.
2648 981 2920 1035 Educatus
2950 980 3095 1034 enim
3141 980 3194 1033 in
3234 978 3439 1034 Christi

1859 1077 2000 1147 lege,
2028 1075 2292 1145 exemplis
2316 1074 2628 1144 apostolicis
2653 1071 2951 1133 institutus,
2979 1070 3237 1140 episeopo
3280 1070 3439 1140 digna

1853 1170 2095 1225 sentitet
2137 1167 2473 1236 exsequitur.
2497 1166 2677 1231 Quare
2708 1164 3051 1233 temporibus
3103 1162 3437 1217 convenien-

1855 1271 1962 1316 tem
1985 1258 2207 1331 gloriam
2252 1267 2536 1313 assecutus
2591 1265 2676 1311 est
2698 1264 2755 1309 et
2778 1256 3040 1309 honorem
3073 1253 3180 1323 (Ii).
3234 1252 3439 1308 invidia

1853 1350 2022 1415 enim,
2052 1365 2173 1420 quae
2208 1348 2342 1402 alios
2371 1348 2571 1403 virtute
2591 1346 2848 1415 prmditos
2875 1345 3050 1414 palam
3088 1344 3226 1398 solet
3261 1359 3437 1413 Oppu-

1861 1458 2048 1513 gnare.
2080 1442 2247 1508 hunc,
2278 1449 2503 1510 propter
2536 1436 2910 1492 incredibilem
2945 1450 3156 1490 morum
3177 1450 3435 1488 mansue-

1857 1535 2101 1589 tudinem
2152 1548 2216 1588 ac
2270 1532 2597 1602 singularem
2652 1528 2995 1590 modestiam,
3040 1542 3111 1582 ne
3188 1527 3437 1596 aspicere

1854 1619 2074 1689 quidem
2104 1617 2287 1672 audet.
2322 1635 2341 1667 ι
2372 1644 2442 1655 —
2488 1611 2716 1682 Reliqua
2764 1620 2825 1667 ut
2880 1611 3144 1666 addamus
3194 1626 3305 1665 non
3356 1619 3441 1667 εει

1855 1725 2118 1765 necesse:
2151 1706 2273 1779 qua:
2297 1707 2446 1762 enim
2476 1706 2637 1760 allata
2660 1712 2789 1758 sunt
2820 1703 2951 1759 satis
2990 1718 3265 1773 superque
3308 1716 3438 1772 pro-

255 1796 347 1851 Sed
387 1796 638 1851 etiamin
662 1812 733 1850 eo
772 1795 978 1851 fallitur
1008 1798 1098 1852 ille
1136 1800 1236 1868 (d),
1266 1799 1408 1869 quod
1447 1814 1513 1854 ex
1557 1798 1748 1855 lsidori
1784 1821 1823 1874 Β
1853 1801 1983 1855 haut
2012 1800 2276 1855 lsidorum
2327 1798 2494 1852 haece
2535 1796 2591 1851 in
2643 1795 2873 1864 epistola
2924 1809 3039 1848 non
3083 1793 3151 1847 de
3189 1791 3355 1864 gloria
3385 1801 3439 1846 et

199 1884 359 1938 liueris
386 1884 451 1938 ad
508 1883 847 1939 Marcionem
902 1887 1273 1957 presbyterum
1330 1889 1399 1958 (ε)
1458 1898 1515 1943 et
1583 1888 1754 1944 Zeno-

198 1991 299 2029 nem
331 1964 564 2046 (n'datis
593 1990 863 2046 apparere
892 1977 1208 2041 arbitratur,
1240 1993 1367 2031 eum
1410 1978 1752 2051 Hermogene

197 2064 557 2120 Rhinocorura:
580 2066 847 2136 episcopo
866 2067 976 2136 jam
1011 2077 1224 2122 mortuo
1256 2070 1398 2123 diem
1438 2085 1752 2139 supremum

196 2158 384 2211 abiisse.
423 2156 482 2210 In
513 2156 608 2212 illa
642 2157 791 2212 enim
838 2159 977 2213 duos
1009 2158 1319 2229 episcopos.
1358 2160 1754 2232 Hermogenem

198 2248 370 2302 scilicet
383 2249 559 2302 virum
578 2248 735 2318 pium
754 2248 1098 2319 iustumque,
1130 2267 1255 2305 cum
1281 2251 1513 2307 Eusebio
1535 2253 1756 2308 homine

204 2355 343 2409 pravo
356 2348 409 2394 et
424 2341 693 2403 scelesto,
711 2351 991 2411 comparat
1020 2351 1208 2395 auctor
1229 2342 1284 2394 in
1313 2342 1459 2396 hunc
1489 2343 1708 2397 modum
1738 2362 1751 2398 :

204 2450 219 2480 ι
251 2429 340 2494 Qui
379 2432 582 2486 virtute
640 2430 828 2486 clarus
865 2440 968 2496 est,
999 2431 1045 2485 is
1084 2432 1360 2502 geminum
1407 2432 1637 2487 habetur
1665 2447 1755 2486 sa-

200 2522 387 2577 cerdotii
416 2522 588 2577 decus
612 2531 673 2576 et
702 2532 1124 2588 ornamentum;
1156 2522 1249 2592 qui
1284 2538 1413 2578 vero
1434 2522 1755 2578 sacerdotali

201 2629 392 2669 munere
433 2613 665 2669 functus
705 2613 822 2668 solo
865 2621 1039 2668 tumet
1086 2615 1314 2680 honore,
1358 2616 1404 2670 is
1450 2630 1639 2670 revera
1686 2615 1756 2670 ad

202 2706 380 2777 spurius
419 2706 665 2777 reiectus
705 2715 811 2762 est.
865 2706 1053 2776 Itaque
1106 2706 1474 2779 Hermogenes
1525 2707 1609 2761 vir
1647 2707 1757 2764 Deo

202 2810 421 2869 acceptus
448 2798 775 2868 dignitatem
809 2800 1010 2868 recepit
1041 2798 1224 2854 virtuti
1271 2814 1385 2854 suae
1426 2799 1759 2854 convenien-

204 2898 290 2944 tem
318 2890 404 2961 t9).
435 2891 517 2947 Ad
565 2891 888 2945 facultatem
914 2892 1062 2946 enim
1113 2900 1402 2961 utramque
1456 2891 1756 2958 contendit,

202 2989 296 3034 tum
348 2982 639 3038 sacerdotii
692 2994 1078 3038 ornamentum
1139 2982 1367 3054 dignum
1430 2992 1759 3039 consecutus

203 3080 298 3127 tum
336 3073 547 3129 virtutis
567 3074 947 3143 maiestatem,
997 3090 1029 3129 a
1075 3074 1258 3129 divina
1301 3076 1471 3145 gratia
1517 3074 1758 3129 debitam

202 3165 553 3221 accessionem.
617 3164 695 3221 At
745 3164 1015 3221 Eusebius
1046 3166 1158 3221 Deo
1204 3165 1439 3220 infestus
1496 3165 1756 3234 oumique

257 3342 339 3413 (τι)
372 3342 489 3412 Ipse
538 3342 587 3398 Τ
590 3342 930 3398 illemontius
982 3342 1036 3397 in
1084 3341 1336 3413 Historia
1381 3340 1755 3413 ecclesiastica:

201 3410 436 3480 XV,
459 3429 514 3483 p.
543 3415 690 3477 115,
724 3422 826 3466 art.
872 3427 993 3468 vtu.
1027 3412 1197 3483 allata
1215 3412 1395 3483 haec-ee
1426 3413 1492 3483 ad
1520 3410 1754 3483 Herum-

202 3499 361 3555 geuem
391 3481 650 3555 epistola,
669 3483 869 3555 scribit
896 3502 909 3538 :
938 3481 1203 3538 Auroit-il
1240 3481 1392 3552 parlé
1420 3482 1487 3537 de
1518 3481 1585 3551 la.
1607 3490 1754 3535 sorte

202 3555 255 3610 de
282 3553 687 3625 saintVCyrille?

258 3625 319 3693 (ὁ)
348 3624 461 3679 Lib.
481 3621 527 3689 ἱ,
552 3640 652 3694 ep.
685 3623 813 3688 524,
861 3623 930 3679 de
953 3638 1058 3693 qua
1091 3622 1275 3694 Lupus
1308 3637 1526 3691 quoque
1559 3621 1613 3694 in
1646 3637 1750 3694 no-

204 3692 333 3749 tisad
355 3692 635 3749 variorum
660 3694 879 3748 Patrum
912 3692 1169 3762 epistolas
1194 3694 1229 3746 l.
1253 3708 1303 3746 c.
1340 3695 1453 3747 haec
1483 3692 1704 3761 scripsit
1731 3710 1742 3745 :

204 3763 264 3835 S.
296 3764 514 3835 Cyrillus
546 3764 683 3818 licet
716 3779 812 3817 sua
858 3764 1097 3834 capitula
1151 3763 1746 3835 anathematizarc‘aut

204 3832 486 3889 solemniter
530 3843 826 3888 recantare
855 3832 1114 3891 noluerit.
1150 3848 1212 3887 ea
1239 3843 1421 3886 tamen
1444 3842 1501 3887 et
1527 3834 1581 3884 in
1608 3832 1749 3887 datis

203 3905 259 3957 ad
274 3906 515 3959 Acacium
545 3903 976 3967 Bcrrhoensem,
1007 3919 1070 3958 ac
1093 3903 1223 3957 item
1251 3905 1316 3957 ad
1340 3902 1604 3973 Joannem
1638 3905 1749 3954 An-

205 3974 484 4028 tiochenum
514 3974 720 4028 litteris
741 4016 756 4033 .
781 3982 837 4027 et
872 3976 987 4027 suis
1019 3989 1144 4028 cum
1176 3973 1338 4026 l’aulo
1370 3972 1637 4026 Emeseno
1663 3986 1753 4025 ac—

204 4043 274 4108 tis,
308 4054 385 4098 est
406 4045 656 4099 suaviter
686 4045 1018 4098 moderatus.
1062 4043 1199 4097 Hinc
1234 4045 1287 4097 in
1316 4043 1591 4112 publicum
1625 4052 1757 4096 tune

203 4128 392 4181 sparsus
417 4115 517 4168 fuit
547 4130 739 4167 rumor
766 4114 833 4167 de
858 4114 1041 4183 Cyrilli
1075 4112 1419 4182 pceuiteutia.
1466 4113 1601 4166 Item
1653 4113 1756 4165 sub

205 4185 392 4239 nomine
410 4184 651 4253 Philippi
666 4184 925 4238 Romana:
943 4183 1195 4238 Ecclesia:
1226 4183 1523 4253 presbyteri
1544 4191 1599 4253 et
1623 4198 1757 4250 apo-

204 4255 353 4308 stolici
385 4255 526 4325 apud
558 4252 835 4325 Ephesum
861 4254 1038 4323 legati,
1061 4268 1247 4325 sparsa
1284 4253 1380 4305 luit
1412 4252 1637 4325 epistola
1669 4269 1757 4305 as—

203 4323 433 4379 severans
465 4323 681 4379 Sixtum
718 4325 1028 4393 pontiﬁcem
1048 4323 1264 4392 quidem
1295 4323 1643 4393 conﬁrmasse
1670 4338 1758 4391 pa-

1856 1892 2063 1946 honorc
2097 1904 2258 1959 quem
2310 1888 2399 1943 ille
2434 1888 2486 1941 iu
2539 1886 2721 1941 futura
2766 1886 2896 1948 vita,
2944 1884 3040 1940 sed
3084 1884 3153 1939 de
3207 1884 3353 1952 iusta
3383 1893 3440 1938 et

1860 1982 2053 2037 merita
2082 1997 2242 2053 agere
2278 1979 2467 2052 gloria,
2493 1994 2655 2049 quam
2683 1977 3049 2047 llermogeues
3077 1975 3219 2045 apud
3249 1988 3441 2028 omnes

1857 2081 2187 2126 Consecutus
2240 2071 2313 2125 sit
2365 2068 2646 2124 mortales.
2701 2065 2951 2121 Ccelestis
3025 2066 3172 2120 enim
3231 2074 3288 2119 et
3334 2078 3440 2133 qua

1856 2162 2059 2231 probus
2082 2161 2314 2230 quisque
2361 2158 2503 2229 apud
2560 2158 2729 2211 Deum
2755 2156 2954 2227 gaudet
2997 2154 3146 2217 omni
3183 2154 3437 2224 superior

1856 2262 1941 2310 est
1968 2253 2187 2308 invidia.
2224 2280 2294 2291 -—
2335 2251 2477 2323 Ergo
2510 2250 2587 2303 uti
2636 2263 2702 2303 ex
2739 2247 2842 2309 illis
2881 2246 3129 2316 epistolis
3176 2245 3439 2300 lsidorum

1856 2345 2185 2401 Pelusiotam
2213 2357 2358 2397 anno
2400 2340 2527 2405 ΜΩ,
2579 2338 2665 2393 vel
2712 2338 2837 2394 450.
2872 2337 3014 2391 inter
3062 2335 3218 2391 vivos
3245 2334 3439 2389 etiam-

1857 2444 1973 2491 tum
2016 2433 2183 2488 fuisse
2211 2447 2320 2486 non
2357 2429 2731 2498 consequitur,
2787 2427 2860 2481 ita
2901 2442 2966 2481 ex
3013 2425 3099 2479 his
3143 2440 3268 2478 eum
3320 2431 3443 2493 post

1856 2523 2211 2597 Hermogenis
2228 2530 2456 2577 mortem
2474 2520 2620 2577 diem
2648 2533 2966 2590 supremum
2992 2516 3195 2572 obiisse
3222 2514 3439 2586 probari

1857 2617 2068 2687 nequit.

1942 2708 2050 2763 Sed
2110 2721 2237 2763 cum
2286 2703 2540 2775 equidem
2590 2702 2646 2758 in
2687 2701 2807 2773 ejus
2850 2699 3099 2771 epistolis
3147 2697 3284 2754 nihil
3332 2712 3444 2767 quo

1861 2800 1981 2857 haec
2045 2800 2109 2854 Iis
2162 2796 2389 2852 omnino
2429 2794 2619 2851 dirimi
2678 2792 2875 2864 possit,
2929 2790 3257 2855 invenerim,
3309 2790 3441 2845 sat-is

1857 2892 2037 2947 habeo
2087 2888 2367 2960 probasse,
2416 2902 2543 2942 eum
2578 2895 2704 2957 post
2739 2900 2945 2940 annum
2976 2882 3100 2948 454,
3129 2897 3253 2937 esse
3293 2897 3439 2935 mor-

1861 2993 2035 3040 tuum.
2084 2981 2496 3037 Accuratiorem
2545 2993 2675 3033 vero
2725 2976 2855 3034 anni
2897 2976 3062 3046 hujus
3109 2974 3211 3030 viri
3265 2973 3443 3028 fatalis

1858 3075 2231 3131 deﬁnitionem
2272 3070 2403 3127 viris
2447 3078 2503 3131 et
2550 3067 2921 3139 sagacioribus
2984 3076 3042 3123 et
3101 3064 3441 3120 doctioribus

1782 3158 1825 3217 C
1859 3165 2129 3236 relinquo.

1862 3339 2154 3410 κολακείας
2185 3338 2403 3410 φανήσῃ
2442 3335 2833 3410 ῥπερθυνοςηῆ
2868 3331 3155 3410 εὐχερείας
3175 3330 3439 3410 —_Chat.

1861 3401 2209 3465 etRittershI
2236 3401 2517 3479 suisp'sla;
2549 3407 2582 3476 ἢ
2612 3436 2679 3479 ῖ-
2716 3401 3184 3479 διᾴδὶονοξίκενῆς
3220 3401 3440 3479 μὲν-βό-

1864 3479 1973 3564 ξης.
1994 3471 2465 3564 ήξτώεέιξγοέξὲῶν
2491 3471 2741 3564 retiis)“
2763 3476 2909 3564 δὲῖ
2925 3471 3441 3564 3P¢§E§.999:P"Y;

1856 3540 2121 3618 ἐἐίὶγῖων
2150 3540 2400 3618 ἆθληξῶν
2430 3540 2818 3618 τοῦςξάγῶγας
2857 3547 2919 3599 οὑ
2952 3542 3366 3618 μιμηςάμενᾳςι
3389 3540 3441 3595 οἳ

1853 3621 1946 3673 τὸν
1975 3611 2194 3675 ἅπαντα
2245 3611 2357 3688 β’ίον
2389 3619 2476 3671 ἐπ’
2512 3611 2797 3688 ἁλλοήριας
2837 3611 3235 3688 -ᾼὸοίίζζζάῃ
3283 3611 3443 3688 ἀλλα·-

1852 3690 2033 3762 τρίαις
2054 3719 2127 3762 -_-
2156 3682 2542 3762 καιὶουχεξσθαι
2574 3682 2892 3762 ὑπέμειναν,
2921 3684 2954 3754 ἢ
2987 3682 3277 3748 κακόδοξον
3317 3682 3444 3754 φρά-

1852 3756 2003 3831 νὴμα
2031 3759 2136 3831 {ay
2167 3756 2541 3831 péxptéibrwv
2564 3756 2926 3831 εἰσςῖιέξασθαιἒ

2037 3821 2326 3954 Tillte'uit'iht
2360 3827 2501 3882 Hist.
2553 3826 2679 3881 εδει.
2721 3837 2853 3882 tom.
2914 3824 3033 3891 XV,
3082 3839 3139 3895 p.
3194 3824 3320 3887 M7,
3365 3821 3441 3878 cf.

2015 3940 2029 3954 .
2054 3914 2125 3953 n0
2158 3942 2171 3954 .
2244 3940 2260 3954 .

1899 3942 1913 3955 .
1942 3901 2029 3965 18,
2054 3909 2171 3954 not.
2205 3901 2260 3954 4.

1858 3916 1913 3972 p.
1942 3916 2029 3965 ιδ,
2054 3916 2171 3954 nor.
2205 3916 2260 3954 4.

1928 3972 2001 4038 (e)
2041 3969 2158 4024 Lib.
2186 3986 2241 4035 ν,
2267 3984 2357 4038 ep.
2391 3967 2517 4023 3'78.

1928 3972 2001 4109 ξε)
2041 3972 2158 4024 Lib.
2186 3986 2241 4035 ν,
2267 3984 2357 4038 ep.
2391 3972 2517 4023 3'78.

1952 4041 1994 4109 f)
2031 4040 2238 4112 Lib-1.
2271 4054 2359 4112 ev:
2395 4040 2520 4112 ξίϐβο
2690 4105 2741 4112 -.
2807 4104 2906 4112 _...
3102 4104 3115 4112 .
3289 4101 3322 4112 ..
3399 4099 3414 4112 .

1926 4101 2003 4177 (ei
2040 4111 2112 4163 Ex
2152 4101 2237 4163 his
2258 4149 2271 4171 ,
2302 4101 2358 4162 ni
2390 4108 2566 4170 fallor,
2592 4105 2774 4162 verbis
2807 4104 3189 4159 Tillemontius
3220 4101 3443 4177 collegit

1857 4172 2119 4233 lsidorum
2145 4180 2212 4233 de
2232 4189 2448 4233 mortuo
2476 4176 2815 4247 Hermogene
2837 4177 3079 4229 locutum
3096 4189 3239 4247 esse.
3264 4172 3445 4236 Quare

1863 4250 2028 4304 verba
2059 4266 2231 4315 graeca
2265 4249 2538 4315 ascribere
2572 4246 2810 4301 non’abs
2844 4261 2903 4299 re
2935 4246 3059 4299 erit.
3091 4246 3233 4315 Sunt
3256 4252 3443 4315 autem

1861 4321 1979 4374 haec
2019 4336 2032 4372 :
2060 4312 2222 4372 Ἐπεὶ
2270 4314 2365 4371 οὖν
2391 4320 2419 4371 ὁ
2452 4318 2561 4387 μὲν
2582 4314 3213 4387 ΘεοφιλὴςλἙρμογένης
3244 4312 3443 4382 ὁμολο-

205 4407 322 4459 rem,
354 4398 685 4462 expunxisse
714 4384 894 4448 tamen
933 4384 1341 4447 damnationem
1377 4384 1753 4462 Nestorileta

1864 4390 2146 4462 yoﬁsay_rﬁ
2183 4391 2349 4462 apstﬁ
2392 4384 2486 4462 xz).
2516 4386 2615 4456 τὴν
2646 4384 2804 4462 egisti
2840 4384 2986 4462 ἔσχετ

205 4461 301 4531 ipse
332 4460 560 4535 Cyrillus
584 4464 835 4534 queritur
868 4464 1156 4535 in_litteri_s_
1182 4463 1249 4515 ad
1270 4462 1528 4535 Acacium
1562 4460 1757 4515 Meliti—

204 4533 401 4589 nensem
468 4546 521 4591 et
590 4533 858 4588 Donatum
912 4533 1354 4601 Nicopolitanum
1417 4533 1755 4601 episcopum.

208 4601 311 4674 Πιθεῖ
344 4605 504 4674 igitur
553 4605 743 4674 omnia
798 4604 990 4658 videns
1039 4612 1097 4656 et
1136 4602 1492 4674 considerans
1529 4617 1758 4669 magnus

210 4673 281 4725 ille
303 4673 599 4729 monachus
629 4673 865 4728 Isidorus
900 4703 967 4712 -—
998 4682 1224 4742 paterno
1243 4673 1367 4741 jure
1398 4674 1547 4725 illum
1571 4674 1761 4725 admo-

211 4746 335 4807 nuit,
362 4754 418 4798 ut
450 4755 603 4800 esset
644 4744 886 4813 prudens
917 4754 971 4797 et
1015 4753 1272 4797 constans
1296 4783 1310 4801 .
1338 4753 1423 4813 fut
1472 4757 1755 4813 sermones

213 4827 317 4867 suos
341 4812 682 4885 dispensaret
701 4816 752 4868 in
770 4813 1001 4885 judicio,
1035 4821 1095 4865 ut
1128 4827 1237 4864 non
1262 4812 1541 4885 videretur
1560 4812 1757 4866 docere

212 4882 481 4993 pmtraria,
518 4896 581 4939 ut
612 4886 729 4940 istis
767 4882 1076 4938 rumoribus
1112 4897 1221 4935 non
1266 4882 1424 4937 daret
1469 4898 1633 4936 ansas
1662 4889 1759 4935 aut

230 4967 417 4993 nmnnla

220 4967 363 5006 ῑοιιιεη
372 4967 440 5008 ιδ.

271 5025 330 5093 (τ)
351 5024 517 5079 Verba
543 5025 729 5106 _Gr:eca
750 5024 832 5106 s_ic
850 5039 909 5106 se
935 5022 1135 5106 habent
1160 5039 1173 5074 :
1200 5021 1333 5106 1(ij~
1355 5037 1437 5106 gs,
1466 5020 1757 5106 Batonius,

215 5091 449 5165 ἀτρέπτον
487 5098 671 5165 μένειν
705 5096 813 5155 ἀεὶ,
854 5092 978 5165 οὔτε
1018 5092 1168 5163 φόϐῳ
1199 5091 1515 5165 προδιδόνῖα
1547 5092 1616 5165 τᾲ
1659 5092 1757 5165 οὐς-

220 5160 368 5235 ρᾴνια,
398 5160 522 5218 οὔτέ
562 5165 741 5235 σαυτῷ
785 5160 1039 5218 ἐναντίον
1061 5162 1420 5235 φαινόμξνονε
1546 5162 1654 5230 γὰρ
1684 5160 1755 5235 τᾲ

218 5232 295 5285 νῦν
322 5237 669 5309 γεγραμμένα
695 5229 777 5290 ἀοι
803 5237 913 5298 τοῖς
952 5229 1238 5307 προτέροιέ
1265 5229 1695 5299 ἀντεξετάσειαςο
1722 5229 1756 5301 ἦ

1932 4463 2010 4522 (In)
2042 4452 2186 4522 “sic,
2224 4452 2287 4513 'ni
2317 4452 2501 4513 omnia
2530 4452 2618 4511 uie
2654 4456 2845 4509 fallunt
2877 4452 3060 4517 verba,
3103 4452 3445 4509 induxerunt

1858 4529 2266 4583 Tillemontium
2291 4569 2306 4592 ,
2349 4538 2409 4581 ut
2456 4528 2730 4595 hancpro
2766 4541 2862 4580 sua
2900 4523 3173 4595 sententia
3218 4522 3445 4595 aberret

1856 4600 2164 4668 epistolam.
2196 4601 2335 4652 Sunt
2360 4608 2544 4651 autem
2570 4593 2685 4651 hac
2718 4615 2730 4650 :
2764 4595 3103 4668 Ἐπισκοπῇς
3124 4594 3180 4646 δὲ
3197 4593 3325 4668 ᾇξια
3351 4593 3447 4668 καὶ

1860 4664 2142 4739 φρονήσας
2192 4671 2286 4721 καὶ
2338 4668 2588 4739 πράξας.
2636 4666 2961 4739 συνηὸὦσακ(
2990 4664 3069 4739 τῷ
3115 4665 3295 4739 χρόνῳ
3324 4664 3445 4739 ibi)

1855 4733 2142 4805 ﬁdam/xci.
2170 4740 2269 4808 τὴν
2301 4733 2480 4808 τιμζὴκί
2514 4733 2801 4808 κέκτηταί)
2832 4767 2897 4775 —
2924 4733 3122 4808 Codd:
3142 4733 3276 4808 Vat.
3315 4733 3442 4787 650.

1855 4804 2057 4863 et’Alt.
2099 4804 2369 4863 inserunt
2396 4804 2539 4862 inter
2577 4804 2900 4875 συνήδῶσαν
2948 4813 3003 4875 et
3044 4804 3122 4875 τῷ
3161 4805 3343 4875 χρόνῳ
3375 4833 3445 4842 ——

1858 4880 2311 4949 συνακμάζουσαν
2336 4918 2349 4940 ,
2381 4877 2526 4946 quod
2578 4873 2907 4949 vocaliulum
2953 4873 3148 4949 Petrus
3166 4873 3445 4929 'Possinus

1857 4965 1987 5004 voce
2018 4946 2111 5001 atati.
2136 4964 2261 5003 cum
2292 4948 2744 5002 antecedentibus
2760 4946 3202 5014 conjungeudum
3228 4953 3440 5014 censet,

1855 5019 1928 5073 ita
1978 5028 2037 5072 ut
2082 5028 2228 5073 totus
2271 5019 2423 5072 locus
2462 5018 2541 5072 sic
2591 5032 2651 5071 se
2685 5012 2882 5070 habeat
2925 5034 2938 5069 :
2977 5014 3299 5085 συνηὸὦσαν
3344 5012 3444 5065 καὶ

1860 5089 2321 5159 συνακμάζουσαν
2351 5086 2427 5158 τῷ
2455 5087 2655 5158 χρόνω.
2704 5086 2971 5159 Equidem
3020 5085 3248 5159 verbum
3311 5099 3441 5159 apy-

1854 5152 2230 5228 ακμάζὸυσαν,
2251 5152 2628 5229 ᾳυοιῐέιὶἷὶιυηῐ
2659 5152 2820 5215 codd.
2858 5156 2966 5223 illi,
2991 5154 3259 5227 glossema
3290 5152 3438 5207 arbi-

1868 5238 2004 5284 tror.
