3924 6416
499 274 564 341 31
1627 284 2293 349 COMMENTATIOle
2327 288 2519 349 PARS
2554 290 2635 351 ll.
3674 283 3748 351 ἒ

530 430 2272 457 Μ

1543 603 1898 718 PARS
1977 608 2686 723 SECUNDA.

1478 823 1569 881 DE
1626 828 1939 886 SCRIPTIS
1996 829 2247 887 lSlDORl
2295 829 2734 888 PELUSIOTAE.

570 1124 810 1183 lsidorus
852 1128 1122 1184 Pelusiota
1162 1138 1362 1200 prteter
1420 1131 1699 1203 epistolas,
1757 1135 1826 1191 de
1869 1139 2067 1207 quibus
2095 1148 2139 1204 Α
2168 1139 2475 1196 exstiterint
2499 1139 2642 1205 libri,
2678 1156 2907 1211 quorum
2946 1140 3001 1194 in
3029 1140 3134 1196 hoc
3180 1149 3369 1195 contra
3414 1138 3655 1204 Graecos,
3691 1137 3748 1192 in

502 1218 677 1274 fusius
718 1234 939 1291 agemus
969 1228 1179 1289 postea,
1232 1222 1367 1277 alios
1414 1238 1651 1293 quoque,
1697 1227 1791 1295 qui
1833 1243 1944 1281 non
2002 1229 2070 1284 ad

501 1319 742 1364 nostram
808 1324 978 1380 usque
1032 1320 1400 1379 pervenerunt
1450 1321 1687 1381 a-tatem,
1744 1318 2071 1387 conscripsit

502 1400 701 1464 libros;
725 1402 865 1470 quod
888 1409 945 1455 ut
968 1402 1261 1471 probemus
1292 1403 1358 1457 ad
1384 1403 1565 1459 Suidze
1608 1405 1681 1476 (α)
1718 1416 1774 1461 et
1801 1407 2071 1477 Nicepho-

502 1491 546 1546 ri
578 1491 650 1561 (ὁ)
684 1492 1062 1546 auctoritatem
1102 1492 1347 1563 refugere
1383 1510 1491 1548 non
1530 1512 1754 1552 necesse
1783 1507 1886 1561 est,
1945 1515 2070 1553 cum

502 1585 618 1657 ipse
648 1587 842 1641 librum
868 1604 1026 1641 suum
1057 1588 1305 1641 adversus
1336 1588 1539 1643 Grtrcos
1571 1591 1663 1659 bis,
1689 1606 2073 1648 commemora-

502 1680 660 1733 verit.
685 1678 944 1733 Hermino
990 1681 1132 1734 enim
1164 1680 1347 1735 comiti
1388 1680 1455 1749 (ε)
1488 1681 1772 1750 quaerenti,
1815 1684 1904 1753 qui
1954 1684 2068 1747 fiat,

501 1780 561 1823 ut
582 1769 889 1824 hominibus
919 1769 1178 1839 improbis
1205 1777 1259 1824 et
1287 1770 1531 1825 scelestis
1569 1772 1865 1842 saepissime
1888 1775 2071 1829 omnia

500 1862 610 1916 sint
650 1861 911 1927 secunda,
965 1861 1119 1932 probi
1160 1872 1346 1916 contra
1402 1872 1458 1916 et
1490 1863 1688 1932 pietate
1720 1864 1958 1935 insignes
2010 1866 2064 1920 in

498 1956 860 2012 acerbissimis
879 1965 1164 2011 versentur
1187 1956 1341 2011 malis
1364 1964 1417 2009 et
1441 1958 1860 2022 calamitatibus,
1885 1962 2075 2015 rescri-

499 2048 620 2103 bit:
662 2064 722 2104 se
764 2048 1033 2104 difﬁcilem
1079 2049 1219 2103 hanc
1271 2048 1628 2120 quaestionem
1688 2052 1747 2103 ὲν
1800 2052 1877 2123 τῷ
1936 2058 2074 2121 πρὸς

499 2140 770 2211 Ἕλληνας
827 2140 1091 2212 γραφέντι
1134 2140 1297 2209 λόγῳ,
1352 2150 1615 2210 quantum
1667 2141 1784 2197 fieri
1865 2153 2070 2213 posset,

499 2232 742 2287 solvisse.
771 2232 907 2287 Eum
938 2232 1127 2286 eodem
1172 2232 1223 2285 in
1257 2232 1393 2287 libro
1421 2233 1473 2287 in
1514 2233 1826 2289 Graecorum
1881 2234 2073 2289 vatici-

499 2323 664 2377 nandi
696 2331 866 2376 artcm
899 2323 1097 2377 acriter
1117 2322 1389 2376 invectum
1419 2339 1559 2386 esse,
1589 2325 1790 2379 scimus
1827 2342 1890 2379 ex
1918 2326 2073 2379 initio

499 2413 741 2484 epistola:
770 2413 889 2482 ejus
922 2413 989 2466 ad
1037 2412 1367 2481 Harpocratn
1400 2414 1695 2483 sephistam
1742 2414 1840 2485 (ά),
1889 2416 2072 2483 inqua

2174 1231 2265 1286 illo
2312 1233 2379 1287 de
2424 1232 2533 1286 fato
2574 1233 2765 1302 egerit,
2818 1233 3088 1301 duplicem
3162 1232 3312 1286 hunc
3383 1231 3600 1285 titulum
3649 1231 3749 1285 uni

2174 1324 2457 1393 eidemque
2509 1324 2645 1379 libro
2685 1326 2822 1379 bene
2872 1324 3163 1379 convenire
3196 1338 3356 1393 posse
3419 1322 3747 1391 respondeo,

2175 1412 2464 1467 dummodo
2477 1412 2804 1481 accipiamus
2823 1412 3086 1466 lsidorum
3115 1411 3274 1479 λόγον
3297 1410 3434 1480 πρὸς
3471 1408 3751 1477 Ἕλληνας

2177 1506 2302 1576 περὶ
2323 1504 2417 1557 τοῦ
2456 1504 2529 1575 μὴ
2560 1502 2699 1557 εἶναι
2727 1505 3070 1575 εἱμαρμένην
3102 1503 3403 1558 confecisse
3442 1502 3524 1571 (ἱ).
3573 1503 3754 1569 Atque

2175 1596 2317 1664 quod
2349 1594 2503 1647 all‘crt
2558 1592 2910 1647 lleumannus
2958 1591 3059 1661 (j),
3109 1589 3201 1660 qui
3245 1590 3315 1643 ob
3368 1588 3419 1642 id
3455 1588 3655 1657 ipsum,
3693 1592 3754 1639 ut

2176 1687 2294 1755 ejus
2330 1694 2452 1739 utar
2496 1682 2699 1746 verbis,
2731 1682 2875 1751 quod
2914 1681 3115 1735 librum
3145 1680 3212 1735 de
3251 1679 3362 1733 fato
3390 1678 3626 1747 λογίδιον
3652 1692 3752 1746 po-

2178 1779 2284 1831 tius
2312 1792 2475 1846 quam
2512 1774 2668 1843 λὸγον
2700 1773 3002 1827 vocandum
3038 1778 3226 1827 censet
3267 1770 3524 1832 Isidorus,
3561 1770 3631 1824 ab
3662 1769 3753 1823 illo

2176 1885 2336 1939 quem
2389 1876 2575 1922 contra
2635 1866 2850 1921 Grtecos
2897 1865 3132 1935 scripsit.
3192 1864 3275 1918 bis
3322 1862 3482 1931 λόγον
3528 1862 3754 1916 nomine

2177 1971 2449 2023 ornatum,
2489 1960 2761 2014 diversum
2810 1973 2930 2011 esse
2980 1957 3188 2016 statuit.
3243 1970 3348 2009 non
3399 1954 3575 2023 magni
3632 1968 3755 2005 mo-
3806 1978 3809 1985 η

2176 2053 2344 2107 menti
2393 2060 2495 2105 est.
2549 2050 2681 2104 Nam
2734 2048 2974 2103 Isidorus
3016 2047 3083 2101 ab
3135 2046 3395 2100 Hcrmino
3426 2059 3756 2115 magnopere

2177 2144 2445 2206 laudatus,
2499 2158 2598 2212 pro
2643 2141 2861 2210 insigni,
2915 2154 3019 2209 qua
3049 2138 3321 2203 excellttit,
3353 2136 3617 2191 modestia
3657 2135 3754 2204 (It),

2178 2237 2376 2291 librum
2410 2250 2567 2289 suum
2604 2233 2705 2287 etsi
2736 2233 2896 2300 λόγου
2956 2231 3179 2285 nomine
3245 2230 3466 2301 dignum
3522 2227 3757 2295 λογίδιον

2177 2325 2450 2393 appellare
2481 2323 2673 2392 potuit.
2706 2321 2884 2386 Quare
2920 2319 3006 2373 his
3042 2318 3298 2373 omnibus
3332 2316 3541 2387 probari
3565 2316 3760 2385 nequit

2181 2417 2364 2471 lsidori
2397 2416 2640 2469 adversm
2668 2411 2877 2466 (ἐνίει-οι
2910 2411 3261 2480 scriptionem
3303 2426 3333 2463 a
3370 2410 3506 2463 libro
3537 2408 3612 2462 De
3643 2409 3757 2476 fata

500 2503 569 2557 de
596 2504 697 2557 hac
725 2518 785 2557 re
816 2503 867 2556 in
884 2504 1030 2556 hunc
1056 2503 1295 2572 loquitur
1322 2505 1581 2559 modum:
1618 2504 1800 2577 Ὅτιή
1839 2508 2075 2578 μαντικὴ
2112 2503 2151 2557 Β
2177 2510 2446 2563 diversam
2491 2523 2632 2561 esse.
2678 2503 2838 2570 Qttid,
2890 2502 2934 2556 si
2989 2502 3111 2571 quis
3139 2510 3444 2570 propterea,
3498 2500 3755 2569 quoniam

501 2593 659 2656 ὕθλος
678 2589 744 2663 ἦν
764 2594 892 2664 παρ’
908 2593 1134 2662 Ἕλλησι
1156 2596 1248 2647 καὶ
1274 2596 1449 2665 μάτην
1470 2594 1798 2667 ὲορυλλείτο,
1820 2598 2083 2652 δέδεικται

505 2684 602 2755 μέν
634 2702 722 2755 μοι
758 2685 818 2736 ὲν
847 2683 923 2754 τῷ
980 2685 1117 2753 πρὸς
1163 2684 1431 2755 Ἕλληνας
1458 2684 1619 2756 λόγῳ.
1652 2688 1874 2741 Constat
1922 2688 2084 2758 igitur

500 2791 626 2830 eum
671 2785 858 2830 contra
914 2774 1129 2832 Graecos
1181 2776 1295 2830 sive
1348 2778 1574 2847 gentiles
1606 2780 1983 2847 composuisse
2014 2779 2080 2832 li-

500 2867 682 2933 brum;
710 2867 802 2923 sed
829 2877 1009 2921 utrum
1033 2868 1118 2924 hic
1159 2868 1295 2923 liber
1321 2869 1388 2923 ab
1420 2868 1510 2923 illo
1545 2871 1675 2938 περὶ
1715 2869 1809 2921 τοῦ
1841 2870 1913 2940 μὴ
1944 2866 2083 2923 εἶναι

502 2959 865 3031 εἱμαρμένην,
917 2976 1078 3030 quem
1124 2960 1179 3015 in
1215 2961 1316 3015 alia
1350 2961 1415 3015 ad
1453 2962 1703 3015 eumdem
1756 2962 2075 3018 llerminum

502 3050 727 3119 epistola
760 3052 827 3119 (ε)
857 3050 1034 3113 all‘ert,
1066 3050 1337 3115 diversus,
1372 3068 1439 3106 an
1469 3053 1611 3105 idem
1641 3053 1731 3117 sit,
1755 3068 1895 3106 nova
1931 3052 2081 3108 vide-

504 3150 595 3195 tur
615 3141 854 3211 indigere
884 3141 1281 3210 disquisitione.
1323 3141 1587 3198 Eumdem
1623 3158 1744 3198 esse
1784 3136 2083 3198 arbitratur

502 3230 938 3285 Rittbershusius
965 3232 1029 3301 (fl
1050 3274 1064 3295 ,
1096 3248 1333 3301 quocum
1375 3233 1642 3303 Dupinius
1675 3232 1751 3304 (ῃ)
1786 3234 2080 3299 consentit,

503 3322 597 3391 qui
619 3338 684 3376 ex
714 3322 883 3393 ipsius
912 3322 1102 3377 lsidori
1129 3324 1308 3377 verbis
1333 3324 1479 3378 hunc
1511 3325 1684 3379 tribus
1701 3326 1944 3395 epistolis
1978 3326 2082 3381 illis

504 3413 572 3467 de
596 3430 704 3467 uno
734 3414 976 3482 ejusdem
1033 3416 1337 3484 argumenti
1392 3416 1529 3470 libro
1590 3417 1764 3488 egisse
1822 3419 2081 3472 audacter

506 3504 701 3573 arguit.
732 3504 902 3574 Negat
935 3504 1215 3560 Fabricius
1246 3507 1344 3576 (lt),
1378 3508 1468 3576 qui
1501 3523 1566 3562 ex
1603 3518 1922 3579 argumento
1958 3510 2076 3564 libri

506 3595 754 3649 adversus
822 3594 1055 3665 θνητος,
1110 3614 1139 3652 a
1191 3615 1297 3662 me,
1363 3612 1633 3669 quantum
1695 3601 1809 3654 ﬁeri
1880 3610 2078 3671 potest,

506 3686 771 3755 exposito,
804 3688 1133 3742 contrarium
1164 3689 1457 3759 colligit.—
1490 3690 1597 3745 Sed
1642 3691 1877 3752 libellus,
1919 3706 2080 3761 quem

507 3774 744 3830 Isidorus
791 3777 865 3831 De
892 3777 1005 3839 [ato
1058 3779 1295 3849 scripsit,
1347 3792 1533 3834 contra
1566 3782 1816 3836 ethnicos
1848 3782 2081 3850 scriptus

509 3868 627 3932 fuit,
656 3868 709 3923 in
736 3885 907 3940 eoque
951 3871 1089 3925 libro
1115 3883 1299 3926 contra
1326 3874 1571 3944 gentiles,
1622 3876 1673 3927 in
1698 3890 1826 3943 quo,
1862 3875 1939 3928 uti
1966 3875 2077 3941 jam
2107 3857 2148 3915 Ο

509 3958 766 4024 diximus,
809 3962 875 4015 de
913 3962 1122 4031 piorum
1176 3964 1454 4017 hominunt
1486 3964 1724 4027 miseria,
1756 3980 2079 4034 pravorum-

508 4067 614 4121 que
642 4052 897 4108 felicitate
932 4054 1215 4125 agebatur,
1258 4064 1482 4123 optuma
1523 4057 1641 4111 sine
1677 4057 1841 4111 dubio
1872 4056 1938 4111 de
1969 4056 2078 4111 fato

510 4141 725 4195 dicendi
781 4143 878 4196 fuit
904 4144 1135 4197 occasio.
1166 4174 1236 4183 —-
1290 4144 1471 4210 Quare
1522 4162 1585 4199 ex
1638 4147 1921 4215 utriusque
1951 4146 2075 4200 libri

510 4243 829 4303 argumento
883 4234 1058 4304 colligi
1113 4252 1221 4289 non
1260 4236 1386 4291 licet
1434 4246 1725 4306 utrmnquc
1768 4237 1961 4291 librum
1994 4237 2077 4290 in-

513 4332 595 4377 ter
622 4340 681 4378 se
732 4324 897 4378 fuisse
944 4325 1259 4391 diversum;
1305 4344 1480 4396 neque
1521 4336 1702 4381 tamen
1744 4327 2077 4381 contrarium

512 4416 637 4471 inde
662 4417 915 4486 consequi
961 4417 1211 4471 lubenter
1263 4418 1453 4471 fateor.
1494 4418 1646 4483 Quod
1679 4418 1722 4471 si
1754 4434 1883 4472 vero
1925 4419 2080 4487 quis-

512 4507 656 4577 piam
716 4507 842 4560 mihi
872 4506 1109 4576 objiciat,
1158 4506 1420 4560 [siderum
1455 4507 1592 4561 duos
1621 4507 1868 4561 attulisse
1911 4508 2079 4561 libro-

511 4614 633 4653 rqu
680 4599 881 4663 titulos,
943 4614 1071 4669 ergo
1126 4614 1351 4653 necesse
1408 4614 1531 4653 esse
1582 4607 1641 4652 ut
1697 4600 1807 4653 duo
1864 4615 2082 4670 quoque

585 4774 849 4848 (algSuid.
879 4773 1164 4848 Ἰσίδωρος,
1190 4775 1383 4845 inquit,
1407 4804 1478 4813 —
1496 4775 1788 4839 ἐπιστολὰς
1810 4775 2079 4848 γέγραφε,

513 4848 611 4901 καὶ
646 4845 781 4898 ἄλλα
814 4846 952 4899 τινὰ.

585 4916 669 4987 (lit
707 4913 931 4987 Niceph.
953 4916 1103 4987 “Hist.
1139 4916 1283 4987 cccl.
1319 4915 1414 4971 lib.
1445 4931 1554 4973 xw.
1589 4932 1705 4984 cap.
1737 4917 1842 4971 55:
1873 4917 1979 4968 Kal.
2010 4917 2074 4987 δὴ

512 4984 686 5057 «uenti
712 4986 813 5057 μὲν
837 4984 985 5057 αὑτῴ
1020 4985 1232 5057 ἐγρᾲφη
1257 4985 1521 5056 ὠφελείας
1554 4987 1772 5057 ἁπάσης
1813 4986 2035 5057 ἔμπλεοι
2062 4984 2075 5015 ³

517 5056 752 5125 μάλιστα
772 5054 828 5107 δὲ
858 5056 1157 5109 ἐπιστολαί.

587 5126 655 5192 6c)
681 5124 795 5177 Lib.
831 5141 890 5185 tt,
922 5141 1009 5193 ep.
1046 5125 1166 5179 187.

587 5197 666 5332 2d)
690 5193 811 5276 Lib.
844 5211 903 5255 tt,
930 5211 1019 5264 ep.
1052 5196 1176 5283 ἦξε

610 5271 657 5324 ε)
700 5264 816 5326 Lib.
854 5281 935 5329 ιιι,
966 5282 1053 5332 ep.
1084 5264 1176 5319 2;);

610 5271 657 5324 ε)
700 5264 816 5326 Lib.
854 5281 935 5329 ιιι,
966 5282 1053 5333 ep.
1084 5264 1213 5319 255.

588 5334 655 5405 (ιτ)
682 5334 1079 5390 Ιὶιιιριεῑιιιςίιιε
1102 5335 1153 5387 in
1182 5334 1325 5387 notis
1349 5335 1414 5389 ad
1446 5351 1533 5405 ep.
1560 5338 1678 5390 157.
1703 5336 1796 5391 lib.
1826 5351 1886 5389 ιι.
1918 5336 2080 5390 Liber

516 5415 703 5476 contra
739 5405 955 5461 (ιι-κους
984 5404 1225 5476 fortassis
1256 5405 1401 5458 idem
1430 5404 1534 5463 est.
1574 5407 1769 5476 inquit,
1798 5424 1919 5460 cum
1953 5423 2075 5461 ora-

518 5474 688 5535 tione.
720 5492 880 5544 quam
916 5485 1103 5529 contra
1129 5473 1297 5527 fatttm
1330 5476 1549 5543 scripsit

594 5546 669 5609 (9)
704 5544 779 5598 Du
811 5546 906 5600 Pin
931 5545 1068 5599 Bibl.
1092 5545 1384 5615 (ταρίχει-ει.
1420 5556 1548 5615 tum.
1592 5544 1729 5607 Xlll,
1754 5561 1807 5612 p.
1839 5562 1900 5603 It.
1937 5563 1991 5615 p.
2024 5548 2078 5609 4,

518 5622 634 5668 not.
676 5630 724 5675 c.
753 5616 868 5669 lure
891 5616 1080 5669 scribit
1108 5632 1119 5667 :
1149 5614 1183 5666 ll
1212 5613 1319 5667 cile
1342 5614 1389 5667 le
1422 5614 1603 5672 Traité
1632 5617 1701 5669 du
1732 5617 1909 5671 destin
1941 5613 2080 5670 dans

520 5684 569 5744 ιιι
594 5682 753 5746 Ιειιιῖε
769 5686 896 5753 253,
916 5687 988 5741 du
1015 5685 1150 5746 livre
1184 5700 1263 5739 ιιι.
1283 5682 1343 5739 .Ie
1363 5701 1432 5740 ne
1451 5685 1501 5741 le
1523 5688 1665 5742 eruis
1699 5704 1798 5758 pas
1828 5687 2082 5743 dillérent

2184 2610 2430 2669 utraque,
2486 2614 2547 2653 ea
2603 2597 2809 2651 scilicet
2852 2610 3013 2664 quam
3064 2592 3242 2663 primo
3288 2601 3343 2647 et
3400 2593 3561 2646 tertio
3636 2593 3758 2648 loco

2182 2691 2539 2753 laudavimus,
2582 2687 2829 2756 epistola,
2864 2685 2930 2739 ad
2979 2683 3232 2738 eumdem
3270 2683 3409 2737 datze
3441 2691 3569 2737 sunt
3614 2682 3756 2737 Her-

2184 2784 2412 2844 minum,
2437 2779 2766 2835 contrarium
2806 2775 3138 2830 contendere
3170 2782 3226 2828 et
3264 2774 3495 2844 probare
3530 2790 3758 2829 conare-

2184 2872 2309 2927 tur?
2366 2870 2554 2923 Posset
2601 2867 2746 2922 enim
2800 2882 2908 2920 non
2958 2865 3026 2919 ab
3077 2863 3226 2918 omni
3280 2863 3760 2919 verisimilitudine

2182 2963 2413 3017 alienam
2453 2960 2738 3015 instituere
2787 2956 3253 3012 ratiocinationem
3295 2955 3601 3025 hujusmodi
3636 2973 3649 3010 :
3688 2954 3759 3011 Ut

2184 3070 2311 3109 cum
2379 3070 2444 3107 ex
2480 3053 2568 3105 illa
2619 3050 2741 3104 libri
2789 3048 3009 3104 secundi
3041 3048 3107 3102 ad
3161 3046 3479 3101 llerminum
3527 3046 3757 3117 epistola

2183 3156 2456 3215 appareat,
2494 3143 2755 3197 lsidomm
2792 3139 3051 3195 Hermino
3085 3138 3185 3209 ipsi
3219 3139 3578 3209 quaestionem
3619 3155 3754 3209 pro-

2184 3234 2405 3305 ponenti
2453 3232 2818 3302 respondisse,
2879 3245 2937 3284 se
2991 3229 3059 3283 de
3098 3228 3202 3283 bac
3242 3243 3299 3281 re
3346 3227 3519 3282 fusius
3547 3227 3658 3297 jam
3702 3226 3755 3280 in

2183 3327 2319 3380 libro
2375 3327 2620 3377 adversus
2680 3321 2888 3377 Cra'cos
2944 3321 3139 3391 egisse,
3196 3319 3334 3373 nihil
3391 3318 3754 3374 verosimilius

2182 3417 2271 3479 sit,
2302 3432 2460 3483 quam
2493 3414 2663 3469 illum.
2694 3412 2779 3467 cui
2817 3422 3065 3466 accurata
3096 3411 3410 3479 qumstionis
3440 3410 3755 3479 dijudicatio

2183 3516 2402 3575 accepta
2433 3521 2553 3560 esse
2583 3504 2788 3560 debuit.
2822 3503 3019 3557 blande
3046 3519 3075 3556 a
3108 3502 3357 3556 familiari
3388 3518 3487 3557 suo
3516 3519 3753 3573 rogasse,

2182 3610 2243 3656 ttt
2272 3601 2465 3655 librum
2498 3601 2648 3654 illum
2678 3598 2941 3652 mitteret.
2974 3597 3161 3667 Neque
3193 3598 3360 3657 hunc,
3392 3605 3451 3649 ut
3481 3612 3543 3650 ex
3586 3596 3757 3650 altera

2181 3693 2247 3747 ad
2304 3690 2621 3746 llerminum
2679 3689 2905 3759 epistola
2960 3689 3305 3751 videremus,
3366 3704 3557 3757 preces
3613 3687 3757 3741 illius

2182 3784 2517 3853 repudiasse,
2558 3781 2651 3835 sed
2694 3782 2908 3836 misisse
2953 3797 3059 3835 una
3090 3796 3213 3835 eum
3246 3780 3327 3833 his
3355 3780 3550 3833 litteris
3594 3794 3755 3848 quem

2185 3876 2272 3929 ille
2302 3874 2626 3945 postulasset
2654 3872 2946 3925 librum.—-
2974 3872 3103 3938 Quae
3131 3871 3399 3925 sententia
3431 3870 3531 3925 etsi
3582 3872 3757 3940 primo

2184 3964 2399 4034 quidem
2431 3965 2619 4018 obtutu
2652 3963 2931 4032 placuerit,
2977 3971 3156 4016 tamen
3185 3963 3276 4031 qui
3323 3972 3532 4016 attento
3573 3962 3758 4016 animo

2184 4055 2306 4109 libri
2337 4055 2479 4109 tertii
2511 4055 2578 4109 ad
2618 4054 2937 4108 llerminum
2984 4054 3190 4108 litteras
3231 4054 3539 4123 perlegerit,
3576 4054 3621 4109 is
3644 4063 3756 4108 sta-

2185 4147 2280 4201 tim
2338 4147 2562 4215 rejiciet.
2623 4144 2711 4199 Ea:
2769 4146 2913 4198 enim
2976 4145 3061 4199 bis
3122 4146 3473 4199 continentur
3524 4146 3755 4198 verbis:

2189 4259 2205 4291 ι
2226 4239 2489 4305 Quoniam
2521 4237 2780 4304 scripsisti
2807 4254 2893 4291 tne
2922 4254 3098 4308 nuper
3125 4238 3362 4291 libellum
3382 4238 3448 4291 de
3479 4237 3587 4291 fato
3607 4254 3758 4293 emn-

2184 4332 2449 4399 posuisse,
2481 4333 2571 4399 qui
2616 4331 2684 4385 ab
2725 4331 2846 4385 aliis
2890 4330 3098 4400 magnis
3138 4328 3390 4384 laudibus
3441 4330 3508 4384 ad
3559 4331 3756 4384 cmlum

2185 4434 2357 4488 usque
2397 4420 2589 4481 elatus,
2636 4419 2704 4472 ab
2741 4418 2861 4472 aliis
2915 4417 3189 4481 omnibus,
3249 4418 3302 4471 in
3359 4418 3558 4488 quibus
3615 4419 3756 4472 idem

2186 4519 2446 4565 tractetur
2471 4519 2868 4581 argumentum,
2888 4509 3294 4580 scriptionibus,
3327 4509 3397 4564 sit
3414 4510 3756 4581 prmpositus.

2185 4600 2445 4672 quoniam
2489 4610 2548 4655 ut
2586 4601 2735 4655 hunc
2772 4599 2975 4654 librum
3005 4600 3072 4655 ad
3104 4610 3157 4655 te
3195 4601 3474 4655 mitterem
3504 4610 3758 4671 precatus

2182 4774 2253 4829 du
2286 4775 2465 4829 Traité
2484 4785 2659 4829 centre
2692 4775 2764 4830 les
2786 4774 2986 4830 Cenlils
3018 4776 3123 4831 cité
3148 4776 3283 4847 dans
3312 4778 3392 4832 les
3412 4778 3601 4832 lettres
3629 4779 3749 4840 157,

2183 4856 2239 4899 et
2278 4848 2400 4908 228,
2426 4848 2495 4900 dtt
2524 4863 2581 4900 ιι.
2617 4847 2768 4909 livre,
2800 4863 2958 4916 parce
2984 4864 3088 4916 que
3120 4863 3180 4901 ce
3203 4848 3333 4917 qtt‘il
3366 4866 3434 4902 en
3459 4850 3539 4904 dit
3562 4865 3630 4903 en
3663 4866 3754 4905 ces

2185 4917 2428 4970 endroits
2459 4918 2683 4986 regarde
2705 4918 2751 4970 la
2780 4919 2955 4969 méme
2990 4918 3235 4971 matiere.

2253 4987 2328 5053 (It)
2362 4987 2639 5041 Fabricius
2660 4987 2693 5039 Ι.
2725 5003 2773 5041 c.
2797 5004 2847 5054 p.
2879 4988 3005 5040 256.

2257 5056 2321 5127 (il
2356 5057 2428 5110 Ita
2460 5058 2678 5111 videtur
2704 5058 2937 5111 sensisse
2972 5056 3233 5125 Dupinius
3264 5058 3351 5128 qui
3377 5057 3511 5113 l.c.:
3537 5059 3572 5112 ll
3607 5060 3751 5128 parle

2187 5126 2490 5196 lui-meme,
2524 5128 2718 5196 inquit,
2760 5128 2888 5181 d‘un
2935 5127 3109 5180 Traité
3150 5128 3220 5180 du
3259 5126 3427 5181 destin
3474 5126 3651 5183 contra
3680 5131 3752 5185 lc:

2114 5180 2159 5237 υ
2188 5194 2385 5249 Genlils

2259 5266 2327 5337 (jt
2364 5266 2665 5320 Heumann.
2697 5266 2832 5319 Diss.
2862 5266 2927 5319 de
2964 5266 3091 5319 Isid.
3126 5266 3238 5321 Pel.
3280 5267 3381 5337 §6,
3407 5283 3460 5336 p.
3494 5270 3548 5323 9.

2264 5322 2335 5407 ῦς)
2364 5336 2447 5391 cr.
2469 5338 2559 5390 lib.
2586 5354 2655 5407 tv,
2679 5353 2765 5404 ep.
2785 5339 2871 5395 eo,
2894 5353 2943 5403 p.
2971 5336 3095 5399 M6,
3113 5337 3192 5390 lit.
3214 5339 3253 5391 A
3280 5322 3380 5391 i’m.’
3404 5322 3437 5389 ἐς
3466 5322 3571 5391 {——
3594 5339 3752 5403 Ἴσως

2184 5405 2293 5477 γὰρ
2313 5405 2358 5477 si
2378 5408 2470 5458 xui.
2489 5408 2546 5457 ὲν
2570 5406 2740 5477 τούτῳ
2764 5406 3229 5477 πλεονεκτορντα,
3255 5411 3312 5459 ὲν
3340 5408 3517 5470 ἄλλοις
3548 5410 3725 5462 πλέον·

2192 5470 2430 5539 ὲκὲοὖσι,
2488 5476 2580 5545 καί
2610 5470 2727 5528 τινα
2756 5477 3005 5545 ἐνόησαν,
3034 5470 3107 5529 ὧν
3127 5478 3286 5539 αὐτὸς
3307 5477 3412 5531 οὐδ’
3446 5481 3523 5541 εἰς
3548 5479 3751 5531 ἔννοιαν

2185 5546 2486 5614 ἀφικόμην.
2536 5544 2786 5617 Ejusdem
2840 5544 2895 5599 in
2927 5547 3213 5601 sententiis
3257 5549 3371 5602 suis
3416 5550 3750 5617 exponendis

2187 5616 2758 5741 plqdeisgalmanifcsta
2788 5625 2871 5671 est
2900 5617 2953 5671 in
2983 5634 3073 5689 ep.
3103 5618 3191 5684 85,
3219 5618 3313 5674 lib.
3344 5634 3402 5684 tt,
3433 5616 3520 5691 ep.
3550 5620 3671 5685 ιη,
3697 5627 3752 5673 et

2297 5726 2312 5741 .
2364 5702 2378 5739 ι
2424 5726 2438 5741 .
2484 5702 2533 5740 v.
2566 5715 2637 5729 -

2297 5726 2312 5752 ,
2343 5702 2438 5741 ιιι).
2462 5702 2533 5740 Iv.
2566 5715 2637 5729 —
