3924 6416
246 315 309 377 ιτ
1471 327 1650 389 vna
1688 326 1979 387 ISIDORI
2012 324 2272 385 mus.
3421 314 3490 379 ιδ

242 435 455 492 munt.
493 438 610 500 post
635 446 841 502 eosque
865 436 1260 509 Fabricius(al,
1279 438 1632 495 Heumannus
1658 439 1731 510 (ὁ)
1756 450 1810 495 et
1841 446 1881 501 A
1913 449 2012 493 rat.
2038 438 2174 493 Cum
2202 452 2354 499 vero,
2386 435 2530 505 quod
2552 435 2663 505 jam
2702 450 2731 488 a
2758 433 3109 489 Tillemontio
3138 433 3485 487 observatum

243 516 626 579 Salmaci-hius
642 529 707 595 (cl
721 529 1115 598 ,compluribus
1139 532 1194 585 in
1222 532 1354 587 locis
1367 532 1812 605 Chrysostoutum

242 610 483 667 imitatus
513 625 613 680 est,
645 620 804 687 cujus
846 622 1049 692 scripta
1094 623 1383 695 diligenter
1409 628 1627 681 videtur
1657 626 1812 681 lecti-

240 712 376 755 tasse
400 704 506 772 (ό).
547 706 689 760 Hinc
716 712 960 765 narratio
1010 713 1100 767 illa
1147 714 1404 770 facillime
1434 716 1610 785 potuit
1639 715 1765 769 oriri
1795 734 1810 776 ;

240 793 415 862 itaque
440 812 567 850 cum
594 799 823 855 aliomm
847 803 1173 872 scriptorum
1197 805 1342 859 nulla
1368 806 1631 861 accedant
1661 805 1814 860 testi-

240 885 436 949 monia,
468 903 579 942 non
617 900 822 947 temere
848 902 1105 964 tanquam
1145 912 1269 951 vera
1314 897 1661 967 suscipienda
1706 906 1811 950 est.

300 976 531 1033 Constat
561 992 744 1038 autem
780 985 1044 1041 lsidorum
1087 989 1479 1044 monasterium
1530 989 1583 1042 in
1629 998 1815 1042 monte

239 1082 337 1120 non
361 1072 553 1136 procul
579 1088 611 1125 a
631 1071 849 1129 Pelusio
876 1078 1029 1139 urbe,
1050 1078 1196 1132 unde
1220 1078 1491 1133 Pclusiota
1518 1078 1587 1149 (ε)
1610 1078 1812 1142 dictus,

236 1157 390 1211 situm
422 1161 651 1217 adiisse.
680 1164 815 1218 Nam
858 1167 901 1220 si
936 1184 1003 1221 ex
1036 1184 1103 1223 eo
1133 1170 1278 1239 quod
1310 1170 1571 1224 Leontius
1609 1168 1814 1239 Byzan-

239 1248 377 1303 tinus
406 1252 474 1321 (Π
519 1268 648 1307 eum
680 1256 927 1312 nominat
973 1260 1275 1325 eretnitam,
1324 1260 1575 1330 quodque
1605 1260 1720 1329 ipse
1758 1258 1812 1312 in

238 1341 456 1408 epistola
494 1343 561 1397 ad
595 1344 988 1401 Thaumasium
1019 1350 1098 1419 (g)
1126 1350 1475 1421 ἀναχώρησιν
1500 1365 1650 1404 suam
1668 1364 1817 1403 com-

240 1442 524 1497 memorat,
564 1437 942 1505 conjecturam
1000 1440 1209 1496 laceres
1251 1458 1375 1495 eum
1416 1441 1584 1496 fuisse
1616 1438 1817 1495 eremi-

241 1532 339 1578 tam
365 1525 470 1593 (In),
496 1542 528 1579 a
550 1543 687 1581 vero
709 1530 831 1584 sine
852 1531 1017 1585 dubio
1043 1534 1345 1588 aberrares.
1368 1532 1583 1587 Etenim
1613 1532 1731 1602 ipse
1762 1533 1816 1587 in

239 1613 459 1685 epistola
489 1616 560 1670 ad
578 1616 941 1676 Tabennesia‘.
970 1624 1269 1677 monachos
1288 1624 1412 1678 data
1436 1624 1500 1693 (ί)
1550 1637 1609 1678 se
1628 1639 1819 1677 mona-

1918 529 2076 585 video
2098 530 2200 601 (it),
2231 544 2294 583 ex
2312 528 2537 598 epistola
2560 527 2680 584 libri
2705 527 2864 597 primi
2889 526 3121 597 septima
3143 534 3196 579 et
3215 522 3490 579 tricesima

1914 630 2131 678 constet
2178 620 2441 677 lsidorum
2501 620 2699 675 Pelusii
2754 620 2811 674 in
2863 620 2977 689 ipsa
3004 619 3139 675 urbe
3187 634 3296 674 non
3338 616 3492 674 habi-

1916 725 2061 770 tasse
2113 714 2212 786 (o),
2246 714 2496 784 equidem
2553 714 2706 768 illum
2758 712 2923 782 hujus
2973 710 3211 767 cmnobii
3256 712 3489 767 incolam

1914 808 2082 863 fuisse
2128 807 2381 863 arbitror.
2436 805 2621 875 Neque
2668 804 2920 859 dubitare
2981 819 3293 874 possumus,
3356 802 3487 872 quin

1915 896 2331 960 monasterium,
2372 895 2529 964 cujus
2576 894 2754 948 incola
2795 893 2898 948 fuit
2931 893 3191 959 Isidorus,
3220 892 3273 946 in
3305 901 3491 947 monte

1915 989 2079 1043 situm
2129 988 2316 1049 luerit,
2347 987 2629 1057 quoniam,
2678 995 2739 1041 ut
2779 994 2933 1041 notat
2976 983 3331 1040 Heumannus
3382 982 3486 1053 (p),

1916 1079 2188 1134 Pelusiota
2232 1079 2369 1150 ipse.
2417 1079 2706 1149 quemdam
2750 1077 2818 1132 ad
2860 1077 3025 1131 vitam
3050 1076 3348 1131 adhortans
3373 1090 3491 1129 mo-

1915 1167 2200 1229 nasticam,
2231 1183 2396 1237 quam
2428 1167 2788 1237 philosophiae
2817 1166 3041 1221 nomine
3070 1182 3172 1235 pro
3200 1178 3352 1220 more
3387 1165 3491 1219 bu-

1910 1256 2001 1325 jus
2021 1256 2443 1326 posteriorisque
2490 1255 2593 1310 aevi
2624 1256 2952 1325 scriptorum
2999 1254 3491 1311 ecclesiastieorum

1914 1356 2072 1403 ornat
2092 1364 2466 1419 saepenumero
2488 1347 2585 1418 (τι),
2609 1349 2691 1404 Ad
2725 1357 2965 1403 montem
2986 1358 3257 1413 nostrum,
3282 1350 3483 1417 inquit,

1918 1449 1973 1495 te
2000 1440 2211 1504 confer,
2239 1449 2299 1494 ut
2326 1440 2521 1495 anima:
2551 1450 2657 1495 tua:
2686 1439 2844 1494 saluti
2870 1440 3123 1494 consulas
3149 1440 3244 1509 (r).
3270 1468 3340 1481 -—
3369 1439 3491 1509 ipse

1920 1551 2048 1588 vero
2076 1543 2297 1588 austero
2324 1532 2451 1587 huic
2496 1532 2713 1587 vivendi
2749 1532 2937 1603 generi
2983 1532 3058 1585 ita
3099 1531 3313 1586 deditus
3350 1538 3486 1593 erat,

1918 1637 1981 1681 ut
2019 1626 2249 1681 Joannis
2278 1624 2536 1695 Baptista:
2566 1624 2877 1695 exemplum
2924 1623 3179 1678 omnibus
3208 1623 3493 1678 monachis

241 1706 394 1759 chum
427 1718 743 1779 nuncupat,
776 1712 1070 1781 scribitque
1113 1715 1376 1785 Calliopio
1409 1716 1477 1786 (j)
1533 1731 1591 1770 se
1632 1716 1818 1771 relicta
1920 1718 2237 1772 innitendum
2269 1725 2596 1787 proponeret
2640 1716 2743 1785 (ι),
2811 1725 2974 1785 atque
3009 1715 3255 1785 ingentes
3295 1715 3495 1785 gratias

241 1797 340 1851 vita
367 1799 582 1856 urbana
615 1802 819 1858 adiisse
858 1806 1444 1877 monasterium;un
1474 1806 1816 1864 utrCratinus
1855 1787 1895 1842 Β
1920 1818 1975 1862 ct
2007 1817 2191 1878 ageret
2218 1816 2274 1862 et
2313 1806 2539 1861 haberet
2562 1805 2770 1859 Zenoni
2819 1806 3131 1873 presbytero
3160 1805 3245 1872 (ι),
3285 1804 3492 1873 quippe

241 1888 488 1956 imitetur,
515 1892 673 1947 hunc
698 1894 803 1948 alia
830 1894 887 1950 in
907 1896 1134 1965 epistola
1165 1886 1239 1968 (Ic)
1267 1913 1594 1969 magnopere
1614 1900 1816 1958 adhor-

243 1991 391 2036 tatur.
436 2014 496 2023 —
573 1983 783 2040 Deinde
822 2002 886 2041 ex
931 1988 1212 2058 scriptura:
1264 1990 1599 2053 diversitate,
1652 2008 1814 2062 quam

239 2073 488 2128 exhibent
517 2076 696 2131 codex
734 2075 907 2132 Vatie.
939 2077 1065 2145 649,
1100 2090 1153 2135 et
1180 2081 1410 2136 Altaem.
1457 2083 1673 2137 titulum
1701 2083 1818 2153 epi-

242 2165 381 2219 smla:
412 2166 537 2220 libri
586 2168 751 2237 primi
784 2170 1103 2227 centesima
1144 2174 1603 2247 quinquagesimae
1631 2178 1695 2247 (ι)
1735 2179 1817 2233 sic

245 2257 549 2325 supplentes
583 2277 599 2312 :
636 2262 1006 2334 Μοναπηρίῳ
1040 2265 1148 2335 πρὸ
1171 2266 1262 2319 τοῦ
1302 2267 1628 2337 Πηλουσίου,
1656 2279 1808 2324 extra

244 2349 416 2403 urbem
471 2352 650 2405 situm
698 2352 867 2408 fuisse
914 2358 1303 2413 monasterium
1358 2361 1632 2429 quoddam
1690 2361 1817 2417 licet

242 2437 495 2498 colligere.
528 2441 765 2496 Accedit
792 2445 1166 2501 testimonium
1208 2448 1518 2521 Hieronymi
1552 2451 1679 2522 (ιιι).
1716 2452 1811 2522 qui

242 2526 294 2581 S.
312 2529 647 2586 llilarionem
670 2531 948 2589 Pelusium
968 2538 1188 2605 adiisse,
1216 2539 1399 2610 ibique
1422 2541 1617 2597 fratres
1636 2543 1691 2597 in
1715 2544 1812 2599 de-

242 2633 374 2677 serto
399 2640 510 2677 non
550 2625 744 2697 procul
770 2627 841 2681 ab
873 2628 1009 2685 urbe
1056 2630 1367 2688 habitantes
1395 2634 1646 2691 visitasse
1680 2652 1811 2690 nar-

244 2872 341 2943 pla,
367 2887 607 2941 quorum
641 2888 832 2943 unum,
871 2880 931 2926 ut
966 2871 1195 2926 lectores
1219 2873 1286 2926 de
1310 2873 1412 2926 hac
1442 2888 1501 2927 re
1533 2872 1632 2943 ipsi
1658 2872 1804 2942 judi-

246 2942 358 3029 care
387 2943 641 3029 possint;
654 2942 761 2996 huc
790 2942 1152 3029 transcribere
1178 2944 1368 3029 placet.
1386 2943 1807 3029 (Ehrvsostoni'us

247 3013 383 3066 hom.
420 3029 467 3065 Iv
496 3014 575 3065 ad
602 3013 760 3065 Hom.
792 3031 805 3065 :
840 3014 916 3065 Οὐ
943 3014 1069 3081 γὰρ.
1100 3013 1293 3081 inquit.
1326 3013 1435 3065 ἀπὸ
1460 3013 1565 3066 τῶν
1594 3013 1809 3067 νοσούν-

245 3099 363 3145 των,
396 3082 508 3153 ἀλλ’
558 3083 670 3134 ἀπὸ
712 3082 817 3135 τῶν
853 3083 1205 3147 ὑγιαινόντων
1242 3083 1322 3135 δεῖ
1363 3083 1547 3152 φέρειν
1575 3083 1673 3145 τὰς
1699 3084 1807 3153 ψή-

247 3169 385 3222 φους.
418 3152 686 3214 Isidorus.
712 3153 859 3219 utait
886 3153 1303 3218 llittersliusius,
1334 3150 1447 3207 hoc
1464 3154 1547 3207 bis
1569 3150 1808 3207 imitatus
1836 3150 1879 3206 C

245 3232 319 3276 est
349 3222 403 3275 in
426 3223 547 3276 suis
587 3223 848 3291 epistolis,
878 3232 934 3275 nt
960 3223 1052 3283 lib.
1085 3239 1162 3286 Ill,
1192 3239 1279 3291 ep.
1315 3223 1421 3275 ‘Zli
1452 3248 1461 3277 ;
1498 3254 1568 3262 —
1596 3224 1668 3274 Ub
1702 3224 1810 3292 γὰρ

245 3293 343 3346 ἀπὸ
368 3293 699 3364 νοσούντων,
714 3292 834 3364 αλλ’
853 3293 963 3344 sub
976 3292 1082 3344 τῶν
1096 3292 1446 3364 ὑγιαινόντων
1472 3294 1576 3364 χρὴ
1595 3292 1812 3364 λαμϐά-

249 3379 346 3416 νειν
370 3364 465 3426 τὰς
500 3363 639 3433 περὶ
667 3363 777 3414 τῶν
804 3364 1147 3433 πραγμάτων
1191 3363 1403 3432 ψήφους
1426 3380 1438 3391 ·
1491 3372 1547 3415 et
1569 3363 1573 3364 ⁷
1593 3363 1686 3433 lib.
1730 3379 1804 3424 tv,

247 3448 323 3502 ep.
352 3434 449 3487 99:
481 3433 569 3486 Οὐ
588 3434 691 3501 χρὴ
717 3432 978 3495 ταίςτὼν
1004 3433 1300 3485 νοσούντων
1334 3432 1558 3485 ἔπεσθαι
1587 3432 1805 3502 ψήφοις·

248 3503 350 3556 ἀλλ’
380 3504 487 3556 ἀπὸ
521 3506 629 3573 τῆς
659 3504 795 3573 τῶν-
819 3502 1171 3573 ὑγιαινόντων
1227 3504 1458 3573 κρίσεως
1515 3502 1810 3570 λαμϐάνειν

248 3574 335 3636 τὰς
368 3571 701 3636 ἀποδείξεις.
754 3571 1027 3626 Hactenus
1067 3572 1172 3625 ille.
1202 3571 1274 3614 -ξ
1318 3571 1410 3625 llis
1458 3583 1637 3626 autent
1685 3573 1808 3626 addi

248 3654 483 3711 possunt,
512 3660 641 3713 qua
671 3645 725 3695 in
752 3642 941 3696 lsidori
967 3642 1031 3713 ad
1056 3642 1321 3696 Serenum
1350 3644 1576 3713 epistola
1596 3654 1813 3697 exstant

250 3715 397 3783 verba
419 3712 804 3783 hujuscemodi
834 3731 846 3765 :
880 3712 1042 3765 Ἀλλά
1078 3713 1183 3782 χρὴ
1224 3714 1349 3775 τοὺς
1374 3712 1709 3783 νὲχέξρονας,
1738 3714 1813 3782 μὴ

249 3782 345 3855 ᾁπὸ
365 3782 972 3855 Ατῶνὰρῤωστούντων,
1162 3785 1270 3836 ἀπὸ
1313 3782 1433 3855 τῶν.
1450 3784 1814 3855 ὑγιαινόντων

249 3851 533 3921 λαμϐάνειν
559 3851 669 3915 τὰς
698 3854 933 3921 ψήφους.
963 3853 1047 3905 (Σῖ.
1079 3853 1170 3905 lib.
1200 3870 1252 3914 v,
1282 3869 1368 3922 ep.
1403 3853 1539 3918 563;
1575 3855 1644 3907 cf.
1680 3868 1808 3921 prae-

250 3933 385 3993 terea
413 3923 687 3978 Hittersli.
727 3922 870 3977 Lect.
909 3940 1047 3975 sucr.
1080 3923 1172 3977 lib.
1210 3940 1280 3986 iv,
1309 3940 1428 3992 cap.
1479 3924 1560 3983 l7.
1592 3940 1647 3993 p.
1673 3925 1808 3985 511;

251 3990 334 4065 lib.
375 4012 430 4055 v.
463 4010 587 4064 cap.
653 3995 737 4054 l3,
767 4011 819 4064 p.
852 3994 1012 4065 399;_
1043 3994 1137 4065 lib.
1175 4010 1249 4061 vi,
1275 3990 1395 4064 cap.
1446 3994 1532 4060 l5,
1562 3990 1617 4065 p'.
1668 3994 1767 4049 461
1796 4011 1815 4061 ;

251 4060 335 4116 lib.
362 4081 459 4121 vit.
492 4060 619 4131 cap.
657 4066 709 4127 7,
738 4060 791 4132 p'.
825 4063 949 4128 5M,
982 4063 1106 4117 5l5.

314 4135 389 4201 (α)
427 4135 649 4188 Fabric.
682 4135 718 4187 l.
764 4133 857 4187 all.

313 4206 383 4271 (bl
414 4205 731 4259 Heumann.
761 4206 897 4258 diss.
926 4204 1019 4258 cit.
1050 4203 1078 4273 ς
1109 4202 1161 4257 5.

312 4280 381 4340 (cl
410 4274 737 4329 Scliricckb.
774 4275 906 4327 Hist.
941 4274 1064 4338 ecql.
1102 4274 1207 4326 vol.
1240 4273 1332 4327 cit.
1366 4289 1421 4344 p.
1455 4273 1576 4330 529..

314 4345 387 4414 (ό)
421 4345 538 4401 Lib.
573 4361 615 4410 I,
642 4360 729 4413 ep.
769 4345 901 4411 l5li;
937 4345 1031 4398 lib.
1066 4360 1115 4409 ν,
1148 4360 1234 4414 ep.
1267 4344 1355 4397 32.

315 4437 382 4503 (e)
407 4434 527 4507 Quo
556 4452 624 4489 ex
651 4437 970 4507 cognomine
1011 4436 1057 4489 si
1099 4438 1311 4490 ellicere.
1342 4450 1677 4507 conaremur
1712 4435 1811 4490 lsi-

1922 1899 2014 1969 qui
2046 1900 2227 1953 tunica
2251 1898 2319 1951 ab
2346 1898 2462 1967 ipso
2488 1898 2757 1967 postulata
2791 1894 3083 1959 eli‘ecisset,
3110 1902 3170 1948 ut
3200 1893 3296 1947 δύο
3328 1893 3492 1964 χιτῶ-

1920 2008 2017 2057 νας
2045 1991 2147 2044 οὺκ
2180 1989 2318 2060 ἔχων
2344 1988 2436 2041 τὸν
2475 1989 2636 2057 νόμον
2662 1986 2755 2040 τοῦ
2806 1983 3112 2039 Βαπτιστοῦ
3163 1987 3241 2055 (ιι)
3274 1986 3492 2055 explere

1919 2092 2130 2155 posset.
2153 2082 2223 2136 Et
2254 2097 2443 2136 revera
2474 2097 2573 2152 per
2610 2095 2829 2135 omnem
2860 2079 3028 2132 vitam
3068 2077 3281 2131 videtur
3305 2078 3492 2148 exple-

1914 2177 2088 2243 visse;
2137 2175 2285 2245 quod
2315 2190 2471 2244 asque
2505 2190 2569 2228 ex
2601 2172 2713 2237 illa,
2744 2187 2907 2241 quam
2942 2170 3103 2225 modo
3132 2169 3489 2233 laudavimus,

1914 2279 2079 2339 atque
2129 2282 2192 2321 ex
2240 2266 2469 2335 epistola
2503 2266 2568 2319 ad
2626 2264 2851 2319 Paulum
2896 2263 3184 2318 diaconum
3239 2260 3313 2333 (ιν)
3365 2262 3490 2317 data

1914 2367 2158 2429 apparet.
2188 2357 2328 2412 Huic
2357 2357 2504 2411 enim
2536 2357 2819 2410 Simonem
2849 2354 3175 2408 familiarem
3207 2369 3491 2409 commen-

1914 2452 2009 2507 dat
2037 2465 2216 2509 suum.
2256 2450 2347 2519 qui
2371 2447 2662 2519 Egyptum
2692 2446 2983 2501 relicturus
3012 2446 3289 2516 indigebat
3321 2445 3491 2500 vesti-

1919 2554 2127 2604 mento,
2158 2542 2227 2596 ab
2252 2556 2428 2610 eoque
2462 2549 2735 2610 precatur,
2774 2547 2838 2603 ut
2866 2536 2939 2591 illi
2970 2537 3115 2591 dono
3144 2538 3235 2591 det
3261 2546 3488 2591 vestem.

1916 2634 2085 2704 Cujus
2130 2633 2347 2705 generis
2386 2633 2528 2688 dicta
2560 2628 2862 2701 compluria
2912 2645 2982 2686 ex
3014 2628 3204 2685 lsidori
3242 2628 3492 2700 epistolis

1909 2872 2140 2956 begudcr.
2150 2871 2316 2956 _Stadt
2344 2870 2614 2956 Pelusium
2637 2870 2692 2925 in
2711 2872 2855 2928 einer
2874 2870 3086 2929 Einaede
3115 2873 3271 2928 lebte.

1984 2943 2045 3013 (ἰ)
2083 2943 2201 2997 Lib.
2245 2959 2283 3003 ι.
2312 2957 2399 3011 ep.
2445 2941 2531 2995 93.

1983 3013 2053 3082 (j)
2098 3013 2217 3066 Lib.
2256 3029 2295 3073 ι.
2324 3027 2412 3080 ep.
2447 3011 2572 3066 191.

1980 3083 2055 3154 (It)
2084 3082 2282 3154 Lib.t,_
2291 3098 2381 3151 ep.
2396 3082 2536 3154 266.

1982 3149 2045 3288 ἐι)
2080 3153 2220 3234 Petri
2258 3149 2469 3207 Po'ssini
2503 3150 2698 3205 Collat.
2729 3149 2957 3231 lsidor._
3220 3222 3232 3234 .

2008 3223 2077 3288 m)
2130 3222 2352 3277 Hieron.
2380 3220 2517 3288 Opp.
2568 3219 2686 3274 Vol.
2732 3220 2771 3285 Ι,
2807 3237 2860 3288 p.
2887 3221 3015 3285 252,
3049 3236 3115 3276 ex
3148 3221 3281 3277 edit.
3315 3222 3433 3278 Pari

1982 3219 2077 3291 (Ill)
2130 3222 2352 3277 Hieron.
2380 3220 2517 3292 Opp.
2568 3219 2686 3274 Vol.
2732 3220 2771 3285 Ι,
2807 3237 2860 3290 p.
2887 3221 3015 3285 252,
3049 3236 3115 3276 ex
3148 3221 3281 3277 edit.
3315 3222 3485 3280 Paris.

1908 3293 2068 3353 1645,
2103 3293 2192 3347 ubi
2230 3294 2343 3347 luce
2374 3298 2593 3347 exstant
2621 3308 2635 3345 :
2661 3290 2862 3356 Quinto
2894 3290 3056 3356 igitur
3083 3293 3174 3347 die
3206 3294 3355 3348 venit
3386 3294 3487 3349 Pe-

1908 3308 2068 3353 nno,
2103 3308 2192 3347 ubi
2230 3308 2343 3347 luce
2374 3308 2593 3347 exsmnt
2621 3308 2635 3345 :
2661 3308 2862 3356 uuinto
2894 3308 3056 3360 igitur
3083 3308 3174 3347 uie
3206 3308 3355 3348 venit
3386 3308 3485 3349 t'e-

1908 3364 2130 3427 lusium,
2180 3362 2518 3432 visitatisque
2564 3361 2849 3433 fratribus,
2877 3363 2967 3433 qui
3000 3363 3053 3415 in
3083 3363 3260 3419 vicina
3299 3379 3485 3420 eremo

1908 3444 2085 3495 erant,
2126 3433 2254 3487 etin
2291 3430 2445 3498 loco,
2465 3433 2557 3502 qui
2590 3430 2789 3486 dicitur
2814 3430 3064 3503 Lycbnos
3105 3434 3486 3502 morabantur,

1910 3504 2291 3589 perrcit-itpost
2319 3505 2580 3589 tridttum.

1984 3574 2058 3644 (η)
2088 3570 2398 3627 Tillcmont.
2428 3574 2466 3630 l.
2494 3588 2541 3627 c.
2575 3586 2629 3640 p.
2659 3570 2781 3627 100.

1984 3644 2065 3724 to)
2103 3644 2161 3724 In
2197 3644 2284 3699 illa
2319 3644 2465 3697 enim
2505 3643 2748 3724 epistola.
2790 3642 3075 3724 inagitat-
3106 3644 3197 3724 __de
3244 3645 3487 3701 ecclesiae

1910 3712 2291 3795 aedificatione,
2336 3730 2496 3794 quam
2553 3712 2821 3797 Eusebius
2870 3713 3066 3768 l’elusii
3105 3714 3486 3797 illo_tempore

1912 3785 2204 3853 cpiscopus
2232 3784 2489 3853 suscepit.
2524 3791 2584 3836 ut
2609 3783 2751 3837 facili
2780 3798 2941 3851 opera
2986 3783 3370 3854 unusquisque
3400 3787 3485 3840 in-

1915 3856 2153 3910 tellitzere
2182 3854 2353 3910 possit
2378 3854 2640 3907 Isidorum
2672 3869 2778 3906 non
2830 3853 3000 3909 fuisse
3032 3856 3181 3910 urbis
3224 3856 3481 3910 incolam.

1915 3864 2153 3923 telligere
2182 3864 2353 3923 possut
2378 3864 2640 3907 tsnlorum
2672 3869 2778 3906 non
2830 3864 3000 3909 tuisse
3032 3864 3181 3910 urbis
3224 3864 3481 3911 incolant.

1912 3924 2113 3997 Scribit
2136 3925 2281 3997 enim
2300 3924 2369 3979 ad
2396 3924 2577 3977 illum:
2602 3922 2841 3987 Κτξζεις,
2866 3923 2941 3987 ὥς
2970 3940 3155 3994 φασιν,
3184 3926 3486 3997 ἐκκλησίαν

1910 3996 1968 4051 ὲν
1994 3994 2295 4064 Πηλουσίῳ.
2326 4024 2397 4034 -
3268 3994 3271 3995 ν
3344 3994 3354 3997 ⁷

1984 4065 2060 4195 (νζ
2094 4063 2287 4118 lleum.
2320 4064 2375 4119 d.
2416 4078 2491 4127 c.,
2522 4079 2575 4133 p.
2606 4064 2660 4127 4,
2691 4071 2807 4119 not.
2847 4063 2945 4120 bh.
3407 4135 3418 4146 .

1986 4139 2038 4195 (q
2092 4133 2287 4188 Heum.
2321 4136 2375 4188 d.
2410 4150 2460 4187 c.
2480 4150 2533 4195 p.
2559 4134 2613 4194 7.
2638 4142 2753 4189 not.
2778 4148 2824 4189 r.
2863 4163 2935 4173 —
2964 4133 3083 4195 Jam
3112 4149 3143 4189 a
3174 4132 3417 4189 Dufresnt

1986 4139 2057 4203 (τι)
2093 4139 2287 4188 Heum.
2321 4139 2375 4188 d.
2410 4150 2460 4187 c.
2480 4150 2533 4203 p.
2559 4139 2613 4194 7.
2638 4142 2753 4189 not.
2778 4148 2824 4189 r.
2863 4163 2935 4173 —
2964 4139 3083 4199 Jam
3112 4149 3143 4189 a
3174 4139 3459 4190 Dufresnio

1912 4203 1967 4261 in
1999 4206 2269 4261 Glossario
2299 4203 2600 4259 Graecitatis
2646 4204 2838 4258 mediae
2875 4204 3225 4259 observatum
3265 4215 3370 4268 est,
3405 4208 3485 4260 vi'

1915 4284 2022 4331 tam
2073 4276 2447 4330 monachicam
2484 4276 2552 4329 ab
2589 4274 2800 4344 Isidoro
2828 4285 3017 4329 nostro
3056 4275 3152 4329 lib.
3195 4290 3236 4337 ι,
3286 4291 3373 4344 ep.
3429 4277 3480 4330 l’

1912 4345 2170 4415 appellari
2192 4345 2595 4413 φιλοσοφίαν-
2625 4343 2767 4416 (addi
2794 4354 2970 4412 potest
2992 4345 3087 4399 lib.
3108 4362 3167 4411 ll,
3190 4361 3277 4416 ep.
3302 4343 3482 4416 {59.)1;

1913 4412 2166 4485 —l-‘quem
2206 4412 2466 4486 loquendi
2491 4412 2645 4470 usum
2687 4412 3046 4486 Sozomenum
3075 4412 3292 4486 quoque
3322 4412 3483 4471 secuL

251 4484 453 4559 ἀοι-ἀιιῖ
482 4506 679 4560 Pelusii
717 4484 900 4560 iiatum
942 4521 1082 4570 esse,
1119 4506 1236 4559 sine
1262 4505 1424 4559 dubio
1453 4506 1809 4561 incideretnus

1918 4484 2209 4567 tuni'esse,
2241 4484 2398 4570 ideni‘
2423 4485 2668 4566 pluribus
2698 4484 2890 4564 probat
2914 4484 3302 4570 eseniplisf—
3327 4487 3479 4570 pq..—

253 4576 301 4627 in
330 4592 591 4631 errorem.
619 4576 993 4646 Πηλουσιῶται
1022 4577 1167 4629 enim
1212 4575 1406 4630 Pelusii
1434 4586 1562 4630 sunt
1595 4576 1804 4643 incolae,

252 4646 355 4697 sive
395 4648 461 4703 in,
481 4649 585 4700 hac
632 4649 784 4709 urbe,
841 4647 955 4701 sive
1005 4646 1152 4707 alibi,
1208 4646 1315 4699 nati
1356 4656 1499 4699 sunt.
1554 4646 1647 4700 His
1678 4662 1806 4699 vero

255 4718 539 4770 unniacbos
568 4733 785 4786 quoque
817 4717 1072 4779 cmnobii,
1107 4716 1158 4768 in
1190 4732 1298 4784 quo
1332 4717 1620 4769 maximam
1679 4717 1805 4771 vita:

254 4796 449 4857 partem
482 4789 631 4857 degit
662 4787 921 4846 lsidorus,
954 4787 1220 4855 ascriptos
1270 4787 1438 4839 fuisse
1479 4802 1542 4839 cx
1579 4788 1805 4857 epistola

259 4856 351 4927 151
384 4857 503 4911 libri
540 4856 577 4922 ιζ
611 4867 852 4927 apparet,
887 4858 1086 4925 quippe
1108 4872 1229 4925 qua:
1263 4857 1460 4923 scripta
1488 4866 1571 4910 est
1597 4856 1798 4925 Πηλου-

257 4925 465 4988 σιώταις
490 4929 572 4990 εἰς
601 4925 662 4979 τὸ
683 4925 973 4979 νκοινὸὗιον.
1003 4929 1258 4980 Attamen
1288 4929 1514 4979 reticere
1545 4928 1670 4981 nolo
1700 4927 1805 4980 hu-

252 4993 333 5065 jus
362 4998 604 5065 epistulae
629 4998 869 5061 titulum,
902 4996 1057 5051 Petro
1077 4997 1303 5049 Possino
1333 4996 1384 5048 in
1416 4997 1807 5051 Collationibus

257 5064 554 5121 lsidorianis
596 5078 846 5130 testante,
894 5068 946 5121 iu
982 5066 1138 5121 codd.
1183 5065 1300 5120 Vat.
1348 5067 1451 5121 6.59
1480 5074 1534 5120 et
1585 5068 1689 5121 Alt.
1728 5068 1807 5121 sic

257 5152 312 5189 se
333 5138 528 5208 habere
556 5157 570 5190 :
599 5137 999 5208 Πηλουσιώταις
1028 5138 1087 5188 ὲν
1109 5137 1293 5203 κοινῷ.
1322 5152 1351 5189 a
1380 5137 1576 5208 quibus
1604 5138 1807 5208 recedit

256 5207 522 5329 patilévulum
550 5205 676 5263 cod.
718 5208 847 5262 Bav.
886 5208 1151 5262 exhibens
1185 5205 1588 5278 Πηλουσιώταις
1634 5210 1715 5270 εις
1744 5207 1807 5263 τὸ

259 5292 335 5327 κοι
425 5315 439 5329 .

259 5292 439 5329 κοινον.

322 5347 381 5417 (fl
428 5346 616 5402 Leont.
665 5347 886 5417 Byzant.
927 5347 984 5401 in
1024 5346 1178 5417 libris
1202 5347 1464 5417 adversus
1496 5344 1805 5402 Nestorium

260 5423 309 5467 et
350 5416 639 5489 Eutychen.
689 5415 777 5489 tif.
826 5417 965 5473 Bibl.
1019 5415 1123 5473 PP.
1180 5418 1268 5473 ed.
1333 5416 1582 5489 Lugdun.
1636 5418 1796 5482 1677,

270 5492 387 5538 tom.
421 5487 508 5543 IX.
534 5504 585 5557 p.
626 5489 726 5543 706
758 5488 818 5541 D.

324 5557 391 5628 (9)
421 5557 538 5611 Lib.
566 5576 603 5620 I,
639 5575 725 5628 cp.
759 5558 881 5613 ιω.

326 5626 395 5693 (Ii)
423 5628 521 5681 Cui
555 5625 837 5683 sententiae
869 5629 1013 5683 favet
1038 5638 1225 5684 auctor
1250 5626 1395 5687 libri,
1423 5626 1513 5697 qui
1551 5625 1802 5681 inscribi-

270 5699 385 5768 tur:
422 5698 757 5768 Allgemeines
794 5700 1117 5753 historisches
1153 5699 1393 5753 Lexicou.
1436 5698 1635 5751 Scribit
1657 5702 1801 5751 enim

274 5763 348 5820 ille
374 5784 387 5820 :
412 5763 656 5835 Isidorus,
696 5769 964 5829 Pelusium
994 5770 1358 5843 augenti/mret,
1396 5768 1509 5827 wcil
1560 5785 1619 5825 er
1668 5769 1802 5827 ualle

1915 4557 2081 4611 scntit
2112 4572 2235 4610 cum
2266 4572 2332 4610 eo
2366 4554 2644 4621 Suicerus,
2671 4555 2759 4623 qui
2816 4554 2867 4607 in
2919 4554 3185 4609 Thesauro
3230 4558 3480 4610 ecclesia-

1912 4627 2043 4678 m‘co
2068 4626 2355 4695 φιλοσοφία
2381 4641 2568 4679 vocem
2593 4624 2733 4694 apud
2765 4624 3059 4693 scriptores
3083 4627 3482 4682 ecclesiasticos

1911 4696 2198 4765 designare
2224 4696 2503 4750 contendit
2530 4714 2542 4752 :
2575 4697 2700 4750 vita:
2734 4704 2935 4766 sancta:
2955 4695 3215 4761 studium,
3248 4712 3480 4766 praesen

1913 4766 2006 4818 tim
2027 4764 2189 4820 vitam
2216 4775 2509 4831 austeram,
2539 4766 2712 4837 qualis
2740 4764 2871 4819 olim
2896 4764 3287 4821 monachorum
3309 4768 3476 4826 fuerit

1911 4845 1967 4890 et
1995 4848 2316 4891 ascetarum.

1985 4927 2054 4998 (r)
2104 4926 2467 4998 Consentium
2502 4925 2842 4998 Nicephorns
2868 4925 3111 4998 -έ-Αιιῑει.
3139 4925 3265 4998 eccl.
3296 4924 3333 4980 1.
3358 4942 3472 4994 xw,

1910 4996 2148 5066 cap.55,
2176 5005 2325 5050 —et
2368 4996 2697 5061 Galesinius,
2757 4997 2846 5067 qui
2890 4996 3154 5051 lsidormn
3213 4997 3266 5050 in
3298 5011 3475 5067 inion-

1915 5077 2019 5121 teni
2052 5083 2173 5121 sese
2199 5066 2469 5120 abdidisse
2500 5069 2735 5121 tradunt.
2772 5066 2856 5121 (ll.
2891 5067 3022 5121 Acta
3060 5067 3243 5122 Sanct.
3289 5066 3471 5132 Febr.,

1912 5136 2030 5191 Vol.
2069 5139 2106 5198 l,
2139 5154 2191 5205 p.
2229 5137 2353 5199 468.
2387 5136 2488 5205 §l,
2521 5154 2575 5191 n.
2608 5137 2660 5190 5.
2687 5167 2757 5177 -
2783 5139 2939 5191 Errat
2970 5146 3150 5190 autem
3180 5136 3471 5202 Arnoldus,

1910 5209 2001 5276 qui
2040 5210 2093 5260 in
2120 5225 2217 5260 sua
2245 5206 2490 5262 Ecclesia:
2518 5208 2896 5273 hwresiumque
2932 5207 3176 5270 historia,
3210 5215 3471 5272 montem,

1911 5277 1964 5330 in
1995 5293 2101 5346 quo
2135 5278 2319 5331 lsidori
2351 5278 2672 5332 aedificatum
2703 5277 2804 5332 fuit
2834 5276 3240 5339 monasterium,
3281 5277 3472 5345 appel-

1910 5347 1985 5400 lat
2016 5348 2306 5409 Pelusium,
2334 5348 2413 5401 sic
2438 5347 2542 5401 vol.
2565 5349 2605 5411 l,
2632 5347 2723 5401 lib.
2743 5364 2793 5403 ι’.
2818 5363 2936 5416 cap.
2956 5348 3011 5412 3,
3039 5346 3169 5414 §lb’,
3189 5346 3472 5416 scribens:

1912 5387 1985 5491 ᾗ
2002 5387 2605 5491 Ᾱῗέἕὶςῒιὶὶἕν⁰ὶῐεᾶῐῖιιῗ
2622 5387 2723 5472 (ὶΞῆ
2751 5387 3020 5475 iiii-75);}.
3037 5387 3267 5488 ἱῖιὶἶὶιὲιῐ
3282 5387 3472 5491 ’ἲὲἓᾷὲ

1910 5486 2122 5545 Pelusio
2143 5496 2444 5557 vorgesetzt.

1985 5561 2050 5626 (δ)
2092 5560 2209 5613 Lib.
2238 5556 2282 5620 i,
2310 5574 2397 5627 ep.
2433 5556 2482 5611 5.

1981 5637 2043 5697 (ι)
2074 5630 2190 5683 Lib.
2226 5646 2265 5690 ι,
2292 5644 2378 5698 cp.
2418 5628 2543 5681 216.

1982 5694 2060 5769 (u)
2085 5701 2284 5770 Evang.
2326 5694 2612 5770 Lucze,__tv,
2649 5694 2744 5755 11..

1982 5767 2052 5843 (ιι)
2081 5769 2208 5831 Lib.
2234 5767 2272 5837 ἶ,
2313 5785 2402 5843 ep.
2436 5767 2569 5829 4'15.
