3924 6416
410 370 484 436 19
1541 328 2430 440 COMMENTATIONIS'PARS
2466 369 2511 430 Ι.
3571 360 3642 425 20

405 482 658 538 facillime
676 481 879 554 possim
909 483 1197 556 colligere;
1222 482 1314 541 sed
1336 500 1447 541 rem
1468 488 1656 559 paucis
1675 486 1975 543 absolvisse
2002 490 2048 546 Α
2079 481 2136 538 Si
2167 482 2488 551 imperator.
2520 476 2721 548 inquit,
2750 484 2809 532 te
2829 474 3028 547 oppido
3054 474 3123 531 ab
3152 473 3400 530 hostibus
3429 488 3640 529 summa

406 574 578 628 satius
604 574 769 638 duco;
786 574 966 645 itaque
988 575 1202 647 Evagrii
1229 576 1306 649 (a)
1332 586 1453 632 utar
1467 578 1667 643 verbis,
1686 579 1777 648 qui
1803 593 1974 646 usque

2076 573 2128 628 vi
2158 580 2469 642 oppugnata
2498 568 2855 640 praefecisset,
2885 582 3068 621 nonne
3100 576 3155 621 tu
3200 566 3439 621 hostium
3464 565 3639 635 impe-

405 665 565 729 adeo,
613 665 807 734 inquit,
851 681 1050 737 corpus
1078 682 1236 722 suum
1278 669 1557 724 laboribus
1604 676 1977 724 maceraverat
2077 674 2190 720 tum
2232 663 2379 719 omni
2439 662 2601 717 modo
2652 660 2950 730 reprimere
3007 659 3286 715 tentares?
3324 658 3415 711 Sic
3464 672 3565 727 ego
3607 672 3638 711 a

411 755 721 825 (lsidorus),
748 764 805 811 et
829 757 1069 811 animum
1101 758 1510 814 sublimioribus
1544 758 1806 814 doctrinis
1833 758 1974 829 sagi-

408 855 655 912 naverat,
708 857 769 902 ut
818 849 1115 920 angelicam
1170 850 1335 905 vitam
1397 860 1599 921 ageret,
1657 858 1714 904 et
1760 850 1974 920 Spirans

406 940 654 1009 quaedam
709 940 885 1012 imago
925 950 1069 996 esset
1116 952 1223 997 tam
1272 944 1396 998 vita:
1426 942 1757 1009 monasticte,
1811 957 1971 1013 quam

408 1030 607 1086 divina:
635 1031 1129 1101 contemplationis.
1157 1060 1224 1072 -

476 1120 665 1191 Neque
711 1121 888 1177 solum
930 1130 1154 1192 propter
1200 1121 1325 1176 vita:
1360 1122 1725 1189 sanctitatem,
1782 1138 1972 1178 verum

405 1214 572 1269 etiam
594 1222 815 1285 propter
844 1213 1106 1268 doctrinae
1133 1213 1345 1283 copiam
1383 1213 1452 1267 ab
1475 1215 1772 1283 aequalibus
1810 1214 1975 1270 hono-

407 1312 559 1356 ratus
587 1308 689 1366 est,
724 1300 1011 1371 magnique
1052 1299 1369 1355 aestimatus.
1400 1301 1614 1361 Etenim
1656 1301 1971 1373 Gregorium

406 1387 710 1459 Nyssenum
753 1387 962 1442 litteras
1008 1388 1111 1457 ipsi
1152 1388 1364 1445 misisse
1392 1406 1455 1444 ex
1479 1405 1652 1460 eoque
1681 1393 1971 1461 quamdam

407 1471 623 1529 Veteris
697 1471 1032 1529 Testamenti
1098 1476 1601 1547 interpretationem
1656 1481 1972 1549 quaesivisse

407 1564 784 1621 Tillcmontius
812 1566 883 1638 (ὁ)
910 1581 976 1621 ex
1001 1567 1248 1637 epistola,
1270 1584 1390 1638 quae
1417 1570 1540 1625 data
1568 1579 1651 1625 est
1676 1572 1743 1626 ad
1766 1571 1971 1643 Grego-

407 1657 547 1711 rium
573 1656 886 1727 epiac0pum
918 1658 1011 1729 (ε),
1036 1659 1267 1730 collegit.
1294 1659 1448 1726 Quod
1478 1661 1686 1717 etiamsi
1724 1663 1969 1718 luculen-

407 1758 493 1803 ter
522 1747 881 1803 demonstrari
909 1750 1117 1819 nequit,
1162 1758 1341 1805 tamen
1375 1767 1473 1807 cur
1500 1763 1725 1823 negetur
1751 1768 1965 1809 causam

406 1854 518 1894 non
546 1839 739 1906 video;
762 1842 1063 1910 praesertim
1087 1858 1209 1897 cum
1234 1844 1324 1914 qui
1348 1845 1635 1899 maximam
1665 1846 1720 1900 in
1734 1846 1969 1903 Ecclesia
2001 1836 2042 1891 Β

408 1930 650 1987 habuere
693 1933 1093 1994 auctoritatem.
1125 1935 1275 1990 velut
1315 1936 1670 2006 Theophilus,
1716 1937 1965 2010 tiyrillus,

406 2020 778 2094 Hermogenes
822 2024 1021 2095 aliique
1048 2041 1171 2081 cum
1215 2042 1281 2081 eo
1310 2043 1410 2097 per
1463 2029 1673 2084 litteras
1716 2032 1968 2087 collocuti

402 2113 516 2167 sint
560 2114 660 2186 (ά).
699 2114 927 2170 Constat
960 2117 1099 2172 adeo
1139 2117 1397 2188 Cyrillum
1454 2120 1755 2177 honoriﬁco
1801 2124 1970 2192 patris

402 2205 624 2261 nomine
655 2207 918 2263 lsidorum
938 2223 1162 2264 ornasse
1184 2210 1279 2281 (ι).
1303 2209 1465 2277 Quid,
1483 2213 1627 2281 quod
1650 2229 1713 2268 ex
1742 2214 1968 2284 epistola

400 2296 472 2350 ad
506 2296 804 2364 Zenonem,
845 2315 1006 2369 quam
1043 2301 1146 2355 alia
1183 2302 1468 2357 occasione
1492 2304 1601 2373 jam
1650 2304 1964 2371 attulimus,

402 2387 699 2446 familiares
739 2390 859 2459 ejus
883 2406 967 2456 eo,
1007 2407 1115 2461 quo
1143 2393 1323 2448 adhuc
1352 2394 1494 2448 inter
1522 2394 1674 2450 vivos
1700 2395 1800 2450 fuit
1827 2406 1966 2451 tem-

401 2494 556 2550 pore,
587 2496 695 2543 res.
733 2481 933 2551 quibus
966 2496 1099 2537 usus
1128 2491 1275 2548 erat,
1310 2483 1565 2539 habuisse
1598 2496 1968 2542 sacrosanctas

401 2574 619 2643 probari
652 2581 828 2644 potest
854 2574 943 2643 (Γ).
988 2604 1057 2619 -—-
1076 2573 1208 2639 Quae
1229 2575 1431 2639 omnia,
1464 2585 1523 2630 ut
1551 2576 1799 2642 equidem
1822 2578 1968 2632 arbi-

400 2674 538 2731 tror,
564 2664 906 2734 perpendens
922 2665 1242 2734 Epltraamus
1261 2665 1426 2737 Syrus
1449 2666 1550 2736 (ς),
1574 2666 1964 2739 Περίϐλεπτος,

400 2755 501 2816 ait.
533 2755 709 2810 factus
738 2765 842 2821 est,
864 2756 959 2809 καὶ
988 2759 1101 2820 τοῖς
1129 2756 1476 2828 ἀρχιερεῦσιν
1502 2758 1800 2829 αἰδέσιμος.
1836 2758 1968 2825 Quae

400 2846 566 2902 verba
586 2847 842 2903 Sehottus
869 2847 1109 2917 quidem,
1140 2850 1217 2903 uti
1236 2849 1347 2919 jam
1373 2863 1404 2903 a
1435 2847 1695 2920 Basnagio
1720 2861 1967 2905 notatum

397 2948 485 2995 est
513 2939 611 3011 (It),
639 2954 923 3010 perperam
964 2939 1045 2994 sic
1071 2940 1235 2995 vertit
1260 2958 1273 2995 :
1305 2950 1356 2995 et
1383 2941 1519 2993 inter
1552 2941 1803 3010 prtcsules
1841 2942 1967 2995 illu-

398 3033 548 3095 stris,
581 3033 735 3101 quasi
775 3047 918 3086 unus
945 3032 1321 3101 episcoporum
1345 3031 1413 3087 de
1437 3047 1597 3103 grege
1644 3030 1836 3085 fuisset
1863 3030 1964 3084 lsi-

398 3120 588 3176 dorus.
613 3119 723 3187 Sic,
753 3120 927 3191 inquit
958 3121 1069 3184 ille,
1102 3120 1287 3176 Graeca
1316 3121 1464 3176 reddi
1500 3122 1700 3176 debent
1725 3138 1737 3172 :
1767 3128 1817 3173 et
1841 3121 1951 3189 epi-

396 3214 567 3283 scopis
601 3215 944 3270 venerandus.
979 3243 1051 3256 -—
1076 3213 1378 3284 Episcopali
1400 3213 1561 3285 igitur
1588 3212 1853 3284 dignitate
1896 3211 1956 3283 (i)

398 3322 517 3363 non
542 3316 767 3363 ornatus
796 3306 928 3373 fuit;
979 3315 1219 3361 attamen
1272 3321 1397 3360 eum
1448 3320 1676 3359 munere
1727 3303 1962 3373 quodam

399 3398 598 3453 illustri
628 3397 873 3453 functum
898 3397 1088 3459 fuisse,
1108 3406 1166 3451 et
1194 3396 1364 3467 ipsius
1385 3396 1630 3466 epistolis
1644 3405 1699 3450 et
1717 3405 1963 3450 veterum

396 3485 723 3554 scriptorum
766 3485 1090 3540 testimoniis
1127 3484 1183 3539 in
1226 3495 1481 3554 promptu
1525 3494 1609 3540 est
1649 3485 1961 3541 ostendere.

399 3575 477 3630 Ex
510 3575 614 3630 illis
646 3573 793 3629 enim
817 3584 1041 3644 apparet
1064 3589 1188 3628 eum
1218 3574 1607 3632 monachorum
1657 3574 1805 3645 gregi
1849 3590 1961 3628 non

397 3665 566 3724 fuisse
592 3666 908 3737 ascriptum.
926 3665 1062 3721 Nam
1083 3665 1138 3719 in
1160 3664 1387 3735 epistola
1406 3665 1472 3721 ad
1500 3665 1822 3721 Therasium
1859 3666 1960 3736 (j),

470 3825 547 3897 (a)
585 3825 797 3897 Evagrii
834 3825 1018 3897 verba,
1042 3855 1114 3897 τ·-
1151 3823 1613 3897 ρΐηρῇιιεᾶη-ῌὶειε
1642 3826 1764 3879 ecel.
1801 3825 1892 3897 lib.
1920 3841 1960 3897 Vl,

394 3893 633 3966 «p.15,
661 3893 1145 3964 —-'-transcripsisse
1165 3895 1379 3966 videtur
1435 3893 1787 3963 Nicephorius.
1812 3895 1962 3948 Scri-

398 3965 479 4022 bit
515 3966 743 4033 enimgin
792 3966 927 4019 Hist.
959 3982 1055 4018 sua
1085 3966 1208 4019 ccci.
1251 3965 1344 4018 lib.
1378 3981 1485 4027 xw,
1518 3982 1635 4033 cap.
1664 3967 1751 4027 55,
1796 3967 1907 4019 lucc
1944 3983 1957 4018 :

408 4036 470 4090 Ὀ
502 4036 600 4103 μὲν
623 4032 716 4089 οὖν
750 4035 889 4097 Θείος
937 4035 1224 4103 Ἰσίδωρος,
1273 4034 1330 4100 ἐξ
1381 4034 1460 4086 ἔτι
1491 4032 1610 4087 νέοὑ
1645 4038 1756 4098 τοῖς
1784 4036 1955 4102 ἀσκηι

400 4109 570 4186 εικιῇς
610 4106 751 4186 0:31:03
808 4106 993 4186 πόνοις
1033 4105 1307 4186 ενίδρωσε,
1340 4106 1434 4155 καὶ
1463 4105 1561 4186 τῂν
1612 4104 1958 4186 adﬁxam.“-

397 4176 579 4245 ἐτηξε,
598 4175 694 4246 τὴν
715 4174 893 4246 ψυχὴν
910 4177 1020 4237 τοῖς
1037 4176 1395 4246 ὰναγωγιιιοϊς
1416 4176 1611 4246 asidan
1627 4174 1734 4246 τῷν
1762 4174 1955 4246 λόγιον,

397 4192 579 4245 emes,
598 4192 694 4298 τιὶν
715 4192 893 4297 ιξυχην
910 4192 1020 4237 τοις
1037 4192 1395 4241 αναγωγικοις
1416 4192 1611 4237 πιανας
1627 4192 1734 4227 των
1762 4192 1955 4240 Λογων,

396 4247 476 4347 (ἐς
507 4248 640 4330 (in:
679 4263 734 4298 ιιι
764 4262 806 4347 νὶ
827 4246 1085 4347 ἆέτικρυς
1131 4243 1405 4324 μετελθεῖν
1436 4244 1547 4313 βίον
1566 4261 1581 4278 ν
1616 4244 1709 4326 θεαὶ
1748 4244 1956 4347 ξυήλην

436 4333 581 4347 Ιιὶηηὶι
624 4332 682 4347 ’ρ
719 4332 784 4347 υ-
887 4331 936 4347 ΙΙ.
957 4330 1095 4347 ιιικΙΛὶΙ
1127 4330 1226 4347 ’Ἀρ
1268 4329 1325 4347 ’Β
1376 4330 1702 4347 ηΛυηρφινςιρ
1781 4331 1830 4347 οη
1858 4331 1956 4347 φυηρ

398 4315 581 4378 ζῶσάν
624 4332 682 4368 τε
719 4315 812 4367 καὶ
855 4313 1095 4383 ἔμψυχον
1127 4314 1226 4379 τῆς
1268 4329 1325 4364 τε
1375 4314 1702 4435 ἶιοναστικῆς
1748 4313 1956 4383 διαίτης

398 4387 494 4435 καὶ
515 4384 615 4435 τῆς
644 4387 723 4435 εἰς
747 4384 877 4435 Θεὸν
913 4384 1163 4435 Θεωρίας.
1195 4383 1278 4435 (if.
1310 4381 1372 4435 Ti
1396 4383 1523 4435 lem.
1558 4384 1593 4435 Ι.
1625 4399 1675 4435 c.
1709 4399 1762 4435 ο.
1794 4385 1882 4435 98.

398 4384 615 4454 καὶτῆς
644 4387 723 4447 εἰς
747 4381 1163 4452 Θεὸνῦεώρίας.
1195 4383 1278 4437 (1f.
1310 4381 1523 4437 Tillem.
1558 4384 1593 4437 Ι.
1625 4381 1675 4438 c.
1708 4399 1762 4454 p.
1794 4385 1882 4439 98.

473 4454 543 4523 (ὁ)
574 4454 783 4509 Tillem.
816 4454 850 4508 Ι.
885 4470 923 4515 t,
956 4469 1008 4517 ιι.
1036 4454 1123 4509 97.

473 4528 544 4593 (c)
580 4524 697 4579 Lib.
730 4541 767 4588 I,
795 4539 883 4592 ep.
914 4523 1034 4583 125.

476 4591 552 4663 (ά)
586 4595 703 4648 Lib.
742 4608 779 4657 ι,
831 4591 923 4661 ep.
978 4593 1102 4655 510,
1149 4609 1236 4663 ep.
1265 4592 1404 4655 δῖός
1435 4591 1530 4645 lib.
1564 4608 1623 4654 tt,
1682 4606 1769 4661 ep.
1796 4662 1801 4663 ί
1832 4591 1957 4657 208,

398 4662 634 4733 @3209,
656 4680 745 4732 ep.
775 4663 901 4725 210,
926 4678 1013 4731 ep.
1048 4662 1326 4718 218.4—Ex
1351 4663 1469 4715 aliis
1483 4663 1722 4729 ejusdem
1758 4662 1853 4714 viri
1883 4663 1964 4715 lit-

402 4735 535 4789 teris
597 4734 865 4801 videmus
904 4734 1197 4801 Cyrillum,
1260 4733 1650 4801 Hermogenem
1722 4733 1963 4799 aliosque

402 4803 771 4869 rescripsisse.
803 4800 887 4855 (If.
916 4800 1006 4859 lib.
1038 4821 1078 4867 ι,
1112 4819 1199 4873 ep.
1236 4804 1361 4867 570,
1420 4802 1515 4856 lib.
1575 4818 1635 4868 tt,
1691 4818 1779 4872 ep.
1843 4804 1961 4868 l59,

401 4889 493 4943 ep.
525 4875 650 4935 262,
688 4882 794 4926 etc.
827 4901 891 4910 —

477 4943 547 5011 (a)
580 4944 696 5001 Lib.
740 4959 777 4997 ι.
825 4958 912 5011 cp.
944 4942 1069 4996 570.
1100 4972 1170 4982 —
1198 4941 1307 4996 εἴτε
1343 4942 1677 5012 7&p_1ta‘t'itp
1723 4943 1857 5010 εἰμι,
1889 4942 1964 5002 ὡς

404 5009 541 5081 ἔφης
567 5042 637 5054 -
679 5012 813 5067 Cod.
846 5009 971 5067 Bav.
1002 5012 1080 5075 ὡς
1110 5011 1214 5081 φὴς
1251 5009 1720 5081 -νᾳῦτρςνδέδια
1752 5030 1801 5065 τ.
1844 5012 1961 5065 Ἠλ.

404 5079 664 5141 -ἔιάθηι
706 5084 867 5137 tradit
908 5079 1214 5144 Facundus,
1252 5080 1343 5150 qui
1378 5080 1431 5133 in
1457 5079 1765 5150 Defensione
1808 5082 1963 5133 trium

401 5151 786 5218 Capitulormu,
817 5152 1069 5216 Isidorus,
1104 5149 1383 5219 inquit,—
1406 5149 1497 5218 qui
1527 5151 1687 5203 etiam
1719 5167 1816 5220 pro
1845 5151 1966 5204 vita:

402 5240 469 5275 ac
500 5221 777 5290 sapientia:
810 5237 921 5275 sua:
952 5223 1177 5286 meritis,
1228 5230 1288 5275 ut
1318 5227 1469 5291 pater
1497 5220 1567 5291 ab
1613 5221 1728 5291 ipso
1767 5220 1966 5291 Cyrillo

402 5302 462 5346 et
493 5289 787 5351 honoratus
816 5300 918 5351 cst.
950 5302 1004 5345 et
1026 5304 1265 5346 vocatus.
1298 5289 1365 5329 -ὲ-
1399 5289 1636 5344 Cf.Max.
1662 5289 1822 5344 Bibl.
1847 5289 1961 5344 νγ.

410 5360 525 5421 PP,
543 5373 671 5416 tom.
696 5361 762 5425 Χ,
790 5378 843 5430 p.
878 5362 963 5415 18.

482 5431 547 5498 (Γ)
566 5432 684 5490 Lib.
716 5448 753 5491 ι,
783 5427 872 5499 ep,
894 5430 1018 5497 2l6,
1044 5459 1095 5468 —
1136 5429 1184 5482 ei
1203 5429 1260 5483 δὲ
1287 5428 1382 5485 καὶ
1404 5428 1717 5499 robrovtsc.
1745 5427 1965 5499 χιτῷνα)

404 5532 479 5543 --
500 5500 630 5553 Hitt.
664 5497 886 5555 τοὺτών.
913 5500 1044 5555 Cod.
1066 5499 1192 5552 Bav.
1218 5498 1377 5551 τοῦτο
1400 5528 1469 5537 -
1498 5497 1710 5566 μέλλοις
1740 5529 1808 5537 —-
1831 5497 1962 5553 Cod.

410 5571 517 5624 Alt.
555 5570 765 5639 μέλλεις
786 5602 854 5610 —
879 5570 953 5632 ὡς
986 5570 1052 5623 τὰ
1070 5568 1178 5621 τῶν
1200 5598 1270 5609 -
1293 5568 1382 5621 Sic
1414 5568 1570 5639 codd.
1604 5565 1716 5621 Val.
1750 5569 1872 5639 649,
1914 5580 1969 5623 et

407 5642 520 5694 Mt.
554 5638 713 5703 vulgo
732 5640 892 5692 τινῶν
919 5673 985 5681 -
1008 5641 1177 5705 ἁγίων
1214 5640 1423 5707 τηρεῖν.
1451 5638 1552 5704 ἐμὲ
1604 5639 1699 5705 μὲν
1733 5640 1813 5700 εἰς
1832 5638 1965 5692 ἀπό-

406 5727 610 5777 γνωσιν
626 5710 857 5779 ὼθήσεις
880 5741 936 5751 --
956 5710 1087 5765 Cod.
1109 5710 1209 5767 Alt.
1229 5708 1443 5779 ὡθησας
1468 5737 1533 5779 -έ
1556 5707 1775 5779 ἔλεγχον
1798 5709 1968 5779 ἐραυ-

408 5776 489 5857 τῲ
520 5811 584 5820 —~
608 5776 892 5837 Sic'codd.
927 5781 1043 5837 Vat.
1076 5780 1196 5846 5w,
1229 5788 1281 5833 et
1312 5777 1417 5833 Alt.
1450 5777 1589 5851 vulg.
1629 5776 1864 5849 ἐμαυτοῦ
1898 5809 1965 5825 ..γ

2074 770 2287 811 summo
2336 753 2445 807 Deo
2474 752 2728 807 Ecclesiae
2781 760 3082 821 prmceptor
3129 749 3459 804 constitutus
3509 748 3640 801 Ario

2073 846 2298 914 ejusque
2314 843 2576 897 doctrinm
2596 840 2958 895 resistendum
2982 850 3037 895 et
3062 840 3360 910 periculum
3387 838 3640 908 quodque

2074 932 2534 989 contemnendum
2566 945 2688 985 esse
2718 931 2974 985 arbitror.
3011 958 3083 971 ——-
3124 929 3289 983 Porro
3330 928 3531 982 Heroni
3563 928 3637 995 (Ιι)

2074 1023 2398 1079 scholastico
2428 1021 2639 1087 scribit,
2684 1022 2945 1076 famulum
2993 1020 3114 1091 ejus
3154 1036 3378 1089 nupera
3403 1019 3638 1087 janitore

2072 1115 2140 1169 ad
2172 1129 2231 1169 se
2253 1113 2499 1178 ductum,
2529 1121 2586 1167 et
2615 1112 2873 1175 humano,
2898 1126 3005 1182 quo
3036 1110 3253 1175 soleret,
3284 1125 3437 1164 more
3480 1124 3639 1163 exce-

2074 1217 2223 1278 ptum
2249 1206 2430 1260 multis
2459 1220 2581 1260 cum
2613 1204 2864 1275 lacrymis
2896 1204 3231 1274 genibusque
3260 1201 3433 1263 ﬂexis,
3477 1217 3635 1256 suum

2071 1297 2378 1353 confessum
2399 1312 2518 1351 esse
2535 1304 2844 1365 peccatum;
2868 1294 3219 1364 quamobrem
3243 1308 3302 1347 se
3322 1308 3429 1345 non
3454 1307 3632 1362 posse,

2072 1390 2202 1460 quin
2227 1389 2374 1443 hisee
2390 1387 2584 1441 litteris
2599 1402 2696 1457 pro
2714 1402 2779 1441 eo
2803 1401 2990 1455 preces
3014 1386 3196 1440 faciat.
3212 1415 3279 1425 —
3300 1385 3634 1451 Quibuscum

2071 1483 2413 1541 conferendae
2464 1490 2592 1536 sunt
2637 1480 2827 1535 litterae
2873 1480 2940 1533 ad
2986 1479 3183 1533 Lucam
3235 1477 3637 1533 Archimandri-

2074 1585 2183 1631 tam
2211 1574 2298 1642 (ι),
2343 1573 2427 1628 cui
2453 1572 2779 1627 monachum
2810 1586 2875 1624 ex
2906 1570 3023 1639 ejus
3052 1569 3378 1623 monasterio
3403 1570 3455 1622 in
3476 1584 3632 1621 suum

2071 1666 2285 1720 venisse
2309 1664 2547 1723 nuntiat.
2577 1662 2836 1733 illumque
2874 1661 3170 1732 supplicem
3196 1676 3224 1714 a
3263 1675 3320 1714 se
3356 1660 3630 1730 petivisse,

2072 1768 2134 1813 ut
2165 1757 2329 1811 verba
2377 1771 2473 1826 pro
2521 1769 2600 1818 se,
2649 1754 2740 1824 qui
2791 1753 2911 1809 leve
2953 1752 3222 1823 quoddam
3274 1751 3636 1806 commisisset

2070 1861 2371 1920 peccatum,
2400 1848 2622 1903 faceret.
2663 1848 3026 1919 Quapropter,
3058 1846 3129 1901 ita
3174 1846 3320 1900 enim
3356 1846 3553 1915 pergit.
3588 1845 3630 1898 si

2069 1940 2121 1994 in
2143 1939 2398 2010 peccandi
2430 1939 2878 1994 consuetudinem
2910 1938 3153 1992 nondum
3184 1937 3353 2001 venit,
3384 1936 3632 2006 ignoscas

2066 2032 2138 2086 ei.
2161 2061 2234 2075 --—
2271 2032 2511 2101 Apparet
2538 2041 2718 2085 autem
2752 2047 2819 2085 ex
2851 2040 3079 2101 utraque
3108 2029 3358 2100 epistola,
3383 2029 3473 2099 qui
3505 2044 3632 2099 pre-

2068 2123 2226 2178 cibus
2252 2122 2439 2177 lsidori
2473 2123 2857 2177 monasterium
2884 2122 3117 2185 adirent,
3142 2136 3235 2175 eos
3261 2120 3325 2174 ad
3349 2120 3495 2175 hunc
3512 2134 3632 2174 esse

2068 2216 2347 2269 adductos.
2388 2214 2521 2268 Nam
2545 2214 2587 2267 si
2620 2213 2742 2281 quis
2773 2212 3044 2281 conjicere
3093 2211 3224 2266 velit
3275 2211 3548 2265 Heronem
3577 2219 3633 2265 et

2066 2305 2266 2359 Lucam
2300 2304 2554 2358 habuisse
2578 2319 2701 2357 cum
2732 2302 2939 2357 Isidoro
2965 2301 3256 2355 amicitiam
3276 2340 3292 2365 ,
3314 2300 3480 2369 quod,
3506 2314 3631 2354 eum

2066 2396 2354 2451 scivissent
2382 2395 2593 2465 fugitivi
2637 2395 2735 2458 illi,
2779 2410 2810 2448 a
2849 2392 3103 2464 janitore,
3138 2400 3197 2446 ut
3243 2392 3313 2447 ad
3362 2390 3629 2446 lsidorum

2067 2487 2467 2541 adducerentur
2497 2478 2847 2555 petivissent;
2887 2485 2977 2539 hic
3017 2483 3139 2553 jure
3178 2482 3233 2537 in
3267 2481 3629 2552 suspicionem

2066 2579 2295 2633 nimium
2325 2577 2628 2632 dubitantis
2657 2576 2983 2639 incurreret,
3016 2574 3317 2644 praesertim
3352 2589 3474 2628 cum
3505 2572 3634 2627 huic

2068 2668 2352 2738 ltypothesi
2390 2666 2610 2720 obstent
2638 2665 2803 2719 verba
2833 2665 2888 2718 in
2931 2663 3158 2733 epistola
3188 2663 3255 2718 ad
3300 2662 3571 2717 Heronem
3613 2679 3628 2717 :

2077 2759 2164 2821 Ὦς
2191 2759 2246 2812 δὲ
2262 2758 2450 2829 ἑτοίμη
2475 2760 2507 2829 ή
2526 2756 2767 2829 ἡμετέρα
2789 2756 3047 2828 συνήθεια
3068 2756 3275 2819 πάντας
3294 2753 3433 2808 οἴκοι
3465 2770 3632 2825 προσ-

2070 2848 2261 2914 ίεσθαι,
2293 2866 2348 2902 κ.
2377 2865 2428 2901 τ.
2454 2848 2504 2902 λ.

2135 2938 2265 3006 Quae
2305 2939 2487 2994 omnia
2540 2939 2584 2995 si
2630 2938 2725 2993 tibi
2786 2952 2897 2993 non
2939 2945 3329 3008 persuaserunt
3364 2934 3629 2991 lsidorum

2066 3031 2247 3101 aliquo
2281 3030 2527 3086 functum
2560 3031 2727 3086 fuisse
2771 3046 3020 3096 munere,
3056 3030 3202 3101 legas
3230 3046 3365 3099 quas
3412 3029 3632 3099 scripsit

2068 3122 2158 3177 ille
2185 3123 2253 3177 ad
2299 3122 2661 3192 Lampetium,
2694 3122 2761 3177 ad
2797 3121 2999 3176 Pelusii
3029 3121 3327 3177 monachos
3365 3131 3420 3176 et
3440 3121 3508 3175 ad
3534 3121 3631 3174 Di-

2059 3213 2279 3284 dymum
2314 3215 2687 3286 presbyterum
2718 3213 2997 3283 epistolas.
3024 3211 3232 3278 Quibus
3264 3213 3524 3283 perlectis
3563 3213 3632 3267 de

2061 3301 2165 3356 hac
2218 3317 2277 3356 re
2322 3302 2525 3357 diutius
2560 3302 2614 3357 in
2648 3303 2811 3358 dubio
2846 3316 2955 3356 non
2990 3303 3321 3360 versaberis.
3350 3302 3632 3373 Lampetie

2063 3392 2211 3447 enim
2248 3393 2547 3457 neminem,
2573 3394 2666 3462 qui
2692 3394 2743 3447 in
2776 3408 2876 3447 suo
2920 3394 2991 3448 sit
3033 3393 3383 3459 monasterio,
3407 3409 3531 3448 eum
3564 3408 3633 3449 eo

2069 3483 2116 3538 si
2148 3484 2317 3537 Manis
2349 3494 2405 3538 et
2435 3484 2723 3539 Marcionis
2753 3500 2961 3539 morem
3003 3494 3261 3554 sequatur
3283 3486 3468 3539 cibum
3510 3498 3635 3539 esse

2070 3585 2434 3643 sumpturum,
2475 3575 2763 3630 annuntiat
2806 3574 3017 3647 (m).—
3050 3576 3340 3632 Monachos
3369 3592 3515 3643 vero,
3564 3576 3632 3631 de

2067 3666 2264 3736 quibus
2310 3666 2467 3721 multi
2529 3668 2701 3723 multa
2743 3667 2922 3738 questi
2975 3668 3199 3723 fuerunt
3258 3668 3627 3740 reprehendit,

2063 3825 2164 3900 τὴν
2221 3826 2526 3900 συνείδησιν
2557 3826 2795 3900 ξχσγτᾳῌ·
2847 3828 3007 3883 πάλιν
3056 3828 3114 3881 δὲ
3160 3828 3420 3900 πέμψας,
3470 3829 3632 3885 πάλιν

2065 3898 2335 3966 αἰτήσεις·
2361 3898 2523 3966 ἡμεῖς
2552 3896 2686 3949 δὲδῦ
2709 3897 2971 3966 δώσομεν.
3003 3930 3074 3942 --

2136 3965 2397 4020 Praeterea
2448 3968 2744 4021 notandum
2794 3965 2879 4022 est
2915 3968 3179 4024 lsidorum
3230 3967 3558 4023 Pelusiotam
3599 3987 3629 4025 a

2063 4033 2248 4089 Graeca
2272 4045 2328 4088 et
2352 4036 2537 4089 Latina
2568 4036 2805 4092 Ecclesia
2839 4039 2979 4093 inter
3005 4047 3223 4093 sanctos
3248 4040 3495 4105 relatum,
3526 4056 3628 4094 ne-

2062 4120 2167 4173 que
2200 4107 2267 4159 ab
2297 4105 2541 4179 Usuardo
2594 4106 2647 4159 in
2698 4118 2999 4162 sanctorum
3057 4109 3308 4179 Catalogo
3361 4111 3624 4164 omissum

2063 4190 2202 4248 esse.
2240 4205 2308 4215 ——
2335 4175 2546 4248 Scripta
2576 4192 2727 4248 vero.
2756 4193 2875 4248 qua:
2909 4180 3013 4233 huc
3044 4175 3335 4248 pertinent,
3376 4189 3627 4235 accurate

2063 4245 2286 4370 colliga
2350 4256 2478 4300 sunt
2532 4246 2588 4300 in
2642 4245 2784 4301 Actis
2826 4245 3144 4303 Sanctorum
3212 4263 3388 4305 mens.
3441 4249 3623 4318 Febr.,

2065 4330 2116 4370 ι).
2261 4355 2275 4367 .

2136 4384 2207 4453 (g)
2235 4385 2407 4438 Photii
2442 4385 2579 4440 Bibl.
2611 4386 2732 4441 cod.
2764 4386 3090 4443 CCXXVIH.

2144 4455 2464 4529 (Iclllasnag.
2496 4457 2632 4510 Ann.
2667 4457 2813 4525 polit.
2847 4457 2992 4522 cccl.,
3038 4468 3171 4513 tom.
3198 4456 3289 4527 HI,
3318 4473 3374 4529 p.
3406 4458 3530 4515 519.
3560 4490 3631 4502 —

2071 4523 2375 4578 Heumann.
2412 4523 2464 4579 ἃ.
2497 4541 2568 4583 c..
2598 4523 2730 4593 μδ,
2765 4536 2875 4580 not.
2909 4542 2956 4581 c.
2990 4559 3058 4569 —

2138 4596 2200 4666 (ᾔ)
2234 4595 2288 4666 In
2334 4596 2571 4666 catalogo
2588 4597 3251 4666 librorumimpressorum
3282 4598 3629 4654 Bibliotheca:

2066 4665 2226 4738 regite
2249 4665 2589 4738 Parisiensis,
2634 4683 2684 4734 ι).
2724 4683 2759 4719 ι.
2798 4668 2858 4719 (1.
2894 4665 3102 4729 11.929,
3145 4684 3266 4738 pag.
3293 4671 3415 4732 595,
3454 4678 3630 4724 exstat

2067 4734 2186 4786 libri
2225 4734 2430 4806 titulus,
2472 4752 2533 4806 ex
2584 4752 2709 4804 quo,
2756 4746 3028 4791 aut-torem
3086 4734 3324 4806 putasse,
3367 4738 3625 4793 lsidorum

2068 4815 2311 4878 nostrum
2348 4804 2540 4878 Pelusii
2575 4806 2739 4878 fuisse
2758 4804 3100 4878 episcopum;
3122 4809 3493 4878 consequitur.
3531 4811 3629 4864 Est

2068 4883 2248 4948 autem
2298 4874 2431 4948 hic_:
2470 4876 2540 4948 Le
2575 4875 2775 4928 combat
2808 4874 3208 4948 des_t.hréticns,
3241 4874 3320 4932 οιί
3342 4878 3403 4948 Ala
3444 4896 3628 4948 gucrre

2069 4944 2138 4995 du
2164 4944 2269 4995 vice
2299 4952 2345 4997 et
2375 4945 2437 4997 de
2468 4944 2519 4996 la
2550 4955 2713 5007 vertit,
2745 4946 2940 4999 traduit
2966 4947 3035 4998 du
3065 4946 3217 5003 Latin
3243 4949 3309 5002 de
3334 4946 3392 5002 S.
3424 4944 3628 5003 [sidere

2070 5012 2421 5082 Archcvéque
2441 5015 2508 5068 de
2538 5014 2753 5069 Séville.
2794 5023 2849 5067 et
2878 5015 2926 5068 la
2954 5016 3050 5068 Vie
3079 5016 3149 5068 du
3182 5018 3356 5071 méme
3381 5018 3535 5071 Saint
3559 5049 3629 5057 —

2070 5098 2201 5135 avec
2230 5083 2307 5154 les
2337 5085 2521 5137 lettres
2563 5086 2629 5137 de
2659 5083 2712 5137 S.
2743 5084 2951 5154 lsidure
3004 5085 3211 5154 évéque
3250 5088 3316 5140 de
3365 5087 3624 5152 Dainiete,

2074 5152 2333 5227 lt':ltill_i_lt's
2360 5169 2423 5207 en
2445 5154 2705 5227 frangitis.
2731 5152 2905 5227 _[_’a_ris,
2940 5155 3093 5216 1676,
3128 5152 3181 5207 in
3210 5156 3294 5209 ΙΞ.
3328 5155 3508 5227 lpsutn
3531 5174 3627 5211 au-

2074 5232 2178 5275 tem
2218 5222 2414 5277 librum
2444 5223 2761 5291 inspiciendi
2787 5224 2971 5281 deerat
2995 5227 3226 5281 occasio.
3269 5256 3337 5267 —

2142 5291 2204 5362 Ui
2249 5292 2360 5343 Lib.
2398 5310 2434 5355 ι,
2465 5308 2549 5361 cp.
2576 5295 2696 5346 589.

2144 5362 2213 5425 (It)
2249 5362 2361 5414 Lib.
2392 5380 2429 5425 l,
2462 5378 2546 5431 ep.
2582 5363 2701 5418 149..

2167 5431 2203 5499 l)
2238 5432 2351 5484 Lib.
2382 5448 2418 5494 ι,
2452 5450 2537 5501 ep.
2564 5434 2685 5485 5l8.

2168 5512 2236 5551 ml
2269 5501 2383 5573 Lib.
2444 5519 2477 5567 ι,
2523 5519 2607 5571 ep.
2651 5503 2737 5555 52.
2770 5502 2971 5565 Grmca,
3031 5520 3150 5573 qua!
3202 5505 3308 5559 huc
3353 5504 3626 5573 pertinent

2072 5573 2264 5644 verba._
2291 5572 2404 5644 inec
2431 5583 2569 5644 sunt
2600 5590 2612 5624 :
2655 5601 2713 5610 —
2752 5573 2799 5622 ei
2913 5574 3011 5639 τῆς
3054 5572 3365 5644 βδελυκτῆςί
3388 5605 3453 5613 ——
3486 5576 3621 5629 Cod.

2075 5642 2182 5694 Alt.
2214 5641 2468 5714 ﬁﬁalupig
2511 5674 2576 5714 ———_
2606 5642 2902 5714 Μανιχαίου
2932 5644 3025 5695 καὶ
3055 5641 3393 5714 Ἆνῐαρκίωὺος
3422 5646 3623 5713 τυγχάο

2072 5711 2455 5782 νειςᾲμερίδοςξ
2496 5712 2669 5773 οὐδείς
2702 5730 2783 5763 σοι
2820 5714 2919 5781 τῆς
2965 5711 3235 5782 ἡμετέρῖκς
3297 5711 3619 5781 συστήσεέαι

2077 5780 2312 5852 μάνδραις
2343 5812 2406 5821 --
2439 5781 2684 5841 Profecto
2710 5793 2887 5839 autem
2912 5780 3015 5852 pro
3042 5788 3358 5850 συστήσεται
3387 5780 3467 5838 vel
3498 5800 3620 5837 συσ-
