3924 6416
237 248 300 314 21
1446 257 1618 318 VITA
1657 257 1781 318 ISI]

1894 258 1949 317 ιι
1985 250 2245 317 PELUS.
2320 300 2351 337 _.
3397 251 3468 315 22

237 358 399 427 iisque
443 357 685 413 dedant
715 373 774 414 se
802 370 899 415 eos
935 359 1143 416 hortari
1165 361 1302 417 velle
1324 363 1566 433 quotidie
1600 364 1794 435 (a).i—-
1828 370 1866 423 Α
1898 377 2007 417 non
2052 363 2355 417 dubitarem
2377 402 2395 431 ι
2434 359 2537 414 nisi
2570 359 2754 429 Lupus
2781 370 3015 413 veterem
3064 358 3263 422 istum,
3302 374 3463 428 quem

236 449 466 517 Denique
498 449 724 521 Didymo
742 450 797 505 in
823 452 1051 522 epistola
1076 452 1146 506 ad
1177 452 1324 508 hunc
1370 454 1496 509 data
1528 455 1796 524 promittit

235 556 309 603 se,
331 540 374 595 si
408 556 533 609 quae
574 542 821 598 homines
843 544 1064 614 quidam
1093 545 1161 601 ad
1190 561 1249 601 se
1280 545 1347 601 de
1376 562 1443 601 eo
1474 546 1796 602 detulissent

235 633 355 687 falsa
389 634 797 700 invenirentur,
821 636 923 691 hos
948 636 1017 691 ad
1047 639 1430 693 necessitatem
1452 638 1552 709 ipsi
1580 640 1792 693 satisfa-

233 720 398 779 ciendi
428 723 781 791 adacturum,
822 733 879 780 et
906 741 1017 780 non
1051 726 1370 782 obedientes
1416 741 1447 780 a
1490 736 1635 782 ctetu
1671 742 1794 783 esse

231 824 531 867 amaturum
567 813 668 883 (bl.
695 846 765 855 —

290 903 700 973 Inquirentibus
718 915 896 959 autem
926 904 1086 960 nobis
1106 906 1267 976 paulo
1289 909 1594 961 accuratius
1623 907 1794 975 quod-

229 1009 342 1048 nam
372 1010 579 1050 munus
610 997 961 1064 sustinuerit,
998 998 1358 1053 examinanda
1389 1007 1515 1053 sunt
1545 1006 1789 1054 veterum

227 1084 540 1153 scriptorum
568 1086 639 1140 de
668 1087 770 1141 bac
812 1103 871 1141 re
910 1088 1216 1142 testimonia
1236 1131 1249 1152 ,
1282 1088 1509 1158 quibus,
1549 1097 1607 1142 ut
1636 1088 1790 1157 equi-

225 1179 336 1230 dem
364 1177 625 1241 arbitror,
677 1177 937 1231 lsidorum
980 1180 1295 1233 monasterii
1328 1180 1410 1233 sui
1453 1179 1621 1234 fuisse
1650 1195 1789 1249 prae-

224 1267 409 1321 lectum
449 1267 617 1336 plane
646 1269 860 1338 probari
887 1279 1086 1339 potest.
1114 1270 1247 1324 Nam
1280 1271 1380 1326 etsi
1407 1271 1786 1325 auctoritatem

224 1357 525 1428 Nicephori,
561 1374 673 1412 una
700 1374 824 1413 cum
861 1357 1179 1414 Heumanno
1208 1362 1302 1429 (c),
1334 1360 1633 1429 prmsertim
1664 1375 1788 1413 cum

223 1447 346 1501 illius
384 1448 557 1503 verba
600 1450 824 1504 dubiam
858 1450 1090 1503 habeant
1127 1449 1629 1519 interpretationem
1669 1450 1744 1521 (ιι)
1771 1490 1786 1515 ,

223 1541 349 1609 parvi
385 1540 663 1607 facimus,
693 1550 878 1595 tamen
921 1550 1105 1595 nostra
1140 1550 1247 1595 stat
1291 1541 1583 1595 sententia.
1620 1540 1786 1593 Nam-

221 1645 311 1699 que
344 1634 412 1699 (e)
450 1631 785 1687 Sirmondns
814 1632 1069 1704 anonymi
1120 1632 1289 1686 refert
1321 1634 1486 1686 verba
1534 1648 1564 1686 e
1603 1640 1786 1686 vetere

1897 451 2221 504 Sirmondus
2251 450 2471 513 laudat,
2499 447 2926 517 manuscriptutn
2946 488 2961 512 ,
2990 447 3059 501 ab
3092 464 3187 511 eo,
3219 464 3327 517 quo
3352 448 3466 519 ipse

1896 558 2026 596 usus
2056 543 2159 605 sit,
2191 542 2467 595 diversum
2497 555 2615 594 esse
2645 539 2954 595 allirmaret.
2993 540 3231 607 Etenim,
3259 540 3463 609 inquit,

1894 634 2057 689 latina
2104 633 2383 688 translatio
2432 648 2540 686 non
2589 642 2676 686 est
2712 640 2972 701 concepta
3017 632 3206 687 iisdem
3261 632 3461 687 verbis.

1895 726 1959 781 Et
1990 742 2228 796 przesens
2262 734 2448 779 noster
2490 725 2657 779 codex
2689 740 2796 778 non
2846 724 3065 779 adducit
3100 739 3325 788 omnes,
3369 725 3464 779 sed

1893 817 2232 871 solummodo
2258 817 2515 885 quasdam
2546 815 2613 870 ad
2637 815 2867 869 Nestorii
2903 816 3119 885 negotia
3155 823 3466 884 spectantes

1892 904 1948 961 S.
1995 905 2183 959 lsidori
2234 905 2509 974 epistolas.
2548 905 2612 959 Et
2647 905 2819 959 nostri
2857 904 3061 959 codicis
3094 904 3339 959 scholion
3379 912 3463 959 est

1890 995 2111 1066 largius.
2137 1026 2205 1037 —
2235 995 2365 1049 Utut
2402 995 2517 1050 haec
2545 995 2671 1060 sint,
2703 994 2754 1049 id
2784 1004 2989 1050 certum
3026 1004 3127 1057 est,
3161 994 3422 1052 lrenmum
3442 1034 3459 1058 ,

1892 1087 2080 1141 lsidori
2129 1088 2390 1157 aequalem
2415 1128 2430 1152 ,
2459 1087 2607 1147 hunc
2651 1087 2901 1141 abbatem
2933 1087 3252 1156 appellasse.
3292 1084 3464 1155 Hujus

1891 1179 2211 1233 auctoritate
2232 1194 2421 1233 omnes
2450 1179 2562 1236 fere
2584 1179 2676 1249 qui
2700 1178 2839 1233 hanc
2864 1194 2976 1232 rem
3006 1180 3302 1250 tetigerunt
3360 1178 3461 1233 viri

1889 1269 2052 1328 docti.
2081 1270 2226 1324 velut
2247 1270 2565 1323 Sirmondus
2592 1272 2669 1339 (It)
2690 1310 2705 1334 ,
2735 1269 2918 1323 Sixtus
2945 1267 3204 1322 Senensis
3230 1266 3314 1339 (ὅ),
3349 1265 3462 1324 Lu-

1890 1377 1991 1430 pus
2015 1361 2099 1431 (j).
2133 1361 2325 1432 Pagius
2352 1359 2448 1430 (Ις),
2476 1360 2769 1429 Basnagius
2799 1358 2883 1427 (l),
2918 1358 3301 1412 Tillemontius
3338 1357 3457 1428 (nt),

1888 1450 2189 1506 Ceillierius
2218 1453 2314 1523 (η),
2343 1450 2622 1505 Graveson
2654 1450 2725 1519 (ο)
2754 1490 2768 1514 ,
2825 1448 3083 1503 lleinsius
3113 1447 3214 1517 (ρ),
3260 1444 3459 1500 Amol-

1889 1543 1989 1597 dus
2017 1543 2109 1613 (ᾳ),
2142 1542 2334 1596 Saxius
2364 1541 2456 1611 (ι’),
2488 1540 2873 1595 Weismannus
2901 1539 2968 1609 (s)
2990 1580 3004 1604 ,
3043 1545 3099 1593 et
3133 1536 3460 1592 Rosenmul-

1888 1632 2034 1687 lerus
2068 1634 2128 1703 (t)
2168 1632 2432 1686 lsidorum
2467 1630 2781 1685 monasterii
2821 1630 2905 1685 sui
2942 1628 3260 1699 praefectum
3290 1627 3461 1682 fuisse

222 1721 581 1791 manuscripto
611 1700 1104 1792 deprompta,vqu:e
1152 1723 1234 1777 sic
1285 1738 1344 1776 se
1376 1722 1624 1777 habent:
1675 1722 1785 1776 Has
1818 1700 1858 1753 Β
1889 1700 2236 1776 arbitrantur.
2288 1720 2487 1775 Contra
2532 1735 2671 1790 quos
2716 1734 2907 1774 omnes
2954 1720 3128 1790 surgit
3180 1718 3460 1773 Heuman-

223 1827 379 1864 mnes
426 1812 571 1865 beati
606 1811 805 1866 Isidori
843 1813 1128 1882 presbyteri
1164 1821 1211 1866 et
1260 1812 1464 1865 abbatis
1511 1810 1788 1866 Pelusiotaz

222 1901 433 1954 recenin
461 1911 511 1954 et
543 1902 800 1956 transtuli
834 1920 897 1956 ea:
920 1903 1147 1971 epistolis
1173 1903 1285 1972 ejus
1315 1903 1511 1957 duobus
1534 1903 1785 1967 millibus,

218 2008 319 2062 qua
358 2003 477 2045 sunt
523 2009 627 2061 per
650 1996 959 2064 quingentas
997 1994 1291 2047 distributa:
1332 1994 1385 2046 in
1424 1994 1789 2049 Acwmetensis

220 2085 505 2137 monasterii
534 2086 806 2139 codicibus
834 2087 1196 2140 vetustissimis
1220 2095 1465 2154 quatuor.
1496 2082 1626 2151 Quae
1654 2100 1789 2155 pau-

220 2174 289 2228 cis
335 2174 558 2229 mutatis
607 2184 663 2230 et
713 2176 910 2231 additis
948 2177 1279 2232 verbotenus
1332 2177 1683 2246 reperiuntur
1732 2175 1787 2230 in

219 2265 471 2319 variorum
507 2265 741 2321 Patrum
774 2267 1018 2337 epistolls
1057 2283 1086 2322 a
1134 2267 1445 2322 Christiano
1479 2266 1632 2337 Lupo
1673 2266 1787 2337 pri-

220 2371 347 2408 mum
376 2356 541 2410 editis
570 2356 664 2426 (ί).
700 2356 756 2410 in
798 2358 997 2426 quibus
1026 2358 1144 2411 haec
1184 2365 1405 2411 exstant
1444 2357 1629 2411 lrenaei
1682 2356 1788 2426 Ty-

221 2445 413 2498 rionum
446 2447 817 2517 metropolita:
838 2448 1038 2502 verba:
1069 2446 1183 2500 llas
1214 2463 1389 2500 omnes
1415 2447 1553 2499 beati
1574 2445 1784 2510 Isidori,

221 2537 480 2605 presbyteri
528 2546 587 2591 et
619 2537 826 2591 abbatis
867 2536 1149 2591 Pelusioue
1178 2537 1411 2605 excerpsi
1455 2545 1503 2590 et
1535 2537 1786 2589 transtuli

221 2642 276 2679 ex
307 2627 531 2696 epistolis
561 2628 683 2697 ejus
706 2628 908 2683 duobus
945 2628 1196 2692 millibus,
1224 2643 1339 2696 qua!
1359 2637 1477 2681 sunt
1511 2644 1605 2695 per
1631 2628 1786 2698 quin-

221 2729 445 2788 gentenas
474 2721 780 2775 distributa:
810 2722 868 2774 in
893 2720 1255 2775 Acaemetensis
1299 2720 1604 2773 monasterii
1641 2720 1785 2773 codi-

220 2812 346 2864 cibus
391 2824 649 2882 quatuor.
692 2813 785 2869 Ubi
836 2814 996 2867 etiam
1034 2830 1126 2883 per
1169 2812 1405 2866 ordinem
1456 2811 1787 2881 singularum

223 2918 447 2955 numerus
465 2904 792 2957 continetur.
828 2904 891 2958 Et
926 2904 1113 2957 ultima
1140 2913 1215 2957 est
1241 2946 1253 2970 ,
1285 2920 1444 2973 quam
1465 2919 1557 2973 ego
1587 2919 1788 2967 quoque

222 2994 447 3048 ultimam
478 2998 662 3067 posui.
709 2996 818 3053 Deo
865 2998 1085 3067 gratias.
1127 2997 1258 3062 Qtue
1294 2996 1482 3049 lrenzei
1527 2996 1689 3049 verba
1720 3010 1785 3048 ex
1812 3030 1857 3092 ο

225 3084 450 3153 ejusdem
492 3087 766 3158 tragoedia
809 3086 882 3158 (ς)
929 3088 1178 3157 repetita,
1212 3103 1314 3141 una
1352 3102 1474 3141 cum
1511 3085 1619 3141 illis
1663 3084 1781 3155 epi-

221 3176 362 3231 stolis
394 3178 447 3232 in
474 3177 733 3234 Latinam
780 3176 1018 3248 linguam
1053 3178 1325 3231 transtulit
1356 3185 1545 3231 auctor
1576 3191 1783 3245 anony-

223 3284 350 3324 mus.
396 3268 578 3334 Quare
636 3268 987 3324 Sirmondum
1044 3271 1300 3323 memoria
1334 3270 1543 3338 lapsum
1591 3265 1779 3321 lremei

222 3360 369 3415 verba
396 3360 662 3415 tribuisse
686 3376 957 3431 anonymo
986 3377 1172 3414 eorum
1216 3360 1499 3429 interpreti
1545 3368 1782 3413 statuere

223 3493 467 3565 ςιτίσεται
526 3495 689 3565 (fors.
739 3496 1148 3565 συσσιτήσεται)
1199 3496 1521 3550 auctoritate
1573 3495 1775 3550 codicis

224 3563 361 3636 Bay"
392 3566 475 3636 vel
507 3563 768 3630 σ’ὐσσιτος
804 3563 976 3628 ἔσται.
1010 3567 1153 3636 quod
1182 3567 1441 3623 exhibent
1469 3566 1624 3621 codd.
1652 3565 1770 3623 \at.

222 3633 332 3696 M9,
356 3641 411 3687 et
440 3635 542 3689 Alt.
576 3635 928 3689 scribendum
956 3633 1057 3688 est.

285 3703 501 3775 (aliLib.
537 3721 578 3770 ι,
602 3722 691 3774 ep.
724 3706 842 3775 154.
861 3704 1071 3775 Πολλὰς
1088 3706 1439 3775 ὲνηχούμενοι
1471 3706 1596 3775 περὶ
1621 3702 1775 3771 ὑμῶν

224 3774 593 3844 κᾳταῦοήσεις,
616 3774 819 3833 πολλὰς
850 3774 976 3842 ὑμῖν
1001 3774 1380 3844 ἀπαντλοῦμεν
1415 3774 1535 3833 καθ’
1560 3775 1775 3844 ἡμέραν

222 3842 309 3903 τὰς
325 3845 721 3913 παρακλήσεις.
750 3845 1019 3901 (laterum
1042 3845 1157 3902 haec
1179 3842 1425 3913 epistola,
1447 3853 1505 3896 nt
1528 3842 1778 3912 equidem

224 3913 458 3978 arbitror,
489 3916 560 3967 ab
604 3915 812 3967 Isidoro
840 3913 892 3966 in
922 3914 1111 3967 itinere
1161 3915 1359 3982 scripta
1412 3923 1510 3968 est.
1569 3914 1777 3967 Etenim

224 3996 335 4062 eum
365 3982 561 4062 itinera
588 3983 861 4062 interdum
904 3986 1206 4052 suscepisse
1233 3993 1445 4062 constat
1494 3999 1558 4062 es
1596 3982 1716 4036 libri
1736 3997 1778 4061 _v

226 4053 431 4172 elpistola
455 4054 1018 4107 256,—Heumannus
1046 4063 1231 4107 contra
1257 4053 1309 4107 d.
1344 4069 1417 4116 c.,
1442 4070 1496 4122 p.
1519 4054 1572 4115 5,
1598 4062 1709 4105 not.
1732 4053 1769 4112 ἰ,

227 4122 363 4201 ilatn
412 4135 539 4181 ante
585 4124 950 4202 conscriptam
999 4139 1119 4177 esse
1161 4134 1369 4202 censet,
1403 4139 1561 4194 quam
1594 4122 1769 4176 Isido-

227 4206 308 4243 rus
350 4194 400 4244 in
447 4194 840 4250 monasterium
897 4208 1016 4246 sese
1058 4194 1383 4258 contulerit;
1448 4210 1607 4262 quam
1642 4205 1771 4262 vero

226 4262 554 4334 sententiam,
589 4278 691 4334 qm
721 4270 928 4315 attento
966 4262 1303 4317 animoillam
1325 4260 1773 4334 perlegerit,reji-

225 4341 321 4383 ωτι
356 4333 474 4384 sine
508 4333 698 4385 dubio.
1329 4333 1338 4334 “
1481 4333 1490 4334 “

289 4400 355 4437 (ιη
398 4402 491 4437 ιη.
559 4418 597 4437 η
657 4417 723 4437 ..η
783 4400 881 4437 me
937 4428 1007 4437 _
1043 4400 1105 4437 In
1149 4400 1400 4437 λξσῗιεηκῖι
1470 4401 1633 4437 "sum
1707 4401 1775 4437 την

289 4400 355 4469 (b)
398 4402 511 4455 Lib.
559 4418 621 4463 ll,
657 4417 746 4469 cp.
783 4400 903 4455 182.
937 4428 1007 4439 -
1043 4400 1107 4453 El
1149 4400 1203 4452 δὲ
1234 4400 1423 4470 ψευδῆ.
1469 4401 1634 4472 μήνυε
1659 4442 1675 4462 ,
1707 4401 1774 4454 ἵν’

226 4469 304 4551 εἰς,
337 4471 631 4551 ἀπολογίαξ
659 4470 903 4551 avarum
938 4469 1060 4551 coli);
1092 4471 1577 4551 κατεξμτλνιξεξανεεας
1617 4488 1774 4551 περι-

226 4540 525 4627 ξι’ξηῆ·ξ(ι›ε.ιενζ
548 4541 643 4593 καὶ
668 4539 1134 4627 ἁπῗλοτουμένους
1166 4540 1262 4610 μὲν
1285 4540 1583 4627 ῥεξῴμεθαυ
1618 4539 1775 4627 coit-ro

223 4605 273 4658 δὲ
290 4605 358 4678 μὴ
378 4605 684 4673 τέοιοῦντας,
716 4613 815 4681 τῆς
844 4605 1052 4663 ἐαυλιῶν
1082 4605 1362 4672 συνίουσίας
1387 4605 1776 4682 ἐξοστρακίσαν-

268 4695 331 4730 ἰν.

228 4694 350 4813 Pici
376 4748 580 4819 ιιρυιη.
611 4748 677 4819 d.
697 4763 747 4801 c.
780 4763 833 4819 ι).
864 4748 916 4819 5,
947 4763 1002 4816 p.
1030 4747 1083 4802 6.

288 4818 358 4892 (d_)
374 4818 601 4892 Niceph.
638 4818 791 4892 Hist.
810 4818 933 4892 egcl.
957 4819 1049 4872 lib.
1072 4834 1177 4892 Juv,
1195 4820 1777 4892 cap.‘55.—‘loi6topo;

227 4912 289 4927 —
310 4888 465 4960 btet.»
502 4888 802 4960 Πηλουσίου
837 4887 1001 4960 ὅρους
1043 4887 1499 4960 καθηγηᾲάμενος
1522 4929 1537 4951 ,
1577 4887 1776 4960 quibus

229 4956 418 5029 verbis,
468 4956 581 5011 etsi
613 4962 795 5029 negari
845 4956 1030 5026 nequit
1074 4956 1443 5029 cretiobiorum
1487 4956 1774 5029 praefectus

232 5028 337 5099 ματ*
364 5028 548 5099 ἐξοχὴν
578 5028 872 5097 appellatos
915 5042 1037 5082 esse
1080 5028 1557 5099 κᾳθηγουμένουξ,
1593 5040 1774 5085 tamen

233 5093 334 5149 hac
363 5093 533 5151 inesse
561 5093 739 5166 potest
777 5099 1040 5150 sententia
1069 5114 1081 5149 :
1122 5093 1355 5151 Isidorus
1384 5093 1773 5156 monadnorum

234 5176 531 5301 grieceptpr.
580 5167 665 5222 Cl.
710 5166 840 5221 Acta
875 5166 1057 5221 Sanct.
1084 5167 1267 5232 Febr.,
1300 5179 1432 5226 tom.
1459 5168 1513 5236 Ι,
1550 5187 1602 5240 p.
1634 5171 1772 5235 468,

314 5276 328 5299 ,
355 5252 408 5291 ιι.
475 5277 489 5291 .

314 5276 328 5299 ,
355 5252 408 5291 11.
440 5252 489 5291 ⁷1.

295 5304 357 5371 (e)
405 5306 721 5381 Sirmondus
764 5306 832 5361 ad
887 5306 1123 5381 Facundi
1178 5307 1359 5381 trium.
1414 5324 1527 5376 cap.
1562 5310 1772 5381 Defens.

238 5372 422 5445 libant,
439 5392 555 5445 cap.
588 5377 640 5429 4.
672 5380 809 5445 Upp.
846 5377 954 5428 vol.
979 5375 1045 5439 ll,
1082 5392 1135 5441 p.
1169 5377 1294 5430 458.

300 5444 354 5512 (f)
387 5444 515 5499 Var.
534 5457 668 5516 patr.
693 5444 815 5513 epp.
840 5463 905 5500 ex
927 5446 1033 5499 MS.
1059 5445 1397 5501 Cassinensis
1429 5448 1775 5506 Bibliothecm

240 5511 547 5588 desumptge,
573 5511 1078 5588 perLCbristianum
1102 5517 1308 5588 Lupum
1348 5517 1637 5588 lprensem.
1668 5522 1775 5576 Lo-

247 5584 368 5655 ranii
394 5585 540 5655 I682.
570 5617 636 5625 —
663 5584 794 5654 Cap.
845 5586 877 5640 6
901 5627 916 5649 ,
967 5601 1020 5655 p.
1056 5586 1147 5639 2‘2.

304 5654 367 5723 (9)
402 5653 620 5727 Scripsit
660 5653 874 5722 autem,
926 5653 983 5711 ut
1016 5666 1167 5711 notat
1206 5656 1389 5727 Lupus
1440 5660 1492 5715 in
1535 5665 1665 5718 notis
1701 5666 1773 5718 ad

1888 1829 1991 1867 nus
2017 1814 2116 1883 (υ).
2146 1813 2235 1883 qui
2269 1827 2393 1867 cum
2412 1811 2647 1866 Isidorus
2675 1810 2789 1880 ipse
2818 1809 2875 1864 in
2899 1809 3125 1879 epistola
3152 1807 3274 1865 libri
3298 1808 3457 1878 primi

1886 1907 2179 1961 eeutesima
2209 1904 2650 1975 quinquagesima
2682 1902 2992 1957 monasterii
3027 1901 3111 1956 sui
3135 1899 3456 1972 praelectum

1887 2012 1917 2050 a
1947 2010 2004 2051 se
2033 1997 2307 2053 diversum
2347 2001 2772 2056 commemoret.
2808 1994 2955 2048 hunc
2995 1992 3250 2046 abbatem
3289 1990 3457 2046 fuisse

1886 2098 2064 2159 negat.
2116 2088 2185 2143 At
2236 2087 2290 2143 id
2335 2087 2552 2159 quidem
2605 2086 2743 2140 nihil
2794 2085 3004 2156 probat.
3054 2081 3190 2137 Nam
3244 2081 3349 2137 nisi
3390 2080 3455 2135 ad

1888 2178 2222 2233 Schrteckhii
2253 2179 2325 2249 (υ)
2373 2178 2774 2247 conjecturam,
2825 2175 2918 2245 qui
2949 2174 3215 2229 lsidorum
3258 2186 3455 2227 mona-

1886 2268 2114 2323 chorum
2161 2270 2297 2325 adeo
2326 2268 2774 2325 consuetudinem
2805 2266 3007 2338 fugisse
3032 2265 3305 2320 interdum
3326 2304 3342 2328 ,
3374 2276 3458 2317 se-

1885 2372 1992 2426 que
2022 2358 2078 2411 in
2112 2359 2459 2413 solitudinem
2498 2356 2796 2411 contulisse
2828 2356 3101 2425 opinatur,
3144 2353 3283 2408 velis
3318 2368 3454 2406 cou-

1885 2448 2094 2520 lugere.
2126 2464 2251 2505 eum
2279 2450 2422 2504 hanc
2458 2448 2742 2520 epistolam
2771 2455 2865 2501 aut
2891 2446 3133 2501 nondum
3177 2446 3233 2501 in
3266 2460 3456 2499 mona—
3552 2446 3571 2467 ⁸

1886 2541 2116 2597 chorum
2159 2541 2473 2597 societatem
2522 2550 2832 2608 receptum,
2879 2550 2974 2594 aut
3019 2538 3124 2594 iter
3163 2538 3452 2593 facientem

1884 2632 2166 2701 scripsisse
2183 2631 2482 2694 monachis,
2500 2631 2626 2686 licet
2640 2631 2969 2685 existimare.
2992 2629 3180 2699 Neque
3199 2629 3452 2693 alterum,

1883 2722 2028 2791 quod
2055 2721 2295 2792 protulit,
2343 2720 2697 2776 Heumannus
2730 2720 2807 2791 (ω)
2859 2718 3148 2775 sententia:
3177 2733 3290 2773 suae
3320 2732 3456 2772 con-

1885 2812 2164 2868 ﬁrmanda:
2198 2827 2358 2867 causa
2390 2820 2771 2883 argumentum
2797 2852 2813 2878 ,
2845 2812 3023 2882 magni
3057 2810 3317 2865 momenti
3348 2819 3453 2865 est.

1885 2901 2190 2959 Ollenditur
2216 2905 2361 2959 enim
2396 2904 2484 2958 ille
2510 2918 2604 2969 eo,
2637 2904 2779 2973 quod
2822 2902 3133 2973 Stephanus
3170 2902 3451 2965 Gobarus,

1886 2994 2207 3063 Eplmemus
2225 3034 2240 3060 ,
2289 2994 2578 3049 Facundos
2602 3004 2658 3049 et
2682 2994 2944 3065 Evagrius
2980 3007 3168 3047 omnes
3192 2991 3453 3047 lsidorum

1889 3085 2115 3141 summis
2146 3084 2396 3139 laudibus
2434 3085 2774 3139 cumulantes
2818 3084 2884 3139 de
2920 3083 3024 3138 hoc
3058 3083 3180 3153 ejus
3230 3097 3455 3136 munere

1890 3192 1959 3231 ne
1986 3176 2211 3230 verbum
2239 3177 2491 3231 dixerint.
2521 3205 2591 3216 —
2618 3175 2726 3230 Sed
2758 3176 2813 3230 hi
2839 3189 3050 3239 omnes,
3080 3182 3309 3243 excepto
3338 3171 3444 3227 Fa-

1887 3268 2066 3322 cundo
2093 3267 2166 3339 (y)
2200 3283 2311 3323 non
2342 3268 2510 3338 magis
2534 3267 2859 3323 Pelusiotam
2895 3266 2960 3320 ad
2999 3264 3299 3335 presbyteri
3329 3280 3451 3334 gra-

1889 3358 2017 3413 dum
2053 3367 2300 3413 evectum
2338 3373 2479 3424 esse,
2511 3358 2879 3423 tradiderunt;
2911 3370 3089 3427 neque
3116 3364 3301 3411 tamen
3349 3357 3453 3411 hoc

1880 3495 2145 3549 variorum
2199 3495 2420 3554 Patrum
2456 3497 2700 3563 epistolas
2748 3512 2801 3566 p.
2842 3494 2928 3566 l6,
2971 3493 3207 3566 Irenaeus
3247 3509 3450 3566 comes,

1880 3566 2203 3648 {iuthotius
2282 3566 2602 3648 episcopus,
2668 3563 2947 3646 Ιῧιιίιεεξηί⁸
2989 3564 3200 3648 concilii
3242 3563 3451 3646 juratus

1882 3634 2055 3688 hostis
2080 3645 2135 3689 et
2166 3646 2272 3690 tam
2310 3634 2567 3690 doctrinae
2591 3676 2606 3699 ,
2650 3651 2810 3704 quam
2850 3634 3018 3703 ipsius
3046 3634 3278 3704 Nestorii
3299 3649 3452 3691 acer-

1881 3705 2052 3757 rimus
2077 3706 2347 3770 defensor,
2376 3707 2442 3760 de
2494 3703 2698 3775 synodo
2750 3705 3019 3774 Ephesina
3064 3703 3333 3775 libellum,
3362 3708 3450 3761 cui

1883 3775 2157 3843 tragtedize
2191 3791 2389 3829 nomen
2426 3774 2699 3844 imposuit.
2758 3776 2896 3839 Fuit,
2933 3784 2992 3829 ut
3024 3774 3195 3842 pergit
3244 3774 3447 3845 Lupus,

1881 3859 2019 3915 opus
2046 3846 2300 3915 divisum
2334 3846 2600 3915 inplores
2642 3845 2825 3905 libros,
2877 3859 3107 3915 quorum
3151 3858 3291 3915 unus
3334 3856 3452 3903 erat

1881 3914 1949 3966 de
2003 3914 2262 3977 historia,
2320 3913 2434 3985 qui‘
2470 3914 2701 3984 plurima
2756 3914 3099 3985 continebat,
3159 3913 3447 3981 epistolas,

1882 3985 2136 4105 synodos,
2170 3982 2352 4040 sacras
2380 3982 2683 4056 principum
2705 3985 2999 4054 jussiones,
3027 3982 3237 4052 aliaque
3264 3985 3449 4045 istius-

1882 4067 1991 4105 1110(
2014 4070 2047 4105 Ι.

1880 4066 2025 4106 111001
2035 4095 2047 4106 .

1949 4124 2024 4195 (lt)
2052 4122 2372 4195 Sirmondus
2398 4124 2533 4194 Opp.
2569 4124 2674 4179 vol.
2710 4140 2770 4185 ιι.
2799 4123 3010 4195 p.458.

1948 4194 2012 4250 tit
2043 4193 2177 4247 Sixt.
2215 4193 2610 4248 SenensJBibl.
2652 4193 2820 4247 sanet.
2858 4193 2951 4248 lib.
2985 4212 3057 4250 tv.

2053 4263 2233 4335 Isupus
2285 4265 2343 4335 in,
2370 4272 2482 4335 not.
2517 4264 2583 4335 ad
2622 4263 2872 4335 varal’P.
2908 4280 3031 4333 epp.
3062 4282 3117 4335 p.
3143 4265 3232 4319 ‘20,

1951 4333 2022 4401 (lt)
2045 4334 2249 4403 Pagius
2273 4334 2394 4388 erit.
2426 4334 2479 4386 in
2514 4333 2708 4403 Annal.
2744 4334 2937 4387 Baron.
2974 4333 3102 4389 toni.
3132 4335 3195 4394 l..
3229 4352 3279 4403 p.
3314 4336 3439 4396 453.

1950 4401 2265 4474 (0.8381138.
2302 4410 2433 4474 ᾼηη.
2464 4404 2570 4469 pol.
2595 4402 2744 4474 βοείη
2778 4412 2907 4457 tom.
2936 4403 3043 4466 ΙΙΙ.,
3072 4421 3126 4474 p.
3159 4401 3280 4462 519.
3466 4432 3470 4436 -

1948 4472 2039 4541 (m)
2061 4472 2269 4526 Tillem.
2304 4472 2337 4525 l.
2367 4488 2440 4536 c.,
2468 4487 2523 4539 p.
2554 4473 2674 4526 101.

1950 4542 2311 4613 (n)__Ceillier.
2358 4542 2582 4594 Histoire
2608 4542 2848 4613 générale
2884 4545 2971 4597 des
3002 4554 3216 4599 auteurs
3245 4549 3439 4609 sacres,

1877 4620 2007 4666 tom.
2041 4610 2179 4681 XIII,
2212 4628 2261 4681 p.
2289 4612 2410 4667 600.

1951 4680 2026 4751 (ο)
2064 4680 2305 4752 Historia
2346 4681 2699 4752 ecclesiastica
2731 4682 2892 4736 variis
2918 4683 3190 4750 colloquiis
3241 4688 3440 4752 digesta

1877 4749 2098 4806 anetore
2132 4749 2417 4824 Frederico
2446 4750 2651 4824 lgnatio
2682 4752 2983 4824 Hyacinthe
3025 4753 3185 4811 Amat
3211 4756 3276 4811 de
3297 4749 3439 4812 Cra-

1880 4835 2069 4876 veson.
2110 4829 2239 4874 tom.
2270 4822 2337 4881 ιι,
2372 4835 2424 4889 p.
2458 4822 2548 4873 41.

1948 4892 2024 4960 (ρ)
2058 4889 2412 4962 Heins._llist.
2446 4890 2594 4953 etcl.,
2620 4907 2680 4962 rp.
2714 4892 2837 4947 922.

1946 4960 2294 5083 (ιυόΑὲηῗέά.
2345 4961 2481 5014 Hist.
2522 4960 2645 5015 εδει.
2690 4972 2739 5015 et
2776 4963 2981 5028 lateres,
3012 4971 3143 5020 tom.
3174 4967 3213 5029 1,
3240 4964 3333 5020 lib.
3361 4983 3435 5032 vr,

1946 5048 1997 5083 n.
2077 5071 2092 5083 .
2254 5068 2268 5082 .

1876 5047 1997 5095 cap.
2028 5047 2092 5095 ο,
2122 5047 2148 5095 ςι
2183 5047 2268 5083 ‘ID.

1945 5029 2268 5171 ltissim?
2293 5100 2566 5155 Onomast.
2595 5113 2651 5171 ρ,
2685 5117 2719 5171 ι,
2754 5116 2809 5171 p.
2841 5102 2966 5157 497,

1974 5118 1997 5150 r
2061 5108 2254 5154 Saxius
2293 5108 2566 5155 Unomast.
2595 5113 2651 5171 p.
2685 5117 2719 5154 ι.
2754 5116 2809 5171 p.
2841 5108 2966 5157 497.

1971 5108 2018 5240 si
2041 5169 2388 5240 iWeismann.
2423 5171 2564 5223 Hist.
2599 5170 2747 5232 eccl.,
2783 5188 2834 5240 p.
2867 5174 2990 5226 470.

1971 5258 2014 5312 ι)Δ
2038 5239 2291 5312 Hosenm.
2317 5240 2456 5312 Hist.
2474 5241 2691 5312 interpr.
2717 5239 2835 5294 libr.
2864 5259 3024 5306 διιεῖ..
3049 5254 3108 5312 p.
3151 5256 3224 5306 tv,
3253 5242 3434 5312 p.180.

1972 5309 2025 5379 ιι)
2063 5309 2366 5363 Heumann.
2398 5310 2464 5379 (Ι.
2485 5325 2535 5366 c.
2563 5309 2688 5378 p.6,
2720 5318 2833 5364 not.
2868 5327 2924 5365 ιι.

1946 5378 2016 5453 (v)
2051 5379 2383 5453 ﬁcbroeclth.
2421 5378 2734 5453 Hist._eccl.,
2768 5381 2873 5436 vol.
2899 5382 3019 5447 cit.,
3049 5396 3103 5452 p.
3135 5379 3258 5437 524.

1945 5449 2023 5518 (σῖ)
2064 5450 2256 5502 Heum.
2292 5450 2438 5508 d.c.,
2474 5465 2523 5518 p.
2559 5449 2612 5503 6.

1945 5527 2019 5591 (y)
2056 5518 2455 5591 ξδειᾳιιιιᾴι-ιὶιξῖΖΔ
2478 5521 2637 5572 trium
2669 5520 2850 5591 capit"
2882 5519 2975 5591 lib:
3020 5537 3057 5575 ιι
3085 5561 3100 5586 ,
3132 5536 3254 5588 cap.
3285 5523 3339 5585 4,
3375 5522 3435 5579 in

1875 5586 2015 5669 t_n:i_i_.
2049 5589 2182 5669 Bibl.
2368 5586 2506 5669 ειη,
2551 5600 2679 5643 ιοιιι.
2712 5589 2790 5656 Χ,
2821 5605 2875 5667 p.
2919 5590 3003 5645 18,
3041 5620 3108 5635 -ρ
3147 5586 3230 5645 εἰ,
3274 5607 3463 5669 pons.

1879 5663 2074 5718 Suidus
2100 5662 2139 5716 ἲ.
2169 5675 2219 5714 v.
2265 5658 2585 5729 Ἰσίδωρος.
2822 5658 2841 5667 ἢ
3275 5658 3293 5669 τ
3460 5676 3461 5681 η
