3924 6416
256 357 319 419 25
1444 355 1621 417 νΙΤΑ
1660 358 1805 421 ISID

1912 361 1947 419 .I
1986 359 2246 421 PELUS.
3396 356 3475 425 ωδ

248 478 513 528 auctorum
536 476 733 540 pugnat
752 465 1029 521 silentium
1050 465 1149 537 (α).
1176 466 1446 523 Ceterum
1473 470 1611 525 bene
1642 469 1805 539 expli-
1832 477 1877 531 Α
1905 486 2028 525 eum
2057 478 2181 523 ante
2215 476 2488 523 mortuum
2513 482 2633 522 esse
2662 476 2883 521 censent
2902 508 2915 532 ,
2954 483 3115 538 quam
3146 468 3386 540 episcopi
3414 471 3473 526 iu

247 561 345 618 cari
372 569 552 632 potest
577 603 590 625 ,
611 560 701 629 qui
735 559 935 613 factum
962 560 1033 613 sit
1062 568 1121 613 ut
1148 570 1337 614 auctor
1364 560 1454 615 ille
1500 575 1801 632 anonymus

245 652 498 707 lsidornm
535 666 564 704 a
595 650 902 720 Theophilo
945 650 1187 721 fugatum
1231 660 1288 706 et
1332 666 1362 706 a
1409 651 1800 723 Chrysostomo

244 736 461 807 benigne
491 746 766 806 receptum
792 737 962 792 fuisse
982 736 1315 794 Pelusiotam
1346 741 1656 797 crediderit.
1690 741 1801 797 Ha-

244 827 347 881 buit
388 826 534 880 enim
584 836 924 896 compertum
958 828 1124 897 hujus
1157 830 1396 885 nominis
1432 832 1608 886 virum
1636 832 1801 889 fuisse

243 918 368 971 inter
392 932 488 971 eos
510 958 526 981 ,
558 918 652 988 qui
681 917 968 988 Theophili
999 920 1131 973 iram
1172 919 1440 991 fugientes
1461 962 1475 986 ,
1509 922 1799 994 Egyptum

242 1007 630 1077 relinquerent;
678 1024 911 1078 cumque
980 1010 1308 1065 Pelusiotam
1341 1010 1397 1067 S.
1445 1012 1673 1068 Joannis
1705 1015 1802 1081 de:

241 1098 496 1153 fensorem
522 1099 692 1155 fuisse
718 1101 859 1155 bene
893 1101 1078 1164 sciret,
1108 1102 1244 1156 nihil
1268 1104 1636 1161 verosimilius
1664 1106 1799 1160 mihi

238 1188 441 1258 quidem
489 1189 731 1253 videtur,
770 1206 935 1259 quam
978 1191 1124 1261 quod
1169 1191 1259 1246 ille
1301 1192 1429 1248 inde
1466 1194 1798 1264 conjecerit,

239 1281 343 1335 haec
367 1281 549 1335 omnia
573 1281 784 1336 isidoro
813 1282 1075 1337 accidisse
1104 1283 1411 1338 Pelusiotae.

299 1370 405 1433 His,
424 1382 693 1441 quantum
716 1372 829 1427 ﬁeri
854 1374 1048 1442 potuit,
1065 1374 1382 1429 brevissime
1404 1375 1685 1445 expositis,
1711 1392 1801 1431 re-

239 1468 334 1515 stat
360 1469 573 1515 tantum
609 1471 673 1516 ut
710 1463 781 1517 de
811 1478 991 1536 anno,
1033 1478 1143 1533 quo
1172 1464 1407 1520 Isidorus
1445 1477 1692 1520 mortuus
1731 1468 1800 1523 sit

240 1550 548 1605 sententiam
602 1560 843 1605 nostram
892 1551 1152 1607 feramus.
1204 1554 1392 1609 Refert
1430 1565 1612 1609 autem
1663 1555 1803 1611 Eva-

240 1642 369 1712 grius
392 1640 472 1711 (Ii)
495 1657 628 1695 eum
660 1652 921 1712 regnante
950 1641 1258 1699 Theodosio
1277 1645 1495 1714 juniore
1514 1645 1798 1713 ﬂoruisse;

239 1746 393 1801 neque
427 1733 532 1786 hoc
570 1732 901 1786 addubitare
929 1733 1075 1788 licet.
1130 1733 1249 1803 Ipse
1294 1736 1474 1801 enim',
1512 1746 1799 1806 antequam

1901 560 2034 614 urbe
2076 558 2430 627 Ephesiorum
2482 558 2792 628 congregati
2837 559 2980 624 sint,
3029 568 3123 613 aut
3161 559 3263 630 ipsi
3308 574 3473 630 prava

1898 663 2087 704 eorum
2121 649 2335 701 decreta
2364 648 2718 700 innotueriut.

1969 738 2219 791 Attamen
2250 736 2498 806 equidem
2529 736 2741 790 aliﬂiteri
2775 750 2949 805 neque
2977 736 3103 790 volo
3131 750 3229 791 nec
3253 751 3473 807 possum

1902 830 2239 895 testimonia,
2290 829 2489 898 quibus
2519 828 2619 882 viri
2668 828 2741 880 illi
2763 868 2778 890 ,
2810 836 2871 881 ut
2906 828 3232 883 sententiam
3275 830 3474 899 proba-

1899 931 2022 976 rent
2046 937 2224 980 suam.
2252 922 2336 977 usi
2382 929 2537 983 sunt,
2571 920 2702 974 mihi
2730 920 3053 989 persuadere
3074 934 3181 974 non
3210 923 3475 990 potuisse,

1901 1012 2167 1068 lsidorum
2213 1027 2279 1067 eo
2306 1026 2416 1081 quo
2458 1010 2718 1080 Eutychis
2748 1009 2971 1065 haeresis
3010 1011 3272 1065 invaserit
3302 1010 3472 1082 Egy-

1902 1113 2052 1176 ptum
2084 1112 2325 1171 tempore
2369 1102 2607 1157 nondum
2646 1102 2814 1156 fuisse
2846 1112 3144 1155 mortuum.
3188 1101 3288 1157 llic
3326 1104 3474 1157 enim

1899 1196 1945 1251 si
1968 1196 2251 1249 etiamtum
2283 1193 2423 1246 inter
2446 1194 2598 1246 vivos
2626 1192 2838 1255 fuisset,
2870 1192 3147 1246 distinctis
3174 1201 3321 1246 certe
3348 1208 3477 1246 ver-

1901 1284 1984 1339 bis
2016 1293 2070 1337 ct
2104 1284 2355 1353 graviter,
2386 1292 2443 1335 ut
2473 1281 2525 1334 in
2572 1280 2901 1343 Marcionis,
2934 1279 3103 1335 Manis
3136 1280 3476 1351 aliorumque

1900 1374 2203 1430 doctrinam
2258 1373 2530 1427 invehitur
2594 1387 3006 1439 saepenumero,
3058 1379 3249 1425 contra
3308 1371 3475 1441 Euty-

1898 1464 2035 1519 chen
2075 1462 2301 1532 ejusque
2345 1461 2596 1532 dogmata
2645 1462 2892 1514 dixisset.
2924 1459 3077 1526 Quod
3119 1476 3225 1513 nou
3272 1460 3475 1515 factum

1899 1569 2021 1610 esse
2049 1553 2397 1623 epistularum
2423 1592 2438 1617 ,
2472 1567 2609 1621 quas
2659 1550 3039 1605 Tillemontius
3076 1561 3131 1605 et
3166 1551 3475 1607 Ceillierius

1902 1643 2215 1699 attulerunt.
2253 1654 2570 1712 argumento
2611 1652 2866 1697 accurate
2907 1658 2938 1696 a
2984 1642 3145 1698 nobis
3186 1644 3470 1712 exposito,

1903 1739 2275 1805 unusquisque
2304 1736 2533 1789 fateatur
2560 1750 2783 1789 necesse
2811 1744 2914 1788 est.

240 1822 483 1892 synodum
520 1822 597 1875 ab
627 1825 956 1893 imperatore
1000 1824 1092 1878 illo
1116 1840 1263 1879 anno
1289 1826 1416 1887 ιδι.
1450 1836 1802 1882 convocatam
1837 1832 1877 1886 Β
1977 1824 2214 1896 Uterque
2245 1826 2562 1880 testificatur
2592 1840 2709 1878 eam
2731 1864 2747 1889 ,
2778 1839 2940 1893 quam
2972 1822 3213 1879 Isidorus
3250 1822 3476 1880 Hermo-

239 1912 390 1966 adiret
412 1912 657 1982 Cyr-illus
676 1953 692 1977 ,
730 1914 859 1968 huic
879 1914 1174 1968 turbulenti
1201 1925 1256 1970 et
1278 1918 1583 1987 arrogantis
1608 1918 1807 1989 ingenii

236 2004 361 2067 viro,
392 2004 671 2058 acerrimo
685 2005 1270 2075 Constantinopolitani
1295 2010 1557 2064 antistitis
1582 2010 1807 2065 inimico

236 2093 366 2147 misit
380 2095 672 2163 epistolam
697 2096 792 2164 (c),
810 2096 862 2149 iu
879 2113 984 2166 qua
998 2113 1121 2152 eum
1135 2097 1409 2167 admouet,
1449 2117 1573 2155 cum
1617 2116 1808 2157 omnes

238 2186 463 2243 homines
510 2189 588 2242 de
625 2189 791 2243 rebus
838 2189 1020 2243 dubiis
1057 2191 1430 2247 consultantes
1468 2192 1592 2246 odio
1628 2203 1682 2248 et
1727 2194 1807 2248 ira

239 2291 416 2332 vacuos
446 2293 578 2333 esse
608 2278 819 2341 deceat,
861 2295 1095 2349 cumque
1147 2282 1366 2336 animus
1387 2324 1402 2347 ,
1446 2284 1537 2338 ubi
1570 2285 1659 2338 illa
1689 2285 1808 2339 om-

238 2368 393 2434 eiant,
425 2368 579 2424 haud
610 2364 771 2424 facile
806 2386 991 2424 verum
1023 2371 1333 2441 provideat.
1369 2389 1436 2428 ne
1470 2374 1641 2429 nimio
1697 2374 1806 2430 Ne-

237 2459 370 2513 storii
403 2460 530 2513 odio
548 2469 802 2515 Intentus
833 2462 1123 2516 violentam
1153 2473 1340 2518 contra
1369 2481 1492 2519 eum
1521 2466 1659 2521 ferat
1683 2482 1811 2522 sen-

238 2550 479 2616 tentiam;
515 2561 889 2621 precaturque
922 2560 983 2605 ut
1022 2555 1247 2623 integris
1270 2564 1325 2609 et
1352 2557 1681 2627 incorruptis
1714 2559 1809 2627 ju-

236 2640 426 2697 dicibus
452 2659 581 2698 rem
602 2647 902 2713 permittat.
923 2675 996 2686 —
1016 2646 1240 2710 Eodem,
1276 2649 1329 2702 ni
1360 2649 1538 2712 fallor,
1570 2659 1809 2719 tempore

237 2732 414 2803 scripta
444 2744 534 2789 est
568 2734 637 2789 ad
670 2733 1038 2790 Theodosium
1065 2736 1444 2807 imperatorem
1475 2738 1701 2807 epistola
1730 2742 1806 2810 (ά)

238 2823 297 2878 de
327 2825 624 2879 securitate
647 2825 859 2896 synodo
884 2829 1218 2895 praestanda;
1257 2828 1359 2883 etsi
1383 2830 1476 2898 qui
1504 2828 1767 2884 lsidorum
1787 2869 1805 2895 ,

238 2928 347 2970 cum
380 2916 652 2987 Eutychis
692 2918 941 2972 doctrina
975 2919 1027 2972 in
1068 2918 1302 2991 Egypto
1324 2931 1614 2991 propagata
1640 2933 1805 2991 esset,

238 3010 383 3062 etiam
432 3019 556 3064 tum
596 3010 805 3066 vixisse
852 3021 1128 3076 statuunt,
1180 3011 1323 3067 hanc
1360 3013 1428 3066 ad
1475 3014 1807 3081 Ephesinum

240 3100 510 3155 concilium
557 3116 713 3155 anno
769 3101 872 3155 449
923 3103 1164 3157 habitum
1207 3105 1409 3158 referre
1453 3114 1685 3173 possunt
1711 3107 1804 3173 (ε).

240 3189 334 3244 Sed
357 3190 619 3259 quoniam
650 3189 893 3247 Isidorus
922 3192 1124 3261 iniusta
1147 3194 1528 3264 episcoporum
1553 3194 1808 3265 Eutychis

239 3279 443 3351 ejusque
476 3282 756 3337 doctrinae
799 3282 1091 3337 faventium
1129 3284 1375 3349 decreta,
1411 3295 1574 3355 atque
1610 3287 1807 3340 crude-

240 3370 329 3424 lem
353 3372 463 3426 hac
488 3374 830 3441 exsequendi
856 3373 1117 3428 rationem
1143 3375 1197 3428 in
1214 3376 1459 3443 epistolis
1482 3391 1547 3431 ne
1573 3377 1809 3446 tetigerit

239 3463 458 3531 quidem,
492 3465 669 3519 iidem
706 3463 812 3519 viri
850 3465 1028 3531 docti,
1064 3467 1211 3521 velut
1242 3466 1624 3523 Tillemontius
1658 3470 1721 3539 (f)
1750 3478 1805 3525 et

239 3552 521 3610 Ceillierius
542 3557 651 3626 (9).
673 3573 813 3625 quos
848 3556 1126 3614 Fabricius
1158 3558 1233 3628 (It)
1258 3598 1273 3624 ,
1299 3559 1697 3630 Hambergerus
1739 3560 1801 3631 (ι)

240 3643 635 3702 Schroeckhius
674 3648 745 3718 (j)
779 3657 836 3704 et
882 3648 1329 3706 Bosenmullerus
1358 3649 1434 3722 (It)
1476 3660 1801 3722 sequuntur,

300 3799 370 3872 (tt)
404 3800 488 3855 Cf.
522 3800 771 3856 Savilius
797 3801 837 3856 l.
865 3817 915 3857 c.
935 3818 988 3872 p.
1021 3802 1145 3859 967.

243 3870 372 3956 Lib)
402 3872 607 3956 Evagr.
657 3872 753 3926 lib.
789 3888 842 3956 ι’,
885 3870 1005 3943 cap.
1054 3873 1142 3928 15.
1176 3873 1806 3956 ’Τιιεοάοείοθηίιιᾳιιξῃ

241 3944 550 4008 imperatore
590 3952 855 4011 regnante
883 3984 897 4007 ,
942 3958 1138 4012 magno
1176 3944 1230 3997 iu
1266 3945 1469 3999 honore
1502 3944 1602 3997 fuit
1637 3944 1808 3999 Isido-

243 4023 323 4087 rus
347 4009 627 4087 Pelusiota
651 4050 667 4075 ,
705 4012 863 4081 cujus
892 4013 1061 4081 gloria
1085 4013 1155 4067 ob
1187 4013 1331 4067 illius
1364 4023 1475 4087 tum
1515 4014 1655 4068 faeta
1689 4027 1806 4069 tum

241 4079 368 4134 dicta
396 4081 559 4155 longe
589 4079 807 4151 lateque
841 4079 1127 4154 pervagata
1156 4090 1259 4149 est,
1292 4085 1645 4155 omniumque
1682 4099 1802 4139 ser-

241 4163 385 4203 mone
410 4151 713 4205 celebrata.

303 4220 367 4285 (ε)
391 4219 542 4292 Lib.
564 4236 606 4292 I,
637 4237 727 4289 ep.
758 4219 885 4292 5l0,
944 4236 1064 4290 quae
1087 4221 1165 4275 sic
1188 4221 1378 4291 incipit
1406 4238 1420 4274 :
1454 4220 1808 4292 Προσπάθεια

241 4286 330 4409 ειὲῖ
351 4290 451 4342 οὐκ
483 4286 809 4373 ὀξυδορκεῖ,
857 4286 1186 4345 ἁντίπάθεια
1230 4286 1450 4356 δὲ’ὃλως
1477 4286 1577 4363 οὖχ
1602 4294 1722 4363 ὀρᾷε
1757 4295 1808 4347 εἰ

241 4374 295 4409 το
318 4376 429 4409 νυν.
457 4378 514 4409 κ.
550 4376 605 4409 τ-
643 4373 691 4409 Α.
723 4391 795 4400 --

241 4373 429 4419 τοίνυν,
457 4378 514 4411 κ.
550 4376 605 4413 τ.
643 4373 691 4414 Α.
723 4391 795 4400 --

301 4430 373 4509 ςά)
557 4446 598 4495 ι,
630 4445 718 4509 ep.
745 4430 868 4484 511.

329 4508 373 4561 ε)
402 4497 620 4552 Tillem.
652 4499 690 4552 1.
719 4515 795 4565 c.,
828 4515 883 4568 p.
916 4498 1039 4553 H7.

329 4566 363 4634 0
419 4566 791 4649 Tillemxlnc,
814 4570 902 4649 ,εἰς
942 4570 1008 4649 de
1041 4570 1142 4623 hac
1169 4584 1230 4624 re
1272 4569 1548 4640 loquitur:
1586 4568 1681 4624 S’il
1719 4579 1805 4625 est

241 4649 358 4706 vray
387 4652 494 4705 que
525 4640 673 4691 saint
724 4638 925 4692 Isidore
958 4640 1031 4692 ait
1066 4655 1133 4692 vu
1157 4679 1171 4701 ,
1218 4638 1429 4694 comine
1471 4656 1609 4694 nous
1636 4655 1805 4693 avens

243 4719 348 4769 cru,
371 4706 626 4789 l‘Bgypte
647 4708 879 4789 infectée
905 4708 971 4762 de
1000 4708 1481 4789 l’eutychianisme,
1519 4710 1553 4789 i_l
1592 4726 1630 4789 χ
1647 4725 1682 4789 'a
1708 4726 1805 4789 ap-

243 4777 468 4858 parence
490 4777 630 4858 quLil
667 4777 810 4831 n’est
853 4794 946 4858 pas
989 4777 1143 4858 mort
1178 4789 1339 4858 avant
1368 4779 1416 4832 le
1447 4777 1808 4858 idelfevrier

244 4844 304 4898 de
351 4845 455 4899 l'an
488 4844 599 4901 4149
623 4887 641 4910 ,
692 4862 760 4899 ou
796 4844 971 4901 meme
1009 4848 1134 4910 450,
1172 4848 1401 4916 puisque
1447 4847 1698 4903 l‘hérésie
1734 4865 1807 4904 ne

246 4917 467 4989 p_ouvait_
498 4933 601 4986 pas
631 4917 784 4970 avoir
813 4933 1007 4971 encure
1050 4918 1143 4971 fait
1172 4934 1241 4989 un
1288 4919 1455 4989 grand
1487 4918 1706 4989 progrés
1737 4934 1807 4972 en

248 4984 285 5034 si
313 4999 408 5056 pen
437 4984 514 5039 de
540 4994 942 5056 temps,getque
972 4984 1313 5053 Hermogene
1335 4988 1365 5041 ὲ
1390 4984 1808 5056 ψιῖδίιείόοισεξ

249 5066 300 5105 se
349 5054 673 5126 plaintque
729 5054 968 5126 I’Egypte
1013 5057 1335 5111 embrassait
1383 5054 1630 5111 l‘liérésie
1679 5057 1810 5112 était

251 5135 379 5199 mort
418 5125 668 5199 quelque
701 5125 874 5195 temps
910 5136 1073 5199 avant
1114 5126 1227 5199 lui,
1266 5138 1456 5182 autaut
1486 5129 1648 5198 qu‘on
1676 5134 1810 5197 peut

248 5197 391 5261 juger
420 5210 520 5262 par
549 5197 977 5263 quelquesvunes
1003 5197 1069 5250 de
1099 5211 1187 5249 ses
1212 5197 1419 5250 lettres.

314 5264 615 5335 (9A)Ceillier
639 5265 776 5318 Hist.
802 5265 923 5318 Aut.
944 5264 1091 5319 Sacr.
1119 5275 1250 5318 tom.
1275 5265 1413 5320 XIII.
1440 5282 1497 5335 p.
1520 5266 1644 5333 603,
1672 5283 1729 5321 η.
1749 5266 1806 5320 7.

259 5358 313 5371 -
336 5333 463 5406 Mais
486 5333 571 5406 ily
601 5350 628 5386 a
662 5343 778 5406 tout
800 5335 905 5388 lieu
930 5335 997 5388 de
1027 5335 1202 5406 croire
1224 5335 1352 5406 qu'il
1375 5333 1628 5392 tte—vécut
1648 5338 1808 5406 point

256 5413 317 5476 au
346 5402 464 5455 dela
489 5404 560 5476 du
586 5404 721 5458 mois
749 5407 988 5476 demars
1010 5405 1075 5458 de
1098 5404 1203 5457 l’an
1229 5402 1351 5476 449,
1390 5406 1476 5475 n’y
1505 5402 1666 5476 ayani
1690 5408 1810 5461 rien

253 5469 376 5592 ὀὶιὲς
400 5487 489 5525 ses
515 5472 720 5538 lettres,
744 5474 834 5543 qui
852 5475 927 5529 ait
956 5484 1174 5544 rapport
1196 5489 1265 5529 au
1294 5475 1417 5529 faux
1440 5469 1647 5531 con'cile
1689 5476 1814 5531 (ΓΕ-

256 5551 287 5592 D
354 5556 430 5592 se.
454 5569 529 5579 —

256 5551 697 5729 ῗζζῑζξᾘπίἓὶμέ
725 5611 864 5667 Bibl.
907 5629 987 5682 gr.
1018 5612 1116 5667 lib.
1143 5630 1199 5682 v,
1236 5629 1293 5684 p.
1331 5613 1385 5682 5,
1416 5629 1536 5685 cap.
1564 5614 1656 5681 '54,
1688 5614 1716 5688 §
1754 5614 1809 5680 3,

345 5717 358 5729 .
460 5719 473 5729 .
503 5697 557 5729 Ι)-
619 5700 707 5729 θη.

260 5679 361 5749 vol.
386 5679 473 5749 IX.
503 5697 557 5749 p.
582 5683 707 5736 255.

325 5746 385 5818 (it
423 5746 821 5823 Hainbcrgerus
850 5750 904 5807 in
933 5751 1090 5818 libro,
1120 5753 1214 5823 qui
1247 5753 1560 5810 inscribitur
1592 5773 1605 5810 :
1638 5754 1813 5809 Kurze

1907 1918 2029 1988 geni
2064 1918 2125 1989 (ι)
2186 1919 2441 1986 episcopo
2489 1916 2707 1985 scripsit
2751 1916 3075 1983 epistolam,
3111 1916 3167 1971 in
3211 1930 3317 1985 qua
3362 1915 3480 1972 hac

1905 2019 2122 2066 exstant
2148 2010 2389 2080 ejusdem
2418 2009 2610 2063 verba:
2648 2028 2665 2060 ι
2700 2006 2964 2078 Egyptus
2990 2023 3211 2063 rursum
3236 2006 3480 2061 Pharao-

1906 2102 1994 2157 nis
2023 2102 2312 2170 imperium
2341 2110 2586 2165 exercet,
2616 2113 2722 2153 non
2751 2099 2839 2153 illa
2882 2098 3099 2168 quidem
3132 2096 3321 2152 Jacobi
3352 2098 3481 2154 filiis

1907 2194 2110 2250 accolis
2153 2194 2368 2247 urbium
2404 2191 2859 2247 exstruendarum
2904 2191 3119 2245 labores
3162 2190 3477 2258 imperans,

1908 2286 2003 2341 sed
2026 2301 2058 2339 a
2082 2284 2379 2340 fortissimo
2394 2267 2918 2353 quoque'lueresium
2940 2282 3163 2351 exigens
3187 2281 3473 2335 tributum.

1909 2376 2096 2431 Videte
2140 2376 2305 2445 igitur
2335 2390 2402 2430 ne
2429 2375 2551 2444 quis
2581 2389 2675 2428 vos
2704 2374 2925 2429 seducat
2948 2412 2965 2436 ,
2994 2386 3181 2427 verum
3211 2372 3357 2426 velut
3390 2371 3482 2426 lir-

1908 2483 2057 2522 mum
2098 2466 2511 2523 fundamentum
2555 2466 2859 2521 consistite.
2923 2466 3065 2520 Deus
3125 2465 3309 2530 enim,
3355 2478 3481 2518 cum

1908 2558 2202 2614 humanam
2249 2557 2497 2613 indueret
2540 2557 2807 2623 formam,
2862 2572 3035 2626 neque
3083 2556 3478 2621 mutationem,

1908 2663 2083 2717 neque
2127 2647 2556 2702 commistiouetn
2606 2662 2799 2714 passus
2838 2657 2923 2700 est
2947 2684 2963 2707 ,
2992 2661 3093 2701 nec
3134 2645 3480 2712 partitionem

1908 2737 2111 2803 ullam;
2139 2736 2233 2792 sed
2273 2752 2417 2791 unus
2444 2745 2530 2790 est
2558 2733 2747 2799 Filius,
2773 2735 2864 2805 qui
2904 2742 2968 2790 .et
3000 2744 3152 2791 caret
3188 2734 3397 2803 origine
3426 2743 3482 2789 et

1909 2830 2271 2900 sempiternus
2299 2837 2383 2883 est
2428 2836 2483 2882 et
2521 2836 2647 2882 ante
2684 2828 2867 2882 carnis
2898 2827 3117 2881 semina
3168 2834 3225 2882 et
3257 2834 3379 2895 post
3415 2840 3482 2880 ea

1909 2924 1991 2980 sic
2021 2939 2052 2977 a
2076 2921 2235 2977 nobis
2267 2922 2544 2976 adoratus.
2596 2938 2615 2971 ι
2652 2948 2725 2959 -
2750 2918 2888 2973 Tum
2918 2919 2988 2973 ab
3026 2918 3216 2974 iisdem
3247 2918 3482 2987 scripto-

1910 3015 2061 3069 ribus
2090 3013 2311 3067 aﬂ'ertur
2347 3012 2629 3067 Pelusiotae
2650 3010 2716 3064 ad
2739 3009 3158 3065 Constantinum
3188 3010 3481 3078 quemdam

1910 3104 2137 3173 epistola
2160 3103 2279 3172 (πα),
2326 3117 2432 3171 qua
2466 3101 2556 3155 hic
2582 3102 2918 3169 vituperatur
2945 3100 2998 3152 in
3035 3100 3181 3154 hunc
3216 3100 3479 3154 modum:

1911 3224 1983 3237 —
2011 3213 2030 3247 ι
2061 3194 2132 3249 At
2167 3206 2222 3247 tu
2252 3208 2347 3248 eos
2372 3233 2387 3257 ,
2420 3193 2513 3262 qui
2541 3192 2788 3246 divinum
2821 3207 3019 3245 numen
3068 3192 3156 3260 pie
3188 3206 3254 3246 ac
3291 3200 3481 3246 sancte

1912 3287 2117 3350 colunt,
2147 3284 2347 3339 furiose
2368 3283 2678 3344 insectaris.
2702 3281 3079 3337 confusionem
3110 3281 3402 3351 quamdam
3425 3292 3483 3338 et

1911 3377 2315 3447 permistionem
2339 3391 2403 3431 ac
2424 3375 2515 3430 Dei
2537 3373 2701 3429 Verbi
2729 3374 2782 3428 in
2808 3389 3025 3428 carnem
3070 3373 3481 3429 conversionem

1909 3467 2241 3535 docens,aut
2262 3468 2501 3521 divinam
2527 3475 2774 3521 naturam
2803 3465 2857 3521 in
2882 3481 3101 3519 carnem
3116 3474 3172 3520 et
3196 3480 3483 3522 ossacom-

1909 3568 2160 3623 mutans,
2183 3567 2276 3613 aut
2296 3558 2479 3613 carnis
2500 3558 2782 3612 veritatem
2823 3557 3095 3626 rejiciens.
3128 3575 3146 3608 ι
3175 3586 3249 3597 -
3277 3556 3481 3611 Deinde

1909 3651 2288 3725 Tillemoutius
2323 3650 2604 3720 epistolam
2638 3651 2705 3704 ad
2737 3648 3081 3705 Timotheum
3123 3650 3378 3705 lectorem
3403 3648 3482 3720 (ιι)

1918 3802 2273 3875 Nachrichleu
2310 3821 2409 3858 von
2445 3807 2542 3857 den
2573 3803 2930 3875 vorm/iumen
2954 3802 3365 3875 Sc/trt'flstellern
3390 3821 3484 3860 var

1913 3883 2030 3929 dem
2057 3876 2208 3928 Ib'ten
2237 3874 2614 3930 Jaltrlmndert.
2652 3889 2700 3941 p.
2747 3874 2869 3928 889.

1983 3945 2047 4014 (j)
2086 3944 2414 4014 Scltroeckh.
2445 3944 2480 4014 l.
2514 3961 2563 3996 c.
2593 3959 2645 4011 p.
2679 3943 2801 3997 5‘22.

1980 4011 2053 4082 (Ir)
2091 4013 2371 4079 Rosenm.,
2421 4013 2556 4067 "ist.
2605 4014 2824 4081 interpr.
2857 4012 3007 4067 Libr.
3052 4011 3208 4067 Sacr.
3245 4027 3372 4085 pars
3400 4031 3478 4081 tv,

1908 4098 2211 4232 ρ’ἆῖιῂἱιι.
2252 4168 2290 4219 t,
2321 4168 2411 4232 ep.
2443 4154 2545 4232 ιιιςι
2576 4172 2589 4207 :
2629 4153 2905 4232 Αἴγυπξος
2944 4150 3107 4232 πέλεν
3134 4153 3481 4232 disputavit}:

1908 4221 2035 4287 rat,
2062 4224 2245 4275 οὐκέτι
2286 4221 2383 4291 μὲν
2430 4227 2542 4284 τοῖς
2589 4221 2940 4293 παροικοῦσιν
2970 4222 3104 4293 υἱοῖς
3142 4221 3238 4275 τοῦ
3285 4224 3482 4277 Ἰακὼὸ

1909 4294 2101 4363 πόνους
2124 4293 2479 4346 ἐπιτάττουσα
2503 4292 2729 4357 πόλεων,
2766 4292 2900 4346 ἀλλὰ
2924 4292 3131 4363 πάνςεᾳς
3157 4293 3283 4357 τοὺς
3301 4294 3475 4363 ἐρρω-

1910 4362 2104 4451 μένους
2123 4363 2333 4451 ,φόριους
2358 4363 2662 4451 dirutam?“
2702 4364 2988 4451 aipé‘aswv.
3026 4361 3261 4451 Βξέπὲτε
3397 4379 3484 4451 squ

1908 4431 2052 4502 ὑμᾶς
2082 4431 2325 4502 πλανήσῃ
2354 4472 2368 4496 ,
2412 4432 2525 4485 ἀλλ’
2553 4431 2627 4496 ὡς
2660 4433 2875 4502 στερεὸς
2906 4459 2976 4502 τ-
3005 4432 3127 4485 cod.
3164 4431 3309 4485 Bav.’
3329 4431 3483 4487 addit

1838 4506 1884 4561 Ι)
1912 4499 2032 4571 ὀί-
2061 4499 2583 4571 θεμέλέοξστὴκετε.
2628 4532 2698 4543 ——
2747 4499 2887 4571 Cod.
2932 4499 3058 4553 Bav.
3107 4502 3371 4570 στηκέτω.
3409 4531 3482 4544 -

1922 4570 1982 4624 ’0
2010 4571 2142 4632 Θεὸς
2169 4574 2275 4641 γὰρ
2304 4570 2725 4641 ὲνανίθρωπήσας
2751 4573 2811 4625 οὐ
2834 4570 3173 4641 crispum-rat;
3195 4572 3319 4624 οὔτε
3354 4589 3481 4640 συγ-

1912 4636 2191 4712 κέχυταιῇ
2219 4636 2340 4693 οὔτε
2389 4636 2657 4711 διῄρητσίυ
2685 4642 2796 4712 ait?
2832 4636 2910 4703 εἷς
2930 4636 3090 4712 ’ἐστιν
3122 4642 3353 4712 ἄναρχος
3390 4636 3483 4695 xui.

1907 4712 2077 4782 dicito;
2108 4710 2254 4782 Υἱὸς,
2285 4714 2377 4782 ita}
2409 4710 2515 4780 πρὸ
2539 4710 2886 4782 σαρκώσεως,
2916 4710 3008 4762 καὶ
3033 4710 3174 4780 μετὰ
3206 4710 3482 4782 capsum

1908 4780 2053 4833 οὕτω
2092 4780 2219 4851 παρ’
2258 4779 2418 4850 ἡμῶν
2451 4779 2949 4851 προσκυνούμενος.

1982 4852 2084 4929 (με).
2113 4849 2234 4929 Lib.
2265 4848 2429 4929 ιζ’-ορ.
2464 4848 2585 4929 Λθρ.
2619 4848 2935 4929 Inscribitnr
2963 4848 3179 4929 quidem
3214 4851 3331 4929 haec
3360 4850 3480 4921 epi-

1909 4920 2045 4973 stola
2072 4919 2143 4972 ita
2175 4920 2226 4972 in
2260 4918 2498 4973 editione
2526 4919 2694 4975 Paris.
2731 4918 3092 4988 Κωνστανίῳ;
3135 4922 3229 4975 sed
3253 4918 3482 4974 Chatar-

1909 4990 2011 5042 dus
2034 4998 2089 5042 et
2118 4989 2483 5043 Ritterhusius
2510 5000 2656 5044 recte
2699 4991 2892 5044 excudi
2931 4999 3256 5046 curaverunt
3289 4992 3478 5043 Κωνσ-

1907 5060 2169 5127 ταντίνῳς
2210 5059 2294 5112 cui
2328 5059 2609 5128 scriptura:
2637 5061 2792 5114 codd.
2825 5060 2945 5114 Vat.
2995 5059 3120 5123 649,
3159 5071 3215 5115 et
3259 5059 3367 5116 Alt.
3401 5062 3481 5113 fa-

1910 5138 2057 5182 vent.
2094 5128 2266 5183 Verba
2293 5128 2479 5182 Graeca
2517 5145 2638 5198 quae
2694 5131 2798 5183 huc
2825 5138 3088 5198 spectant,
3116 5138 3279 5183 sunt:
3314 5159 3384 5170 —
3404 5130 3479 5183 Σὺ

1912 5197 1971 5268 δὲ
1984 5198 2110 5260 τοὺς
2130 5198 2191 5268 τὸ
2210 5199 2363 5250 Θεῖον
2385 5197 2623 5261 εὐσεϐῶς
2646 5197 3045 5268 πρεσϐεὗοντας
3067 5198 3281 5261 διώκεις
3307 5200 3482 5268 ὲμμα-

1909 5267 2047 5349 νῷς,
2068 5267 2506 5349 cantauit/Anxia
2525 5269 2642 5349 ,τεαὶ
2678 5267 2964 5349 ἀνάκρισιν
3007 5269 3104 5349 xui.
3134 5267 3348 5349 ςτροπῂν
3380 5269 3481 5349 τῂν

1910 5339 1993 5410 εἰς
2021 5335 2317 5410 adparatum?
2345 5336 2480 5410 Θεοῦ
2510 5338 2683 5410 Λόγου
2715 5335 3076 5410 Δκαιιὲηχῷννῆ
3122 5335 3349 5410 ᾁὶζὶριῶν
3380 5335 3481 5410 τῇν

1913 5405 2060 5459 θείαν
2087 5405 2246 5476 φύσιν
2271 5408 2348 5469 cl;
2379 5406 2554 5478 σάρκα
2581 5409 2673 5461 καὶ
2700 5405 2947 5478 ὀστέάζῆ
2978 5405 3076 5480 τὴν
3102 5408 3358 5480 ἀλήθειαν
3379 5405 3481 5477 τῆς

1913 5476 2112 5529 σαρκὸς
2141 5477 2369 5529 ἀθετῶν.

1913 5492 2112 5530 σαοκος
2141 5492 2369 5530 αυετων.

1987 5493 2112 5547 ρκος
2141 5493 2369 5530 αυετων.

1984 5547 2217 5633 (Ιη)“ι.ιι›.
2251 5563 2287 5610 ι,
2308 5545 2538 5633 ‘cp.~10‘2
2559 5563 2583 5633 ἐ
2619 5547 2774 5633 [Idan
2800 5547 2976 5600 τοίνυν
3002 5547 3214 5633 (gulae?)
3244 5551 3485 5633 mpet—

1911 5606 2051 5689 cud;
2072 5606 2444 5689 Bav._<pu).&xﬁ
2489 5617 2667 5689 τοίνυν
2696 5606 2852 5689 τήρει
2880 5647 2951 5656 -
2983 5606 3083 5688 τὴν
3127 5606 3226 5688 σῆν
3256 5606 3483 5689 trapeto»

1916 5687 2112 5757 μήπως
2159 5685 2288 5754 μίαν
2330 5685 2564 5757 Χριστοῦ
2613 5716 2681 5732 -ο
2712 5685 2790 5743 sic
2827 5685 3149 5742 auctoritate
3183 5685 3480 5743 'cod.'Vat.

1914 5756 2039 5819 649,
2068 5764 2126 5811 ct
2158 5757 2265 5811 Alt.
2308 5756 2653 5812 scribendum
2695 5774 2916 5814 censeo.
2948 5759 3082 5814 Cod.
3125 5758 3254 5813 Bav.
3300 5758 3485 5830 μήπου
