3924 6416
477 268 549 338 2⁷
1604 260 2276 325 COMMENTATIONIS
2310 259 2500 320 PARS
2535 259 2564 320 Ι
2571 307 2586 321 .

478 392 597 435 sate
623 374 905 433 sententia
938 373 1119 430 favere
1147 372 1476 438 arbitratur;
1506 372 1561 427 in
1590 388 1699 443 qua
1732 373 1799 429 de
1828 371 2039 427 duabus
2068 377 2109 433 Α
2139 370 2398 435 montius,
2433 369 2558 425 data
2596 376 2681 424 est
2726 366 2793 421 ad
2840 362 3098 437 Cyrillum
3141 357 3564 416 Alexandrin-
3606 358 3711 427 qui

478 470 535 526 in
581 468 802 523 Christo
832 465 1043 521 naturis
1074 465 1153 520 sic
1196 464 1433 534 loquitur
1460 464 1737 520 Isidorus:
1796 483 1815 516 ι
1864 462 2044 529 Quare

476 560 601 615 vide
630 574 699 614 ne
728 572 892 612 uuam
917 566 1125 611 tantum
1152 565 1274 625 post
1298 554 1721 610 incarnationem
1752 555 1807 609 in
1828 554 2044 608 Christo

472 642 2041 716 mWWmﬁumﬂigquim

476 747 687 794 tantum
704 737 1015 801 conﬁtetur,
1043 735 1226 790 divina
1254 735 1714 797 scilicetnmata,
1744 733 1832 789 vel
1857 742 2043 789 nostra

474 831 781 885 imminuta.
816 848 841 879 ο
890 856 963 869 -
990 827 1148 895 idem
1192 839 1387 897 quarto
1418 827 1542 882 loco
1586 824 1795 897 profert
1838 826 2041 897 episto-

479 922 582 975 lam
610 920 687 990 (a)
733 919 800 974 ad
830 919 1128 989 Cyrillum,
1178 918 1244 972 ad
1301 932 1459 987 quem
1501 917 1692 972 scribit
1745 917 1983 971 lsidorus
2024 934 2039 971 :

483 1032 502 1063 ι
528 1011 679 1078 Quod
708 1026 838 1064 vero
868 1024 1115 1065 summus
1133 1008 1376 1063 omnium
1408 1022 1588 1062 rerum
1606 1007 1864 1062 Dominus
1881 1009 2043 1063 homo

476 1120 601 1158 vere
623 1104 797 1157 factus
817 1109 933 1164 est,
965 1116 1139 1169 neque
1169 1100 1237 1154 ab
1260 1114 1326 1154 eo
1343 1138 1360 1164 ,
1388 1099 1530 1168 quod
1552 1107 1688 1164 erat,
1713 1099 2039 1170 demigrans,

475 1208 650 1262 neque
684 1192 777 1255 id,
811 1193 952 1258 quod
996 1208 1103 1246 non
1146 1200 1264 1247 erat
1288 1231 1304 1254 ,
1338 1208 1623 1248 assumens
1649 1231 1666 1258 ,
1710 1208 1778 1248 ex
1829 1194 2041 1249 duabus

474 1285 683 1339 naturis
714 1298 855 1337 unus
894 1281 1061 1337 Filius
1081 1283 1365 1347 exsisteus,
1384 1295 1535 1338 ortus
1564 1300 1628 1338 ac
1659 1284 1782 1340 finis
1806 1301 1998 1354 expers
2019 1325 2036 1351 ,

473 1389 661 1428 recens
702 1381 758 1428 et
809 1374 1213 1442 sempiternus,
1264 1389 1333 1429 ne
1383 1374 1499 1445 ipse
1552 1375 1769 1444 quidem
1820 1377 2030 1431 inficias

472 1466 621 1520 ieris.
658 1484 677 1517 t
724 1494 796 1506 --
832 1465 1073 1535 Denique
1102 1465 1171 1520 ab
1198 1466 1385 1521 eodem
1431 1467 1719 1521 laudantur
1752 1467 1938 1522 Isidori
1969 1469 2035 1523 ad

471 1555 836 1612 Theodosium
867 1558 1155 1613 diaconum
1176 1559 1383 1621 litterae,
1409 1559 1460 1611 in
1480 1561 1679 1628 quibus
1702 1561 1814 1615 haec
1834 1563 2035 1631 scripta

473 1648 819 1703 inveniuntur
850 1666 864 1703 :
902 1668 921 1701 ι
953 1647 1085 1703 Nam
1115 1650 1214 1705 etsi
1245 1650 1335 1704 Dei
1366 1649 1533 1705 Filius
1561 1666 1779 1706 carnem
1820 1667 2033 1707 assum-

470 1735 595 1805 psit,
621 1736 873 1791 Christus
907 1746 1085 1792 tamen
1117 1754 1227 1793 non
1278 1754 1463 1795 merus
1508 1742 1668 1795 homo
1703 1742 1876 1796 factus
1910 1752 2029 1807 est;

467 1827 599 1895 quin
631 1827 813 1896 potius
842 1843 969 1882 cum
1028 1829 1325 1884 humanum
1356 1832 1603 1886 indueret
1634 1847 1863 1901 corpus,
1895 1850 2036 1889 unus

465 1919 672 1974 exstitit
699 1921 753 1973 in
791 1920 1001 1976 duabus
1028 1922 1235 1976 naturis
1264 1922 1356 1977 Dei
1385 1924 1554 1980 Filius
1581 1926 1674 1993 (ὁ).
1706 1944 1725 1977 ι
1783 1956 1819 1968 -

536 2030 798 2086 Isidorum
855 2034 910 2087 in
967 2034 1049 2089 his
1103 2036 1264 2090 modo
1306 2052 1336 2090 a
1382 2051 1468 2091 me
1506 2038 1680 2093 allatis
1720 2046 1906 2093 contra
1941 2054 2006 2095 eo

465 2118 685 2185 dixisse,
716 2121 810 2191 qui
837 2122 922 2177 vel
943 2123 1173 2178 duarum
1217 2135 1531 2180 naturarum
1562 2127 1617 2181 in
1651 2128 1868 2183 Christo
1898 2146 2000 2184 con

469 2210 741 2265 fusionem
781 2223 839 2266 et
861 2213 1016 2282 quasi
1058 2214 1365 2269 mistionem
1407 2225 1725 2281 statuerent,
1759 2219 1840 2273 vel
1867 2236 2029 2273 unam

465 2310 673 2356 tantum
725 2313 1084 2373 agnoscerent
1132 2305 1260 2359 Jesu
1309 2306 1510 2360 Christi
1553 2318 1822 2373 naturam,
1869 2327 2032 2365 nemo

463 2407 573 2446 non
598 2393 764 2448 videt.
788 2394 991 2449 Deinde
1011 2397 1383 2466 unusquisque
1409 2400 2031 2457 concedetTillemontio

461 2481 697 2553 aliisque
739 2485 858 2552 ejus
885 2484 1129 2555 opinioni
1189 2487 1518 2553 faventibus,
1562 2505 1685 2544 eum
1716 2491 1793 2544 sic
1830 2492 1897 2546 de
1949 2494 2031 2549 his

462 2576 627 2630 rebus
659 2574 898 2630 locutum
953 2592 1094 2641 esse,
1128 2588 1187 2632 ut
1222 2579 1315 2648 qui
1362 2580 1591 2634 hatresin
1642 2582 2029 2653 Eutychianam

462 2665 715 2721 refellere
762 2666 910 2729 velit,
944 2666 1087 2721 illius
1166 2668 1324 2724 dictis
1368 2680 1590 2739 Optume
1620 2673 1696 2726 uti
1727 2674 1898 2742 possit
1932 2675 2027 2743 (c);

461 2771 641 2825 neque
666 2764 847 2810 tamen
879 2756 1004 2812 inde
1044 2759 1397 2829 consequitur
1422 2760 1683 2815 Isidorum
1731 2763 1799 2817 de
1862 2763 2031 2835 Euty—

459 2847 578 2904 chis
603 2848 844 2903 doctrina
864 2848 915 2902 in
934 2849 1036 2904 illis
1052 2850 1226 2920 egisse
1244 2851 1505 2921 epistolis.
1530 2852 1739 2908 Etenim
1761 2854 2031 2926 Eutyches

463 2956 658 2994 novam
679 2956 785 2995 non
811 2941 1041 3011 protulit
1076 2943 1399 3010 doctrinam,
1437 2946 1529 2999 sed
1557 2955 1681 2999 ante
1700 2962 1824 3001 eum
1877 2949 2030 3002 multi

2143 477 2287 517 anno
2344 461 2447 516 ut
2491 463 2633 517 diem
2696 472 3011 531 supremum
3068 454 3223 510 obiit.
3264 452 3407 522 Ergo
3450 450 3613 503 haece
3651 449 3713 503 in

2140 553 2365 623 epistola
2412 554 2653 609 Isidorus
2690 552 2763 608 de
2813 549 3071 621 Eutychis
3118 545 3363 602 doctrina
3411 542 3554 612 loqui
3598 557 3711 595 non

2140 645 2336 714 potuit.
2374 645 2641 715 Exposuit
2669 653 2849 698 autem
2882 642 2937 696 in
2987 641 3074 695 illa
3102 636 3427 694 sententiam
3460 650 3609 689 suam
3636 632 3712 686 de

2140 735 2351 790 duabus
2408 735 2462 791 in
2509 735 2724 790 Christo
2761 733 2964 788 naturis
3020 732 3211 787 eodem
3263 728 3423 784 modo
3457 723 3713 795 atquein

2142 825 2361 895 reliquis
2406 841 2541 895 quas
2573 826 2662 880 ille
2715 823 2969 878 laudavit.
3001 821 3177 892 Quare
3204 818 3455 889 equidem
3501 815 3710 871 nullam

2140 931 2359 970 causam
2406 916 2582 981 video,
2638 931 2737 970 cur
2799 915 2897 970 has
2954 926 3145 967 omnes
3209 910 3413 966 seriore
3463 915 3713 978 tempore

2141 1008 2367 1077 scriptas
2392 1022 2512 1063 esse
2537 1006 2880 1063 statuendum
2917 1004 3005 1061 sit.

2208 1118 2312 1173 Sed
2342 1118 2395 1172 in
2428 1119 2511 1174 his
2538 1118 2698 1173 nobis
2745 1133 2853 1172 non
2882 1113 3335 1185 acquiescendum
3362 1120 3468 1177 est,
3513 1126 3709 1166 verum

2139 1208 2449 1273 videndum,
2472 1224 2599 1263 num
2628 1209 2787 1279 paulo
2810 1207 3111 1263 accuratius
3138 1221 3246 1275 quo
3267 1215 3506 1275 tempore
3543 1203 3714 1263 Isido-

2140 1316 2233 1355 rus
2289 1301 2448 1355 hasce
2497 1300 2776 1370 scripserit
2817 1284 3073 1370 epistolas
3127 1297 3353 1352 delinire
3410 1296 3705 1366 possimus.

2141 1389 2364 1460 Scripsit
2440 1401 2640 1455 autem,
2705 1391 2761 1446 ni
2817 1392 2988 1455 fallor,
3066 1406 3158 1445 eas
3218 1405 3408 1444 omnes
3458 1404 3544 1451 eo,
3597 1402 3712 1457 quo

2138 1481 2439 1537 Orientales
2492 1482 2729 1553 episcopi
2776 1498 2900 1537 cum
2960 1482 3157 1553 Cyrillo
3198 1481 3267 1535 de
3308 1477 3542 1534 Nestorii
3571 1494 3711 1533 con-

2138 1573 2479 1629 demnatione
2530 1584 2690 1644 atque
2740 1574 2808 1629 de
2862 1575 3073 1627 duabus
3120 1573 3175 1626 in
3223 1571 3444 1628 Christo
3491 1570 3711 1625 naturis

2136 1674 2431 1727 certarunt,
2482 1673 2743 1735 tempore.
2804 1663 3038 1719 Joannes
3110 1664 3254 1719 enim
3309 1662 3707 1725 Antiochenus,

2137 1756 2289 1825 cujus
2318 1770 2508 1824 magna
2561 1764 2677 1811 erat
2699 1755 2840 1825 apud
2879 1754 3114 1809 Orientis
3151 1756 3435 1824 episcopos
3460 1754 3709 1809 auctori-

2138 1856 2241 1911 tas,
2275 1847 2451 1918 Cyrilli
2487 1856 2674 1902 contra
2723 1846 3027 1900 Nestorium
3071 1846 3415 1900 anathemata
3459 1846 3708 1915 Appolli-

2133 1937 2281 1990 naris
2339 1936 2639 1990 doctrinam
2688 1936 2933 1990 redolere
2986 1935 3301 1997 arbitratus,
3358 1930 3519 1990 simul
3577 1952 3706 1991 cum

2133 2024 2470 2080 Theodoreto
2504 2026 2721 2097 Cyrensi
2751 2026 3034 2080 etAudrea
3070 2028 3445 2091 Samosatcno,
3469 2028 3561 2097 qui
3586 2028 3707 2097 jam

2131 2126 2257 2171 ante
2302 2118 2589 2172 concilium
2635 2117 2966 2183 Ephesinttm
3000 2126 3188 2171 contra
3236 2120 3548 2189 episcopum
3576 2119 3709 2174 Ale-

2130 2208 2451 2263 xandrinum
2501 2209 2849 2278 scripserant,
2902 2210 3047 2263 hunc
3102 2209 3330 2264 duarum
3387 2211 3441 2264 in
3483 2210 3708 2265 Christo

2130 2313 2443 2356 naturarum
2484 2301 2790 2357 mistionem
2829 2309 2884 2355 et
2917 2302 3292 2357 confusionem
3333 2302 3583 2357 docuisse
3610 2319 3704 2356 ar-

2129 2394 2384 2463 guebant.
2433 2392 2588 2459 Quod
2633 2393 2736 2448 etsi
2781 2393 2870 2448 ille
2899 2394 3044 2447 omni
3076 2395 3255 2448 studio
3303 2410 3331 2448 a
3381 2410 3441 2449 se
3485 2395 3702 2449 amoliri

2130 2492 2356 2539 conatus
2407 2484 2655 2537 Eunomii
2694 2493 2748 2537 ct
2791 2484 3118 2553 Apollinaris
3164 2485 3465 2539 doctrinam
3510 2486 3702 2540 falsam

2131 2584 2315 2644 aperte
2335 2574 2643 2638 declaravit,
2676 2574 3050 2643 Isidorumque
3086 2592 3195 2628 non
3216 2576 3300 2631 ab
3336 2575 3697 2631 Orientalium

2131 2665 2373 2736 partibus
2413 2664 2625 2719 stetisse
2666 2672 2897 2731 constat,
2944 2674 3125 2720 tamen
3179 2665 3470 2734 Pelusiota,
3529 2684 3695 2737 quam

2131 2766 2322 2826 quarto
2361 2756 2478 2810 loco
2508 2756 2786 2825 posuimus
2827 2756 3110 2825 epistolam
3139 2773 3205 2812 eo
3234 2758 3458 2813 consilio
3498 2759 3702 2829 Cyrillo

2130 2847 2344 2901 videtur
2374 2846 2589 2901 misisse
2622 2855 2681 2900 ut
2711 2847 2759 2901 ei
2788 2847 2951 2901 nitnis
2975 2848 3188 2903 incaute
3214 2865 3375 2903 unam
3402 2851 3456 2904 in
3478 2850 3702 2907 Christo

2132 2948 2398 3001 naturam,
2435 2938 2591 2992 Verbi
2631 2939 2835 2994 scilicet
2868 2940 3221 3005 incarnatam,
3249 2941 3462 2997 docenti
3492 2953 3697 2998 rectam

462 3038 517 3084 ct
531 3031 763 3086 haeretici
781 3040 835 3085 et
858 3032 1218 3098 orthodoxi,si
1240 3048 1347 3087 non
1370 3035 1578 3100 eadem,
1598 3045 1816 3091 atcerte
1837 3038 2030 3092 similia
2057 3046 2099 3105 (ζ
2134 3046 2423 3099 veramque
2455 3030 2522 3084 de
2553 3030 2761 3085 duabus
2792 3030 2846 3084 in
2890 3030 3106 3086 Chrile
3145 3033 3352 3088 naturis
3393 3035 3697 3089 doctrinam

457 3131 856 3191 proposuerunt
898 3120 1147 3191 dogmata
1206 3122 1303 3189 td).
1361 3122 1537 3187 Quare
1588 3124 1908 3179 Pelusiotam
1962 3126 2031 3181 de

458 3207 895 3280 Eutychianismo
934 3219 1061 3263 ante
1103 3209 1381 3280 Eutychen
1418 3212 1653 3267 locutum
1685 3229 1806 3270 esse
1837 3215 2026 3269 existi-

458 3314 569 3355 mo.
604 3299 737 3354 Nam
776 3300 879 3353 etsi
922 3301 1067 3369 quod
1109 3316 1272 3369 supra
1315 3302 1423 3369 jam
1463 3304 2024 3369 commemoravimus,

456 3391 665 3446 scilicet
726 3391 888 3459 hujus
945 3390 1181 3445 haeretici
1261 3393 1592 3446 mentionem
1653 3394 1708 3447 in
1782 3395 2025 3464 epistolis

456 3496 736 3551 nunquam
780 3481 977 3535 factam
1020 3497 1161 3547 esse,
1206 3483 1427 3538 minoris
1471 3486 1727 3540 momenti
1766 3502 1905 3547 esse,
1948 3488 2031 3541 lu-

456 3570 651 3625 benter
716 3569 907 3637 fateor,
966 3579 1145 3624 tamen
1196 3585 1319 3624 cum
1404 3572 1567 3638 aliud,
1622 3574 1796 3642 quod
1848 3574 2032 3644 paucis

457 3663 831 3733 explicandum
899 3671 1003 3727 est,
1061 3665 1281 3718 accedat
1352 3675 1729 3735 argumentum
1764 3708 1779 3728 ,
1856 3681 2030 3719 meam

458 3764 619 3811 teneo
672 3755 1015 3811 sententiam.
1065 3786 1136 3798 -—
1191 3755 1457 3826 Eutyches
1500 3757 1654 3811 valde
1702 3758 1812 3826 jam
1843 3773 2029 3823 senex,

458 3854 519 3901 ut
560 3846 635 3901 ait
669 3846 995 3903 Moshemius
1044 3848 1095 3901 in
1130 3848 1361 3902 Historia
1405 3866 1503 3902 sua
1548 3849 1891 3903 ecclesiastica
1935 3850 2026 3922 (e),

456 3953 567 4006 quo
596 3936 1025 3999 Nestorium.cui
1050 3939 1398 3993 vehementer
1422 3939 1666 3995 infensus
1710 3949 1845 4003 erat,
1879 3950 2027 3995 tanto

458 4026 652 4081 fortius
710 4027 1050 4096 reprimeret,
1120 4044 1264 4082 anno
1348 4029 1453 4084 448
1520 4029 1792 4084 docebat:
1865 4046 2026 4083 unam

460 4126 665 4171 tantum
694 4133 799 4171 esse
830 4119 883 4170 in
914 4116 1117 4171 Christo
1144 4128 1392 4171 naturam
1422 4118 1573 4172 Verbi
1616 4136 1731 4173 vere
1775 4120 2025 4173 incarna-

459 4218 571 4263 tam
600 4208 685 4279 (Ω.
731 4207 849 4264 Una
886 4218 1066 4264 autem
1100 4225 1164 4264 ex
1204 4210 1463 4280 epistolis,
1489 4227 1623 4281 quas
1653 4211 1832 4265 attulit
1862 4210 2025 4266 Tille-

460 4385 590 4457 μίαν
621 4383 724 4477 ξοῦ
758 4384 1017 4477 Χριὶτοῦ.
1049 4384 1222 4467 Ῡύιεο
1265 4387 1583 4477 legebatur:
1637 4389 1817 4477 pﬁrfou
1859 4387 2021 4459 δόκη-
2053 4379 2098 4435 D

460 4454 544 4528 etv
588 4454 686 4528 rip;
730 4454 823 4528 τρῦ
870 4456 1103 4525 Χριστοῦ
1133 4454 1195 4497 4
1233 4454 1392 4525 φύᾱιν
1427 4461 1562 4528 μετὰ
1603 4454 1708 4528 tiri
1739 4454 2025 4526 Ισάρκωσὶν

461 4525 611 4598 δέξῃ.
635 4525 887 4598 βατέρᾳς
917 4528 1026 4597 γάρ
1054 4528 1199 4598 ἐστιν
1248 4525 1523 4597 ἁναίρέσις
1556 4530 1589 4597 ἡ
1637 4525 1766 4598 περὶ
1802 4525 1931 4598 μιᾶς
1956 4558 2027 4569 -

456 4594 591 4667 cod.
632 4594 759 4667 Dav.
798 4596 945 4667 μέᾳν,
991 4594 1135 4667 vulg.
1178 4594 1391 4651 additur
1434 4594 1635 4651 τούτὼν
1682 4594 1824 4667 quod
1876 4608 2021 4652 auct.

457 4666 616 4718 codd.
658 4664 786 4719 Bav.
838 4664 959 4719 Vat.
1009 4666 1110 4720 649
1137 4704 1151 4723 .
1181 4677 1236 4719 et
1282 4668 1389 4721 Alt.
1426 4664 1750 4735 ejiciendum
1800 4678 1919 4730 est,
1953 4698 2023 4707 —-

459 4735 883 4858 συγκὲτῗὶθεσιςο
925 4736 959 4807 ἢ
990 4737 1086 4806 τῆς
1118 4736 1264 4800 Θείας
1290 4738 1627 4807 τραπείσης,
1670 4738 1703 4808 ἢ
1735 4739 1833 4808 τῆς
1864 4737 2022 4808 ἡμῶν

461 4821 597 4858 μείω
635 4823 656 4856 ε
693 4822 805 4858 της.

503 4821 805 4867 statuat-mc.

460 4822 805 4876 μειωυειτης.

520 4879 606 4946 (α)
634 4875 750 4946 Lib.
783 4891 831 4946 _t,
855 4890 941 4944 ep.
983 4874 1089 4929 3'23
1114 4892 1125 4928 :
1153 4906 1223 4915 —
1249 4876 1375 4928 Ὅτι
1419 4875 1475 4928 δὲ
1518 4876 1767 4946 ἀληθινὸς
1796 4893 1886 4929 και
1929 4878 2022 4946 ἐςεὶ

458 4945 675 4998 πάντων
707 4944 839 5007 Θεὸς
862 4984 876 5006 ,
913 4946 1194 5014 bonum;
1223 4946 1442 5013 γέγονεν
1476 4944 1713 5013 ἀληῦ-ὦς,
1746 4947 1870 4999 οὔτε
1903 4947 1930 4998 ὅ
1955 4944 2021 5014 ἦν

455 5016 687 5086 τραπεξς
710 5016 852 5086 εκαὶ
932 5010 1044 5086 οὐδὲΔ
1065 5010 1131 5082 ἦν
1167 5010 1604 5086 προέλαὸὼνηὲᾶι
1628 5017 1839 5083 φύσεων
1876 5010 2022 5070 δυεῖν

710 5064 848 5155 ως
889 5064 954 5136 ἐν’
971 5064 1317 5151 ᾧύάὲσιῖυέἐ
1329 5064 1857 5155 ’ξδ’ὲτξῦἶτᾶξῆεἶζέν
1883 5064 2018 5148 re,

458 5155 696 5241 é-zapxo‘;
730 5154 825 5238 ita!
852 5155 1180 5241 ἀξεέρᾳντος,
1222 5156 1530 5224 πρόσφατος
1569 5158 1661 5209 καὶ
1696 5154 1881 5219 ἀΐδιος,
1908 5156 2017 5209 οὐδ’

457 5225 526 5280 ἂν
557 5224 716 5283 αὐτὸς
741 5224 1055 5293 ἁρνηϐεἰης.

532 5297 602 5361 (ὑ)
633 5294 749 5348 Lib.
772 5310 822 5366 _I,
865 5310 953 5363 ep.
1336 5294 1446 5366 γὰρ
1472 5296 1561 5347 καὶ
1595 5294 1728 5366 σὰρξ
1758 5294 1958 5364 ἀληθὴς
1990 5296 2018 5348 ὁ

456 5364 627 5445 (λόγοὲ
657 5362 967 5445 γετένητὰέ,
1138 5364 1199 5415 οὐ
1230 5362 1381 5428 ψιλὸς
1402 5362 1800 5445 ᾄνρρωποᾷξρζ
1814 5362 2013 5445 pia-.6:

460 5433 884 5504 ὲνᾳνορὼπησας
906 5434 961 5487 δὲ
993 5434 1192 5504 μᾶλλον
1230 5464 1295 5504 _—
1324 5433 1607 5504 codtBav.
1639 5433 1837 5502 μᾶλλον
1865 5435 1919 5487 δὲ
1948 5466 2017 5475 —-

462 5503 599 5574 θεὸς
629 5505 685 5555 ὲν
720 5502 1010 5574 ἑκατέραις
1035 5506 1152 5565 ταῖς
1172 5502 1397 5574 φιξσεσιν
1426 5503 1504 5567 εἷς
1536 5505 1851 5574 ὑπάρχει-
1876 5505 2010 5558 Cod.

464 5572 592 5698 {ign
624 5573 979 5700 ὑπέιέχῳν-
1009 5574 1132 5639 Υἱὸς
1161 5573 1252 5627 τοῦ
1273 5605 1340 5614 --
1362 5576 1501 5646 quod
1529 5572 1792 5631 omittitur
1812 5575 1865 5630 iu
1894 5576 2010 5630 eod.

544 5660 593 5700 v.
617 5673 685 5685 -—
788 5660 868 5699 au.
900 5674 968 5685 —

544 5660 593 5701 ν.
617 5673 685 5685 σ-
710 5660 868 5700 υεῦυο
900 5674 968 5685 ’-

2132 3120 2185 3173 in
2236 3121 2477 3174 animum
2537 3129 2834 3175 revocaret.
2881 3151 2953 3161 —
3005 3123 3201 3178 Eodem
3256 3133 3496 3195 tempore
3550 3141 3696 3192 eam,

2128 3225 2288 3279 quam
2340 3210 2510 3262 altero
2550 3211 2824 3280 tetigimus
2865 3212 3004 3272 loco,
3036 3213 3340 3281 epistolam,
3396 3214 3697 3284 eodemque

2126 3314 2317 3351 omnes
2368 3299 2600 3367 reliquas
2652 3315 2682 3353 a
2728 3300 2884 3355 nobis
2939 3310 3406 3368 commemoratas,
3454 3306 3697 3374 exceptis

2127 3390 2233 3443 illis
2277 3390 2344 3443 ad
2375 3389 2762 3460 Hermogenem
2793 3390 3004 3457 litteris,
3048 3391 3274 3462 scriptas
3302 3407 3423 3447 esse
3470 3408 3691 3450 censeo.

2129 3480 2253 3534 II-.e.c
2282 3490 2483 3542 autem,
2548 3496 2744 3549 nempe
2794 3480 3021 3550 epistola
3083 3481 3401 3552 Hermogeui
3466 3484 3692 3553 scripta,

2131 3582 2244 3624 tum
2286 3571 2501 3625 demunt
2531 3572 2772 3626 confecta
2803 3582 2907 3633 est.
2940 3572 3030 3627 ubi
3080 3572 3308 3643 Cyrillus
3359 3575 3415 3627 in
3460 3576 3691 3645 gratiam

2127 3678 2248 3717 eum
2307 3662 2573 3732 episcopis
2623 3664 2985 3718 Orientalibus
3045 3679 3188 3718 anno
3257 3665 3362 3721 434
3432 3668 3690 3723 redierat.

2128 3752 2489 3819 Quamobrem
2549 3770 2656 3809 non
2713 3754 2900 3807 dubito
2946 3756 3078 3823 quin
3131 3755 3366 3811 Isidorus
3425 3759 3693 3827 scribens,

2129 3844 2414 3915 Aigyptum
2454 3861 2484 3898 a
2541 3844 2834 3899 fortissimo
2862 3861 3076 3915 quoque
3134 3847 3419 3903 hmrcsium
3476 3850 3695 3920 exigere

2130 3935 2407 3999 trilmtum,
2450 3920 2517 3989 de
2543 3934 2757 4005 Cyrillo,
2807 3937 2899 4005 qui
2951 3937 3229 4007 hucusque
3276 3924 3694 3996 strenuissimus

2126 4026 2301 4080 fuerat
2356 4042 2496 4081 vera:
2548 4024 2669 4079 ﬁdei
2735 4026 3005 4091 defensor,
3068 4029 3256 4098 egerit.
3328 4028 3487 4084 Stetit
3541 4031 3689 4085 enim

2126 4118 2362 4173 Isidorus
2420 4135 2449 4173 a
2500 4119 2744 4188 partibus
2802 4134 2990 4173 eorum
3052 4122 3125 4190 (g)
3158 4162 3173 4186 ,
3228 4122 3318 4191 qui
3372 4122 3691 4193 episcopum

2126 4212 2546 4266 Alexandrinum
2564 4223 2867 4282 propterea,
2895 4213 3037 4282 quod
3060 4229 3244 4284 pacem
3267 4214 3465 4280 inierit,
3490 4216 3693 4271 acriter

2199 4386 2269 4456 (ε)
2304 4387 2369 4440 Ει
2395 4401 2580 4440 revera
2606 4386 2864 4442 Leontius
2894 4386 3220 4456 Byzantinus
3245 4388 3296 4442 in
3324 4388 3473 4444 libris
3497 4401 3689 4449 contra

2126 4456 2432 4511 Nestorium
2462 4466 2516 4509 et
2541 4456 2817 4526 Eutychen
2842 4466 3101 4510 memorat
3126 4459 3310 4511 Isidori
3336 4460 3403 4513 ad
3434 4460 3690 4517 Theodo-

2125 4527 2265 4599 sium
2300 4528 2702 4599 presbyterum,
2734 4528 3077 4599 Timotheum
3120 4527 3398 4599 lectorem,
3429 4532 3686 4599 Cyrillum

2124 4596 2545 4665 Alexandrinum
2574 4598 2830 4665 aliosque
2879 4597 3149 4665 epistolas.
3178 4598 3289 4651 Cl'r.
3343 4596 3576 4654 Mum-ima
3605 4603 3687 4656 bi-

2124 4667 2371 4721 bliothera
2408 4664 2524 4719 νγ.
2564 4664 2674 4718 PP.
2704 4664 2832 4720 mm.
2861 4664 2948 4725 IX,
2984 4682 3036 4733 p.
3067 4668 3186 4728 (58L
3214 4669 3337 4733 682,
3369 4668 3489 4722 685.

2195 4736 2604 4807 (dtgtlhristiani
2648 4736 2873 4806 Augusti
2911 4736 3091 4805 Saligii
3132 4739 3198 4791 de
3253 4740 3685 4807 cutychianismo

2122 4817 2246 4859 ante
2278 4806 2550 4874 Eutychen
2573 4844 2587 4864 ,
2613 4807 2725 4860 sive
2769 4806 2836 4859 de
2864 4808 3276 4875 eutychiauismi
3309 4806 3431 4862 vere
3456 4827 3518 4865 ac
3552 4813 3687 4866 falso

2121 4876 2401 4949 suspectis,
2440 4884 2697 4949 tractatus
2734 4876 3023 4949 historicus
3053 4887 3110 4931 et
3149 4878 3504 4949 theologicus.
3535 4880 3587 4933 Vi
3602 4882 3687 4936 ol-

2122 4946 2432 5000 fcuhuttelm
2464 4946 2616 5004 I715,
2653 4946 2788 4999 ἱππ-4.

2192 5020 2263 5083 (ε)
2288 5014 2565 5086 Μοςιιρημ
2590 5013 2725 5086 Ilist.
2754 5014 2876 5069 eccl.
2910 5030 2960 5082 p.
2998 5014 3125 5071 223.
3149 5014 3175 5086 §
3202 5017 3286 5071 I3.

2190 5086 2256 5150 (1)
2307 5085 2484 5152 Ipsum
2523 5084 2783 5164 Cyrillum
2822 5086 2983 5138 haece
3031 5084 3257 5139 formula
3292 5086 3489 5157 smpius
3524 5104 3681 5145 usum

2118 5170 2257 5211 esse.
2286 5164 2497 5209 constat
2523 5164 2662 5207 tuter
2689 5170 2901 5208 oumes.

2189 5226 2261 5294 (ει)
2328 5225 2417 5275 Sic
2457 5225 2934 5295 stomachahantur
2990 5224 3222 5295 Aeacius
3276 5224 3678 5295 Melitenensis,

2117 5292 2408 5347 Successus
2454 5295 2548 5347 Dio
2577 5294 2948 5354 (itesarccnsis,
2997 5292 3307 5349 Valerianus
3348 5292 3682 5360 lconiensis,

2116 5367 2333 5432 aliique.
2371 5380 2561 5416 omnes
2595 5364 2846 5434 Cyrillum
2880 5364 3685 5434 vituperantes,qumliutlrien-

2117 5436 2329 5495 talium,
2358 5436 2447 5501 qui
2481 5448 2695 5505 omnem
2740 5432 2991 5505 unionem
3008 5432 3410 5505 _hypost:tticatu
3450 5438 3680 5505 rejecis-

2116 5514 2265 5567 sent,
2294 5503 2625 5575 consenserit
2663 5518 2840 5557 voces.
2868 5502 2951 5557 Cf.
3002 5501 3167 5575 Salig.
3225 5505 3260 5569 Ι,

2117 5514 2283 5628 senta;
2287 5509 2625 5628 gunsenscrit
2663 5518 2840 5557 voces.
2868 5509 2951 5557 Cl.
3002 5509 3167 5575 Salig.
3225 5509 3260 5569 Ι,
3318 5521 3366 5562 c.
3413 5523 3531 5579 cap.
3587 5509 3677 5574 28,

2117 5591 2168 5645 p.
2264 5592 2337 5628 ι.
