3924 6416
202 316 267 380 Ξῖ
1394 320 1573 379 νιΤΑ
1617 317 1754 377 ΙΒΙΙᾸ

1863 316 1909 374 ll
1951 312 2213 374 PELUS.
3365 310 3438 375 30

200 428 558 497 vituperarunt
599 423 693 496 (α).
725 422 930 481 Scribit
957 426 1105 482 enim
1160 426 1226 482 ad
1279 427 1429 484 illum
1460 426 1590 483 alibi
1626 426 1701 497 (ι)
1733 443 1748 479 :
1783 437 1824 485 Α
1859 425 2059 478 virtute
2084 436 2288 476 vacuus
2318 433 2544 473 munere
2570 418 2686 473 solo
2711 432 2831 473 sese
2873 416 3060 487 iactat.
3090 413 3220 471 Inde
3260 413 3324 472 lt
3370 424 3439 471 ut

203 517 459 588 «Oportet
511 526 566 571 te
614 516 826 570 ﬁrmum
884 534 948 573 ac
997 528 1337 573 constantem
1387 535 1602 589 semper
1641 533 1753 571 ma-

197 624 326 671 nere;
351 607 428 661 sic
458 621 657 675 nempe
692 615 753 661 ut
793 622 897 661 nec
935 618 1083 661 metu
1128 610 1367 664 coelestia
1396 609 1616 679 prodas,
1649 622 1752 661 nec

197 708 351 752 tecum
383 695 499 765 ipse
529 711 768 766 pugnare
806 696 1056 750 videaris.
1092 697 1199 752 Sed
1230 698 1278 753 si
1316 714 1437 768 qua:
1465 713 1612 753 nunc
1654 698 1752 751 abs

198 802 241 846 te
264 789 451 858 scripta
482 798 613 842 sunt
638 804 762 843 cum
791 788 894 842 illis
918 798 1081 843 antea
1116 806 1144 845 a
1168 800 1221 845 te
1248 792 1512 846 confessis
1530 806 1751 860 compa-

194 890 377 942 rantur,
400 888 497 931 aut
530 877 825 933 adulationi
854 880 1124 934 obnoxius
1167 896 1290 935 esse
1336 882 1623 940 videberis.
1660 892 1754 935 aut

195 971 402 1027 levitatis
430 969 704 1035 minister,
754 979 814 1024 ut
851 970 944 1040 qui
989 971 1134 1024 inani
1188 972 1374 1042 gloriae
1406 974 1749 1038 suceumhas,

195 1078 286 1115 non
318 1070 499 1115 autem
532 1076 853 1131 magnorum
878 1070 933 1114 et
964 1071 1276 1115 sanctorum
1305 1063 1543 1132 pugilum
1572 1072 1752 1116 certa-

193 1150 316 1204 mina
368 1148 626 1210 imiteris,
683 1151 775 1217 qui
829 1163 928 1218 per
959 1164 1178 1203 omnem
1226 1151 1390 1205 vitam
1448 1150 1503 1204 in
1565 1160 1750 1205 extera

194 1239 383 1310 regione
399 1239 580 1308 premi
612 1253 677 1293 ac
701 1238 880 1293 vexari
918 1240 1101 1308 potius
1126 1240 1224 1293 sibi
1270 1240 1550 1295 ferendum
1582 1242 1745 1296 duxe-

195 1338 315 1394 runt,
344 1344 509 1400 quam
536 1341 598 1384 ut
628 1345 938 1401 perversam
970 1340 1063 1385 aut
1093 1331 1276 1386 falsam
1310 1333 1638 1387 sententiam
1668 1334 1752 1389 vel

193 1423 385 1477 auribus
412 1422 743 1492 exciperent
783 1423 874 1492 (c).
923 1440 942 1473 ι
992 1454 1060 1463 -
1089 1423 1429 1494 Quapmptcr
1456 1424 1753 1480 Tillemon-

197 1515 279 1571 tius
324 1530 630 1584 omnesque
683 1516 805 1584 ejus
845 1516 1134 1571 sententiae
1172 1517 1436 1579 faventes,
1485 1517 1752 1572 lsidorum

195 1618 313 1658 anno
332 1603 436 1659 469
468 1603 559 1657 vel
617 1605 722 1659 450
752 1605 896 1659 inter
926 1605 1077 1660 vivos
1127 1607 1305 1661 adhuc
1352 1606 1519 1662 luisse
1547 1623 1614 1661 ex
1671 1608 1755 1662 his

193 1694 402 1765 epistolis
436 1702 656 1749 temere
684 1695 967 1762 collegisse
995 1696 1272 1750 videntur.

1852 516 1939 569 ille
1970 525 2225 583 tanquam
2258 511 2363 575 vir,
2422 510 2581 579 cujus
2625 508 2895 580 cogitandi
2951 518 3008 563 et
3055 508 3249 578 agendi
3300 508 3439 561 ratio

1849 607 2092 677 dignitati
2122 621 2235 660 sua:
2278 618 2503 674 poor-sus
2540 601 2855 663 conveniat.
2885 600 2954 655 ab
2992 599 3248 654 omnibus
3284 599 3438 653 cele-

1853 702 2058 763 hretur;
2088 698 2176 753 hic
2207 706 2463 765 tanquam
2487 694 2705 764 spurius
2730 701 2956 747 notetur
2980 691 3189 761 talique
3204 705 3436 744 munere

1852 792 2125 861 indignus.
2164 809 2181 842 ι
2219 788 2278 843 In
2318 789 2420 842 hac
2441 802 2572 842 vero
2608 786 2673 840 ad
2706 785 2985 839 Zenonem
3010 783 3241 853 epistola
3268 781 3440 838 sicde

1854 884 2192 953 Hermogene
2225 881 2501 950 loquitur:
2551 897 2570 932 ‹
2606 879 2975 947 Hermogenes
3034 876 3325 945 episcopus
3357 874 3440 929 vir

1854 977 2055 1046 probus
2077 982 2179 1036 est,
2207 973 2251 1026 si
2285 972 2408 1041 quis
2456 971 2614 1026 alius.
2647 969 2920 1023 Educatus
2950 968 3096 1022 enim
3141 968 3194 1021 in
3234 966 3438 1023 Christi

1859 1066 2001 1135 lege,
2029 1063 2293 1133 exemplis
2316 1062 2628 1132 apostolicis
2653 1059 2951 1121 institutus,
2979 1058 3237 1128 episeopo
3279 1058 3439 1128 digna

1853 1158 2094 1214 sentitet
2137 1156 2472 1225 exsequitur.
2497 1154 2677 1219 Quare
2708 1151 3051 1221 temporibus
3103 1150 3437 1205 convenien-

1855 1259 1962 1305 tem
1985 1247 2207 1320 gloriam
2252 1255 2536 1301 asseeutus
2591 1253 2676 1299 est
2699 1252 2755 1298 et
2778 1244 3039 1297 honorem
3072 1241 3180 1311 (h).
3235 1241 3439 1296 Invidia

1853 1339 2023 1404 enim,
2052 1354 2173 1409 quae
2209 1337 2342 1391 alios
2370 1336 2571 1391 virtute
2591 1334 2847 1404 pmditos
2875 1333 3050 1403 palam
3088 1332 3227 1386 solet
3261 1347 3437 1401 oppu-

1862 1446 2049 1502 gnare,
2080 1431 2247 1497 hunc,
2278 1438 2503 1498 propter
2536 1425 2910 1480 incredibilem
2946 1438 3157 1478 morum
3178 1438 3435 1477 mansne-

1857 1524 2101 1578 tudinem
2152 1537 2217 1577 ac
2270 1520 2598 1590 singularem
2652 1516 2995 1579 modestiam,
3041 1531 3112 1570 ne
3188 1515 3437 1584 aspicere

1855 1607 2074 1677 quidem
2105 1605 2287 1661 audet.
2323 1623 2341 1655 ι
2373 1633 2442 1643 -
2488 1599 2716 1670 Reliqua
2764 1608 2825 1656 ut
2881 1599 3144 1655 addamus
3195 1614 3305 1653 non
3356 1607 3441 1655 εει

1856 1713 2118 1753 necesse:
2151 1696 2273 1768 qua:
2297 1695 2446 1751 enim
2477 1695 2638 1749 allata
2660 1700 2789 1747 sunt
2820 1691 2951 1747 satis
2991 1706 3264 1762 superque
3308 1704 3438 1761 pro-

249 1784 343 1840 Sed
383 1785 642 1840 etiamin
666 1800 733 1839 eo
772 1784 979 1840 fallitur
1008 1786 1099 1840 ille
1137 1787 1237 1857 (ά),
1266 1788 1409 1858 quod
1448 1803 1513 1843 ex
1558 1787 1748 1843 lsidori
1785 1809 1824 1863 Β
1853 1790 1983 1843 bant
2012 1788 2277 1844 Isidorum
2327 1786 2494 1841 haece
2535 1784 2591 1839 in
2644 1783 2873 1853 epistola
2925 1797 3039 1837 non
3083 1781 3151 1836 de
3190 1779 3355 1852 gloria
3385 1788 3440 1834 et

194 1873 354 1927 litteris
382 1872 449 1927 ad
506 1872 847 1928 Marcionem
902 1875 1274 1945 presbyterum
1330 1877 1399 1946 (e)
1459 1886 1515 1932 et
1584 1877 1755 1933 Zeno-

193 1980 294 2018 nem
326 1954 565 2035 (n'datis
600 1979 863 2035 apparere
892 1965 1208 2030 arbitratur,
1241 1982 1367 2020 eum
1412 1967 1753 2039 Hermogene

191 2053 555 2109 Rhinocorurae
584 2055 848 2125 episcopo
867 2055 976 2125 jam
1011 2066 1224 2111 mortuo
1256 2058 1398 2112 diem
1438 2074 1753 2128 supremum

192 2147 381 2201 abiisse.
421 2145 481 2199 In
510 2145 612 2201 illa
643 2146 792 2201 enim
838 2148 978 2202 duos
1010 2148 1320 2217 episcopos.
1358 2148 1754 2221 Hermogenem

194 2237 367 2291 scilicet
380 2238 559 2291 virum
581 2237 736 2308 pium
754 2237 1099 2308 justumque,
1131 2256 1255 2294 eum
1282 2240 1513 2295 Eusebio
1536 2242 1757 2297 homine

201 2344 341 2397 pravo
354 2338 407 2383 et
423 2330 693 2393 scelesto,
711 2340 991 2399 comparat
1020 2340 1209 2385 auctor
1230 2332 1285 2383 in
1314 2331 1460 2384 hunc
1489 2332 1709 2386 modum
1739 2351 1752 2387 :

201 2438 217 2470 ‹
248 2418 338 2483 Qui
376 2421 583 2475 virtute
640 2419 828 2475 clarus
865 2429 969 2485 est,
1000 2420 1046 2474 is
1086 2420 1361 2491 geminum
1408 2421 1638 2475 habetur
1666 2436 1756 2475 sa-

198 2511 387 2566 cerdotii
416 2511 589 2566 decus
612 2520 673 2565 et
702 2521 1125 2577 ornamentum;
1156 2510 1250 2581 qui
1285 2526 1413 2567 vero
1436 2512 1756 2567 sacerdotali

200 2618 391 2658 munere
431 2603 666 2658 functus
706 2602 823 2657 solo
866 2610 1040 2657 tumet
1088 2604 1315 2668 honore,
1360 2604 1405 2659 is
1451 2619 1640 2659 revera
1687 2604 1757 2659 ad

200 2695 379 2765 spurius
419 2695 666 2766 rejectus
705 2704 811 2751 est.
867 2696 1054 2765 Itaque
1108 2696 1475 2767 Hermogenes
1526 2697 1610 2750 vir
1649 2696 1759 2753 Deo

201 2799 421 2858 acceptus
448 2787 776 2857 dignitatem
808 2788 1013 2857 recepit
1042 2788 1225 2843 virtuti
1272 2803 1386 2843 suae
1427 2788 1760 2843 convenien-

203 2879 405 2950 tcmtg).
435 2879 518 2934 Ad
566 2879 890 2934 facultatem
916 2881 1062 2935 enim
1114 2888 1403 2950 utramque
1457 2880 1757 2947 contendit,

202 2977 296 3024 tum
348 2971 639 3027 sacerdotii
693 2983 1080 3027 ornamentum
1140 2972 1368 3044 dignum
1431 2980 1760 3028 consecutus

204 3068 299 3116 tum
335 3062 548 3118 virtutis
567 3063 947 3132 majestatem,
998 3079 1030 3118 a
1077 3063 1259 3119 divina
1302 3066 1472 3135 gratia
1519 3062 1759 3118 debitam

1857 1881 2064 1935 honore
2097 1893 2258 1948 quem
2311 1877 2400 1931 ille
2434 1876 2486 1930 iu
2539 1875 2720 1929 futura
2766 1875 2897 1937 vita,
2945 1872 3041 1928 sed
3084 1872 3153 1927 de
3208 1873 3354 1941 justa
3384 1880 3441 1926 et

1861 1971 2054 2026 merita
2082 1986 2243 2041 agere
2278 1968 2468 2041 gloria,
2494 1982 2656 2038 quam
2684 1965 3050 2036 Hermogenes
3077 1963 3219 2034 apud
3250 1977 3441 2017 omnes

1858 2069 2187 2115 Consecutus
2240 2060 2313 2113 sit
2366 2057 2646 2113 mortales.
2702 2054 2952 2110 leestis
3025 2054 3172 2109 enim
3232 2062 3289 2108 et
3334 2067 3440 2122 qua

1856 2150 2059 2220 probus
2083 2149 2315 2219 quisque
2362 2146 2503 2217 apud
2560 2147 2729 2200 Deum
2755 2144 2954 2215 gaudet
2997 2143 3147 2206 omni
3183 2143 3438 2213 superior

1857 2250 1942 2298 est
1969 2241 2187 2296 invidia.
2224 2269 2294 2280 υ-
2334 2239 2477 2311 Ergo
2510 2238 2587 2292 uti
2636 2252 2703 2291 ex
2739 2235 2842 2298 illis
2881 2234 3129 2305 epistolis
3177 2234 3440 2289 lsidorum

1856 2334 2186 2390 Pelusiotam
2214 2346 2359 2385 anno
2400 2328 2527 2393 449,
2580 2327 2666 2382 vel
2712 2326 2838 2383 450.
2872 2326 3015 2379 inter
3062 2324 3218 2379 vivos
3246 2323 3439 2378 etiam-

1858 2433 1973 2479 tum
2016 2422 2183 2476 l'uisse
2212 2435 2321 2474 non
2357 2417 2732 2486 consequitur,
2787 2416 2861 2469 ita
2902 2430 2966 2469 ex
3014 2414 3099 2467 his
3143 2428 3268 2467 eum
3320 2419 3444 2482 post

1857 2512 2211 2585 Hermogenis
2228 2519 2457 2566 mortem
2474 2508 2620 2565 diem
2649 2522 2966 2579 supremqu
2992 2504 3195 2560 obiisse
3223 2502 3439 2575 probari

1858 2606 2069 2676 nequit.

1944 2697 2050 2752 Sed
2110 2710 2238 2752 cum
2287 2692 2541 2764 equidem
2591 2691 2647 2746 in
2688 2690 2809 2761 ejus
2851 2687 3100 2760 epistolis
3148 2685 3284 2743 nihil
3333 2701 3445 2755 quo

1863 2790 1982 2846 haec
2046 2788 2110 2843 Iis
2163 2786 2390 2841 omnino
2430 2782 2619 2839 dirimi
2680 2781 2876 2853 possit,
2930 2779 3258 2843 invenerim,
3310 2778 3442 2833 satis

1858 2880 2037 2936 habeo
2087 2877 2368 2949 probasse,
2417 2891 2543 2931 eum
2579 2883 2705 2945 post
2740 2888 2945 2928 annum
2977 2870 3101 2936 454,
3130 2885 3254 2924 esse
3294 2886 3440 2922 mor—

1862 2982 2036 3028 tuum.
2085 2969 2497 3025 Accuratiorem
2545 2982 2676 3021 vero
2726 2965 2856 3021 anni
2898 2964 3063 3034 hujus
3110 2962 3211 3018 viri
3265 2961 3443 3016 fatalis

1858 3063 2232 3119 deﬁnitionem
2273 3058 2404 3115 viris
2448 3067 2504 3119 et
2551 3054 2922 3128 sagacioribus
2985 3063 3043 3113 et
3101 3052 3442 3109 doctioribus

204 3154 553 3210 accessionem.
619 3152 696 3210 At
746 3153 1015 3210 Eusebius
1047 3155 1159 3210 Deo
1206 3154 1439 3209 infestus
1497 3147 1826 3223 omniqueC
1860 3154 2130 3224 relinquo.

259 3331 336 3402 (α)
372 3331 490 3402 ipse
538 3331 932 3387 Tillemontius
983 3330 1037 3386 in
1065 3330 1337 3402 _Historiae
1382 3329 1755 3402 ecclesiastica:

259 3347 326 3402 (α)
375 3347 490 3456 we
538 3347 932 3387 'l'memonuus
984 3347 1037 3386 In
1093 3347 1337 3384 maiorue
1382 3347 1755 3384 ecclesiastica:

203 3409 308 3456 tom.
328 3401 371 3456 Χ
418 3442 436 3469 ,
460 3418 513 3469 p.
544 3403 691 3465 113,
724 3411 827 3455 art.
874 3416 995 3457 vur.
1029 3400 1189 3455 allata
1216 3402 1397 3455 hzecee
1428 3402 1494 3454 ad
1526 3399 1755 3454 Hermo-

203 3488 362 3540 genem
391 3470 651 3543 epistola,
671 3471 870 3543 scribit
897 3490 911 3526 :
941 3470 1205 3527 Auroit-il
1241 3470 1393 3541 parlé
1421 3471 1488 3525 de
1520 3470 1586 3539 la.
1608 3478 1755 3524 sorte

204 3544 257 3598 de
284 3543 410 3614 saint
426 3542 687 3614 ’Cyrille?

260 3614 321 3683 (ο)
349 3613 461 3667 Lib.
482 3610 526 3677 ἰ,
553 3628 653 3682 ep.
674 3611 815 3683 324,
862 3611 931 3668 de
955 3626 1061 3681 qua
1092 3611 1277 3683 Lupus
1310 3625 1527 3680 quoque
1560 3610 1614 3683 i_n
1647 3625 1751 3683 no-

207 3680 334 3737 tis‘a‘d
356 3680 636 3737 variorum
662 3682 881 3737 Patrum
913 3680 1171 3750 epistolas
1196 3682 1231 3734 Ι.
1256 3697 1305 3734 c.
1340 3683 1455 3735 haec
1485 3680 1706 3750 scripsit
1731 3698 1744 3733 :

206 3752 267 3825 S._
298 3752 513 3825 Cyrillus
545 3753 684 3807 licet
717 3768 813 3806 sua
860 3752 1098 3825 capitula
1153 3751 1747 3825 anathematizare‘aut

207 3820 487 3878 solemniter
530 3833 827 3877 recantare
856 3820 1115 3880 noluerit.
1152 3837 1214 3875 ea
1240 3831 1421 3875 tamen
1445 3831 1502 3875 et
1529 3821 1583 3873 in
1609 3820 1750 3875 datis

207 3894 261 3947 ad
277 3894 514 3948 Acacium
546 3892 977 3956 Berrhoensem,
1008 3907 1071 3946 ac
1094 3891 1224 3945 item
1253 3892 1318 3945 ad
1342 3890 1606 3945 Joannem
1640 3892 1750 3942 An-

207 3964 484 4017 tiochenum
514 3963 721 4017 litteris
742 4005 757 4022 .
782 3971 839 4017 et
873 3964 988 4017 suis
1020 3978 1146 4017 cum
1177 3962 1339 4014 I’aulo
1372 3960 1639 4014 Emeseno
1666 3975 1755 4013 ac-

208 4032 278 4097 tis,
311 4043 386 4087 est
407 4034 657 4088 suaviter
687 4033 1019 4086 moderatus.
1063 4032 1201 4085 Hinc
1235 4032 1289 4085 in
1316 4031 1592 4100 publicum
1626 4040 1757 4084 tum:

206 4117 393 4171 sparsus
418 4104 518 4158 fuit
547 4118 740 4156 rumor
767 4103 835 4156 de
860 4102 1043 4171 Cyrilli
1077 4101 1421 4171 paenitentia.
1468 4101 1603 4153 Item
1655 4101 1757 4153 sub

208 4173 393 4228 nomine
410 4173 652 4242 Philippi
668 4174 926 4227 Romana:
945 4172 1197 4225 Ecclesiae
1228 4171 1525 4242 presbyteri
1545 4179 1601 4242 et
1625 4185 1758 4238 apo-

208 4244 355 4297 stolici
387 4244 525 4314 apud
557 4240 837 4313 Ephesum
862 4243 1039 4311 legati,
1063 4256 1249 4314 sparsa
1286 4242 1381 4295 fuit
1413 4240 1639 4314 epistola
1671 4257 1759 4294 as-

207 4311 435 4367 severans
466 4311 682 4368 Sixtum
719 4314 1029 4381 pontiﬁcem
1049 4311 1265 4380 quidem
1296 4312 1645 4381 continuasse
1671 4326 1760 4379 pa-

1863 3327 2155 3399 xo1_axslac
2185 3326 2405 3399 φανήσῃ
2442 3323 2834 3399 ῥπειξθυνοςηῆ
2869 3319 3156 3399 εὐχερείας
3176 3318 3440 3399 —_Chat.

1862 3389 2210 3453 etRittershZ
2236 3389 2519 3467 εὑέερξίας
2550 3395 2583 3464 ἢ
2613 3424 2680 3467 ῖ-
2717 3389 3185 3467 διᾲιὶονοξίκενῆς
3221 3389 3440 3467 μὲν-’δό-

1864 3468 1974 3553 ξης,
1996 3458 2466 3553 ἡγτώιξξγοέξίὲὦν
2493 3458 2742 3553 psi-{ilum
2767 3464 2824 3516 δὲ
2840 3494 2911 3548 -τ
2926 3463 3080 3516 abest
3099 3458 3279 3553 a’Lcod.
3310 3458 3441 3553 Βδνὸ

1857 3528 2121 3606 ξ’ἀγϊων
2151 3528 2401 3606 ἆθληξῶν
2431 3528 2559 3606 τοὺς
2574 3528 2591 3606 '1
2601 3534 2820 3606 ἀγῶνας
2859 3535 2920 3587 οὐ
2954 3530 3367 3606 μιμηεάμενρςν,
3390 3528 3443 3583 οἳ

1854 3609 1946 3661 τὸν
1976 3599 2194 3663 ἅπαντα
2245 3599 2358 3677 β’ίον
2390 3607 2477 3677 ἐπέ
2513 3599 2798 3677 aucupia;
2838 3599 3236 3677 —_c0d._§av.
3284 3599 3445 3677 dno-

1853 3678 2033 3750 τρίαις
2056 3707 2128 3750 —_—
2157 3670 2543 3750 κᾳδὶθυχεζσθαι
2575 3670 2893 3750 {inenervem
2922 3672 2956 3742 ἢ
2988 3670 3278 3736 κακόδοξον
3318 3670 3444 3741 φρά-

1853 3744 2004 3819 νήμα
2032 3748 2137 3819 {iv
2168 3744 2543 3819 péxpteé'itmv
2565 3744 2927 3819 εἰσδέξαςι-Θαιἒ

1928 3809 2006 3886 id)
2039 3809 2327 3873 Tiuémiim
2362 3816 2503 3871 Hist.
2554 3815 2680 3870 ecel.
2722 3825 2854 3870 tom.
2916 3812 3035 3879 XV,
3084 3827 3140 3883 p.
3195 3811 3320 3875 117,
3366 3809 3442 3865 ei.

1858 3904 1914 3960 p.
1942 3889 2173 3960 18,_not.
2207 3888 2262 3942 4.

1930 3960 2003 4028 (e)
2041 3957 2159 4012 Lib.
2187 3975 2243 4023 v,
2268 3972 2358 4026 ep.
2393 3955 2519 4011 578.

1931 4030 1996 4098 (f)
2032 4028 2152 4082 Lib.
2188 4045 2239 4091 v,
2273 4043 2361 4096 ep.
2396 4028 2521 4098 466,

1927 4087 2005 4164 (iii
2041 4100 2113 4151 Ex
2154 4087 2273 4159 his,
2303 4087 2360 4150 iii
2393 4096 2567 4158 fallor,
2593 4093 2775 4149 verbis
2808 4092 3191 4147 Tillemontius
3221 4087 3444 4164 collegit

1859 4160 2120 4221 Isidorum
2146 4168 2214 4221 de
2233 4177 2449 4221 mortuo
2477 4164 2817 4235 Hermogene
2839 4164 3080 4235 locutum
3097 4177 3239 4235 esse.
3265 4160 3446 4223 Q'uare

1864 4238 2030 4292 verba
2060 4254 2232 4304 grzeca
2267 4237 2539 4304 ascribere
2573 4233 2811 4289 non'abs
2846 4249 2905 4287 re
2936 4234 3059 4287 erit.
3092 4233 3234 4304 Sunt
3256 4240 3444 4304 autem

1862 4308 1980 4362 haec
2020 4325 2033 4361 :
2062 4299 2224 4359 Ἒπεὶ
2272 4302 2367 4359 οὖν
2392 4308 2420 4360 ὁ
2454 4306 2552 4374 μὲν
2583 4302 3215 4375 θεοφιλὴςᾼἙρμογένης
3246 4299 3444 4370 ὁμολο-

208 4396 325 4451 rem,
356 4386 686 4451 expunxisse
715 4372 895 4437 tamen
934 4372 1343 4436 damnationem
1378 4372 1754 4451 Nestorijn'lta

1863 4378 2148 4451 γοῦσαγ-τῇ
2185 4380 2351 4451 apes-il
2394 4372 2487 4451 x1).
2518 4375 2616 4444 τὴν
2647 4372 2805 4451 diis»)
2841 4372 2987 4451 ἔσχε.τ

209 4450 303 4518 ipse
334 4449 559 4523 Cyrillus
583 4453 836 4523 queritur
869 4453 925 4523 in
946 4452 1156 4523 litteris
1182 4451 1251 4504 ad
1272 4451 1530 4523 Acacium
1562 4449 1758 4503 Meliti-

209 4521 403 4577 nensem
468 4534 519 4579 et
590 4521 860 4577 Donatum
914 4521 1355 4589 Nicopolitanum
1419 4521 1756 4590 episcopum.

212 4590 313 4663 liget:
346 4594 503 4663 igitur
552 4593 745 4663 oumia
800 4592 991 4647 videns
1040 4601 1098 4644 et
1137 4591 1494 4663 considerans
1531 4605 1759 4663 magnus

212 4661 284 4714 ille
306 4661 597 4718 monachus
629 4662 867 4717 Isidorus
902 4691 969 4700 —
1000 4670 1225 4731 paterno
1245 4661 1368 4729 jure
1399 4662 1548 4714 illum
1573 4662 1763 4713 admo-

215 4734 338 4796 nuit,
364 4743 419 4787 ut
452 4745 599 4789 esset
643 4733 888 4803 prudens
918 4743 972 4803 et
1017 4740 1425 4803 euilstalls._t1t
1473 4746 1757 4803 sermones

217 4816 321 4855 suos
344 4800 684 4874 dispensaret
702 4804 754 4856 in
771 4802 1002 4874 judicio,
1036 4810 1098 4854 ut
1131 4816 1238 4852 non
1265 4800 1542 4874 videretur
1562 4800 1759 4854 docere

216 4870 482 4982 :uutraria,
518 4886 578 4928 ut
609 4874 731 4929 istis
769 4871 1079 4927 rumoribus
1114 4886 1223 4924 non
1268 4870 1426 4925 daret
1471 4886 1635 4924 ansas
1664 4878 1761 4922 aut

234 4956 420 4982 (“"0le

224 4956 441 4997 unnenta.

276 5014 333 5082 (r)
354 5013 517 5068 Verba
544 5014 730 5069 Gneca
752 5013 834 5067 sic
851 5027 910 5082 se
937 5011 1137 5082 habent
1162 5028 1175 5062 :
1203 5010 1324 5082 Χρή
1357 5026 1438 5082 qs,
1468 5008 1759 5082 θαυμάσιε,

220 5080 451 5154 ἄτρεπτον
488 5087 671 5154 μένειν
706 5085 814 5144 ἀεὶ,
856 5081 980 5154 οὔτε
1020 5080 1169 5150 φόϐῳ
1200 5080 1517 5154 προδιδόνῖὲ
1549 5080 1618 5154 τᾷ
1661 5080 1759 5154 οὺς

224 5152 371 5223 ρᾲνιει.
401 5148 522 5207 οὖτὲ
561 5154 742 5223 σαυτῷ
787 5148 1042 5207 ἐναντίοιί
1063 5148 1421 5223 φᾳὶνόμςνονε
1456 5151 1516 5223 Et
1548 5150 1656 5218 γὰρ
1686 5148 1757 5223 τᾲ

223 5217 299 5274 νῦν
325 5226 670 5297 γεγραμμένα
696 5217 779 5279 ἀοι
804 5226 915 5286 τοῖς
955 5217 1240 5295 ﬁgo-ﬁgor:
1267 5217 1698 5287 ἁντεξετάσειάς,
1724 5217 1758 5288 ἢ

1933 4450 2012 4510 (Ii)
2043 4440 2189 4510 Haec,
2225 4440 2288 4501 "ni
2319 4440 2503 4501 omnia
2532 4440 2619 4499 me
2656 4444 2846 4497 fallunt
2878 4440 3062 4505 verba,
3104 4440 3446 4497 induxerunt

1860 4517 2267 4571 Tillemontium
2292 4557 2307 4580 ,
2351 4525 2411 4570 ut
2457 4516 2600 4568 hanc
2631 4530 2732 4583 pro
2768 4529 2864 4569 sua
2901 4512 3175 4583 sententia
3220 4510 3447 4583 aﬂerret

1858 4588 2165 4657 epistolam.
2198 4588 2337 4641 Sunt
2361 4596 2546 4657 autem
2572 4581 2686 4639 haec
2719 4603 2731 4638 :
2766 4582 3105 4657 ’Egthorrjj;
3126 4582 3181 4634 δὲ
3199 4581 3327 4657 ᾇξια
3352 4581 3449 4657 xei.

1862 4652 2143 4727 φ’ρονήσας
2193 4659 2288 4710 καὶ
2339 4656 2589 4727 πράξας..
2638 4653 2963 4727 συνηὸὢσαγ
2991 4652 3070 4727 τῷ
3116 4653 3296 4727 χρόνῳ
3325 4652 3446 4727 ἰὴν

1862 4675 2143 4780 (pauenda;
2193 4675 2288 4710 και
2339 4675 2589 4724 πραςας,
2638 4675 2963 4722 συνηοωσαν
2991 4675 3070 4721 τῳ
3116 4675 3296 4723 χρονῳ
3344 4675 3444 4720 την

1857 4729 1885 4779 δ
1920 4728 2017 4793 ξαν
2050 4728 2144 4779 καί
2172 4728 2270 4796 τὴν
2302 4726 2467 4796 τιμὴν
2515 4725 2802 4796 κέκτητᾳιᾼ.
2834 4755 2898 4763 ——
2925 4723 3112 4796 Codd:
3144 4724 3262 4796 Vat.
3317 4721 3444 4775 650.

1858 4792 2059 4852 ειᾺΙι.
2101 4792 2371 4851 inserunt
2398 4792 2541 4850 inter
2578 4792 2901 4863 συνὴϐὦσαν
2949 4801 3004 4863 et
3046 4792 3123 4863 τῷ
3163 4793 3345 4862 χρόνῳ
3376 4821 3447 4829 —

1859 4869 2313 4937 συνακμὰζουσαν
2338 4906 2351 4928 ,
2383 4866 2527 4934 quod
2580 4862 2909 4937 vocabulum
2954 4862 3149 4937 Petrus
3182 4863 3446 4916 Pessinus

1859 4953 1989 4991 voce
2020 4934 2113 4989 icti.
2138 4952 2263 4990 eum
2294 4934 3204 5002 antecedentibuseonjungendum
3231 4941 3442 5002 censet,

1857 5007 1930 5061 ita
1980 5016 2039 5061 ut
2085 5016 2229 5061 totus
2273 5006 2425 5059 locus
2464 5006 2543 5059 sic
2593 5021 2652 5059 se
2687 5000 2883 5059 habent
2927 5022 2940 5057 :
2978 5001 3301 5073 συνηϐῶσαν
3346 5000 3445 5053 καὶ

1862 5076 2323 5146 συνακμὰζουσαν
2353 5074 2429 5145 τῷ
2458 5074 2657 5146 χρόνω,
2705 5074 2973 5146 Equidem
3021 5073 3251 5146 verbum
3312 5087 3443 5146 epy-

1856 5140 2232 5217 ακμόιξὸυσαν,
2253 5140 2630 5217 quod'addunt
2661 5140 2821 5203 codd.
2859 5144 2967 5210 illi,
2993 5142 3261 5215 glossema
3292 5140 3440 5195 arbi-

1870 5226 2006 5273 tror.
