3924 6416
488 274 553 342 31
1615 285 2279 349 COMMENTATIONIS
2313 289 2505 349 PARS
2540 291 2621 351 lI.
3672 281 3758 349 ἓξ

519 430 2259 458 Μ

1531 603 1885 718 PARS
1964 607 2672 723 SECUNDA.

1466 823 1557 880 DE
1613 828 1926 886 SCRIPTIS
1983 829 2234 887 ISIDORI
2282 829 2721 888 PELUSIO'I‘E.

558 1124 798 1183 Isidorus
840 1128 1110 1184 Pelusiota
1151 1138 1349 1200 praeter
1407 1131 1687 1203 epistolas,
1744 1136 1813 1191 de
1856 1138 2054 1207 quibus
2082 1148 2126 1203 Α
2155 1139 2463 1195 exstiterint
2486 1139 2629 1206 libri,
2665 1155 2894 1211 quorum
2932 1140 2988 1194 in
3016 1140 3121 1195 hoe
3167 1148 3355 1195 contra
3401 1138 3647 1204 Graacos,
3688 1137 3754 1191 in

489 1218 664 1274 fusius
706 1234 927 1291 agemus
956 1228 1166 1289 postea,
1220 1221 1354 1276 alios
1401 1237 1638 1293 quoque,
1684 1226 1778 1294 qui
1821 1243 1931 1281 non
1989 1229 2057 1283 ad

489 1318 729 1364 nostram
795 1324 966 1379 usque
1019 1320 1387 1379 pervenerunt
1438 1321 1674 1379 a'tatem,
1731 1318 2059 1387 conscripsit

489 1400 689 1464 libros;
712 1401 853 1469 quod
875 1409 933 1455 ut
956 1402 1249 1470 probemus
1280 1403 1346 1457 ad
1371 1402 1552 1459 Suidze
1595 1405 1669 1476 (α)
1705 1415 1761 1461 et
1788 1406 2058 1477 Nicepho-

490 1491 534 1545 ri
566 1491 637 1561 (ὁ)
672 1492 1049 1546 auctoritatem
1090 1492 1335 1563 refugere
1370 1510 1479 1548 non
1517 1512 1741 1551 necesse
1770 1506 1873 1561 est,
1932 1514 2057 1553 cum

490 1585 605 1656 ipse
636 1587 829 1640 librum
855 1602 1013 1641 suum
1045 1587 1292 1641 adversus
1323 1587 1527 1643 Gra'cos
1559 1591 1651 1659 bis
1676 1606 2059 1648 commemora-

490 1679 647 1733 verit.
672 1678 932 1733 Hermino
977 1679 1119 1733 enim
1151 1679 1335 1734 comiti
1375 1680 1443 1749 (c)
1476 1681 1759 1750 quaerenti,
1802 1684 1891 1753 qui
1942 1683 2055 1747 fiat,

488 1779 548 1822 ut
570 1768 877 1823 hominibus
906 1769 1166 1839 improbis
1192 1776 1247 1823 et
1275 1769 1518 1824 scelestis
1556 1771 1852 1841 saepissime
1875 1775 2058 1828 omnia

488 1862 597 1915 sint
637 1861 898 1927 secunda,
952 1861 1107 1931 probi
1148 1871 1333 1915 contra
1389 1871 1445 1916 et
1477 1863 1675 1931 pietate
1707 1864 1945 1935 insignes
1997 1865 2052 1920 in

485 1956 848 2011 acerbissimis
866 1965 1151 2010 versentur
1174 1956 1329 2011 malis
1351 1964 1405 2009 et
1428 1957 1847 2021 calamitatibus,
1873 1962 2061 2015 rescri-

486 2048 608 2102 bit:
650 2064 709 2103 se
751 2047 1020 2103 diﬁieilem
1066 2048 1206 2103 hanc
1258 2047 1615 2119 quaestionem
1674 2051 1734 2102 ὲν
1787 2051 1864 2122 τῷ
1923 2057 2061 2121 πρὸς

487 2139 757 2210 Ἕλληνας
814 2139 1078 2211 γραφέντι
1121 2139 1285 2208 λόγῳ,
1340 2149 1602 2210 quantum
1654 2140 1771 2196 fieri
1852 2152 2057 2212 posset,

486 2231 729 2286 solvisse.
758 2231 895 2286 Eum
926 2231 1114 2285 eodem
1160 2231 1211 2285 in
1245 2232 1381 2286 libro
1408 2232 1461 2286 in
1502 2232 1813 2288 Grzecorum
1868 2233 2060 2288 vatici-

486 2322 651 2377 nandi
683 2330 853 2376 artem
887 2322 1084 2376 acriter
1105 2322 1376 2376 inveetum
1406 2338 1546 2385 esse,
1576 2324 1777 2378 scimus
1814 2340 1877 2378 ex
1905 2325 2060 2378 initio

486 2412 728 2483 epistola:
757 2412 876 2481 ejus
909 2412 976 2465 ad
1025 2412 1354 2480 Harpocram
1387 2413 1683 2481 sophistam
1730 2412 1827 2484 (ά),
1876 2415 1931 2468 in
1955 2432 2059 2482 qua

2161 1231 2252 1285 illo
2299 1232 2366 1286 de
2412 1232 2520 1286 fato
2560 1233 2752 1302 egerit,
2805 1232 3075 1301 duplicem
3149 1232 3298 1286 hunc
3369 1231 3586 1285 titulum
3641 1229 3755 1283 uni

2161 1323 2444 1393 eidemque
2496 1324 2632 1378 libro
2671 1325 2809 1378 bene
2859 1324 3150 1379 convenire
3182 1339 3342 1393 posse
3406 1322 3751 1391 respondeo,

2162 1412 2451 1467 dummodo
2464 1411 2791 1481 accipiamus
2809 1411 3072 1465 Isidorum
3102 1411 3261 1479 λόγον
3283 1410 3421 1480 πρὸς
3458 1408 3756 1476 ’Έλληνας

2164 1503 2405 1575 περὶτοῦ
2443 1504 2516 1575 μὴ
2547 1502 2686 1557 εἶναι
2714 1504 3057 1575 εἱμαρμένην
3089 1503 3390 1557 confecisse
3429 1502 3511 1571 (ὅ).
3559 1502 3757 1568 Atque

2162 1596 2305 1663 quod
2336 1594 2491 1647 atl‘ert
2545 1591 2897 1646 IIeumannus
2945 1590 3047 1660 (j),
3096 1588 3187 1660 qui
3232 1588 3301 1643 ob
3354 1588 3405 1642 id
3443 1587 3646 1656 ipsum,
3689 1591 3757 1638 ut

2162 1686 2281 1754 ejus
2316 1694 2439 1739 utar
2484 1682 2686 1746 verbis,
2718 1681 2862 1751 quod
2902 1681 3102 1734 librum
3132 1680 3199 1734 de
3237 1678 3348 1732 fato
3376 1677 3613 1746 λογίδιον
3643 1691 3754 1746 po-

2165 1778 2271 1831 tius
2300 1792 2462 1846 quam
2499 1774 2655 1843 λόγον
2687 1772 2989 1827 vocandum
3025 1778 3212 1826 censet
3253 1769 3511 1831 Isidorus,
3547 1769 3619 1823 ab
3654 1769 3755 1822 illo

2163 1885 2323 1938 quem
2376 1876 2563 1921 contra
2622 1865 2836 1920 Grazcos
2884 1864 3119 1934 scripsit,
3179 1862 3262 1917 bis
3309 1862 3469 1931 λόγον
3515 1862 3755 1915 nomine

2164 1970 2435 2022 ornatum,
2476 1960 2748 2013 diversum
2796 1972 2917 2011 esse
2967 1956 3174 2015 statuit.
3230 1970 3335 2008 non
3386 1953 3561 2023 magni
3620 1967 3756 2005 mo-
3812 1978 3818 1983 ο

2164 2052 2330 2106 menti
2380 2060 2483 2105 est.
2536 2049 2668 2103 Nam
2722 2048 2961 2102 Isidorus
3002 2046 3070 2100 ab
3122 2046 3381 2099 Hermino
3413 2057 3757 2113 magnopere

2164 2143 2433 2205 laudatus,
2487 2157 2585 2211 pro
2630 2140 2848 2209 insigni,
2902 2154 3007 2208 qua
3036 2136 3308 2201 excelluit,
3340 2135 3606 2190 modestia
3647 2134 3754 2203 (It),

2165 2236 2363 2290 librum
2397 2249 2555 2288 suum
2592 2232 2692 2285 etsi
2724 2232 2883 2299 λόγου
2943 2230 3165 2283 nomine
3232 2229 3454 2300 dignum
3509 2226 3757 2294 λογίδιον

2164 2324 2437 2392 appellare
2468 2322 2660 2391 potuit.
2693 2320 2871 2385 Quare
2907 2318 2993 2372 his
3029 2316 3286 2372 omnibus
3319 2316 3528 2385 probari
3552 2316 3758 2384 nequit

2168 2416 2351 2470 Isidori
2384 2415 2628 2467 adversm
2655 2410 2863 2465 Grazcos
2896 2410 3248 2478 scriptionem
3290 2425 3319 2462 a
3357 2408 3493 2462 libro
3524 2407 3602 2461 De
3632 2408 3756 2475 fato

487 2502 555 2556 de
584 2503 684 2556 hac
712 2517 772 2556 re
802 2502 855 2555 in
872 2503 1017 2555 hunc
1044 2502 1283 2571 loquitur
1310 2504 1527 2557 modum
1556 2521 1569 2559 :
1605 2504 1732 2557 Ὀτι
1754 2508 1787 2575 ἡ
1826 2507 2062 2577 μαντικὴ
2098 2502 2138 2556 Β
2164 2508 2433 2561 diversam
2479 2521 2619 2560 esse.
2665 2502 2825 2568 Quid,
2877 2500 2921 2555 si
2976 2501 3097 2570 quis
3125 2509 3431 2569 propterea,
3484 2499 3752 2568 quoniam

488 2592 646 2655 ὕθλος
666 2588 731 2663 ἦν
750 2593 879 2664 παρ’
896 2592 1122 2661 Ἕλλησι
1143 2595 1235 2646 καὶ
1261 2595 1436 2665 μάτην
1457 2593 1785 2666 ἑορυλλείτο,
1807 2597 2070 2651 δέδεικται

492 2684 589 2754 μέν
621 2701 709 2755 μοι
745 2685 805 2735 ὲν
834 2682 910 2754 τῷ
967 2684 1105 2752 πρὸς
1150 2683 1418 2754 ’Έλληνας
1444 2683 1606 2755 λόγῳ.
1639 2686 1861 2740 Constat
1910 2687 2071 2757 igitur

488 2790 613 2829 eum
658 2784 845 2829 contra
901 2774 1117 2831 Graecos
1168 2775 1282 2829 sive
1334 2776 1561 2845 gentiles
1594 2779 1970 2846 composuisse
2000 2778 2067 2831 li-

488 2866 669 2932 brum;
697 2866 789 2922 sed
816 2876 996 2920 utrum
1020 2867 1105 2923 hic
1146 2867 1282 2922 liber
1308 2868 1376 2922 ab
1407 2867 1497 2922 illo
1532 2870 1662 2937 περὶ
1702 2867 1796 2920 τοῦ
1828 2868 1900 2939 μὴ
1932 2864 2070 2922 εἶναι

489 2958 852 3030 εἱμαρμένην,
904 2975 1065 3029 quem
1111 2959 1166 3014 in
1202 2960 1303 3014 alia
1337 2960 1402 3014 ad
1440 2961 1690 3014 eumdem
1743 2960 2062 3016 Ilerminum

489 3049 714 3119 epistola
747 3052 814 3119 (ε)
844 3049 1021 3113 εισθτι,
1053 3049 1323 3114 diversus,
1360 3067 1427 3105 an
1456 3051 1598 3105 idem
1629 3052 1718 3115 sit,
1743 3066 1882 3105 nova
1918 3051 2067 3106 vide-

491 3149 581 3194 tttr
602 3140 841 3211 indigere
870 3140 1267 3209 disquisitione.
1310 3140 1573 3197 Eumdem
1610 3157 1731 3196 esse
1771 3135 2070 3196 arbitratur

489 3229 924 3285 Ritthershusius
952 3231 1051 3300 (fi,
1083 3246 1320 3300 quocum
1362 3232 1628 3301 Dupinius
1661 3231 1739 3301 (g)
1772 3233 2067 3297 consentit,

490 3321 585 3389 qui
607 3337 672 3376 ex
701 3321 870 3391 ipsius
899 3321 1089 3376 Isidori
1117 3323 1295 3376 verbis
1320 3323 1466 3377 hunc
1498 3324 1671 3378 tribus
1688 3325 1931 3394 epistolis
1965 3324 2069 3380 illis

491 3412 560 3466 de
583 3428 691 3465 uno
720 3413 963 3481 ejusdem
1020 3415 1324 3483 argumenti
1379 3415 1517 3469 libro
1578 3416 1751 3486 egisse
1809 3418 2069 3471 audacter

493 3503 687 3572 arguit.
719 3503 889 3573 Negat
922 3502 1202 3559 Fabricius
1232 3506 1331 3574 (li),
1366 3506 1455 3575 qui
1488 3522 1553 3560 ex
1590 3516 1909 3578 argumento
1946 3509 2063 3563 libri

492 3594 741 3648 adversm
809 3593 1041 3663 Gra'cos,
1096 3613 1126 3651 a
1178 3614 1284 3661 me,
1350 3611 1620 3668 quantum
1682 3600 1797 3653 ﬁeri
1866 3609 2066 3669 potest,

493 3685 758 3754 exposito,
791 3687 1121 3740 contrarium
1151 3688 1445 3758 eolligit.—
1478 3688 1584 3743 Sed
1630 3689 1865 3751 libellus,
1907 3705 2067 3759 quem

494 3774 731 3829 Isidorus
778 3776 852 3829 De
880 3776 991 3838 [ato
1045 3778 1282 3847 scripsit,
1334 3791 1520 3833 contra
1554 3780 1803 3835 ethnicos
1835 3781 2069 3849 scriptus

496 3866 615 3931 fuit,
643 3868 697 3922 in
723 3883 895 3939 eoque
939 3870 1076 3924 libro
1102 3881 1286 3925 contra
1314 3873 1558 3943 gentiles,
1609 3875 1660 3926 in
1685 3889 1812 3943 quo,
1850 3873 1925 3927 uti
1953 3873 2064 3941 jam
2095 3856 2135 3914 Ο

495 3957 752 4023 diximus,
796 3962 862 4014 de
900 3960 1109 4030 piorum
1162 3962 1442 4016 hominum
1473 3964 1711 4027 miseria,
1744 3979 2067 4033 pravorum-

494 4066 601 4120 que
629 4051 883 4107 felicitate
919 4053 1203 4124 agebatur,
1245 4062 1469 4122 optuma
1510 4055 1629 4109 sine
1664 4056 1828 4110 dubio
1859 4056 1925 4110 de
1957 4055 2066 4110 fato

498 4140 712 4195 dicendi
768 4142 865 4195 fuit
892 4143 1123 4197 occasio.
1153 4173 1223 4182 —
1277 4142 1459 4208 Quare
1510 4161 1572 4198 ex
1624 4146 1908 4214 utriusque
1938 4145 2062 4200 libri

497 4242 816 4302 argumento
870 4233 1045 4303 colligi
1101 4251 1208 4287 non
1246 4235 1373 4289 licet
1421 4246 1712 4305 utrumque
1756 4237 1949 4290 librum
1982 4236 2064 4289 in-

500 4331 582 4377 ter
609 4340 667 4377 se
719 4324 885 4378 fuisse
931 4324 1247 4390 diversum;
1292 4342 1468 4395 neque
1508 4335 1689 4380 tamen
1731 4326 2063 4380 contrarium

498 4415 624 4469 inde
648 4416 901 4486 consequi
948 4416 1198 4470 lubenter
1250 4417 1441 4470 fateor.
1481 4417 1634 4482 Quod
1667 4417 1710 4470 si
1742 4433 1871 4471 vero
1912 4418 2067 4486 quis-

499 4506 643 4576 piam
702 4506 829 4559 mihi
859 4506 1097 4575 objieiat,
1146 4505 1407 4559 Isidorum
1443 4506 1580 4560 duos
1608 4506 1855 4561 attulisse
1899 4507 2066 4559 libro-

498 4614 619 4652 rum
668 4598 868 4663 tilulos,
930 4612 1059 4669 ergo
1113 4613 1339 4653 necesse
1396 4613 1517 4652 esse
1570 4605 1628 4651 ut
1684 4599 1794 4653 duo
1852 4614 2069 4669 quoque

573 4773 836 4847 (aiSuid.
866 4773 1151 4847 Ἰσίδωρος,
1176 4774 1370 4845 inquit,
1394 4803 1465 4812 —
1482 4774 1775 4838 ἐπιστολὰς
1798 4775 2066 4847 γέγραφε,

500 4846 598 4899 καὶ
633 4844 768 4897 ἄλλα
800 4845 938 4899 τινὰ.

573 4915 656 4986 (ιι
693 4912 918 4981 Niceph.
941 4916 1090 4986 Allist.
1126 4916 1269 4986 eccl.
1306 4915 1400 4971 lib.
1433 4930 1693 4986 xrv.reap.
1724 4916 1829 4970 55:
1860 4916 1966 4986 Καὶ
1997 4916 2062 4986 δὴ

500 4984 673 5056 ⁴κολλὰ
699 4986 798 5056 μὲν
824 4984 972 5054 αὑτῷ
1007 4985 1219 5056 ἐγράφη
1244 4985 1508 5055 ὠφελείας
1541 4985 1759 5056 ἁπάσης
1801 4985 2023 5056 ἐμπλεω
2049 4984 2062 5013 ³

504 5055 739 5125 μάλιστα
759 5054 815 5107 δὲ
846 5055 1144 5125 ἐπιστολᾳί.

574 5125 642 5191 (c)
668 5124 782 5177 Lib.
818 5140 876 5183 ll,
909 5141 997 5193 ep.
1032 5124 1153 5178 187.

638 5193 797 5264 )Lib.
831 5210 890 5255 ll,
917 5211 1006 5264 ep.
1038 5195 1163 5247 228.

597 5270 644 5324 e)
687 5263 803 5327 Lib.
841 5280 923 5327 III,
953 5263 1040 5333 ep.
1072 5264 1201 5318 955.

575 5334 642 5403 (Γ)
669 5333 1065 5389 ltittershusius
1090 5335 1140 5386 in
1169 5333 1312 5387 notis
1336 5334 1401 5388 ad
1433 5351 1520 5404 ep.
1547 5337 1665 5389 15⁸7.
1690 5336 1783 5390 lib.
1814 5350 1873 5388 ιι.
1906 5335 2067 5389 Liber

503 5414 690 5475 contra
726 5404 942 5460 (ἔτερος
971 5404 1213 5475 fortassis
1244 5404 1388 5457 idem
1418 5416 1521 5462 est.
1561 5406 1756 5475 inquit,
1785 5423 1907 5459 eum
1940 5422 2061 5460 ora-

506 5474 675 5535 tione,
707 5491 867 5543 quam
904 5485 1090 5528 contra
1116 5473 1285 5527 fatum
1316 5475 1536 5543 scripsit

580 5545 656 5609 (g)
692 5544 766 5597 Du
798 5546 893 5599 Pin
918 5545 1055 5598 Bibl.
1079 5544 1371 5613 aucupet-cl.
1407 5555 1535 5599 tum.
1578 5544 1716 5605 XIII,
1741 5560 1794 5611 p.
1826 5561 1887 5603 ll,
1924 5562 1977 5613 p.
2010 5547 2065 5607 4,

506 5622 621 5667 not.
663 5630 711 5674 c.
740 5616 855 5668 haec
878 5616 1067 5669 scribit
1094 5632 1106 5667 :
1136 5614 1171 5667 ΙΙ
1200 5612 1305 5666 cile
1328 5614 1376 5665 le
1409 5614 1590 5671 'I‘raité
1618 5616 1688 5669 du
1720 5615 1897 5670 destin
1928 5612 2067 5669 dans

507 5684 557 5743 ιιι
582 5682 741 5745 lcttre
756 5686 883 5753 9.55,
903 5686 975 5741 du
1002 5685 1137 5747 livre
1171 5700 1250 5739 ιιι.
1269 5682 1329 5738 Ie
1350 5700 1418 5740 ne
1438 5684 1489 5740 le
1510 5687 1652 5741 eruis
1687 5702 1784 5757 pas
1815 5685 2069 5741 diﬂércnt

2172 2609 2417 2668 utraque,
2473 2613 2534 2652 ea
2590 2596 2797 2650 scilicet
2839 2608 3000 2662 quam
3052 2591 3229 2661 primo
3276 2600 3330 2645 et
3386 2591 3547 2646 tertio
3626 2592 3756 2647 loco

2170 2690 2526 2752 laudavimus,
2570 2686 2817 2755 epistola,
2851 2683 2916 2737 ad
2966 2682 3219 2737 eumdem
3258 2682 3395 2735 data?
3427 2690 3555 2735 sunt
3602 2681 3753 2736 Her-

2171 2782 2399 2842 miuum,
2424 2779 2753 2834 contrarium
2794 2774 3125 2829 contendere
3157 2780 3213 2827 et
3252 2773 3482 2843 probare
3517 2789 3755 2827 conare-

2172 2871 2296 2925 tur?
2353 2868 2542 2922 Posset
2588 2866 2733 2921 enim
2788 2881 2895 2918 non
2944 2864 3013 2917 ab
3064 2862 3213 2917 omni
3266 2862 3755 2917 verisimilitudine

2170 2961 2399 3015 alienam
2439 2959 2725 3013 instituere
2774 2955 3241 3010 ratiocinationem
3282 2954 3589 3024 huiusmodi
3625 2973 3638 3009 :
3677 2953 3755 3010 Ut

2171 3068 2298 3107 cum
2366 3068 2431 3105 ex
2468 3051 2555 3103 illa
2606 3049 2728 3103 libri
2776 3047 2996 3103 secundi
3028 3047 3093 3101 ad
3148 3045 3466 3100 Ilerminum
3514 3046 3751 3116 epistola

2170 3154 2443 3214 appareat,
2480 3142 2743 3195 Isidorum
2780 3138 3038 3193 IIermino
3072 3137 3172 3207 ipsi
3206 3138 3565 3208 quazstionem
3608 3153 3748 3209 pro-

2170 3233 2392 3303 ponenti
2439 3230 2805 3300 respondisse,
2866 3244 2924 3283 se
2978 3228 3045 3281 de
3085 3226 3188 3281 hac
3229 3242 3287 3279 re
3332 3226 3506 3280 fusius
3534 3226 3647 3296 jam
3693 3225 3749 3279 in

2170 3325 2306 3379 libro
2362 3326 2607 3376 adversus
2667 3320 2875 3375 Gra'cos
2931 3320 3125 3390 egisse,
3183 3318 3320 3372 nihil
3378 3316 3747 3372 verosimilius

2170 3416 2258 3479 sit,
2289 3430 2447 3482 quam
2480 3413 2650 3468 illum.
2681 3411 2766 3465 cui
2804 3420 3053 3465 accurata
3083 3410 3397 3478 quzrstiouis
3427 3409 3748 3477 dijudicatio

2170 3514 2389 3574 accepta
2420 3520 2539 3559 esse
2570 3502 2775 3559 debuit.
2809 3502 3006 3556 blande
3033 3518 3062 3554 a
3094 3501 3344 3555 familiari
3376 3517 3474 3555 suo
3504 3517 3745 3572 rogasse,

2170 3608 2230 3655 ut
2259 3600 2452 3653 librum
2485 3600 2635 3653 illum
2665 3598 2927 3652 mitteret.
2961 3596 3148 3665 Neque
3180 3596 3346 3656 hunc,
3379 3604 3438 3648 ut
3468 3611 3529 3649 ex
3573 3594 3750 3648 altera

2168 3692 2236 3745 ad
2291 3690 2609 3745 IIerminuIn
2666 3688 2892 3758 epistola
2947 3688 3292 3751 videremus,
3353 3703 3544 3756 preces
3601 3687 3749 3740 illius

2170 3782 2504 3852 repudiasse,
2546 3780 2638 3835 sed
2681 3781 2895 3835 misisse
2940 3796 3046 3834 una
3076 3796 3199 3834 eum
3233 3779 3314 3832 his
3342 3779 3537 3833 litteris
3581 3794 3747 3847 quem

2172 3875 2259 3928 ille
2290 3874 2613 3943 postulasset
2641 3872 2933 3925 librum.—-
2960 3871 3090 3937 Quae
3118 3870 3385 3925 sententia
3418 3870 3517 3923 etsi
3569 3871 3748 3939 primo

2172 3963 2386 4033 quidem
2418 3964 2606 4016 obtutu
2638 3962 2918 4031 placuerit,
2963 3970 3143 4015 tamen
3171 3962 3263 4031 qui
3310 3972 3519 4016 attento
3559 3961 3748 4015 animo

2171 4054 2293 4108 libri
2324 4055 2465 4109 tertii
2497 4054 2565 4108 ad
2606 4053 2923 4106 Ilerminum
2971 4054 3177 4108 litteras
3218 4054 3526 4123 perlegerit,
3562 4053 3610 4109 is
3633 4062 3746 4106 sta-

2172 4146 2267 4199 tim
2326 4146 2548 4215 rejiciet.
2610 4143 2698 4198 Ea:
2756 4145 2900 4197 enim
2963 4144 3048 4198 his
3109 4146 3460 4198 continentur
3511 4145 3744 4197 verbis:

2176 4257 2193 4289 ι
2214 4237 2476 4303 Quoniam
2508 4236 2767 4303 scripsisti
2794 4252 2880 4291 me
2909 4253 3085 4307 nuper
3112 4237 3349 4290 libellum
3369 4237 3435 4291 de
3465 4236 3573 4291 fato
3594 4253 3747 4292 emn-

2171 4331 2436 4397 posuisse,
2468 4332 2558 4399 qui
2603 4330 2671 4384 ab
2712 4330 2832 4384 aliis
2877 4328 3084 4399 magnis
3125 4328 3377 4383 laudibus
3428 4330 3495 4383 ad
3546 4331 3745 4384 cmlum

2172 4434 2344 4487 usque
2384 4419 2576 4479 elatus,
2622 4418 2691 4471 ab
2728 4418 2848 4471 aliis
2902 4416 3176 4479 omnibus,
3236 4417 3288 4470 in
3345 4418 3545 4487 quibus
3602 4418 3744 4471 idem

2174 4518 2432 4563 tractetur
2458 4518 2855 4580 argumentum,
2875 4508 3281 4579 scriptionibus,
3314 4509 3383 4563 sit
3401 4510 3744 4580 praepositus,

2172 4599 2431 4670 quoniam
2476 4609 2535 4654 ut
2573 4600 2721 4653 hunc
2760 4598 2961 4653 librum
2992 4599 3058 4653 ad
3090 4608 3143 4654 te
3182 4600 3461 4654 mitterem
3490 4608 3746 4669 precatus

2169 4774 2240 4828 du
2273 4774 2452 4829 Trailé
2471 4784 2646 4828 conire
2679 4774 2751 4828 les
2773 4773 2972 4829 Genlils
3005 4775 3109 4830 cilé
3135 4775 3270 4845 dans
3299 4778 3379 4832 les
3400 4777 3587 4831 lettres
3616 4778 3737 4839 1'57,

2170 4855 2226 4898 et
2265 4847 2387 4908 2‘28,
2413 4847 2482 4899 (Ill
2510 4862 2568 4899 ll.
2603 4846 2755 4909 livre,
2786 4862 2945 4915 parce
2971 4862 3075 4915 que
3106 4862 3167 4900 ee
3190 4848 3319 4916 qu‘il
3354 4865 3421 4902 en
3446 4850 3525 4903 dit
3549 4865 3617 4903 en
3649 4864 3740 4903 ccs

2172 4917 2415 4969 endroits
2446 4917 2670 4985 regarde
2691 4917 2738 4969 la
2767 4918 2942 4969 méme
2976 4917 3222 4971 matiere.

2240 4986 2315 5053 (Ιι)
2349 4985 2626 5039 Fabricius
2647 4986 2680 5038 Ι.
2711 5003 2760 5040 c.
2783 5003 2833 5053 p.
2866 4987 2992 5039 256.

2244 5055 2307 5128 (i)
2343 5056 2415 5128 Ita
2448 5057 2664 5128 videtur
2691 5056 3220 5128 sensissegllupinius
3251 5057 3339 5128 qui
3364 5056 3497 5113 l.c.:
3524 5059 3559 5111 11
3593 5059 3737 5128 parle

2244 5074 2307 5124 μ)
2343 5074 2415 5109 Ita
2448 5074 2664 5109 Vtuetur
2691 5074 2925 5111 sensnsse
2960 5074 3220 5124 Imptntus
3290 5074 3339 5109 ui
3366 5074 3497 5113 |.c.:
3525 5074 3559 5111 ll
3593 5074 3737 5128 parte

2173 5125 2476 5195 lui-meme,
2511 5127 2705 5195 inquit,
2747 5127 2874 5180 d‘un
2922 5126 3096 5179 Traité
3137 5128 3207 5179 du
3246 5074 3413 5180 gesti»
3461 5143 3638 5183 conire
3667 5130 3737 5183 les

2101 5179 2145 5236 Ῐ)
2175 5193 2371 5248 Gentii:

2246 5265 2314 5335 (jl
2350 5264 2651 5319 Heumann.
2683 5264 2819 5318 Diss.
2848 5264 2913 5318 de
2951 5266 3078 5318 Isid.
3113 5266 3225 5321 Pel.
3266 5266 3367 5335 §6,
3394 5283 3447 5335 p.
3482 5269 3535 5323 9.

2250 5321 2322 5406 ἴι)
2352 5335 2434 5389 cr.
2456 5336 2546 5389 lib.
2573 5352 2641 5406 IV,
2665 5352 2752 5403 ep.
2772 5338 2857 5393 eo.
2880 5352 2929 5403 p.
2958 5335 3082 5398 ito,
3100 5337 3179 5389 m.
3202 5339 3240 5390 A
3267 5321 3367 5391 i'm.’
3391 5321 3424 5389 ii
3453 5321 3557 5391 {—4
3580 5339 3738 5401 ἰσως

2171 5404 2280 5476 γὰρ
2300 5404 2344 5476 si
2364 5406 2457 5457 καὶ
2476 5407 2533 5456 ὲν
2557 5404 2727 5476 τούτῳ
2752 5406 3216 5476 πλεονεκτοῦντα,
3242 5410 3299 5459 ἐν
3326 5408 3503 5470 ἄλλοις
3534 5410 3709 5461 πλεον-

2179 5470 2416 5536 ἐκξοῦσι,
2474 5475 2567 5544 καί
2597 5470 2714 5527 τινὰ
2742 5477 2991 5544 ἐνόησαν,
3021 5470 3094 5528 ὧν
3114 5478 3273 5538 αὐτὸς
3294 5476 3399 5530 οὐδ’
3433 5480 3509 5541 εἰς
3534 5479 3736 5531 ἔννοιαν

2172 5544 2473 5617 ἀφικόμην.
2522 5543 2773 5617 Ejusdem
2827 5543 3200 5617 inseutentiis
3244 5548 3358 5601 suis
3402 5549 3734 5617 exponendis

2174 5615 2745 5740 ziiizdeisigaimanifesta
2774 5625 2858 5671 est
2887 5616 2939 5670 in
2970 5634 3059 5688 ep.
3090 5618 3177 5684 85,
3206 5618 3300 5674 lib.
3332 5634 3389 5684 ιι,
3420 5615 3507 5690 ep.
3537 5620 3657 5684 ιη,
3682 5624 3736 5671 et

2284 5724 2299 5740 .
2411 5724 2424 5740 .
2470 5701 2519 5739 ν.
2554 5714 2624 5728 --

2284 5724 2299 5751 ,
2330 5701 2424 5740 nu.
2450 5701 2519 5739 Iv.
2554 5714 2624 5728 --
