3924 6416
504 373 575 436 35
1597 368 2059 431 COMMENTAT

2177 365 2269 428 iIS
2305 366 2496 428 PARS
2532 368 2612 427 Ῑῐ.
3673 362 3753 427 3
3816 362 3817 365 “

505 485 717 541 editum
749 482 939 538 lsidori
970 481 1257 537 Pelusiotae
1285 494 1423 549 opus
1455 478 1509 533 in
1551 477 1921 547 manuscripto
1942 490 2079 544 quo-
2107 482 2155 538 Α
2182 485 2353 544 ριυνιιυ
2380 474 2721 544 epistolaruni
2746 473 2866 527 libri
2886 483 3129 543 quatuor.
3166 472 3395 537 Quorum
3427 481 3530 526 tres
3548 473 3751 541 priores

503 577 627 632 dam
656 586 869 630 exstare
903 574 1244 636 testificatur,
1278 574 1355 627 sic
1388 571 1714 640 inscriptum
1746 588 1758 624 :
1803 569 2073 639 Ἰσιδώρου

502 667 597 719 τοῦ
632 664 1013 734 Πηλουσιώτου
1030 666 1329 736 ἐρωτήσεις
1367 663 1463 717 καὶ
1515 661 1853 730 ἀποκρίσεις.
1884 658 2075 713 Conti-

504 766 706 809 neutur
732 763 914 808 autem
970 754 1075 807 hoc
1105 754 1291 808 codice
1344 767 1453 805 non
1490 751 1664 805 solum
1717 749 1926 809 lsidori,
1980 747 2073 801 sed

504 844 669 898 etiam
691 842 1091 914 Chrysostomi,
1108 841 1313 905 Basilii,
1334 838 1722 911 Olympiodori,
1742 838 1867 901 Nili,
1890 836 2069 901 Marci,

504 933 718 987 Maximi
757 941 814 987 et
842 930 1135 986 Theodosii
1184 929 1517 999 quiestiones
1548 935 1604 982 et
1643 942 1924 996 responsa,
1953 941 2073 995 qua:

502 1029 693 1074 auctor
740 1018 959 1088 collegit
1005 1033 1327 1087 anonymus.
1380 1015 1661 1085 Equidem,
1716 1014 1841 1082 quia
1893 1014 2071 1083 ipsum

500 1108 742 1161 codicem
773 1105 1089 1174 inspiciendi
1111 1103 1243 1158 mihi
1274 1118 1381 1158 non
1416 1103 1539 1157 data
1561 1102 1663 1157 fuit
1682 1102 1912 1165 occasio,
1940 1118 2071 1156 num

500 1200 555 1253 in
600 1199 691 1253 illo
734 1198 933 1252 inedita
985 1197 1229 1267 quaedam
1258 1197 1479 1259 lateant,
1512 1210 1620 1249 non
1671 1195 1845 1248 audeo
1881 1196 2069 1249 decer-

501 1308 629 1345 nere
652 1308 665 1353 ;
692 1290 784 1345 sed
808 1306 1000 1361 magna
1031 1288 1163 1343 mihi
1195 1298 1279 1343 est
1304 1287 1542 1359 suspicio
1566 1287 1928 1357 quaestionum
1953 1287 2071 1341 illa-

502 1396 618 1432 ruiu
651 1387 706 1431 et
754 1393 1162 1446 responsorum,
1199 1392 1319 1445 qua:
1352 1376 1532 1430 omnia
1563 1376 1629 1429 ad
1668 1373 2070 1442 interpretatio-

499 1482 622 1520 nem
659 1465 942 1518 Librorum
1002 1479 1278 1517 sacrorum
1315 1464 1568 1517 videntur
1605 1463 1897 1531 pertinere,
1955 1462 2069 1513 col-

498 1557 754 1612 lectorem
807 1556 1164 1625 descripsisse
1220 1554 1299 1607 uti
1342 1568 1409 1607 ex
1460 1550 1848 1621 Clirysostomi,
1886 1550 2068 1603 Basilii

498 1644 834 1713 aliorumque
892 1642 1171 1711 operibus,
1226 1641 1299 1693 ita
1352 1647 1407 1692 ct
1450 1654 1515 1692 ex
1573 1637 1763 1692 lsidori
1804 1637 2064 1707 epistolis,

497 1748 616 1801 qua:
669 1731 769 1800 ipsi
827 1730 891 1784 ad
939 1746 1091 1783 suam
1153 1744 1263 1782 rem
1299 1728 1474 1782 facere
1530 1726 1863 1779 viderentur.
1923 1724 2067 1789 Qua-

2177 582 2294 619 cum
2325 563 2515 617 Latina
2539 564 2970 633 interpretatione
2995 563 3186 617 Jacobi
3209 563 3355 617 Billii
3378 565 3603 634 primum
3622 575 3751 620 ante

2175 674 2341 709 annos
2403 672 2466 709 xx
2530 654 2752 709 Parisiis
2804 657 3057 725 prodiere.
3098 655 3219 709 Jam
3252 672 3369 709 vero
3412 658 3505 709 sub
3543 656 3750 724 prelum

2182 749 2411 801 revocati
2436 763 2533 800 ins.
2566 746 2681 799 cod.
2710 745 2957 799 Bavarici
2987 763 3081 816 ope
3108 745 3347 815 plurimis
3377 746 3433 799 in
3458 746 3583 799 locis
3614 746 3749 798 insi-

2177 842 2346 910 gniter
2387 841 2550 902 aucti,
2591 839 2837 907 suppleti,
2893 840 3107 892 correcti
3157 847 3295 892 sunt.
3335 838 3568 903 Quartus
3609 855 3753 893 nunc

2176 936 2405 1001 primum
2432 936 2534 988 erit
2554 951 2712 988 novus
2742 949 2805 986 ea;
2840 931 3019 985 eodem
3052 931 3225 984 codice
3254 930 3385 984 Bav.
3414 930 3498 983 cui
3530 928 3749 985 Venetus

2175 1022 2233 1073 in
2256 1022 2557 1076 bibliotheca
2585 1022 2641 1076 S.
2684 1021 2854 1075 Marci
2899 1020 3188 1091 respondet,
3217 1020 3501 1087 descriptus
3521 1028 3569 1073 et
3596 1018 3750 1073 Lati-

2172 1129 2273 1166 nus
2311 1112 2484 1182 [actus
2522 1132 2553 1167 a
2600 1112 2849 1167 Cuniado
2890 1111 3231 1166 Rittersltusio
3283 1108 3375 1165 IC.
3408 1109 3491 1164 Ea:
3539 1110 3746 1179 alliciat:

2178 1199 2598 1256 Commeliniuna
2632 1201 2787 1258 1605..

2244 1293 2648 1347 Rittersliusius
2685 1303 2738 1347 et
2764 1307 2927 1362 quam
2963 1289 3198 1346 Joannes
3230 1289 3532 1345 Chatardus
3583 1297 3747 1343 nota-

2170 1381 2270 1447 vit,
2298 1392 2353 1435 et
2381 1399 2542 1451 quam
2575 1383 2689 1452 ipse
2716 1398 2781 1436 ex
2810 1382 3000 1436 codice
3026 1396 3126 1436 suo
3146 1380 3487 1455 deprompsit
3513 1378 3748 1448 scriptu-

2171 1489 2245 1528 τω
2298 1475 2669 1529 diversitatem
2710 1474 2996 1544 diligenter
3051 1473 3283 1543 margini
3345 1471 3623 1542 ascripsit;
3670 1470 3746 1525 ita

2169 1565 2390 1634 quidem
2425 1576 2505 1629 ut,
2535 1566 2579 1619 si
2612 1566 2664 1619 in
2688 1566 2873 1620 codice
2904 1563 3161 1618 Bavarico
3184 1564 3267 1617 vel
3283 1579 3451 1617 unum
3475 1562 3561 1616 vel
3589 1563 3747 1632 plura

2169 1657 2351 1710 addita
2385 1656 2605 1711 fuerunt
2635 1656 2917 1719 vocabula,
2952 1656 3154 1716 locum,
3195 1669 3356 1723 quem
3389 1654 3477 1707 illa
3508 1653 3565 1708 in
3591 1664 3745 1709 textu

2171 1758 2417 1811 tenuere,
2462 1749 2618 1803 stella
2665 1757 2901 1813 notaret,
2950 1761 3219 1815 vocesque
3272 1743 3327 1797 in
3368 1745 3744 1815 manuscripto

500 1833 717 1893 propter
746 1823 947 1891 inedita
972 1822 1239 1890 qiizedaiii,
1277 1820 1355 1872 uti
1400 1834 1465 1872 ex
1503 1818 1658 1872 titulo
1692 1817 1904 1887 collegit
1938 1818 2062 1869 llar-

2177 1841 2275 1893 isto
2305 1840 2535 1893 omissas
2568 1840 2721 1893 uncis
2762 1838 3084 1893 includeret.
3118 1836 3628 1892 Aeccduntindices
3661 1838 3743 1892 lo-

497 1912 642 1964 iltius
675 1913 751 1978 (a)
788 1911 842 1962 in
876 1910 966 1962 illo
1016 1910 1181 1961 latere
1210 1908 1395 1961 codice
1421 1905 1611 1975 exigua
1665 1915 1870 1957 tantum
1932 1905 2064 1958 mihi

496 2018 621 2070 $1.08
647 2013 749 2055 ρει.

566 2093 749 2163 Neque
776 2104 907 2164 puto
957 2093 1081 2147 novi
1114 2091 1240 2161 quid
1283 2099 1497 2143 exstare
1526 2088 1580 2142 in
1610 2088 1748 2142 libro
1779 2088 1850 2157 (b)
1910 2090 2065 2157 cujus

497 2189 683 2241 titulus
712 2186 797 2239 hic
826 2197 909 2240 est
936 2201 947 2236 :
980 2185 1215 2239 Isidorus
1261 2183 1530 2236 Pelusiota
1563 2184 1626 2234 de
1665 2182 1939 2233 nativitate
1959 2181 2067 2233 Do-

496 2278 861 2337 miniJlelnit
890 2286 1070 2331 autem
1103 2277 1249 2331 hunc
1280 2272 1875 2345 libclhiui-iisspicicudi
1908 2291 2064 2330 occa-

496 2378 598 2432 sio.
640 2376 766 2432 lliec
795 2377 1077 2430 hactenus.

842 2508 1331 2566 EPISTOLARUM
1365 2508 1744 2564 EDITIONES.

566 2652 888 2707 Prodierunt
912 2650 1132 2705 Parisiis
1161 2665 1305 2703 anno
1338 2649 1493 2713 l585,
1517 2649 1570 2702 in
1602 2648 1729 2702 folio
1755 2666 1769 2702 :
1798 2646 1853 2702 S.
1875 2648 2063 2702 Isidori

499 2746 777 2800 Pelusiota:
804 2742 1145 2814 epistularum
1178 2741 1406 2810 amplius
1439 2741 1581 2795 mille
1627 2744 1969 2795 ducentarum
1995 2740 2061 2793 li-

494 2840 572 2892 bri
600 2849 701 2891 tres
726 2852 861 2890 nunc
898 2835 1127 2904 primum
1174 2834 1351 2889 Greece
1384 2834 1526 2887 editi.
1559 2832 1754 2897 Quibus
1800 2850 1826 2886 e
1860 2834 2062 2903 regione

494 2930 707 2983 accessit
748 2928 939 2981 Latina
985 2926 1265 2980 clarissimi
1301 2927 1399 2979 viri
1442 2926 1623 2979 Jacobi
1659 2925 1802 2979 Billii
1827 2925 2058 2991 Pruna’i,

493 3022 547 3077 S.
582 3019 845 3075 Michaelis
872 3021 925 3072 in
957 3034 1127 3077 eremo
1153 3018 1416 3089 quondam
1464 3018 1852 3083 cmuobiarchaz,
1894 3018 2062 3072 inter-

492 3115 741 3185 pretatio.

562 3207 701 3263 Huic
749 3192 974 3263 editioni
1004 3204 1223 3275 pristim
1269 3213 1351 3258 est
1375 3203 1597 3259 Joannis
1643 3202 1899 3258 Chatardi
1940 3204 2057 3274 epi-

492 3301 629 3355 stola
673 3298 739 3353 ad
792 3298 1162 3354 Godol‘redum
1200 3296 1435 3361 Billium,
1479 3311 1584 3366 qua
1625 3297 1937 3363 edoccmur,
1967 3296 2059 3352 Ja-

492 3393 689 3447 cobum
746 3390 982 3457 Billium,
1037 3389 1180 3444 illius
1231 3387 1491 3454 fratrem,
1564 3388 1755 3444 lsidori
1805 3388 2061 3459 epistolas

496 3484 758 3540 “CCXIII
804 3483 1019 3539 Graecas
1042 3483 1098 3537 in
1133 3481 1379 3537 Latinam
1408 3483 1646 3553 linguam
1697 3484 2058 3550 transtulisse,

494 3577 672 3649 ipsum
701 3592 837 3645 vero
858 3586 1206 3647 praematura,
1242 3590 1350 3645 quo
1377 3575 1558 3631 minus
1582 3575 1725 3630 hanc
1747 3575 1934 3631 ederet
1975 3575 2060 3630 iii-

495 3662 934 3741 terprctationem
962 3709 977 3731 ,
1037 3678 1212 3723 morte
1266 3668 1581 3738 impeditum
1627 3684 1767 3723 esse.
1823 3666 2060 3723 Joannes

493 3765 657 3837 igitur
679 3763 981 3820 Chatardus
1002 3764 1139 3817 hanc
1166 3763 1405 3833 suscepit
1435 3762 1764 3833 provinciam
1794 3764 2061 3833 simulque

495 3868 555 3914 ut
592 3858 755 3912 etiam
797 3855 981 3912 Griece
1006 3855 1111 3910 illae
1159 3855 1557 3910 excuderentur
1585 3854 1845 3926 epistolze,
1904 3871 2062 3910 cura-

492 3951 590 4005 vit.
649 3948 942 4020 Scriptura:
1000 3948 1291 4004 diversitas
1356 3947 1582 4019 margini
1637 3947 1890 4003 adnotata
1954 3956 2057 4001 est.

488 4042 773 4098 Accedunt
803 4041 986 4097 Jacobi
1012 4040 1146 4095 Billii
1170 4039 1455 4095 Sacrarum
1476 4039 1913 4095 Observationum
1940 4038 2059 4093 libri

490 4136 622 4195 duo.

560 4233 700 4288 Sunt
759 4241 940 4287 autem
1001 4228 1061 4284 S.
1121 4228 1309 4283 lsidori
1369 4226 1654 4283 Pelusiota:
1709 4227 2056 4299 epistolaruin

488 4324 724 4393 amplius
760 4323 907 4377 mille
955 4322 1316 4377 ducentarum
1359 4320 1483 4374 libri
1513 4329 1623 4375 tres
1661 4319 1863 4375 Jacobo
1906 4320 2059 4374 Billio

491 4412 786 4482 interprete
834 4412 1016 4466 recusi
1084 4411 1140 4465 in
1188 4424 1383 4479 magna
1418 4408 1755 4464 Bibliotheca
1786 4407 1899 4463 νγ.
1950 4409 2053 4463 PP.

489 4505 576 4560 ed.
612 4504 799 4559 Colon.
828 4518 957 4557 ann.
995 4502 1157 4567 1618,
1193 4510 1232 4556 t.
1266 4498 1329 4566 V,
1353 4516 1409 4570 p.
1440 4516 1525 4566 ni,
1554 4516 1608 4571 p.
1632 4500 1892 4556 476-621.

560 4595 755 4649 Tribus
822 4595 906 4647 his
967 4593 1321 4664 epistolarum
1360 4593 1511 4648 libris
1561 4601 1814 4662 quartum
1860 4591 2057 4661 adjecit

492 4686 917 4749 Rittershusius,
978 4702 1278 4755 omnesque
1331 4684 1499 4739 edidit
1552 4685 1653 4739 sub
1708 4685 1814 4739 hoc
1861 4684 2051 4738 titulo:

489 4778 549 4835 S.
579 4778 768 4833 lsidori
822 4777 1096 4833 Pelusiota:
1128 4779 1189 4832 de
1219 4777 1647 4845 interpretatione
1690 4776 1880 4829 divina:
1920 4774 2061 4829 Scri—

557 4932 633 4995 (a)
671 4930 924 4983 llardtiiis
958 4929 994 4983 1.
1034 4944 1081 4982 c.
1118 4928 1332 4990 lsidori,
1360 4926 1553 4995 inquit,
1600 4925 1881 4980 Pelusiotae
1904 4942 2054 4994 quie-

486 5004 692 5056 stiones
719 5000 905 5053 uullibi
944 5007 1270 5052 memoratas
1295 4998 1496 5051 inveni.
1516 4998 1777 5061 —Quare
1802 4997 1966 5049 etiam
1998 4996 2052 5049 in

488 5072 669 5127 iudice
701 5070 828 5125 huic
864 5080 1010 5123 tomo
1039 5068 1250 5137 adjecto
1282 5067 1429 5121 hunc
1450 5065 1643 5121 lsidori
1682 5066 1878 5120 librum
1911 5066 2053 5121 inter

2167 1930 2523 2000 cuplctissinii
2585 1932 2797 1999 aliaque
2854 1929 3081 1984 minoris
3139 1928 3417 1982 momenti.
3468 1926 3741 1982 Caeterum

2168 2023 2285 2077 haec
2314 2021 2481 2075 editio
2522 2037 2591 2075 ne
2638 2021 2779 2075 linea
2814 2021 3035 2091 quidem
3065 2027 3269 2073 mutata
3301 2033 3446 2073 anno
3474 2028 3740 2087 sequente

2166 2116 2219 2169 in
2252 2115 2440 2169 eadem
2475 2129 2664 2168 recusa
2690 2122 2775 2167 est
2801 2112 3036 2167 officina.

2236 2218 2393 2270 Auno
2426 2217 2642 2271 demum
2667 2215 2803 2269 N523
2832 2213 3075 2268 Andreas
3113 2210 3373 2265 Sehottus
3400 2209 3584 2264 lsidori
3617 2207 3741 2278 epi-

2166 2308 2333 2361 stolas
2375 2306 2535 2361 DLIX
2583 2321 2613 2360 e
2670 2306 2859 2360 codice
2892 2303 3154 2357 Vaticano
3209 2301 3380 2355 edidit
3422 2300 3742 2369 Antuerpiae

2165 2398 2312 2459 in-8,
2338 2399 2438 2451 sub
2481 2399 2584 2452 hoc
2628 2398 2821 2451 titulo:
2855 2395 2960 2449 Τοῦ
2990 2396 3047 2447 ὲν
3079 2394 3254 2461 ἁγίοις
3292 2393 3503 2461 Πατρὸς
3539 2391 3739 2445 Ἰσιδώ-

2165 2498 2262 2551 ρου
2293 2480 2387 2533 τοῦ
2423 2480 2799 2552 Πηλουσιώτου
2827 2478 3104 2533 ἐπιστολαὶ
3128 2476 3420 2531 ἁνέκδθτοι.
3455 2475 3511 2531 S.
3544 2475 3739 2531 Isidori

2165 2571 2446 2627 Pelusiola:
2486 2572 2717 2642 epistolw
2754 2572 3001 2625 hactenus
3041 2569 3253 2623 inedita:
3297 2568 3363 2621 de
3411 2567 3535 2621 locis
3569 2582 3738 2621 sacra:

2164 2660 2456 2730 Scriptura:
2489 2644 2819 2731 moribusque
2844 2660 3132 2731 formandis
3153 2676 3170 2723 ;
3191 2675 3255 2712 ex
3286 2658 3537 2712 Vaticana
3558 2658 3735 2726 ponti-

2162 2752 2272 2821 ﬁcis
2306 2753 2607 2807 bibliotheca
2648 2769 2784 2806 nunc
2813 2752 3039 2821 primum
3073 2761 3236 2805 eruta:
3265 2750 3501 2817 notisque
3551 2760 3599 2803 et
3643 2766 3736 2803 ar-

2161 2846 2418 2915 gumentis
2460 2845 2740 2899 illustrataa
2785 2845 2850 2897 ab
2916 2845 3124 2897 Andrea
3186 2841 3415 2906 Schotto,
3467 2841 3736 2896 societatis

2160 2936 2283 2991 Jesu
2312 2936 2626 3005 presbytero.

2234 3025 2393 3077 Anno
2435 3032 2697 3092 sequente
2732 3021 3032 3092 publicavit
3068 3022 3208 3075 idem
3253 3021 3500 3077 Latinam
3534 3020 3731 3077 harum

2161 3113 2511 3184 epistolarum
2548 3112 3047 3182 interpretationem
3076 3112 3283 3168 Romze.

2229 3222 2566 3277 Francolurti
2615 3232 2795 3276 autem
2834 3239 2978 3277 anno
3019 3223 3153 3279 1629
3211 3223 3413 3278 eadem
3446 3238 3511 3278 ea
3554 3217 3732 3278 ’orma

2160 3326 2365 3365 recusm
2411 3321 2556 3375 sunt,
2606 3321 2664 3365 ut
2723 3312 2948 3365 editioni
3007 3310 3457 3366 Rittershusiaiia:
3508 3308 3731 3365 annecti

2159 3409 2421 3468 possent,
2447 3400 2546 3454 sub
2582 3398 2681 3454 lioc
2714 3399 2867 3454 titulo
2909 3417 2922 3453 :
2965 3397 3022 3453 S.
3066 3399 3258 3453 lsidori
3300 3397 3581 3453 Pelusiotte
3607 3415 3733 3467 pre-

2158 3491 2355 3559 sbyteri
2384 3491 2745 3559 epistularum,
2767 3509 2883 3561 qua'
2916 3493 2971 3545 in
2994 3491 3141 3545 Billii
3163 3502 3209 3545 et
3253 3491 3586 3545 Rittershusii
3613 3491 3731 3545 edi-

2162 3582 2388 3635 tionibus
2417 3583 2799 3646 desiderantur,
2821 3585 3061 3637 volumen
3083 3585 3334 3654 reliquum
3354 3599 3371 3645 ,'
3402 3600 3532 3654 quas
3545 3600 3608 3637 ea:
3628 3583 3728 3638 Va-

2161 3676 2339 3727 ticana
2366 3673 2424 3729 S.
2456 3674 2634 3729 Patris
2660 3675 2962 3730 bibliotheca
3004 3692 3167 3744 nuper
3205 3685 3401 3742 erutas,
3434 3692 3572 3730 nunc
3613 3677 3728 3745 pri-

2158 3781 2303 3817 mum
2360 3764 2539 3819 Greece
2568 3775 2615 3818 et
2662 3764 2851 3818 Latine
2889 3766 3176 3834 conjunxit,
3219 3767 3451 3836 notisque
3483 3774 3531 3819 et
3564 3781 3726 3836 argu-

2158 3854 2345 3909 mentis
2384 3854 2666 3909 illustravit
2714 3855 2781 3911 R.
2809 3854 2871 3910 P.
2908 3857 3145 3910 Andreas
3170 3855 3431 3921 Schottus,
3465 3855 3725 3910 societatis

2156 3944 2277 4025 Iesu
2306 3946 2589 4012 presbyter.

2228 4048 2336 4105 Sed
2371 4048 2599 4104 Lutetiae
2642 4050 2858 4105 tandem
2894 4052 3213 4122 prodierunt
3251 4053 3491 4123 quinque
3531 4052 3723 4107 lsidori

2158 4139 2508 4208 epistolarum
2532 4140 2655 4194 libri
2676 4142 2995 4208 ann01658,
3026 4142 3081 4198 in
3112 4142 3260 4211 folio,
3279 4144 3379 4198 sub
3401 4144 3502 4198 hoc
3533 4144 3719 4198 titulo:

2158 4229 2215 4285 S.
2249 4231 2440 4285 Isidori
2472 4231 2751 4287 Pelusiotae
2804 4235 2867 4287 de
2904 4235 3329 4303 interpretatione
3364 4235 3553 4289 divinis
3574 4234 3722 4289 Scri-

2156 4329 2323 4387 ptura?
2354 4320 2470 4373 libri
2499 4323 2757 4391 quinque;
2781 4339 3000 4391 quorum
3031 4334 3133 4377 tres
3164 4327 3360 4392 priores
3384 4341 3446 4378 ea:
3467 4326 3720 4393 interpre-

2160 4414 2357 4465 tatione
2386 4410 2573 4466 Jacobi
2609 4412 2775 4478 Billii,
2803 4424 3019 4484 quartus
3042 4424 3218 4468 autem
3250 4433 3283 4468 a
3312 4414 3558 4470 Cunrado
3600 4413 3719 4467 Rit-

2087 4510 2131 4567 υ
2161 4504 2409 4557 tershusio
2442 4502 2553 4568 IC.,
2610 4505 2699 4573 qui
2743 4514 2790 4558 et
2838 4516 2987 4559 notas
3044 4507 3327 4573 uberiores,
3359 4516 3408 4560 et
3464 4522 3717 4567 summas.

2161 4606 2209 4649 et
2242 4595 2433 4648 indices
2475 4594 2734 4665 prioribus
2767 4596 2909 4650 libris
2936 4597 3164 4667 adjecit:
3196 4607 3243 4652 et
3269 4599 3479 4668 quintus
3516 4596 3581 4650 ab
3605 4595 3718 4649 An-

2163 4687 2287 4740 drea
2320 4686 2546 4753 Srhotto,
2587 4705 2722 4742 nunc
2746 4689 3043 4758 primumin
3072 4687 3247 4743 Gallia
3280 4689 3553 4758 prodeunt.

2238 4774 2295 4828 In
2328 4777 2426 4830 hac
2449 4777 2838 4846 cditione,qu:e
2860 4778 3043 4832 multis
3074 4785 3243 4833 scatet
3267 4777 3541 4832 erroribus
3568 4783 3717 4847 typo-

2162 4926 2363 4981 iiiedita
2389 4927 2573 4983 refert.

2232 4999 2301 5069 (b)
2350 4998 2552 5069 Prodiin
2589 4997 2674 5051 hic
2711 5000 2847 5069 liber
2901 4998 3170 5069 Ilaganoa:
3228 4998 3385 5063 1529,
3434 4997 3579 5053 ἰπὶ-4.
3622 4996 3711 5053 Cf.

2157 5067 2317 5121 catal.
2349 5067 2477 5121 bibl.
2511 5068 2679 5121 Andr.
2708 5068 2854 5122 Paw.
2888 5069 2984 5139 (1).

546 5224 618 5284 (1)
640 5222 795 5288 Liber
816 5224 957 5288 cujus
978 5220 1180 5288 titulum
1206 5220 1493 5288 Niemeyer,
1516 5233 1567 5282 p.
1586 5219 1673 5288 ἥδ,
1696 5231 1757 5268 ex
1784 5219 2007 5279 catalogo
2027 5219 2235 5288 quodam
2260 5219 2466 5288 exhibet
2487 5234 2499 5267 :
2529 5218 2748 5288 Isidorus
2777 5219 3021 5288 [elitsiota
3050 5222 3112 5288 de
3138 5220 3385 5288 nativitate
3408 5218 3597 5288 Domini
3619 5221 3715 5269 Ha-

482 5281 655 5347 gaiiose
680 5281 968 5347 l529in1l‘,
994 5290 1050 5332 ut
1072 5281 1219 5347 facile
1240 5281 1557 5347 crediderim,
1583 5281 1865 5347 idem__opus
1910 5281 2173 5347 est_,_Aqun_d
2214 5281 2410 5347 proprie
2445 5282 2757 5347 inscrilutur:
2788 5284 2846 5331 B.
2882 5282 3067 5347 (sideri
3097 5281 3323 5345 episcopi.
3365 5281 3569 5347 uieologi
3585 5289 3714 5347 uetit-

484 5341 709 5401 stissimi,
732 5346 791 5394 de
814 5342 1058 5395 nativitate
1082 5342 1289 5400 Domini,
1313 5350 1410 5392 etc.
1432 5342 1544 5392 libri
1564 5343 1679 5390 duo.
1704 5341 2115 5404 Hagannai‘wz’ti,
2139 5342 2261 5389 in-t.
2292 5341 2373 5390 Isti
2398 5349 2561 5404 autem
2585 5342 2715 5404 libri,
2740 5348 2822 5404 qui
2846 5342 2962 5391 milii
2987 5341 3164 5404 praesto
3189 5341 3326 5399 sunt,
3355 5341 3600 5393 ri-Vera'S.
3627 5343 3713 5392 lsi-

482 5406 653 5467 duruui
684 5408 1021 5467 llispalensem
1040 5413 1291 5467 auctorem
1318 5405 1519 5467 habent,
1546 5409 1597 5451 et
1619 5402 2069 5467 curnjuscriptione
2096 5406 2309 5467 {Contra
2330 5403 2529 5454 Judwos
2553 5402 2867 5467 reperiuntur
2890 5408 2936 5452 in
2963 5402 3143 5465 optima
3179 5407 3285 5466 ejus
3310 5406 3526 5453 editione
3548 5408 3711 5467 (quam

484 5466 673 5537 curavit
695 5466 729 5515 F
776 5462 1005 5536 Arevalo)
1035 5466 1332 5514 Roma31797
1353 5492 1413 5501 -—
1444 5466 1582 5522 1805,
1629 5470 1665 5511 t.
1686 5462 1770 5531 Vl2
1797 5478 1841 5523 p.
1878 5462 2067 5532 iseqq.
2109 5465 2441 5535 l’raaterqmui
2476 5462 2765 5574 enimqiliod
2796 5466 2932 5535 locus
2960 5462 3011 5513 et
3054 5462 3286 5515 annus'et
3310 5466 3455 5513 forma
3487 5462 3710 5527 impressi

484 5529 599 5574 libri
627 5536 920 5574 construunt.
945 5529 1230 5574 imprudens
1254 5533 1337 5574 aut
1360 5529 1541 5574 sciolus
1563 5526 1772 5574 cataloai
1796 5535 2020 5574 scriptor.
2048 5539 2156 5572 cum
2186 5538 2317 5574 Dt‘lOt‘
2340 5538 2399 5572 ex
2430 5529 2535 5574 istis
2558 5530 2653 5574 duo
2694 5542 2749 5574 us
2778 5528 2934 5574 illil'h‘.
2965 5535 3110 5574 nrrut
3137 5530 3376 5574 Haemone
3402 5528 3521 5574 1529
3546 5526 3710 5574 editus

484 5528 599 5576 libri
614 5536 920 5596 congruunt,
945 5524 1235 5596 imprudens
1254 5529 1541 5596 aut‘sclolus
1563 5524 1772 5596 catulosi
1796 5524 2020 5596 scrip-tor:
2048 5539 2156 5572 cum
2172 5527 2317 5596 _prior
2340 5538 2400 5596 ei
2430 5526 2653 5596 istislluo

2694 5542 2749 5589 iis
2778 5525 2934 5589 libris,
2965 5535 3110 5589 prrut
3137 5530 3376 5589 Haganoaa
3402 5528 3521 5576 1529
3546 5525 3710 5575 editus

484 5598 579 5647 est,
612 5587 661 5636 in
687 5586 907 5652 margine
930 5586 1174 5649 superiori
1198 5587 1489 5652 simpliciter
1529 5592 1725 5634 notatur
1749 5601 1759 5633 :
1791 5600 1822 5652 i_
1844 5587 1878 5633 ll
1922 5586 2130 5652 Isidorus
2153 5588 2214 5633 de
2255 5589 2507 5652 iiat_ii_'itate
2536 5588 2747 5652 Domini,
2774 5603 2792 5635 i
2821 5586 2978 5637 facile'
2999 5588 3294 5640 Pelusiotuiu
3317 5592 3379 5637 de
3419 5603 3506 5636 suo
3531 5603 3572 5652 at
3590 5590 3709 5652 dere

484 5654 660 5711 potuit.
682 5648 849 5711 sicque
877 5648 1058 5699 Isidoro
1081 5658 1244 5697 nostro
1272 5648 1402 5697 fetus
1423 5660 1725 5703 accrescere,
1746 5648 1886 5707 Cujus
1911 5662 1971 5711 ne
1993 5650 2249 5711 minimum
2262 5648 2405 5711 alibi,
2446 5662 2539 5696 nec
2560 5648 2778 5711 antiquo.
2802 5662 2893 5699 nec
2916 5653 3179 5698 recentiori
3209 5660 3427 5705 tempore
3453 5648 3710 5709 vestigium

480 5708 708 5762 cecini-rit.
738 5708 914 5760 Eadem
930 5715 1082 5771 igitur
1103 5713 1249 5759 fuerit
1272 5712 1771 5772 h_allucinatio,_quam
1797 5714 1902 5772 ipse
1925 5708 2303 5772 Xiiiiiieyeralio
2326 5711 2376 5758 in
2397 5710 2505 5760 loco
2527 5724 2574 5772 ρ.
2606 5711 2623 5759 ι

2712 5711 2773 5761 de
2799 5712 2967 5762 codice
2992 5713 3200 5775 quodam
3221 5711 3548 5772 inauuscripto
3574 5717 3711 5759 recte

480 5772 823 5835 deprehendit.
848 5799 903 5811 -ι-
927 5767 1154 5836 Fassus,
1183 5770 1340 5824 Instit.
1366 5769 1575 5834 Patrol.,
1601 5769 1680 5831 II,
1700 5770 1791 5820 ὁὶὸ
1820 5767 2093 5832 ΟΕιιὶροηιε
2119 5769 2250 5820 1850.
