3924 6416
210 393 276 455 37
1304 392 1402 452 DE
1441 391 1782 453 SCRIPTIS
1820 393 2106 454 lSIDORl
2147 395 2403 456 PELUS.
3389 403 3461 467 38

205 503 497 577 grapllicis,
528 505 695 560 etiam
725 483 830 562 hoc
860 504 1280 577 vituperandum
1308 519 1413 573 est,
1443 507 1592 578 quod
1612 509 1782 563 stella:
1810 518 1854 572 Α
1884 509 2170 579 Scriptum
2207 513 2543 580 epistolarum
2600 516 2756 569 editio
2789 518 2962 586 prima
3026 517 3210 572 Veneta
3263 517 3480 574 Latina.

205 597 658 667 quidem,quibus
683 598 1081 654 Rittershusius
1117 601 1171 655 in
1196 600 1456 655 Bavarico
1486 601 1672 656 codice
1694 610 1789 655 aut

203 705 369 743 unum
393 699 490 744 aut
511 691 793 760 complura
821 693 1000 747 addita
1034 708 1154 747 esse
1188 694 1448 748 vocabula
1485 694 1788 763 significare

202 781 389 845 voluit,
423 782 478 835 in
509 792 718 836 textum
739 794 968 852 recepta:
1017 793 1179 848 sunt;
1210 801 1387 854 neque
1419 795 1598 839 tamen
1652 785 1788 838 scri-

201 885 370 942 pturae
418 873 713 928 diversitas
754 885 834 928 est
877 875 1132 930 indicata.
1173 875 1277 942 Qui
1329 877 1530 931 factum
1580 888 1684 940 est,
1727 887 1788 932 ut

202 965 682 1020 PetrusPossinus
709 968 760 1020 in
807 967 967 1031 libro,
1013 967 1081 1022 de
1114 984 1222 1038 quo
1253 985 1353 1024 con
1367 970 1518 1023 tinuo
1538 985 1780 1040 agenms,

201 1056 347 1110 hisce
412 1057 593 1110 stellis
643 1058 862 1112 lacunas
910 1058 1138 1112 indicari
1195 1060 1509 1127 arbitratus,
1554 1061 1787 1129 glossam

199 1162 294 1216 pro
339 1163 471 1201 vera
524 1149 800 1218 scriptura
854 1149 1054 1218 saepius
1092 1150 1364 1205 habuerit.
1407 1151 1582 1204 Simili
1623 1151 1787 1204 modo

201 1239 340 1299 unci,
369 1253 514 1306 quos
535 1249 706 1301 certo,
745 1237 821 1291 uti
855 1247 1015 1292 antea
1044 1238 1248 1293 dictum
1283 1249 1386 1304 est,
1416 1240 1643 1292 consilio
1685 1240 1784 1292 ad-

200 1328 370 1382 bibuit
422 1329 848 1392 Rittershusius,
899 1328 953 1382 in
1001 1329 1102 1383 hac
1131 1331 1370 1385 editione
1393 1321 1609 1384 temere
1631 1345 1784 1384 rece-

199 1421 266 1489 pti
290 1419 554 1473 videntur
583 1437 724 1475 esse.

258 1510 536 1565 Ca-terum
583 1529 778 1567 omnes
819 1512 1004 1567 lsidori
1053 1514 1299 1582 epistolae
1348 1524 1566 1569 exstant
1596 1513 1786 1569 Latine

199 1612 400 1655 tantum
433 1600 496 1654 in
534 1602 771 1655 maxima
817 1601 1154 1658 Bibliotheca
1188 1603 1300 1660 V'V.
1334 1605 1438 1659 PP.
1486 1614 1620 1661 lout.
1670 1605 1782 1671 VII,

197 1709 248 1763 ι).
272 1691 536 1747 499-802.

261 1806 367 1861 Sed
403 1807 606 1863 Roma:
651 1806 978 1878 prodierunt
1009 1823 1155 1862 anno
1184 1807 1322 1861 1670
1349 1806 1653 1860 lsidoriaua:
1677 1805 1784 1859 col-

198 1899 436 1963 lationes,
479 1901 669 1970 quibus
695 1899 756 1955 S.
801 1901 990 1954 lsidori
1040 1901 1318 1954 Pelusiottc
1353 1899 1586 1969 epistola:
1606 1915 1783 1952 omnes

197 1993 441 2044 hactenus
501 1992 658 2044 edita:
707 2006 828 2043 cum
893 1989 1068 2042 multis
1113 1989 1345 2057 antiquis
1392 1987 1603 2056 optimm
1649 1995 1785 2040 uotae

196 2100 345 2135 manu
375 2084 599 2152 scriptis
624 2081 886 2134 codicibus
924 2091 1321 2150 comparantur,
1347 2088 1394 2131 et
1420 2080 1541 2132 inde
1575 2078 1784 2130 circiter

197 2178 267 2231 bis
291 2177 436 2230 mille
475 2177 606 2230 locis
634 2176 943 2245 supplentur
968 2185 1058 2227 aut
1084 2179 1450 2228 emendantur.
1485 2171 1565 2225 Ea:
1592 2170 1782 2224 biblio-

198 2274 332 2322 theca
372 2268 704 2322 Barbariua.
728 2269 952 2321 Curavit
995 2267 1142 2322 enim
1183 2265 1506 2319 Franciscus
1532 2263 1782 2317 cardina-

196 2364 258 2418 lis
283 2363 628 2417 Barberinus
684 2377 783 2432 per
819 2361 1021 2427 virum,
1054 2371 1114 2414 ut
1164 2359 1240 2414 ait
1282 2359 1373 2429 qui
1409 2356 1664 2428 pmfatus
1701 2366 1784 2412 est

198 2453 381 2509 Petrus
413 2454 712 2514 Pessinus,
747 2453 1075 2507 eruditionis
1097 2451 1335 2512 eximiae,
1360 2464 1518 2503 suum
1553 2457 1680 2503 tunc
1704 2447 1785 2502 fa-

200 2549 483 2612 miliarem,
539 2545 636 2598 τὸν
689 2545 1002 2616 μακαρίτην
1056 2542 1435 2598 Fransciscum
1485 2539 1782 2594 Areudium

199 2638 436 2694 Cui-aecum
497 2637 821 2700 Calabrum,
865 2646 1052 2706 postea
1105 2635 1416 2704 episcOpum
1448 2631 1778 2694 Nuscanum,

203 2749 313 2786 cura
343 2747 442 2785 sex
469 2727 705 2800 optimis
737 2729 1115 2798 antiquissima
1143 2743 1305 2780 manu
1337 2724 1552 2794 scriptis
1579 2723 1781 2778 codici-

202 2823 312 2885 bus,
340 2824 568 2878 duobus
614 2821 907 2886 Vaticanis,
971 2819 1192 2874 totidem
1242 2816 1629 2882 Altacmsibus,
1676 2831 1784 2869 uno

202 2914 486 2976 Slortiano,
523 2925 688 2969 sexto
723 2910 1024 2968 Barberino
1059 2910 1421 2965 conferendas
1457 2907 1784 2964 lsidorianas

199 3023 379 3062 omnes
407 3002 701 3078 epistolas,
735 3015 926 3060 exacte
962 3003 1210 3072 ascriptis
1234 3018 1332 3073 per
1363 3001 1633 3072 margines
1663 2999 1782 3054 edi-

203 3097 353 3153 tionis
378 3096 712 3151 Parisiensis
739 3096 904 3151 variis
935 3093 1261 3150 lectionibus
1301 3104 1354 3148 et
1387 3090 1783 3162 supplementis

1891 603 2099 655 auctior
2151 613 2199 656 et
2237 607 2577 659 emendation
2639 608 2737 662 Cui
2787 622 2978 677 prmter
3017 623 3166 664 uotas
3225 613 3460 669 Cunradi

1892 690 2218 746 Ritterslmsii
2239 706 2286 746 et
2315 696 2531 749 Audretu
2548 697 2744 751 Scltotti
2761 701 3089 768 adjiciuntur
3112 715 3160 756 et
3184 717 3316 756 notu-
3339 707 3461 759 alii:

1887 795 1952 840 ea:
2002 779 2310 834 lsidoriuuis
2333 783 2707 840 Collatioutbus
2739 787 2883 842 l’etri
2933 789 3139 845 Possini
3179 794 3460 864 diligenter

1889 883 2160 937 excerptw.

1961 959 2018 1014 In
2063 960 2147 1014 bis
2204 961 2394 1019 lsidori
2445 965 2796 1033 editionibus,
2845 969 3201 1028 Parisiensem
3253 975 3376 1030 dico
3404 985 3460 1031 et

1891 1047 2177 1113 Venetam,
2210 1069 2422 1108 excusa:
2463 1065 2591 1110 sunt
2619 1059 2857 1128 epistola-
2889 1063 2972 1117 bis
3001 1065 3146 1119 mille
3174 1076 3229 1121 et
3256 1067 3462 1122 duode-

1890 1139 2274 1196 cim—Liber
2306 1146 2450 1198 enim
2483 1148 2689 1216 primus
2719 1151 3041 1220 quingentas
3080 1157 3322 1211 continet
3356 1157 3457 1230 (a),

1892 1234 2166 1288 secumlus
2196 1244 2486 1297 trecentas,
2521 1241 2715 1293 tertius
2743 1245 3166 1316 quadringentos
3194 1257 3249 1302 et
3279 1250 3459 1304 trede-

1889 1323 2014 1384 cim.
2043 1335 2268 1394 quartus
2312 1328 2573 1383 ducentas
2602 1343 2654 1385 et
2688 1335 2924 1404 triginta,
2959 1347 3014 1390 et
3041 1339 3264 1407 quintus
3298 1341 3458 1410 quin-

1889 1421 2077 1484 gentas
2107 1415 2381 1484 sexaginta
2421 1432 2637 1471 novem.
2669 1419 2822 1476 Errat
2853 1423 3014 1493 igitur
3047 1436 3236 1480 auctor
3256 1443 3461 1499 anony-

1890 1517 2012 1556 mus
2038 1502 2285 1559 Historia:
2306 1507 2823 1580 ecclesiastinc,qu:e
2871 1515 3067 1584 prodiit
3092 1516 3326 1573 Colonia:
3361 1520 3458 1588 (bl,

1887 1594 1977 1661 qui
2002 1594 2188 1648 lsidori
2219 1599 2568 1666 epistolarum
2594 1604 2701 1655 duo
2731 1604 2892 1658 millia
2923 1617 3141 1662 centum
3166 1619 3221 1664 et
3236 1619 3459 1680 septua-

1888 1689 2034 1757 ginta
2080 1705 2274 1744 novem
2322 1707 2551 1748 excusas
2569 1697 2838 1764 opinatur.
2862 1699 3053 1754 Errant
3072 1699 3304 1772 Ignatius
3320 1703 3459 1775 Hya-

1888 1780 2106 1836 cinthus
2151 1783 2217 1836 de
2247 1783 2519 1839 Graveson
2547 1787 2640 1857 (c).
2682 1789 2890 1844 Cavcus
2933 1801 2987 1846 et
3018 1793 3314 1858 Fabricius,
3366 1795 3460 1865 qui

1885 1889 2073 1929 omnes
2103 1876 2291 1930 lsidori
2342 1879 2600 1948 epistolas
2627 1881 2709 1934 bis
2739 1881 2883 1936 mille
2911 1891 2966 1936 et
2995 1885 3254 1940 tredecim
3283 1901 3449 1941 excu-

1886 1979 1972 2019 sas
2013 1981 2134 2020 esse
2179 1968 2534 2024 allirmarunt.
2567 1970 2668 2036 Qui
2701 1972 2893 2026 borum
2923 1975 3162 2030 virorum
3198 1993 3353 2032 error
3392 1993 3460 2034 ex

1885 2073 1951 2112 eo
1981 2059 2168 2128 procul
2197 2061 2361 2116 dubio
2394 2071 2554 2117 natus
2601 2074 2704 2128 est,
2738 2065 2880 2134 quod
2914 2065 3174 2122 Schottus
3217 2070 3460 2139 epistolae

1885 2150 2334 2219 quingentesima:
2368 2155 2717 2224 sexagesima?
2747 2173 2926 2220 nonas,
2957 2175 3078 2228 qua:
3118 2160 3238 2216 libri
3283 2163 3460 2232 quinti

1885 2251 2158 2309 postrema
2215 2251 2319 2303 est,
2353 2243 2586 2311 subjecit
2617 2261 2776 2299 uuam
2806 2248 2983 2316 quarti
3001 2249 3122 2304 libri
3151 2265 3183 2306 a
3236 2266 3295 2306 se
3342 2253 3460 2308 edi-

1887 2337 1994 2383 tam
2025 2333 2378 2387 emendatius
2427 2336 2526 2404 (Δ).

1958 2443 2064 2499 Sed
2096 2447 2138 2499 si
2171 2463 2233 2500 ex
2269 2448 2351 2501 his
2374 2449 2623 2520 colligere
2653 2451 2819 2506 velles
2839 2468 2942 2508 nos
2970 2453 3054 2510 bis
3083 2456 3226 2512 mille
3253 2468 3310 2513 et
3333 2457 3465 2515 duo-

1886 2537 2060 2590 decim
2111 2537 2300 2592 lsidori
2332 2540 2593 2609 epistolas
2622 2542 2824 2598 habere
2853 2547 3195 2614 superstites,
3241 2564 3363 2618 quae
3387 2558 3463 2621 ty-

1889 2628 1971 2697 pis
2001 2645 2214 2684 excusa:
2244 2631 2374 2696 sint,
2414 2633 2554 2687 hultu
2586 2635 2750 2689 dubie
2773 2636 2826 2690 in
2856 2653 3096 2693 errorem
3130 2639 3456 2697 incurreres.

1887 2719 2148 2774 Przrclare
2196 2723 2342 2776 enim
2401 2739 2431 2777 a
2465 2723 2812 2780 Tillemontio
2845 2728 2914 2797 fe)
2949 2729 3295 2786 observatum
3351 2743 3457 2799 est.

1887 2829 2046 2867 unam
2081 2813 2133 2867 in
2165 2814 2300 2869 duas
2333 2830 2724 2887 nonnunquam
2756 2820 3078 2892 discerptam
3109 2838 3230 2880 esse
3253 2825 3458 2897 episto-

1886 2905 2015 2964 lzun.
2041 2906 2188 2962 velut
2217 2907 2338 2961 libri
2372 2925 2424 2963 Iv
2453 2925 2540 2978 ep.
2577 2910 2680 2965 200
2703 2921 2757 2965 et
2784 2913 2909 2980 207,
2934 2925 2989 2968 et
3015 2915 3135 2970 libri
3171 2933 3184 2971 ι
3231 2933 3318 2990 ep.
3351 2919 3453 2975 271

1884 3006 1938 3050 et
1965 2996 2091 3055 272.
2155 2998 2548 3068 nonnullasque
2577 3000 2659 3054 bis
2692 3017 2813 3056 esse
2841 3004 3062 3072 positas,
3093 3023 3320 3075 quarum
3351 3009 3460 3064 duo

1885 3089 2050 3143 affert
2079 3090 2346 3160 exempla.
2374 3090 2442 3145 At
2490 3093 2660 3145 nmlto
2692 3093 2843 3162 plma
2891 3093 3257 3163 lleumannus,
3300 3100 3459 3170 cujus

201 3205 231 3242 e
256 3189 473 3259 regione
495 3189 770 3259 cujusque
801 3188 889 3242 tali
917 3188 1187 3258 egentium
1219 3202 1324 3256 ope
1365 3186 1627 3240 locormn.
1668 3183 1782 3239 lloc
1807 3191 1850 3249 ο
1887 3195 2008 3250 quae
2036 3180 2102 3234 de
2134 3181 2234 3235 hac
2271 3197 2326 3234 re
2358 3183 2465 3251 agit
2516 3193 2697 3236 notam
2733 3185 2836 3238 huc
2867 3188 3223 3243 transcribere
3256 3189 3454 3247 liceat:

200 3278 446 3332 editionis
504 3277 836 3332 Parisiensis
887 3277 1164 3344 exemplar
1223 3274 1449 3330 Carolus
1500 3274 1780 3337 Moronus,

201 3369 488 3439 praefectus
512 3365 865 3423 bibliothecae
884 3363 1216 3430 Barberinaa,
1239 3365 1460 3420 tradidit
1480 3365 1635 3418 l’etro
1660 3358 1785 3416 Pos-

201 3460 311 3514 sino
342 3475 373 3515 e
401 3461 679 3516 societate
710 3457 863 3524 Jesu,
907 3458 1000 3528 qui
1047 3455 1209 3512 hasce
1262 3456 1588 3511 lsidorianas
1618 3452 1784 3508 edidit

200 3551 544 3614 collationes,
587 3551 669 3605 sic
713 3550 782 3604 ab
820 3565 887 3604 eo
924 3560 1170 3616 vocatas,
1203 3547 1483 3618 quoniam,
1518 3559 1576 3600 ut
1612 3543 1782 3616 ipsius

202 3656 313 3700 utar
343 3647 558 3711 verbis,
590 3646 645 3699 in
675 3643 741 3700 iis
767 3641 879 3706 illa.
924 3644 993 3699 de
1031 3660 1135 3715 qua
1168 3639 1298 3706 dixi,
1337 3640 1653 3696 Parisiensis
1687 3641 1780 3695 lsi-

199 3740 305 3795 dori
344 3737 526 3794 editio
570 3754 694 3792 cum
752 3733 1035 3793 codicibus
1080 3736 1223 3790 haud
1280 3735 1440 3805 paulo
1470 3733 1781 3788 melioribus

200 3831 501 3886 confertur.
547 3849 566 3882 ι
609 3830 827 3892 Studui,
880 3837 940 3882 ut
977 3828 1166 3883 scribit
1203 3827 1313 3890 ille,
1351 3836 1546 3881 cuncta
1581 3825 1660 3878 sic
1684 3842 1779 3879 ex-

200 3924 388 3992 plicare
415 3932 485 3976 ut
503 3938 668 3991 quam
702 3919 956 3974 facillime
986 3920 1164 3987 quivis
1187 3919 1355 3974 lector
1376 3918 1779 3988 comparatione

200 4011 293 4064 mei
316 4010 515 4080 scripti
550 4024 674 4062 cum
701 4008 822 4076 ejus
847 4008 1104 4063 editionis
1130 4005 1379 4075 exelnplo
1407 4006 1522 4059 loca
1551 4005 1603 4058 in
1633 4003 1781 4058 edito

202 4101 452 4155 mendosa
490 4100 792 4168 corrigere.
822 4098 1010 4152 mutila
1042 4107 1227 4167 posset
1257 4096 1532 4166 supplere.
1563 4095 1638 4148 Ad
1678 4096 1780 4150 hoc

201 4193 483 4264 diligenter
514 4190 769 4247 adnotavi
821 4190 1198 4260 epistolarum,
1224 4185 1541 4258 paginarum
1585 4193 1638 4238 et
1657 4201 1780 4237 ver-

200 4302 369 4348 suum,
400 4284 478 4341 ad
512 4301 658 4354 quos
683 4283 1096 4337 observationes
1135 4281 1218 4334 ha:
1248 4279 1544 4348 pertinent.
1586 4291 1780 4330 nume-

200 4394 299 4434 ros.
339 4378 682 4446 Plerumque
709 4375 1146 4430 retuliduntaxat
1169 4370 1296 4440 quid
1319 4367 1520 4424 diversi
1545 4365 1776 4422 antnovi

199 4480 427 4525 exstaret
451 4468 602 4538 apud
624 4462 874 4529 codices;
901 4477 1289 4532 nonnunquam
1315 4459 1577 4530 judicium
1597 4473 1775 4512 meum

1890 3291 1908 3323 ι
1948 3269 2222 3332 Sebottus.
2260 3272 2433 3341 inquit
2465 3273 2571 3329 ille.
2601 3274 2828 3342 plurese
2855 3276 3114 3332 Vaticano
3144 3295 3244 3334 suo
3272 3282 3458 3337 codice

1882 3362 2070 3425 edidit,
2097 3364 2344 3432 qua-jam
2378 3363 2536 3418 cdilu‘
2579 3365 2793 3420 fuerant
2844 3382 2874 3421 a
2931 3367 3083 3423 Billio
3111 3371 3196 3425 vel
3249 3371 3456 3428 [litter-

1892 3453 2098 3506 shusio.
2131 3472 2148 3504 ι
2189 3455 2383 3508 Eadem
2415 3456 2560 3508 enim
2607 3466 2687 3511 cst
2719 3458 2836 3512 libri
2868 3474 2901 3514 ν
2929 3475 3016 3529 ep.
3037 3463 3142 3518 259
3171 3473 3225 3518 et
3253 3464 3372 3520 libri
3405 3483 3456 3522 Iv

1883 3559 1968 3612 ep.
2008 3544 2107 3598 H7
2128 3563 2142 3610 ;
2162 3545 2348 3598 eadem
2371 3555 2455 3600 est
2482 3546 2602 3600 libri
2635 3565 2663 3602 ι·
2694 3563 2780 3617 ep.
2808 3549 2869 3603 9i
2904 3559 2959 3604 et
2989 3551 3109 3606 libri
3134 3569 3184 3606 Iv
3209 3569 3296 3624 ep.
3322 3555 3452 3621 H7;
3517 3604 3526 3614 .

1881 3636 2070 3690 eadem
2100 3645 2184 3690 est
2214 3636 2332 3690 libri
2355 3653 2386 3690 γ
2416 3654 2502 3707 ep.
2527 3638 2628 3692 158
2658 3649 2711 3693 et
2736 3641 2855 3694 libri
2890 3657 2940 3695 Iv
2969 3658 3056 3712 ep.
3089 3644 3229 3711 190;
3263 3647 3453 3703 eadem

1883 3738 1965 3780 est.
1993 3726 2111 3780 libri
2145 3744 2175 3780 v
2208 3743 2294 3796 cp.
2339 3728 2406 3783 45
2431 3739 2485 3782 et
2532 3728 2652 3783 libri
2688 3747 2737 3785 tv
2768 3747 2855 3801 ep.
2887 3733 3026 3801 l99;
3054 3765 3123 3777 —
3151 3738 3339 3794 eadem
3369 3749 3455 3796 est

1879 3815 2000 3871 libri
2028 3835 2062 3872 v
2089 3834 2176 3888 cp.
2213 3819 2309 3873 I59
2337 3827 2389 3873 et
2413 3820 2531 3874 libri
2557 3837 2607 3873 tv
2631 3837 2718 3891 ep.
2753 3823 2892 3886 122.;
2926 3827 3118 3881 eadem
3151 3839 3236 3884 est
3266 3831 3385 3886 libri
3419 3847 3453 3888 ν

1877 3923 1966 3977 ep.
2010 3908 2111 3964 187
2167 3919 2221 3963 et
2279 3910 2400 3964 libri
2436 3927 2488 3964 Iv
2519 3927 2606 3981 ep.
2641 3914 2776 3976 124;
2807 3915 2996 3970 eadem
3027 3927 3110 3973 est
3138 3919 3262 3975 libri
3295 3939 3327 3977 v
3360 3938 3447 3993 ep.

1879 4001 1984 4055 524
2013 4010 2068 4055 et
2095 4002 2216 4056 libri
2249 4019 2264 4056 ι
2297 4019 2386 4073 ep.
2425 4004 2549 4058 “255.
2579 4006 2798 4069 Confer,
2830 4009 2909 4063 sic
2956 4001 3099 4064 enim
3132 4014 3305 4084 pergit
3338 4015 3449 4080 ille,

1878 4091 2040 4145 etiam
2072 4091 2192 4146 libri
2243 4107 2276 4146 ι’
2305 4109 2389 4162 ep.
2426 4093 2526 4148 116
2559 4110 2681 4148 cum
2736 4097 2858 4151 libri
2895 4113 2929 4152 ιι
2984 4116 3070 4170 ep.
3109 4103 3239 4169 l62;
3271 4105 3393 4160 libri
3418 4123 3453 4162 v

1877 4179 2162 4249 epistolam
2218 4180 2288 4234 21
2333 4198 2455 4236 eum
2507 4185 2732 4254 epistola
2769 4187 2892 4252 567,
2948 4189 3299 4262 ejusdemque
3327 4196 3450 4252 libri

1877 4270 2162 4340 epistolam
2190 4270 2292 4326 574
2323 4287 2446 4327 cum
2473 4273 2590 4328 libri
2625 4292 2661 4329 ιι
2690 4277 2916 4346 epistola
2948 4279 3069 4344 116,
3094 4297 3229 4352 quas
3256 4300 3447 4354 parum

1877 4361 2019 4416 inter
2087 4377 2146 4416 se
2201 4361 2416 4418 diﬁ'erre
2472 4365 2867 4434 deprehendes.
2932 4369 3043 4425 Nec
3092 4389 3220 4428 vero
3276 4376 3451 4432 solum

1876 4454 2064 4523 quinto
2110 4453 2296 4508 insunt
2342 4456 2479 4509 libro
2505 4457 2748 4526 epistolae
2781 4459 2893 4528 jam
2927 4472 3084 4517 antea
3119 4465 3297 4529 edita}.
3355 4469 3452 4524 sed

199 4560 534 4632 interposui;
577 4575 677 4612 nec
730 4555 1062 4612 dissimulavi
1104 4553 1418 4607 oborientes
1448 4565 1479 4605 e
1509 4548 1778 4602 variarum
1811 4545 1854 4599 D
1884 4542 2258 4612 superioribus
2293 4561 2506 4614 quoque
2553 4548 2604 4600 in
2637 4549 2785 4603 libris
2832 4552 3106 4608 nonnullae
3135 4554 3216 4611 bis
3264 4557 3452 4628 legun-

201 4651 496 4706 lectionum
524 4647 744 4704 indiciis
787 4649 854 4702 de
894 4647 1182 4716 archetypa
1218 4643 1482 4711 scriptura
1506 4641 1784 4708 conjectu-

202 4759 316 4810 ras;
367 4759 501 4797 raro
529 4753 711 4795 tamen
761 4741 811 4794 id
859 4739 984 4800 feci,
1043 4745 1332 4791 contentus
1373 4731 1781 4804 κριτικωτὲροις

202 4835 338 4902 quasi
367 4831 658 4903 aperuisse
682 4844 934 4899 campum
971 4833 1027 4882 et
1056 4824 1399 4880 occasionem
1435 4819 1644 4877 felicius
1679 4834 1779 4892 pro

204 4927 461 4994 cujusque
491 4920 746 4978 acumine
776 4919 1052 4977 divinandi
1080 4917 1396 4989 praebuisse.

265 5015 356 5074 llis
383 5031 524 5072 vero
570 5006 968 5069 Collationibus
1009 5025 1140 5064 usus
1172 5017 1256 5062 est
1287 5013 1478 5061 auctor
1517 5000 1770 5058 editionis

206 5115 312 5172 qua:
340 5101 812 5173 prodiitVenetiis
847 5099 1005 5163 1745,
1039 5098 1094 5151 in
1119 5097 1272 5160 folio,
1305 5094 1407 5150 sub
1441 5094 1543 5147 hoc
1572 5092 1766 5147 titulo:

207 5191 372 5247 Sancti
417 5191 616 5247 lsidori
674 5189 956 5244 Pelusiotte
998 5187 1061 5242 de
1112 5185 1542 5255 interpretatione
1582 5184 1772 5237 divinae

277 5391 347 5466 (ᾳ)
380 5390 689 5466 Ceillie‘rius
719 5389 776 5444 in
801 5389 969 5466 Allist.
991 5395 1318 5466 μέτιμεν.
1372 5392 1418 5438 et
1458 5383 1591 5466 ραι.
1634 5391 1767 5463 tom.

212 5457 340 5527 ΠΗ,
369 5479 428 5516 ea
475 5502 490 5516 .
522 5462 614 5526 ‘22,
643 5469 745 5516 art.
796 5460 853 5524 2,
895 5476 950 5530 p.
985 5457 1107 5521 605,
1141 5457 1338 5510 librum
1389 5457 1623 5523 primum
1653 5457 1773 5522 epi-

213 5533 362 5580 stolas
392 5479 529 5580 D§C
578 5531 863 5580 continere
908 5528 1154 5580 afﬁrmat.
1200 5525 1428 5580 Videtur
1457 5535 1636 5578 autem
1684 5523 1774 5576 ille

213 5533 362 5587 stolas
392 5528 529 5586 ι)Χο
578 5531 863 5585 continere
896 5528 1154 5583 afﬁrmat.
1200 5528 1428 5580 Videtur
1457 5535 1636 5578 autem
1684 5528 1771 5576 ille

219 5617 339 5656 usus
367 5602 532 5676 fuisse
562 5601 860 5676 exemplari
892 5597 1204 5676 Parisiensj,
1237 5596 1430 5676 iu_quo
1466 5595 1771 5676 tvpotheta-

219 5685 326 5752 rum
354 5671 679 5743 negligentia
709 5663 779 5752 et.
810 5668 1019 5750 incuria
1072 5665 1259 5752 ultima
1300 5665 1462 5734 hujus
1494 5663 1616 5718 libri
1657 5663 1774 5733 epi-

224 5742 345 5795 stola
375 5742 475 5796 hoc
494 5757 728 5796 numero
766 5742 1022 5809 insignita
1060 5744 1163 5792 est.
1359 5804 1370 5814 .

285 5811 353 5882 (ὁ)
407 5812 604 5884 Abrégé
655 5811 721 5867 de
772 5811 1032 5866 l’liistoire
1080 5804 1488 5875 ecclesiastique.
1536 5802 1771 5875 Cologne

1881 4640 1988 4687 tur.
2025 4633 2224 4689 Eadem
2255 4645 2401 4690 certe
2427 4647 2511 4692 est
2544 4637 2662 4692 libri
2697 4656 2730 4692 ιι
2764 4641 2989 4710 epistola
3016 4645 3038 4697 1
3075 4655 3130 4699 et
3159 4647 3255 4710 59;
3290 4647 3448 4705 librit

1876 4726 2102 4796 epistola
2125 4727 2195 4783 29
2217 4739 2273 4782 et
2306 4729 2426 4783 libri
2462 4748 2514 4785 tv
2548 4733 2775 4799 epistola
2809 4733 2933 4788 188.
2969 4736 3057 4791 Sic
3087 4738 3248 4794 etiam
3281 4741 3398 4796 libri
3432 4757 3448 4796 t

1875 4818 2102 4888 epistola
2127 4821 2230 4874 503
2251 4820 2439 4875 iisdem
2469 4821 2637 4876 ferme
2663 4825 2842 4880 verbis
2869 4831 3123 4894 occurrit,
3149 4841 3204 4885 et
3229 4833 3446 4902 quidem

1877 4908 1930 4962 in
1957 4909 2092 4965 duas
2111 4911 2306 4974 divisa,
2335 4929 2391 4966 ιι.
2417 4914 2515 4968 271
2549 4923 2603 4968 et
2625 4916 2731 4969 272
2757 4917 2921 4987 (quod
2948 4919 3059 4989 jam
3090 4937 3119 4975 a
3150 4920 3446 4978 Tillemon-

1876 5001 1951 5056 tio
1985 5002 2331 5056 observatum
2364 5003 2509 5073 fuit).
2545 5007 2746 5060 Eadem
2787 5018 2872 5063 est
2917 5010 3080 5064 etiam
3124 5012 3243 5066 libri
3275 5031 3328 5069 IV
3354 5031 3440 5085 ep.

1878 5093 1983 5148 180
2036 5101 2092 5146 et
2132 5093 2254 5147 libri
2291 5110 2330 5148 ιι
2361 5095 2587 5165 epistola
2627 5100 2746 5154 185.
2773 5128 2838 5141 --
2884 5100 2981 5155 His
3027 5103 3094 5156 ab
3123 5103 3444 5161 l-leumanno

1879 5183 2079 5239 notatis
2124 5185 2531 5242 adnumeranda
2580 5198 2684 5255 est,
2744 5191 2820 5245 uti
2846 5190 2957 5260 jam
3005 5194 3212 5249 viderat
3252 5194 3445 5253 Petrus

1881 5383 2036 5445 1752,
2072 5381 2178 5437 vol.
2215 5381 2276 5445 ll,
2310 5397 2361 5453 p.
2395 5384 2517 5440 467.

1947 5461 2023 5534 (ς).
2049 5454 2212 5524 Hyac.
2242 5455 2296 5508 d.
2329 5453 2488 5510 Grav.
2521 5455 2658 5510 Hist.
2687 5458 2809 5513 eccl.
2845 5475 2960 5513 var.
2993 5459 3112 5514 coll.
3145 5463 3252 5534 dig.
3291 5473 3331 5518 t.
3371 5466 3440 5533 ll,

1872 5525 2256 5674 p.(d)|‘.Ea_dem
2307 5595 2646 5674 ratione__ab
2709 5598 3042 5674 lleumanno
3076 5600 3112 5655 1.
3165 5617 3212 5656 c.
3261 5620 3312 5674 p.
3349 5606 3437 5671 12,

1875 5672 2008 5742 ηομ
2028 5663 2212 5742 Iphide
2241 5665 2722 5742 error-explicatus
2752 5679 2953 5742 e_st.__:—
2974 5670 3056 5726 Cf.
3096 5686 3128 5742 p
3179 5663 3274 5728 '57:
3300 5707 3368 5718 -—-

1943 5735 2013 5799 (ε)
2047 5729 2342 5814 Tillemont
2377 5729 2531 5814 lii-st.
2553 5738 2809 5814 eccl._vol.
2840 5738 2957 5808 XV,
2988 5757 3041 5814 p.
3075 5729 3198 5811 8'47,
3235 5755 3348 5802 not.
3381 5749 3434 5804 5.

1873 5801 2030 5858 Hunc
2062 5802 2349 5872 exscripsit
2375 5801 2654 5862 Fabricius
2675 5808 2711 5862 l.
2747 5823 2799 5866 c.
