3924 6416
437 353 506 416 39
1558 342 2234 410 COMMENTATIONIS
2269 350 2463 411 PARS
2502 350 2582 412 II.

437 460 696 521 Pessinus
710 456 951 529 (a),libri
982 473 998 511 ι
1033 456 1260 528 epistola
1283 459 1336 523 4,
1355 472 1475 528 qua
1501 457 1641 513 libro
1679 476 1732 514 IV
1762 459 2017 528 recurrit,
2048 468 2095 526 Α
2191 463 2432 521 Primum
2482 476 2667 521 autem
2708 480 2773 521 ex
2800 482 2869 523 eo
2906 468 3051 539 quod
3081 464 3268 525 lsidori
3293 470 3541 541 epistola
3584 488 3718 530 ma-

435 569 493 608 m
518 567 627 623 quo
654 550 832 605 locum
870 557 1022 602 tenet
1071 548 1195 603 195.
1226 578 1298 588 ——
1342 548 1585 618 Denique
1622 551 1754 604 mihi
1800 551 2020 620 quidem

436 644 560 700 libri
612 660 645 696 v
696 640 924 711 epistola
975 639 1075 694 221
1139 649 1304 711 atque
1336 640 1461 695 libri
1521 658 1582 697 ιιι
1635 643 1865 713 cpistola
1893 643 2020 709 205,

437 736 505 791 de
530 733 727 804 quibus
755 732 1015 801 deinceps
1049 731 1222 786 fusius
1248 749 1489 803 agemus,
1531 734 1720 788 eadem
1754 736 1866 790 visa
1910 746 2017 792 est.

512 827 697 896 Itaque
730 825 816 879 his
844 823 1103 878 omnibus
1149 824 1499 893 computatis,
1531 823 1722 879 lsidori
1777 826 2024 896 epistola

438 916 586 971 mille
615 922 907 985 nongenta
933 911 1227 982 nonaginta
1259 922 1466 982 septem
1488 912 1556 967 ad
1581 923 1818 968 nostram
1850 930 2023 984 usque

438 1015 654 1062 atatem
716 1003 1035 1076 pervenisse
1089 1001 1375 1067 videntur;
1434 1018 1669 1072 eumque
1718 1019 1903 1068 nemo,
1963 1015 2024 1061 ut

439 1099 693 1169 equidem
736 1096 873 1157 scio,
907 1095 1005 1149 has
1038 1110 1231 1149 onmes
1259 1095 1327 1149 ab
1362 1094 1567 1150 Isidoro
1596 1097 1825 1167 scriptas
1853 1099 2024 1153 addu-

436 1190 719 1253 bitaverit,
749 1187 934 1242 statim
980 1187 1048 1241 de
1078 1186 1359 1241 codicibus
1410 1186 1463 1239 in
1495 1187 1696 1256 quibus
1728 1189 1891 1258 hujus
1920 1189 2023 1243 viri

440 1283 688 1355 epistola
719 1279 1075 1335 continentur
1105 1294 1227 1347 qua
1258 1279 1633 1339 innotuerunt.
1664 1280 1865 1334 addere
1892 1296 2023 1351 pos-

440 1391 647 1436 semus,
679 1371 782 1426 nisi
814 1370 1187 1430 Ileumannus,
1211 1384 1369 1437 quem
1390 1368 1875 1441 Hambergerus(b)
1933 1386 2023 1426 se-

439 1467 665 1538 quitur,
724 1465 1015 1535 plerasque
1086 1462 1284 1517 lsidori
1363 1466 1575 1520 litteras
1638 1464 1854 1520 tictitias
1904 1480 2025 1521 esse

445 1567 725 1616 censeret.
756 1557 927 1629 Cujus
974 1560 1252 1614 sententia
1278 1565 1442 1629 paulo
1469 1556 1776 1613 accuratius
1816 1558 2026 1613 exami-

439 1652 617 1707 nanda
647 1658 752 1706 est.

510 1740 862 1797 Heumannus
879 1739 949 1811 (ε)
971 1740 1259 1811 plerasque
1279 1739 1471 1794 lsidori
1485 1738 1758 1810 epistolas,
1773 1750 1835 1793 ut
1856 1738 2027 1809 ipsius

440 1842 564 1889 utar
592 1833 793 1896 verbis.
856 1832 1081 1887 ﬁctitias
1109 1846 1235 1887 esse
1290 1830 1570 1901 Opinatur,
1629 1845 1695 1884 ac
1749 1831 2025 1885 rhetorico
2058 1828 2099 1883 Β

445 1940 599 1981 more
633 1923 992 1995 compositas.
1028 1939 1138 1977 non
1172 1932 1231 1978 ut
1264 1922 1300 1976 ii
1351 1937 1582 1992 quorum
1632 1922 1849 1992 pralixa
1895 1931 2029 1977 sunt

440 2015 663 2071 nomina
696 2030 792 2070 eas
826 2015 1139 2084 acciperent
1195 2014 1569 2085 legerentque,
1600 2015 1697 2069 sed
1731 2024 1791 2069 ut
1842 2016 2024 2085 speci-

439 2110 591 2165 mina
618 2118 805 2164 essent
834 2108 1165 2178 eloquentia
1191 2108 1257 2162 iis
1301 2108 1578 2163 imitanda
1625 2124 1764 2178 quos
1796 2109 2026 2164 haberet

440 2200 682 2256 Isidorus
728 2198 867 2254 artis
899 2199 1117 2254 dicendi
1162 2199 1487 2269 discipulos.
1540 2201 1848 2269 Antequam
1892 2214 2023 2255 vero

440 2291 604 2361 hujus
632 2290 917 2346 sententia
931 2302 1248 2361 argumenta
1266 2290 1439 2345 fusius
1455 2292 1698 2360 exponit,
1723 2291 1906 2346 Suida
1945 2287 2022 2362 (ά)

437 2394 604 2454 atque
634 2383 900 2453 Ephrami
928 2383 1250 2438 Antiocheni
1279 2382 1349 2453 (e)
1407 2382 1475 2437 de
1505 2382 1712 2437 Isidoro
1742 2383 1900 2438 affert
1930 2384 2024 2453 ju-

440 2474 605 2536 dicia,
653 2488 720 2528 ex
754 2473 954 2542 quibus
1010 2472 1157 2528 hunc
1204 2482 1262 2528 et
1293 2474 1572 2527 rhetorem
1603 2483 1658 2527 ct
1700 2473 2025 2543 eloquentia

439 2566 604 2622 laude
634 2565 904 2636 insignem
936 2563 1107 2620 fuisse
1141 2574 1391 2635 apparet.
1421 2564 1558 2619 Tum
1588 2580 1653 2618 ex
1696 2565 1829 2635 ipsis
1861 2565 2026 2621 Pelu-

441 2660 597 2715 siotae
633 2658 890 2728 Epistolis
939 2658 1088 2711 hunc
1121 2657 1256 2711 artis
1285 2656 1573 2712 rhetorica
1622 2659 1755 2712 satis
1796 2674 2024 2729 gnarum

436 2752 611 2809 fuisse
638 2752 894 2816 ostendit,
923 2749 1121 2820 quippe
1152 2750 1205 2804 in
1241 2750 1465 2819 epistola
1483 2750 1550 2804 ad
1576 2749 1754 2804 Nilum
1801 2753 1864 2821 (fi
1900 2767 2024 2805 ora-

443 2845 608 2899 tionis
656 2845 883 2898 virtutes
912 2860 975 2897 ex
1007 2843 1349 2914 Hermogene
1386 2842 1676 2906 describat,
1710 2842 1766 2897 in
1805 2843 1908 2897 alia
1958 2843 2029 2899 ad

440 2935 731 3007 Ophelium
784 2935 1197 3008 grammaticum
1235 2935 1308 3005 (g)
1341 2936 1410 2991 de
1454 2936 1769 2991 charactere
1825 2936 2029 3006 episto-

442 3028 548 3084 lico
594 3029 843 3091 disserat,
875 3027 1183 3097 scribatque
1211 3027 1438 3097 Elaphio
1469 3027 1725 3098 episcopo
1744 3026 1817 3097 (Ii)
1846 3042 2027 3081 acrem

444 3138 687 3179 amorem
730 3119 1083 3189 studiumque
1127 3120 1458 3190 eloquentia
1513 3121 1604 3175 illo
1645 3138 1765 3176 avo
1823 3131 2027 3176 morta-

445 3213 580 3269 lium
624 3214 891 3271 invasisse
943 3212 1175 3265 animos.
1226 3211 1435 3277 Quibus
1465 3212 1789 3266 testimoniis
1832 3212 2030 3268 addere
2056 3186 2101 3246 δ

447 3307 716 3379 potuisset
745 3306 867 3360 libri
897 3304 1072 3375 quinti
1107 3304 1394 3373 epistolam
1423 3303 1854 3359 ducentesimam
1883 3305 2032 3359 deci-

449 3413 593 3453 mam
629 3398 936 3467 septimam,
970 3411 1075 3464 qua
1111 3394 1368 3457 Isidorus,
1403 3409 1527 3448 cum
1564 3394 1632 3448 de
1659 3395 1824 3449 variis
1848 3395 2033 3451 rheto-

450 3504 571 3544 rum
608 3487 896 3559 generibus
916 3492 1060 3556 agat,
1088 3500 1149 3539 se
1181 3483 1347 3553 hujus
1375 3483 1507 3538 artis
1538 3482 1778 3553 peritum
1810 3499 1931 3539 esse
1950 3501 2037 3540 sa-

453 3580 524 3636 tis
559 3593 833 3650 superque
866 3578 1077 3648 probat.
1126 3576 1369 3645 Denique
1399 3575 1754 3631 Heumannus
1791 3578 2036 3634 rhetores

452 3685 565 3725 non
588 3668 762 3724 solum
793 3676 963 3721 artem
994 3665 1404 3720 scribendarum
1438 3663 1814 3734 epistolarum,
1843 3681 2035 3721 verum

453 3761 621 3820 etiam
685 3760 943 3832 epistolas
967 3760 1220 3831 efﬁngere
1247 3760 1471 3829 suisque
1508 3759 1790 3829 discipulis
1816 3759 2038 3813 imitan-

455 3854 649 3909 tandas
667 3852 927 3907 exhibere
956 3851 1328 3913 consuevisse,
1353 3850 1602 3921 pluribus
1624 3850 1823 3921 probat
1848 3865 2037 3905 exem-

454 3946 579 4018 plis,
612 3961 733 4016 qua
769 3954 1018 4013 repetere
1052 3943 1233 3998 taedet.

527 4035 623 4091 His
646 4035 901 4090 omnibus
933 4049 1060 4089 vero
1094 4033 1228 4087 nihil
1257 4031 1424 4098 aliud,
1462 4042 1523 4087 ut
1568 4031 1818 4102 equidem
1855 4047 2041 4099 augu-

456 4145 569 4195 ror,
598 4127 767 4183 voluit
805 4127 1204 4192 demonstrare,
1242 4125 1349 4181 nisi
1395 4126 1626 4196 potuisse
1654 4125 1918 4180 Isidorum
1942 4139 2040 4195 pro

456 4222 741 4277 rhetorum
771 4221 935 4286 illius,
968 4236 1078 4291 quo
1112 4219 1267 4283 vixit,
1310 4220 1411 4274 avi
1457 4218 1856 4274 consuetudine
1885 4216 1938 4270 in
1965 4216 2042 4271 di-

459 4312 793 4382 scipulorum
839 4327 999 4366 usum
1028 4310 1152 4364 talia
1181 4309 1343 4364 edere
1372 4308 1690 4379 specimina.
1725 4311 1804 4363 Ac
1838 4324 1908 4361 ne
1938 4307 2043 4361 hoc

458 4405 679 4476 quidem
706 4402 1033 4458 testimoniis
1070 4402 1174 4455 illis
1220 4402 1351 4456 satis
1383 4400 1668 4470 probatum
1705 4408 1807 4453 est.
1852 4397 2041 4451 Restat

461 4497 629 4562 enim,
666 4504 727 4550 ut
752 4494 1070 4549 ostendatur
1102 4493 1365 4547 Isidorum
1396 4491 1650 4546 habuisse
1680 4490 1811 4543 artis
1834 4489 2037 4542 dicendi

462 4585 780 4655 discipulos.
838 4582 992 4649 Quod
1049 4598 1198 4637 mera
1240 4593 1323 4636 est
1362 4578 1666 4635 Heumanni
1702 4576 2038 4649 hypothesis.

465 4676 575 4733 Sed
599 4692 667 4731 ne
692 4677 748 4730 in
778 4675 1145 4745 suspicionem
1169 4674 1395 4728 nimium
1425 4671 1722 4728 dubitantis
1744 4671 2039 4733 incurram,

463 4768 582 4824 hac
637 4768 802 4823 missa
848 4765 1109 4820 faciamus
1144 4773 1593 4831 transeamusque
1633 4760 1700 4814 ad
1730 4767 2041 4813 accuratam

462 4868 928 4932 argumentorum,
972 4874 1094 4928 qua:
1122 4857 1211 4912 ille
1260 4855 1506 4927 protulit,
1549 4852 1947 4924 expositionem
1988 4855 2045 4904 et

463 4949 927 5023 dijudicationcm.

534 5125 614 5197 (a)
657 5124 808 5197 Ross.
834 5122 1027 5179 Collat.
1059 5122 1252 5197 Isidor.
1284 5137 1336 5191 p.
1351 5119 1424 5197 _9.

537 5184 616 5267 (ὁ)
655 5195 1055 5267 Hambergerus
1077 5196 1131 5248 in
1164 5184 1305 5267 libro
1324 5188 1703 5267 .ZuﬁvAerldssiqe
1738 5184 2038 5267 Ngchrich-

469 5259 557 5323 teri
597 5259 717 5321 'etc.
777 5259 924 5320 tom:
966 5264 1055 5327 Ill,
1101 5280 1152 5333 p.
1215 5263 1335 5317 154.
1396 5259 2041 5333 (Πηεῇιιειικιὶ-ὺιξῌιιςιι

468 5340 645 5394 Kurze
672 5336 1034 5405 [Nachrichten
1068 5326 1167 5388 von
1202 5334 1317 5405 den;
1338 5326 1699 5405 tiornelmisten
1723 5326 2048 5400 Schriftstel—

471 5409 584 5463 Iern
617 5402 706 5461 vo‘r
734 5409 851 5460 dem
886 5407 950 5461 l6
979 5404 1171 5459 Jahrh.
1204 5420 1259 5474 p.
1294 5402 1417 5458 889.

545 5480 614 5549 (ε)
648 5477 840 5549 Heum.
877 5476 913 5530 Ι.
938 5492 987 5531 c.
1021 5474 1122 5549 ἓξ),
1156 5490 1220 5549 ι).-
1245 5474 1332 5549 l5.

540 5538 618 5620 (Δ)
650 5546 847 5601 Suidas
880 5538 1121 5620 appellat
1156 5538 1425 5601 Isidorum
1472 5538 1907 5613 ὲλλογιμὼτατον
1954 5556 2044 5608 φι-

466 5616 694 5698 λὸᾀοςρόχ
730 5635 788 5698 ’ξε
811 5616 905 5670 καὶ
928 5618 1161 5698 ῥήτορα.
1343 5686 1356 5698 _
1585 5681 1618 5698 ﬂ

540 5686 615 5762 (e)
650 5686 1166 5762 Ephraemiverba,
1189 5701 1311 5762 qua
1343 5686 1451 5740 huc
1481 5686 1757 5754 pertinere
1792 5688 2040 5762 possent,

465 5753 616 5816 nulla
646 5753 789 5829 apud
811 5757 1065 5816 Photium
1103 5753 1325 5824 inveni;
1368 5753 1531 5815 atoue
1562 5768 1754 5815 magna
1787 5753 1918 5808 mihi
1951 5759 2031 5809 eat

2122 572 2284 627 gnam
2344 568 2554 628 partem
2598 557 2771 614 forma
2808 570 2998 616 carent
3029 563 3327 632 epistolica,
3362 564 3588 638 collegit
3620 567 3715 637 (ἱ),

2123 646 2411 716 plerasque
2453 663 2519 703 ex
2574 647 2809 712 oﬂicina,
2847 659 2907 705 ut
2950 650 3067 721 ipse
3115 653 3211 719 ait,
3260 652 3536 723 profectas
3583 669 3723 711 esse

2123 736 2417 801 rhetorica,
2450 736 2504 790 in
2530 737 3032 808 discipulorumque
3062 740 3289 810 gratiam
3333 741 3568 798 solerter
3591 742 3722 799 elli-

2122 833 2260 878 ctas.
2305 824 2375 878 At
2414 826 2669 894 equidem
2710 841 2904 881 vereor
2928 843 2998 881 ne
3036 828 3284 898 discipuli
3314 828 3539 885 meritas
3593 846 3717 886 non

2123 910 2336 983 egerint
2389 914 2710 983 praeceptori
2742 929 2843 969 suo
2876 915 3096 987 gratias,
3131 916 3222 983 qui
3278 916 3538 985 epistolas
3573 917 3718 989 ipsis

2123 1002 2405 1073 proposuit
2422 1003 2729 1069 imitandas,
2752 1006 2925 1061 forma
2951 1007 3088 1062 adeo
3113 1008 3393 1078 epistolica
3420 1016 3717 1075 carentes,

2122 1093 2326 1149 omisso
2350 1103 2405 1149 et
2433 1098 2588 1167 χαῖρε
2629 1105 2685 1151 et
2727 1096 2956 1169 ἔρῤωσο.
2989 1097 3141 1165 Quod
3165 1100 3329 1171 igitur
3356 1101 3466 1168 ille,
3494 1102 3580 1157 uti
3608 1117 3716 1156 no-

2125 1187 2259 1240 tavit
2292 1188 2680 1246 Schraekhius
2698 1192 2788 1262 (j),
2806 1194 3093 1249 sententia
3114 1209 3227 1249 sua
3246 1193 3428 1250 favere
3444 1195 3716 1266 opinatus

2124 1283 2228 1339 est,
2256 1276 2439 1333 obstat
2478 1279 2649 1336 multo
2680 1282 2872 1352 magis,
2910 1291 3075 1350 atque
3111 1283 3446 1344 contrarium
3481 1285 3715 1341 videtur

2124 1367 2377 1436 probare.

2199 1496 2306 1554 Sed
2338 1516 2461 1555 eum
2494 1502 2653 1569 infra,
2685 1505 2777 1560 ubi
2812 1504 3149 1563 Schroeckhii
3173 1508 3243 1564 de
3269 1508 3461 1565 lsidori
3490 1510 3716 1582 episto-

2124 1590 2193 1646 lis
2235 1595 2560 1649 seuteutiam
2590 1598 2894 1667 explicabo,
2925 1599 3081 1670 plura
3132 1600 3201 1656 de
3225 1601 3327 1656 hac
3376 1617 3435 1657 re
3470 1603 3714 1659 dicenda

2126 1681 2257 1749 sint,
2296 1700 2414 1738 eam
2458 1685 2677 1741 missam
2734 1687 3013 1756 faciamus,
3048 1706 3442 1763 pergamusque
3471 1694 3717 1764 reliqua,

2126 1787 2249 1841 qua
2304 1777 2532 1845 protulit
2593 1776 2951 1837 Ileumannus
3006 1794 3321 1853 argumenta
3390 1801 3718 1842 recensere.

2129 1863 2312 1936 Pergit
2358 1876 2541 1922 autem
2591 1871 2678 1925 his
2698 1872 2918 1928 verbis:
2965 1872 3129 1928 «Huc
3183 1875 3363 1931 refero
3409 1877 3721 1933 nonnullas

2129 1958 2371 2028 ejusdem
2420 1962 2583 2031 plane
2626 1964 2931 2035 argumenti
2973 1965 3268 2035 epistolas;
3315 1967 3461 2037 quod
3522 1967 3717 2038 ipsum

2128 2060 2280 2106 certo
2302 2062 2386 2108 est
2414 2054 2636 2118 indicio,
2687 2056 2959 2111 rhetorem
2995 2065 3241 2112 nostrum
3284 2059 3579 2116 ostendere
3616 2075 3725 2113 vo-

2128 2140 2295 2199 luisse
2349 2160 2501 2199 suam
2532 2147 2746 2203 dicendi
2802 2149 3033 2218 copiam.
3072 2146 3247 2219 Hujus
3300 2150 3517 2220 generis
3580 2159 3723 2207 sunt

2129 2231 2252 2290 libri
2297 2237 2475 2306 quarti
2522 2238 2749 2307 epistola
2780 2239 3040 2303 secunda,
3085 2241 3248 2294 tertia
3287 2248 3345 2295 et
3388 2249 3611 2310 quarta,
3655 2240 3717 2294 in

2128 2328 2325 2398 quibus
2347 2329 2563 2399 quidam
2597 2329 2838 2385 Psalterii
2867 2331 3017 2386 locus
3048 2331 3240 2386 eodem
3268 2331 3488 2402 quidem
3518 2331 3719 2399 modo,

2128 2421 2226 2477 sed
2255 2423 2435 2478 verbis
2460 2431 2721 2478 tractatur
2744 2431 2863 2480 arte
2891 2425 3131 2483 variatis.
3163 2444 3184 2480 ι

2200 2555 2291 2623 At,
2327 2557 2429 2612 etsi
2457 2558 2641 2629 negari
2675 2560 2825 2615 nullo
2855 2561 3016 2615 modo
3043 2569 3221 2631 potest
3248 2561 3302 2616 in
3332 2561 3562 2632 epistola
3598 2571 3715 2617 ter-

2130 2648 2205 2703 tia
2246 2658 2302 2704 et
2329 2659 2519 2720 quarta
2559 2650 2803 2707 Psalterii
2850 2652 3075 2720 dictum,
3107 2653 3175 2708 de
3202 2669 3311 2723 quo
3358 2654 3413 2708 in
3464 2655 3715 2709 secunda

2130 2739 2241 2809 jam
2267 2749 2447 2796 actum
2481 2751 2589 2806 est,
2620 2758 2922 2809 recurrere,
2949 2753 3133 2799 tamen
3174 2746 3335 2800 nobis
3362 2746 3523 2816 paulo
3546 2762 3717 2801 accu-

2132 2831 2303 2886 ratius
2356 2833 2410 2886 in
2441 2849 2556 2888 rem
2596 2834 3013 2905 inquirentibus,
3045 2837 3352 2893 verosimile
3392 2839 3572 2894 visum
3604 2846 3713 2896 est.

2132 2921 2398 2979 Isidorum
2452 2924 2550 2980 has
2590 2934 2702 2981 tres
2727 2927 2983 2997 epistolas
3016 2928 3258 2996 Zosimo,
3292 2928 3449 2999 cujus
3501 2944 3711 2986 nomen

2132 3015 2386 3070 omnibus
2412 3016 2691 3087 praﬁxum
2726 3026 2828 3085 est,
2876 3035 3065 3075 revera
3104 3022 3334 3076 misisse.
3373 3021 3431 3075 In
3477 3021 3713 3092 epistola

2134 3108 2280 3162 enim
2311 3109 2547 3164 secunda
2577 3110 2766 3166 irridet
2794 3111 3029 3167 Isidorus
3054 3112 3252 3168 Zosimi
3284 3112 3592 3185 stultitiam,
3617 3112 3713 3182 qui

2134 3199 2260 3254 vino
2308 3201 2669 3272 omnibusque
2702 3203 3071 3274 voluptatibus
3103 3204 3320 3260 deditus
3353 3205 3571 3276 precari
3611 3221 3713 3259 au-

2132 3291 2290 3347 deat:
2343 3294 2675 3364 Καθήλωσον
2719 3297 2785 3349 ὲκ
2831 3296 2925 3349 τοῦ
2977 3284 3143 3366 φόϐου
3190 3314 3285 3350 σου
3336 3296 3440 3362 τὰς
3496 3298 3713 3371 σάρκας

2135 3399 2257 3453 μου.
2283 3381 2483 3438 Eorum
2514 3384 2685 3449 enim,
2714 3385 2909 3454 inquit,
2931 3386 3045 3440 hac
3063 3396 3149 3441 est
3170 3387 3409 3456 precatio
3433 3385 3524 3457 qui
3544 3396 3711 3441 ater-

2132 3488 2257 3527 nam
2296 3474 2529 3529 salutem
2588 3474 2714 3529 vita
2760 3474 3050 3531 luxuriosa
3102 3478 3432 3547 praferunt;
3487 3486 3545 3533 at
3594 3492 3709 3531 non

2133 3566 2390 3621 convenit
2423 3567 2526 3622 illis
2556 3569 2648 3638 qui
2705 3578 2829 3625 cute
2867 3571 3004 3626 bene
3044 3581 3229 3626 curata
3282 3571 3430 3642 ipsos
3481 3571 3714 3626 vincunt

2132 3657 2384 3713 athletas.
2412 3657 2626 3713 Etenim
2666 3660 2889 3731 perinde
2925 3676 3085 3733 agere
3109 3661 3308 3735 videris
3333 3677 3397 3717 ac
3424 3662 3469 3718 si
3498 3661 3555 3715 in
3597 3676 3716 3715 me-

2134 3748 2366 3804 retriciis
2395 3750 2607 3805 harens
2632 3753 2968 3822 amplexibus
2997 3754 3271 3822 pudicitia
3323 3768 3548 3823 compos
3592 3751 3711 3807 fieri

2135 3849 2310 3910 optes.
2347 3841 2546 3896 Desine
2593 3842 2754 3914 igitur
2803 3846 2969 3899 vitam
2999 3860 3219 3899 suavem
3264 3845 3591 3915 plenamque
3615 3859 3712 3898 vo-

2138 3929 2437 4000 luptatibus
2465 3931 2695 4003 degere;
2718 3933 3016 4003 comprime
3056 3934 3410 4005 cupiditatem
3440 3935 3713 3989 infinitam

2137 4030 2192 4077 et
2248 4023 2593 4079 inhonestam
2659 4027 2873 4081 assidue
2902 4029 3249 4092 convivantli,
3293 4042 3365 4082 ne
3420 4028 3716 4083 ridiculum

2141 4118 2195 4165 te
2225 4113 2485 4181 praheas,
2518 4129 2641 4168 cum
2671 4115 2771 4169 alia
2815 4118 3071 4187 consequi
3110 4126 3285 4188 cptes,
3316 4117 3420 4171 alia
3466 4133 3614 4188 agas.
3648 4144 3721 4157 -—

2138 4202 2365 4277 Hocest
2398 4205 2585 4276 prima
2613 4207 2680 4261 ad
2716 4208 2987 4263 Zosimum
3017 4209 3259 4280 epistola
3309 4219 3716 4279 argumentum.

2139 4326 2209 4337 —
2239 4295 2312 4350 Ex
2360 4297 2529 4352 altera
2558 4313 2689 4353 vero
2717 4308 2942 4370 apparet
2972 4301 3249 4355 hominem
3286 4300 3436 4354 illum
3465 4313 3718 4355 voracem

2141 4389 2493 4458 respondisse
2534 4389 2764 4454 Isidoro,
2812 4399 2868 4446 et
2922 4391 3257 4447 defensionis
3307 4393 3448 4456 loco,
3484 4401 3546 4447 ut
3602 4389 3719 4446 ﬁeri

2143 4482 2303 4541 solet.
2350 4498 2413 4536 ex
2452 4497 2518 4536 eo
2550 4483 2883 4552 quasivisse,
2913 4500 3202 4553 quamnam
3228 4484 3445 4539 tandem
3484 4484 3722 4554 subjice-

2145 4587 2228 4631 rct
2240 4576 2417 4631 verbis
2444 4576 2580 4631 illis:
2610 4575 2821 4648 Con/iga
2849 4577 3034 4629 timore
3062 4586 3150 4630 tuo
3170 4593 3353 4630 carnes
3387 4593 3556 4640 meas,
3591 4589 3721 4630 seu-

2145 4670 2414 4725 tentiam?
2442 4669 2709 4724 Rcscribit
2732 4670 2877 4724 enim
2908 4660 3184 4723 IsidOrus:
3213 4667 3483 4734 Quoniam
3514 4682 3610 4737 per
3635 4667 3724 4719 lit-

2145 4770 2288 4816 teras
2315 4777 2378 4815 ex
2408 4776 2495 4816 me
2540 4760 2858 4831 quasivisti,
2896 4760 3025 4831 quid
3067 4760 3172 4815 sibi
3202 4760 3335 4816 velit
3360 4760 3566 4814 dictum
3592 4754 3722 4812 illud

2148 4849 2463 4913 Psahnista,
2512 4852 2775 4906 ausculta.
2817 4850 3010 4905 Verbis
3047 4851 3153 4905 illis
3203 4851 3319 4907 hac
3368 4851 3559 4906 subest
3582 4862 3720 4904 ‘sen-

2148 4940 2351 4998 tentia:
2388 4939 2710 4996 Reverentia
2738 4957 2859 5014 erga
2908 4941 3077 4996 Deum
3118 4940 3315 4996 elliciat
3344 4950 3425 5006 ut,
3451 4939 3724 5011 cupidita-

2143 5115 2379 5189 suspicio
2409 5115 2791 5189 Ileumannum
2822 5119 3082 5175 memoria
3114 5117 3326 5189 lapsum
3347 5117 3553 5173 dictum
3582 5119 3723 5174 Eva—

2146 5188 2249 5258 grii
2270 5187 2476 5258 afferre
2504 5187 2762 5243 voluisse.

2223 5257 2284 5328 (ι)
2317 5257 2437 5328 Lib.
2473 5274 2539 5324 v,
2571 5273 2660 5327 ep.
2693 5258 2816 5312 145.

2226 5327 2300 5397 (9)
2335 5327 2452 5382 Lib.
2480 5345 2533 5392 v,
2565 5344 2652 5397 ep.
2687 5329 2810 5382 I35.

2221 5396 2296 5467 (ιι)
2330 5398 2444 5453 Lib.
2474 5416 2530 5462 v,
2563 5414 2652 5467 ep.
2674 5396 2802 5452 201.

2220 5469 2282 5537 (ἱ)
2316 5467 2627 5540 Heumann.
2663 5469 2709 5540 7|.
2744 5484 2794 5523 c.
2823 5467 2962 5540 διο,
2999 5484 3056 5540 p.
3092 5469 3179 5525 16.

2216 5536 2281 5608 (1')
2343 5537 2747 5593 Schroeckhius
2800 5536 2855 5592 in
2920 5536 3171 5594 Historia
3225 5539 3406 5595 eccles.
3448 5536 3724 5593 volumine

2147 5608 2311 5683 ξιιμ,
2345 5626 2398 5678 p.
2437 5610 2564 5683 _525,
2609 5608 2805 5683 _paucis
2832 5611 3073 5683 quidem,
3123 5611 3219 5668 sed
3247 5610 3465 5683 egregie
3510 5611 3579 5666 de
3626 5608 3723 5662 hac

2143 5678 2450 5738 llcutnanni
2476 5678 2732 5750 OpiniOne
2754 5679 3043 5753 judicavit.
