3924 6416
128 409 191 474 εἰ
1204 407 1303 470 DE
1341 407 1683 470 SCRIPTIS
1704 406 2007 469 lSlDORI
2040 406 2302 469 PELUS.
3305 408 3375 472 i2

132 521 264 575 tibus
308 518 598 585 restinctis,
651 515 1009 574 imminuatur
1059 518 1302 589 corporis
1358 520 1414 573 in
1442 519 1683 573 animum
1716 530 1762 587 Α
1789 519 1933 573 bam.
1976 518 2064 573 Illa
2099 528 2282 573 autem
2321 515 2409 573 his
2441 515 2623 571 verbis
2659 517 2971 572 continetur
3008 534 3022 572 :
3058 518 3126 573 El.
3163 519 3255 574 καί
3291 538 3374 574 τι-

130 608 421 681 perniciosa
434 610 516 663 vis
532 609 633 680 (a).
660 608 887 682 Cognita
906 610 1067 682 igitur
1091 610 1191 665 hac
1207 609 1495 665 verborum
1526 609 1697 664 inter-

132 700 419 770 pretatione
444 700 633 755 desine
658 710 753 755 aut
792 701 974 756 verbis
1006 702 1112 756 illis
1133 702 1436 756 Psalmista:
1461 702 1561 763 uti,
1579 710 1693 767 aut,

131 790 172 844 si
199 800 339 845 recte
366 790 442 844 uti
468 792 621 855 velis,
647 807 826 846 mores
854 792 1152 847 dissolutos
1192 793 1389 863 abjice,
1418 808 1696 862 novosque

129 890 267 951 capta
290 924 305 946 ,
335 884 639 952 praesertim
666 899 791 938 cum
823 882 1000 938 ventri
1042 900 1151 939 non
1183 893 1276 939 tuo
1313 885 1435 938 cibo
1467 884 1693 947 servias,

122 972 463 1027 sedaliorum
513 975 589 1028 sis
635 975 843 1029 assecla
905 992 1235 1030 mensarum.
1283 1003 1353 1015 —-
1402 975 1695 1044 Utriusque

120 1065 352 1134 epistolae
386 1076 711 1136 argumento
754 1068 833 1121 sic
871 1068 1143 1137 exposito,
1185 1067 1310 1137 quis
1342 1079 1425 1122 est
1461 1067 1551 1137 qui
1582 1083 1693 1121 non

130 1156 310 1220 videat,
338 1157 616 1211 diversum
658 1173 779 1213 esse
809 1160 998 1213 barum
1029 1159 1335 1213 litterarum
1359 1158 1649 1213 consilium
1672 1158 1696 1211 τ

128 1247 237 1316 quis
287 1258 369 1301 est
396 1247 494 1316 qui
539 1263 651 1301 non
702 1248 987 1319 intelligat,
1026 1248 1295 1303 lsidorum
1335 1264 1446 1303 non
1499 1247 1693 1303 eodem

128 1338 274 1391 modo
299 1339 590 1407 verbisque
606 1348 733 1393 arte
772 1348 981 1393 tantum
1011 1340 1265 1403 variatis,
1298 1340 1377 1393 uti
1413 1339 1695 1393 contendit

134 1426 483 1488 lleumannus,
510 1428 606 1481 sed
632 1429 795 1482 modo
825 1429 984 1497 plane
1013 1429 1232 1483 diverso
1260 1428 1466 1483 dictum
1491 1444 1522 1483 e
1550 1428 1693 1483 Psal-

133 1518 219 1570 mis
236 1519 525 1586 repetitum
558 1519 643 1571 his
677 1518 732 1571 in
762 1518 1009 1588 epistolis
1036 1519 1338 1572 tractasse?
1356 1518 1414 1572 ln
1437 1518 1525 1571 illa
1548 1518 1692 1572 enim

1797 626 1887 673 νες
1915 609 2077 663 δεινοί
2107 610 2214 663 εῑσι
2246 608 2735 681 παραλογιζόμενοι
2768 609 2868 679 μὲν
2909 608 3111 677 λαθεῖν,
3154 611 3373 677 ἁλόντες

1793 701 1853 756 δὲ
1882 700 2368 772 παρακρούσασθαι
2387 716 2402 730 ·
2453 700 2569 754 ἀλλ’
2597 701 2627 753 ὁ
2671 702 2832 770 σόφος
2862 700 3127 769 κρείττων
3170 701 3375 757 τούτων

1795 791 1871 846 ὢν
1900 793 2142 863 φωράσει
2178 791 2276 863 μὲν
2331 791 2429 863 τὴν
2471 793 2706 862 ἀπάτην,
2736 790 2999 859 διελέγεει
3048 790 3107 844 δὲ
3135 791 3231 862 τὴν
3262 792 3371 845 δει-

1796 884 2015 952 νότητα.

1867 971 1924 1026 ln
1963 973 2064 1027 hac
2093 988 2221 1028 vero
2257 973 2325 1027 de
2359 972 2547 1027 tandem
2585 987 2641 1026 re
2678 972 2732 1026 in
2772 972 2916 1028 hunc
2950 972 3169 1027 modum
3205 973 3373 1042 loqui-

1796 1070 1884 1118 tur
1908 1063 2147 1118 Isidorus
2176 1082 2188 1117 :
2222 1064 2283 1116 Ei
2314 1065 2405 1117 καὶ
2433 1064 2537 1116 εἰσί
2564 1080 2708 1126 τινες
2732 1065 2897 1117 δεινοὶ
2930 1065 3027 1135 μὲν
3058 1065 3371 1129 ἀπατῶντες

1794 1154 1999 1216 λαθεῖν,
2052 1156 2214 1209 δεινοὶ⁸
2246 1155 2301 1208 δὲ
2339 1156 2679 1225 φωραθέντες
2722 1155 3221 1224 παραλογίσασθαι·
3254 1156 3369 1211 ἀλλ’

1794 1248 1823 1300 ὁ
1850 1246 2101 1318 θεοφιλὴς
2131 1247 2395 1317 κρείττων
2438 1245 2642 1299 τούτων
2670 1246 3004 1316 εὑρίσκεται,
3058 1247 3218 1316 σοφὸς
3272 1247 3369 1317 μιν

1788 1338 1869 1391 ὢν
1900 1339 2129 1392 συνιδεῖν
2159 1340 2258 1408 τὴν
2291 1338 2527 1409 ἀπάτην,
2566 1336 2870 1408 σοφώτερος
2902 1338 3245 1407 δὲδιελέγξαι
3271 1340 3369 1409 τὴν

1794 1430 1852 1484 ὲν
1880 1431 1992 1492 τοῖς
2024 1429 2206 1497 λόγοις
2234 1430 2621 1500 κρυπτομένην
2649 1429 2943 1497 δεινότητα.

1862 1519 2032 1576 Nemo
2064 1528 2211 1575 certe
2242 1520 2460 1590 negabit
2490 1521 2703 1590 utrique
2738 1522 2977 1590 epistolae
3005 1523 3248 1576 eamdem
3282 1524 3367 1578 in-

128 1609 380 1663 losimum
417 1609 715 1663 ridiculum
764 1624 886 1663 esse
913 1609 1175 1676 ostendit,
1214 1608 1270 1663 in
1308 1608 1410 1664 hac
1458 1607 1691 1662 Psalmi-
1793 1625 1914 1665 esse
1965 1611 2323 1676 sententiam;
2375 1627 2440 1665 ac
2489 1626 2649 1666 nemo
2700 1612 3006 1666 consentiet
3052 1629 3172 1666 cum
3224 1615 3368 1668 Heu-

82 1756 92 1767 ,
126 1710 215 1754 sta:
239 1702 431 1755 dictum
465 1702 880 1771 interpretatur.
1788 1715 2012 1759 manno.
2041 1701 2133 1769 qui
2163 1700 2425 1755 lsidorum
2454 1702 2553 1755 bas
2580 1702 2837 1771 epistolas
2864 1703 3188 1757 scribentem
3214 1718 3365 1760 Suam

192 1790 286 1845 Sed
305 1794 467 1846 etiam
495 1792 573 1847 de
600 1803 792 1862 quarta
818 1793 978 1862 hujus
1009 1792 1132 1848 libri
1168 1794 1394 1865 epistola
1410 1794 1689 1866 agendum
1792 1790 2006 1845 dicendi
2047 1792 2261 1860 copiam
2307 1792 2616 1856 ostendere,
2663 1808 2895 1862 eumque
2936 1794 3213 1863 discipulis
3254 1798 3366 1852 suis

126 1892 235 1945 est;
258 1899 368 1949 qua:
396 1899 537 1937 sane
583 1900 833 1954 magnam
875 1884 1040 1939 habet
1062 1900 1192 1939 cum
1232 1886 1470 1939 secunda
1496 1886 1689 1940 simili-
1722 1896 1762 1949 Β
1790 1880 2063 1949 exemplar
2096 1896 2399 1950 proponere
2432 1882 2671 1936 voluisse
2706 1883 2965 1937 audacter
2990 1882 3241 1937 allirmat.
3274 1884 3366 1939 ln-

134 1974 368 2027 tudinem.
402 1975 581 2028 Docet
622 1976 770 2029 enim
806 1974 1047 2029 Isidorus
1081 1977 1257 2029 virum
1304 1977 1504 2031 virtute
1544 1992 1687 2047 prze-
1788 1972 1925 2043 signi
1962 1974 2167 2027 scilicet
2201 1982 2317 2027 arte
2356 1974 2409 2026 in
2451 1984 2676 2043 utraque
2712 1974 2938 2043 epistola
2978 1975 3203 2029 variavit
3240 1992 3366 2029 ora-

136 2066 281 2117 ditum
327 2076 698 2135 ornatumque
747 2067 872 2134 jure
927 2068 1171 2122 divinum
1198 2084 1400 2122 numen
1433 2069 1500 2123 ad
1528 2084 1686 2138 opem

1797 2062 1990 2115 tionem
2008 2103 2022 2125 ,
2049 2078 2171 2116 cum
2199 2063 2342 2117 viros
2370 2062 2586 2118 fallaces
2612 2064 2667 2117 in
2693 2064 2778 2117 illa
2806 2063 3362 2134 παρα).ογιζομένους.,

130 2153 381 2210 ferendam
421 2156 723 2222 invocare;
758 2172 881 2212 eum
912 2173 1043 2212 vero
1087 2159 1201 2228 qui,
1241 2160 1441 2212 virtute
1477 2158 1685 2222 relicta,

128 2261 421 2314 supremum
476 2247 745 2301 invocare
802 2249 998 2303 audeat
1050 2265 1272 2313 numen,
1306 2251 1392 2304 bis
1436 2251 1689 2320 precibus

134 2336 250 2389 nihil
282 2352 394 2391 esse
435 2338 793 2392 eﬂ'ecturum.
825 2338 959 2405 Qua:
990 2340 1171 2410 igitur,
1217 2340 1287 2394 ita
1318 2340 1463 2394 enim
1492 2341 1685 2411 pergit,

131 2429 237 2482 haec
263 2438 337 2483 est
364 2431 631 2493 amentia,
651 2432 955 2499 quod,cum
986 2432 1149 2485 vitam
1183 2430 1501 2502 ﬂagitiosam
1529 2432 1689 2503 degas

139 2527 186 2572 et
221 2522 510 2587 scelestam,
564 2523 783 2593 precari
856 2524 1055 2578 audes:
1106 2522 1316 2595 Conﬁge
1361 2525 1551 2578 timore
1600 2534 1688 2578 tuo

136 2627 297 2664 carnes
346 2630 509 2666 meas.
536 2611 688 2678 Quae
732 2614 974 2682 precatio
1026 2624 1078 2668 te
1110 2614 1284 2668 virum
1332 2614 1684 2682 petulantem,

144 2700 461 2765 luxuriosum,
491 2704 715 2758 ebrium
762 2720 871 2758 non
918 2705 1093 2759 solum
1127 2721 1237 2758 non
1295 2706 1471 2769 decet,
1503 2722 1687 2761 verum

138 2791 346 2857 ludibrii,
364 2794 467 2847 imo
484 2794 721 2864 periculi
736 2795 993 2864 plenaest
1008 2796 1101 2863 (ιτ).
1122 2796 1345 2850 Conaris
1358 2796 1500 2849 enim
1521 2796 1686 2850 Deum

151 2883 294 2949 ipsum
322 2885 519 2939 fallere.
561 2915 643 2927 --
668 2884 755 2940 Uti
797 2886 959 2956 igitur
981 2885 1239 2947 Isidorus,
1262 2886 1359 2939 cui
1400 2885 1539 2938 nihil
1571 2901 1687 2939 ma-

151 2974 216 3043 gis
234 2974 363 3029 cordi
402 2985 518 3029 erat
567 2990 740 3045 quam
772 2975 1023 3029 homines
1044 2974 1352 3044 petulantes
1376 2975 1447 3028 ad
1477 2974 1690 3029 sobrios

153 3080 364 3120 moeare
388 3083 590 3131 mores,
612 3067 852 3121 secunda
880 3067 936 3120 in
961 3066 1186 3135 epistola
1202 3065 1418 3120 Zosimo
1432 3065 1685 3119 ostende-

144 3168 393 3227 ratpreces
405 3160 522 3228 ejus
540 3175 675 3214 esse
690 3159 943 3213 ridiculas
969 3167 1025 3212 et
1047 3158 1279 3226 ineptas,
1296 3157 1368 3211 ita
1386 3157 1438 3210 in
1462 3157 1688 3227 epistola

1788 2152 1843 2206 in
1874 2154 1975 2207 hac
2004 2152 2345 2217 ἀπατῶντας,
2377 2168 2597 2223 eosque,
2628 2169 2859 2223 quorum
2891 2154 3107 2209 fraudes
3136 2158 3364 2210 detectae

1788 2244 1925 2311 sint,
1964 2245 2019 2298 in
2060 2245 2147 2299 illa
2175 2246 2407 2315 appellet
2448 2247 2694 2313 ἁλόντας,
2737 2246 2791 2299 in
2836 2246 2938 2299 hoc
2978 2247 3360 2318 φωραθένταςς

1785 2349 1912 2390 cum
1945 2336 2172 2401 deinde,
2207 2353 2369 2407 quem
2406 2338 2458 2391 in
2494 2338 2581 2391 illa
2616 2337 2775 2405 σοφὸν
2808 2340 3136 2403 nominavit,
3175 2340 3229 2392 in
3263 2340 3364 2395 hac

1784 2436 1843 2481 et
1875 2426 2127 2497 θεοφιλὴν
2154 2437 2209 2482 et
2244 2428 2424 2497 σοφὸνἸ
2455 2436 2617 2497 atque
2650 2427 2863 2481 illorum
2898 2429 3177 2483 hominum
3216 2431 3364 2484 frau-

1788 2516 2085 2571 dulentiam
2120 2518 2519 2587 vituperantem
2552 2527 2832 2587 nuncupet
2866 2518 3202 2589 σοφώτερσνς
3239 2538 3363 2576 cum

1786 2606 2026 2676 denique
2056 2608 2111 2661 in
2143 2608 2244 2662 hac
2268 2622 2443 2677 pauca
2474 2608 2698 2660 minoris
2730 2608 2987 2661 momenti
3019 2610 3197 2663 addat.
3230 2610 3363 2674 Quis

1789 2712 1919 2752 vero
1958 2706 2063 2763 est,
2101 2698 2193 2767 qui
2241 2698 2436 2752 talibus
2473 2698 2681 2751 artibus
2721 2714 2873 2751 suam
2916 2700 3109 2767 probet
3147 2699 3361 2756 dicendi

1788 2788 2039 2857 copiam?
2068 2789 2191 2857 quis
2219 2797 2303 2842 est
2322 2828 2336 2851 ,
2369 2788 2459 2857 qui
2492 2788 2633 2842 hanc
2662 2789 2987 2857 probaturus
3017 2789 3237 2858 incipiat
3257 2833 3271 2851 ,
3306 2802 3364 2846 ut

1790 2879 2026 2935 Isidorus
2069 2881 2123 2935 in
2169 2890 2395 2950 utraque
2436 2880 2683 2949 epistola,
2717 2896 2845 2934 cum
2888 2882 3149 2949 particula
3195 2884 3365 2954 hypo-

1790 2973 2025 3038 thetica;
2069 2973 2255 3043 jungat
2288 2972 2513 3033 deinde,
2554 2979 2615 3025 ut
2654 2973 2722 3026 ab
2762 2972 2972 3027 Isidoro
3014 2974 3214 3029 factum
3257 2992 3360 3037 est,

1790 3065 2019 3134 primam
2048 3065 2385 3133 alteramque
2412 3065 2703 3119 verborum
2734 3066 3162 3121 enuntiationem
3193 3050 3362 3138 parti-

1789 3156 1929 3210 culis
1964 3156 2062 3226 μέν
2091 3163 2145 3210 et
2172 3156 2266 3222 δές
2298 3166 2351 3211 et
2383 3166 2599 3227 pergat,
2631 3156 2707 3210 uti
2743 3156 3009 3221 Isidorus,
3030 3175 3163 3212 cum
3194 3161 3362 3229 parti-

152 3260 326 3317 quarta,
348 3252 498 3321 cujus
518 3262 909 3323 argumentum
941 3251 1103 3305 modo
1120 3249 1489 3318 exposuimus,
1516 3248 1565 3302 ei
1590 3248 1686 3302 de-
1710 3245 1758 3302 C
1789 3247 1910 3301 cula
1934 3246 2102 3300 ἀλλάῖ
2129 3245 2412 3301 Ηοοιοειιιθ
2442 3263 2548 3301 non
2577 3247 2812 3301 rhetoris
2837 3256 2939 3312 est,
2969 3248 3059 3317 qui
3086 3248 3363 3319 discipulis

154 3353 413 3398 monstrare
436 3354 680 3398 conatur
712 3342 1181 3397 iuvocationemin
1206 3342 1326 3411 ejus
1350 3356 1443 3394 ore
1466 3340 1685 3416 impiam

156 3447 255 3486 esse
280 3443 329 3487 et
354 3435 740 3503 periculosam.
772 3432 977 3499 Quare,
1021 3434 1123 3487 etsi
1152 3433 1474 3486 Heumanno
1498 3444 1692 3484 conce-

153 3521 352 3578 dendum
395 3535 496 3590 est,
530 3541 789 3595 magnam
846 3525 1185 3579 intercedere
1223 3524 1366 3577 inter
1405 3530 1691 3591 utramque

144 3616 399 3682 epistolam
427 3617 1067 3682 similitudinern,tamen
1094 3616 1379 3683 utriusque
1399 3614 1689 3669 consilium

155 3705 390 3761 diversum
423 3724 549 3763 esse
578 3709 731 3762 inter
763 3724 882 3762 sese
921 3708 1044 3777 jure
1068 3706 1326 3760 contendi
1357 3720 1515 3775 posse
1530 3704 1691 3758 .arbi-

152 3803 356 3862 tamur;
390 3798 572 3867 itaque
610 3795 902 3850 Zosimum
935 3797 1035 3850 has
1082 3796 1287 3849 litteras
1315 3808 1501 3847 revera
1534 3808 1691 3847 acce-

155 3884 275 3953 pisse
301 3903 609 3943 censemus.
645 3888 745 3941 Cui
796 3887 1083 3941 sententiae
1130 3886 1191 3940 id
1234 3900 1451 3955 quoque
1479 3884 1693 3938 videtur

156 3976 323 4043 lavere,
350 3987 487 4048 quod
510 3980 711 4034 multa:
734 3979 802 4033 ad
832 3979 1081 4033 eumdem
1115 3978 1261 4031 hunc
1283 3975 1558 4030 Zosimum
1589 3990 1687 4028 ex-

157 4075 276 4121 stant
308 4070 445 4138 apud
492 4070 775 4125 lsidorum
809 4069 1073 4139 epistolas,
1106 4083 1171 4121 ex
1203 4068 1402 4136 quibus
1438 4066 1691 4119 omnibus

156 4171 359 4225 apparet,
396 4176 521 4216 eum
553 4161 729 4215 fuisse
773 4161 934 4214 talem
978 4159 1156 4229 qualis
1183 4168 1236 4212 et
1286 4158 1341 4211 in
1375 4157 1461 4211 his
1490 4156 1692 4209 descri-

158 4242 276 4298 bitur
298 4246 481 4303 litteris
498 4252 593 4319 (c).
635 4249 753 4303 Huc
778 4248 1007 4310 accedit,
1040 4247 1183 4316 quod
1206 4261 1271 4299 ex
1295 4245 1539 4313 ejusdem
1562 4243 1690 4312 epi-

158 4335 269 4389 stola
285 4338 346 4391 ad
368 4341 728 4395 Athanasium
756 4340 1127 4409 presbyterum
1171 4339 1293 4392 data
1318 4337 1396 4407 (d)
1442 4344 1687 4406 apparet,

156 4424 370 4482 vitiosam
398 4431 602 4485 Zosimi
652 4431 817 4485 vitam
862 4431 982 4484 aliis
1032 4445 1249 4499 quoque
1288 4429 1441 4491 viris,
1492 4428 1690 4496 quibus

163 4515 317 4588 κιὶεἰο
345 4520 651 4576 Christiana
678 4520 829 4575 cordi
867 4521 986 4579 fuit.
1022 4520 1191 4574 fuisse
1222 4519 1531 4574 oﬂ‘ensioni.

218 4608 377 4679 Neque
407 4613 646 4683 reliqua,
680 4628 800 4682 quae
830 4613 898 4666 ad
930 4610 1251 4665 sententiam
1287 4626 1437 4663 suam
1474 4610 1689 4664 ﬁrman—

160 4698 259 4753 dam
293 4703 459 4758 attulit
498 4705 877 4768 Heumannus,
918 4703 1163 4771 exempla
1207 4701 1337 4756 satis
1375 4709 1498 4770 apta
1540 4709 1687 4756 sunt.

168 4785 341 4845 Etenim
370 4794 525 4860 idem,
555 4796 755 4866 inquit,
785 4795 1041 4865 reperies,
1072 4795 1114 4848 si
1145 4794 1441 4848 contuleris
1467 4794 1522 4847 in
1552 4794 1692 4847 libro

167 4879 323 4945 θηίηιο
354 4886 603 4955 epistolas
635 4887 746 4941 289
782 4897 837 4941 et
872 4886 996 4949 519,
1031 4900 1187 4955 quas,
1221 4894 1287 4939 ut
1320 4884 1691 4954 unusquisque

167 4966 222 5021 de
246 4970 331 5026 hac
357 4990 411 5029 re
437 4975 582 5031 facili
610 4993 776 5047 opera
798 4977 1042 5046 judicare
1064 4977 1253 5047 possit,
1281 4976 1494 5032 Graecas
1519 4974 1692 5030 ascri-

227 5108 291 5177 (α)
309 5110 467 5167 Verba
493 5113 677 5168 Gneca
702 5123 861 5168 sunt:
895 5112 1072 5183 ῐΙῆξον
1094 5110 1263 5183 αὑτᾲς
1294 5110 1392 5183 (sc.
1410 5108 1682 5183 ,σάμανῦο

227 5126 291 5177 ια)
314 5126 467 5167 verba
493 5126 677 5168 Ericen
702 5126 861 5168 sunt:
896 5126 1072 5183 ιιηζον
1096 5126 1263 5174 αῡτας
1294 5126 1392 5179 (sc.
1428 5126 1682 5232 capitam,

174 5178 425 5254 νέιρῳσον,
451 5186 738 5254 ἀνικήτους
762 5184 984 5254 ποίησον
1008 5182 1145 5254 πρὸς
1161 5181 1375 5254 ἡδονὴν,
1398 5181 1493 5254 αντ
1542 5181 1687 5254 ἥλων

386 5254 412 5304 ὁ
439 5254 526 5316 σὸς
592 5246 851 5323 ἆτηγνύτω
875 5246 1069 5314 ἀύτὰέ
1094 5246 1195 5323 ,καῖ
1248 5246 1542 5323 νεόιρσύτω,
1566 5246 1690 5301 ”κα“ι

178 5317 423 5410 Et???“
450 5324 545 5376 καὶ
578 5317 970 5397 ἀνέθεργήτους
1012 5322 1148 5393 πρὸς
1200 5317 1475 5393 ἁμαρτίαν
1512 5336 1691 5391 παρα-

538 5461 723 5519 Craca
759 5462 840 5517 sic
884 5477 1007 5517 sese
1046 5462 1251 5518 habent
1281 5480 1294 5515 :
1322 5489 1393 5502 —-
1418 5460 1492 5514 Οὺ
1531 5460 1689 5527 μόνον

183 5522 389 5603 {illum
424 5532 558 5601 αὕτη
597 5534 630 5601 ἡ
663 5534 816 5603 εὐχὴ,
856 5532 995 5587 ἀλλὰ
1024 5534 1117 5586 καὶ
1146 5530 1450 5603 ειρῳνξιας,
1489 5522 1689 5603 μξᾷλλον

184 5590 229 5643 it
248 5590 467 5673 sivbb’vou
516 5590 686 5673 μῖξσέή
709 5590 758 5634 ·”
776 5590 943 5671 quod,
972 5604 1073 5673 etsi
1109 5590 1453 5673 ggiitiviilli
1490 5590 1688 5673 aliquo

189 5665 315 5740 19060
342 5665 579 5738 explicari
605 5665 850 5740 possunt,
878 5688 911 5728 e
931 5665 1137 5727 codice
1158 5671 1277 5725 Vat.
1320 5669 1443 5735 650,
1481 5665 1686 5740 adden-

191 5729 289 5810 dum
306 5746 377 5790 est
395 5729 507 5812 sine
537 5729 732 5812 dubio;
759 5729 983 5812 --’ὅταν
1005 5742 1114 5812 γὰρ
1141 5740 1234 5795 τὸν
1259 5729 1541 5812 -ἀκήρατον
1563 5738 1688 5793 νοῦν

192 5809 330 5858 sum
360 5810 493 5879 σιτῇ,
528 5809 564 5862 ἃ
587 5815 757 5865 ποιεῖν
794 5812 855 5865 οὐ
898 5811 1060 5876 θέλει,
1085 5809 1160 5854 ι-
1188 5810 1282 5863 καὶ
1313 5809 1474 5864 αὐτὸν
1507 5825 1685 5881 παρα-

492 5904 761 5968 Parcet.
808 5907 923 5969 (in.
970 5904 1307 5966 LXXVIII.

1789 3342 2048 3410 epistolas
2075 3356 2379 3411 proponere
2404 3342 2519 3394 vult
2548 3340 2853 3394 imitandus.
2881 3371 2949 3380 —
2974 3340 3078 3394 Sed
3107 3342 3361 3410 quoniam

1793 3433 1931 3487 infra
1964 3434 2031 3487 ad
2065 3434 2163 3486 has
2193 3432 2324 3486 mihi
2360 3433 2749 3487 recurrendum
2779 3442 2861 3486 est
2893 3432 3181 3502 epistolas,
3216 3449 3365 3490 nunc

1790 3522 1982 3575 missas
2010 3522 2189 3577 facere
2216 3532 2269 3575 et
2298 3523 2366 3577 ad
2398 3522 2675 3587 ultimum,
2704 3522 2847 3592 quod
2878 3523 3058 3577 attulit
3087 3522 3365 3578 Heuman-

1790 3627 1916 3674 nus,
1948 3614 2253 3682 exemplum
2287 3614 2526 3667 transire'
2544 3614 2720 3668 liceat.

1862 3703 2041 3774 Pergit
2071 3714 2254 3759 autem
2293 3704 2376 3758 his
2407 3704 2587 3758 verbis
2625 3723 2636 3758 :
2678 3724 2696 3755 ‹
2736 3702 2890 3760 Haud
2921 3721 3051 3761 vero
3085 3705 3241 3761 facile
3277 3708 3363 3762 in-

1791 3793 2009 3847 veneris
2037 3793 2319 3862 epistolam
2350 3793 2669 3846 exercitium
2703 3794 2903 3848 scholae
2932 3795 3216 3850 rhetoricae
3247 3813 3364 3849 ma-

1792 3885 1872 3956 gis
1896 3884 2218 3954 sapientem,
2244 3900 2405 3954 quam
2437 3885 2579 3938 illam
2614 3885 2731 3939 libri
2764 3886 3010 3947 secundi,
3038 3902 3157 3956 qua“:
3185 3888 3365 3942 locum

1786 3983 1943 4029 tenet
1969 3975 2323 4029 centesimum
2350 3974 2861 4044 quinquagesimum
2884 3974 3129 4028 tertium.
3150 3976 3237 4029 En
3267 3975 3364 4028 ali-

1791 4068 1933 4137 quod
1962 4068 2081 4138 ejus
2110 4068 2383 4137 specimen
2414 4084 2479 4122 ex
2509 4084 2605 4123 ore
2636 4068 2951 4138 interpretis
2980 4086 2997 4122 :
3035 4068 3128 4122 Vos
3150 4084 3363 4137 mquam

1792 4156 1953 4225 fuerit
1982 4158 2239 4209 rationem
2270 4156 2423 4219 inire,
2453 4172 2557 4225 qua
2589 4158 2724 4210 hanc
2755 4159 3147 4211 insectationem
3181 4158 3364 4212 oblite-

1792 4248 1950 4309 retis;
1977 4247 2318 4301 obliterabilt's
2345 4257 2541 4312 autem,
2560 4249 2607 4301 si
2638 4250 2706 4302 ad
2735 4250 3000 4302 meliorem
3029 4259 3250 4303 mentem
3280 4266 3364 4302 re-

1790 4340 2024 4403 dieritis;
2066 4340 2297 4393 redibitis
2336 4348 2533 4404 autent,
2574 4341 2619 4393 si
2657 4338 2959 4409 Scripturas
2993 4357 3176 4394 sacras
3215 4358 3365 4395 veras

1793 4450 1900 4487 esse
1933 4434 2293 4496 credideritis;
2326 4433 2543 4487 credetis
2576 4442 2775 4494 autem,
2809 4433 2855 4485 si
2876 4432 3209 4485 continenter
3238 4433 3365 4500 ipsis

1794 4524 2077 4591 fruamini;
2115 4524 2363 4592 fruemini
2404 4533 2599 4585 autem,
2638 4525 2682 4577 si
2723 4541 2905 4577 earum
2945 4533 3168 4578 mentem
3206 4525 3366 4578 intel—

1795 4612 2055 4678 lexeritis;
2097 4613 2394 4684 intelligetis
2431 4623 2639 4679 autem,
2684 4615 2730 4667 si
2770 4615 3041 4668 assiduam
3082 4630 3202 4667 cum
3242 4615 3366 4669 viris

1792 4704 1971 4757 divina
2007 4705 2268 4772 sapientia
2308 4705 2541 4773 prcditis
2572 4705 3002 4758 consuetudinem
3044 4705 3366 4768 habueritis;

1792 4793 2041 4847 habebitis
2074 4803 2269 4857 autem,
2304 4795 2351 4847 si
2381 4795 2565 4847 vitium
2607 4795 2878 4864 fugeritis;
2925 4796 3133 4865 fugietis
3166 4804 3363 4859 autem,

1789 4883 1837 4935 si
1862 4897 2041 4951 mas
2054 4885 2163 4953 ipsi
2187 4884 2537 4952 impendentes
2564 4884 2871 4949 timueritis;
2898 4885 3140 4939 timebitis
3165 4896 3364 4947 autem,

1788 4974 1836 5028 si
1869 4973 2037 5029 Deum
2071 4992 2179 5030 esse
2200 4976 2564 5041 credideritis;
2590 4977 2814 5030 credetis
2847 4960 3047 5040 autem,
3076 4978 3120 5031 si
3156 4993 3183 5031 e
3219 4984 3365 5029 tanto

1794 5109 2087 5181 κρούεσθαι
2115 5109 2257 5164 θέλει
2281 5108 2372 5164 τὸν
2403 5110 2619 5180 κρίτην.

1870 5182 1938 5250 (c)
1993 5180 2319 5251 Monendnm
2352 5188 2436 5234 est
2470 5195 2564 5235 eas
2592 5196 2804 5245 omnes,
2837 5198 2958 5251 quae
2981 5189 3075 5234 aut
3102 5181 3168 5235 ad
3216 5181 3361 5236 Zosi-

1794 5249 1962 5321 mum,
1996 5251 2173 5304 autad
2199 5249 2475 5321 Zosimum
2512 5249 2889 5321 presbyterum
2915 5253 3054 5321 datae
3077 5258 3223 5314 sunt,
3246 5251 3330 5321 epi

1797 5320 1964 5375 stolas
1996 5320 2170 5374 eidem
2201 5320 2573 5390 viroscriptas
2595 5320 2818 5376 esse.—
2838 5322 2928 5376 Cf.
2957 5320 3053 5375 lib.
3090 5338 3126 5377 ι.
3155 5337 3240 5390 ep.
3274 5320 3362 5386 61,

1798 5390 1924 5452 128,
1968 5390 2090 5453 1341-,
2124 5390 2247 5455 135,
2278 5388 2399 5451 110,
2443 5390 2566 5455 181,
2597 5390 2723 5453 223,
2756 5391 2879 5457 ⁸515,
2922 5392 3047 5454 547,
3080 5388 3206 5454 582,
3238 5391 3364 5456 456,

1796 5458 1937 5525 ι65;
1973 5459 2068 5513 lib.
2104 5475 2165 5523 ιι,
2199 5475 2287 5527 ep.
2324 5459 2411 5521 38,
2448 5460 2537 5516 4|.
2573 5460 2696 5526 1‘24,
2730 5462 2853 5528 155,
2904 5462 3021 5524 157,
3068 5460 3191 5525 158,
3240 5461 3363 5524 171,

1797 5530 1921 5602 172,
1956 5529 2589 5602 βδεδδδεξρδςηιίι).
2623 5545 2706 5597 m,
2732 5546 2819 5602 ep.
2854 5531 2941 5595 36,
2983 5532 3193 5602 61,97,
3234 5530 3363 5598 s75,

1793 5598 2078 5726 2930535,
2110 5600 2235 5665 366,
2266 5598 2405 5665 406;
2450 5600 2544 5655 lib.
2595 5616 2667 5668 tv,
2699 5598 2789 5671 ep'.
2846 5602 2985 5668 184;
3041 5601 3135 5657 lib.
3193 5617 3248 5666 v,
3274 5615 3363 5672 ep.

1832 5706 1846 5735 ,
1872 5678 1980 5724 etc.

1863 5739 1940 5812 (d)
1973 5738 2091 5795 Lib.
2119 5754 2181 5808 ιι,
2212 5754 2300 5810 ep.
2331 5740 2453 5796 162.

3016 5900 3056 5962 2
