3924 6416
480 369 561 435 ’43
1598 358 2273 422 COMMENTATIOle
2310 360 2500 420 PARS
2537 362 2619 420 Ιῐ.
3682 356 3758 420 LI

486 488 662 556 furare
702 482 1032 535 emerseritis.
1072 478 1182 534 Sed
1226 480 1353 545 ohe,
1396 480 1474 534 sic
1515 480 1663 533 enim
1709 480 1883 550 pergit
1924 479 2069 533 lleu-
2096 482 2140 537 Α
2172 487 2261 545 pta
2309 477 2544 548 quippe,
2590 478 2665 532 uti
2717 477 2832 549 ipse
2880 479 2989 542 ait,
3038 480 3106 535 ad
3154 480 3465 536 Grrecorum
3512 478 3759 545 liberos,

487 590 742 635 manuus,
763 574 875 639 jam
907 572 1039 626 satis
1069 580 1172 627 est.
1202 572 1269 627 Et
1299 572 1419 641 plus
1444 572 1616 626 altero
1648 580 1799 625 tanto
1828 570 2075 640 sequitur

487 667 803 739 gradatione
845 665 981 735 pari.
1020 664 1175 731 Quis,
1217 679 1422 734 quaeso,
1466 665 1609 720 serio
1652 664 1724 719 ita
1765 665 1965 719 scribat
2005 663 2072 718 ad

487 753 854 825 quemquam?
896 773 917 803 1
958 783 1029 794 —
1066 754 1283 808 Nostris
1323 754 1662 822 temporibus
1700 763 1849 809 certe
1885 769 2071 819 nemo,

487 848 577 917 qui
603 848 769 902 salem
799 847 977 900 habet.
1001 844 1114 900 Nec
1139 846 1306 915 magis
1333 846 1532 899 nostris
1560 847 1899 917 temporibus
1924 847 2075 916 quis-

487 954 674 1006 quam,
708 936 797 990 cui
833 937 1117 990 subactum
1152 945 1235 989 est
1265 935 1551 1005 judicium,
1584 936 1796 991 Veteris
1830 936 2074 1006 Novique

488 1026 828 1081 Testamenti
868 1026 1011 1079 dicta
1052 1024 1130 1079 sic
1169 1024 1638 1093 interpretabitur,
1680 1025 1758 1079 uti
1798 1026 1966 1079 multa
2004 1025 2072 1079 ab

488 1118 696 1174 Isidoro
732 1119 996 1188 explicata
1036 1125 1183 1171 sunt.
1219 1117 1357 1171 Num
1400 1118 1524 1172 inde
1564 1118 1939 1187 consequitur,
1975 1117 2075 1172 lsi-

488 1212 679 1266 dorum
708 1211 1082 1281 epistolarum,
1106 1210 1305 1279 quibus
1332 1210 1529 1281 inepta:
1555 1219 1650 1264 aut
1674 1211 1915 1266 ridicula:
1939 1226 2074 1265 con-

491 1304 736 1359 tinentur
775 1304 1163 1372 prophetarum
1204 1302 1288 1357 vel
1329 1302 1701 1371 apostolorum
1744 1302 2073 1373 interpreta-

491 1394 689 1459 tiones,
737 1405 1013 1449 auctorem
1061 1410 1171 1448 non
1221 1395 1377 1449 esse?
1419 1394 1550 1461 Quae
1594 1395 1993 1465 argumentatio
2040 1411 2073 1450 a

470 1488 709 1541 rnemine
752 1486 966 1555 probari
1013 1494 1221 1556 potest;
1266 1501 1429 1555 quam
1475 1488 1521 1540 si
1568 1487 1865 1556 rejicimus,
1911 1488 2073 1543 simul

481 1580 646 1633 cadet
671 1577 978 1631 Heumanni
1004 1578 1369 1632 ratiocinatio.
1394 1577 1663 1633 Caeterum
1694 1580 1825 1633 mihi
1853 1581 2071 1650 quidem

489 1677 790 1738 praeceptor
811 1667 970 1720 talem
994 1666 1277 1736 epistolam
1302 1666 1583 1736 discipulis
1607 1667 1922 1723 imitandam
1949 1686 2074 1739 pro-

2176 570 2506 639 eosdemque
2553 587 2773 642 pueros,
2822 573 2912 643 qui
2961 572 3145 645 fugere
3192 574 3349 628 ludos
3392 573 3655 643 jubentur
3702 580 3764 626 et

2176 662 2504 729 spectacula.
2546 663 2678 717 Nam
2723 664 2766 719 si
2814 665 2955 720 hanc
2997 682 3121 720 cum
3166 682 3251 731 ea,
3294 682 3410 735 quae
3455 663 3759 727 antecedit,

2175 752 2400 821 epistola
2440 754 2756 817 contuleris,
2794 771 2901 825 quo
2941 757 3105 811 modo
3145 756 3385 811 Isidorus
3426 754 3493 809 ad
3536 754 3763 809 adoles-

2175 852 2364 897 centes
2394 844 2635 899 scribere
2662 846 2922 916 potuerit,
2951 846 3446 918 intelliges.Verbis
3474 846 3621 900 enim
3652 846 3765 899 hu-

2169 936 2260 1007 jus
2288 937 2551 1006 epistolze,
2574 953 2694 1007 quas
2718 938 2841 992 data
2868 947 2950 992 est
2975 939 3041 993 ad
3072 937 3400 1008 Harpocram
3428 936 3759 1007 sophistam,

2175 1026 2378 1081 ultimis
2404 1027 2640 1081 Isidorus
2664 1028 2921 1091 declarat,
2946 1044 3005 1083 se
3029 1030 3097 1083 ab
3118 1044 3184 1083 eo
3209 1037 3559 1098 provocatum
3584 1027 3762 1079 etiam

2173 1119 2242 1173 ad
2276 1119 2651 1174 adolescentes
2684 1131 2907 1190 propter
2934 1121 3129 1174 malam
3162 1117 3536 1173 educationem
3570 1116 3763 1185 pravis

2174 1211 2420 1265 moribus
2444 1221 2692 1266 assuetos
2716 1212 3000 1282 scripsisse
3028 1211 3119 1282 (c).
3143 1210 3294 1277 Quod
3323 1210 3366 1263 si
3394 1210 3493 1264 has
3519 1208 3585 1262 ad
3610 1207 3762 1262 Har-

2172 1316 2392 1371 pocram
2430 1302 2635 1357 litteras
2670 1318 2780 1357 non
2816 1302 3031 1357 ﬁctitias
3066 1316 3187 1357 esse
3220 1315 3441 1365 censes,
3477 1312 3656 1367 neque
3694 1295 3765 1349 il-

2173 1393 2301 1459 lam,
2340 1410 2461 1464 qua:
2502 1394 2810 1450 Grmcorum
2853 1394 3038 1449 liberis
3080 1394 3280 1464 scripta
3323 1401 3428 1456 est,
3465 1390 3761 1461 epistolam

2173 1484 2446 1538 rhetorico
2475 1499 2627 1538 more
2657 1482 3011 1553 compositam
3043 1496 3163 1536 esse
3192 1480 3362 1536 dices.

2243 1598 2445 1664 Quinto
2476 1597 2597 1652 loco
2630 1597 2792 1651 affert
2823 1596 3177 1650 Heumannus
3234 1592 3356 1647 libri
3390 1607 3428 1646 Il
3467 1589 3761 1661 epistolam

2177 1687 2313 1753 251,
2347 1687 2503 1743 Petro
2535 1688 2849 1757 inscriptam
2878 1685 3131 1755 apostolo.
3162 1683 3427 1752 Inscripta
3456 1690 3642 1735 autem
3672 1688 3763 1733 est
3817 1674 3828 1685 ⁸

491 1774 701 1869 P‘menf
722 1758 906 1869 limis“
930 1758 1145 1860 νίιίξῖυξτ
1167 1774 1287 1869 εῇδθ
1310 1758 1544 1861 ξίῑεηίοτν
1569 1775 1731 1830 quam
1760 1763 1850 1831 (ιυὶ
1880 1762 2071 1833 11⁸11³5·
2101 1812 2145 1869 Β
2172 1774 2353 1840 Petro,
2390 1778 2456 1832 ad
2493 1791 2655 1846 quem
2693 1776 2812 1830 alia:
2850 1789 3065 1845 quoque
3103 1775 3410 1843 complures
3445 1772 3585 1825 data:
3624 1778 3762 1825 sunt

481 1849 699 1905 cemodi
732 1849 939 1904 litteras
967 1848 1135 1903 mittit
1164 1849 1346 1905 alicui.

558 1966 803 2020 Alterum
851 1982 978 2020 vero
1028 1975 1440 2036 argumentum,
1487 1982 1596 2037 quo
1644 1967 1857 2023 efﬁcere
1904 1969 2073 2025 voluit

494 2057 877 2121 fleumannus,
933 2066 992 2111 ut
1045 2057 1161 2127 ipse
1215 2058 1292 2111 ait
1346 2059 1484 2129 (α),
1539 2059 1829 2130 plerasque
1882 2060 2071 2115 lsidori

474 2149 747 2218 epistolas
768 2164 888 2204 esse
912 2149 1149 2215 ﬁetitias,
1174 2149 1298 2204 inde
1321 2152 1611 2220 repetitum
1635 2161 1739 2216 est,
1764 2153 1907 2223 quod
1930 2168 2071 2207 non-

487 2243 653 2305 nulla:
687 2241 903 2310 scriptae
938 2242 1047 2296 sint
1079 2242 1146 2295 ad
1185 2258 1279 2297 eos
1312 2243 1402 2312 qui
1439 2244 1622 2298 vivere
1654 2245 1857 2299 dudum
1894 2246 2073 2301 desie-

493 2343 616 2388 rant
648 2352 661 2387 :
694 2333 861 2387 veluti
896 2333 1021 2387 libri
1053 2348 1067 2386 1
1099 2333 1326 2402 epistola
1358 2334 1483 2399 457,
1514 2335 1580 2389 ad
1612 2334 1941 2400 Oribasium,
1972 2336 2071 2391 Ju-

492 2427 619 2479 liani
656 2426 999 2496 imperatoris
1031 2427 1331 2493 medicum;
1367 2428 1612 2497 adeoque
1644 2428 1870 2494 dudum,
1904 2440 1966 2484 ut
1996 2431 2073 2483 ait

491 2520 611 2581 ille,
644 2519 770 2577 illuc
804 2527 1056 2572 avectum
1089 2518 1234 2573 unde
1262 2534 1423 2573 nemo
1455 2520 1613 2573 redit.
1644 2519 1799 2585 Quod
1826 2530 2071 2575 veterum

491 2611 819 2679 scriptorum
856 2608 1181 2663 testimoniis
1216 2610 1555 2679 probandum
1594 2619 1698 2665 est.
1738 2610 1870 2664 Nam
1904 2611 2072 2666 Julia-

492 2717 596 2754 nus
630 2701 771 2755 diem
808 2715 1123 2770 supremum
1163 2701 1299 2755 obiit
1335 2717 1479 2755 anno
1515 2702 1648 2765 561,
1684 2715 1796 2772 quo
1829 2710 2072 2773 tempore

490 2791 771 2846 Oribasius
798 2791 1024 2846 forsitan
1055 2791 1271 2862 triginta
1296 2792 1380 2846 vel
1406 2794 1761 2863 quadraginta
1784 2810 1955 2850 annos
1976 2811 2072 2849 na-

492 2893 611 2948 tus,
645 2884 808 2953 hujus
835 2884 1019 2937 saeculi
1053 2883 1214 2937 ﬁnem
1246 2885 1481 2953 novique
1512 2886 1725 2939 initium
1755 2887 1941 2941 videre
1971 2903 2072 2957 po-

494 2975 614 3037 tuit.
648 2991 826 3046 neque
856 2975 1121 3029 lsidorum
1151 2976 1446 3045 quidquam
1477 2977 1826 3046 impediebat,
1857 2979 2073 3048 quomi-

493 3084 596 3122 nus
622 3069 832 3121 medico
863 3067 939 3121 illi
972 3066 1327 3121 celeberrimo
1357 3068 1597 3122 mitteret
1625 3070 1928 3139 epistolam.
1964 3070 2069 3124 Sed

2175 1868 2438 1936 epistolze.
2463 1866 2735 1933 Qumritur
2754 1882 2850 1921 cur
2871 1866 2961 1921 ille
2982 1865 3250 1921 addiderit
3273 1864 3495 1933 apostoli
3527 1877 3757 1917 nomen.

2174 1958 2489 2029 Respondet
2529 1959 2643 2029 ipse
2680 1958 2873 2012 :llunc
2894 1957 3216 2030 signiﬁcare,
3258 1972 3367 2010 non
3406 1955 3569 2009 alium
3606 1953 3763 2007 illius

2173 2050 2348 2104 relatis
2365 2049 2605 2115 Petrum,
2629 2050 2824 2119 partim
2853 2065 2916 2103 ex
2943 2048 3269 2102 allocutione
3299 2060 3628 2117 cognoscere
3659 2060 3763 2097 no-

2173 2141 2260 2195 bis
2293 2142 2539 2196 videmur
2575 2139 2836 2209 (Quonam
2879 2150 2927 2194 te
2970 2140 3177 2193 nomine
3216 2138 3505 2207 appellem,
3546 2136 3759 2205 inquit,

2174 2234 2311 2302 quod
2343 2233 2445 2285 tuis
2475 2249 2574 2302 par
2600 2233 2669 2285 sit
2700 2232 2966 2300 meritis),
2997 2232 3192 2301 partim
3221 2246 3288 2284 ex
3316 2228 3558 2299 epistolae
3587 2242 3761 2297 argu-

2174 2333 2378 2377 mento.
2411 2323 2541 2377 Illud
2574 2323 2708 2377 nihil
2738 2332 2822 2377 est
2853 2322 2958 2376 nisi
2989 2321 3183 2377 blanda
3212 2336 3344 2385 vox,
3374 2335 3479 2389 qua
3511 2320 3759 2373 Isidorus

2174 2417 2337 2470 etiam
2375 2416 2431 2470 in
2471 2415 2589 2469 aliis
2625 2415 2870 2485 epistolis
2907 2414 2975 2469 ad
3014 2414 3149 2469 alios
3183 2413 3324 2467 datis
3358 2425 3757 2480 nonnunquam

2174 2524 2306 2563 usus
2338 2517 2421 2562 est
2454 2508 2562 2578 (d)|;
2594 2507 2699 2562 hoc
2732 2507 2867 2561 adeo
2898 2506 3093 2577 probat
3125 2503 3480 2559 contrarium.
3514 2502 3760 2557 Isidorus

2173 2601 2318 2653 enim
2352 2600 2579 2669 exponit
2610 2599 2775 2653 haece
2806 2599 2859 2652 in
2891 2598 3119 2669 epistola
3150 2611 3342 2652 causas
3371 2611 3469 2650 cur
3496 2594 3759 2649 mortales

2172 2691 2372 2746 Christi
2410 2701 2465 2745 et
2500 2691 2865 2761 apostolorum
2907 2690 3206 2745 doctrinam
3244 2689 3495 2742 lubenter
3530 2701 3759 2756 recepe-

2174 2784 2302 2847 rint,
2330 2783 2626 2851 statuitque
2657 2783 2756 2836 has
2784 2782 2951 2837 fuisse
2977 2781 3068 2834 τὸν
3095 2780 3252 2849 λόγον
3278 2780 3571 2850 ἀξιόχρεων
3599 2779 3755 2837 ὄντα.

2171 2876 2262 2929 τόν
2289 2891 2349 2927 τε
2382 2874 2579 2946 τρόπον
2608 2873 2715 2926 τῶν
2745 2873 3140 2943 κηρυττόντων.
3172 2873 3336 2926 Petro
3369 2870 3608 2941 apostolo
3645 2870 3759 2923 sci-

2173 2967 2300 3021 licet
2331 2967 2449 3022 haec
2482 2966 2664 3021 omnia
2696 2966 2968 3035 explicare
3000 2965 3189 3019 debuit
3216 2964 3390 3034 quinti
3422 2964 3604 3018 saeculi
3641 2977 3758 3018 mo~

2173 3060 2411 3114 nachusl
2448 3058 2623 3124 Quid?
2645 3058 2788 3127 quod
2827 3058 2894 3111 de
2931 3055 3188 3126 apostolis
3227 3066 3479 3123 tanquam
3518 3054 3585 3109 de
3622 3053 3759 3107 viris

492 3156 669 3232 placet
708 3156 1011 3210 concedere
1054 3154 1364 3211 Oribasium
1403 3156 1606 3211 Juliani
1651 3160 1919 3214 medicum
1958 3161 2067 3230 jam
2096 3141 2140 3201 C
2173 3150 2486 3220 jamdudum
2525 3148 2783 3213 mortuis,
2817 3162 2942 3201 cum
2981 3146 3101 3201 illos
3134 3146 3366 3215 appellat
3399 3145 3756 3216 οὐρανοπο).1-

490 3256 767 3301 mortuum
814 3246 1002 3301 luisse.
1050 3246 1204 3301 Unde
1251 3248 1469 3301 tandem
1513 3248 1865 3305 lleumannus
1907 3252 2073 3307 habet

492 3347 830 3407 compertum
861 3338 958 3390 has
984 3336 1174 3389 Isidori
1204 3336 1270 3390 ad
1296 3336 1602 3390 Oribasium
1627 3339 1896 3394 medicum
1924 3340 2072 3396 litte-

493 3442 583 3482 ras
606 3428 759 3481 datas
780 3441 902 3480 esse
924 3426 990 3480 ad
1013 3423 1321 3479 Oribasium
1342 3424 1541 3479 Iuliani
1567 3427 1857 3481 medicum.
1882 3428 2073 3483 Nonne

491 3519 630 3573 alius
675 3518 867 3573 eodem
917 3517 1140 3571 nomine
1190 3517 1450 3587 praeditus
1496 3517 1782 3573 Pelusiotaa
1830 3528 2074 3590 tempore

492 3610 678 3666 vivere
706 3609 922 3679 potuit?
951 3608 1109 3674 Quod
1137 3608 1183 3663 si
1210 3609 1521 3673 statuimus,
1551 3610 1855 3665 Heumanni
1886 3611 2073 3667 conci-

490 3705 574 3759 dit
611 3702 900 3759 sententia.
937 3703 1090 3757 Licet
1126 3712 1307 3757 autem
1349 3713 1609 3767 statuere,
1649 3720 1772 3758 cum
1816 3704 1918 3774 ipsi
1958 3705 2075 3774 epi-

492 3793 644 3848 stolas
672 3792 879 3845 nullum
912 3791 1042 3845 insit
1066 3792 1355 3863 vestigium
1374 3831 1389 3855 ,
1419 3807 1449 3846 e
1476 3809 1586 3863 quo
1614 3794 1867 3865 colligere
1896 3796 2073 3864 possi-

492 3902 616 3941 mus
645 3886 787 3939 hanc
815 3884 877 3938 ad
907 3882 1107 3938 Iuliani
1140 3884 1406 3938 medicum
1437 3884 1616 3939 datam
1645 3902 1783 3941 esse.

564 3975 720 4042 Quod
767 3990 894 4028 vero
941 3973 1291 4028 Ileumannus
1337 3976 1618 4030 contendit
1663 3979 1902 4046 ejusdem
1948 3981 2072 4036 libri

494 4064 775 4134 epistolam
802 4063 925 4128 59I,
948 4063 1014 4117 ad
1038 4062 1306 4117 medicum
1331 4064 1618 4132 quemdam
1646 4066 1903 4135 scriptam
1928 4084 2069 4133 esse,

495 4155 569 4208 ita
600 4164 659 4209 ut
684 4155 847 4208 etiam
878 4154 995 4208 haec
1024 4153 1095 4208 sit
1124 4153 1510 4208 documentum
1540 4154 1856 4211 variationis
1886 4159 2073 4213 rheto-

494 4249 640 4311 ricae,
674 4262 824 4301 error
849 4257 932 4300 est
961 4256 1055 4300 aut
1083 4245 1273 4314 ipsius,
1306 4254 1401 4299 aut
1428 4246 1772 4317 exemplaris,
1801 4265 1910 4319 quo
1940 4266 2070 4305 usus

493 4348 597 4394 est.
635 4338 693 4392 In
731 4354 853 4393 meo
889 4338 1037 4392 enim
1074 4339 1191 4393 haec
1227 4338 1454 4407 epistola
1492 4338 1616 4393 data
1653 4348 1737 4395 est
1772 4342 1839 4395 ad
1875 4342 2071 4397 Dome-

495 4431 658 4485 stium
677 4428 747 4499 (b)
782 4430 1073 4495 medicum,
1106 4445 1283 4499 neque
1313 4430 1367 4482 in
1398 4428 1744 4486 Rittershusii
1775 4434 1937 4498 notis,
1968 4450 2071 4489 nec

496 4521 549 4574 in
600 4520 741 4574 Petri
788 4520 996 4575 Possini
1023 4520 1414 4575 Collationibus
1440 4522 1545 4574 ulla
1592 4531 1777 4577 notata
1812 4536 1915 4588 est,
1952 4541 2072 4594 quae

497 4612 801 4666 Heumanni
831 4613 1153 4667 sententiam
1181 4614 1438 4677 ﬁrmaret,
1457 4615 1737 4685 scriptura:
1764 4615 2069 4673 diversitas.

568 4704 701 4769 Qua:
740 4719 869 4757 vero
912 4704 979 4759 de
1022 4705 1249 4775 epistola
1291 4706 1358 4761 ad
1397 4705 1702 4762 Oribasium
1744 4708 1903 4777 paulo
1945 4717 2073 4765 ante

496 4796 733 4851 diximus
760 4795 867 4851 dici
897 4795 1060 4850 etiam
1092 4807 1320 4866 possunt
1352 4797 1419 4851 de
1447 4797 1677 4868 epistola
1702 4788 1826 4853 libri
1859 4816 1903 4865 1,
1939 4799 2067 4867 108,

497 4885 565 4941 ad
598 4886 953 4940 Proaaresium
986 4887 1305 4955 sophistam,
1335 4886 1565 4942 Oribasii
1597 4889 1880 4959 aequalem.

568 4974 751 5046 Neque
778 4975 1082 5039 manifesto,
1111 4978 1185 5031 uti
1213 4979 1467 5045 opinatur
1490 4978 1865 5044 lleumannus,
1893 4981 2070 5036 ﬁctio-

496 5082 622 5122 nem
678 5067 1053 5121 scholasticum
1091 5070 1269 5138 prodit
1304 5069 1424 5123 libri
1457 5087 1489 5125 v
1522 5070 1747 5139 epistola
1784 5071 1903 5137 186,
1939 5073 2072 5127 scri—

568 5241 645 5313 (a)
677 5238 1097 5313 ll»en_ma_nnusl.
1130 5254 1179 5293 c.
1212 5238 1264 5313 ᾗ.
1297 5239 1387 5305 XI,
1421 5257 1475 5313 p7.
1520 5241 1605 5303 17,
1641 5241 1727 5296 18.

542 5310 641 5380 ’(6)
693 5310 825 5363 Cod.
862 5310 987 5363 an.
1024 5312 1296 5379 Δομετιῳ;
1321 5312 1465 5380 quod
1489 5321 1717 5366 notante
1742 5311 1905 5366 Petro
1942 5310 2072 5366 Pos-

500 5381 618 5435 sino
647 5389 702 5432 et
735 5380 786 5432 in
813 5381 914 5435 cod
964 5380 1069 5433 Alt.
1106 5390 1301 5433 exstat.

576 5452 642 5518 (ε)
674 5450 878 5514 Grzeca,
936 5466 1054 5519 qua:
1095 5449 1201 5503 huc
1246 5458 1494 5519 spectant
1533 5452 1717 5516 verba,
1750 5452 1867 5505 haec
1896 5460 2023 5505 sunt
2056 5470 2068 5505 :

514 5520 729 5592 Ἐπειδὴ
758 5520 813 5573 δὲ
846 5521 941 5592 καὶ
970 5519 1066 5590 τὴν
1115 5520 1258 5592 λὲμὴν
1298 5520 1518 5592 κινῆσαι
1547 5522 1794 5592 χλῶτταν
1827 5522 1934 5574 δεῖν

520 5537 729 5588 emtor,
758 5537 813 5573 οε
846 5537 941 5573 και
970 5537 1066 5590 την
1120 5537 1258 5589 εμην
1298 5537 1518 5587 κινησαι
1547 5537 1794 5644 ἶλωτταν
1827 5537 1934 5574 οειν
1962 5537 2069 5592 ῳη-

502 5590 621 5659 οης,
654 5590 729 5652 ὡς
768 5590 977 5661 μεγάλα
1017 5590 1137 5642 τινὰ
1170 5591 1327 5661 (ὅπερ
1380 5591 1478 5643 οὐκ
1523 5609 1551 5643 o
1582 5598 1701 5661 μαι)
1745 5592 2069 5656 ἁνύσουσαν,

502 5661 587 5712 ἵνα
622 5663 697 5730 μὴ
726 5660 862 5731 δόξω
890 5664 1185 5731 cer/tunam,
1220 5660 1312 5713 ml.
1344 5662 1477 5731 πρὸς
1496 5662 1692 5725 αὐτοὺς
1726 5662 1997 5731 γέγραφα.

574 5734 651 5795 (τι)
685 5730 817 5783 Nolo
848 5730 1030 5783 laudes
1060 5730 1490 5785 commemorare
1520 5732 2067 5799 quibusomatlsido-

502 5816 601 5855 rus
633 5802 725 5855 lib.
758 5817 814 5863 11,
837 5816 924 5871 ep.
961 5799 1075 5865 151,
1109 5801 1494 5871 'I‘hcophiltnn,
1524 5803 1792 5856 Timolhei
1825 5806 2069 5868 fratrem,

2172 3258 2292 3305 τας,
2324 3242 2576 3311 loquatur
2606 3240 2909 3303 Pelusiota;
2940 3238 3085 3308 quod
3113 3246 3261 3292 certe
3290 3253 3398 3290 non
3431 3236 3681 3300 fecisset,
3712 3235 3755 3290 si

2173 3332 2454 3402 discipulis
2481 3332 2729 3401 exemplo
2753 3330 3043 3385 ostendere
3066 3329 3345 3389 voluisset,
3371 3342 3478 3398 quo
3506 3328 3667 3381 modo
3690 3326 3757 3380 ad

2173 3422 2393 3478 Petrum
2421 3424 2727 3492 apostolum
2758 3422 3109 3477 scribendum
3138 3429 3301 3476 esset.
3333 3419 3456 3474 Haac
3486 3420 3598 3489 ipsa
3634 3434 3759 3473 sen-

2175 3515 2317 3570 tiens
2345 3514 2699 3570 lleumannus
2728 3515 2904 3585 pergit
2933 3514 2988 3567 in
3021 3514 3167 3567 hunc
3197 3513 3418 3567 modum
3451 3530 3465 3566 :
3504 3530 3522 3562 1
3562 3509 3757 3579 Majori

2174 3609 2497 3678 clariorique
2530 3609 2648 3678 iure
2680 3608 2823 3662 inter
2849 3606 3062 3662 ﬁctitias
3091 3605 3351 3675 epistolas
3379 3603 3669 3658 referimus
3698 3601 3760 3655 li-

2176 3701 2259 3755 bri
2288 3719 2319 3756 v
2354 3716 2443 3770 ep.
2462 3699 2586 3763 461,
2606 3698 2672 3753 ad
2693 3699 2973 3752 mulierem
2998 3697 3252 3766 scriptam
3274 3695 3495 3749 nomine
3508 3694 3756 3748 Theano.

2175 3792 2280 3848 Usa
2322 3792 2539 3863 quidem
2583 3792 2687 3845 hoc
2728 3791 2949 3843 nomine
2988 3797 3072 3843 est
3110 3788 3216 3843 ﬁlia
3254 3788 3339 3841 vel
3385 3803 3519 3841 uxor
3554 3786 3757 3855 Pytha-

2174 3899 2334 3954 gorae.
2370 3882 2501 3947 Quae
2533 3898 2656 3936 cum
2692 3880 2858 3935 fuisse
2892 3880 3101 3951 legatur
3132 3878 3491 3950 phi1050pbize
3524 3879 3752 3940 cultrix,

2173 3984 2358 4028 noster
2405 3972 2641 4027 Isidorus
2690 3971 2742 4025 id
2788 3971 3027 4025 nominis
3073 3971 3215 4026 haud
3265 3970 3501 4025 absurde
3545 3970 3756 4024 allinxit

2172 4065 2385 4119 mulieri
2433 4064 2757 4118 Christianae
2802 4061 3061 4133 professa:
3108 4062 3543 4131 philosophiam,
3587 4076 3753 4131 quam

2173 4160 2513 4224 exhortatur,
2545 4166 2606 4211 ut
2638 4171 2751 4210 suae
2784 4154 3140 4225 professionis
3175 4171 3402 4222 memor,
3433 4171 3503 4209 ne
3536 4156 3755 4210 studeat

2174 4253 2387 4321 placere
2420 4252 2572 4305 viris.
2613 4269 2632 4302 1
2675 4250 2734 4303 111
2777 4249 2861 4303 his
2902 4250 3068 4303 multa
3108 4257 3236 4303 sunt
3268 4248 3647 4316 vituperanda.
3682 4276 3754 4289 --

2172 4344 2411 4399 Primum
2449 4344 2593 4398 enim
2634 4343 2825 4411 probet
2860 4338 3212 4395 Heumannus
3244 4355 3468 4395 necesse
3503 4348 3617 4406 est,
3651 4339 3751 4393 lsi-

2174 4438 2367 4492 dorum
2420 4435 2473 4489 id
2522 4435 2757 4488 nominis
2809 4432 3067 4501 affinxisse
3122 4430 3333 4485 mulieri
3383 4429 3748 4485 Christianam

2178 4526 2435 4598 professa:
2476 4524 2893 4595 pliilOSOpIiiam.
2934 4523 3084 4577 Unde
3117 4523 3262 4576 enim
3300 4522 3463 4576 habet
3497 4535 3747 4592 comper-

2176 4628 2323 4683 tum,
2354 4617 2639 4671 Pelusiotae
2674 4622 2919 4684 tempore
2951 4614 3231 4668 mulierem
3268 4614 3372 4667 hoc
3403 4611 3624 4665 nomine
3655 4627 3747 4665 or-

2175 4720 2355 4764 natam
2392 4723 2497 4761 non
2534 4706 2770 4760 vixisse?
2804 4735 2873 4747 —
2906 4705 3112 4758 Deinde
3146 4704 3224 4757 illi
3264 4703 3746 4758 demonstrandum

2175 4807 2292 4854 erat
2318 4798 2401 4853 his
2425 4799 2480 4853 in
2507 4797 2703 4851 litteris
2728 4796 2794 4850 de
2820 4795 3044 4849 muliere
3070 4796 3152 4865 agi
3180 4795 3514 4866 pliilosOpha,
3545 4795 3599 4848 in
3626 4794 3749 4864 qui-

2175 4892 2278 4947 bus
2306 4906 2375 4944 ne
2405 4906 2571 4943 unum
2601 4898 2683 4943 est
2711 4888 2873 4956 hujus
2902 4886 2979 4941 rei
3005 4886 3309 4957 vestigium.
3334 4918 3399 4928 -
3422 4887 3665 4955 Denique
3696 4882 3747 4937 id

2176 4980 2415 5036 nominis
2456 4981 2598 5035 haud
2636 4979 2869 5034 absurde
2905 4979 3119 5032 mulieri
3155 4977 3477 5034 Christiana:
3514 4978 3747 5033 allictum

2181 5086 2301 5128 esse
2344 5072 2557 5126 ostendi
2596 5080 2826 5141 oportet.
2865 5069 3005 5135 Quid
3042 5070 3229 5125 enim?
3264 5070 3576 5142 Pythagora:
3618 5081 3750 5123 uxor

2178 5244 2481 5313 quibusque
2512 5242 2755 5304 fratrem,
2779 5241 3080 5313 quibusque
3107 5241 3471 5298 Theodosium
3502 5243 3745 5297 cumulat

2178 5312 2491 5383 episcopum
2509 5313 2603 5383 lib.
2630 5328 2691 5383 11,
2716 5328 2803 5381 ep.
2824 5312 2919 5383 23l
2944 5329 2959 5377 ;
2986 5312 3110 5383 nolo
3133 5328 3320 5383 eoru_m
3352 5314 3589 5375 nomina,
3610 5327 3749 5383 quos

2177 5377 2393 5438 vocavit
2422 5383 2513 5438 ille
2545 5378 2590 5435 ὦ
2618 5377 2935 5454 φιλοᾶοφίας
2955 5381 3217 5454 ,ἄγαλμα
3250 5377 3295 5434 ὦ
3317 5377 3747 5454 φρονήσεωξτέ-

2179 5471 2341 5523 μενος
2382 5468 2747 5523 enumerare;
2790 5451 2923 5523 satis
2948 5451 3129 5523 habeo
3180 5451 3503 5507 sententiam
3561 5453 3746 5523 paucis

2176 5521 2493 5595 probavisse
2516 5522 2800 5595 exemplis.
2844 5521 3043 5595 §cribit
3082 5531 3264 5595 autem
3293 5524 3531 5595 Isidorus
3543 5521 3747 5595 _Cyrillo

2176 5588 2269 5646 lib.
2306 5611 2364 5654 ll,
2406 5609 2495 5662 ep.
2550 5588 2773 5657 127ξ-
2810 5591 2908 5662 τῆς
2941 5591 3040 5660 σῆς
3072 5592 3247 5645 τοίνυν
3292 5594 3459 5657 ἐστὶν,
3495 5588 3657 5660 (ὧὶί
3687 5607 3745 5643 σε

2174 5664 2412 5726 καλέσας
2443 5661 2617 5729 dilui;
2662 5661 2987 5733 προσείπῳς
3058 5662 3435 5733 μεγαλονοίας·
3488 5680 3612 5733 (ιυεε
3667 5662 3745 5714 lo—

2174 5734 2373 5799 quendi
2404 5732 2635 5790 formula
2664 5731 2897 5786 recurrit
2931 5731 2983 5783 in
3032 5732 3259 5800 epistola
3296 5732 3363 5786 ad
3401 5731 3743 5790 Aminonium

2176 5802 2269 5857 lib.
2306 5818 2362 5867 11,
2400 5818 2488 5873 ep.
2524 5803 2643 5869 166,
2666 5812 2721 5857 et
2746 5801 3040 5855 Palladium
3067 5803 3157 5866 lib.
3196 5818 3275 5868 Ill,
3309 5819 3395 5873 ep.
3428 5804 3513 5861 75.
