3924 6416
250 367 307 431 t5
1284 369 1387 429 DE
1426 367 1765 429 SCRIPTIS
1804 367 2095 427 ISIDORI
2126 365 2368 427 PELUS
2508 412 2509 415 γ
3381 338 3455 429 t6

245 477 314 532 vel
341 474 434 529 tilia
464 474 673 528 Thema
706 472 809 528 fuit
840 474 1196 546 philosopha;
1232 479 1376 547 quod
1411 479 1478 534 de
1512 479 1769 543 muliere,
1803 482 1848 539 Α
1873 476 2039 530 vitam
2080 477 2381 531 concedere
2426 473 2682 545 placeret,
2722 489 2784 530 ex
2826 473 2931 529 hac
2974 488 3031 530 re
3073 474 3304 543 nullum,
3342 493 3452 549 quo

246 569 302 623 de
324 581 417 635 qua
449 566 497 619 in
530 566 608 620 his
641 566 817 636 agitur
847 566 1071 635 litteris,
1108 568 1186 621 uti
1216 569 1327 638 jam
1360 570 1625 634 diximus,
1660 585 1769 623 non

243 666 445 722 constat;
482 657 581 711 fuit
617 657 787 727 patris
826 657 1182 728 philosophia:
1224 661 1407 717 dedita
1441 662 1524 716 vel
1560 662 1770 727 mariti;

244 749 397 804 lsidori
432 749 645 803 Theano
675 748 875 804 Christi
913 751 1195 815 doctrinae,
1236 768 1358 823 quae
1391 755 1458 809 de
1494 756 1611 825 ejus
1645 771 1773 809 sen-

243 843 379 896 tentia
409 840 601 894 nullam
627 850 782 894 certe
818 841 1009 895 habuit
1043 857 1167 895 cum
1202 841 1521 915 Pythagorae
1562 846 1774 915 placitis

241 932 625 987 similitudinem.
673 930 849 997 Quare
899 933 1135 987 absurde
1182 936 1386 1004 egisset
1436 936 1677 992 Isidorus
1726 937 1772 992 si

239 1023 458 1077 Theanus
498 1023 715 1077 nomine
757 1033 1009 1077 ornasset
1056 1024 1339 1079 mulierem
1386 1026 1771 1082 Christianam.

237 1114 391 1184 Neque
420 1115 517 1168 hoc
547 1113 699 1178 fecit,
732 1115 826 1168 sed
857 1116 1006 1169 misit
1034 1116 1176 1172 hanc
1205 1119 1488 1187 epistolam
1517 1120 1773 1187 Theano,

237 1206 333 1258 viro
358 1204 585 1268 cuidam;
616 1205 762 1273 quod
794 1220 860 1258 ex
894 1205 1010 1275 ipsa
1047 1206 1434 1279 inscriptione,
1468 1211 1683 1281 Θεανῷ,
1716 1221 1777 1266 ut

238 1297 282 1349 in
321 1295 551 1349 omnibus
600 1296 751 1349 libris
799 1299 1188 1369 manuscriptis
1238 1301 1520 1371 hucusque
1567 1303 1776 1358 collatis

238 1394 398 1445 exstat,
420 1384 593 1454 colligi
622 1400 780 1453 posse
807 1386 1060 1441 arbitror.
1086 1387 1300 1443 Etenim
1328 1391 1373 1444 si
1400 1391 1466 1446 ad
1492 1392 1776 1447 mulierem

239 1482 337 1533 data
360 1489 513 1543 esset,
540 1482 892 1536 scribendum
922 1480 1116 1537 fuisset
1144 1481 1371 1552 Geavoi;
1400 1487 1543 1555 quod
1574 1497 1629 1542 et
1660 1488 1778 1559 ipse

238 1570 545 1624 lleumannus
594 1572 879 1637 sentiens,
935 1574 1350 1643 inscriptionem
1403 1578 1777 1649 corrigendam

238 1676 330 1713 esse
356 1668 565 1725 censet,
594 1674 929 1733 causamque
960 1665 1122 1734 hujus
1147 1668 1502 1724 correctionis
1530 1685 1779 1739 quaeren-

241 1751 355 1805 tibus
379 1752 545 1816 nobis,
561 1753 673 1807 Res
704 1756 841 1824 ipsa,
873 1756 1167 1824 respondet
1196 1757 1306 1822 ille,
1338 1760 1553 1825 clamat,
1585 1762 1777 1816 mulie—

238 1843 359 1897 brem
388 1856 633 1899 ornatum
668 1856 801 1901 nota
838 1847 978 1901 allici
1017 1849 1287 1903 censoria.
1324 1849 1455 1916 Quae
1489 1853 1683 1917 verba,
1716 1854 1774 1908 ni

237 1935 380 2000 fallor,
420 1936 631 1991 initium
685 1939 850 2009 hujus
898 1942 1142 2010 epistolae
1188 1951 1458 2013 spectant,
1499 1947 1643 2015 quod
1692 1949 1776 2005 his

237 2026 383 2079 verbis
413 2028 725 2081 continetur
760 2046 774 2082 :
811 2031 875 2082 Ἦ
912 2031 1235 2099 φιλοκοσμία
1270 2034 1365 2087 καὶ
1402 2037 1434 2105 ή
1472 2036 1581 2089 τῶν
1613 2037 1776 2091 λίθων

237 2115 363 2186 ἄνθη,
386 2118 471 2171 καὶ
500 2118 594 2171 τοῦ
624 2120 831 2189 χρυσοῦ
859 2124 893 2191 ἡ
925 2123 1058 2193 πρὸς
1086 2123 1307 2188 τούτους
1334 2127 1653 2197 ἀνάκρασις,
1682 2130 1777 2182 καὶ

236 2207 464 2277 aitle
490 2210 717 2271 ἑλικτοὶ.
749 2213 842 2265 καὶ
868 2214 1156 2285 ὀφθαλμῶν
1179 2218 1516 2287 ὑπογραφαὶ,
1535 2220 1629 2272 καὶ
1648 2220 1778 2273 κάλ-

236 2298 336 2363 λους
366 2302 647 2371 σοφισμὸς,
684 2306 779 2357 καὶ
810 2306 867 2357 αἱ
903 2307 1028 2374 περὶ
1079 2306 1251 2360 ταῦτα
1292 2312 1666 2380 κακοτεχνίαι,
1702 2307 1777 2365 ὧν

238 2406 307 2453 σε,
333 2406 380 2442 κ.
406 2407 454 2443 τ.
482 2390 530 2443 λ.
561 2391 703 2457 Quae
730 2409 860 2447 vero
895 2395 1075 2448 omnia
1109 2413 1260 2466 teque
1295 2401 1425 2453 viris
1457 2402 1546 2470 qui
1582 2403 1777 2458 mulie-

238 2478 377 2545 ribus,
400 2495 457 2533 ac
485 2482 812 2537 mulieribus
839 2499 959 2552 quae
985 2485 1113 2539 viris
1142 2488 1361 2542 student
1388 2489 1619 2559 placere,
1648 2508 1778 2546 con-

236 2571 441 2624 veniunt.
470 2571 670 2626 Nonne
705 2573 858 2626 multi
893 2576 1062 2628 nostri
1091 2578 1196 2631 avi
1229 2578 1602 2634 adolescentes
1630 2597 1779 2651 gem-

235 2661 319 2714 mis
357 2678 466 2717 sese
508 2666 823 2719 exornant?
864 2683 1047 2723 nonne
1084 2684 1326 2740 gemmas
1371 2687 1503 2726 auro
1545 2673 1779 2729 inclusas

235 2752 470 2820 gestiunt?
504 2771 697 2809 nonne
739 2744 1108 2813 calamistrum
1153 2761 1442 2827 adhibent,
1487 2766 1778 2835 multisque

237 2844 348 2908 aliis,
371 2861 482 2914 qua:
506 2848 879 2903 instrumenta
906 2850 1130 2905 luxuriat
1155 2860 1303 2916 sunt,
1330 2862 1575 2909 utuntur.
1601 2856 1779 2921 Quare

236 2937 447 3004 equidem
474 2956 579 2993 non
609 2941 777 2994 video
804 2956 902 2994 cur
928 2942 1246 2997 Heumanno
1276 2945 1591 3000 muliebrem
1618 2962 1779 3002 orna-

237 3034 329 3078 tum
350 3037 464 3082 nota
485 3030 625 3085 allici
654 3032 902 3085 censoria
925 3034 1223 3089 concedere
1245 3036 1557 3090 debeamus.
1580 3069 1649 3078 —
1671 3037 1778 3093 Sed

236 3114 308 3169 his
344 3135 541 3190 quoque
579 3124 870 3177 concessis
909 3132 1093 3179 nostra
1133 3141 1222 3181 res
1264 3127 1409 3181 salva
1447 3129 1580 3192 erit,
1618 3130 1778 3183 dum-

236 3210 370 3262 modo
394 3220 735 3275 statuamus,
784 3215 1066 3268 mulierem
1114 3215 1477 3271 Christianam
1525 3217 1780 3275 Theanus

234 3302 424 3356 nomine
451 3300 708 3359 ornatam
737 3305 927 3361 lsidori
962 3310 1297 3377 temporibus
1320 3311 1538 3367 vixisse.

291 3392 611 3467 Quapropter
640 3412 821 3467 neque
849 3399 1021 3454 altero
1049 3400 1152 3454 hoc
1180 3412 1521 3472 argumento,
1548 3404 1638 3459 cui
1669 3412 1781 3459 tam

234 3485 428 3541 multum
464 3490 667 3545 tribuit
700 3489 1086 3555 Heumannus,
1123 3494 1254 3547 satis
1289 3493 1524 3548 ﬁrmavit
1557 3505 1781 3551 senten-

234 3574 337 3628 tiam
363 3593 527 3634 suam.
555 3579 773 3645 Quibus
797 3581 1059 3651 expositis
1083 3582 1241 3637 nobis
1266 3583 1334 3638 ad
1363 3584 1579 3638 tertium
1596 3626 1611 3649 ,
1636 3586 1779 3655 quod

233 3669 443 3733 protulit,
462 3672 704 3725 transire
720 3673 866 3735 licet.
891 3693 910 3725 ‹
933 3671 1350 3739 Conﬁrmamus,
1372 3675 1550 3745 inquit
1569 3675 1660 3731 ille
1679 3676 1777 3749 (a),

232 3760 521 3814 sententiam
554 3770 805 3815 nostram
834 3764 994 3819 tertio
1023 3774 1373 3836 argumento,
1405 3768 1548 3838 quod
1579 3784 1780 3841 suppe-

233 3844 381 3900 ditant
420 3851 577 3905 nobis
625 3852 873 3920 epistola:
920 3855 1083 3923 hujus
1125 3856 1306 3926 operis
1351 3860 1777 3915 contumeliose.

231 3936 313 4000 Qui
351 3943 491 3996 enim
543 3945 824 4013 possimus
870 3948 1113 4011 credere,
1163 3949 1410 4006 homines
1460 3952 1597 4016 illos,
1645 3967 1781 4022 quos

232 4037 319 4082 tam
348 4034 469 4096 acri,
502 4035 619 4089 imo
656 4036 917 4104 petulanti
952 4039 1147 4106 saepius
1179 4054 1410 4095 censura
1441 4043 1654 4097 vexavit
1686 4044 1782 4097 lsi—

229 4122 393 4188 dorus,
426 4127 685 4180 omisisse
720 4128 771 4181 id
806 4128 1075 4183 inultum?
1107 4130 1261 4196 Quod
1281 4131 1324 4185 si
1357 4149 1488 4188 vero
1508 4136 1691 4190 multis
1725 4135 1781 4188 in

230 4213 359 4265 malis
385 4230 504 4269 eum
536 4217 862 4283 multarunt,
890 4220 1002 4288 qui,
1031 4237 1234 4289 quaeso,
1263 4222 1464 4277 factum
1493 4233 1593 4289 est,
1622 4210 1683 4279 ut
1711 4242 1781 4282 ne

230 4300 469 4359 levissima
499 4307 725 4376 quidem
758 4318 1006 4364 occurrat
1036 4312 1199 4382 hujus
1233 4314 1308 4367 rei
1342 4314 1580 4370 mentio?
1609 4335 1627 4366 ι
1650 4316 1781 4382 Quae

231 4394 367 4447 verba
392 4397 670 4464 quomodo
698 4396 1046 4455 lleumannus
1075 4402 1314 4457 scribere
1341 4404 1596 4473 potuerit,
1626 4406 1782 4475 equi-

1873 567 2195 622 sententiam
2232 582 2385 621 suam
2422 566 2690 629 ﬁrmaret,
2725 574 3102 635 argumentum
3137 577 3323 637 posset
3354 571 3450 622 de-

1872 674 2143 729 promere.
2171 658 2305 712 Nam
2335 673 2458 712 cum
2491 672 2547 711 se
2578 657 2799 711 credere
2828 672 2936 711 non
2971 672 3129 727 posse
3157 658 3320 722 dicat,
3350 659 3451 714 bo-

1872 750 2048 804 mines
2092 749 2230 815 illos,
2276 764 2412 819 quos
2454 759 2562 803 tam
2610 750 2740 813 acri,
2790 748 2900 803 imo
2942 750 3208 819 petulanti
3252 752 3451 821 saepius

1872 856 2100 897 censura
2124 842 2401 895 vexaverit
2422 840 2677 906 Isidorus,
2704 842 2756 896 id
2779 841 3029 896 omisisse
3053 842 3307 909 inultum,
3330 859 3452 897 rur-

1872 946 1966 985 sus
2000 931 2054 984 in
2089 945 2327 985 errorem
2362 930 2570 984 incidit.
2602 930 2873 1001 Cogitanti
2909 931 3054 984 enim
3088 930 3219 984 mihi
3254 931 3321 985 de
3353 948 3449 985 au—

1873 1023 2146 1084 ctoritate,
2168 1038 2329 1092 quam
2352 1031 2488 1076 tunc
2512 1021 2773 1092 temporis
2794 1021 3044 1075 monachi
3068 1032 3222 1077 erant
3245 1024 3449 1094 adepti,

1872 1121 1931 1168 et
1961 1114 2223 1167 memoria
2256 1115 2578 1177 seditiones,
2612 1128 2746 1182 quas
2774 1128 2897 1167 cum
2930 1114 3113 1168 multis
3143 1114 3197 1167 in
3227 1116 3453 1184 provin-

1873 1200 1973 1255 ciis
2005 1209 2120 1254 tum
2154 1201 2420 1271 imprimis
2452 1201 2509 1255 in
2534 1201 2767 1272 Egypto
2800 1202 3015 1255 illorum
3047 1203 3321 1258 exercitus
3354 1220 3451 1259 ex-

1875 1291 2070 1346 citasse
2094 1293 2352 1347 dicuntur
2375 1292 2448 1364 (b)
2479 1294 2767 1362 repetenti,
2795 1293 2846 1347 id
2864 1303 3018 1348 certe
3045 1294 3158 1349 ﬁeri
3186 1298 3448 1366 potuisse,

1874 1383 2060 1437 videre
2088 1383 2219 1437 mihi
2249 1384 2455 1438 videor.
2484 1383 2603 1438 Huc
2631 1385 2841 1439 accedit
2867 1386 3008 1454 quod
3040 1386 3300 1451 Isidorus,
3332 1404 3453 1443 mo-

1875 1472 2095 1526 nasterii
2127 1472 2210 1527 sui
2240 1474 2438 1536 abbas,
2467 1474 2550 1527 vir
2575 1474 2742 1529 fuerit
2773 1490 2982 1528 morum
3013 1477 3325 1548 integritate
3353 1480 3453 1535 do—

1877 1564 2176 1634 ctrinaeque
2212 1566 2367 1635 c0pia
2405 1566 2668 1637 insignis,
2703 1576 2865 1636 atque
2898 1569 3219 1624 auctoritate
3254 1572 3450 1641 gravis.

1878 1656 2056 1723 Quare
2088 1672 2187 1711 nos
2218 1674 2409 1713 omnes
2442 1673 2536 1713 eas
2570 1658 2845 1729 epistolas,
2878 1674 2999 1728 quae
3031 1660 3099 1714 ab
3133 1660 3453 1718 Heumanno

1881 1759 2166 1819 propterea
2195 1751 2340 1820 quod
2370 1752 2438 1805 ad
2470 1752 2614 1805 viros
2633 1792 2646 1813 ,
2678 1760 2739 1805 ut
2771 1752 2944 1823 ipsius
2974 1762 3096 1809 utar
3126 1755 3335 1819 verbis,
3368 1757 3453 1812 vel

1811 1825 1851 1879 Β
1880 1840 2021 1895 civili
2049 1841 2133 1894 vel
2158 1841 2523 1896 ecclesiastica
2548 1842 2809 1912 dignitate
2828 1844 3137 1900 eminentes
3158 1847 3297 1901 data:
3322 1848 3451 1913 sint,

1881 1944 1980 1999 pro
2006 1928 2208 1986 ﬁctitiis
2233 1941 2610 1995 numerantur,
2636 1933 2791 1997 viris,
2815 1934 2881 1989 ad
2907 1950 3043 2004 quos
3066 1936 3281 2007 scriptae
3304 1947 3451 2006 sunt,

1882 2036 2071 2076 revera
2102 2022 2293 2077 missas
2323 2038 2444 2078 esse
2474 2023 2782 2079 Statuimus.

1952 2110 2058 2165 Sed
2096 2111 2432 2165 redeundum
2470 2112 2630 2166 nobis
2672 2122 2755 2167 est
2792 2113 2857 2168 ad
2894 2114 3154 2184 epistolas
3186 2131 3327 2186 quas
3366 2118 3455 2175 ille

1883 2196 2171 2265 appellavit
2200 2198 2517 2263 invectivas,
2547 2214 2789 2269 quasque
2818 2204 3108 2259 exercendi
3137 2206 3255 2276 styli
3285 2209 3454 2277 gratia

1884 2296 2129 2341 exaratos
2162 2287 2329 2342 fuisse
2368 2304 2433 2343 ex
2459 2290 2646 2361 aliqua
2683 2292 2750 2345 ad
2788 2290 3115 2362 Harpocram
3155 2298 3453 2367 sophistam

1882 2379 2112 2447 epistola
2151 2381 2219 2447 (ιε)
2258 2391 2487 2435 conatur
2520 2383 2773 2452 probare.
2813 2402 2831 2434 ι
2878 2384 3013 2440 IIuic
3049 2389 3221 2451 enim,
3258 2390 3451 2460 inquit,

1883 2469 1975 2537 qui
2010 2470 2227 2524 satiram
2261 2471 2361 2541 ipsi
2398 2472 2619 2528 miserat
2652 2475 2705 2527 in
2741 2475 3139 2541 Martinianum,
3179 2480 3455 2537 Zosimum

1885 2570 1939 2613 et
1968 2561 2337 2626 Eustathium,
2370 2564 2646 2631 rescribit,
2679 2581 2795 2619 eam
2829 2582 2887 2621 se
2916 2568 2981 2622 ad
3013 2568 3132 2624 illos
3157 2572 3453 2629 missurum

1886 2650 2028 2704 haud
2057 2665 2198 2706 esse.
2222 2651 2359 2706 Cum
2388 2654 2533 2708 enim
2564 2655 2813 2710 dicantur
2841 2658 2896 2712 hi
2925 2658 3023 2713 viri
3052 2675 3174 2714 esse
3204 2662 3457 2732 implaca-

1884 2738 2018 2793 biles
2048 2740 2266 2807 bestize,
2296 2756 2355 2796 se
2382 2759 2492 2797 non
2524 2744 2874 2811 eﬂ‘ecturum,
2907 2757 2968 2802 ut
2995 2749 3065 2804 ab
3092 2751 3214 2805 aliis
3246 2753 3457 2825 Harpo-

1884 2846 2004 2886 cras
2035 2832 2187 2901 quasi
2221 2832 2364 2888 bello
2393 2835 2625 2904 quodam
2655 2846 2889 2906 petatur.
2918 2839 3037 2894 Jam
3067 2844 3209 2912 quod
3243 2846 3454 2915 Harpo-

1885 2938 1990 2978 crae
2018 2924 2261 2979 accidere
2288 2926 2466 2980 noluit
2495 2926 2758 2996 Isidorus,
2792 2932 2937 2985 idem
2966 2948 3070 2988 nec
3100 2935 3204 2989 sibi
3236 2939 3456 2994 evenire

1884 3014 2122 3069 voluisse
2150 3019 2455 3072 credendus
2481 3027 2584 3073 est.
2621 3038 2643 3071 ι

1955 3104 2087 3171 Quae
2134 3107 2440 3163 Heumanni
2484 3110 2649 3165 verba
2696 3127 2764 3166 eo
2812 3120 3024 3168 tantum
3076 3117 3303 3172 oonsilio
3350 3120 3458 3176 huc

1880 3198 2197 3267 transcripsi
2222 3201 2421 3264 omnia,
2449 3208 2506 3254 ut
2524 3203 2770 3272 exemplo
2790 3205 3100 3273 probarem,
3122 3208 3299 3264 virum
3319 3212 3456 3267 alio-

1882 3290 1974 3357 qui
2005 3293 2324 3360 prudentem
2356 3304 2411 3348 et
2439 3294 2659 3349 doctum
2688 3298 3053 3366 prmjudicata,
3083 3317 3245 3371 quam
3275 3306 3457 3362 animo

1882 3384 2153 3452 concepit,
2197 3385 2453 3455 opinione
2499 3387 2555 3440 in
2599 3388 2780 3442 varios
2827 3391 2940 3460 rapi
2989 3407 3149 3461 posse
3199 3410 3453 3465 errores;

1883 3474 2019 3529 adeo
2052 3483 2109 3528 ut
2142 3491 2261 3544 quae
2296 3477 2397 3546 ipsi
2428 3480 2698 3533 contraria
2729 3489 2889 3547 sunt,
2920 3483 3022 3538 sibi
3052 3484 3234 3542 favere
3260 3489 3456 3559 opine-

1883 3574 1989 3620 tur.
2022 3567 2081 3621 ld
2125 3567 2443 3624 IIeumanno
2480 3570 2569 3624 his
2602 3572 2667 3625 ad
2708 3571 3033 3643 llarpocram
3068 3577 3264 3634 litteris
3301 3597 3457 3640 suam

1882 3659 2178 3727 probaturo
2200 3661 2523 3745 sententiam
2544 3663 2813 3720 accidisse
2833 3667 3085 3724 anbitror.
3108 3669 3185 3726 Ex
3208 3672 3290 3728 his
3311 3676 3456 3733 enim

1881 3761 2103 3823 apparet
2137 3750 2436 3823 Isidorum,
2472 3756 2825 3828 scriptionem
2864 3763 2966 3817 sibi
3002 3764 3070 3818 ab
3105 3765 3197 3820 illo
3233 3768 3456 3825 missam

1883 3843 2233 3911 Martiniano,
2282 3848 2497 3902 Zosimo
2546 3858 2708 3920 atque
2759 3853 3044 3909 Eustathio
3093 3857 3306 3914 tradere
3354 3876 3460 3917 no-

1881 3935 2047 3993 luisse
2074 3948 2387 4008 pr0pterea,
2421 3943 2676 4009 quoniam
2706 3945 3013 4001 contineret
3040 3958 3295 4019 satyram.
3325 3953 3458 4009 Ete-

1880 4028 1993 4082 nim
2025 4030 2071 4082 si
2104 4038 2184 4095 tu,
2217 4031 2411 4100 inquit,
2439 4032 2584 4087 viros
2616 4034 2733 4089 illos
2760 4037 3071 4105 petulantes
3098 4041 3326 4110 epistola
3356 4048 3459 4099 ad-

1880 4120 2117 4175 hortatus
2147 4139 2309 4187 esses,
2343 4123 2482 4178 hanc
2513 4124 2619 4180 illis
2649 4126 2917 4182 misissem
2950 4130 3060 4200 (d);
3107 4134 3202 4187 sed
3233 4137 3457 4192 satiram

1881 4211 2119 4265 retinere
2158 4213 2379 4282 placuit.
2414 4214 2661 4285 Namque
2696 4217 3038 4287 vituperandi
3073 4222 3290 4291 quidem
3329 4237 3458 4284 sunt

1882 4302 1951 4355 de
1983 4301 2169 4357 lsidori
2206 4307 2475 4359 sententia
2506 4307 2574 4376 (e)
2604 4308 2693 4377 qui
2725 4310 2870 4365 vitiis
2904 4312 3171 4379 laborant,
3206 4317 3301 4370 sed
3330 4333 3456 4375 ver-

1881 4393 1966 4448 bis
2014 4394 2163 4449 duris
2218 4397 2562 4451 admiscenda
2614 4409 2742 4453 sunt
2791 4387 3139 4459 humanitatis
3190 4406 3348 4475 plena
3401 4420 3459 4466 et

226 4483 329 4538 dem
361 4487 665 4559 ίηιεηίεθιιε
698 4505 919 4559 prorsus
951 4507 1061 4545 ηοιι
1094 4508 1339 4561 possum,
1368 4493 1576 4548 Etenim
1611 4512 1675 4549 ex
1711 4496 1778 4549 il-
1811 4516 1855 4570 ι)
1883 4489 2330 4545 mansuetudinis.
2353 4489 2558 4556 Quibus
2586 4494 2846 4562 expositis
2875 4510 2985 4550 non
3014 4512 3239 4553 necesse
3267 4510 3369 4586 est,
3397 4516 3459 4560 ut

229 4574 297 4637 lis,
336 4592 460 4645 quas
508 4587 670 4648 parte
714 4580 885 4648 prima
932 4582 1230 4647 attulimus,
1280 4583 1466 4638 lsidori
1512 4585 1775 4654 epistolis,

229 4664 353 4723 hrnc
391 4670 458 4723 ab
499 4670 839 4733 hominibus,
878 4672 932 4725 in
973 4689 1204 4741 quorum
1244 4688 1423 4728 mores
1464 4678 1660 4730 acriter
1694 4677 1779 4730 in—

231 4771 391 4813 vectus
421 4771 534 4825 est,
571 4763 905 4828 exagitatum
940 4780 1059 4819 esse
1092 4774 1303 4834 poterat
1336 4782 1691 4838 cognoscere,
1730 4770 1775 4825 si

228 4844 457 4905 Cbatardi
492 4852 782 4922 epistolam
812 4854 878 4907 ad
909 4853 1272 4910 Godofredum
1308 4856 1521 4912 Billium
1557 4876 1667 4914 non
1700 4861 1803 4929 leg

228 4949 373 5006 gerat,
410 4942 463 4995 in
508 4959 623 5013 qua
667 4943 756 4997 ille
799 4941 1122 4999 Pelusiotam
1164 4949 1486 5003 acerrimum
1524 4945 1776 5005 vitiorum

232 5027 586 5089 insectatorem
631 5035 688 5087 in
730 5036 1018 5090 multorum
1062 5037 1356 5094 incurrisse
1393 5040 1597 5103 odium,
1634 5041 1777 5096 mul-

233 5130 394 5191 tasque
446 5126 498 5179 ei
552 5135 789 5182 structas
841 5142 961 5181 esse
1018 5129 1240 5183 insidias
1288 5130 1371 5185 vel
1424 5146 1535 5186 uno
1587 5133 1779 5202 probat

231 5214 468 5282 exemplo.

287 5302 382 5358 Sed
409 5306 625 5360 etiamsi
653 5305 976 5364 Heumanno
1002 5309 1264 5365 lsidorum
1293 5311 1532 5380 quietam
1563 5311 1773 5383 degisse

290 5461 356 5536 (ει)
384 5461 694 5536 ﬂeumann.
727 5463 772 5536 l_.
788 5480 848 5536 c.
881 5463 928 5536 §.
957 5463 1072 5536 XII,
1105 5482 1160 5535 p.
1195 5466 1282 5529 l8,
1309 5466 1393 5536 l9,
1419 5467 1510 5522 20.

290 5530 354 5606 (li)
382 5530 689 5606 $chroekhii
723 5533 865 5606 Hist.
884 5530 1027 5588 'eccl.
1054 5530 1188 5590 tom.
1226 5534 1387 5602 XVII,
1416 5552 1469 5606 p.
1496 5537 1619 5592 5‘25.

292 5601 353 5671 (ιγ)
394 5600 512 5671 l_.ib.
548 5618 603 5666 v,
640 5617 727 5671 ep.
765 5604 854 5658 52.

294 5669 453 5745 (d)_Ei
488 5672 589 5745 μὲν
621 5669 729 5743 γάρ
760 5672 1081 5745 παρᾳίνεσις
1116 5669 1205 5743 ἦν,
1245 5674 1464 5745 ἔπεμψα
1496 5678 1560 5730 ἄν
1589 5693 1600 5704 ·
1656 5678 1777 5729 ἐπεὶ

238 5734 282 5788 δὶ
302 5734 644 5809 Θρῆνόξὲστί
661 5734 732 5813 μὶ)
743 5734 973 5814 νοείδὴς,
996 5734 1097 5797 οὐξι
1126 5734 1423 5817 {Mitigat-ad
1444 5747 1654 5817 πέμψαι
1674 5764 1687 5776 ·
1728 5749 1776 5800 εἰ

1885 4580 1953 4633 de
1989 4580 2240 4651 singulis,
2273 4596 2393 4650 quae
2424 4583 2648 4651 protulit
2679 4583 2797 4646 ille,
2829 4589 3091 4657 exemplis
3122 4590 3297 4647 fusius
3328 4580 3457 4649 sen-

1827 4662 1832 4668 ’
1886 4672 2113 4725 tentiam
2142 4672 2404 4726 dicamus.

1952 4762 2222 4817 Catterum
2250 4763 2488 4830 videant,
2520 4765 2609 4834 qui
2642 4766 2948 4823 Ileumanni
2979 4773 3224 4841 partibus
3252 4774 3455 4842 favent,

1883 4870 1953 4908 ne
1976 4854 2251 4925 improbos
2274 4865 2565 4926 turpesque
2593 4859 2858 4929 imputem
2882 4863 3086 4919 Isidoro
3111 4882 3308 4922 mores.
3334 4870 3457 4940 Ipse

1884 4946 2029 5000 enim
2057 4946 2261 5000 Maroni
2292 4948 2361 5019 (Ι)
2390 4950 2600 5014 scribit,
2632 4966 2691 5005 se
2721 4968 2830 5007 non
2859 4955 3000 5010 sicut
3028 4958 3225 5014 multos
3253 4962 3321 5015 de
3350 4962 3455 5017 im-

1882 5039 2172 5107 proborum
2211 5040 2384 5094 salute
2420 5043 2643 5096 omnino
2677 5045 3032 5114 desperantes
3067 5066 3191 5104 eum
3227 5052 3457 5111 irridere

1881 5131 2045 5195 velle,
2088 5132 2213 5196 sed,
2246 5148 2368 5187 cum
2406 5134 2515 5203 jam
2556 5137 2847 5192 multorum
2885 5140 3107 5197 vidisset
3141 5147 3456 5202 conversio-

1878 5237 2027 5285 nem,
2060 5222 2293 5277 ofIicium
2332 5239 2491 5279 suum
2528 5227 2778 5282 arbitrari
2817 5232 3146 5299 petulantem
3184 5251 3455 5308 quemque

1878 5314 1947 5368 ad
1980 5314 2191 5369 sobrios
2226 5331 2482 5372 revocare
2510 5335 2709 5375 mores.
2744 5320 2898 5387 Quod
2919 5324 2963 5378 si
3002 5326 3084 5381 vir
3108 5326 3197 5382 ille
3233 5341 3453 5387 sanctus

1875 5468 1921 5522 δ’
1946 5469 2303 5547 ᾳύτρς-ὅντως
2334 5473 2532 5544 βούλει,
2560 5477 2795 5547 πέμψον.
3130 5527 3143 5535 μ

1900 5572 1901 5575 η
1927 5540 2283 5630 _(lelul:i'b.tv,_
2303 5540 2390 5613 ep.
2440 5547 2575 5630 139,,
2732 5552 3022 5630 ῖοιγμρρῖξν
3063 5555 3325 5630 μιγνύναι
3354 5560 3451 5630 τὴν

1877 5611 2190 5701 ξαρἒσίαν
2221 5615 2287 5701 δῇ
2300 5611 2768 5701 ητὲροσηνξίᾴζρξαὶ
2799 5611 2876 5692 τῷ
2895 5611 3109 5696 ’ἐλέγχῖρ
3138 5611 3333 5700 Ξειρνᾷν
3354 5611 3451 5701 siit

1876 5679 2115 5747 ἁγὰπὴν,
2150 5682 2245 5734 καὶ
2263 5679 2411 5736 eam
2430 5679 2718 5743 νόυθεῆτὲῐν.

1951 5723 2504 5822 ῖρῒἷιίξῖἓξὲιὶῗίόξ
