3924 6416
425 340 492 406 47
1517 349 2188 411 COMMENTATIONIS
2224 352 2417 415 PARS
2456 351 2540 412 II.
3616 354 3691 417 48

422 471 609 515 revera
636 472 795 513 suum
822 457 1119 513 duxitesse
1142 458 1399 523 cilicium,
1426 460 1802 526 Heumannus,
1825 464 1870 517 si
1900 463 2004 518 sibi
2032 471 2078 531 Α
2107 479 2229 519 esse
2266 472 2553 534 poterant,
2599 463 2655 518 in
2685 476 2845 517 suum
2890 461 3164 518 transtulit
3189 476 3349 532 opus.
3379 461 3509 517 Inde
3534 462 3687 519 facil~

420 560 672 606 constare
702 551 835 611 vult.
869 566 996 604 eum
1033 551 1329 622 hypocritis
1361 555 1596 610 ascribat
1628 571 1852 611 necesse
1888 565 2003 623 est,

420 646 621 715 quippe
650 644 741 714 qui
774 644 1030 713 epistolas
1062 645 1281 713 quidem
1316 647 1640 704 adhortandi
1674 663 1838 703 causa
1870 650 2007 705 scri-

420 737 613 807 pserit,
639 737 733 791 sed
765 737 860 789 has
887 751 997 789 non
1026 737 1235 792 miserit
1259 738 1365 792 illis
1390 754 1621 808 quorum
1650 740 1881 809 praeﬁxit
1904 756 2006 797 no-

422 829 597 893 mina,
635 836 928 884 contentus
965 845 1057 884 eas
1092 830 1348 886 recitasse
1383 847 1567 886 coram
1603 832 1907 903 discipulis.
1946 834 2004 889 Si

421 936 552 977 vero
582 922 819 977 Isidorus
849 922 978 976 illud
1008 938 1165 976 suum
1198 938 1309 976 non
1338 938 1459 978 esse
1487 923 1721 979 cilicium
1752 926 2003 991 credidit,

421 1015 653 1072 mendax
702 1024 786 1069 est
834 1014 979 1069 illam
1031 1014 1101 1069 ad
1152 1014 1426 1071 Maronem
1482 1017 1835 1073 conscribens
1887 1019 2006 1088 epi-

422 1105 638 1159 stolam.

492 1195 602 1253 Nos
632 1212 705 1252 ne
736 1196 1000 1253 Isidorum
1035 1212 1135 1267 pro
1162 1196 1473 1252 simulatore
1507 1214 1569 1254 ac
1602 1200 2006 1258 dissimulatore

421 1287 625 1343 habere
664 1288 990 1353 debeamus,
1024 1289 1091 1343 ab
1132 1288 1439 1344 Heumanni
1479 1293 1754 1347 sententia
1790 1294 1971 1348 recedi

421 1398 564 1448 mus,
593 1391 753 1452 atque
783 1383 1039 1437 lectorem
1069 1399 1341 1454 quemque
1371 1395 1581 1455 septem
1614 1386 1740 1449 illis,
1772 1403 2002 1456 quarum

419 1476 759 1530 enumeratio
789 1477 1056 1545 sequitur,
1088 1477 1332 1546 epistolis
1365 1487 1573 1533 attento
1602 1480 1787 1534 animo
1823 1482 2004 1550 perle-

419 1568 549 1632 ctis,
602 1568 927 1624 conﬁdimus
981 1569 1187 1623 nostris
1241 1569 1519 1634 fauturum
1573 1587 1694 1627 esse
1735 1574 2003 1642 partibus.

419 1658 554 1715 Vide
624 1661 783 1732 igitur
844 1660 939 1714 lib.
1004 1661 1049 1715 Il
1101 1677 1191 1731 ep.
1236 1663 1327 1729 21,
1375 1663 1689 1734 Hermogem‘
1728 1666 2002 1737 episeopo;

417 1753 512 1808 lib.
551 1752 621 1808 111
656 1769 745 1823 ep.
784 1754 872 1817 35,
917 1754 1129 1808 Ilieraci
1171 1756 1503 1825 presbytero;
1542 1757 1636 1811 lib.
1676 1757 1744 1813 III
1781 1774 1870 1828 ep.
1912 1761 1999 1827 70,

2106 555 2236 609 Iime
2257 555 2524 625 quispiam
2550 553 2801 625 colligere
2827 553 3028 624 possit,
3069 551 3331 608 Irenzeum
3374 552 3515 607 nihil
3542 554 3687 610 aliud

2106 643 2289 700 dicere
2313 644 2549 700 voluisse
2571 685 2586 711 ,
2618 643 2725 698 nisi
2757 659 2815 699 se
2856 658 2887 699 e
2924 642 3108 699 multis
3139 642 3422 701 Pelusiotae
3447 644 3691 715 epistolis

2105 737 2365 805 quasdam
2422 752 2535 793 suae
2599 735 2844 807 opinioni
2909 735 3156 791 faventes
3205 736 3430 806 elegisse
3487 752 3692 806 easque

2106 829 2467 884 transtulisse.
2520 829 2775 887 Attamen
2820 836 2935 883 tum
2985 826 3203 891 verbis,
3258 835 3377 882 tum
3418 826 3496 883 rei
3550 828 3687 883 mihi

2104 920 2322 990 quidem
2349 922 2564 979 videtur
2608 936 2730 977 esse
2773 921 2950 991 aptior
2980 920 3149 976 altera
3178 921 3372 976 borum
3397 922 3686 977 verborum

2104 1011 2408 1079 explicandi
2442 1012 2603 1067 ratio.
2649 1010 2840 1068 Statue
2859 1011 3005 1066 enim
3030 1051 3046 1075 ,
3070 1011 3331 1066 Irenaeum
3368 1012 3550 1066 verbis
3580 1012 3685 1067 illis

2106 1101 2248 1156 hanc
2274 1103 2571 1173 subjecisse
2597 1103 2923 1159 sententiam
2949 1120 2963 1157 :
3004 1102 3113 1158 Has
3138 1117 3329 1157 omnes
3352 1102 3541 1157 Isidori
3568 1104 3687 1171 epi-

2106 1191 2272 1246 stolas
2302 1207 2413 1245 non
2453 1191 2520 1246 ad
2551 1191 2781 1247 verbum
2807 1191 3107 1261 descripsi,
3141 1191 3236 1246 sed
3262 1191 3505 1261 excerpsi
3525 1230 3543 1256 ,
3586 1207 3681 1246 ex-

2103 1291 2428 1353 cerptasque
2456 1282 2512 1337 in
2541 1297 2721 1337 meum
2748 1284 2996 1338 transtuli
3022 1299 3178 1354 opus.
3200 1312 3270 1326 —-
3298 1283 3363 1338 Et
3388 1293 3535 1339 certe
3556 1299 3687 1354 ope-

2105 1389 2220 1428 ram
2246 1374 2606 1444 perdidisset,
2635 1375 2742 1430 nisi
2773 1390 2835 1429 ea
2866 1384 3075 1429 tantum
3106 1374 3295 1429 Isidori
3327 1375 3487 1431 verba
3510 1417 3527 1441 ,
3556 1375 3685 1446 qui-

2103 1464 2207 1519 bus
2235 1465 2561 1520 sententiam
2592 1480 2746 1519 suam
2785 1465 3004 1534 probari
3046 1479 3207 1533 posse
3234 1464 3546 1534 judicabat,
3587 1480 3685 1521 ve-

2104 1571 2226 1610 rum
2274 1557 2438 1613 etiam
2481 1571 2603 1626 quae
2636 1556 2705 1611 ad
2745 1571 2860 1611 rem
2906 1571 3132 1625 prorsus
3172 1571 3283 1610 non
3313 1556 3681 1626 pertinebant,

2102 1646 2285 1701 omnia
2333 1662 2533 1717 nempe
2574 1662 2696 1717 quae
2742 1645 2973 1702 formam
3022 1655 3271 1719 spectant
3321 1647 3679 1717 epistolicam,

2102 1737 2459 1793 salutationes
2500 1738 2711 1808 aliaque
2758 1737 3054 1808 ejusmodi,
3085 1738 3480 1807 descripsisset.
3522 1738 3682 1804 Quod

417 1844 633 1913 Ophelio
661 1848 1038 1915 grammatico;
1068 1847 1163 1902 lib.
1194 1846 1262 1902 III
1294 1864 1379 1918 ep.
1411 1848 1543 1916 270,
1575 1849 1851 1921 Lampetie
1883 1854 1995 1923 epi-
2030 1838 2070 1893 Β
2098 1844 2223 1885 cum
2252 1836 2363 1884 tam
2389 1829 2562 1923 Ϊῆδθίιθ,
2587 1830 2658 1884 Sit
2682 1829 2960 1923 imum"!
2986 1867 3003 1894 ν
3044 1830 3355 1923 Ποη-δθιυω
3389 1832 3680 1896 ιτθηωωην

415 1956 599 2008 scopo;
631 1940 726 1994 lib.
757 1939 823 1993 Ill
856 1956 942 2010 ep.
972 1939 1100 2003 282,
1130 1940 1411 1995 Archontio
1446 1959 1610 2011 remp.
1642 1947 1875 2015 gerenti;
1907 1946 2001 2001 lib.

416 2030 483 2084 IV
520 2048 606 2102 ep.
650 2033 777 2097 205,
815 2032 1057 2101 Olympio
1095 2034 1413 2103 presbytero,
1448 2036 1790 2103 scholastice;
1830 2037 1923 2093 lib.
1963 2037 2006 2092 γ

416 2138 506 2192 ep.
539 2124 667 2189 219,
697 2122 961 2177 Theodoro
988 2127 1226 2179 diacono.

485 2218 624 2273 Cum
652 2220 739 2273 bis
786 2220 984 2273 litteris
1016 2219 1251 2274 conferri
1290 2228 1519 2290 possunt
1544 2220 1662 2274 aliae
1696 2222 2002 2290 permultae,

416 2312 614 2380 quibus
651 2311 889 2365 Isidorus
911 2351 926 2376 ,
974 2326 1032 2365 se
1063 2311 1193 2365 viris
1220 2311 1327 2366 illis
1368 2303 1738 2380 petulantibus
1768 2324 1824 2367 et
1853 2314 2005 2368 luxu-

417 2404 580 2458 riosis
627 2402 882 2472 epistolas
938 2402 1140 2471 sapius
1194 2402 1407 2456 misisse
1439 2440 1454 2465 ,
1517 2402 1679 2471 plane
1719 2403 1999 2471 declarat;

415 2495 585 2558 velut,
616 2494 711 2548 lib.
748 2511 808 2548 Ill
854 2509 944 2564 ep.
976 2494 1065 2560 67,
1095 2493 1183 2558 90,
1219 2493 1342 2558 523,
1389 2493 1525 2558 397;
1564 2493 1660 2548 lib.
1694 2512 1759 2561 v,
1788 2511 1877 2565 ep.
1909 2497 1998 2562 84,

414 2586 542 2651 210,
576 2586 706 2650 285,
741 2586 864 2640 561.

487 2675 625 2729 Cum
662 2675 828 2746 igitur
871 2675 1108 2731 Isidorus
1147 2676 1263 2745 ipse
1312 2676 1495 2731 multis
1524 2677 1655 2733 locis
1685 2676 2000 2731 declarave-

416 2769 517 2833 rit,
562 2784 622 2824 se
652 2767 887 2823 Eusebio
915 2767 1205 2838 episeopo,
1240 2767 1489 2835 Zosimo,
1531 2768 1777 2835 Maroni,
1818 2766 1999 2823 Marti-

416 2861 582 2915 niano
615 2868 671 2915 et
700 2859 984 2914 Eustatbio
1022 2859 1352 2930 presbyteris
1387 2860 1593 2915 litteras
1632 2860 1845 2915 misisse
1866 2903 1880 2927 ,
1908 2862 1997 2915 vix

416 2953 643 3023 intelligi
702 2961 884 3023 potest
921 2951 1194 3021 quomodo
1223 2950 1575 3007 Heumannus
1609 2968 1799 3007 omnes
1829 2993 1844 3017 ,
1877 2968 1997 3022 quae

414 3043 482 3098 ad
533 3044 783 3098 homines
828 3043 961 3097 istos
1006 3042 1146 3097 data:
1198 3050 1357 3107 sunt,
1406 3042 1660 3111 epistolas
1705 3043 1759 3095 in
1806 3043 1994 3097 umbra

414 3133 768 3199 scholastica,
798 3142 858 3187 ut
909 3133 1025 3203 ipse
1054 3133 1160 3197 ait,
1192 3136 1519 3203 compositas
1542 3172 1556 3196 ,
1588 3147 1766 3202 neque
1808 3132 1875 3187 ad
1900 3148 1995 3187 eos

413 3242 645 3295 quorum
674 3226 892 3296 praeﬁxa
919 3234 1046 3279 sunt
1067 3224 1285 3277 nomina
1316 3224 1510 3278 missas
1534 3223 1720 3288 fuisse,
1752 3230 1994 3279 statuere

413 3317 689 3386 potuerit;
722 3314 1021 3385 praesertim
1038 3328 1159 3367 cum
1188 3313 1303 3382 ipse
1327 3329 1381 3382 p.
1416 3313 1483 3367 15
1502 3327 1561 3366 se
1586 3312 1773 3366 Isidori
1802 3313 1995 3383 episto-

413 3409 493 3462 las
521 3408 845 3477 perlegisse,
875 3406 1130 3476 justaqne
1172 3404 1414 3458 adhibita
1463 3404 1761 3459 attentione
1809 3406 1993 3474 perlu-

412 3510 615 3555 strasse
643 3498 1009 3553 allirmaverit.

483 3590 553 3644 At
576 3602 686 3642 non
711 3586 909 3642 suIIicit
933 3587 1161 3641 aliorum
1186 3584 1471 3655 opiniones
1495 3584 1779 3653 refutasse,
1803 3603 1990 3643 verum

412 3696 590 3736 meam
642 3680 711 3735 de
771 3679 962 3733 Isidori
1018 3676 1262 3748 epistolis
1313 3678 1640 3749 sententiam
1686 3678 1985 3748 explicabo,

412 3788 572 3843 quam
593 3814 608 3838 ,
648 3773 691 3827 si
727 3771 839 3825 fieri
872 3778 1081 3841 potest,
1112 3780 1355 3824 veterum
1383 3770 1705 3839 scriptorum
1742 3773 1987 3826 testimo-

413 3868 520 3922 niis
554 3865 863 3934 Iirniisque,
906 3879 1026 3933 qua:
1063 3879 1126 3917 ex
1168 3862 1300 3932 ipsis
1342 3863 1505 3933 hujus
1533 3863 1633 3918 viri
1666 3864 1860 3919 litteris
1890 3865 1988 3919 de-

411 3962 662 4026 prompta
696 3962 855 4019 sunt,
909 3954 1279 4025 argumentis,
1325 3953 1541 4022 probari
1590 3963 1825 4022 Oportet.
1878 3956 1987 4024 Ego

410 4057 593 4101 autem
632 4060 820 4100 verum
879 4044 1115 4098 sensisse
1148 4044 1382 4098 arbitror
1423 4042 1833 4100 Scbrmckbium
1882 4046 1982 4117 (a),

409 4137 500 4206 qui
541 4136 802 4206 plurimas
826 4134 1014 4190 Isidori
1052 4134 1309 4204 epistolas
1352 4149 1464 4188 non
1495 4149 1558 4188 ea
1590 4134 1763 4190 forma
1792 4152 1896 4206 qua
1927 4137 1983 4191 in

409 4228 573 4283 editis
591 4242 801 4281 excusa:
827 4225 938 4280 sint
956 4226 1354 4296 exemplaribus
1372 4266 1387 4291 ,
1417 4226 1486 4281 ab
1514 4235 1735 4282 auctore
1756 4229 1987 4299 scriptas

408 4334 566 4383 esse,
605 4318 701 4373 sed
745 4334 775 4373 a
813 4317 1094 4371 monachis
1130 4327 1410 4386 excerptas
1448 4317 1515 4371 ad
1544 4326 1780 4372 nostram
1814 4334 1983 4388 usque

409 4419 623 4464 aetatem
652 4409 967 4479 pervenisse
988 4451 1002 4475 ,
1035 4416 1194 4463 acute
1231 4409 1481 4478 conjecit.
1530 4407 1665 4464 Cum
1707 4426 1839 4465 vero
1867 4411 1982 4481 ipse

408 4498 741 4568 argumentis
774 4498 915 4552 banc
938 4513 1090 4553 suam
1117 4498 1439 4553 sententiam
1469 4498 1697 4567 probare
1726 4500 1797 4554 ab
1821 4501 1979 4555 insti-

410 4587 507 4642 tuti
549 4588 759 4645 ratione
788 4588 1024 4643 alienum

408 4679 533 4732 lieta
566 4687 649 4731 est
680 4677 977 4747 provincia.

477 4764 645 4823 Favet
683 4776 866 4822 autem
892 4807 905 4830 ,
951 4778 1010 4822 ut
1036 4767 1287 4836 equidem
1333 4766 1592 4832 arbitror,
1643 4765 1978 4823 Schrmckbii

407 4858 733 4926 conjectum
777 4856 908 4911 illud
952 4856 1138 4911 Irena’i
1186 4856 1389 4910 dictum
1417 4894 1431 4919 ,
1476 4856 1619 4924 quod
1646 4855 1820 4925 prima
1866 4856 1979 4925 jum

406 4948 686 5003 attulimus
729 4948 894 5017 hujus
943 4947 1412 5002 commentationis
1467 4956 1657 5016 parte,
1718 4947 1981 5016 cujusque

402 5041 571 5095 verba
602 5040 708 5096 huc
751 5038 1049 5109 spectantia
1093 5039 1208 5093 hac
1240 5047 1403 5093 sunt:
1452 5036 1588 5092 «Has
1612 5053 1802 5092 omnes
1828 5038 1971 5092 beati

405 5130 596 5187 Isidori
629 5129 924 5200 (epistolas)
956 5158 1023 5171 -—
1047 5128 1290 5197 excerpsi
1319 5137 1374 5185 et
1402 5128 1653 5184 transtuli
1681 5144 1746 5182 ex
1768 5129 1972 5198 episto-

404 5222 469 5275 lis
511 5224 630 5293 ejus
670 5222 883 5281 duobus
926 5221 1217 5276 millibus.»
1264 5218 1395 5285 Quae
1428 5220 1590 5275 verba
1622 5220 1821 5289 duplici
1850 5219 1973 5289 qui-

404 5317 527 5369 dem
554 5316 714 5370 mndo
750 5314 1005 5383 explicari
1036 5323 1281 5383 possunt.
1324 5312 1458 5367 Nam
1482 5312 1735 5376 Irenaeus,
1766 5313 1843 5367 uti
1864 5313 1974 5365 Lu-

402 5421 506 5474 pus
540 5405 793 5472 prazclare
839 5404 1083 5469 notavit,
1124 5418 1235 5457 non
1276 5417 1466 5457 onmes
1504 5402 1689 5456 Isidori
1720 5402 1973 5471 epistolas

403 5494 460 5546 in
499 5494 882 5547 vetustissimis
913 5493 1016 5547 illis
1054 5492 1444 5547 Acmmetensis
1477 5493 1789 5546 monasterii
1820 5494 1972 5559 codi-

403 5584 556 5640 cibus
584 5585 943 5655 perscriptas,
976 5600 1164 5639 verum
1207 5600 1298 5639 eas
1328 5592 1535 5639 tantum
1565 5600 1685 5654 quae
1716 5584 1815 5667 ipsi
1849 5586 1969 5641 usui

472 5737 552 5807 (α)
576 5737 905 5793 Schroeckh.
940 5738 1083 5797 Hist.
1117 5739 1241 5793 εστι.
1268 5738 1372 5793 vol.
1402 5736 1560 5794 XVII.
1582 5754 1638 5808 p.
1679 5738 1801 5793 5‘26.

2104 1936 2295 1977 verum
2325 1921 2523 1975 multos
2549 1920 2742 1975 harum
2770 1920 3117 1990 epistolarum
3139 1921 3499 1992 descriptores
3532 1924 3679 1979 idem

2105 2010 2342 2066 sensisse
2384 2011 2635 2065 arbitror.
2667 2011 2853 2081 Neque
2887 2011 2981 2081 qui
3018 2011 3204 2071 Isidori
3236 2013 3443 2069 litteras
3467 2031 3589 2084 qua:
3622 2017 3679 2070 in

2104 2101 2264 2155 editis
2291 2099 2512 2156 Patrum
2543 2110 2758 2156 exstant
2781 2103 2986 2157 catenis
3005 2142 3019 2166 ,
3049 2118 3172 2158 cum
3202 2103 3307 2159 illis
3333 2120 3454 2174 quae
3482 2104 3535 2159 in
3556 2106 3679 2160 edi-

2106 2192 2252 2247 tione
2285 2191 2578 2247 Parisiensi
2615 2209 2825 2249 excusa:
2857 2203 3018 2259 sunt,
3066 2196 3342 2259 conferet,
3376 2199 3515 2253 hanc
3544 2214 3679 2253 sen-

2104 2282 2328 2335 tentiam
2350 2296 2450 2351 pro
2478 2298 2627 2336 mera
2656 2283 2879 2338 habebit
2912 2285 3219 2355 hypothesi.
3250 2288 3462 2343 Etenim
3491 2305 3555 2343 ex
3586 2291 3679 2345 in-

2102 2372 2289 2428 stituta
2319 2374 2720 2444 comparatione
2750 2384 3063 2431 catenarum
3100 2388 3352 2433 auctores
3389 2378 3679 2437 Pelusiotae

2101 2467 2357 2537 epistolas
2384 2483 2495 2521 non
2524 2468 2769 2538 religiose
2792 2468 3148 2538 descripsisse
3189 2469 3442 2526 facillime
3470 2472 3679 2527 intelli-

2101 2560 2263 2630 gitur.
2291 2558 2447 2626 Quod
2476 2560 2578 2613 etsi
2605 2560 2867 2630 exemplis
2894 2561 3216 2630 quibusdam
3254 2562 3437 2617 statim
3468 2564 3678 2633 possim

2099 2652 2388 2706 ostendere
2416 2691 2432 2718 ,
2468 2659 2649 2706 tamen
2670 2692 2686 2719 ,
2719 2667 2842 2707 cum
2878 2653 2947 2707 ab
2990 2653 3224 2708 instituti
3255 2654 3426 2709 nostri
3465 2656 3679 2712 ratione

2098 2758 2207 2797 non
2232 2743 2469 2797 alienum
2508 2743 2610 2808 sit,
2642 2743 2825 2801 omnia
2859 2760 2980 2813 quae
3017 2754 3239 2800 catenas
3272 2761 3398 2801 cum
3422 2746 3622 2802 litteris
3645 2765 3677 2802 a

2097 2831 2369 2887 Chatardo
2392 2873 2407 2898 ,
2435 2830 2799 2890 Rittershusio
2831 2843 2888 2890 et
2913 2834 3136 2892 Schotto
3169 2837 3330 2891 editis
3356 2852 3678 2908 comparan-

2098 2932 2181 2980 tes
2211 2925 2553 2991 notavimus,
2586 2941 2710 2982 cum
2740 2926 2941 2983 lectore
2955 2928 3357 2984 communicare
3385 2929 3674 2997 benevolo.

2095 3025 2151 3069 et
2187 3030 2314 3071 cum
2337 3056 2351 3081 ,
2382 3016 2615 3093 probata
2650 3016 2771 3072 aliis
2790 3032 3006 3086 quoque
3044 3019 3377 3089 argumentis
3401 3019 3676 3076 Schoeck-

2096 3104 2470 3162 hii'sententia
2491 3148 2506 3173 ,
2538 3107 2606 3162 ad
2648 3108 2790 3163 hanc
2846 3124 2961 3165 rem
2997 3111 3382 3167 recurrentium
3434 3111 3545 3178 sit,
3581 3112 3676 3169 hic

2020 3183 2063 3238 ο
2096 3197 2254 3253 nobis
2288 3198 2469 3257 omnia
2498 3199 2589 3255 illa
2621 3199 2779 3255 liceat
2804 3200 3079 3259 omittere.

2166 3312 2370 3368 Deinde
2397 3322 2577 3368 autem
2606 3329 2673 3368 ex
2696 3330 2762 3369 eo
2784 3316 2926 3385 quod
2950 3316 3198 3386 plurimae
3216 3317 3405 3373 Isidori
3427 3320 3674 3391 epistola:

2094 3404 2243 3459 omni
2299 3415 2487 3460 carent
2518 3406 2690 3461 forma
2735 3408 3047 3477 cpistolica,
3088 3423 3180 3464 eas
3214 3426 3319 3464 non
3367 3411 3446 3466 sic
3492 3412 3569 3467 uti
3611 3414 3669 3469 in

2092 3497 2329 3552 editione
2356 3497 2647 3553 Parisiensi
2677 3507 2912 3566 exstant,
2952 3501 3020 3555 ab
3045 3510 3267 3557 auctore
3294 3505 3522 3573 scriptas
3542 3520 3670 3563 esse

2087 3589 2213 3659 jure
2240 3589 2531 3661 colligitur.
2570 3589 2654 3645 Cf.
2698 3590 2795 3646 lib.
2826 3607 2863 3656 ι,
2904 3606 2993 3662 ep.
3030 3592 3326 3660 105,161,
3358 3596 3497 3664 228,
3534 3598 3664 3666 256,

2089 3680 2231 3746 238,
2263 3680 2402 3747 2M,
2436 3682 2577 3749 279,
2607 3681 2744 3748 994,
2775 3683 2909 3748 295,
2942 3683 3077 3745 296,
3120 3694 3221 3741 etc.

2160 3779 2403 3850 Tertium
2433 3806 2488 3851 et
2512 3798 2727 3868 quidem
2746 3799 3120 3869 gravissimum
3141 3841 3157 3866 ,
3182 3817 3289 3872 quo
3306 3802 3443 3858 hanc
3471 3804 3537 3859 de
3568 3804 3666 3861 lsi-

2088 3886 2205 3940 dori
2229 3888 2474 3956 epistolis
2504 3890 2826 3944 sententiam
2845 3906 3105 3945 conamur
3120 3892 3348 3962 probare
3369 3910 3665 3965 argumen-

2090 3984 2202 4029 tum
2220 3977 2288 4030 ab
2300 3977 2541 4047 epistolis
2558 3993 2678 4047 qua).
2688 3977 2771 4031 bis
2787 3979 2840 4032 in
2862 3967 3021 4033 editis
3035 3987 3247 4035 exstant
3261 3981 3664 4051 exemplaribus

2087 4070 2313 4138 petitum
2340 4079 2441 4124 est.
2480 4068 2541 4123 In
2580 4069 2667 4125 his
2693 4070 2837 4124 enim
2868 4071 3158 4127 maximam
3192 4081 3398 4141 partem
3429 4072 3495 4126 ad
3532 4089 3659 4128 ver-

2086 4161 2213 4215 bum
2249 4161 2356 4216 sibi
2391 4161 2842 4232 respoudentibus
2897 4162 3167 4219 interdum
3215 4162 3300 4229 Iit,
3350 4171 3409 4216 ut
3455 4178 3541 4218 res
3601 4165 3658 4219 in

2085 4254 2253 4308 altera
2282 4254 2467 4308 multis
2495 4254 2676 4309 verbis
2700 4253 2940 4325 exposita
2960 4295 2974 4318 ,
3001 4253 3056 4307 in
3084 4254 3248 4308 altera
3274 4254 3459 4325 paucis
3473 4256 3657 4311 absol-

2084 4357 2276 4412 vatur;
2324 4355 2385 4407 ut
2432 4347 2725 4419 cogitatum
2772 4346 2827 4399 in
2870 4346 2973 4399 hac
3010 4360 3231 4415 prorsus
3286 4347 3545 4401 omissum
3596 4347 3653 4401 in

2084 4438 2169 4491 illa
2204 4438 2485 4508 adjiciatur
2505 4478 2520 4503 ,
2549 4447 2610 4492 ut
2635 4437 2867 4506 denique
2916 4437 3065 4491 mirae
3096 4436 3434 4507 reperiantur
3458 4445 3654 4490 murto-

1460 4526 1697 4600 .lfwmf‘f
1726 4526 1797 4600 ‘_”
1821 4526 1979 4555 "'W'
2011 4534 2055 4593 D
2081 4545 2203 4584 rum
2252 4530 2545 4586 verborum
2607 4528 3067 4599 transpositioneso
3130 4526 3259 4593 Quae
3314 4528 3493 4582 omnia
3521 4562 3537 4591 ί
3594 4538 3655 4584 υι

1074 4602 1196 4643 esse
1224 4596 1529 4653 censue”,
1565 4589 1726 4644 Ποδίδ
1752 4590 1869 4645 haec
1897 4607 1982 4647 ’θ’
2082 4618 2333 4687 equidem
2362 4619 2595 4672 arbitror
2618 4660 2632 4683 ,
2668 4628 2780 4673 tum
2811 4618 3026 4672 demum
3064 4626 3208 4671 recte
3256 4616 3523 4687 explicare
3551 4633 3651 4691 po-

2085 4710 2215 4764 teris
2234 4752 2248 4776 ,
2280 4711 2323 4764 si
2341 4711 2691 4766 Schroeckbii
2717 4711 2921 4766 favebis
2943 4710 3241 4765 sententiae.
3273 4708 3377 4763 Sed
3400 4719 3459 4765 ut
3480 4711 3653 4765 lector

2081 4804 2312 4873 quisque
2339 4804 2406 4858 de
2436 4804 2537 4858 hac
2562 4818 2621 4858 re
2643 4803 2885 4874 judicare
2912 4802 3103 4873 possit,
3129 4802 3375 4872 exempla
3406 4803 3649 4872 quaedam

2082 4894 2378 4949 ail‘erantur
2417 4909 2639 4949 necesse
2666 4903 2767 4948 est.

2220 5008 2335 5065 Lm.
2354 5007 2421 5069 II.
2441 5024 2526 5063 sp.
2559 5007 2682 5063 162.
3039 5003 3151 5060 Lm.
3174 5002 3244 5075 Υ,
3270 5020 3355 5060 sp.
3381 5007 3503 5063 116.

2160 5122 2377 5193 Ἐπειδὴ
2393 5123 2674 5192 γέγραφας
2700 5119 2828 5173 Gau-
2977 5119 3196 5191 Ἐπειδὴ
3211 5121 3492 5194 γέγραφας
3514 5122 3643 5178 θαυ-

2083 5218 2296 5287 μάζειν,
2323 5216 2469 5277 ὃπως
2496 5213 2556 5266 τὸ
2581 5212 2827 5284 ἱερᾶσθαι
2900 5210 3110 5280 μάζειν,
3147 5212 3293 5277 ὅπως
3319 5213 3381 5267 τὸ
3399 5215 3645 5283 ἱερᾶσθαι

2078 5307 2325 5378 Ζώσιμον
2351 5306 2441 5360 τὸν
2470 5304 2728 5359 δοκοῦντα
2750 5299 2829 5356 εἷ·
2896 5300 3145 5372 Ζώσιμον
3202 5303 3374 5358 δεινὸν
3436 5305 3515 5370 δν,
3582 5309 3643 5359 οὐ

2076 5399 2545 5472 ναιπρεσϐύτερον
2560 5398 2729 5451 δεινὸν
2743 5397 2824 5461 ὃν,
2896 5394 3064 5447 δεινὸν
3101 5391 3237 5449 εἶναι
3273 5397 3418 5451 δοκεῖ
3439 5398 3515 5469 τῷ
3542 5417 3645 5452 παι

2075 5495 2134 5546 οὐ
2177 5495 2347 5547 δεινὸν
2392 5490 2530 5546 εἶναι
2578 5492 2724 5546 δοκεί
2750 5490 2824 5561 τῷ
2900 5492 3145 5562 ρανόμως
3177 5496 3641 5566 χειροτονήσαντι’

2074 5584 2404 5655 παρανόμως
2431 5584 2593 5638 αὑτὸν
2617 5584 2685 5655 (b)
2714 5601 2825 5655 χει·
2896 5587 3292 5642 ἀντεπιστέλλει)
3330 5589 3411 5642 ὅτι
3449 5590 3513 5643 σὺ
3544 5589 3644 5660 μὲν

2153 5739 2223 5808 (b)
2252 5738 2407 5808 Αὐτῷ
2441 5738 2598 5793 codd.
2622 5737 2743 5793 Vat.
2773 5739 2897 5804 649,
2917 5750 2970 5796 et
3001 5741 3106 5802 Alt.
