3924 6416
265 370 325 435 19

266 485 602 558 ροτονήσαντι,
641 485 884 556 φήσαιμι
909 486 989 539 ὅτι

260 577 403 640 αὐτὸς
434 577 531 647 μὲν
558 577 661 630 ἀπὸ
696 578 994 648 μισοπονή-

258 688 342 740 pou
378 670 467 721 καὶ
512 669 809 737 φάαγάθου
864 670 991 738 τρό-

259 778 347 812 που
379 760 598 824 δικαίως
624 763 950 829 ἀγανακτεῖς
973 778 986 792 ·

255 854 410 917 οὐδεὶς
430 854 537 925 γὰρ
566 855 701 924 πρὸς
731 855 875 908 τοῦτ’
898 855 993 907 ἀν-

254 950 387 1018 τερεῖ
404 949 500 1018 (α).
518 948 661 1016 Ἐγὼ
686 948 743 1002 δέ
773 966 855 1001 σοι
892 949 993 1002 κά-

254 1041 385 1091 κεῖνο
410 1038 739 1109 παραινέσαι
781 1040 992 1094 δίκαιον

222 1200 223 1203 η
253 1130 440 1202 ᾠήθην,
472 1132 718 1201 καθαρὰν
749 1150 991 1201 κακηγο-

256 1223 362 1290 ρίας
381 1223 449 1291 (b)
472 1224 573 1292 τὴν
598 1222 845 1290 γλῶτταν
872 1226 990 1279 δια-

252 1314 481 1383 τηρῆσαι.
508 1316 574 1367 Εί
597 1315 709 1387 γὰρ
740 1318 992 1380 κάκεῖνος

257 1405 464 1473 μυρίων,
522 1405 601 1467 ὡς
660 1406 987 1476 γέγραφας,

251 1497 378 1548 ἐπὶν
404 1496 550 1559 ἄξιος
578 1495 849 1562 θανάτων,
883 1515 989 1567 μη-

251 1589 367 1654 δὲ(ε)
396 1592 460 1660 τῇ
484 1593 619 1661 τιμῇ
651 1592 988 1661 βελτιωθεὶς,

252 1681 348 1732 ἀλλ’
379 1682 525 1751 ὅπλῳ
554 1684 757 1747 κακίας
797 1687 863 1755 τῇ
918 1687 990 1737 ίε-

254 1770 441 1841 ρωσύνῃ
490 1775 845 1843 χρησάμενος
896 1775 992 1828 καὶ

252 1862 439 1932 τολμῶν
472 1866 540 1918 τὰ
566 1865 879 1935 ἀτόλμητα·
912 1865 991 1919 διὸ

253 1954 333 2007 zzl
360 1955 502 2025 παρά
536 1956 635 2009 τοῦ
688 1956 989 2010 ἀδεκάστου

252 2047 435 2115 κριτοῦ,
461 2051 508 2101 εί
534 2051 611 2120 μὴ
636 2052 993 2121 γνωσιμαχή-

252 2154 346 2190 σειε
369 2179 383 2203 ,
415 2139 789 2210 σφοδροτάτας
821 2141 989 2194 ἀπαι-

251 2228 515 2298 τηθήσεται
556 2230 754 2295 δίκας·
792 2232 851 2285 ού
887 2232 993 2303 γὰρ

249 2321 408 2385 ἄδικος
423 2325 450 2376 ό
475 2324 633 2387 Θεός’
655 2325 777 2379 ἀλλ’
800 2319 893 2379 οὖν
914 2326 991 2396 (d)

249 2411 300 2462 τὸ
324 2412 507 2465 σαυτοῦ
544 2414 730 2483 στόμα
758 2415 994 2482 μιαίνειν

250 2503 333 2554 οὒκ
354 2505 463 2573 είης
486 2504 725 2569 δίκαιος,
743 2504 840 2568 τὰς
867 2523 994 2575 μια-

253 2597 335 2663 ρὲς
369 2596 575 2649 ἐκείνου
613 2595 853 2667 πράξεις
902 2596 994 2649 ὲκ-

249 2687 517 2758 κωμῳδῶν.

367 2800 473 2853 LIn.
504 2797 599 2864 IV,
632 2792 720 2854 ei.
755 2799 843 2854 56.

311 2932 375 2985 Ἦ
427 2934 488 2985 ἐκ
534 2933 859 3004 φιλαρχίας,
914 2928 990 2987 οἷ-

250 3044 351 3094 μαι,
376 3028 406 3097 ἢ
430 3029 492 3081 ἐκ
515 3028 869 3098 προλήψεως,
900 3028 992 3082 δύο

246 3121 756 3191 δυσκαταγωνίστων
781 3123 988 3191 παθῶν,

246 3218 330 3280 τὰς
358 3220 596 3288 αἱρέσεις
627 3220 912 3289 τετέχθαι·
942 3223 989 3275 οἱ

248 3311 333 3378 μὲν
357 3312 459 3384 γὰρ
490 3313 561 3384 (ε)
602 3314 670 3366 ὲν
702 3317 813 3379 τοῖς
845 3313 986 3385 ὑπη-

245 3406 374 3469 κόοις
419 3409 491 3477 μὴ
527 3407 871 3474 ἀξιώσαντες
913 3406 990 3463 εἷς

244 3515 337 3563 ναι,
407 3502 541 3572 μηδὲ
624 3504 990 3573 καταδεξάμε-

244 3610 311 3645 νοι
335 3596 606 3667 νεωτέρας
638 3596 989 3663 διδασκαλίας

247 3683 444 3755 σπέρμα
510 3687 722 3741 καταϐε
730 3689 828 3757 6λή
836 3706 985 3755 κασι,

243 3777 341 3837 τοῖς
358 3776 702 3831 καθεστῶσιν
726 3780 988 3849 ἐμμένειν

247 3863 311 3935 μὴ
343 3868 809 3935 καταξιώσαντες.

354 4167 464 4223 Lm.
500 4172 560 4233 ι,
599 4185 693 4224 ει».
723 4171 851 4225 271.

313 4291 374 4346 Ἠ
402 4294 566 4361 φύσις
594 4294 636 4365 ἡ
659 4294 989 4366 ἀνθρωπεία,

244 4386 518 4457 θαυμάσιε,
549 4385 680 4444 οὔτε
704 4392 991 4448 ἀνεπίδεκ-

247 4482 324 4543 τός
351 4486 463 4537 ἐστι
493 4484 698 4551 κακοῦ,
731 4486 855 4541 οὐτε
888 4506 990 4557 φυ-

249 4574 397 4638 σικῶς
421 4578 690 4649 κέκτηται
726 4580 793 4633 τὰ
825 4581 991 4635 κακά’

247 4665 367 4721 duch
393 4671 587 4743 γνώμη
623 4672 797 4726 ταῦτα
816 4691 991 4746 προσ-

254 4760 420 4830 ιεμένη
441 4764 542 4833 τὴν
567 4764 682 4816 τῶν
719 4766 896 4820 καλῶν
923 4768 989 4839 (f)

250 4844 492 4917 ὕπομένει
522 4853 863 4909 ἀπόπτωσιν.

377 4938 495 4995 Lib.
521 4945 567 5004 1,
607 4957 692 4997 ΒΡ.
722 4943 848 5000 272.

1325 372 1425 434 DE
1468 373 1814 434 SCRIPTIS
1852 373 2144 435 ISIDORI
2184 375 2445 436 PELUS.

1063 485 1172 539 ἀπὺ
1213 488 1583 557 μισοπονήρου
1621 486 1822 558 τρόπου
1852 492 1901 547 Α
1928 488 2022 540 καὶ
2073 488 2103 541 6
2154 489 2370 559 πρῶτος
2411 488 2677 542 πέπονθεν

1063 576 1287 641 εἰκότως
1335 578 1667 646 ἀγανακτεῖς
1688 592 1703 607 ο
1734 578 1825 630 οὐ·

1061 671 1168 735 δεὶς
1199 671 1309 742 γὰρ
1342 672 1478 742 πρὸς
1505 670 1666 725 τοῦτο
1695 673 1823 726 ἀντ-

1061 763 1204 817 είποι
1251 764 1463 817 Ἐκεῖνο
1489 764 1547 817 δέ
1582 780 1664 817 σοι
1716 782 1823 819 πα-

1064 857 1395 927 ραινέσαιμι,
1426 857 1673 930 καθαρὰν
1720 874 1823 912 κα-

1061 949 1329 1019 κηγορίας
1390 953 1494 1020 τὴν
1572 952 1822 1020 γλῶτταν

1061 1040 1383 1110 διαφυλάξαι
1407 1059 1423 1075 ·
1454 1044 1503 1096 εί
1532 1043 1641 1114 γὰρ
1669 1046 1817 1098 ἰκετ-

1061 1149 1150 1195 νος
1212 1134 1423 1205 μυρίων
1494 1135 1683 1201 ἄξιος,
1747 1135 1823 1199 ὡς

1060 1225 1366 1296 γέγραφας,
1383 1227 1662 1296 σκηπτῶν,
1686 1227 1821 1297 μηδὲ

1060 1317 1125 1383 τῇ
1160 1318 1293 1385 τιμῇ
1321 1315 1663 1385 βελτιωθεις,
1701 1318 1817 1370 ἀλλ’

1060 1406 1210 1477 ὅπλῳ
1235 1408 1435 1471 κακίας
1456 1410 1520 1479 τῇ
1554 1408 1820 1480 ἱερωσύνῃ

1060 1498 1411 1568 χρησάμενος
1426 1539 1441 1564 ,
1477 1500 1573 1552 καὶ
1601 1498 1820 1570 τολμῶν

1062 1588 1347 1659 ἀτόλμητα
1374 1605 1389 1619 ο
1420 1587 1557 1642 ἀλλά
1596 1590 1730 1658 σύγε
1761 1590 1821 1642 τὸ

1062 1678 1260 1731 σαυτοῦ
1345 1679 1519 1750 στόμα
1586 1680 1820 1750 μιαίνειν

1058 1771 1157 1823 οὐκ
1183 1771 1438 1838 ὀφείλεις,
1474 1772 1573 1836 τάς
1617 1773 1821 1843 μιαράς

1925 577 2231 650 ἄνθρωπος,
2249 580 2364 635 ἀλλ’
2377 581 2407 633 6
2429 580 2679 651 δεύτερος

1924 672 2074 743 αὐτῷ
2104 673 2202 744 τὴν
2230 675 2506 746 προτέραν
2543 692 2677 745 μορ-

1925 766 2030 837 φῆν
2055 766 2413 831 ἀποδέδωκεν,
2449 769 2505 820 έν
2535 767 2652 820 ἐκεί
2664 798 2679 809 -

1924 878 1990 932 νῃ
2034 861 2329 931 ἀφράστως
2359 861 2674 932 γενόμενος,

1924 955 2019 1008 καὶ
2092 954 2297 1024 ταύτην
2354 953 2679 1025 ,θεοπρεπῶς

1923 1049 2383 1122 διορθωσάμενος.

2047 1536 2161 1590 LIB.
2196 1535 2257 1601 V,
2296 1553 2377 1590 ειι.
2420 1536 2546 1591 474.

2173 1651 2412 1717 Πιιυλῷ.

1994 1772 2106 1836 Τάς
2149 1773 2351 1846 ἀρετάς
2396 1773 2568 1843 τίμα,
2602 1772 2677 1845 μὴ

1058 1865 1270 1919 ἐκείνου
1330 1868 1558 1939 πράξεις
1615 1841 1818 1938 έκτρά-
1851 1841 1893 1897 Β
1921 1865 2020 1928 τὰς
2057 1841 2354 1934 εὐημερίας
2386 1841 2673 1934 θεράπευεί

1059 1956 1269 2027 γῳδῶν,
1307 1959 1401 2010 καὶ
1433 1958 1531 2027 τὴν
1558 1958 1665 2011 τῶν
1692 1959 1820 2029 τρό-

1062 2068 1179 2104 πων
1208 2052 1503 2123 σκαιότητα
1529 2053 1716 2123 διηγού
1725 2071 1821 2125 με-

1062 2161 1172 2208 νος.

1204 2796 1318 2853 LIB.
1351 2795 1417 2861 ν,
1447 2814 1529 2852 ει».
1552 2797 1679 2852 259.

1132 2938 1201 2991 Ἦ
1226 2939 1289 2990 ὲκ
1313 2936 1626 3008 φιλαρχίας,
1647 2932 1822 3008 οῐμαι,

1061 3029 1095 3100 ἢ
1151 3029 1219 3083 ἐκ
1284 3030 1649 3101 προλήψεως,
1731 3030 1825 3083 δύο

1060 3120 1588 3189 δυσκαταγωνίστων
1611 3119 1819 3184 παθῶν,

1060 3304 1110 3360 ot
1162 3305 1260 3377 μὲν
1302 3304 1412 3376 γὰρ
1463 3305 1520 3356 ὲν
1557 3307 1671 3370 τοῖς
1719 3306 1820 3360 ὑπ-

1060 3400 1245 3472 ηκόοις
1276 3400 1350 3472 μὴ
1380 3399 1708 3465 ἀξιώσαντες
1734 3396 1818 3454 εἴ-

1060 3509 1147 3547 ναι
1170 3507 1184 3520 ·
1215 3492 1265 3544 οἱ
1303 3491 1361 3544 δὲ
1395 3493 1536 3562 μετά
1577 3492 1638 3545 τὸ
1684 3509 1820 3563 προ-

1059 3582 1350 3653 ληφθῆναι,
1389 3582 1703 3655 διδαχθῆναι
1739 3585 1813 3657 μὴ

1060 3674 1484 3745 καταδεξάμενοι
1504 3716 1518 3737 ,
1548 3676 1819 3745 νεωτέρας

1058 3766 1406 3829 διδασκαλίας
1425 3766 1715 3837 σπέρματα
1729 3786 1821 3821 κα-

1060 3859 1426 3932 ταϐεϐλήκασι
1447 3902 1463 3928 ,
1510 3864 1624 3925 τοῖς
1658 3863 1817 3918 καθε-

1064 3953 1317 4023 στηκόσιν
1392 3956 1650 4025 ἐμμεῖναι
1743 3956 1819 4027 μὴ

1062 4042 1413 4108 ἀξιώσαντες.

1207 4181 1319 4237 LIB.
1351 4182 1394 4238 Ι.
1430 4199 1514 4239 3r.
1545 4184 1672 4241 505.

1145 4303 1209 4356 Ἦ
1234 4304 1395 4374 φύσις
1426 4306 1459 4376 ἡ
1483 4306 1815 4379 ἀνθρωπεία,

1060 4393 1347 4465 θαυμάσιε,
1379 4394 1503 4449 οὐτε
1525 4397 1817 4450 ἀνεπίδεκ-

1060 4484 1152 4547 τός
1181 4486 1294 4538 ἐστι
1323 4485 1530 4550 κακῶν,
1558 4485 1680 4540 οὐτε
1712 4506 1812 4557 φυ-
1848 4524 1889 4581 D

1063 4575 1228 4639 σικῶς
1258 4576 1517 4647 κέκτηται
1539 4577 1607 4631 τὰ
1644 4578 1810 4645 κακὰ,

1060 4666 1194 4719 ἀλλά
1219 4666 1409 4737 γνώμη
1450 4668 1543 4720 καὶ
1571 4668 1814 4740 ῥᾳθυμίᾳ

1058 4758 1157 4829 τὴν
1196 4760 1511 4814 ἀπόπτωσιν
1551 4762 1812 4832 ὑπομένει

1924 1958 1980 2010 αἱ
2013 1957 2113 2025 μὲν
2142 1956 2250 2026 γὰρ
2275 1955 2540 2009 ἀθάνατόν
2573 1958 2678 2009 εἰσι

1922 2052 2131 2121 χρῆμα,
2153 2051 2209 2103 αί
2230 2048 2286 2102 δὲ
2310 2050 2505 2121 ῥᾳδίως
2527 2049 2680 2103 σδὲν-

1923 2160 2128 2197 νυνται.

2751 486 2851 557 τῆς
2903 487 3175 559 σωτηρίας
3228 485 3504 553 ἐξέπεσεν,

2749 579 2815 649 ἢν
2842 580 2992 649 αὐτῷ
3022 579 3184 634 πάλιν
3203 580 3231 633 6
3254 579 3507 651 δεύτερος

2750 667 2807 732 ἐξ
2845 664 3009 720 αὐτοῦ
3054 666 3114 737 (ί)
3163 666 3506 719 ἀποδέδωκεν

2749 756 3054 827 ἄνθρωπος,
3106 755 3137 807 6
3181 755 3281 826 τὴν
3329 756 3505 826 ἀληθῆ

2750 850 2910 919 φύσιν
2934 850 3091 921 ἡμῶν
3114 852 3172 903 ὲν
3189 849 3367 920 ἑαυτῷ
3387 852 3507 903 ἐπι⁶

2744 943 3039 1013 δεξάμενος
3080 944 3167 1013 (j).
3215 944 3348 1007 Θεὸς
3394 943 3506 1014 γὰρ

2748 1032 2826 1086 ὢν
2858 1034 3111 1105 ἀληθῶς,
3160 1035 3383 1102 γέγονεν
3414 1034 3506 1085 ἀν.

2749 1124 2965 1197 θρωπος
3002 1126 3218 1197 ἀληθῶς
3243 1142 3258 1156 ·
3308 1129 3373 1180 ὲκ
3414 1125 3508 1178 δύο

2749 1214 2965 1283 φύσεων
2979 1217 3055 1288 (li)
3065 1212 3146 1281 εἷς
3163 1218 3288 1279 Υἱὸς
3316 1216 3394 1270 ὢν
3410 1215 3505 1269 τοῦ

2748 1306 2905 1369 Θεοῦ,
2928 1310 2990 1360 οὐ
3020 1309 3250 1378 τραπεὶς
3273 1309 3407 1378 ὅπερ
3438 1304 3508 1378 ἦν

2750 1401 2807 1452 ὲν
2838 1399 2917 1469 τῷ
2945 1400 3201 1468 γενέσθαι
3222 1401 3258 1453 Δὅ
3290 1402 3479 1470 ἐσμεν.

2893 1532 3007 1586 Lm.
3039 1531 3107 1597 ll,
3137 1550 3219 1588 BP.
3257 1532 3380 1587 116.

2812 1644 3033 1710 Παυλῷ
3070 1642 3204 1716 περὶ
3236 1643 3476 1712 ἑορτῶν.

2822 1756 2935 1820 Τὰς
2984 1758 3185 1828 ἀρετὰς
3235 1756 3395 1826 τίμα,
3434 1756 3508 1826 μὴ

2748 1851 2850 1915 τὰς
2879 1851 3180 1921 εὐημερίας
3207 1850 3475 1922 θεράπευε
3490 1878 3505 1891 -

2750 1946 2807 1999 αί
2840 1945 2939 2014 μὲν
2971 1946 3078 2013 γὰρ
3110 1944 3377 1997 ἀθάνατόν
3403 1945 3508 1996 εἰσι

2750 2042 2984 2110 χρῆμα.
3058 2039 3115 2091 αι
3182 2038 3240 2090 δὲ
3313 2037 3509 2107 ῥᾳδίως

2750 2129 3085 2182 σϐέννυνται.
3148 2129 3257 2181 Καὶ
3332 2127 3513 2180 ταῦτα

2753 2221 2852 2290 μὲν
2883 2222 2965 2283 είς
2994 2219 3267 2273 τοσοῦτον.
3294 2219 3385 2289 Μὴ
3408 2220 3508 2286 ἀγ-

2749 2311 2859 2364 νόει
2907 2311 2965 2363 δὲ
3008 2312 3090 2364 ὅτι
3121 2312 3151 2363 ὁ
3207 2309 3340 2373 Θεὸς
3386 2312 3508 2372 ταῖς

2750 2409 2964 2476 ἑορταῖς
2986 2409 3079 2460 καὶ
3106 2406 3275 2462 πάλαι
3296 2407 3391 2460 καὶ
3413 2406 3508 2460 νῦν

2749 2502 3014 2571 ὲγκατέδη
3022 2519 3080 2555 σε
3128 2503 3237 2555 τῶν
3286 2502 3509 2573 εὐεργε-

2756 2592 2887 2643 σίων
2919 2591 2987 2643 τά
3019 2590 3413 2661 ὑπομνήματα,
3440 2590 3507 2643 ἶν’

2752 2683 2801 2734 ot
2850 2684 3317 2753 πανηγυρίζοντες
3345 2683 3505 2738 ἔναυ-

2753 2774 2843 2829 λον
2881 2775 2979 2846 τὴν
3031 2776 3238 2830 τούτων
3288 2778 3507 2848 μνήμην

2752 2864 2986 2933 ἔχοντες,
3038 2867 3113 2937 μὴ
3160 2868 3240 2929 είς
3301 2868 3504 2938 μέθην,

2750 2959 2865 3010 ἀλλ’
2891 2959 2970 3022 είς
2997 2960 3350 3030 εὐχαριστίαν
3413 2961 3509 3014 καὶ

2750 3051 2949 3122 ἀρετὴν
2976 3054 3281 3124 τρέποιντο.

2000 3138 2129 3207 lis,
2162 3152 2298 3209 quas
2346 3140 2539 3196 ultimo
2588 3141 2708 3197 loco
2740 3144 3061 3209 attulimus,
3117 3143 3313 3199 litteris
3364 3145 3507 3199 inter

1059 3214 1158 3306 τᾲς
1188 3214 1429 3306 φερέσέις
1452 3212 1817 3306 τετέχθαι(¹ι)·
1849 3196 1894 3254 c'
1928 3248 2052 3289 sese
2094 3196 2307 3289 collatis
2338 3233 2469 3289 solis
2513 3196 2675 3289 lucet

1933 3248 2052 3289 sese
2094 3232 2307 3289 collatis
2338 3233 2469 3289 solis
2513 3233 2636 3289 luce
2659 3235 2857 3290 clarius
2900 3244 3162 3305 apparet,
3198 3236 3373 3290 virum
3409 3237 3507 3306 qui

1922 3326 2050 3382 huic
2078 3324 2528 3396 Isidoricpistola:
2555 3324 2761 3382 addidit
2788 3326 3201 3397 inscriptionem
3230 3328 3358 3398 περὶ
3380 3329 3506 3398 ἑορ-

1919 3416 2060 3480 τῶν,
2114 3415 2315 3485 quique
2361 3415 2659 3485 longiorem
2705 3416 2825 3485 ejus
2852 3416 3073 3470 tradidit
3106 3415 3502 3481 recensionem,

1920 3522 2040 3561 eam
2078 3505 2123 3560 si
2150 3521 2259 3560 non
2301 3506 2365 3560 ad
2402 3506 2660 3571 verbum,
2694 3516 2749 3561 at
2781 3516 2928 3561 certe
2959 3506 3210 3577 religiose
3258 3506 3506 3575 descrip-

1920 3598 2090 3663 sisse;
2128 3597 2275 3651 hunc
2301 3612 2430 3651 vero
2469 3597 2711 3652 ethicum
2758 3597 2889 3653 illud
2932 3607 3267 3668 praeceptum
3315 3600 3505 3668 magni

1918 3689 2315 3752 zestimantem,
2360 3696 2417 3742 et
2448 3687 2577 3757 quid
2608 3687 2875 3743 Pelusiota
2917 3689 2986 3744 de
3033 3688 3183 3743 festis
3232 3689 3505 3743 censuerit

1920 3795 2110 3850 parum
2160 3788 2444 3834 curantem
2474 3779 2742 3835 omisisse.
2784 3780 2915 3844 Qua:
2952 3795 3071 3833 mea
3100 3780 3369 3833 sententia
3396 3780 3503 3833 mi-

1920 3885 2039 3924 rum
2082 3871 2135 3923 in
2175 3870 2395 3924 modum
2417 3885 2483 3925 eo
2516 3870 2891 3931 conﬁrmatur,
2919 3870 3064 3938 quod
3104 3868 3412 3923 Cotelerius
3443 3869 3501 3922 in

1918 3959 2165 4014 Ecclesia:
2221 3960 2418 4014 ercw
2457 3960 2805 4013 Monumentis
2846 3959 2935 4029 (ί)
2987 3959 3040 4011 in
3079 3958 3266 4013 codice
3304 3974 3503 4012 manu-

1920 4051 2154 4121 scripto,
2194 4066 2261 4105 ex
2289 4067 2399 4120 quo
2430 4050 2651 4105 Patrum
2691 4051 3144 4121 apoplithegmata
3182 4049 3250 4103 ad
3279 4050 3500 4104 ethicen

1920 4142 2217 4211 spectantia
2250 4143 2496 4212 collegit,
2532 4140 2761 4211 primam
2805 4151 3017 4197 tantum
3052 4141 3214 4212 hujus
3256 4142 3505 4212 epistola}

1919 4241 2130 4304 partem
2161 4241 2375 4288 exstare
2416 4234 2659 4289 tradidit.

1988 4322 2270 4378 Postremo
2300 4325 2356 4378 in
2392 4325 2630 4378 medium
2658 4324 2900 4394 proferre
2931 4322 3107 4394 placet
3133 4365 3147 4390 ,
3188 4340 3323 4395 quas
3352 4340 3406 4395 p.
3428 4326 3500 4379 47

1920 4414 2109 4469 ultimo
2138 4415 2258 4469 loco
2286 4416 2566 4470 attulimus
2593 4415 2779 4470 lsidori
2820 4416 3111 4484 epistolas:

2048 4528 2162 4582 Lm.
2202 4527 2267 4590 V,
2305 4545 2385 4582 ΕΡ.
2413 4528 2537 4582 221.

2014 4646 2278 4710 Εὐτονίῳ
2305 4646 2581 4714 διακόνῳ.

1993 4759 2150 4824 Ἴσθι,
2192 4755 2236 4814 ὦ
2263 4762 2433 4830 ἀγαθὲ
2456 4802 2470 4826 ,
2508 4762 2589 4815 ὅτι
2616 4762 2665 4814 εί

2847 4528 2962 4584 Lm.
3003 4529 3107 4594 ΙΙΙ,
3140 4548 3221 4585 ει».
3262 4531 3387 4587 203.

2779 4649 3046 4713 Εὐτονίῳ
3083 4649 3341 4715 διακόνῳ
3375 4650 3491 4723 (m).

2814 4762 2877 4815 Εί
2911 4762 3009 4833 μὲν
3064 4762 3219 4817 οίστά
3264 4766 3359 4817 καὶ
3399 4778 3488 4835 φο-

1061 4851 1170 4904 τῶν
1213 4852 1501 4922 χρηστῶν·
1536 4853 1673 4924 ὅπερ
1719 4856 1813 4908 καὶ
1918 4851 2071 4904 οίστὰ
2140 4854 2234 4906 καὶ
2305 4854 2515 4924 φορητά
2574 4854 2670 4907 καὶ
2745 4855 3090 4927 ρητά(η>καὶ
3110 4858 3295 4912 εὐίατα
3314 4860 3493 4931 ἀμαρ-

1062 4941 1091 4993 6
1142 4941 1356 5012 πρῶτος
1400 4942 1666 4997 πέπονθεν
1715 4944 1809 4998 ἄν·

1918 4947 2109 5005 εὐίατα
2172 4949 2387 5002 πταίσοι
2395 4967 2513 5019 μεν,
2534 5007 2539 5010 ,
2571 4952 2667 5003 καὶ

2739 4952 3029 5021 τήσαντες,
3055 4953 3323 5024 πάθοιμέν
3339 4970 3391 5006 τι
3407 4956 3495 5006 ὲνο

325 5025 526 5081 Ἐκεῖνο
546 5032 577 5083 ὁ
601 5030 887 5101 γέγραφας
912 5028 987 5102 (g)
1064 5031 1280 5101 θρωπος
1353 5034 1445 5086 καὶ
1500 5034 1608 5086 τῶν
1671 5035 1812 5106 ὅρων
1923 5035 2190 5106 πάθοιμέν
2220 5055 2271 5091 τι
2302 5038 2537 5092 ἐνταῦθα
2562 5041 2669 5093 δει-
2739 5041 2914 5095 ταῦθα
2942 5042 3175 5113 χαλεπὸν
3203 5046 3493 5116 ἀποτριϐό-

315 5222 386 5290 (a)
424 5227 701 5295 ’Δντερεῖν
729 5228 892 5284 codd.
925 5229 1020 5283 iid.

314 5295 383 5358 (bi
408 5297 757 5365 Κατηγορίας
791 5300 914 5353 cod.
945 5298 1072 5355 Bav.

318 5367 381 5433 (γε)
415 5366 600 5433 Μηδὲν
629 5367 751 5420 cod.
788 5368 917 5421 Bav.

318 5431 388 5497 id)
417 5431 525 5503 0ρν
554 5452 621 5503 γε
654 5435 824 5493 Codd.
867 5437 989 5494 Vat.
1028 5440 1149 5496 649.
1185 5450 1241 5497 et
1264 5443 1372 5498 Alt.

319 5505 385 5569 (e)
415 5500 587 5573 Οἶμαι
615 5505 763 5562 addit
790 5509 949 5562 codd.
986 5509 1111 5564 Bav.

319 5573 376 5638 (fl
398 5574 666 5643 Χρηστῶν
704 5579 826 5632 cod.
862 5578 989 5633 Bav.

321 5645 390 5709 l9)
424 5645 461 5695 Γ
464 5645 683 5714 έγραφα
704 5650 826 5707 cod.
871 5648 987 5702 Vat.
1019 5649 1141 5704 649.
1178 5662 1232 5707 et
1267 5652 1375 5706 Alt.

418 5715 687 5790 [ετάχθαι
718 5721 878 5776 codd.
910 5717 1030 5790 Vat.
1058 5720 1179 5785 650,
1203 5730 1256 5775 et
1270 5723 1378 5775 Alt.

326 5783 382 5850 (ί)
418 5783 505 5849 Ἐξ
532 5786 758 5859 οὐρανοῦ
793 5789 950 5847 codd.
986 5789 1103 5845 Vat.
1134 5783 1256 5860 619,
1280 5791 1382 5849 Alt.
1414 5799 1468 5849 et
1503 5791 1693 5850 Bavar.

1990 5238 2057 5307 (ἱ)
2099 5238 2534 5308 Ἐπιδειξάμενος
2562 5242 2682 5295 cod.
2716 5242 2844 5297 Bav.

1989 5308 2063 5376 (lt)
2091 5307 2195 5378 :Ev
2229 5308 2320 5361 δύο
2353 5307 2577 5378 φύσεσιν
2604 5312 2762 5366 Chat.
2785 5322 2839 5367 et
2861 5312 2985 5368 Bill.

1989 5377 2241 5448 (1)7Tom.
2267 5379 2308 5443 Ι,
2340 5396 2396 5448 p.
2427 5380 2551 5435 188.

1988 5447 2082 5523 (ni)
2107 5447 2392 5523 postumi?
2413 5450 2641 5523 διακόνῳ

2671 5451 2796 5508 cod.
2816 5452 2937 5508 Vat.
2974 5454 3095 5509 656.

1991 5501 2078 5598 ἰοί
2105 5515 2197 5598 §ic
2255 5501 3145 5598 scriliendu‘mTes's'emea“iilaliliri
3181 5544 3211 5577 ν
3247 5527 3477 5597 cpistola

1915 5589 2272 5661 conjecimus.
2302 5589 2615 5661 _Chatardus
2650 5593 2842 5646 excudi
2892 5597 3103 5650 curavit
3133 5638 3146 5661 ,
3175 5600 3253 5658 εἰς
3280 5589 3354 5649 τὰ
3387 5599 3480 5650 καὶ

1914 5673 2067 5734 φαμὶ
2093 5658 2379 5734 llittersh.,
2411 5662 2490 5724 είς
2524 5662 2619 5715 καὶ
2659 5662 2728 5715 τὰ
2757 5678 2880 5734 φορ.
2920 5694 2990 5703 -
3022 5658 3151 5721 Cod.
3187 5667 3303 5721 Vat.
3342 5668 3480 5732 650,

1909 5727 1954 5778 οί
1987 5727 2077 5781 καὶ
2104 5727 2172 5782 τὰ
2203 5744 2323 5797 φορ.
