3924 6416
394 311 461 379 51

1433 309 1533 369 Al)
1564 309 1872 370 PARTEM
1908 310 1967 369 Π
2006 308 2677 370 COMMENTATIONIS

390 427 504 489 νδν,
582 419 999 497 ἀπυτριῦόμεθα
1085 421 1155 471 τὰ
1231 418 1370 488 μεθα
1404 420 1472 474 τὰ
1500 421 1891 492 ἁμαρτήματα.
1926 423 1988 474 Εἰ
2019 429 2063 484 Α
2093 423 2298 493 ἐκείνῃ.
2340 422 2531 474 Καίτοι
2574 419 2851 474 κάνταῦθα

393 516 761 586 πταίσματα·ε
771 515 785 566 ί
796 513 851 566 δέ
869 510 1044 565 ἀπάνθ
1053 528 1159 582 ρω-

392 626 474 664 πα
502 609 597 663 καὶ
618 606 784 668 δεινὰ,
822 606 1045 658 κάκεῖσε
1078 619 1160 656 τι-

399 697 861 774 μωρηθησόμεθα,
893 695 1159 764 κουφότε-

312 797 316 802 ’
401 810 492 863 ρον
528 792 648 861 μὲν,
684 791 733 843 εί
785 786 1064 841 κάνταῦθά
1106 805 1159 841 τι

397 887 687 956 πάθοιμεν,
706 883 1003 954 βαρύτερον
1022 882 1101 945 δὲ,
1115 882 1165 934 εἰ

400 978 634 1042 ἀπαθεῖς
653 975 1005 1045 ἀπέλθωμεν.
1022 972 1164 1026 Ἀλλ’

296 1080 309 1087 ·
402 1071 491 1122 ῐνα
523 1070 596 1140 μὴ
646 1068 828 1136 λέγειν
872 1066 1053 1137 ἔχοις,
1090 1064 1166 1129 ὡς

401 1160 542 1231 αῦτη
583 1159 856 1229 ἀπόφασίς
906 1160 1024 1211 ἐστι
1072 1158 1167 1210 καὶ

404 1255 509 1308 οὐκ
542 1252 851 1317 ἀπόδειξις,
897 1250 985 1304 διὰ
1021 1266 1166 1321 μαρ-

405 1346 608 1418 τυριῶν
634 1344 929 1415 ἀξιόχρεων
965 1342 1168 1413 βαδιεῖ-

406 1458 499 1493 ται
521 1442 551 1493 ὁ
578 1440 754 1508 λόγος.
778 1438 911 1508 Περί
940 1435 1034 1491 οὖν
1055 1436 1168 1490 τῶν

408 1535 647 1589 ἐνταῦθα
718 1531 1171 1602 ἀποτριϐομένων

409 1627 833 1697 τάξπταίσματα,
852 1624 1060 1695 μάρτυς
1076 1637 1178 1675 πα-

415 1717 703 1790 ραγραφὴν
745 1716 819 1787 μὴ
856 1714 1176 1782 ἐπιδεχόμε-

412 1829 502 1875 νος
530 1813 559 1862 ὁ
588 1811 874 1872 θεσπέσιος
922 1807 1136 1871 Παῦλος
1160 1847 1174 1872 ,

415 1902 589 1971 λέγων
623 1902 753 1972 περὶ
783 1900 892 1953 τῶν
943 1897 1177 1962 ἀναξίως

413 1992 524 2046 τῶν
556 1990 870 2061 μυστηρίων
926 1991 1178 2058 μετειλη-

418 2084 597 2153 φότων
615 2099 632 2115 ·
667 2082 757 2134 διὰ
778 2081 937 2134 τοῦτο
962 2083 1019 2133 ἐν
1051 2080 1180 2149 ὑμῖν

418 2172 607 2227 πολλοὶ
648 2172 896 2233 ἀσθενεῖς
937 2172 1032 2224 καὶ
1079 2169 1181 2242 ἄρα

424 2265 643 2335 ρωστοι,
707 2264 802 2316 καὶ
884 2262 1182 2332 κοιμῶνται

426 2357 625 2412 ἱκανοί.
680 2358 743 2410 Εἰ
794 2357 902 2427 γὰρ
954 2357 1183 2418 ἑαυτοὺς

423 2449 786 2519 διεκρίνομεν,
809 2449 909 2501 οὐκ
936 2447 1001 2501 ἂν
1036 2449 1181 2517 ἐκρι·

425 2538 663 2606 νόμεθα·
746 2540 1057 2610 κρινόμενοι
1128 2540 1187 2594 δέ

428 2630 535 2684 ὑπὸ
562 2630 768 2700 Κυρίου
801 2632 1185 2701 παιδευόμεθα,

432 2724 520 2776 ἵνα
570 2723 645 2794 μὴ
711 2724 808 2777 σὺν
859 2724 937 2793 τῷ
998 2724 1191 2795 κόσμῳ

431 2819 881 2890 κατακριθῶμεν,
908 2818 1018 2872 Καὶ
1032 2820 1092 2872 τὸ
1113 2821 1193 2871 εἰ-

435 2911 679 2983 ρημένον
700 2910 760 2963 δὲ
788 2909 922 2981 πρὸς
947 2909 1037 2964 τὸν
1059 2911 1194 2963 ἀπο-

434 3004 864 3074 τηγανιζόμενον
917 3003 1194 3067 πλούσιον,

435 3096 640 3167 ταύτης
678 3096 795 3148 ἐστὶ
821 3095 921 3166 τῆς
954 3095 1196 3160 ἐννοίας,

438 3188 522 3242 ὅτι
578 3189 880 3251 Ἀπέλαὸες
920 3188 990 3241 τά
1022 3188 1205 3256 ἀγαθά

441 3302 535 3339 σου
562 3285 619 3338 ἐν
636 3287 700 3354 τῇ
724 3284 836 3354 ζωῇ
866 3301 981 3350 σου,
1006 3284 1205 3353 ὁμοίως

440 3378 499 3431 δὲ
524 3377 615 3430 καὶ
641 3377 890 3446 Λάζαρος
919 3376 990 3429 τά
1016 3377 1164 3430 κακά
1187 3392 1205 3405 °

444 3470 723 3524 τουτέστιν
740 3486 753 3500 ’
782 3470 843 3521 El
891 3468 1208 3539 πέπρακταί

446 3562 529 3615 σοί
548 3552 871 3632 τέχρηστὸν,
887 3558 1031 3612 τοῦτ’
1053 3557 1203 3611 ἀπεί⁸

452 3656 634 3728 ληφας
671 3695 687 3717 ,
754 3654 1040 3726 τρυφήσας
1118 3652 1213 3706 καὶ

450 3747 727 3819 μηδεμιᾶς
744 3744 1027 3815 πειραθεὶς
1053 3761 1216 3813 μετα-

447 3844 611 3912 ϐολῆς
636 3859 650 3874 ·
688 3842 738 3894 εί
777 3841 835 3895 δέ
879 3859 933 3896 τι
984 3841 1221 3911 κάκείνῳ

450 3937 914 4009 πεπλημμέληται
948 3978 965 4003 ,
1071 3935 1217 3988 τοῦτ’

450 4028 752 4099 ἀπείληφεν
784 4028 843 4080 ἐν
888 4030 956 4098 τῇ
1004 4029 1220 4098 ἀπαρα-

458 4120 682 4192 μυθήτιρ
719 4119 880 4189 πενία
919 4118 1217 4189 δεδαπανη-

461 4216 640 4286 μένος.
692 4216 829 4286 Περὶ
855 4214 911 4267 δὲ
943 4214 1051 4267 τῶν
1085 4216 1217 4268 κάν-

458 4311 635 4365 ταῦθα
683 4311 1000 4365 δεδωκότων
1038 4311 1217 4382 δίκην,

462 4401 627 4453 κάκεῖ
652 4400 956 4467 δωσόντων,
991 4400 1152 4462 αὑτὸς
1189 4403 1219 4454 ό

464 4493 659 4564 κριτὴς
721 4495 779 4546 ἐν
862 4493 1220 4562 Εὑαγγελίοις

465 4585 802 4653 ἀπεφήνατο·
842 4584 1221 4656 Ἀνεκτότερον

467 4674 621 4728 ἔσται
680 4678 752 4747 γῇ
820 4676 1072 4745 Σοδόμων
1128 4678 1222 4731 καὶ

469 4769 780 4842 Γομόρρων,
853 4771 886 4841 ἢ
947 4774 1016 4843 τῇ
1068 4773 1223 4825 πόλει

543 4916 621 4986 (α)
648 4914 783 4986 cod.
806 4914 932 4986 Vat.
969 4915 1093 4975 σεο.
1125 4920 1205 4969 άπ

1226 510 1285 564 δὲ
1330 512 1671 583 ἀπάνθρωπα
1716 514 1810 567 καὶ
1862 530 1988 582 συγ-

1229 604 1455 675 γνώμης
1503 607 1767 677 μείζονα,
1800 609 1849 660 εί
1890 607 1988 676 μὲν

1230 695 1466 748 ἐνταῦθα
1525 696 1753 766 δοίημεν
1807 695 1988 767 δίκην,

1231 790 1392 842 κάκεῖ
1419 787 1689 858 δώσομεν,
1718 790 1985 858 κουφοτέ-

1238 898 1337 950 ραν
1380 881 1455 934 δέ.
1491 881 1553 932 Ei
1605 881 1662 933 δὲ
1717 880 1993 933 τάνταῦθα

1233 966 1610 1041 διαφύγωμεν,
1638 972 1874 1043 ἄκρατον
1900 972 1995 1024 καὶ⁵

1236 1060 1676 1130 ἀπαραμύθητον
1724 1061 1993 1130 ύφέξομεν

1238 1155 1418 1206 ἐκεῖσε
1457 1153 1553 1224 τὴν
1597 1155 1892 1224 τιμωρίαν.
1930 1156 1994 1209 Εἰ

1238 1246 1294 1298 δέ
1345 1246 1650 1313 ἀποφάσεις
1704 1246 1780 1317 (α)
1842 1246 1994 1299 ταῦτ’

1241 1334 1380 1392 εἶναι
1408 1340 1913 1410 ἡγῇ,ἐγγυήσονται
1941 1341 1999 1392 αἱ

1249 1432 1387 1486 θεῖαι
1432 1433 1664 1503 Γραφαὶ.
1721 1432 1857 1503 Περὶ
1904 1433 2002 1502 μὲν

1247 1528 1356 1599 γὰρ
1386 1527 1491 1580 τῶν
1525 1527 1716 1580 εὐίατα
1750 1527 2002 1597 ἁμαρτα-

1248 1621 1447 1673 νόντων
1481 1619 1577 1689 (b),
1609 1619 1713 1689 ἔφη
1753 1619 1781 1671 ό
1841 1608 2004 1670 Ἀπό-

1251 1710 1453 1772 στόλος·
1470 1710 1795 1781 Κρινόμενοι
1811 1708 1891 1767 δὲ.
1902 1708 2008 1761 ὑπὸ

1248 1807 1342 1859 τοῦ
1372 1805 1577 1877 Κυρίου
1608 1802 2000 1873 παιδευόμεθα,
2035 1785 2077 1839 Β

1251 1900 1339 1953 ἵνα
1373 1899 1447 1969 μὴ
1476 1899 1574 1950 σὺν
1594 1896 1671 1966 τῷ
1697 1897 1887 1965 κόσμῳ
1909 1911 2009 1947 κα-

1249 1993 1618 2065 τακριθῶμεν.
1656 1991 1790 2062 Περὶ
1818 1991 1876 2044 δέ
1903 1990 2009 2042 τῶν

1253 2086 1447 2138 ἀνίατα
1470 2084 1845 2147 πταισάντων,
1874 2081 2009 2133 κάνρ

1251 2177 1426 2231 ταῦθα
1468 2178 1565 2247 μὲν
1594 2175 1906 2228 δεδωκότων
1931 2172 2011 2226 δί-

1255 2290 1382 2343 κην,
1423 2272 1586 2324 κάκεί
1617 2269 1672 2322 δέ
1703 2267 2009 2327 δωσόντων,

1256 2365 1417 2428 αὑτὸς
1432 2366 1462 2417 ὁ
1479 2363 1670 2434 κριτὴς
1685 2360 1811 2431 ἔφη⁶
1830 2360 2015 2410 Ἀνεκσ

1255 2461 1476 2526 τότερον
1524 2456 1675 2507 ἐσται
1728 2454 1799 2521 γῇ
1856 2448 2014 2502 Σοδό-

1262 2573 1378 2626 μων
1395 2554 1488 2606 καὶ
1512 2550 1793 2620 Γομόρρας
1821 2547 1913 2616 (e),
1942 2544 2017 2605 ὠς

1260 2645 1539 2701 κάνταῦθα
1559 2642 1659 2712 μὲν
1684 2639 2015 2695 δεδωκότων,

1261 2740 1424 2795 κάκεί
1455 2737 1510 2789 δέ
1561 2733 1843 2788 δωσόντων
1898 2728 2017 2797 μὲν,

1261 2825 1622 2899 ἠμερωτέραν
1659 2819 1735 2871 δέ.
1774 2816 1909 2887 Περὶ
1964 2813 2021 2867 δὲ

1263 2922 1373 2973 τῶν
1438 2912 1870 2985 ἀπαραμύθητον
1928 2905 2025 2961 καὶ

1267 3012 1501 3080 ἄκρατον
1527 3000 1904 3072 ὑπομενόντων
1926 2995 2026 3066 τὴν

2089 512 2353 566 δεδώκασι
2373 512 2530 583 δίκην
2565 512 2660 564 καὶ
2693 512 2851 564 Σοδο-

2093 608 2246 675 μῖται
2267 606 2360 658 καὶ
2394 606 2656 669 Ἰουδαῖοι,
2684 605 2730 655 οἱ
2755 602 2854 673 μὲν

2092 701 2227 769 πυρὶ
2255 699 2684 770 δαπανηθέντες,
2715 699 2766 751 οἱ
2794 698 2853 751 δὲ

2093 793 2315 863 πολέμῳ
2338 795 2431 846 καὶ
2452 791 2597 863 λιμῷ
2622 792 2858 862 παραδο-

2097 887 2314 950 θέντες,
2346 888 2442 939 καὶ
2474 887 2554 950 εἰς
2585 884 2855 955 τοσαύτην

2095 977 2330 1049 ἀπορίαν
2360 976 2751 1037 καταστάντες,
2783 975 2858 1036 ὡς

2098 1074 2193 1127 καὶ
2208 1070 2316 1125 τῶν
2328 1070 2545 1123 οἰκείων
2557 1066 2855 1136 γεύσασθαι

2100 1168 2327 1221 παίδων.
2363 1166 2587 1228 Πάντως
2620 1163 2731 1234 γὰρ
2762 1164 2854 1216 ὑπ’

2100 1260 2318 1323 ὀδόντας
2361 1259 2533 1312 ἐλθεῖν
2560 1260 2594 1330 ἡ
2641 1258 2857 1326 ἀνάγκη

2103 1351 2433 1416 ἑξεθιάσατο.

2176 1466 2288 1520 Etsi
2311 1464 2559 1534 equidem
2589 1476 2841 1532 magnum
2872 1459 3016 1512 inter
3040 1453 3248 1524 singula
3275 1452 3473 1507 harum
3493 1447 3698 1519 episto-

2105 1559 2278 1613 larum
2316 1558 2480 1611 verba
2516 1554 2853 1609 intercedere
2884 1550 3175 1605 discrimen
3204 1561 3314 1599 non
3345 1542 3577 1607 inﬁcior,
3614 1552 3700 1596 ta-

2108 1666 2233 1705 men
2260 1657 2547 1717 utramque
2596 1645 2881 1717 epistolam
2914 1642 3147 1696 Eutonio
3174 1639 3404 1693 diacono
3432 1635 3695 1703 scriptam

2108 1759 2226 1797 esse
2270 1740 2588 1810 iutelligenti
2619 1780 2633 1802 ,
2687 1746 2850 1806 atque
2888 1732 3145 1805 cogitanti
3196 1730 3330 1785 mihi
3376 1728 3444 1783 de
3487 1723 3699 1797 ingenti

2108 1833 2391 1903 utriusque
2411 1873 2424 1896 ,
2469 1833 2512 1886 si
2543 1828 2931 1900 cogitationum
2961 1825 3130 1879 series
3162 1828 3438 1891 spectatur
3467 1827 3523 1872 et
3559 1832 3700 1871 con-

2108 1942 2315 1990 nexus,
2373 1922 2764 1983 similitudine,
2823 1916 3133 1973 verosimile
3176 1914 3354 1968 visum
3401 1919 3487 1964 est
3534 1910 3701 1973 duos,

2108 2018 2200 2087 qui
2249 2017 2438 2071 lsidori
2494 2015 2561 2068 de
2606 2026 2888 2082 petitarum
2928 2005 3311 2062 distributione
3365 1999 3701 2056 sententiam

2110 2109 2306 2162 all‘erre
2353 2107 2680 2167 voluerunt,
2738 2102 2886 2156 viros
2936 2113 3096 2153 unam
3147 2094 3501 2161 eamdemque
3555 2089 3705 2142 illius

2111 2198 2401 2268 epistolam
2446 2196 2664 2250 diverso
2692 2192 2853 2247 modo
2890 2187 3248 2257 excerpsisse.
3308 2212 3378 2223 —
3426 2181 3574 2235 ldem
3627 2178 3707 2233 de

2112 2306 2233 2345 mea
2261 2288 2481 2359 quidem
2510 2284 2781 2341 sententia
2808 2280 3156 2338 statuendum
3194 2285 3277 2332 est
3311 2275 3381 2329 de
3411 2273 3549 2336 illis,
3578 2285 3708 2341 quae

2114 2398 2165 2452 p.
2204 2382 2271 2434 47
2311 2395 2341 2434 a
2374 2379 2534 2433 nobis
2577 2377 2633 2431 in
2673 2375 2913 2430 medium
2960 2372 3185 2442 prolata),
3218 2377 3347 2423 sunt
3383 2364 3652 2436 epistolae.

2183 2473 2303 2539 Quo
2382 2480 2639 2541 accepto,
2693 2467 3043 2538 epistolarum
3139 2475 3400 2516 numerus
3435 2498 3450 2523 ,
3537 2470 3708 2526 quem

2117 2579 2281 2634 supra
2355 2561 2626 2626 indicavi,
2718 2558 3177 2618 imminueretur,
3257 2550 3364 2607 nisi
3420 2547 3709 2602 Fabricius

2122 2658 2232 2728 (ά)
2297 2663 2514 2710 notaret
2564 2653 2874 2708 Michaelem
2926 2651 3143 2721 Glycam
3202 2647 3258 2700 in
3316 2642 3544 2715 epistola
3609 2639 3706 2701 8i,

2121 2750 2188 2803 ad
2261 2745 2601 2801 Joannicium
2637 2783 2653 2807 ,
2752 2744 2949 2797 citasse
3028 2739 3294 2794 lsidorum
3373 2732 3712 2789 Pelusiotam

2122 2838 2294 2901 οὑτως
2326 2840 2382 2890 ἐν
2411 2836 2721 2898 ἐπιστολαῖς
2752 2835 2979 2903 λέγοντα
3001 2849 3012 2861 ·
3053 2851 3071 2883 r
3102 2832 3313 2900 ’Ὠσπερ
3335 2827 3395 2879 τὸ
3422 2826 3579 2894 σῶμα
3607 2822 3709 2875 τοῦ

2123 2930 2332 3001 Κυρίου
2366 2929 2637 2982 ὑποπεσὸν
2669 2929 2780 2989 τοῖς
2827 2924 3007 2978 ὀδοῦσι
3047 2923 3140 2977 τοῦ
3188 2922 3317 2993 ᾅδου
3346 2918 3557 2990 φθορὰν
3603 2916 3710 2986 μὲν

2126 3020 2427 3091 τηνικαῦτα
2460 3020 2677 3084 ἐδέξατο
2703 3061 2717 3084 ,
2765 3016 3059 3086 διαφθορὰν
3086 3014 3145 3068 δὲ
3183 3014 3283 3065 οὐκ
3326 3006 3465 3063 εἶδεν
3494 3048 3508 3069 ,
3559 3005 3713 3060 οὑτω

1270 3105 1516 3164 κόλασινν
1549 3094 1730 3167 φησίν
1778 3088 2026 3145 Ἀνεκτό’
2055 3124 2098 3180 c
2132 3114 2225 3167 καὶ
2259 3112 2353 3165 νῦν
2383 3111 2516 3164 αὑτὸ
2540 3115 2598 3164 τὸ
2628 3109 2788 3179 σῶμα
2818 3108 2913 3161 τοῦ
2946 3106 3148 3177 Κυρίου
3180 3106 3290 3165 τοῖς
3329 3099 3538 3155 ὀδοῦσιν
3575 3099 3714 3151 07:0-

1273 3216 1430 3270 τερον
1480 3195 1634 3248 ἔσται
1664 3193 1734 3261 γῇ
1779 3186 2029 3255 Σοδόμων

1276 3296 1371 3347 καὶ
1395 3290 1708 3360 Γομόρρων,
1726 3284 1760 3354 ἢ
1787 3283 1854 3351 τῇ
1880 3277 2032 3331 πόλει

1276 3384 1499 3455 ἐκείνῃ,
1541 3382 1608 3450 τῇ
1665 3376 1793 3438 τοὺς
1853 3372 2033 3433 θείους

1279 3478 1525 3546 κήρυκας
1551 3467 1792 3539 δηλονότι
1828 3461 2035 3517 ἀπελα-

1284 3572 1446 3641 σάσῃ.
1475 3566 1616 3625 Τοὺς
1660 3560 1769 3629 γὰρ
1802 3554 2038 3609 ἐνταῦθα

1284 3664 1439 3732 δίκην
1491 3656 1789 3714 δεδωκότας
1820 3652 1931 3712 τοῖς
1963 3646 2039 3717 μὴ

1287 3752 1542 3807 δεδωκόσι
1570 3766 1644 3800 πα
1651 3742 1921 3817 ραῦαλὼν,
1948 3738 2042 3792 καὶ⁸

1288 3850 1322 3917 ή
1333 3862 1397 3918 με
1405 3843 1540 3917 ρωτέ
1547 3858 1645 3913 ραν
1660 3839 1834 3906 ιεήσας
1848 3832 2043 3892 αὑτοὺς

1286 3942 1495 4003 δώσειν,
1527 3935 1908 3999 ἀσύγγνωστον
1951 3923 2045 3977 καὶ

1288 4025 1712 4103 ἀργαλεωτάτην
1797 4016 2044 4085 ἀπέφηνε

1287 4126 1403 4182 τῶν
1448 4120 1681 4175 ἐνταῦθα
1715 4114 1789 4189 μὴ
1816 4108 2046 4166 δεδωκό-

1288 4236 1396 4275 των
1425 4216 1583 4286 δίκην
1606 4210 1705 4282 τὴν
1728 4204 2018 4277 τιμωρίαν.

1206 4917 1421 4986 όφασιν.

543 4985 789 5055 (b)'C0(|.
833 4985 1001 5049 idem,
1036 4988 1409 5055 ἁμαρτόντων.

545 5058 614 5127 (c)
640 5056 774 5109 Cod.
798 5055 967 5136 idem,
995 5056 1311 5181 Γομόρρων.
1477 5122 1504 5138 υ

549 5128 627 5193 (d)
651 5124 865 5179 Fabric.
904 5125 1041 5179 Bibl.
1074 5143 1154 5193 gr.
1209 5169 1222 5180 .
1256 5141 1307 5185 c.
1346 5140 1399 5193 p.
1436 5122 1563 5193 εισι.
1594 5117 1838 5193 —_lde'n
1873 5115 2057 5193 .odem

549 5124 635 5197 (vd),
651 5124 865 5197 Fabric.
904 5125 1041 5197 Bibl.
1074 5124 1154 5193 gr.

478 5186 809 5253 loco'lsidori
839 5186 1097 5264 epistolas
1120 5186 1426 5265 complures
1447 5209 1475 5247 a
1500 5190 1726 5265 Leontio
1749 5186 2055 5265 Eyzantino

480 5268 728 5323 laudatas
762 5257 886 5320 esse
912 5265 1096 5330 tradit,
1134 5267 1189 5319 in
1213 5257 1428 5335 illisque
1462 5276 1628 5335 unam
1659 5260 1723 5335 ad
1748 5257 2049 5335 Theonem,

482 5354 666 5407 quam,
701 5343 763 5407 ut
790 5335 965 5404 ipsius
998 5343 1120 5389 utar
1152 5329 1355 5407 verbis,
1390 5336 1443 5388 in
1480 5332 1638 5407 editis
1662 5329 2051 5407 diuincassum

484 5394 851 5478 quaerasﬂul't
868 5416 1054 5478 autem
1072 5416 1131 5478 ut
1146 5421 1212 5460 ex
1231 5394 1408 5478 indice
1424 5402 1747 5478 scriptorum
1769 5399 1821 5452 iu
1845 5394 2055 5478 Leontii

486 5476 676 5532 contra
707 5476 1014 5530 Nestorium
1047 5477 1214 5530 libros
1238 5478 1294 5544 (p

1299 5515 1312 5528 .
1344 5472 1490 5542 174.)
1526 5465 1770 5539 apparet.
1805 5482 1921 5522 eam
1954 5465 2057 5542 [fe-

488 5547 701 5601 lusiotze
730 5546 796 5599 ad
824 5544 1101 5616 Theonem
1122 5535 1402 5616 epistolam
1431 5535 1937 5616 signiﬁcaretquam
1971 5535 2060 5588 ille

490 5618 546 5670 in
577 5619 761 5695 primo
808 5627 996 5670 contra
1027 5609 1338 5698 Nestorium
1372 5624 1426 5669 et
1456 5610 1731 5733 Eut‘pchen
1767 5609 1907 5662 libro
1932 5621 2060 5677 pro-

492 5686 635 5733 tulit-
679 5711 748 5725 έ-
794 5685 878 5733 Cf.
914 5686 1141 5733 Maxrma
1190 5686 1442 5733 hthlmth.
1491 5681 1532 5733 ν
1590 5722 1603 5733 .
1651 5679 1755 5733 ΡΙ).
1799 5689 1931 5733 tom.
1984 5692 2058 5733 lx.

492 5681 635 5739 tulit.
679 5711 748 5725 έ-
794 5685 878 5739 Cf.
914 5686 1143 5741 Maxima
1190 5686 1442 5742 biblioth.
1491 5681 1532 5734 ν

1651 5679 1755 5734 Pl’.
1799 5689 1931 5734 tom.
1984 5692 2058 5740 ιτ,

496 5773 545 5825 p.
582 5756 703 5811 68L
738 5785 806 5797 —-
851 5755 905 5811 In
939 5771 1005 5811 eo
1047 5766 1225 5813 tamen
1275 5756 1475 5811 fallitur
1523 5750 1819 5807 Fabricius.
1874 5750 2061 5804 Exstat

2136 3206 2332 3259 πίπτον
2358 3206 2469 3266 τοῖς
2494 3201 2782 3272 ἡμετέροις
2810 3198 3016 3269 φθορὰν
3046 3198 3143 3267 μὲν
3165 3194 3364 3265 ὁμοίως
3390 3182 3712 3260 ὑφίσταται,

2135 3295 2432 3366 διαφθορὰν
2461 3295 2517 3347 δέ
2546 3294 2645 3346 οὑκ
2674 3292 2834 3358 έγνω,
2862 3290 2976 3342 ἀλλ’
3009 3287 3213 3349 εὐθέως
3241 3282 3716 3354 ἀφθαρτιζόμενον

2136 3392 2201 3460 τῇ
2241 3388 2341 3459 τῆς
2382 3388 2559 3461 ψυχῆς
2605 3386 2760 3457 οὐσίᾳ
2806 3384 3010 3436 δίδοται
3063 3380 3255 3451 μόνον,
3309 3374 3447 3431 ἀλλὰ
3489 3373 3584 3426 καὶ
3630 3372 3717 3433 εἰς

2139 3481 2309 3535 αἰῶνα
2344 3477 2764 3550 συμπαραμένει
2797 3477 2918 3539 ταῖς
2951 3474 3060 3525 τῶν
3085 3469 3311 3525 δικαίων
3340 3466 3559 3537 ψυχαῖς.
3588 3481 3605 3513 ι

2209 3574 2340 3639 Quae
2391 3572 2553 3625 verba
2590 3568 2839 3638 equidem
2892 3566 3033 3619 inter
3072 3562 3325 3633 epistolas
3356 3575 3386 3613 a
3419 3554 3717 3614 Chatardo.

2142 3665 2507 3720 Rittershusio
2535 3671 2591 3717 et
2629 3662 2856 3717 Sebotto
2891 3658 3064 3713 editas
3117 3653 3361 3709 invenire
3389 3664 3501 3703 non
3539 3647 3714 3716 potui.

2143 3758 2321 3825 Quare
2341 3797 2357 3823 ,
2388 3756 2431 3811 si
2462 3756 2549 3810 illa
2577 3770 2765 3809 revera
2797 3752 2866 3806 ab
2892 3751 3096 3806 Isidoro
3133 3747 3333 3814 scripta
3360 3758 3479 3798 esse
3502 3754 3718 3796 censes.

2146 3851 2313 3905 habes
2348 3848 2591 3917 ejusdem
2629 3844 2886 3915 epistolas
2915 3842 3063 3896 mille
3094 3844 3397 3907 nongentas
3419 3829 3723 3901 nonaginta

2146 3949 2267 3995 octo
2299 3936 2617 4007 superstites
2649 3933 2892 4005 typisque
2926 3942 3228 3998 expressas.

2216 4030 2321 4085 Sed
2347 4030 2498 4084 illum
2526 4028 2696 4081 multo
2734 4026 2916 4095 plures
2955 4018 3236 4089 scripsisse
3263 4023 3347 4070 est
3380 4007 3727 4067 verosimilli-

2147 4137 2315 4174 mum.
2356 4120 2490 4174 Nam
2524 4135 2586 4172 ex
2617 4133 2716 4180 eo,
2756 4116 2899 4185 quod
2926 4111 3212 4167 Faeundus
3239 4108 3331 4179 (ε)
3361 4106 3469 4160 duo
3509 4110 3725 4156 tantum

2147 4214 2499 4283 epistolarum
2533 4210 2699 4266 millia
2728 4204 3206 4267 commemoravit,
3247 4200 3384 4255 nihil
3412 4196 3557 4251 aliud
3589 4192 3725 4247 mihi

2147 4305 2366 4375 quidem
2404 4302 2665 4372 consequi
2703 4300 2947 4362 videtur,
3003 4312 3167 4367 quam
3217 4295 3366 4375 hunc
3414 4304 3505 4344 eas
3533 4301 3729 4342 omnes

2150 4372 2261 4450 non
2291 4396 2550 4450 habuisse
2595 4394 2861 4463 cognitas.
2900 4390 3097 4445 Suidas
3136 4387 3219 4458 (θ’)
3272 4372 3402 4439 vero
3439 4395 3635 4435 novem
3671 4386 3731 4431 et

2074 4460 2118 4514 D
2147 4483 2484 4554 Nicephorus
2511 4482 2584 4552 (g)
2610 4460 2799 4537 decem
2828 4479 2991 4534 millia
3022 4478 3090 4532 ab
3119 4475 3321 4531 Isidoro
3352 4470 3591 4539 scriptas
3606 4481 3730 4519 esse

2150 4576 2503 4631 alﬁrmarunt.
2537 4574 2779 4639 Quorum
2808 4567 3145 4631 testimoniis,
3172 4565 3273 4620 etsi
3299 4563 3417 4617 illos
3439 4570 3727 4614 numerum

2150 4667 2363 4721 auxisse
2423 4666 2750 4735 largiamur,
2809 4668 3035 4731 apparet
3088 4667 3268 4712 tamen
3325 4653 3495 4707 multo
3544 4649 3731 4719 plures

2151 4759 2421 4814 exstitisse
2440 4756 2628 4812 lsidori
2654 4754 2906 4825 epistolas
2951 4767 3015 4806 ac
3043 4764 3214 4820 penes
3256 4762 3360 4801 nos
3387 4751 3517 4799 sunt
3546 4740 3729 4796 editae.

2160 4901 2305 4955 enim
2345 4898 2533 4953 eadem
2586 4896 2703 4952 haec
2737 4892 2965 4964 epistola
3003 4891 3141 4945 libro
3182 4886 3359 4957 primo
3400 4882 3491 4937 ubi
3548 4881 3732 4936 locum

2161 4972 2265 5027 560
2301 4978 2466 5024 tenet.

2233 5040 2304 5111 (ε)
2338 5037 2580 5111 ξθςιιῐιᾱ.
2620 5033 3019 5111 De[e_ns_.‘trium
3041 5046 3187 5111 ξομ,
3220 5028 3315 5111 Ιὶξ)ζ
3343 5025 3417 5105 Il,
3442 5039 3573 5111 cap...
3600 5022 3651 5111 ιε

2243 5094 2307 5182 if)
2334 5107 2489 5164 Suid.
2522 5124 2568 5162 s.
2606 5123 2658 5159 ν.
2697 5094 3020 5169 Ἰσίδωροςο
3041 5094 3379 5159 Ἐπιστολάς,
3407 5094 3601 5163 inquit,
3631 5094 3728 5161 ἐρ-

2244 5177 2503 5205 ..--.-.⁹.-..-
2528 5176 2626 5205 Α...
2655 5175 2804 5205 αρτ-..
2856 5170 3074 5205 I‘nnm-inu
3109 5168 3155 5205 ν’
3192 5167 3454 5205 vévnnmc,
3495 5164 3585 5205 νηὶ
3614 5162 3728 5205 ἑτέ-

2166 5164 2503 5253 μηῖἶέυούσας
2528 5176 2626 5247 τὴν
2655 5175 2804 5227 θείαν
2856 5164 3074 5242 Γραφὴν
3109 5168 3155 5237 γ’
3192 5167 3458 5236 γέγραφε,
3495 5164 3586 5216 καὶ
3614 5164 3728 5214 ἐτέ-

2166 5268 2263 5322 ρας
2281 5249 2463 5322 (natat
2492 5248 2626 5322 ἄλλα
2643 5241 2909 5322 1tv4.nSic
2934 5242 3081 5322 ferre
3099 5240 3258 5292 codd.
3278 5234 3595 5290 emendatos
3629 5242 3733 5286 tes-

2163 5310 2308 5375 tatur
2333 5310 2668 5372 'Sirmondus
2693 5315 2763 5369 ad
2795 5310 3037 5365 Facundi
3069 5310 3105 5363 ι.
3130 5324 3181 5363 c.

2234 5393 2307 5423 In\
2339 5388 2541 5423 Ninonh
2629 5384 2761 5423 "1'21,
2804 5383 2927 5423 and.
2960 5381 3052 5423 lih_
3092 5396 3203 5423 τιν-
3248 5391 3371 5423 can.
3408 5376 3476 5423 53
3508 5392 3519 5423 ε
3553 5370 3733 5423 Πολλὰ

2233 5393 2307 5461 (g)
2337 5388 2567 5457 Niceph.
2625 5384 2766 5438 Hist.
2803 5383 2928 5435 εδει.
2960 5381 3057 5435 lib.
3091 5396 3203 5442 xw,
3248 5391 3371 5446 cap.
3408 5376 3476 5430 55
3508 5392 3519 5427 :
3553 5375 3733 5427 Πολλά

2206 5462 2262 5514 ἐν
2287 5459 2435 5529 αὑτῷ
2464 5457 2675 5529 ἐγράφη
2698 5453 2964 5523 ὠφελείας
2983 5451 3199 5529 ἀπάσης
3225 5446 3464 5529 ἐμπλεω·
3498 5443 3733 5529 μάλιστα

2193 5512 2227 5585 ἐ.
2244 5512 2548 5590 ἐπιστολαῗξ
2576 5512 2794 5597 χάριτός
2821 5512 3079 5597 παντοίας
3097 5512 3341 5597 μεσταὶ...
3359 5512 3733 5597 θείας-τεβμα

2162 5580 2269 5654 καὶ.⁷
2286 5580 2805 5669 ἀνθρωπίνῆςξώσέι
2832 5580 3074 5669 χιλιάδες
3093 5580 3241 5669 δέκα,
3274 5580 3446 5669 δι’ἢῶν
3469 5583 3644 5669 πᾶσάν

2163 5653 2260 5743 τὴν
2297 5653 2519 5743 Γράφην
2566 5653 2885 5743 σάξρηνίζεζ,
2919 5664 3014 5716 καὶ
3048 5653 3268 5743 σύμπαν
3303 5653 3436 5727 ἦθος
3486 5653 3731 5709 παιδεύει

2161 5730 2676 5810 διδασκαλικώτερον
2698 5730 3014 5807 ποιούμενος
3039 5731 3135 5804 τὴν
3156 5730 3447 5803 ὑφήγησιν.
