  <div class='ocr_page' id='page_1' title='image "/cluster/home/n/w/nwhite01/storage/ocr_20150623/78/nnc1.0046980008/042.png"; bbox 0 0 3924 6416; ppageno 0'>
   <div class='ocr_carea' id='block_1_1' title="bbox 252 330 1847 402">
    <p class='ocr_par' dir='ltr' id='par_1_1' title="bbox 252 330 1845 401">
     <span class='ocr_line' id='line_1_1' title="bbox 252 330 1845 401; baseline 0.008 -12"><span class='ocrx_word' id='word_1_1' title='bbox 252 330 308 389; x_wconf 65' lang='lat' dir='ltr'><strong>EB</strong></span> <span class='ocrx_word' id='word_1_2' title='bbox 1306 339 1707 399; x_wconf 68' lang='lat' dir='ltr'><strong>AI‘I’ENDIX.</strong></span> <span class='ocrx_word' id='word_1_3' title='bbox 1722 364 1789 373; x_wconf 90' lang='grc'><strong>-</strong></span> <span class='ocrx_word' id='word_1_4' title='bbox 1804 344 1845 401; x_wconf 88' lang='lat' dir='ltr'><strong>C.</strong></span> 
     </span>
    </p>
   </div>
   <div class='ocr_carea' id='block_1_2' title="bbox 1935 330 3479 402">
    <p class='ocr_par' dir='ltr' id='par_1_2' title="bbox 1935 338 3479 402">
     <span class='ocr_line' id='line_1_2' title="bbox 1935 338 3479 402; baseline 0.003 -5"><span class='ocrx_word' id='word_1_5' title='bbox 1935 343 2114 401; x_wconf 64' lang='lat' dir='ltr'><strong>DICES</strong></span> <span class='ocrx_word' id='word_1_6' title='bbox 2160 343 2320 402; x_wconf 83' lang='lat' dir='ltr'><strong>MSS.</strong></span> <span class='ocrx_word' id='word_1_7' title='bbox 3406 338 3479 401; x_wconf 60' lang='grc'><strong>58</strong></span> 
     </span>
    </p>
   </div>
   <div class='ocr_carea' id='block_1_3' title="bbox 338 480 2373 510">
    <p class='ocr_par' dir='ltr' id='par_1_3' title="bbox 338 480 2373 510">
     <span class='ocr_line' id='line_1_3' title="bbox 338 480 2373 510; baseline 0.003 -14"><span class='ocrx_word' id='word_1_8' title='bbox 338 480 2373 510; x_wconf 79' lang='lat'><strong>-..-—————..___._________._____________</strong></span> 
     </span>
    </p>
   </div>
   <div class='ocr_carea' id='block_1_4' title="bbox 1073 676 2607 799">
    <p class='ocr_par' dir='ltr' id='par_1_4' title="bbox 1073 676 2607 799">
     <span class='ocr_line' id='line_1_4' title="bbox 1073 676 2607 799; baseline 0.005 -12"><span class='ocrx_word' id='word_1_9' title='bbox 1073 676 1675 791; x_wconf 81' lang='lat' dir='ltr'><strong>PARTIS</strong></span> <span class='ocrx_word' id='word_1_10' title='bbox 1799 679 2607 799; x_wconf 65' lang='lat' dir='ltr'><strong>SECUNDfE</strong></span> 
     </span>
    </p>
   </div>
   <div class='ocr_carea' id='block_1_5' title="bbox 1234 913 2448 1011">
    <p class='ocr_par' dir='ltr' id='par_1_5' title="bbox 1234 913 2448 1011">
     <span class='ocr_line' id='line_1_5' title="bbox 1234 913 2448 1011; baseline 0.003 -8"><span class='ocrx_word' id='word_1_11' title='bbox 1234 913 1848 1008; x_wconf 84' lang='lat' dir='ltr'><strong>APPENDIX</strong></span> <span class='ocrx_word' id='word_1_12' title='bbox 1925 920 2448 1011; x_wconf 87' lang='lat' dir='ltr'><strong>DUPLEX.</strong></span> 
     </span>
    </p>
   </div>
   <div class='ocr_carea' id='block_1_6' title="bbox 361 1098 3333 1171">
    <p class='ocr_par' dir='ltr' id='par_1_6' title="bbox 361 1098 3333 1171">
     <span class='ocr_line' id='line_1_6' title="bbox 361 1098 3333 1171; baseline 0.006 -17"><span class='ocrx_word' id='word_1_13' title='bbox 361 1098 699 1156; x_wconf 78' lang='lat' dir='ltr'><strong>COLLATIO</strong></span> <span class='ocrx_word' id='word_1_14' title='bbox 738 1098 1227 1159; x_wconf 78' lang='lat' dir='ltr'><strong>EPISTOLABUM</strong></span> <span class='ocrx_word' id='word_1_15' title='bbox 1266 1102 1434 1169; x_wconf 58' lang='lat' dir='ltr'><strong>QUAS</strong></span> <span class='ocrx_word' id='word_1_16' title='bbox 1474 1104 1541 1158; x_wconf 81' lang='lat' dir='ltr'><strong>IN</strong></span> <span class='ocrx_word' id='word_1_17' title='bbox 1582 1104 1805 1161; x_wconf 84' lang='lat' dir='ltr'><strong>EDITIS</strong></span> <span class='ocrx_word' id='word_1_18' title='bbox 1845 1106 1934 1160; x_wconf 82' lang='lat' dir='ltr'><strong>ET</strong></span> <span class='ocrx_word' id='word_1_19' title='bbox 1976 1106 2274 1164; x_wconf 84' lang='lat' dir='ltr'><strong>INEDITIS</strong></span> <span class='ocrx_word' id='word_1_20' title='bbox 2317 1110 2601 1166; x_wconf 74' lang='lat' dir='ltr'><strong>PA&#39;I‘RUM</strong></span> <span class='ocrx_word' id='word_1_21' title='bbox 2642 1112 2942 1169; x_wconf 78' lang='lat' dir='ltr'><strong>CATENIS</strong></span> <span class='ocrx_word' id='word_1_22' title='bbox 2982 1112 3333 1171; x_wconf 44' lang='lat' dir='ltr'><strong>EXSTANT‘.</strong></span> 
     </span>
    </p>
   </div>
   <div class='ocr_carea' id='block_1_7' title="bbox 1210 1280 2493 1356">
    <p class='ocr_par' dir='ltr' id='par_1_7' title="bbox 1210 1280 2493 1356">
     <span class='ocr_line' id='line_1_7' title="bbox 1210 1280 2493 1356; baseline 0.008 -21"><span class='ocrx_word' id='word_1_23' title='bbox 1210 1280 1334 1336; x_wconf 83' lang='lat' dir='ltr'><strong>Vide</strong></span> <span class='ocrx_word' id='word_1_24' title='bbox 1367 1283 1511 1350; x_wconf 62' lang='lat' dir='ltr'><strong>infra</strong></span> <span class='ocrx_word' id='word_1_25' title='bbox 1542 1290 1609 1338; x_wconf 80' lang='lat' dir='ltr'><strong>ad</strong></span> <span class='ocrx_word' id='word_1_26' title='bbox 1640 1287 1836 1341; x_wconf 84' lang='lat' dir='ltr'><strong>calcem</strong></span> <span class='ocrx_word' id='word_1_27' title='bbox 1879 1285 2235 1356; x_wconf 70' lang='lat' dir='ltr'><strong>Epistolarum</strong></span> <span class='ocrx_word' id='word_1_28' title='bbox 2271 1289 2493 1345; x_wconf 86' lang='lat' dir='ltr'><strong>lsidori.</strong></span> 
     </span>
    </p>
   </div>
   <div class='ocr_carea' id='block_1_8' title="bbox 304 1471 3441 1513">
    <p class='ocr_par' dir='ltr' id='par_1_8' title="bbox 304 1471 3441 1513">
     <span class='ocr_line' id='line_1_8' title="bbox 304 1471 3441 1513; baseline 0.004 -26"><span class='ocrx_word' id='word_1_29' title='bbox 304 1471 3441 1513; x_wconf 81' lang='lat'><strong>.______......_..._______________________________</strong></span> 
     </span>
    </p>
   </div>
   <div class='ocr_carea' id='block_1_9' title="bbox 831 1637 2843 1736">
    <p class='ocr_par' dir='ltr' id='par_1_9' title="bbox 831 1637 2843 1736">
     <span class='ocr_line' id='line_1_9' title="bbox 831 1637 2843 1736; baseline 0.005 -12"><span class='ocrx_word' id='word_1_30' title='bbox 831 1640 1247 1727; x_wconf 79' lang='lat' dir='ltr'><strong>PARTIS</strong></span> <span class='ocrx_word' id='word_1_31' title='bbox 1315 1637 1889 1729; x_wconf 77' lang='lat' dir='ltr'><strong>SECUND/E</strong></span> <span class='ocrx_word' id='word_1_32' title='bbox 1964 1642 2575 1734; x_wconf 83' lang='lat' dir='ltr'><strong>APPENDIX</strong></span> <span class='ocrx_word' id='word_1_33' title='bbox 2658 1650 2843 1736; x_wconf 90' lang='lat' dir='ltr'><strong>Ill.</strong></span> 
     </span>
    </p>
   </div>
   <div class='ocr_carea' id='block_1_10' title="bbox 1415 1830 2307 1905">
    <p class='ocr_par' dir='ltr' id='par_1_10' title="bbox 1415 1830 2307 1905">
     <span class='ocr_line' id='line_1_10' title="bbox 1415 1830 2307 1905; baseline 0.003 -14"><span class='ocrx_word' id='word_1_34' title='bbox 1415 1830 1735 1891; x_wconf 84' lang='lat' dir='ltr'><strong>ISIDORI</strong></span> <span class='ocrx_word' id='word_1_35' title='bbox 1797 1831 2307 1905; x_wconf 76' lang='lat' dir='ltr'><strong>PELUSIOT/E_</strong></span> 
     </span>
    </p>
   </div>
   <div class='ocr_carea' id='block_1_11' title="bbox 1045 1906 2675 1978">
    <p class='ocr_par' dir='ltr' id='par_1_11' title="bbox 1045 1906 2675 1978">
     <span class='ocr_line' id='line_1_11' title="bbox 1045 1906 2675 1978; baseline 0.007 -13"><span class='ocrx_word' id='word_1_36' title='bbox 1045 1906 1647 1971; x_wconf 77' lang='lat' dir='ltr'><strong>EPISTULARUM</strong></span> <span class='ocrx_word' id='word_1_37' title='bbox 1684 1908 2039 1972; x_wconf 84' lang='lat' dir='ltr'><strong>CODICES</strong></span> <span class='ocrx_word' id='word_1_38' title='bbox 2078 1913 2675 1978; x_wconf 86' lang='lat' dir='ltr'><strong>MANUSCRIPTI.</strong></span> 
     </span>
    </p>
   </div>
   <div class='ocr_carea' id='block_1_12' title="bbox 299 2071 3485 2146">
    <p class='ocr_par' dir='ltr' id='par_1_12' title="bbox 299 2071 3485 2146">
     <span class='ocr_line' id='line_1_12' title="bbox 299 2071 3485 2146; baseline 0.006 -19"><span class='ocrx_word' id='word_1_39' title='bbox 299 2071 499 2128; x_wconf 80' lang='lat' dir='ltr'><strong>Codices</strong></span> <span class='ocrx_word' id='word_1_40' title='bbox 543 2083 782 2142; x_wconf 76' lang='lat' dir='ltr'><strong>quatuor</strong></span> <span class='ocrx_word' id='word_1_41' title='bbox 818 2074 1181 2128; x_wconf 75' lang='lat' dir='ltr'><strong>Actemeteusis</strong></span> <span class='ocrx_word' id='word_1_42' title='bbox 1213 2076 1518 2129; x_wconf 77' lang='lat' dir='ltr'><strong>monasterii</strong></span> <span class='ocrx_word' id='word_1_43' title='bbox 1559 2075 1800 2129; x_wconf 89' lang='lat' dir='ltr'><strong>omnium</strong></span> <span class='ocrx_word' id='word_1_44' title='bbox 1831 2081 1875 2137; x_wconf 79' lang='grc' dir='ltr'><strong>Α</strong></span> <span class='ocrx_word' id='word_1_45' title='bbox 1904 2092 2132 2146; x_wconf 71' lang='lat' dir='ltr'><strong>qumque</strong></span> <span class='ocrx_word' id='word_1_46' title='bbox 2175 2096 2365 2135; x_wconf 87' lang='lat' dir='ltr'><strong>onmes</strong></span> <span class='ocrx_word' id='word_1_47' title='bbox 2392 2096 2456 2135; x_wconf 82' lang='lat' dir='ltr'><strong>ex</strong></span> <span class='ocrx_word' id='word_1_48' title='bbox 2501 2084 2602 2138; x_wconf 91' lang='lat' dir='ltr'><strong>hoe</strong></span> <span class='ocrx_word' id='word_1_49' title='bbox 2642 2085 2827 2139; x_wconf 83' lang='lat' dir='ltr'><strong>codice</strong></span> <span class='ocrx_word' id='word_1_50' title='bbox 2862 2086 2915 2140; x_wconf 93' lang='lat' dir='ltr'><strong>in</strong></span> <span class='ocrx_word' id='word_1_51' title='bbox 2949 2088 3162 2144; x_wconf 75' lang='lat' dir='ltr'><strong>ofﬁcina</strong></span> <span class='ocrx_word' id='word_1_52' title='bbox 3190 2090 3485 2146; x_wconf 81' lang='lat' dir='ltr'><strong>Commeli-</strong></span> 
     </span>
    </p>
   </div>
   <div class='ocr_carea' id='block_1_13' title="bbox 245 2163 3485 2254">
    <p class='ocr_par' dir='ltr' id='par_1_13' title="bbox 245 2163 3485 2254">
     <span class='ocr_line' id='line_1_13' title="bbox 245 2163 3485 2254; baseline 0.007 -39"><span class='ocrx_word' id='word_1_53' title='bbox 245 2163 579 2217; x_wconf 75' lang='lat' dir='ltr'><strong>vetustissimi</strong></span> <span class='ocrx_word' id='word_1_54' title='bbox 623 2163 1043 2228; x_wconf 90' lang='lat' dir='ltr'><strong>continuerunt,</strong></span> <span class='ocrx_word' id='word_1_55' title='bbox 1084 2165 1163 2217; x_wconf 89' lang='lat' dir='ltr'><strong>uti</strong></span> <span class='ocrx_word' id='word_1_56' title='bbox 1215 2164 1452 2220; x_wconf 64' lang='lat' dir='ltr'><strong>Irenaeus</strong></span> <span class='ocrx_word' id='word_1_57' title='bbox 1506 2174 1559 2219; x_wconf 91' lang='lat' dir='ltr'><strong>et</strong></span> <span class='ocrx_word' id='word_1_58' title='bbox 1615 2178 1805 2219; x_wconf 86' lang='lat' dir='ltr'><strong>auctor</strong></span> <span class='ocrx_word' id='word_1_59' title='bbox 1905 2172 2064 2224; x_wconf 87' lang='lat' dir='ltr'><strong>niana</strong></span> <span class='ocrx_word' id='word_1_60' title='bbox 2095 2186 2237 2225; x_wconf 85' lang='lat' dir='ltr'><strong>anno</strong></span> <span class='ocrx_word' id='word_1_61' title='bbox 2278 2172 2435 2237; x_wconf 74' lang='grc'><strong>1605,</strong></span> <span class='ocrx_word' id='word_1_62' title='bbox 2483 2191 2654 2245; x_wconf 63' lang='lat' dir='ltr'><strong>graece</strong></span> <span class='ocrx_word' id='word_1_63' title='bbox 2697 2186 2751 2231; x_wconf 90' lang='lat' dir='ltr'><strong>ct</strong></span> <span class='ocrx_word' id='word_1_64' title='bbox 2792 2179 2956 2233; x_wconf 81' lang='lat' dir='ltr'><strong>latine</strong></span> <span class='ocrx_word' id='word_1_65' title='bbox 3002 2181 3160 2235; x_wconf 75' lang='lat' dir='ltr'><strong>editae</strong></span> <span class='ocrx_word' id='word_1_66' title='bbox 3204 2193 3329 2236; x_wconf 91' lang='lat' dir='ltr'><strong>sunt</strong></span> <span class='ocrx_word' id='word_1_67' title='bbox 3366 2183 3485 2254; x_wconf 84' lang='lat' dir='ltr'><strong>(cu-</strong></span> 
     </span>
    </p>
   </div>
   <div class='ocr_carea' id='block_1_14' title="bbox 246 2257 3488 2334">
    <p class='ocr_par' dir='ltr' id='par_1_14' title="bbox 246 2257 3488 2334">
     <span class='ocr_line' id='line_1_14' title="bbox 246 2257 3488 2334; baseline 0.007 -25"><span class='ocrx_word' id='word_1_68' title='bbox 246 2271 539 2325; x_wconf 82' lang='lat' dir='ltr'><strong>anonymus,</strong></span> <span class='ocrx_word' id='word_1_69' title='bbox 579 2273 820 2327; x_wconf 89' lang='lat' dir='ltr'><strong>quorum</strong></span> <span class='ocrx_word' id='word_1_70' title='bbox 862 2257 1167 2311; x_wconf 87' lang='lat' dir='ltr'><strong>testimonia</strong></span> <span class='ocrx_word' id='word_1_71' title='bbox 1208 2273 1263 2327; x_wconf 90' lang='lat' dir='ltr'><strong>p.</strong></span> <span class='ocrx_word' id='word_1_72' title='bbox 1310 2257 1409 2324; x_wconf 79' lang='lat' dir='ltr'><strong>l5,</strong></span> <span class='ocrx_word' id='word_1_73' title='bbox 1445 2258 1529 2322; x_wconf 73' lang='grc'><strong>14,</strong></span> <span class='ocrx_word' id='word_1_74' title='bbox 1571 2274 1602 2311; x_wconf 90' lang='lat' dir='ltr'><strong>a</strong></span> <span class='ocrx_word' id='word_1_75' title='bbox 1649 2258 1807 2311; x_wconf 87' lang='lat' dir='ltr'><strong>nobis</strong></span> <span class='ocrx_word' id='word_1_76' title='bbox 1907 2268 2061 2313; x_wconf 89' lang='lat' dir='ltr'><strong>rante</strong></span> <span class='ocrx_word' id='word_1_77' title='bbox 2090 2260 2537 2334; x_wconf 80' lang='lat' dir='ltr'><strong>Ritthersushio).</strong></span> <span class='ocrx_word' id='word_1_78' title='bbox 2571 2265 2631 2319; x_wconf 89' lang='lat' dir='ltr'><strong>In</strong></span> <span class='ocrx_word' id='word_1_79' title='bbox 2667 2266 2773 2321; x_wconf 85' lang='lat' dir='ltr'><strong>ﬁne</strong></span> <span class='ocrx_word' id='word_1_80' title='bbox 2816 2271 3018 2325; x_wconf 82' lang='lat' dir='ltr'><strong>codicis</strong></span> <span class='ocrx_word' id='word_1_81' title='bbox 3059 2274 3290 2328; x_wconf 80' lang='lat' dir='ltr'><strong>habetur</strong></span> <span class='ocrx_word' id='word_1_82' title='bbox 3326 2276 3488 2332; x_wconf 70' lang='lat' dir='ltr'><strong>inde:</strong></span> 
     </span>
    </p>
   </div>
   <div class='ocr_carea' id='block_1_15' title="bbox 248 2347 3486 2427">
    <p class='ocr_par' dir='ltr' id='par_1_15' title="bbox 248 2347 3486 2427">
     <span class='ocr_line' id='line_1_15' title="bbox 248 2347 3486 2427; baseline 0.006 -26"><span class='ocrx_word' id='word_1_83' title='bbox 248 2347 385 2401; x_wconf 81' lang='lat' dir='ltr'><strong>allata</strong></span> <span class='ocrx_word' id='word_1_84' title='bbox 422 2359 569 2410; x_wconf 88' lang='lat' dir='ltr'><strong>sunt,</strong></span> <span class='ocrx_word' id='word_1_85' title='bbox 596 2349 897 2410; x_wconf 79' lang='lat' dir='ltr'><strong>tradidere,</strong></span> <span class='ocrx_word' id='word_1_86' title='bbox 924 2350 1032 2403; x_wconf 89' lang='lat' dir='ltr'><strong>duo</strong></span> <span class='ocrx_word' id='word_1_87' title='bbox 1078 2349 1245 2402; x_wconf 83' lang='lat' dir='ltr'><strong>millia</strong></span> <span class='ocrx_word' id='word_1_88' title='bbox 1269 2349 1639 2419; x_wconf 84' lang='lat' dir='ltr'><strong>epistolarum.</strong></span> <span class='ocrx_word' id='word_1_89' title='bbox 1671 2365 1807 2418; x_wconf 87' lang='lat' dir='ltr'><strong>quas</strong></span> <span class='ocrx_word' id='word_1_90' title='bbox 1909 2350 2283 2417; x_wconf 83' lang='lat' dir='ltr'><strong>alphabeticus</strong></span> <span class='ocrx_word' id='word_1_91' title='bbox 2315 2353 2593 2409; x_wconf 89' lang='lat' dir='ltr'><strong>initiorum</strong></span> <span class='ocrx_word' id='word_1_92' title='bbox 2633 2358 2983 2427; x_wconf 77' lang='lat' dir='ltr'><strong>epistolarum</strong></span> <span class='ocrx_word' id='word_1_93' title='bbox 3016 2380 3043 2417; x_wconf 90' lang='lat' dir='ltr'><strong>a</strong></span> <span class='ocrx_word' id='word_1_94' title='bbox 3086 2364 3338 2423; x_wconf 70' lang='lat' dir='ltr'><strong>Grets&#39;ero</strong></span> <span class='ocrx_word' id='word_1_95' title='bbox 3369 2368 3486 2423; x_wconf 88' lang='lat' dir='ltr'><strong>edi-</strong></span> 
     </span>
    </p>
   </div>
   <div class='ocr_carea' id='block_1_16' title="bbox 248 2440 1808 2510">
    <p class='ocr_par' dir='ltr' id='par_1_16' title="bbox 248 2440 1808 2510">
     <span class='ocr_line' id='line_1_16' title="bbox 248 2440 1808 2510; baseline -0.001 -17"><span class='ocrx_word' id='word_1_96' title='bbox 248 2441 438 2494; x_wconf 86' lang='lat' dir='ltr'><strong>easdem</strong></span> <span class='ocrx_word' id='word_1_97' title='bbox 488 2441 691 2506; x_wconf 82' lang='lat' dir='ltr'><strong>fuisse,</strong></span> <span class='ocrx_word' id='word_1_98' title='bbox 730 2450 893 2510; x_wconf 87' lang='lat' dir='ltr'><strong>atque</strong></span> <span class='ocrx_word' id='word_1_99' title='bbox 930 2457 1031 2494; x_wconf 90' lang='lat' dir='ltr'><strong>nos</strong></span> <span class='ocrx_word' id='word_1_100' title='bbox 1078 2440 1339 2494; x_wconf 89' lang='lat' dir='ltr'><strong>habemus</strong></span> <span class='ocrx_word' id='word_1_101' title='bbox 1380 2456 1627 2503; x_wconf 79' lang='lat' dir='ltr'><strong>excusas,</strong></span> <span class='ocrx_word' id='word_1_102' title='bbox 1664 2440 1808 2493; x_wconf 83' lang='lat' dir='ltr'><strong>arbi-</strong></span> 
     </span>
    </p>
   </div>
   <div class='ocr_carea' id='block_1_17' title="bbox 250 2530 1811 2601">
    <p class='ocr_par' dir='ltr' id='par_1_17' title="bbox 250 2530 1811 2601">
     <span class='ocr_line' id='line_1_17' title="bbox 250 2530 1811 2601; baseline 0.001 -17"><span class='ocrx_word' id='word_1_103' title='bbox 250 2541 437 2586; x_wconf 86' lang='lat' dir='ltr'><strong>trantur</strong></span> <span class='ocrx_word' id='word_1_104' title='bbox 470 2532 862 2587; x_wconf 88' lang='lat' dir='ltr'><strong>Tillemontius</strong></span> <span class='ocrx_word' id='word_1_105' title='bbox 898 2541 954 2586; x_wconf 91' lang='lat' dir='ltr'><strong>et</strong></span> <span class='ocrx_word' id='word_1_106' title='bbox 994 2530 1309 2598; x_wconf 81' lang='lat' dir='ltr'><strong>Fabricius;</strong></span> <span class='ocrx_word' id='word_1_107' title='bbox 1339 2546 1514 2599; x_wconf 89' lang='lat' dir='ltr'><strong>neque</strong></span> <span class='ocrx_word' id='word_1_108' title='bbox 1554 2547 1672 2601; x_wconf 89' lang='lat' dir='ltr'><strong>ego,</strong></span> <span class='ocrx_word' id='word_1_109' title='bbox 1703 2548 1811 2601; x_wconf 89' lang='lat' dir='ltr'><strong>quo</strong></span> 
     </span>
    </p>
   </div>
   <div class='ocr_carea' id='block_1_18' title="bbox 249 2623 1814 2679">
    <p class='ocr_par' dir='ltr' id='par_1_18' title="bbox 249 2623 1814 2679">
     <span class='ocr_line' id='line_1_18' title="bbox 249 2623 1814 2679; baseline 0 -3"><span class='ocrx_word' id='word_1_110' title='bbox 249 2623 669 2677; x_wconf 82' lang='lat' dir='ltr'><strong>doctissimorum</strong></span> <span class='ocrx_word' id='word_1_111' title='bbox 701 2624 944 2678; x_wconf 81' lang='lat' dir='ltr'><strong>virorum</strong></span> <span class='ocrx_word' id='word_1_112' title='bbox 972 2623 1237 2679; x_wconf 87' lang='lat' dir='ltr'><strong>sententia</strong></span> <span class='ocrx_word' id='word_1_113' title='bbox 1268 2623 1692 2677; x_wconf 89' lang='lat' dir='ltr'><strong>autdebilitetur</strong></span> <span class='ocrx_word' id='word_1_114' title='bbox 1718 2632 1814 2677; x_wconf 88' lang='lat' dir='ltr'><strong>aut</strong></span> 
     </span>
    </p>
   </div>
   <div class='ocr_carea' id='block_1_19' title="bbox 250 2713 1475 2785">
    <p class='ocr_par' dir='ltr' id='par_1_19' title="bbox 250 2713 1475 2785">
     <span class='ocr_line' id='line_1_19' title="bbox 250 2713 1475 2785; baseline -0.002 -16"><span class='ocrx_word' id='word_1_115' title='bbox 250 2714 599 2780; x_wconf 81' lang='lat' dir='ltr'><strong>conﬁrmetur,</strong></span> <span class='ocrx_word' id='word_1_116' title='bbox 625 2716 929 2785; x_wconf 87' lang='lat' dir='ltr'><strong>quidquam</strong></span> <span class='ocrx_word' id='word_1_117' title='bbox 958 2731 1176 2785; x_wconf 90' lang='lat' dir='ltr'><strong>possum</strong></span> <span class='ocrx_word' id='word_1_118' title='bbox 1212 2713 1475 2784; x_wconf 87' lang='lat' dir='ltr'><strong>proferre.</strong></span> 
     </span>
    </p>
   </div>
   <div class='ocr_carea' id='block_1_20' title="bbox 640 2823 1409 2879">
    <p class='ocr_par' dir='ltr' id='par_1_20' title="bbox 640 2823 1409 2879">
     <span class='ocr_line' id='line_1_20' title="bbox 640 2823 1409 2879; baseline 0 -2"><span class='ocrx_word' id='word_1_119' title='bbox 640 2824 794 2878; x_wconf 90' lang='lat' dir='ltr'><strong>Billii</strong></span> <span class='ocrx_word' id='word_1_120' title='bbox 831 2834 880 2878; x_wconf 86' lang='lat' dir='ltr'><strong>et</strong></span> <span class='ocrx_word' id='word_1_121' title='bbox 907 2823 1164 2879; x_wconf 82' lang='lat' dir='ltr'><strong>Chatardi</strong></span> <span class='ocrx_word' id='word_1_122' title='bbox 1189 2825 1409 2878; x_wconf 83' lang='lat' dir='ltr'><strong>codices.</strong></span> 
     </span>
    </p>
   </div>
   <div class='ocr_carea' id='block_1_21' title="bbox 309 2914 1814 2986">
    <p class='ocr_par' dir='ltr' id='par_1_21' title="bbox 309 2914 1814 2986">
     <span class='ocr_line' id='line_1_21' title="bbox 309 2914 1814 2986; baseline -0.003 -15"><span class='ocrx_word' id='word_1_123' title='bbox 309 2914 426 2971; x_wconf 82' lang='lat' dir='ltr'><strong>Iure</strong></span> <span class='ocrx_word' id='word_1_124' title='bbox 448 2926 637 2971; x_wconf 87' lang='lat' dir='ltr'><strong>autem</strong></span> <span class='ocrx_word' id='word_1_125' title='bbox 682 2915 899 2970; x_wconf 84' lang='lat' dir='ltr'><strong>mireris</strong></span> <span class='ocrx_word' id='word_1_126' title='bbox 935 2931 1121 2971; x_wconf 85' lang='lat' dir='ltr'><strong>eorum</strong></span> <span class='ocrx_word' id='word_1_127' title='bbox 1158 2914 1535 2986; x_wconf 76' lang='lat' dir='ltr'><strong>negligentiam</strong></span> <span class='ocrx_word' id='word_1_128' title='bbox 1563 2924 1619 2969; x_wconf 89' lang='lat' dir='ltr'><strong>et</strong></span> <span class='ocrx_word' id='word_1_129' title='bbox 1658 2914 1814 2968; x_wconf 89' lang='lat' dir='ltr'><strong>incu-</strong></span> 
     </span>
    </p>
   </div>
   <div class='ocr_carea' id='block_1_22' title="bbox 250 3005 1814 3076">
    <p class='ocr_par' dir='ltr' id='par_1_22' title="bbox 250 3005 1814 3076">
     <span class='ocr_line' id='line_1_22' title="bbox 250 3005 1814 3076; baseline 0 -17"><span class='ocrx_word' id='word_1_130' title='bbox 250 3006 387 3071; x_wconf 83' lang='lat' dir='ltr'><strong>riam,</strong></span> <span class='ocrx_word' id='word_1_131' title='bbox 411 3006 498 3076; x_wconf 88' lang='lat' dir='ltr'><strong>qui</strong></span> <span class='ocrx_word' id='word_1_132' title='bbox 530 3005 731 3061; x_wconf 90' lang='lat' dir='ltr'><strong>lsidori</strong></span> <span class='ocrx_word' id='word_1_133' title='bbox 762 3005 1019 3075; x_wconf 81' lang='lat' dir='ltr'><strong>epistolas</strong></span> <span class='ocrx_word' id='word_1_134' title='bbox 1040 3006 1348 3071; x_wconf 88' lang='lat' dir='ltr'><strong>ediderunt,</strong></span> <span class='ocrx_word' id='word_1_135' title='bbox 1380 3020 1555 3074; x_wconf 90' lang='lat' dir='ltr'><strong>neque</strong></span> <span class='ocrx_word' id='word_1_136' title='bbox 1582 3005 1814 3072; x_wconf 85' lang='lat' dir='ltr'><strong>codices,</strong></span> 
     </span>
    </p>
   </div>
   <div class='ocr_carea' id='block_1_23' title="bbox 250 3096 1819 3167">
    <p class='ocr_par' dir='ltr' id='par_1_23' title="bbox 250 3096 1819 3167">
     <span class='ocr_line' id='line_1_23' title="bbox 250 3096 1819 3167; baseline 0.001 -17"><span class='ocrx_word' id='word_1_137' title='bbox 250 3098 426 3167; x_wconf 86' lang='lat' dir='ltr'><strong>quibus</strong></span> <span class='ocrx_word' id='word_1_138' title='bbox 452 3099 535 3153; x_wconf 90' lang='lat' dir='ltr'><strong>usi</strong></span> <span class='ocrx_word' id='word_1_139' title='bbox 565 3106 725 3160; x_wconf 86' lang='lat' dir='ltr'><strong>sunt,</strong></span> <span class='ocrx_word' id='word_1_140' title='bbox 758 3106 1007 3151; x_wconf 87' lang='lat' dir='ltr'><strong>accurate</strong></span> <span class='ocrx_word' id='word_1_141' title='bbox 1037 3097 1394 3166; x_wconf 87' lang='lat' dir='ltr'><strong>descripsere.</strong></span> <span class='ocrx_word' id='word_1_142' title='bbox 1424 3096 1640 3151; x_wconf 87' lang='lat' dir='ltr'><strong>Etenim</strong></span> <span class='ocrx_word' id='word_1_143' title='bbox 1678 3097 1819 3151; x_wconf 87' lang='lat' dir='ltr'><strong>Cha-</strong></span> 
     </span>
    </p>
   </div>
   <div class='ocr_carea' id='block_1_24' title="bbox 250 3187 1820 3257">
    <p class='ocr_par' dir='ltr' id='par_1_24' title="bbox 250 3187 1820 3257">
     <span class='ocr_line' id='line_1_24' title="bbox 250 3187 1820 3257; baseline -0.002 -12"><span class='ocrx_word' id='word_1_144' title='bbox 250 3191 415 3245; x_wconf 72' lang='lat' dir='ltr'><strong>tardus</strong></span> <span class='ocrx_word' id='word_1_145' title='bbox 435 3191 486 3244; x_wconf 91' lang='lat' dir='ltr'><strong>in</strong></span> <span class='ocrx_word' id='word_1_146' title='bbox 518 3205 620 3245; x_wconf 89' lang='lat' dir='ltr'><strong>sua</strong></span> <span class='ocrx_word' id='word_1_147' title='bbox 658 3190 726 3243; x_wconf 89' lang='lat' dir='ltr'><strong>ad</strong></span> <span class='ocrx_word' id='word_1_148' title='bbox 752 3188 1119 3243; x_wconf 78' lang='lat' dir='ltr'><strong>Godol‘redum</strong></span> <span class='ocrx_word' id='word_1_149' title='bbox 1150 3187 1368 3241; x_wconf 87' lang='lat' dir='ltr'><strong>Billium</strong></span> <span class='ocrx_word' id='word_1_150' title='bbox 1403 3188 1661 3257; x_wconf 87' lang='lat' dir='ltr'><strong>Epistola,</strong></span> <span class='ocrx_word' id='word_1_151' title='bbox 1700 3203 1820 3257; x_wconf 67' lang='lat' dir='ltr'><strong>quae</strong></span> 
     </span>
    </p>
   </div>
   <div class='ocr_carea' id='block_1_25' title="bbox 250 3279 1811 3351">
    <p class='ocr_par' dir='ltr' id='par_1_25' title="bbox 250 3279 1811 3351">
     <span class='ocr_line' id='line_1_25' title="bbox 250 3279 1811 3351; baseline -0.003 -15"><span class='ocrx_word' id='word_1_152' title='bbox 250 3283 451 3337; x_wconf 85' lang='lat' dir='ltr'><strong>editioni</strong></span> <span class='ocrx_word' id='word_1_153' title='bbox 494 3282 619 3351; x_wconf 88' lang='lat' dir='ltr'><strong>ejus</strong></span> <span class='ocrx_word' id='word_1_154' title='bbox 667 3280 885 3350; x_wconf 65' lang='lat' dir='ltr'><strong>praefixa</strong></span> <span class='ocrx_word' id='word_1_155' title='bbox 927 3289 1030 3344; x_wconf 87' lang='lat' dir='ltr'><strong>est,</strong></span> <span class='ocrx_word' id='word_1_156' title='bbox 1072 3296 1125 3349; x_wconf 92' lang='lat' dir='ltr'><strong>p.</strong></span> <span class='ocrx_word' id='word_1_157' title='bbox 1157 3280 1212 3343; x_wconf 74' lang='grc'><strong>4,</strong></span> <span class='ocrx_word' id='word_1_158' title='bbox 1271 3279 1580 3343; x_wconf 76' lang='lat' dir='ltr'><strong>Ludovicus,</strong></span> <span class='ocrx_word' id='word_1_159' title='bbox 1610 3280 1811 3349; x_wconf 87' lang='lat' dir='ltr'><strong>inquit,</strong></span> 
     </span>
    </p>
   </div>
   <div class='ocr_carea' id='block_1_26' title="bbox 251 3370 1819 3441">
    <p class='ocr_par' dir='ltr' id='par_1_26' title="bbox 251 3370 1819 3441">
     <span class='ocr_line' id='line_1_26' title="bbox 251 3370 1819 3441; baseline -0.001 -16"><span class='ocrx_word' id='word_1_160' title='bbox 251 3372 402 3427; x_wconf 81' lang='lat' dir='ltr'><strong>Barus</strong></span> <span class='ocrx_word' id='word_1_161' title='bbox 448 3384 651 3441; x_wconf 64' lang='lat' dir='ltr'><strong>prater</strong></span> <span class='ocrx_word' id='word_1_162' title='bbox 699 3371 810 3425; x_wconf 85' lang='lat' dir='ltr'><strong>alia</strong></span> <span class='ocrx_word' id='word_1_163' title='bbox 858 3371 1021 3424; x_wconf 87' lang='lat' dir='ltr'><strong>multa</strong></span> <span class='ocrx_word' id='word_1_164' title='bbox 1069 3370 1391 3440; x_wconf 74' lang='lat' dir='ltr'><strong>exemplaria</strong></span> <span class='ocrx_word' id='word_1_165' title='bbox 1448 3371 1607 3441; x_wconf 82' lang='lat' dir='ltr'><strong>hujus</strong></span> <span class='ocrx_word' id='word_1_166' title='bbox 1654 3372 1819 3424; x_wconf 79' lang='lat' dir='ltr'><strong>nostri</strong></span> 
     </span>
    </p>
   </div>
   <div class='ocr_carea' id='block_1_27' title="bbox 251 3460 1817 3535">
    <p class='ocr_par' dir='ltr' id='par_1_27' title="bbox 251 3460 1817 3535">
     <span class='ocr_line' id='line_1_27' title="bbox 251 3460 1817 3535; baseline -0.001 -18"><span class='ocrx_word' id='word_1_167' title='bbox 251 3462 419 3517; x_wconf 76' lang='lat' dir='ltr'><strong>lsidori</strong></span> <span class='ocrx_word' id='word_1_168' title='bbox 450 3480 660 3535; x_wconf 68' lang='lat' dir='ltr'><strong>graecas</strong></span> <span class='ocrx_word' id='word_1_169' title='bbox 708 3463 953 3532; x_wconf 84' lang='lat' dir='ltr'><strong>epistolas</strong></span> <span class='ocrx_word' id='word_1_170' title='bbox 989 3479 1054 3516; x_wconf 75' lang='lat' dir='ltr'><strong>ex</strong></span> <span class='ocrx_word' id='word_1_171' title='bbox 1083 3479 1259 3516; x_wconf 78' lang='lat' dir='ltr'><strong>musco</strong></span> <span class='ocrx_word' id='word_1_172' title='bbox 1298 3460 1600 3517; x_wconf 82' lang='lat' dir='ltr'><strong>Cardinalis</strong></span> <span class='ocrx_word' id='word_1_173' title='bbox 1633 3462 1817 3518; x_wconf 86' lang='lat' dir='ltr'><strong>Sirleti</strong></span> 
     </span>
    </p>
   </div>
   <div class='ocr_carea' id='block_1_28' title="bbox 250 3554 1815 3627">
    <p class='ocr_par' dir='ltr' id='par_1_28' title="bbox 250 3554 1815 3627">
     <span class='ocr_line' id='line_1_28' title="bbox 250 3554 1815 3627; baseline -0.001 -18"><span class='ocrx_word' id='word_1_174' title='bbox 250 3556 490 3627; x_wconf 76' lang='lat' dir='ltr'><strong>eleganter</strong></span> <span class='ocrx_word' id='word_1_175' title='bbox 516 3556 752 3624; x_wconf 86' lang='lat' dir='ltr'><strong>scriptas</strong></span> <span class='ocrx_word' id='word_1_176' title='bbox 791 3555 947 3625; x_wconf 79' lang='lat' dir='ltr'><strong>fratri</strong></span> <span class='ocrx_word' id='word_1_177' title='bbox 986 3563 1094 3619; x_wconf 88' lang='lat' dir='ltr'><strong>tuo,</strong></span> <span class='ocrx_word' id='word_1_178' title='bbox 1124 3554 1395 3622; x_wconf 82' lang='lat' dir='ltr'><strong>interpreti</strong></span> <span class='ocrx_word' id='word_1_179' title='bbox 1433 3562 1627 3616; x_wconf 84' lang='lat' dir='ltr'><strong>nostro,</strong></span> <span class='ocrx_word' id='word_1_180' title='bbox 1655 3554 1815 3609; x_wconf 84' lang='lat' dir='ltr'><strong>misit.</strong></span> 
     </span>
    </p>
   </div>
   <div class='ocr_carea' id='block_1_29' title="bbox 251 3646 1820 3716">
    <p class='ocr_par' dir='ltr' id='par_1_29' title="bbox 251 3646 1820 3716">
     <span class='ocr_line' id='line_1_29' title="bbox 251 3646 1820 3716; baseline -0.001 -17"><span class='ocrx_word' id='word_1_181' title='bbox 251 3646 363 3711; x_wconf 70' lang='grc' dir='ltr'><strong>ρυω</strong></span> <span class='ocrx_word' id='word_1_182' title='bbox 393 3648 437 3700; x_wconf 86' lang='lat' dir='ltr'><strong>ei</strong></span> <span class='ocrx_word' id='word_1_183' title='bbox 479 3656 638 3700; x_wconf 85' lang='lat' dir='ltr'><strong>tanto</strong></span> <span class='ocrx_word' id='word_1_184' title='bbox 670 3647 873 3716; x_wconf 88' lang='lat' dir='ltr'><strong>gratius</strong></span> <span class='ocrx_word' id='word_1_185' title='bbox 918 3647 1081 3715; x_wconf 78' lang='lat' dir='ltr'><strong>fuere,</strong></span> <span class='ocrx_word' id='word_1_186' title='bbox 1113 3656 1309 3715; x_wconf 86' lang='lat' dir='ltr'><strong>quanto</strong></span> <span class='ocrx_word' id='word_1_187' title='bbox 1338 3646 1506 3715; x_wconf 85' lang='lat' dir='ltr'><strong>magis</strong></span> <span class='ocrx_word' id='word_1_188' title='bbox 1544 3646 1820 3715; x_wconf 84' lang='lat' dir='ltr'><strong>depravati</strong></span> 
     </span>
    </p>
   </div>
   <div class='ocr_carea' id='block_1_30' title="bbox 253 3737 1821 3807">
    <p class='ocr_par' dir='ltr' id='par_1_30' title="bbox 253 3737 1821 3807">
     <span class='ocr_line' id='line_1_30' title="bbox 253 3737 1821 3807; baseline -0.002 -15"><span class='ocrx_word' id='word_1_189' title='bbox 253 3752 383 3793; x_wconf 79' lang='lat' dir='ltr'><strong>erant</strong></span> <span class='ocrx_word' id='word_1_190' title='bbox 411 3752 457 3793; x_wconf 90' lang='lat' dir='ltr'><strong>et</strong></span> <span class='ocrx_word' id='word_1_191' title='bbox 485 3740 699 3793; x_wconf 79' lang='lat' dir='ltr'><strong>mendis</strong></span> <span class='ocrx_word' id='word_1_192' title='bbox 728 3738 996 3793; x_wconf 86' lang='lat' dir='ltr'><strong>scatebant</strong></span> <span class='ocrx_word' id='word_1_193' title='bbox 1017 3739 1213 3791; x_wconf 85' lang='lat' dir='ltr'><strong>codices</strong></span> <span class='ocrx_word' id='word_1_194' title='bbox 1239 3737 1337 3799; x_wconf 90' lang='lat' dir='ltr'><strong>illi,</strong></span> <span class='ocrx_word' id='word_1_195' title='bbox 1361 3737 1544 3807; x_wconf 86' lang='lat' dir='ltr'><strong>quibus</strong></span> <span class='ocrx_word' id='word_1_196' title='bbox 1574 3746 1684 3790; x_wconf 90' lang='lat' dir='ltr'><strong>tum</strong></span> <span class='ocrx_word' id='word_1_197' title='bbox 1714 3746 1821 3789; x_wconf 86' lang='lat' dir='ltr'><strong>ute-</strong></span> 
     </span>
    </p>
   </div>
   <div class='ocr_carea' id='block_1_31' title="bbox 253 3828 1820 3900">
    <p class='ocr_par' dir='ltr' id='par_1_31' title="bbox 253 3828 1820 3900">
     <span class='ocr_line' id='line_1_31' title="bbox 253 3828 1820 3900; baseline 0.001 -20"><span class='ocrx_word' id='word_1_198' title='bbox 253 3831 409 3883; x_wconf 82' lang='lat' dir='ltr'><strong>batur.</strong></span> <span class='ocrx_word' id='word_1_199' title='bbox 453 3829 651 3900; x_wconf 84' lang='lat' dir='ltr'><strong>Neque</strong></span> <span class='ocrx_word' id='word_1_200' title='bbox 708 3828 837 3883; x_wconf 86' lang='lat' dir='ltr'><strong>alibi</strong></span> <span class='ocrx_word' id='word_1_201' title='bbox 889 3828 1279 3883; x_wconf 83' lang='lat' dir='ltr'><strong>accuratiorem</strong></span> <span class='ocrx_word' id='word_1_202' title='bbox 1325 3828 1521 3882; x_wconf 89' lang='lat' dir='ltr'><strong>horum</strong></span> <span class='ocrx_word' id='word_1_203' title='bbox 1572 3828 1820 3883; x_wconf 87' lang='lat' dir='ltr'><strong>codicum</strong></span> 
     </span>
    </p>
   </div>
   <div class='ocr_carea' id='block_1_32' title="bbox 252 3919 1145 3993">
    <p class='ocr_par' dir='ltr' id='par_1_32' title="bbox 252 3919 1145 3993">
     <span class='ocr_line' id='line_1_32' title="bbox 252 3919 1145 3993; baseline -0.006 -16"><span class='ocrx_word' id='word_1_204' title='bbox 252 3921 667 3993; x_wconf 83' lang='lat' dir='ltr'><strong>descriptionem</strong></span> <span class='ocrx_word' id='word_1_205' title='bbox 697 3921 944 3975; x_wconf 86' lang='lat' dir='ltr'><strong>invenire</strong></span> <span class='ocrx_word' id='word_1_206' title='bbox 971 3919 1145 3990; x_wconf 84' lang='lat' dir='ltr'><strong>potui.</strong></span> 
     </span>
    </p>
   </div>
   <div class='ocr_carea' id='block_1_33' title="bbox 593 4015 1457 4071">
    <p class='ocr_par' dir='ltr' id='par_1_33' title="bbox 593 4015 1457 4071">
     <span class='ocr_line' id='line_1_33' title="bbox 593 4015 1457 4071; baseline -0.005 0"><span class='ocrx_word' id='word_1_207' title='bbox 593 4017 933 4071; x_wconf 82' lang='lat' dir='ltr'><strong>Rittershusii</strong></span> <span class='ocrx_word' id='word_1_208' title='bbox 966 4017 1126 4069; x_wconf 71' lang='lat' dir='ltr'><strong>codex</strong></span> <span class='ocrx_word' id='word_1_209' title='bbox 1148 4015 1457 4068; x_wconf 83' lang='lat' dir='ltr'><strong>Bavaricus.</strong></span> 
     </span>
    </p>
   </div>
   <div class='ocr_carea' id='block_1_34' title="bbox 314 4103 1822 4178">
    <p class='ocr_par' dir='ltr' id='par_1_34' title="bbox 314 4103 1822 4178">
     <span class='ocr_line' id='line_1_34' title="bbox 314 4103 1822 4178; baseline -0.005 -13"><span class='ocrx_word' id='word_1_210' title='bbox 314 4108 507 4165; x_wconf 83' lang='lat' dir='ltr'><strong>Eodem</strong></span> <span class='ocrx_word' id='word_1_211' title='bbox 535 4109 670 4178; x_wconf 88' lang='lat' dir='ltr'><strong>jure</strong></span> <span class='ocrx_word' id='word_1_212' title='bbox 713 4105 1135 4161; x_wconf 82' lang='lat' dir='ltr'><strong>Rittershusium</strong></span> <span class='ocrx_word' id='word_1_213' title='bbox 1165 4120 1381 4174; x_wconf 86' lang='lat' dir='ltr'><strong>quoque</strong></span> <span class='ocrx_word' id='word_1_214' title='bbox 1414 4103 1724 4173; x_wconf 84' lang='lat' dir='ltr'><strong>vituperare</strong></span> <span class='ocrx_word' id='word_1_215' title='bbox 1755 4103 1822 4157; x_wconf 92' lang='lat' dir='ltr'><strong>li-</strong></span> 
     </span>
    </p>
   </div>
   <div class='ocr_carea' id='block_1_35' title="bbox 255 4194 1818 4271">
    <p class='ocr_par' dir='ltr' id='par_1_35' title="bbox 255 4194 1818 4271">
     <span class='ocr_line' id='line_1_35' title="bbox 255 4194 1818 4271; baseline -0.004 -17"><span class='ocrx_word' id='word_1_216' title='bbox 255 4209 354 4264; x_wconf 89' lang='lat' dir='ltr'><strong>cet,</strong></span> <span class='ocrx_word' id='word_1_217' title='bbox 392 4202 592 4271; x_wconf 78' lang='lat' dir='ltr'><strong>quippe</strong></span> <span class='ocrx_word' id='word_1_218' title='bbox 651 4198 744 4269; x_wconf 89' lang='lat' dir='ltr'><strong>qui</strong></span> <span class='ocrx_word' id='word_1_219' title='bbox 780 4198 837 4251; x_wconf 88' lang='lat' dir='ltr'><strong>in</strong></span> <span class='ocrx_word' id='word_1_220' title='bbox 877 4196 1106 4266; x_wconf 89' lang='lat' dir='ltr'><strong>epistola</strong></span> <span class='ocrx_word' id='word_1_221' title='bbox 1151 4196 1218 4250; x_wconf 85' lang='lat' dir='ltr'><strong>ad</strong></span> <span class='ocrx_word' id='word_1_222' title='bbox 1265 4195 1461 4250; x_wconf 85' lang='lat' dir='ltr'><strong>Janum</strong></span> <span class='ocrx_word' id='word_1_223' title='bbox 1507 4194 1818 4257; x_wconf 88' lang='lat' dir='ltr'><strong>Gruterum,</strong></span> 
     </span>
    </p>
   </div>
   <div class='ocr_carea' id='block_1_36' title="bbox 255 4286 1819 4359">
    <p class='ocr_par' dir='ltr' id='par_1_36' title="bbox 255 4286 1819 4359">
     <span class='ocr_line' id='line_1_36' title="bbox 255 4286 1819 4359; baseline -0.003 -15"><span class='ocrx_word' id='word_1_224' title='bbox 255 4291 458 4345; x_wconf 88' lang='lat' dir='ltr'><strong>editioni</strong></span> <span class='ocrx_word' id='word_1_225' title='bbox 494 4292 624 4359; x_wconf 83' lang='lat' dir='ltr'><strong>ejus</strong></span> <span class='ocrx_word' id='word_1_226' title='bbox 662 4288 898 4359; x_wconf 60' lang='lat' dir='ltr'><strong>praeﬁxa,</strong></span> <span class='ocrx_word' id='word_1_227' title='bbox 928 4287 1062 4340; x_wconf 88' lang='lat' dir='ltr'><strong>nihil</strong></span> <span class='ocrx_word' id='word_1_228' title='bbox 1090 4287 1157 4341; x_wconf 89' lang='lat' dir='ltr'><strong>de</strong></span> <span class='ocrx_word' id='word_1_229' title='bbox 1184 4286 1391 4350; x_wconf 88' lang='lat' dir='ltr'><strong>codice,</strong></span> <span class='ocrx_word' id='word_1_230' title='bbox 1419 4301 1527 4355; x_wconf 93' lang='lat' dir='ltr'><strong>quo</strong></span> <span class='ocrx_word' id='word_1_231' title='bbox 1559 4301 1689 4339; x_wconf 89' lang='lat' dir='ltr'><strong>usus</strong></span> <span class='ocrx_word' id='word_1_232' title='bbox 1718 4294 1819 4352; x_wconf 85' lang='lat' dir='ltr'><strong>est,</strong></span> 
     </span>
    </p>
   </div>
   <div class='ocr_carea' id='block_1_37' title="bbox 255 4378 1825 4452">
    <p class='ocr_par' dir='ltr' id='par_1_37' title="bbox 255 4378 1825 4452">
     <span class='ocr_line' id='line_1_37' title="bbox 255 4378 1825 4452; baseline -0.001 -17"><span class='ocrx_word' id='word_1_233' title='bbox 255 4382 390 4445; x_wconf 87' lang='lat' dir='ltr'><strong>dicit,</strong></span> <span class='ocrx_word' id='word_1_234' title='bbox 408 4398 570 4452; x_wconf 88' lang='lat' dir='ltr'><strong>quam</strong></span> <span class='ocrx_word' id='word_1_235' title='bbox 598 4381 706 4435; x_wconf 88' lang='lat' dir='ltr'><strong>sibi</strong></span> <span class='ocrx_word' id='word_1_236' title='bbox 736 4380 886 4434; x_wconf 89' lang='lat' dir='ltr'><strong>illum</strong></span> <span class='ocrx_word' id='word_1_237' title='bbox 903 4394 934 4434; x_wconf 90' lang='lat' dir='ltr'><strong>e</strong></span> <span class='ocrx_word' id='word_1_238' title='bbox 957 4379 1283 4434; x_wconf 89' lang='lat' dir='ltr'><strong>bibliotheca</strong></span> <span class='ocrx_word' id='word_1_239' title='bbox 1307 4379 1567 4448; x_wconf 87' lang='lat' dir='ltr'><strong>principis</strong></span> <span class='ocrx_word' id='word_1_240' title='bbox 1586 4378 1825 4434; x_wconf 73' lang='lat' dir='ltr'><strong>Bavarize</strong></span> 
     </span>
    </p>
   </div>
   <div class='ocr_carea' id='block_1_38' title="bbox 256 4474 673 4528">
    <p class='ocr_par' dir='ltr' id='par_1_38' title="bbox 256 4474 673 4528">
     <span class='ocr_line' id='line_1_38' title="bbox 256 4474 673 4528; baseline -0.007 0"><span class='ocrx_word' id='word_1_241' title='bbox 256 4488 362 4528; x_wconf 85' lang='lat' dir='ltr'><strong>esse</strong></span> <span class='ocrx_word' id='word_1_242' title='bbox 384 4474 673 4528; x_wconf 90' lang='lat' dir='ltr'><strong>traditum.</strong></span> 
     </span>
    </p>
   </div>
   <div class='ocr_carea' id='block_1_39' title="bbox 318 4560 1825 4632">
    <p class='ocr_par' dir='ltr' id='par_1_39' title="bbox 318 4560 1825 4632">
     <span class='ocr_line' id='line_1_39' title="bbox 318 4560 1825 4632; baseline -0.004 -11"><span class='ocrx_word' id='word_1_243' title='bbox 318 4565 420 4620; x_wconf 88' lang='lat' dir='ltr'><strong>Sed</strong></span> <span class='ocrx_word' id='word_1_244' title='bbox 460 4565 729 4621; x_wconf 82' lang='lat' dir='ltr'><strong>ﬂardtius</strong></span> <span class='ocrx_word' id='word_1_245' title='bbox 758 4564 814 4617; x_wconf 92' lang='lat' dir='ltr'><strong>in</strong></span> <span class='ocrx_word' id='word_1_246' title='bbox 844 4563 1087 4632; x_wconf 88' lang='lat' dir='ltr'><strong>catalogo</strong></span> <span class='ocrx_word' id='word_1_247' title='bbox 1125 4560 1326 4616; x_wconf 83' lang='lat' dir='ltr'><strong>CODD.</strong></span> <span class='ocrx_word' id='word_1_248' title='bbox 1358 4560 1492 4615; x_wconf 90' lang='lat' dir='ltr'><strong>bibl.</strong></span> <span class='ocrx_word' id='word_1_249' title='bbox 1526 4576 1637 4631; x_wconf 87' lang='lat' dir='ltr'><strong>reg.</strong></span> <span class='ocrx_word' id='word_1_250' title='bbox 1670 4561 1825 4625; x_wconf 82' lang='lat' dir='ltr'><strong>Bav.,</strong></span> 
     </span>
    </p>
   </div>
   <div class='ocr_carea' id='block_1_40' title="bbox 257 4649 1827 4725">
    <p class='ocr_par' dir='ltr' id='par_1_40' title="bbox 257 4649 1827 4725">
     <span class='ocr_line' id='line_1_40' title="bbox 257 4649 1827 4725; baseline -0.002 -18"><span class='ocrx_word' id='word_1_251' title='bbox 257 4652 351 4708; x_wconf 79' lang='lat' dir='ltr'><strong>vol.</strong></span> <span class='ocrx_word' id='word_1_252' title='bbox 382 4654 422 4717; x_wconf 86' lang='lat' dir='ltr'><strong>I,</strong></span> <span class='ocrx_word' id='word_1_253' title='bbox 457 4670 513 4725; x_wconf 92' lang='lat' dir='ltr'><strong>p.</strong></span> <span class='ocrx_word' id='word_1_254' title='bbox 538 4654 677 4717; x_wconf 66' lang='grc'><strong>247,</strong></span> <span class='ocrx_word' id='word_1_255' title='bbox 706 4652 845 4707; x_wconf 68' lang='grc' dir='ltr'><strong>248ε</strong></span> <span class='ocrx_word' id='word_1_256' title='bbox 876 4650 1004 4705; x_wconf 84' lang='lat' dir='ltr'><strong>Cod.</strong></span> <span class='ocrx_word' id='word_1_257' title='bbox 1034 4649 1222 4713; x_wconf 78' lang='lat' dir='ltr'><strong>XLIX,</strong></span> <span class='ocrx_word' id='word_1_258' title='bbox 1261 4659 1335 4703; x_wconf 88' lang='lat' dir='ltr'><strong>est</strong></span> <span class='ocrx_word' id='word_1_259' title='bbox 1374 4650 1701 4715; x_wconf 84' lang='lat' dir='ltr'><strong>chartaceus,</strong></span> <span class='ocrx_word' id='word_1_260' title='bbox 1742 4650 1827 4704; x_wconf 83' lang='lat' dir='ltr'><strong>in-</strong></span> 
     </span>
    </p>
   </div>
   <div class='ocr_carea' id='block_1_41' title="bbox 1912 2450 2069 2496">
    <p class='ocr_par' dir='ltr' id='par_1_41' title="bbox 1912 2450 2069 2496">
     <span class='ocr_line' id='line_1_41' title="bbox 1912 2450 2069 2496; baseline -0.013 -1"><span class='ocrx_word' id='word_1_261' title='bbox 1912 2450 2018 2496; x_wconf 89' lang='lat' dir='ltr'><strong>tus.</strong></span> <span class='ocrx_word' id='word_1_262' title='bbox 2051 2461 2069 2493; x_wconf 68' lang='grc' dir='ltr'>ι</span> 
     </span>
    </p>
   </div>
   <div class='ocr_carea' id='block_1_42' title="bbox 2392 2538 3006 2600">
    <p class='ocr_par' dir='ltr' id='par_1_42' title="bbox 2392 2538 3006 2600">
     <span class='ocr_line' id='line_1_42' title="bbox 2392 2538 3006 2600; baseline 0.013 -8"><span class='ocrx_word' id='word_1_263' title='bbox 2392 2538 2483 2595; x_wconf 92' lang='lat' dir='ltr'><strong>fol.</strong></span> <span class='ocrx_word' id='word_1_264' title='bbox 2516 2540 2635 2596; x_wconf 76' lang='lat' dir='ltr'><strong>I73.</strong></span> <span class='ocrx_word' id='word_1_265' title='bbox 2663 2574 2734 2583; x_wconf 94' lang='lat'>—</span> <span class='ocrx_word' id='word_1_266' title='bbox 2761 2544 2851 2598; x_wconf 88' lang='lat' dir='ltr'><strong>fol.</strong></span> <span class='ocrx_word' id='word_1_267' title='bbox 2883 2547 3006 2600; x_wconf 69' lang='lat'><strong>250.</strong></span> 
     </span>
    </p>
   </div>
   <div class='ocr_carea' id='block_1_43' title="bbox 1984 2627 3495 2717">
    <p class='ocr_par' dir='ltr' id='par_1_43' title="bbox 1984 2627 3495 2717">
     <span class='ocr_line' id='line_1_43' title="bbox 1984 2627 3495 2717; baseline 0.016 -38"><span class='ocrx_word' id='word_1_268' title='bbox 1984 2627 2210 2682; x_wconf 79' lang='lat' dir='ltr'><strong>Exstant</strong></span> <span class='ocrx_word' id='word_1_269' title='bbox 2240 2630 2356 2685; x_wconf 76' lang='lat' dir='ltr'><strong>alia:</strong></span> <span class='ocrx_word' id='word_1_270' title='bbox 2395 2633 2585 2688; x_wconf 90' lang='lat' dir='ltr'><strong>lsidori</strong></span> <span class='ocrx_word' id='word_1_271' title='bbox 2620 2637 2863 2706; x_wconf 70' lang='lat' dir='ltr'><strong>epistolae</strong></span> <span class='ocrx_word' id='word_1_272' title='bbox 2892 2640 3014 2706; x_wconf 72' lang='lat'><strong>489,</strong></span> <span class='ocrx_word' id='word_1_273' title='bbox 3053 2658 3281 2712; x_wconf 88' lang='lat' dir='ltr'><strong>quarum</strong></span> <span class='ocrx_word' id='word_1_274' title='bbox 3317 2648 3495 2717; x_wconf 80' lang='lat' dir='ltr'><strong>prima-</strong></span> 
     </span>
    </p>
   </div>
   <div class='ocr_carea' id='block_1_44' title="bbox 1913 2719 3505 2806">
    <p class='ocr_par' dir='ltr' id='par_1_44' title="bbox 1913 2719 3505 2806">
     <span class='ocr_line' id='line_1_44' title="bbox 1913 2719 3505 2806; baseline 0.014 -34"><span class='ocrx_word' id='word_1_275' title='bbox 1913 2719 1980 2773; x_wconf 89' lang='lat' dir='ltr'><strong>ad</strong></span> <span class='ocrx_word' id='word_1_276' title='bbox 2012 2719 2190 2775; x_wconf 84' lang='lat' dir='ltr'><strong>Nilum</strong></span> <span class='ocrx_word' id='word_1_277' title='bbox 2216 2722 2330 2791; x_wconf 92' lang='lat' dir='ltr'><strong>(lib.</strong></span> <span class='ocrx_word' id='word_1_278' title='bbox 2358 2724 2399 2778; x_wconf 95' lang='lat' dir='ltr'><strong>I.</strong></span> <span class='ocrx_word' id='word_1_279' title='bbox 2435 2741 2522 2795; x_wconf 91' lang='lat' dir='ltr'><strong>ep.</strong></span> <span class='ocrx_word' id='word_1_280' title='bbox 2562 2727 2624 2797; x_wconf 82' lang='lat' dir='ltr'><strong>l),</strong></span> <span class='ocrx_word' id='word_1_281' title='bbox 2652 2729 2839 2785; x_wconf 86' lang='lat' dir='ltr'><strong>ultima</strong></span> <span class='ocrx_word' id='word_1_282' title='bbox 2870 2732 2934 2786; x_wconf 88' lang='lat' dir='ltr'><strong>ad</strong></span> <span class='ocrx_word' id='word_1_283' title='bbox 2965 2732 3243 2791; x_wconf 87' lang='lat' dir='ltr'><strong>Zosimum</strong></span> <span class='ocrx_word' id='word_1_284' title='bbox 3277 2739 3392 2806; x_wconf 93' lang='lat' dir='ltr'><strong>(lib.</strong></span> <span class='ocrx_word' id='word_1_285' title='bbox 3422 2739 3505 2794; x_wconf 89' lang='lat' dir='ltr'><strong>Il..</strong></span> 
     </span>
    </p>
   </div>
   <div class='ocr_carea' id='block_1_45' title="bbox 1915 2813 3491 2891">
    <p class='ocr_par' dir='ltr' id='par_1_45' title="bbox 1915 2813 3491 2891">
     <span class='ocr_line' id='line_1_45' title="bbox 1915 2813 3491 2891; baseline 0.015 -27"><span class='ocrx_word' id='word_1_286' title='bbox 1915 2826 2002 2880; x_wconf 85' lang='lat' dir='ltr'><strong>ep.</strong></span> <span class='ocrx_word' id='word_1_287' title='bbox 2033 2813 2180 2883; x_wconf 76' lang='lat'><strong>298.)</strong></span> <span class='ocrx_word' id='word_1_288' title='bbox 2214 2816 2414 2886; x_wconf 88' lang='lat' dir='ltr'><strong>scripta</strong></span> <span class='ocrx_word' id='word_1_289' title='bbox 2442 2828 2545 2882; x_wconf 88' lang='lat' dir='ltr'><strong>est,</strong></span> <span class='ocrx_word' id='word_1_290' title='bbox 2574 2836 2774 2891; x_wconf 90' lang='lat' dir='ltr'><strong>easque</strong></span> <span class='ocrx_word' id='word_1_291' title='bbox 2813 2824 3069 2881; x_wconf 89' lang='lat' dir='ltr'><strong>Ilardtius</strong></span> <span class='ocrx_word' id='word_1_292' title='bbox 3099 2844 3221 2883; x_wconf 92' lang='lat' dir='ltr'><strong>cum</strong></span> <span class='ocrx_word' id='word_1_293' title='bbox 3252 2831 3491 2889; x_wconf 88' lang='lat' dir='ltr'><strong>editione</strong></span> 
     </span>
    </p>
   </div>
   <div class='ocr_carea' id='block_1_46' title="bbox 1915 2899 3490 2990">
    <p class='ocr_par' dir='ltr' id='par_1_46' title="bbox 1915 2899 3490 2990">
     <span class='ocr_line' id='line_1_46' title="bbox 1915 2899 3490 2990; baseline 0.015 -38"><span class='ocrx_word' id='word_1_294' title='bbox 1915 2899 2142 2966; x_wconf 82' lang='lat' dir='ltr'><strong>Veneta,</strong></span> <span class='ocrx_word' id='word_1_295' title='bbox 2176 2918 2296 2973; x_wconf 68' lang='lat' dir='ltr'><strong>qua:</strong></span> <span class='ocrx_word' id='word_1_296' title='bbox 2335 2907 2534 2975; x_wconf 90' lang='lat' dir='ltr'><strong>prodiit</strong></span> <span class='ocrx_word' id='word_1_297' title='bbox 2576 2924 2719 2963; x_wconf 89' lang='lat' dir='ltr'><strong>anno</strong></span> <span class='ocrx_word' id='word_1_298' title='bbox 2749 2912 2905 2977; x_wconf 67' lang='grc'><strong>1745,</strong></span> <span class='ocrx_word' id='word_1_299' title='bbox 2936 2912 3184 2981; x_wconf 80' lang='lat' dir='ltr'><strong>contulit&#39;,</strong></span> <span class='ocrx_word' id='word_1_300' title='bbox 3214 2922 3490 2990; x_wconf 90' lang='lat' dir='ltr'><strong>quodque,</strong></span> 
     </span>
    </p>
   </div>
   <div class='ocr_carea' id='block_1_47' title="bbox 1918 2993 3503 3071">
    <p class='ocr_par' dir='ltr' id='par_1_47' title="bbox 1918 2993 3503 3071">
     <span class='ocr_line' id='line_1_47' title="bbox 1918 2993 3503 3071; baseline 0.015 -26"><span class='ocrx_word' id='word_1_301' title='bbox 1918 3001 1979 3046; x_wconf 91' lang='lat' dir='ltr'><strong>ut</strong></span> <span class='ocrx_word' id='word_1_302' title='bbox 2022 2993 2137 3062; x_wconf 88' lang='lat' dir='ltr'><strong>ipse</strong></span> <span class='ocrx_word' id='word_1_303' title='bbox 2171 2995 2319 3061; x_wconf 90' lang='lat' dir='ltr'><strong>dicit,</strong></span> <span class='ocrx_word' id='word_1_304' title='bbox 2371 2998 2425 3050; x_wconf 89' lang='lat' dir='ltr'><strong>in</strong></span> <span class='ocrx_word' id='word_1_305' title='bbox 2470 2998 2556 3052; x_wconf 91' lang='lat' dir='ltr'><strong>illa</strong></span> <span class='ocrx_word' id='word_1_306' title='bbox 2597 3000 2874 3057; x_wconf 81' lang='lat' dir='ltr'><strong>diversum</strong></span> <span class='ocrx_word' id='word_1_307' title='bbox 2910 3004 3031 3071; x_wconf 86' lang='lat' dir='ltr'><strong>fuit,</strong></span> <span class='ocrx_word' id='word_1_308' title='bbox 3074 3010 3299 3065; x_wconf 73' lang='lat' dir='ltr'><strong>notavit.</strong></span> <span class='ocrx_word' id='word_1_309' title='bbox 3350 3012 3503 3067; x_wconf 84' lang='lat' dir='ltr'><strong>Fieri</strong></span> 
     </span>
    </p>
   </div>
   <div class='ocr_carea' id='block_1_48' title="bbox 1918 3088 3502 3167">
    <p class='ocr_par' dir='ltr' id='par_1_48' title="bbox 1918 3088 3502 3167">
     <span class='ocr_line' id='line_1_48' title="bbox 1918 3088 3502 3167; baseline 0.011 -30"><span class='ocrx_word' id='word_1_310' title='bbox 1918 3092 2099 3137; x_wconf 87' lang='lat' dir='ltr'><strong>autem</strong></span> <span class='ocrx_word' id='word_1_311' title='bbox 2138 3100 2245 3139; x_wconf 90' lang='lat' dir='ltr'><strong>non</strong></span> <span class='ocrx_word' id='word_1_312' title='bbox 2277 3088 2451 3155; x_wconf 90' lang='lat' dir='ltr'><strong>potuit</strong></span> <span class='ocrx_word' id='word_1_313' title='bbox 2483 3088 2612 3157; x_wconf 92' lang='lat' dir='ltr'><strong>quin</strong></span> <span class='ocrx_word' id='word_1_314' title='bbox 2648 3105 2858 3156; x_wconf 91' lang='lat' dir='ltr'><strong>omnes,</strong></span> <span class='ocrx_word' id='word_1_315' title='bbox 2893 3109 3028 3163; x_wconf 89' lang='lat' dir='ltr'><strong>quas</strong></span> <span class='ocrx_word' id='word_1_316' title='bbox 3062 3099 3348 3167; x_wconf 83' lang='lat' dir='ltr'><strong>exscripsit</strong></span> <span class='ocrx_word' id='word_1_317' title='bbox 3380 3100 3502 3166; x_wconf 69' lang='lat' dir='ltr'><strong>ille,</strong></span> 
     </span>
    </p>
   </div>
   <div class='ocr_carea' id='block_1_49' title="bbox 1921 3174 3495 3257">
    <p class='ocr_par' dir='ltr' id='par_1_49' title="bbox 1921 3174 3495 3257">
     <span class='ocr_line' id='line_1_49' title="bbox 1921 3174 3495 3257; baseline 0.012 -30"><span class='ocrx_word' id='word_1_318' title='bbox 1921 3174 2201 3244; x_wconf 66' lang='lat' dir='ltr'><strong>scripturaa</strong></span> <span class='ocrx_word' id='word_1_319' title='bbox 2260 3176 2600 3234; x_wconf 89' lang='lat' dir='ltr'><strong>diversitates</strong></span> <span class='ocrx_word' id='word_1_320' title='bbox 2648 3181 2715 3236; x_wconf 92' lang='lat' dir='ltr'><strong>ad</strong></span> <span class='ocrx_word' id='word_1_321' title='bbox 2762 3184 3110 3253; x_wconf 85' lang='lat' dir='ltr'><strong>epistolarum</strong></span> <span class='ocrx_word' id='word_1_322' title='bbox 3157 3190 3495 3257; x_wconf 90' lang='lat' dir='ltr'><strong>pertinerent</strong></span> 
     </span>
    </p>
   </div>
   <div class='ocr_carea' id='block_1_50' title="bbox 1921 3266 3492 3338">
    <p class='ocr_par' dir='ltr' id='par_1_50' title="bbox 1921 3266 3492 3338">
     <span class='ocr_line' id='line_1_50' title="bbox 1921 3266 3492 3338; baseline 0.012 -19"><span class='ocrx_word' id='word_1_323' title='bbox 1921 3266 2350 3337; x_wconf 66' lang='lat' dir='ltr'><strong>inscriptiones,.</strong></span> <span class='ocrx_word' id='word_1_324' title='bbox 2382 3285 2504 3323; x_wconf 91' lang='lat' dir='ltr'><strong>cum</strong></span> <span class='ocrx_word' id='word_1_325' title='bbox 2552 3272 2716 3327; x_wconf 88' lang='lat' dir='ltr'><strong>latine</strong></span> <span class='ocrx_word' id='word_1_326' title='bbox 2774 3284 2982 3330; x_wconf 91' lang='lat' dir='ltr'><strong>tantum</strong></span> <span class='ocrx_word' id='word_1_327' title='bbox 3029 3278 3081 3331; x_wconf 91' lang='lat' dir='ltr'><strong>in</strong></span> <span class='ocrx_word' id='word_1_328' title='bbox 3122 3279 3208 3335; x_wconf 87' lang='lat' dir='ltr'><strong>illa</strong></span> <span class='ocrx_word' id='word_1_329' title='bbox 3254 3282 3492 3338; x_wconf 88' lang='lat' dir='ltr'><strong>editione</strong></span> 
     </span>
    </p>
   </div>
   <div class='ocr_carea' id='block_1_51' title="bbox 1922 3359 3493 3439">
    <p class='ocr_par' dir='ltr' id='par_1_51' title="bbox 1922 3359 3493 3439">
     <span class='ocr_line' id='line_1_51' title="bbox 1922 3359 3493 3439; baseline 0.011 -28"><span class='ocrx_word' id='word_1_330' title='bbox 1922 3365 2138 3411; x_wconf 78' lang='lat' dir='ltr'><strong>exstent</strong></span> <span class='ocrx_word' id='word_1_331' title='bbox 2183 3359 2376 3414; x_wconf 88' lang='lat' dir='ltr'><strong>lsidori</strong></span> <span class='ocrx_word' id='word_1_332' title='bbox 2429 3361 2690 3430; x_wconf 65' lang='lat' dir='ltr'><strong>epistolae.</strong></span> <span class='ocrx_word' id='word_1_333' title='bbox 2750 3364 2929 3431; x_wconf 85' lang='lat' dir='ltr'><strong>Quare</strong></span> <span class='ocrx_word' id='word_1_334' title='bbox 2988 3384 3208 3439; x_wconf 83' lang='lat' dir='ltr'><strong>operam</strong></span> <span class='ocrx_word' id='word_1_335' title='bbox 3268 3375 3493 3429; x_wconf 86' lang='lat' dir='ltr'><strong>omnino</strong></span> 
     </span>
    </p>
   </div>
   <div class='ocr_carea' id='block_1_52' title="bbox 1921 3450 3494 3525">
    <p class='ocr_par' dir='ltr' id='par_1_52' title="bbox 1921 3450 3494 3525">
     <span class='ocr_line' id='line_1_52' title="bbox 1921 3450 3494 3525; baseline 0.011 -22"><span class='ocrx_word' id='word_1_336' title='bbox 1921 3450 2136 3504; x_wconf 84' lang='lat' dir='ltr'><strong>videtur</strong></span> <span class='ocrx_word' id='word_1_337' title='bbox 2172 3452 2491 3520; x_wconf 88' lang='lat' dir='ltr'><strong>perdidisse,</strong></span> <span class='ocrx_word' id='word_1_338' title='bbox 2535 3458 2864 3525; x_wconf 63' lang='lat' dir='ltr'><strong>praesertim,</strong></span> <span class='ocrx_word' id='word_1_339' title='bbox 2904 3474 3026 3514; x_wconf 91' lang='lat' dir='ltr'><strong>eum</strong></span> <span class='ocrx_word' id='word_1_340' title='bbox 3081 3464 3262 3517; x_wconf 88' lang='lat' dir='ltr'><strong>omnia</strong></span> <span class='ocrx_word' id='word_1_341' title='bbox 3307 3464 3421 3519; x_wconf 84' lang='lat' dir='ltr'><strong>fere</strong></span> <span class='ocrx_word' id='word_1_342' title='bbox 3464 3484 3494 3521; x_wconf 86' lang='lat' dir='ltr'><strong>a</strong></span> 
     </span>
    </p>
   </div>
   <div class='ocr_carea' id='block_1_53' title="bbox 1921 3540 3497 3616">
    <p class='ocr_par' dir='ltr' id='par_1_53' title="bbox 1921 3540 3497 3616">
     <span class='ocr_line' id='line_1_53' title="bbox 1921 3540 3497 3616; baseline 0.012 -23"><span class='ocrx_word' id='word_1_343' title='bbox 1921 3540 2309 3607; x_wconf 83' lang='lat' dir='ltr'><strong>Rittershusio,</strong></span> <span class='ocrx_word' id='word_1_344' title='bbox 2344 3543 2455 3613; x_wconf 87' lang='lat' dir='ltr'><strong>jam</strong></span> <span class='ocrx_word' id='word_1_345' title='bbox 2498 3556 2679 3602; x_wconf 85' lang='lat' dir='ltr'><strong>notata</strong></span> <span class='ocrx_word' id='word_1_346' title='bbox 2720 3561 2923 3616; x_wconf 86' lang='lat' dir='ltr'><strong>essent,</strong></span> <span class='ocrx_word' id='word_1_347' title='bbox 2965 3553 3051 3607; x_wconf 90' lang='lat' dir='ltr'><strong>his</strong></span> <span class='ocrx_word' id='word_1_348' title='bbox 3092 3564 3297 3609; x_wconf 83' lang='lat' dir='ltr'><strong>tantum</strong></span> <span class='ocrx_word' id='word_1_349' title='bbox 3336 3573 3497 3612; x_wconf 80' lang='lat' dir='ltr'><strong>esce-</strong></span> 
     </span>
    </p>
   </div>
   <div class='ocr_carea' id='block_1_54' title="bbox 1920 3632 2069 3702">
    <p class='ocr_par' dir='ltr' id='par_1_54' title="bbox 1920 3632 2069 3702">
     <span class='ocr_line' id='line_1_54' title="bbox 1920 3632 2069 3702; baseline 0.027 -19"><span class='ocrx_word' id='word_1_350' title='bbox 1920 3632 2027 3702; x_wconf 89' lang='lat' dir='ltr'><strong>ptis</strong></span> <span class='ocrx_word' id='word_1_351' title='bbox 2054 3650 2069 3687; x_wconf 87' lang='lat'><strong>:</strong></span> 
     </span>
    </p>
   </div>
   <div class='ocr_carea' id='block_1_55' title="bbox 1996 3723 3491 3806">
    <p class='ocr_par' dir='ltr' id='par_1_55' title="bbox 1996 3723 3491 3806">
     <span class='ocr_line' id='line_1_55' title="bbox 1996 3723 3491 3806; baseline 0.012 -30"><span class='ocrx_word' id='word_1_352' title='bbox 1996 3723 2111 3778; x_wconf 87' lang='lat' dir='ltr'><strong>Lib.</strong></span> <span class='ocrx_word' id='word_1_353' title='bbox 2159 3725 2200 3781; x_wconf 92' lang='lat' dir='ltr'><strong>I.</strong></span> <span class='ocrx_word' id='word_1_354' title='bbox 2242 3742 2325 3796; x_wconf 85' lang='lat' dir='ltr'><strong>ep.</strong></span> <span class='ocrx_word' id='word_1_355' title='bbox 2378 3728 2498 3793; x_wconf 70' lang='grc'><strong>594,</strong></span> <span class='ocrx_word' id='word_1_356' title='bbox 2539 3731 2658 3785; x_wconf 90' lang='lat' dir='ltr'><strong>cod.</strong></span> <span class='ocrx_word' id='word_1_357' title='bbox 2706 3730 2833 3787; x_wconf 81' lang='lat' dir='ltr'><strong>Bav.</strong></span> <span class='ocrx_word' id='word_1_358' title='bbox 2887 3734 3318 3806; x_wconf 61' lang='lat' dir='ltr'><strong>&#39;Ex&#39;dixtp-u-ed.</strong></span> <span class='ocrx_word' id='word_1_359' title='bbox 3356 3739 3491 3794; x_wconf 80' lang='lat' dir='ltr'><strong>Ven.</strong></span> 
     </span>
    </p>
   </div>
   <div class='ocr_carea' id='block_1_56' title="bbox 1923 3815 3490 3901">
    <p class='ocr_par' dir='ltr' id='par_1_56' title="bbox 1923 3815 3490 3901">
     <span class='ocr_line' id='line_1_56' title="bbox 1923 3815 3490 3901; baseline 0.01 -31"><span class='ocrx_word' id='word_1_360' title='bbox 1923 3815 2162 3871; x_wconf 89' lang='lat' dir='ltr'><strong>Ecdicio.</strong></span> <span class='ocrx_word' id='word_1_361' title='bbox 2191 3848 2259 3857; x_wconf 90' lang='lat'><strong>-</strong></span> <span class='ocrx_word' id='word_1_362' title='bbox 2298 3818 2390 3873; x_wconf 94' lang='lat' dir='ltr'><strong>lib.</strong></span> <span class='ocrx_word' id='word_1_363' title='bbox 2436 3819 2498 3873; x_wconf 91' lang='lat' dir='ltr'><strong>II.</strong></span> <span class='ocrx_word' id='word_1_364' title='bbox 2544 3836 2632 3891; x_wconf 90' lang='lat' dir='ltr'><strong>ep.</strong></span> <span class='ocrx_word' id='word_1_365' title='bbox 2677 3824 2797 3878; x_wconf 81' lang='grc'>109.</span> <span class='ocrx_word' id='word_1_366' title='bbox 2839 3823 2967 3880; x_wconf 88' lang='lat' dir='ltr'><strong>Bav.</strong></span> <span class='ocrx_word' id='word_1_367' title='bbox 3006 3828 3326 3901; x_wconf 82' lang='grc' dir='ltr'><strong>Μαρῶνι-</strong></span> <span class='ocrx_word' id='word_1_368' title='bbox 3355 3832 3490 3886; x_wconf 75' lang='lat' dir='ltr'><strong>Ven.</strong></span> 
     </span>
    </p>
   </div>
   <div class='ocr_carea' id='block_1_57' title="bbox 1923 3906 3493 3991">
    <p class='ocr_par' dir='ltr' id='par_1_57' title="bbox 1923 3906 3493 3991">
     <span class='ocr_line' id='line_1_57' title="bbox 1923 3906 3493 3991; baseline 0.011 -31"><span class='ocrx_word' id='word_1_369' title='bbox 1923 3906 2122 3963; x_wconf 85' lang='lat' dir='ltr'><strong>Marco.</strong></span> <span class='ocrx_word' id='word_1_370' title='bbox 2157 3910 2333 3965; x_wconf 91' lang='lat' dir='ltr'><strong>—lib.</strong></span> <span class='ocrx_word' id='word_1_371' title='bbox 2358 3911 2673 3981; x_wconf 76' lang='grc' dir='ltr'><strong>11.ορ.161.</strong></span> <span class='ocrx_word' id='word_1_372' title='bbox 2708 3913 2833 3969; x_wconf 87' lang='lat' dir='ltr'><strong>Bav.</strong></span> <span class='ocrx_word' id='word_1_373' title='bbox 2878 3917 3221 3991; x_wconf 78' lang='grc' dir='ltr'><strong>Ἀφροδισίῳ.</strong></span> <span class='ocrx_word' id='word_1_374' title='bbox 3254 3951 3323 3960; x_wconf 82' lang='lat'><em>—</em></span> <span class='ocrx_word' id='word_1_375' title='bbox 3356 3922 3493 3978; x_wconf 72' lang='lat' dir='ltr'><strong>Ven.</strong></span> 
     </span>
    </p>
   </div>
   <div class='ocr_carea' id='block_1_58' title="bbox 1922 3996 3491 4084">
    <p class='ocr_par' dir='ltr' id='par_1_58' title="bbox 1922 3996 3491 4084">
     <span class='ocr_line' id='line_1_58' title="bbox 1922 3996 3491 4084; baseline 0.012 -37"><span class='ocrx_word' id='word_1_376' title='bbox 1922 3996 2203 4063; x_wconf 82' lang='lat' dir='ltr'><strong>Aphrasio.</strong></span> <span class='ocrx_word' id='word_1_377' title='bbox 2238 4028 2310 4040; x_wconf 89' lang='lat'><em>—</em></span> <span class='ocrx_word' id='word_1_378' title='bbox 2335 3998 2429 4053; x_wconf 85' lang='lat' dir='ltr'><strong>lib.</strong></span> <span class='ocrx_word' id='word_1_379' title='bbox 2457 3998 2521 4053; x_wconf 92' lang='lat' dir='ltr'><strong>II.</strong></span> <span class='ocrx_word' id='word_1_380' title='bbox 2557 4015 2643 4071; x_wconf 91' lang='lat' dir='ltr'><strong>ep.</strong></span> <span class='ocrx_word' id='word_1_381' title='bbox 2681 4002 2807 4057; x_wconf 73' lang='grc'><strong>255.</strong></span> <span class='ocrx_word' id='word_1_382' title='bbox 2848 4003 2978 4061; x_wconf 82' lang='lat' dir='ltr'><strong>Bav.</strong></span> <span class='ocrx_word' id='word_1_383' title='bbox 3017 4007 3216 4081; x_wconf 79' lang='grc' dir='ltr'>Παύλῳ</span> <span class='ocrx_word' id='word_1_384' title='bbox 3259 4013 3491 4084; x_wconf 76' lang='grc' dir='ltr'>πρεσϐυ-</span> 
     </span>
    </p>
   </div>
   <div class='ocr_carea' id='block_1_59' title="bbox 1922 4087 2846 4159">
    <p class='ocr_par' dir='ltr' id='par_1_59' title="bbox 1922 4087 2846 4159">
     <span class='ocr_line' id='line_1_59' title="bbox 1922 4087 2846 4159; baseline 0.012 -20"><span class='ocrx_word' id='word_1_385' title='bbox 1922 4088 2068 4159; x_wconf 78' lang='grc' dir='ltr'><strong>τέρῳ</strong></span> <span class='ocrx_word' id='word_1_386' title='bbox 2098 4120 2164 4131; x_wconf 92' lang='grc'><strong><em>--</em></strong></span> <span class='ocrx_word' id='word_1_387' title='bbox 2183 4087 2319 4143; x_wconf 85' lang='lat' dir='ltr'><strong>Ven.</strong></span> <span class='ocrx_word' id='word_1_388' title='bbox 2353 4090 2613 4146; x_wconf 87' lang='lat' dir='ltr'><strong>Hermino</strong></span> <span class='ocrx_word' id='word_1_389' title='bbox 2641 4095 2846 4149; x_wconf 89' lang='lat' dir='ltr'><strong>comiti.</strong></span> 
     </span>
    </p>
   </div>
   <div class='ocr_carea' id='block_1_60' title="bbox 1994 4177 3498 4263">
    <p class='ocr_par' dir='ltr' id='par_1_60' title="bbox 1994 4177 3498 4263">
     <span class='ocr_line' id='line_1_60' title="bbox 1994 4177 3498 4263; baseline 0.013 -33"><span class='ocrx_word' id='word_1_390' title='bbox 1994 4177 2131 4232; x_wconf 83' lang='lat' dir='ltr'><strong>Huic</strong></span> <span class='ocrx_word' id='word_1_391' title='bbox 2171 4194 2302 4234; x_wconf 82' lang='lat' dir='ltr'><strong>vero</strong></span> <span class='ocrx_word' id='word_1_392' title='bbox 2341 4180 2478 4236; x_wconf 90' lang='lat' dir='ltr'><strong>libro</strong></span> <span class='ocrx_word' id='word_1_393' title='bbox 2507 4187 2876 4256; x_wconf 84' lang='lat' dir='ltr'><strong>manuscripto</strong></span> <span class='ocrx_word' id='word_1_394' title='bbox 2908 4187 3097 4245; x_wconf 90' lang='lat' dir='ltr'><strong>similis</strong></span> <span class='ocrx_word' id='word_1_395' title='bbox 3134 4202 3218 4246; x_wconf 89' lang='lat' dir='ltr'><strong>est</strong></span> <span class='ocrx_word' id='word_1_396' title='bbox 3250 4188 3498 4263; x_wconf 85' lang='lat' dir='ltr'><strong>ejusdem</strong></span> 
     </span>
    </p>
   </div>
   <div class='ocr_carea' id='block_1_61' title="bbox 1922 4266 3497 4346">
    <p class='ocr_par' dir='ltr' id='par_1_61' title="bbox 1922 4266 3497 4346">
     <span class='ocr_line' id='line_1_61' title="bbox 1922 4266 3497 4346; baseline 0.011 -24"><span class='ocrx_word' id='word_1_397' title='bbox 1922 4266 2262 4324; x_wconf 60' lang='lat' dir='ltr'><strong>bibliotheca</strong></span> <span class='ocrx_word' id='word_1_398' title='bbox 2310 4271 2431 4325; x_wconf 90' lang='lat' dir='ltr'><strong>cod.</strong></span> <span class='ocrx_word' id='word_1_399' title='bbox 2475 4272 2562 4338; x_wconf 83' lang='lat' dir='ltr'><strong>L.,</strong></span> <span class='ocrx_word' id='word_1_400' title='bbox 2617 4274 2672 4328; x_wconf 90' lang='lat' dir='ltr'><strong>in</strong></span> <span class='ocrx_word' id='word_1_401' title='bbox 2720 4291 2829 4346; x_wconf 89' lang='lat' dir='ltr'><strong>quo</strong></span> <span class='ocrx_word' id='word_1_402' title='bbox 2868 4276 2993 4332; x_wconf 91' lang='lat' dir='ltr'><strong>inde</strong></span> <span class='ocrx_word' id='word_1_403' title='bbox 3035 4294 3066 4333; x_wconf 92' lang='lat' dir='ltr'><strong>a</strong></span> <span class='ocrx_word' id='word_1_404' title='bbox 3104 4279 3198 4336; x_wconf 84' lang='lat' dir='ltr'><strong>fol.</strong></span> <span class='ocrx_word' id='word_1_405' title='bbox 3234 4283 3338 4340; x_wconf 69' lang='grc'><strong>249</strong></span> <span class='ocrx_word' id='word_1_406' title='bbox 3387 4302 3497 4339; x_wconf 80' lang='lat' dir='ltr'><strong>eae-</strong></span> 
     </span>
    </p>
   </div>
   <div class='ocr_carea' id='block_1_62' title="bbox 1924 4367 3493 4450">
    <p class='ocr_par' dir='ltr' id='par_1_62' title="bbox 1924 4367 3493 4450">
     <span class='ocr_line' id='line_1_62' title="bbox 1924 4367 3493 4450; baseline 0.01 -30"><span class='ocrx_word' id='word_1_407' title='bbox 1924 4367 2049 4421; x_wconf 88' lang='lat' dir='ltr'><strong>dem</strong></span> <span class='ocrx_word' id='word_1_408' title='bbox 2074 4377 2287 4423; x_wconf 81' lang='lat' dir='ltr'><strong>exstant</strong></span> <span class='ocrx_word' id='word_1_409' title='bbox 2316 4368 2504 4425; x_wconf 90' lang='lat' dir='ltr'><strong>lsidori</strong></span> <span class='ocrx_word' id='word_1_410' title='bbox 2537 4386 2660 4443; x_wconf 87' lang='lat' dir='ltr'><strong>epp.</strong></span> <span class='ocrx_word' id='word_1_411' title='bbox 2694 4372 2949 4431; x_wconf 88' lang='lat' dir='ltr'><strong>Hardtins</strong></span> <span class='ocrx_word' id='word_1_412' title='bbox 2971 4380 3117 4433; x_wconf 90' lang='lat' dir='ltr'><strong>enim</strong></span> <span class='ocrx_word' id='word_1_413' title='bbox 3144 4379 3180 4433; x_wconf 93' lang='lat' dir='ltr'><strong>l.</strong></span> <span class='ocrx_word' id='word_1_414' title='bbox 3217 4380 3253 4434; x_wconf 89' lang='grc' dir='ltr'><strong>ι.</strong></span> <span class='ocrx_word' id='word_1_415' title='bbox 3288 4397 3341 4450; x_wconf 94' lang='lat' dir='ltr'><strong>p.</strong></span> <span class='ocrx_word' id='word_1_416' title='bbox 3366 4382 3493 4444; x_wconf 78' lang='lat'><strong>9.77.</strong></span> 
     </span>
    </p>
   </div>
   <div class='ocr_carea' id='block_1_63' title="bbox 1924 4460 3493 4542">
    <p class='ocr_par' dir='ltr' id='par_1_63' title="bbox 1924 4460 3493 4542">
     <span class='ocr_line' id='line_1_63' title="bbox 1924 4460 3493 4542; baseline 0.011 -30"><span class='ocrx_word' id='word_1_417' title='bbox 1924 4460 2102 4526; x_wconf 84' lang='lat' dir='ltr'><strong>Quum</strong></span> <span class='ocrx_word' id='word_1_418' title='bbox 2153 4462 2223 4515; x_wconf 81' lang='lat' dir='ltr'><strong>ab</strong></span> <span class='ocrx_word' id='word_1_419' title='bbox 2279 4461 2361 4526; x_wconf 92' lang='lat' dir='ltr'><strong>iis,</strong></span> <span class='ocrx_word' id='word_1_420' title='bbox 2404 4462 2599 4532; x_wconf 86' lang='lat' dir='ltr'><strong>inquit,</strong></span> <span class='ocrx_word' id='word_1_421' title='bbox 2639 4483 2759 4536; x_wconf 71' lang='lat' dir='ltr'><strong>quae</strong></span> <span class='ocrx_word' id='word_1_422' title='bbox 2804 4468 2857 4521; x_wconf 90' lang='lat' dir='ltr'><strong>in</strong></span> <span class='ocrx_word' id='word_1_423' title='bbox 2897 4470 3018 4526; x_wconf 91' lang='lat' dir='ltr'><strong>cod.</strong></span> <span class='ocrx_word' id='word_1_424' title='bbox 3068 4470 3155 4528; x_wconf 76' lang='grc'><strong>49.</strong></span> <span class='ocrx_word' id='word_1_425' title='bbox 3201 4473 3493 4542; x_wconf 88' lang='lat' dir='ltr'><strong>habentur,</strong></span> 
     </span>
    </p>
   </div>
   <div class='ocr_carea' id='block_1_64' title="bbox 1924 4553 3499 4637">
    <p class='ocr_par' dir='ltr' id='par_1_64' title="bbox 1924 4553 3499 4637">
     <span class='ocr_line' id='line_1_64' title="bbox 1924 4553 3499 4637; baseline 0.01 -31"><span class='ocrx_word' id='word_1_426' title='bbox 1924 4569 2035 4607; x_wconf 89' lang='lat' dir='ltr'><strong>non</strong></span> <span class='ocrx_word' id='word_1_427' title='bbox 2078 4553 2358 4621; x_wconf 85' lang='lat' dir='ltr'><strong>dill‘crant,</strong></span> <span class='ocrx_word' id='word_1_428' title='bbox 2408 4555 2663 4612; x_wconf 87' lang='lat' dir='ltr'><strong>lectorem</strong></span> <span class='ocrx_word' id='word_1_429' title='bbox 2711 4558 2784 4614; x_wconf 91' lang='lat' dir='ltr'><strong>ibi</strong></span> <span class='ocrx_word' id='word_1_430' title='bbox 2830 4562 3049 4618; x_wconf 87' lang='lat' dir='ltr'><strong>remitto</strong></span> <span class='ocrx_word' id='word_1_431' title='bbox 3093 4564 3249 4634; x_wconf 89' lang='lat' dir='ltr'><strong>plura</strong></span> <span class='ocrx_word' id='word_1_432' title='bbox 3297 4568 3499 4637; x_wconf 71' lang='lat' dir='ltr'><strong>quaesi-</strong></span> 
     </span>
    </p>
   </div>
   <div class='ocr_carea' id='block_1_65' title="bbox 1929 4656 2133 4701">
    <p class='ocr_par' dir='ltr' id='par_1_65' title="bbox 1929 4656 2133 4701">
     <span class='ocr_line' id='line_1_65' title="bbox 1929 4656 2133 4701; baseline -0.01 0"><span class='ocrx_word' id='word_1_433' title='bbox 1929 4656 2133 4701; x_wconf 89' lang='lat' dir='ltr'><strong>turum.</strong></span> 
     </span>
    </p>
   </div>
   <div class='ocr_carea' id='block_1_66' title="bbox 259 4736 3501 4816">
    <p class='ocr_par' dir='ltr' id='par_1_66' title="bbox 259 4736 3501 4816">
     <span class='ocr_line' id='line_1_66' title="bbox 259 4736 3501 4816; baseline 0.002 -19"><span class='ocrx_word' id='word_1_434' title='bbox 259 4746 382 4811; x_wconf 88' lang='lat' dir='ltr'><strong>quit.</strong></span> <span class='ocrx_word' id='word_1_435' title='bbox 412 4748 596 4799; x_wconf 85' lang='lat' dir='ltr'><strong>charta</strong></span> <span class='ocrx_word' id='word_1_436' title='bbox 636 4744 805 4798; x_wconf 85' lang='lat' dir='ltr'><strong>solida</strong></span> <span class='ocrx_word' id='word_1_437' title='bbox 839 4752 888 4796; x_wconf 88' lang='lat' dir='ltr'><strong>et</strong></span> <span class='ocrx_word' id='word_1_438' title='bbox 910 4741 1053 4806; x_wconf 67' lang='lat' dir='ltr'><strong>ltevi,</strong></span> <span class='ocrx_word' id='word_1_439' title='bbox 1090 4739 1257 4793; x_wconf 87' lang='lat' dir='ltr'><strong>titulis</strong></span> <span class='ocrx_word' id='word_1_440' title='bbox 1302 4748 1350 4793; x_wconf 89' lang='lat' dir='ltr'><strong>et</strong></span> <span class='ocrx_word' id='word_1_441' title='bbox 1387 4739 1677 4793; x_wconf 82' lang='lat' dir='ltr'><strong>initialibus</strong></span> <span class='ocrx_word' id='word_1_442' title='bbox 1718 4742 1819 4793; x_wconf 84' lang='lat' dir='ltr'><strong>mi-</strong></span> <span class='ocrx_word' id='word_1_443' title='bbox 1847 4745 1889 4803; x_wconf 63' lang='grc' dir='ltr'><strong>(Ξ</strong></span> <span class='ocrx_word' id='word_1_444' title='bbox 1991 4739 2258 4793; x_wconf 62' lang='lat' dir='ltr'><strong>Caeterum</strong></span> <span class='ocrx_word' id='word_1_445' title='bbox 2292 4754 2322 4791; x_wconf 90' lang='lat' dir='ltr'><strong>a</strong></span> <span class='ocrx_word' id='word_1_446' title='bbox 2359 4736 2583 4794; x_wconf 81' lang='lat' dir='ltr'><strong>Hardtio</strong></span> <span class='ocrx_word' id='word_1_447' title='bbox 2622 4741 2847 4799; x_wconf 89' lang='lat' dir='ltr'><strong>edoctus</strong></span> <span class='ocrx_word' id='word_1_448' title='bbox 2885 4760 3006 4815; x_wconf 67' lang='lat' dir='ltr'><strong>qua:</strong></span> <span class='ocrx_word' id='word_1_449' title='bbox 3048 4745 3501 4816; x_wconf 76' lang='lat' dir='ltr'><strong>Montefalconius</strong></span> 
     </span>
    </p>
   </div>
   <div class='ocr_carea' id='block_1_67' title="bbox 261 4832 1824 4901">
    <p class='ocr_par' dir='ltr' id='par_1_67' title="bbox 261 4832 1824 4901">
     <span class='ocr_line' id='line_1_67' title="bbox 261 4832 1824 4901; baseline -0.003 -12"><span class='ocrx_word' id='word_1_450' title='bbox 261 4836 422 4900; x_wconf 78' lang='lat' dir='ltr'><strong>niatis,</strong></span> <span class='ocrx_word' id='word_1_451' title='bbox 454 4838 646 4890; x_wconf 85' lang='lat' dir='ltr'><strong>litteris</strong></span> <span class='ocrx_word' id='word_1_452' title='bbox 676 4835 894 4889; x_wconf 83' lang='lat' dir='ltr'><strong>minutis</strong></span> <span class='ocrx_word' id='word_1_453' title='bbox 936 4841 984 4886; x_wconf 88' lang='lat' dir='ltr'><strong>et</strong></span> <span class='ocrx_word' id='word_1_454' title='bbox 1027 4832 1369 4901; x_wconf 86' lang='lat' dir='ltr'><strong>elegantibus,</strong></span> <span class='ocrx_word' id='word_1_455' title='bbox 1392 4847 1507 4884; x_wconf 89' lang='lat' dir='ltr'><strong>cum</strong></span> <span class='ocrx_word' id='word_1_456' title='bbox 1545 4833 1824 4885; x_wconf 84' lang='lat' dir='ltr'><strong>correctio-</strong></span> 
     </span>
    </p>
   </div>
   <div class='ocr_carea' id='block_1_68' title="bbox 262 4917 1828 4995">
    <p class='ocr_par' dir='ltr' id='par_1_68' title="bbox 262 4917 1828 4995">
     <span class='ocr_line' id='line_1_68' title="bbox 262 4917 1828 4995; baseline -0.003 -19"><span class='ocrx_word' id='word_1_457' title='bbox 262 4925 395 4979; x_wconf 74' lang='lat' dir='ltr'><strong>nibus</strong></span> <span class='ocrx_word' id='word_1_458' title='bbox 422 4924 831 4995; x_wconf 84' lang='lat' dir='ltr'><strong>marginalibus,</strong></span> <span class='ocrx_word' id='word_1_459' title='bbox 862 4920 1098 4991; x_wconf 73' lang='lat' dir='ltr'><strong>iri-folio,</strong></span> <span class='ocrx_word' id='word_1_460' title='bbox 1128 4937 1163 4971; x_wconf 89' lang='lat' dir='ltr'><strong>a</strong></span> <span class='ocrx_word' id='word_1_461' title='bbox 1203 4918 1359 4973; x_wconf 87' lang='lat' dir='ltr'><strong>Petro</strong></span> <span class='ocrx_word' id='word_1_462' title='bbox 1398 4917 1669 4973; x_wconf 75' lang='lat' dir='ltr'><strong>Carneade</strong></span> <span class='ocrx_word' id='word_1_463' title='bbox 1703 4920 1828 4987; x_wconf 85' lang='lat' dir='ltr'><strong>Epi-</strong></span> 
     </span>
    </p>
   </div>
   <div class='ocr_carea' id='block_1_69' title="bbox 265 5011 1827 5083">
    <p class='ocr_par' dir='ltr' id='par_1_69' title="bbox 265 5011 1827 5083">
     <span class='ocr_line' id='line_1_69' title="bbox 265 5011 1827 5083; baseline -0.003 -12"><span class='ocrx_word' id='word_1_464' title='bbox 265 5020 435 5073; x_wconf 76' lang='lat' dir='ltr'><strong>dauria</strong></span> <span class='ocrx_word' id='word_1_465' title='bbox 485 5018 714 5072; x_wconf 79' lang='lat' dir='ltr'><strong>Venetiis</strong></span> <span class='ocrx_word' id='word_1_466' title='bbox 760 5025 1043 5075; x_wconf 66' lang='lat' dir='ltr'><strong>exat-atus,</strong></span> <span class='ocrx_word' id='word_1_467' title='bbox 1082 5030 1202 5067; x_wconf 62' lang='lat' dir='ltr'><strong>saec.</strong></span> <span class='ocrx_word' id='word_1_468' title='bbox 1250 5011 1388 5078; x_wconf 76' lang='lat' dir='ltr'><strong>XVI,</strong></span> <span class='ocrx_word' id='word_1_469' title='bbox 1438 5013 1682 5083; x_wconf 76' lang='lat' dir='ltr'><strong>foliorum</strong></span> <span class='ocrx_word' id='word_1_470' title='bbox 1728 5030 1827 5066; x_wconf 87' lang='lat' dir='ltr'><strong>nu-</strong></span> 
     </span>
    </p>
   </div>
   <div class='ocr_carea' id='block_1_70' title="bbox 266 5103 1828 5177">
    <p class='ocr_par' dir='ltr' id='par_1_70' title="bbox 266 5103 1828 5177">
     <span class='ocr_line' id='line_1_70' title="bbox 266 5103 1828 5177; baseline -0.003 -14"><span class='ocrx_word' id='word_1_471' title='bbox 266 5127 393 5163; x_wconf 80' lang='lat' dir='ltr'><strong>mero</strong></span> <span class='ocrx_word' id='word_1_472' title='bbox 419 5111 544 5172; x_wconf 67' lang='lat'><strong>420,</strong></span> <span class='ocrx_word' id='word_1_473' title='bbox 574 5110 768 5177; x_wconf 86' lang='lat' dir='ltr'><strong>optime</strong></span> <span class='ocrx_word' id='word_1_474' title='bbox 806 5115 1141 5161; x_wconf 78' lang='lat' dir='ltr'><strong>conservatus</strong></span> <span class='ocrx_word' id='word_1_475' title='bbox 1170 5114 1219 5158; x_wconf 89' lang='lat' dir='ltr'><strong>et</strong></span> <span class='ocrx_word' id='word_1_476' title='bbox 1259 5105 1560 5173; x_wconf 81' lang='lat' dir='ltr'><strong>inscriptus.</strong></span> <span class='ocrx_word' id='word_1_477' title='bbox 1597 5122 1615 5154; x_wconf 70' lang='grc' dir='ltr'><strong>ι</strong></span> <span class='ocrx_word' id='word_1_478' title='bbox 1641 5103 1828 5159; x_wconf 87' lang='lat' dir='ltr'><strong>Conti-</strong></span> 
     </span>
    </p>
   </div>
   <div class='ocr_carea' id='block_1_71' title="bbox 269 5212 785 5256">
    <p class='ocr_par' dir='ltr' id='par_1_71' title="bbox 269 5212 785 5256">
     <span class='ocr_line' id='line_1_71' title="bbox 269 5212 785 5256; baseline -0.006 -1"><span class='ocrx_word' id='word_1_479' title='bbox 269 5213 449 5256; x_wconf 85' lang='lat' dir='ltr'><strong>nentur</strong></span> <span class='ocrx_word' id='word_1_480' title='bbox 470 5212 656 5256; x_wconf 88' lang='lat' dir='ltr'><strong>autem</strong></span> <span class='ocrx_word' id='word_1_481' title='bbox 684 5215 751 5255; x_wconf 92' lang='lat' dir='ltr'><strong>eo</strong></span> <span class='ocrx_word' id='word_1_482' title='bbox 772 5217 785 5252; x_wconf 73' lang='grc' dir='ltr'>ἒ</span> 
     </span>
    </p>
   </div>
   <div class='ocr_carea' id='block_1_72' title="bbox 777 5265 1312 5323">
    <p class='ocr_par' dir='ltr' id='par_1_72' title="bbox 777 5265 1312 5323">
     <span class='ocr_line' id='line_1_72' title="bbox 777 5265 1312 5323; baseline -0.004 0"><span class='ocrx_word' id='word_1_483' title='bbox 777 5268 871 5323; x_wconf 89' lang='lat' dir='ltr'><strong>fol.</strong></span> <span class='ocrx_word' id='word_1_484' title='bbox 906 5285 942 5321; x_wconf 82' lang='grc' dir='ltr'><strong>ι.</strong></span> <span class='ocrx_word' id='word_1_485' title='bbox 977 5297 1045 5309; x_wconf 90' lang='grc'><strong><em>-</em></strong></span> <span class='ocrx_word' id='word_1_486' title='bbox 1068 5265 1160 5320; x_wconf 90' lang='lat' dir='ltr'><strong>fol.</strong></span> <span class='ocrx_word' id='word_1_487' title='bbox 1191 5265 1312 5321; x_wconf 83' lang='grc'><strong>175.</strong></span> 
     </span>
    </p>
   </div>
   <div class='ocr_carea' id='block_1_73' title="bbox 335 5355 1826 5428">
    <p class='ocr_par' dir='ltr' id='par_1_73' title="bbox 335 5355 1826 5428">
     <span class='ocr_line' id='line_1_73' title="bbox 335 5355 1826 5428; baseline -0.004 -13"><span class='ocrx_word' id='word_1_488' title='bbox 335 5382 353 5414; x_wconf 77' lang='lat' dir='ltr'><strong>t</strong></span> <span class='ocrx_word' id='word_1_489' title='bbox 398 5362 713 5421; x_wconf 77' lang='grc' dir='ltr'><strong>Ἐπιστολαὶ</strong></span> <span class='ocrx_word' id='word_1_490' title='bbox 742 5361 837 5413; x_wconf 75' lang='grc' dir='ltr'><strong>τοῦ</strong></span> <span class='ocrx_word' id='word_1_491' title='bbox 854 5360 1011 5427; x_wconf 81' lang='grc' dir='ltr'>ἁγίου</span> <span class='ocrx_word' id='word_1_492' title='bbox 1045 5357 1315 5427; x_wconf 82' lang='grc' dir='ltr'>Ἰσιδὼρου</span> <span class='ocrx_word' id='word_1_493' title='bbox 1339 5355 1430 5410; x_wconf 76' lang='grc' dir='ltr'><strong>τοῦ</strong></span> <span class='ocrx_word' id='word_1_494' title='bbox 1453 5356 1826 5428; x_wconf 75' lang='grc' dir='ltr'>Πηλουσιώτου</span> 
     </span>
    </p>
   </div>
   <div class='ocr_carea' id='block_1_74' title="bbox 272 5450 1829 5525">
    <p class='ocr_par' dir='ltr' id='par_1_74' title="bbox 272 5450 1829 5525">
     <span class='ocr_line' id='line_1_74' title="bbox 272 5450 1829 5525; baseline -0.001 -22"><span class='ocrx_word' id='word_1_495' title='bbox 272 5453 341 5516; x_wconf 76' lang='grc' dir='ltr'><strong>είς</strong></span> <span class='ocrx_word' id='word_1_496' title='bbox 381 5452 479 5525; x_wconf 77' lang='grc' dir='ltr'><strong>τὴν</strong></span> <span class='ocrx_word' id='word_1_497' title='bbox 524 5452 822 5524; x_wconf 77' lang='grc' dir='ltr'><strong>ἑρμηνείαν</strong></span> <span class='ocrx_word' id='word_1_498' title='bbox 866 5451 965 5520; x_wconf 81' lang='grc' dir='ltr'><strong>τῆς</strong></span> <span class='ocrx_word' id='word_1_499' title='bbox 1002 5450 1151 5515; x_wconf 82' lang='grc' dir='ltr'>θείας</span> <span class='ocrx_word' id='word_1_500' title='bbox 1184 5450 1405 5519; x_wconf 82' lang='grc' dir='ltr'>Γραφῆς</span> <span class='ocrx_word' id='word_1_501' title='bbox 1438 5450 1566 5520; x_wconf 77' lang='grc' dir='ltr'>περὶ</span> <span class='ocrx_word' id='word_1_502' title='bbox 1604 5452 1701 5520; x_wconf 80' lang='grc' dir='ltr'><strong>τῆς</strong></span> <span class='ocrx_word' id='word_1_503' title='bbox 1735 5450 1829 5504; x_wconf 72' lang='grc' dir='ltr'><strong>τοῦ</strong></span> 
     </span>
    </p>
   </div>
   <div class='ocr_carea' id='block_1_75' title="bbox 277 5540 1830 5615">
    <p class='ocr_par' dir='ltr' id='par_1_75' title="bbox 277 5540 1830 5615">
     <span class='ocr_line' id='line_1_75' title="bbox 277 5540 1830 5615; baseline 0.001 -22"><span class='ocrx_word' id='word_1_504' title='bbox 277 5542 458 5607; x_wconf 54' lang='lat' dir='ltr'><strong>adv-.0;</strong></span> <span class='ocrx_word' id='word_1_505' title='bbox 486 5543 849 5615; x_wconf 76' lang='grc' dir='ltr'><strong>δημιουργίας</strong></span> <span class='ocrx_word' id='word_1_506' title='bbox 888 5543 968 5605; x_wconf 78' lang='grc' dir='ltr'>είς</span> <span class='ocrx_word' id='word_1_507' title='bbox 1009 5541 1099 5594; x_wconf 81' lang='grc' dir='ltr'><strong>τὸν</strong></span> <span class='ocrx_word' id='word_1_508' title='bbox 1148 5541 1411 5608; x_wconf 81' lang='grc' dir='ltr'>στέφανον</span> <span class='ocrx_word' id='word_1_509' title='bbox 1447 5540 1695 5593; x_wconf 78' lang='grc' dir='ltr'>ἐνιαυτοῦ</span> <span class='ocrx_word' id='word_1_510' title='bbox 1736 5543 1830 5595; x_wconf 77' lang='grc' dir='ltr'><strong>καὶ</strong></span> 
     </span>
    </p>
   </div>
   <div class='ocr_carea' id='block_1_76' title="bbox 277 5630 1829 5702">
    <p class='ocr_par' dir='ltr' id='par_1_76' title="bbox 277 5630 1829 5702">
     <span class='ocr_line' id='line_1_76' title="bbox 277 5630 1829 5702; baseline 0.003 -19"><span class='ocrx_word' id='word_1_511' title='bbox 277 5634 451 5702; x_wconf 75' lang='grc' dir='ltr'>τροχοῦ</span> <span class='ocrx_word' id='word_1_512' title='bbox 477 5635 764 5702; x_wconf 82' lang='grc' dir='ltr'><strong>γενέσεως.</strong></span> <span class='ocrx_word' id='word_1_513' title='bbox 796 5662 862 5676; x_wconf 91' lang='lat'><strong>——</strong></span> <span class='ocrx_word' id='word_1_514' title='bbox 894 5631 1033 5687; x_wconf 87' lang='lat' dir='ltr'><strong>Sunt</strong></span> <span class='ocrx_word' id='word_1_515' title='bbox 1071 5647 1194 5701; x_wconf 91' lang='lat' dir='ltr'><strong>epp.</strong></span> <span class='ocrx_word' id='word_1_516' title='bbox 1234 5630 1355 5695; x_wconf 81' lang='lat'><strong>659,</strong></span> <span class='ocrx_word' id='word_1_517' title='bbox 1389 5646 1615 5700; x_wconf 88' lang='lat' dir='ltr'><strong>quarum</strong></span> <span class='ocrx_word' id='word_1_518' title='bbox 1659 5631 1829 5702; x_wconf 89' lang='lat' dir='ltr'><strong>prima</strong></span> 
     </span>
    </p>
   </div>
   <div class='ocr_carea' id='block_1_77' title="bbox 279 5719 1826 5794">
    <p class='ocr_par' dir='ltr' id='par_1_77' title="bbox 279 5719 1826 5794">
     <span class='ocr_line' id='line_1_77' title="bbox 279 5719 1826 5794; baseline -0.001 -17"><span class='ocrx_word' id='word_1_519' title='bbox 279 5722 340 5777; x_wconf 75' lang='lat' dir='ltr'><strong>Id</strong></span> <span class='ocrx_word' id='word_1_520' title='bbox 364 5722 624 5781; x_wconf 80' lang='lat' dir='ltr'><strong>[siderum</strong></span> <span class='ocrx_word' id='word_1_521' title='bbox 646 5724 979 5794; x_wconf 85' lang='lat' dir='ltr'><strong>episcopum,</strong></span> <span class='ocrx_word' id='word_1_522' title='bbox 1005 5721 1190 5776; x_wconf 86' lang='lat' dir='ltr'><strong>ultima</strong></span> <span class='ocrx_word' id='word_1_523' title='bbox 1221 5721 1286 5776; x_wconf 88' lang='lat' dir='ltr'><strong>ad</strong></span> <span class='ocrx_word' id='word_1_524' title='bbox 1313 5719 1535 5775; x_wconf 86' lang='lat' dir='ltr'><strong>Paulum</strong></span> <span class='ocrx_word' id='word_1_525' title='bbox 1567 5720 1689 5776; x_wconf 83' lang='lat' dir='ltr'><strong>data</strong></span> <span class='ocrx_word' id='word_1_526' title='bbox 1713 5729 1826 5787; x_wconf 89' lang='lat' dir='ltr'><strong>cst;</strong></span> 
     </span>
    </p>
   </div>
   <div class='ocr_carea' id='block_1_78' title="bbox 1924 4824 3501 4895">
    <p class='ocr_par' dir='ltr' id='par_1_78' title="bbox 1924 4824 3501 4895">
     <span class='ocr_line' id='line_1_78' title="bbox 1924 4824 3501 4895; baseline 0.006 -13"><span class='ocrx_word' id='word_1_527' title='bbox 1924 4835 1981 4887; x_wconf 88' lang='lat' dir='ltr'><strong>in</strong></span> <span class='ocrx_word' id='word_1_528' title='bbox 2010 4828 2147 4883; x_wconf 84' lang='lat' dir='ltr'><strong>Bibl.</strong></span> <span class='ocrx_word' id='word_1_529' title='bbox 2178 4824 2299 4879; x_wconf 87' lang='lat' dir='ltr'><strong>bibl.</strong></span> <span class='ocrx_word' id='word_1_530' title='bbox 2333 4841 2388 4895; x_wconf 93' lang='lat' dir='ltr'><strong>p.</strong></span> <span class='ocrx_word' id='word_1_531' title='bbox 2422 4825 2546 4881; x_wconf 86' lang='lat'><strong>588.</strong></span> <span class='ocrx_word' id='word_1_532' title='bbox 2580 4827 2642 4882; x_wconf 86' lang='lat' dir='ltr'><strong>E.</strong></span> <span class='ocrx_word' id='word_1_533' title='bbox 2677 4845 2735 4883; x_wconf 91' lang='lat' dir='ltr'><strong>n.</strong></span> <span class='ocrx_word' id='word_1_534' title='bbox 2772 4847 2890 4886; x_wconf 84' lang='lat' dir='ltr'><strong>xcv.</strong></span> <span class='ocrx_word' id='word_1_535' title='bbox 2911 4841 2967 4888; x_wconf 92' lang='lat' dir='ltr'><strong>et</strong></span> <span class='ocrx_word' id='word_1_536' title='bbox 2997 4849 3136 4890; x_wconf 75' lang='lat' dir='ltr'><strong>xcvr.</strong></span> <span class='ocrx_word' id='word_1_537' title='bbox 3176 4836 3243 4891; x_wconf 90' lang='lat' dir='ltr'><strong>de</strong></span> <span class='ocrx_word' id='word_1_538' title='bbox 3286 4826 3501 4892; x_wconf 79' lang='lat' dir='ltr'><strong>duobus</strong></span> 
     </span>
    </p>
   </div>
   <div class='ocr_carea' id='block_1_79' title="bbox 1927 4916 3519 4998">
    <p class='ocr_par' dir='ltr' id='par_1_79' title="bbox 1927 4916 3519 4998">
     <span class='ocr_line' id='line_1_79' title="bbox 1927 4916 3519 4998; baseline 0.004 -22"><span class='ocrx_word' id='word_1_539' title='bbox 1927 4923 2012 4977; x_wconf 89' lang='lat' dir='ltr'><strong>his</strong></span> <span class='ocrx_word' id='word_1_540' title='bbox 2056 4918 2211 4975; x_wconf 89' lang='lat' dir='ltr'><strong>codd.</strong></span> <span class='ocrx_word' id='word_1_541' title='bbox 2245 4916 2463 4971; x_wconf 84' lang='lat' dir='ltr'><strong>tradidit</strong></span> <span class='ocrx_word' id='word_1_542' title='bbox 2506 4918 2644 4972; x_wconf 76' lang='lat' dir='ltr'><strong>facili</strong></span> <span class='ocrx_word' id='word_1_543' title='bbox 2691 4935 2855 4991; x_wconf 85' lang='lat' dir='ltr'><strong>Opera</strong></span> <span class='ocrx_word' id='word_1_544' title='bbox 2902 4932 2960 4979; x_wconf 88' lang='lat' dir='ltr'><strong>et</strong></span> <span class='ocrx_word' id='word_1_545' title='bbox 3000 4926 3253 4998; x_wconf 90' lang='lat' dir='ltr'><strong>supplere</strong></span> <span class='ocrx_word' id='word_1_546' title='bbox 3292 4929 3519 4997; x_wconf 68' lang='lat' dir='ltr'><strong>poteris</strong></span> 
     </span>
    </p>
   </div>
   <div class='ocr_carea' id='block_1_80' title="bbox 1927 5008 3498 5089">
    <p class='ocr_par' dir='ltr' id='par_1_80' title="bbox 1927 5008 3498 5089">
     <span class='ocr_line' id='line_1_80' title="bbox 1927 5008 3498 5089; baseline 0.003 -21"><span class='ocrx_word' id='word_1_547' title='bbox 1927 5022 1984 5068; x_wconf 90' lang='lat' dir='ltr'><strong>et</strong></span> <span class='ocrx_word' id='word_1_548' title='bbox 2026 5009 2315 5080; x_wconf 84' lang='lat' dir='ltr'><strong>corrigere.</strong></span> <span class='ocrx_word' id='word_1_549' title='bbox 2352 5039 2423 5049; x_wconf 91' lang='lat'><strong><em>—</em></strong></span> <span class='ocrx_word' id='word_1_550' title='bbox 2457 5008 2541 5063; x_wconf 89' lang='lat' dir='ltr'><strong>Cl‘.</strong></span> <span class='ocrx_word' id='word_1_551' title='bbox 2587 5008 2775 5067; x_wconf 84' lang='lat' dir='ltr'><strong>Harles</strong></span> <span class='ocrx_word' id='word_1_552' title='bbox 2822 5013 2889 5069; x_wconf 90' lang='lat' dir='ltr'><strong>ad</strong></span> <span class='ocrx_word' id='word_1_553' title='bbox 2932 5013 3094 5071; x_wconf 89' lang='lat' dir='ltr'><strong>Fabr.</strong></span> <span class='ocrx_word' id='word_1_554' title='bbox 3142 5016 3281 5071; x_wconf 89' lang='lat' dir='ltr'><strong>Bibl.</strong></span> <span class='ocrx_word' id='word_1_555' title='bbox 3338 5033 3498 5089; x_wconf 62' lang='grc' dir='ltr'><strong>ξιτ-ωε.</strong></span> 
     </span>
    </p>
   </div>
   <div class='ocr_carea' id='block_1_81' title="bbox 1927 5097 2932 5169">
    <p class='ocr_par' dir='ltr' id='par_1_81' title="bbox 1927 5097 2932 5169">
     <span class='ocr_line' id='line_1_81' title="bbox 1927 5097 2932 5169; baseline 0.002 -14"><span class='ocrx_word' id='word_1_556' title='bbox 1927 5102 2032 5157; x_wconf 79' lang='lat' dir='ltr'><strong>vol.</strong></span> <span class='ocrx_word' id='word_1_557' title='bbox 2064 5098 2134 5155; x_wconf 79' lang='grc' dir='ltr'><strong>Χ.</strong></span> <span class='ocrx_word' id='word_1_558' title='bbox 2166 5114 2284 5169; x_wconf 89' lang='lat' dir='ltr'><strong>pag.</strong></span> <span class='ocrx_word' id='word_1_559' title='bbox 2309 5097 2432 5164; x_wconf 67' lang='grc'><strong>482,</strong></span> <span class='ocrx_word' id='word_1_560' title='bbox 2467 5098 2563 5154; x_wconf 89' lang='lat' dir='ltr'><strong>lin.</strong></span> <span class='ocrx_word' id='word_1_561' title='bbox 2597 5101 2632 5154; x_wconf 77' lang='lat'><strong>2</strong></span> <span class='ocrx_word' id='word_1_562' title='bbox 2655 5101 2845 5156; x_wconf 89' lang='lat' dir='ltr'><strong>—lin.</strong></span> <span class='ocrx_word' id='word_1_563' title='bbox 2879 5105 2932 5158; x_wconf 88' lang='lat'><strong>7.</strong></span> 
     </span>
    </p>
   </div>
   <div class='ocr_carea' id='block_1_82' title="bbox 2002 5185 3520 5247">
    <p class='ocr_par' dir='ltr' id='par_1_82' title="bbox 2002 5185 3520 5247">
     <span class='ocr_line' id='line_1_82' title="bbox 2002 5185 3520 5247; baseline 0.005 -7"><span class='ocrx_word' id='word_1_564' title='bbox 2002 5185 2208 5240; x_wconf 85' lang='lat' dir='ltr'><strong>Dicenti</strong></span> <span class='ocrx_word' id='word_1_565' title='bbox 2244 5200 2375 5239; x_wconf 79' lang='lat' dir='ltr'><strong>vero</strong></span> <span class='ocrx_word' id='word_1_566' title='bbox 2411 5186 2545 5241; x_wconf 88' lang='lat' dir='ltr'><strong>mihi</strong></span> <span class='ocrx_word' id='word_1_567' title='bbox 2584 5187 2652 5242; x_wconf 92' lang='lat' dir='ltr'><strong>de</strong></span> <span class='ocrx_word' id='word_1_568' title='bbox 2705 5186 3058 5246; x_wconf 82' lang='lat' dir='ltr'><strong>Rittershusii</strong></span> <span class='ocrx_word' id='word_1_569' title='bbox 3100 5191 3287 5247; x_wconf 88' lang='lat' dir='ltr'><strong>codice</strong></span> <span class='ocrx_word' id='word_1_570' title='bbox 3325 5190 3520 5247; x_wconf 83' lang='lat' dir='ltr'><strong>Bava--</strong></span> 
     </span>
    </p>
   </div>
   <div class='ocr_carea' id='block_1_83' title="bbox 1929 5272 3497 5346">
    <p class='ocr_par' dir='ltr' id='par_1_83' title="bbox 1929 5272 3497 5346">
     <span class='ocr_line' id='line_1_83' title="bbox 1929 5272 3497 5346; baseline 0.003 -16"><span class='ocrx_word' id='word_1_571' title='bbox 1929 5274 2044 5331; x_wconf 86' lang='lat' dir='ltr'><strong>rica</strong></span> <span class='ocrx_word' id='word_1_572' title='bbox 2088 5274 2247 5328; x_wconf 89' lang='lat' dir='ltr'><strong>liceat</strong></span> <span class='ocrx_word' id='word_1_573' title='bbox 2284 5273 2447 5327; x_wconf 89' lang='lat' dir='ltr'><strong>etiam</strong></span> <span class='ocrx_word' id='word_1_574' title='bbox 2490 5274 2626 5329; x_wconf 89' lang='lat' dir='ltr'><strong>alios</strong></span> <span class='ocrx_word' id='word_1_575' title='bbox 2668 5277 2913 5346; x_wconf 88' lang='lat' dir='ltr'><strong>ejusdem</strong></span> <span class='ocrx_word' id='word_1_576' title='bbox 2958 5279 3299 5334; x_wconf 73' lang='lat' dir='ltr'><strong>bibliothecae</strong></span> <span class='ocrx_word' id='word_1_577' title='bbox 3346 5272 3497 5335; x_wconf 87' lang='lat' dir='ltr'><strong>com-</strong></span> 
     </span>
    </p>
   </div>
   <div class='ocr_carea' id='block_1_84' title="bbox 1927 5360 3504 5437">
    <p class='ocr_par' dir='ltr' id='par_1_84' title="bbox 1927 5360 3504 5437">
     <span class='ocr_line' id='line_1_84' title="bbox 1927 5360 3504 5437; baseline 0.004 -20"><span class='ocrx_word' id='word_1_578' title='bbox 1927 5375 2230 5417; x_wconf 89' lang='lat' dir='ltr'><strong>memorare</strong></span> <span class='ocrx_word' id='word_1_579' title='bbox 2276 5360 2441 5415; x_wconf 91' lang='lat' dir='ltr'><strong>libros</strong></span> <span class='ocrx_word' id='word_1_580' title='bbox 2494 5364 2929 5435; x_wconf 87' lang='lat' dir='ltr'><strong>manuscriptos,</strong></span> <span class='ocrx_word' id='word_1_581' title='bbox 2968 5367 3023 5420; x_wconf 87' lang='lat' dir='ltr'><strong>in</strong></span> <span class='ocrx_word' id='word_1_582' title='bbox 3067 5367 3265 5437; x_wconf 89' lang='lat' dir='ltr'><strong>quibus</strong></span> <span class='ocrx_word' id='word_1_583' title='bbox 3305 5367 3504 5423; x_wconf 85' lang='lat' dir='ltr'><strong>lsidori</strong></span> 
     </span>
    </p>
   </div>
   <div class='ocr_carea' id='block_1_85' title="bbox 1928 5454 2848 5527">
    <p class='ocr_par' dir='ltr' id='par_1_85' title="bbox 1928 5454 2848 5527">
     <span class='ocr_line' id='line_1_85' title="bbox 1928 5454 2848 5527; baseline 0.002 -17"><span class='ocrx_word' id='word_1_584' title='bbox 1928 5454 2278 5525; x_wconf 90' lang='lat' dir='ltr'><strong>epistolarum</strong></span> <span class='ocrx_word' id='word_1_585' title='bbox 2306 5462 2494 5508; x_wconf 80' lang='lat' dir='ltr'><strong>extant</strong></span> <span class='ocrx_word' id='word_1_586' title='bbox 2533 5455 2848 5527; x_wconf 81' lang='lat' dir='ltr'><strong>fragmenta.</strong></span> 
     </span>
    </p>
   </div>
   <div class='ocr_carea' id='block_1_86' title="bbox 1998 5542 3498 5619">
    <p class='ocr_par' dir='ltr' id='par_1_86' title="bbox 1998 5542 3498 5619">
     <span class='ocr_line' id='line_1_86' title="bbox 1998 5542 3498 5619; baseline 0.005 -24"><span class='ocrx_word' id='word_1_587' title='bbox 1998 5542 2131 5597; x_wconf 88' lang='lat' dir='ltr'><strong>Cod.</strong></span> <span class='ocrx_word' id='word_1_588' title='bbox 2160 5558 2421 5597; x_wconf 63' lang='lat' dir='ltr'><strong>ccuxvu.</strong></span> <span class='ocrx_word' id='word_1_589' title='bbox 2460 5542 2551 5597; x_wconf 84' lang='lat' dir='ltr'><strong>fol.</strong></span> <span class='ocrx_word' id='word_1_590' title='bbox 2594 5545 2717 5599; x_wconf 71' lang='lat'><strong>552.</strong></span> <span class='ocrx_word' id='word_1_591' title='bbox 2749 5544 2855 5598; x_wconf 83' lang='grc' dir='ltr'><strong>Τοῦ</strong></span> <span class='ocrx_word' id='word_1_592' title='bbox 2886 5545 3047 5614; x_wconf 78' lang='grc' dir='ltr'>ἁγίου</span> <span class='ocrx_word' id='word_1_593' title='bbox 3092 5546 3361 5619; x_wconf 83' lang='grc' dir='ltr'>Ἰσιδὼρου</span> <span class='ocrx_word' id='word_1_594' title='bbox 3402 5547 3498 5602; x_wconf 79' lang='grc' dir='ltr'><strong>τοῦ</strong></span> 
     </span>
    </p>
   </div>
   <div class='ocr_carea' id='block_1_87' title="bbox 1929 5634 3517 5709">
    <p class='ocr_par' dir='ltr' id='par_1_87' title="bbox 1929 5634 3517 5709">
     <span class='ocr_line' id='line_1_87' title="bbox 1929 5634 3517 5709; baseline 0.003 -21"><span class='ocrx_word' id='word_1_595' title='bbox 1929 5634 2308 5704; x_wconf 77' lang='grc' dir='ltr'>Πηλουσιώτου</span> <span class='ocrx_word' id='word_1_596' title='bbox 2369 5635 2657 5706; x_wconf 73' lang='grc' dir='ltr'><strong>ἀπόκρισις</strong></span> <span class='ocrx_word' id='word_1_597' title='bbox 2696 5639 2822 5706; x_wconf 75' lang='grc' dir='ltr'>περὶ</span> <span class='ocrx_word' id='word_1_598' title='bbox 2860 5638 2958 5708; x_wconf 83' lang='grc' dir='ltr'><strong>τῆς</strong></span> <span class='ocrx_word' id='word_1_599' title='bbox 3001 5638 3362 5709; x_wconf 81' lang='grc' dir='ltr'>βραχυλογίας</span> <span class='ocrx_word' id='word_1_600' title='bbox 3402 5640 3517 5694; x_wconf 64' lang='grc' dir='ltr'><strong>τοῦδ</strong></span> 
     </span>
    </p>
   </div>
   <div class='ocr_carea' id='block_1_88' title="bbox 1934 5723 3393 5800">
    <p class='ocr_par' dir='ltr' id='par_1_88' title="bbox 1934 5723 3393 5800">
     <span class='ocr_line' id='line_1_88' title="bbox 1934 5723 3393 5800; baseline 0.005 -21"><span class='ocrx_word' id='word_1_601' title='bbox 1934 5724 2125 5791; x_wconf 79' lang='grc' dir='ltr'><strong>Πάτερ</strong></span> <span class='ocrx_word' id='word_1_602' title='bbox 2150 5723 2337 5794; x_wconf 75' lang='grc' dir='ltr'><strong>ἡμῶν.</strong></span> <span class='ocrx_word' id='word_1_603' title='bbox 2357 5756 2423 5771; x_wconf 89' lang='grc'><strong><em>--</em></strong></span> <span class='ocrx_word' id='word_1_604' title='bbox 2453 5726 2523 5782; x_wconf 82' lang='lat' dir='ltr'><strong>cf.</strong></span> <span class='ocrx_word' id='word_1_605' title='bbox 2550 5724 2736 5784; x_wconf 81' lang='lat' dir='ltr'><strong>IIardt.</strong></span> <span class='ocrx_word' id='word_1_606' title='bbox 2770 5729 2806 5782; x_wconf 90' lang='lat' dir='ltr'><strong>l.</strong></span> <span class='ocrx_word' id='word_1_607' title='bbox 2838 5729 2873 5784; x_wconf 89' lang='grc' dir='ltr'><strong>Ι.</strong></span> <span class='ocrx_word' id='word_1_608' title='bbox 2906 5728 3021 5784; x_wconf 70' lang='lat' dir='ltr'><strong>Vol.</strong></span> <span class='ocrx_word' id='word_1_609' title='bbox 3050 5731 3136 5785; x_wconf 88' lang='lat' dir='ltr'><strong>III.</strong></span> <span class='ocrx_word' id='word_1_610' title='bbox 3173 5747 3228 5800; x_wconf 68' lang='grc' dir='ltr'><strong>ι»,</strong></span> <span class='ocrx_word' id='word_1_611' title='bbox 3264 5731 3393 5800; x_wconf 55' lang='grc'><strong>165,</strong></span> 
     </span>
    </p>
   </div>
  </div>
