3924 6416
406 289 484 359 55
1394 285 1495 343 ΑΙ)
1532 280 1838 342 PARTEM
1875 279 1935 337 Π
1968 271 2651 337 COMMENTATIONIS‘
3578 254 3656 318 56

474 399 611 477 Cod.
653 413 926 455 cccuxvr.
969 396 1236 468 Ἰσιδὼρου
1276 395 1371 450 τοῦ
1422 393 1797 466 Πηλουσιώτου
1848 390 1979 462 περὶ

2093 391 2341 463 βιυῐ.,86.
2383 394 2600 443 exstare
2641 382 2890 445 afﬁrmat,
2925 391 3156 450 quarum
3191 372 3462 445 duplicem
3501 369 3657 425 dedit

403 496 502 565 τῆς
533 492 628 547 τοῦ
656 491 909 562 Σωτῆρος
940 490 1097 561 ήμῶν
1125 490 1491 552 ἀναστάσεως.
1522 518 1594 527 —

477 582 600 636 lnit.
623 581 760 635 Λίαν
797 579 1064 650 θαυμάζω
1086 581 1181 633 καὶ
1230 579 1602 649 ὲκπλήττομαι
1628 604 1699 615 -

476 673 598 727 Fin.
618 705 688 715 —-
718 672 793 743 μὴ
824 672 1182 742 ἠληθευκέναι
1204 669 1671 743 δυσχυριζόμενοι.

408 764 491 821 Cf.
522 762 711 819 Hardt‘.
734 762 772 819 l.
799 763 838 817 l.
870 763 1073 827 VOLIV,
1102 778 1137 834 p
1197 762 1320 817 181.

984 874 1186 932 Scitotti
1209 873 1402 929 Codex.

479 989 567 1046 Uti
607 990 911 1047 Chatardus
959 999 1013 1045 et
1052 987 1453 1043 Rittershusius
1495 986 1569 1040 ita
1613 982 1873 1038 Schottus
1910 980 1993 1035 de-

407 1083 613 1149 codice,
648 1098 758 1152 quo
796 1097 925 1137 usus
949 1092 1052 1142 est,
1080 1079 1340 1135 Vaticano
1365 1078 1500 1133 nihil
1526 1076 1681 1132 dixit.

752 1196 1020 1250 Francisci
1051 1194 1266 1249 Arcadii
1294 1194 1494 1248 codices
1524 1209 1633 1245 sex.

477 1284 772 1339 Vaticanus
804 1285 930 1339 649.
1100 1275 1105 1279 ’

474 1376 769 1434 Vaticanus
795 1372 920 1430 650.

474 1465 746 1520 Altamsis
778 1465 845 1519 1.,

474 1554 752 1609 Αιιωιῐιεὶε
776 1554 831 1609 2.

478 1644 819 1710 Slortianus,
838 1644 929 1714 qui
965 1643 1108 1699 idem
1137 1643 1365 1699 forsitan
1395 1653 1477 1698 est
1497 1654 1657 1714 atque
1689 1641 1798 1707 ille,
1821 1656 1982 1711 quem

2085 483 2479 544 recensionem,
2518 479 2740 531 alteram
2777 471 3073 529 secundum
3130 467 3381 521 ordinem
3425 477 3534 532 quo
3564 461 3659 514 lit-

2082 586 2215 631 terae
2242 575 2297 629 in
2344 572 2584 627 codicem
2627 566 2976 625 exhibentur,
3007 560 3272 631 appositis
3312 555 3655 627 singularum

2080 666 2269 730 initiis,
2294 665 2516 719 alteram
2551 658 2849 715 secundum
2877 656 3084 709 litteras
3114 648 3410 721 alphabeti.
3440 674 3511 686 —-
3541 644 3656 698 Ne.-

2080 759 2196 814 scio
2212 766 2393 812 autem
2419 769 2551 808 num
2578 752 2668 806 hic
2692 750 2862 806 codex
2892 748 3030 800 idem
3061 744 3149 808 sit,
3179 751 3341 811 atque
3359 740 3468 797 ille,
3488 749 3655 805 quem

2080 845 2531 902 Mentel'alconius
2560 844 2599 896 l.
2631 842 2667 895 l.
2700 858 2753 911 p.
2783 837 2905 901 106,
2930 837 2973 889 Α
3001 836 3054 889 in
3087 833 3279 887 eadem
3318 827 3667 883 bibliotheca.

2080 949 2312 1005 exstare,
2339 946 2395 992 et
2422 951 2542 1005 epp.
2579 933 2683 988 512
2710 930 2993 985 continere
3025 924 3264 980 tradidit.

2292 1032 2504 1088 Codices
2551 1028 2866 1082 bibliotheca
2900 1022 2962 1078 S.
2992 1019 3166 1075 Marci
3197 1016 3441 1071 Venetiia.

2150 1125 2193 1195 I)
2220 1126 2338 1180 1am
2360 1123 2540 1177 Sixtus
2568 1117 2828 1174 Senensis
2856 1116 2911 1169 in
2943 1121 3136 1182 quarto
3163 1106 3502 1163 bibliothecae
3521 1118 3662 1158 san-

2079 1188 2186 1273 etae
2222 1214 2361 1269 libro
2392 1226 2452 1267 se
2484 1208 2751 1273 codicem,
2781 1201 2970 1259 lsidori
3007 1197 3265 1269 epistolas
3299 1192 3435 1247 1148
3472 1188 3663 1244 conti-

1998 1295 2005 1303 ’
2081 1317 2323 1373 nentem,
2368 1306 2443 1361 ibi
2484 1302 2750 1374 reperisse
2803 1296 3045 1361 tradidit,
3090 1291 3469 1357 eumdemque,
3511 1292 3671 1339 teste.

2080 1399 2348 1460 Fabricio,
2402 1373 2871 1452 Montefalconius,
2919 1387 2974 1441 in
3014 1383 3188 1440 diario
3235 1379 3417 1433 Italico
3451 1391 3507 1445 p.
3558 1373 3667 1436 te,

2081 1491 2279 1547 saeculo
2320 1488 2458 1554 XIV,
2506 1493 2785 1541 exaratum
2828 1490 3159 1538 memorans,
3207 1469 3470 1542 epistolas
3510 1464 3669 1519 1200-

2082 1582 2364 1636 continere
2412 1585 2674 1640 testatur;
2713 1570 3036 1642 quibuscum
3092 1560 3341 1617 conferas
3388 1556 3667 1609 librorum.

2082 1672 2593 1741 manuscriptorum,
2638 1679 2774 1735 quos
2810 1658 3095 1714 Bessarion
3135 1651 3465 1707 Venetorum
3507 1646 3672 1701 dono»

407 1736 879 1801 Montel‘alconius,
908 1737 1124 1791 codices
1164 1737 1462 1791 Cardinalis
1496 1736 1709 1791 Sfortiae
1753 1748 1981 1789 enume-
2010 1773 2052 1827 Β
2079 1765 2231 1819 (ἰωὴ
2260 1736 2493 1825 senatui,
2539 1756 2866 1826 catalogum’
2904 1763 3068 1820 quem
3114 1745 3258 1799 idem
3295 1736 3661 1794 Montel'alco-

408 1844 555 1893 rans,
586 1859 655 1869 ——
682 1828 752 1882 cf.
790 1828 977 1896 Ejusd.
1004 1827 1141 1881 Bibl.
1187 1828 1309 1881 bibl.
1346 1844 1400 1898 p.
1434 1828 1559 1891 699,
1602 1828 1664 1881 D.
1692 1857 1762 1866 —
1787 1824 1979 1881 [sideri

407 1937 532 1989 opp.
553 1921 639 1975 58.
664 1920 943 1975 continere
969 1920 1203 1974 tradidit.
1227 1920 1492 1974 Caeterum
1526 1920 1578 1973 in
1608 1919 1715 1973 alio
1738 1918 1979 1987 ejusdem

409 2011 752 2064 bibliothecae
779 2010 1155 2080 manuscripto
1177 2020 1390 2065 exstant
1412 2011 1696 2066 Pelusiotae
1715 2010 1781 2064 ad
1805 2008 1986 2063 Theo-

409 2111 662 2171 gnostum
698 2103 1075 2173 presbyterum
1122 2102 1190 2157 de
1235 2102 1417 2157 triduo
1453 2099 1885 2162 resurrectionis,
1927 2108 1984 2154 et

408 2194 476 2247 ad
521 2192 871 2247 Timotheum
897 2192 1156 2246 lectorem
1186 2193 1254 2248 de
1285 2194 1475 2248 eadem
1502 2208 1563 2248 re
1594 2191 1871 2263 epistolae.
1895 2189 1979 2246 cf.

409 2286 719 2341 Montel‘alc.
751 2286 791 2341 I.
817 2286 856 2339 l.
889 2302 944 2356 p.
975 2284 1098 2350 699,
1132 2283 1193 2339 Β.

480 2378 808 2433 Barberinus
838 2378 890 2432 6.
1106 2439 1115 2448 _

480 2470 557 2524 De
582 2470 835 2524 omnibus
862 2469 946 2523 his
975 2483 1077 2523 nos
1108 2483 1323 2538 quoque
1351 2468 1658 2522 accuratius
1687 2482 1845 2538 agene
1871 2481 1983 2523 non

413 2577 723 2633 possumus,
749 2562 875 2631 quia
906 2561 1100 2615 Petrus
1131 2559 1410 2625 Possinus,
1436 2562 1528 2631 qui
1559 2560 1780 2615 Arcudii
1816 2559 1986 2614 edidit

411 2653 748 2717 eollationes,
780 2667 850 2707 ne
872 2653 1040 2708 verbo
1069 2652 1290 2721 quidem
1312 2651 1431 2707 illos
1463 2652 1782 2722 descripsit;
1807 2665 1986 2720 neque

410 2746 468 2801 in
508 2745 627 2800 aliis
677 2745 926 2800 codicum
970 2744 1230 2814 catalogis
1272 2744 1491 2799 eosdem
1535 2752 1988 2799 commemoratos

412 2851 744 2893 invenimus.

625 2951 796 3007 Codex
827 2950 1146 3006 bibliotheca
1179 2948 1480 3006 Cardinalis
1507 2944 1751 3005 Olloboni

414 3068 658 3156 continet
698 3063 886 3120 Isidori
925 3064 1184 3135 epistotas
1225 3063 1298 3118 Μ.
1322 3094 1391 3103 —-
1419 3062 1504 3118 Cf.
1548 3061 1739 3117 Montl‘.
1786 3060 1822 3115 l.
1856 3061 1893 3115 l.
1927 3075 1982 3131 p.
2011 3096 2057 3156 ε

415 3153 520 3207 185
545 3153 613 3206 A.

686 3241 863 3297 Codex
888 3242 1193 3295 monasterii
1216 3240 1427 3312 Crypla.’
1456 3237 1701 3292 Ferrato:

414 3349 559 3390 anno
595 3334 698 3389 986
726 3342 850 3403 post
896 3332 1175 3387 Christum
1213 3332 1465 3401 scriptus,
1513 3331 1759 3386 continet
1795 3327 1989 3383 Isidori

418 3441 545 3495 app.
570 3425 738 3489 160ος
760 3424 831 3480 cf.
854 3422 1045 3478 Montf.
1067 3423 1105 3481 Ι.
1127 3423 1164 3478 1.
1188 3439 1243 3494 p.
1271 3423 1391 3487 199,
1415 3420 1830 3491 B.—Ejusdem
1851 3420 1987 3475 diar.

420 3517 537 3571 ltal.
570 3532 625 3587 p.
659 3516 784 3571 368.
808 3545 877 3557 ——
912 3514 1166 3586 Ejusdem
1204 3513 1591 3586 Paleographia
1620 3527 1792 3585 grteca
1810 3529 1865 3583 p.
1897 3512 1988 3575 45,

415 3624 482 3662 ex
507 3605 596 3662 ed.
624 3606 747 3661 Par.
780 3605 937 3661 1708.

663 3720 836 3778 Codex
862 3721 915 3774 in
945 3719 1128 3790 aliqua
1155 3716 1461 3772 bibliotheca
1488 3716 1751 3783 Romana,

417 3835 578 3907 cuius
616 3850 817 3889 nomen
858 3832 1059 3889 excidit
1103 3830 1558 3897 Montel‘alconio,
1591 3830 1837 3885 continet
1888 3828 1992 3884 tsi-

419 3924 573 3988 dori,
619 3923 831 3995 Synesii
867 3932 924 3979 et
965 3922 1179 3977 Libanii
1215 3920 1506 3991 epistolas-
1532 3918 1835 3975 Cl‘.Montf.
1877 3918 1916 3973 I.
1950 3918 1988 3973 lt

418 4038 475 4093 ρ.
500 4014 714 4083 201,1).

909 4104 1122 4162 Codices
1144 4103 1516 4160 Laurentiani.

490 4220 791 4277 Bandinius
834 4219 892 4274 in
937 4218 1181 4288 catalogo
1219 4217 1380 4272 codd.
1421 4231 1503 4288 gr.
1554 4215 1686 4270 bibl;
1731 4214 1989 4269 Laurenti

417 4314 528 4368 vol.
557 4313 623 4377 II,
654 4329 710 4381 ρ.
743 4310 869 4375 606,
908 4326 967 4365 u.
997 4310 1117 4365 VIII.
1148 4308 1338 4363 codice
1362 4323 1481 4365 xvt.
1502 4307 1670 4379 plutei
1704 4306 1794 4362 60.
1827 4306 1994 4361 θοι]ιῶ

420 4406 539 4461 neri
567 4404 729 4459 tradit
760 4420 776 4457 :

492 4497 598 4552 Τοῦ
638 4496 797 4564 ἁγίου
841 4491 1114 4566 ἰσιδὼρου
1148 4492 1242 4546 τοῦ
1287 4491 1671 4562 Πηλουσιώτου
1713 4491 1994 4546 ὶπιστολαὶ

423 4591 521 4643 σὺν
543 4586 882 4657 τεχνολογίᾳ..
906 4584 1048 4639 Sunt
1080 4592 1275 4638 autem
1296 4584 1540 4654 epistolae
1565 4583 1756 4638 decem
1785 4600 1819 4637 τ.

492 4680 546 4749 1)
587 4677 895 4749 Ζηνοδότῳ.
917 4675 1026 4731 inc.
1057 4676 1120 4728 Ei
1149 4675 1243 4728 καὶ
1263 4674 1387 4729 Νῶε
1421 4674 1524 4744 τῆς
1548 4674 1752 4737 οίκείας
1772 4702 1843 4715 -

490 4770 548 4841 2)
584 4768 853 4838 Ζευσίμῳ.
886 4766 997 4821 inc.
1036 4764 1238 4830 Ἡδέως
1270 4764 1335 4818 ἂν
1358 4765 1588 4837 ἐροίμην
1622 4780 1681 4817 σε
1708 4795 1782 4804 -
1898 4774 1905 4778 ”

492 4862 548 4933 5)
589 4859 702 4914 Οὐκ
724 4858 872 4912 ἔστιν
894 4856 1423 4927 ἀδέλφοινάσκήσεως
1459 4856 1795 4928 πληροφορία
1821 4884 1896 4898 -

491 4953 549 5016 4)
601 4951 659 5003 '0
687 4948 782 5002 τοῦ
814 4944 951 5021 Θεοῦ
978 4948 1156 5018 ἱερεὺς
1180 4948 1369 5019 ἐπειδὴ
1403 4948 1610 5015 ἐγγίζει
1631 4975 1701 4986 -

374 5124 381 5131 _
494 5045 549 5115 5)
590 5041 752 5115 Ζύμῃ
774 5043 808 5112 ἡ
840 5040 1085 5110 βασιλεία
1118 5039 1227 5092 τῶν
1265 5038 1509 5111 οὐρανῶν
1542 5039 1897 5110 ἀφωμοίωται
1927 5067 2001 5081 -

494 5136 549 5201 6)
586 5134 707 5206 Χρὴ
740 5134 868 5197 τοὺς
898 5132 999 5204 τὴν
1027 5131 1674 5204 ἀνθρωπίνην-εὐγένειαν
1696 5161 1780 5172 —V

497 5230 551 5297 7)
592 5227 801 5297 Ὥσπερ
829 5226 879 5278 ol
916 5224 1163 5277 ναυτικοὶ
1201 5222 1538 5297 βρώματι-

497 5319 552 5387 8)
594 5318 657 5371 Ei
693 5316 873 5385 λόγοις
910 5314 1265 5387 ἑτρώθεις-

497 5411 553 5481 9)
598 5411 664 5464 Ἀ
675 5426 797 5481 ρτος
818 5412 846 5464 ὀ
874 5409 1079 5482 Κύριος
1104 5409 1366 5481 κέκληται
1396 5440 1464 5449 -

501 5503 588 5573 10)
624 5502 869 5574 Εὐσεβίῳ
910 5501 1213 5573 ὲπισκόπῳ.
1246 5501 1355 5556 inc.
1402 5499 1662 5554 Ἦδύνασο
1690 5500 1998 5569 ἐπιχωρεῖν

430 5597 542 5659 τοῖς
595 5594 844 5665 βοηθείας
883 5594 1318 5665 προσδεομένοις.
1362 5592 1510 5647 Idem
1551 5590 1844 5646 Bandinius
1889 5590 1925 5644 Ι.
1958 5589 1995 5644 1.

435 5689 545 5743 τοι.
574 5686 663 5742 III.
697 5703 758 5757 p.
785 5686 910 5753 298,
946 5702 1001 5741 n.
1030 5702 1103 5741 tv.
1132 5685 1323 5743 Isidori
1353 5700 1477 5757 cpp.
1509 5683 1609 5739 411
1639 5684 1696 5739 in
1726 5682 1847 5741 cod.
1876 5697 1995 5738 vui.

2084 1856 2215 1910 nius
2249 1855 2303 1907 in
2343 1851 2479 1906 Bibl.
2519 1849 2642 1903 bibl.
2670 1863 2727 1917 p.
2754 1842 2990 1900 467-477
3014 1836 3257 1893 exhibet.
3301 1830 3659 1917 Commemo-

2083 1956 2233 2000 ratur
2252 1944 2396 1999 cnim
2420 1943 2476 1996 in
2499 1942 2602 1995 hoc
2623 1915 2814 2008 pi475,
2837 1933 2881 1986 A
2910 1926 3097 1984 lsidori
3127 1921 3477 1993 epistularum
3513 1915 3656 1969 1148

2084 2036 2250 2091 codex
2275 2035 2616 2088 chartaceus.
2641 2028 2821 2083 Finito
2850 2032 3031 2078 autem
3054 2020 3158 2073 hoc
3186 2014 3426 2083 catalogo
3449 2027 3503 2081 p.
3522 2010 3669 2073 477,

2084 2128 2162 2183 Ex
2196 2136 2366 2189 tanta,
2395 2123 2571 2193 inquit
2606 2114 3070 2175 Montel‘alconius,
3103 2104 3475 2179 suppellectile
3509 2103 3659 2156 hanc

2084 2218 2258 2275 solum
2286 2216 2657 2272 brevissimam
2682 2210 2929 2265 codicum
2963 2213 3147 2259 notam
3179 2198 3424 2267 accipere
3449 2192 3600 2264 potui
3637 2208 3669 2244 ι

2160 2329 2179 2362 ι
2214 2308 2397 2364 Codex
2442 2305 2624 2360 δέεαι]ιί
2656 2299 2798 2356 XIV.
2855 2292 3165 2351 Ἐπιστολαὶ
3201 2290 3295 2343 τοῦ
3340 2287 3494 2355 ἁγίου
3528 2284 3661 2335 Ἰσι-

2082 2398 2255 2470 δώρου
2280 2397 2376 2451 τοῦ
2403 2391 2781 2466 Πηλουσιώτου
2811 2390 2891 2451 είς
2927 2386 3027 2453 τὴν
3062 2380 3353 2453 ἑρμηνείαν
3378 2376 3475 2445 τῆς
3500 2370 3660 2434 θείας

2083 2468 2323 2565 Γρᾷφῆς·
2349 2492 2477 2562 περὶ
2502 2493 2601 2561 τῆς
2625 2486 2719 2541 τοῦ
2747 2482 2945 2546 παντὸς
2960 2475 3335 2552 δημιουργίας.
3352 2468 3672 2523 -Initium~

2084 2557 2324 2650 episioite
2353 2557 2642 2648 primaivest
2670 2570 2856 2641 ἐπειδὴ
2896 2567 3152 2623 κυκλικόν
3195 2566 3311 2615 ἐστι
3344 2560 3437 2613 τοῦ
3458 2557 3675 2628 χρόνους

2083 2670 2145 2723 τὸ
2169 2669 2352 2740 σχῆμα
2382 2695 2450 2707 -—
2477 2667 2604 2737 (hoc
2640 2664 2803 2718 etiam
2837 2661 2905 2715 ab
2945 2658 3099 2712 Sixto
3144 2651 3372 2708 Senensi
3407 2657 3658 2729 notatum

2085 2726 2233 2829 ταῖς.)
2252 2726 2322 2802 :—
2351 2726 2605 2828 Epistulae
2630 2756 2812 2827 igitur,
2839 2752 2911 2805 ita
2932 2749 3074 2805 enim
3096 2743 3291 2817 pergit,
3317 2741 3382 2795 ad
3410 2726 3667 2794 diversos

2086 2855 2267 2909 missa
2290 2848 2689 2907 numero~1200
2716 2860 2837 2916 quae
2867 2843 2933 2897 ad
2965 2835 3465 2909 interpretationem
3486 2843 3671 2886 sacra

2086 2946 2377 3014 Scriptura:
2402 2933 3024 3003 conferunt,.secundnm
3045 2929 3290 2984 ordinem
3316 2924 3578 2977 librorum
3600 2926 3664 2973 et

2091 3052 2342 3093 versum
2357 3034 2421 3089 ν.
2441 3043 2496 3088 et
2511 3032 2581 3086 N.
2604 3031 2668 3085 T.
2687 3029 2909 3098 digestae
2936 3032 3081 3079 sunt.
3104 3022 3281 3086 Quum
3309 3026 3488 3071 autem
3514 3014 3663 3067 inter

2090 3125 2279 3180 lsidori
2316 3122 2593 3194 epistolas,
2614 3132 2734 3188 quae
2752 3117 2819 3171 ad
2851 3123 2932 3168 ter
2959 3111 3106 3167 mille
3133 3123 3278 3164 cusze
3304 3118 3453 3163 sunt,
3470 3101 3669 3157 multae

2089 3217 2143 3270 in
2165 3212 2515 3285 explanandis
2542 3223 2711 3263 sacrae
2741 3205 3034 3273 Scripturae
3058 3199 3192 3253 locis
3216 3204 3519 3255 versentur,
3544 3206 3660 3245 non

2089 3307 2263 3362 ausim
2296 3299 2723 3359 dicereveasdem
2761 3303 2855 3350 aut
2881 3294 3123 3349 diversas
3154 3303 3275 3343 esse
3305 3285 3373 3339 ab
3410 3284 3496 3347 iis,
3535 3296 3664 3349 quas

2090 3400 2144 3453 in
2178 3398 2294 3453 isto'
2328 3394 2517 3449 codice
2559 3394 2906 3459 comparent-
2935 3402 2953 3433 ι
2993 3381 3267 3436 Hactenus
3302 3370 3673 3429 Montel'alco-f

2089 3491 2241 3545 nius.
2272 3484 2550 3541 Fabricius
2572 3496 2703 3536 vero
2728 3493 2794 3534 ex
2825 3474 3029 3532 codicis
3057 3471 3233 3533 initio,
3257 3465 3443 3537 ἐπειδὴ
3470 3462 3663 3518 κυκλι-

2088 3598 2185 3636 κον
2210 3580 2326 3632 ἐστι
2351 3605 2424 3618 —-
2449 3570 2720 3644 quod,,uti
2740 3570 2849 3638 jam
2879 3582 2911 3621 a
2929 3564 3107 3620 Caveo
3139 3569 3383 3615 notatum
3408 3556 3498 3618 sit,
3523 3551 3673 3607 nulli

2088 3691 2157 3732 ex
2186 3672 2344 3730 editis
2373 3674 2653 3740 congruat,
2687 3664 2876 3733 plures
2909 3660 2965 3714 in
2991 3660 3098 3713 hoc
3130 3655 3316 3711 codice
3348 3651 3519 3704 latere
3556 3645 3661 3700 lsi~

2090 3766 2209 3824 dori
2254 3736 2512 3833 epistolas
2550 3757 2729 3812 adhuc
2767 3752 3001 3808 ineditas
3032 3746 3265 3817 collegit.
3310 3741 3417 3796 Sed
3458 3736 3667 3793 erravit

2090 3859 2176 3915 vir
2199 3826 2399 3925 alidqui
2438 3858 2628 3906 cautus
2654 3854 2715 3901 et
2734 3844 2985 3915 diligens.
3016 3838 3231 3893 Etenim
3271 3832 3403 3887 illud
3432 3838 3516 3885 est
3549 3826 3663 3881 ini-

2093 3951 2225 4006 tium
2259 3918 2461 4017 primae-
2482 3941 2604 3996 libri
2633 3938 2809 4009 quarti
2846 3933 3123 4005 epistolae;
3159 3926 3302 3998 quod
3326 3925 3436 3993 jam
3478 3936 3507 3974 a
3539 3918 3665 3972 Bit-

2095 4010 2366 4094 tersluisio
2392 4035 2447 4087 in
2477 4038 2604 4085 nota
2639 4029 2705 4083 ad
2738 4029 2877 4081 hanc
2900 4022 3181 4093 epistolam
3213 4015 3450 4073 secunda
3488 4010 3665 4065 adno-

2093 4137 2265 4185 tatum
2287 4126 2469 4186 video,
2502 4123 2557 4177 in
2591 4136 2696 4191 qua
2725 4120 2837 4182 ille,
2865 4116 2926 4171 Id
2947 4113 3105 4177 mihi,
3126 4109 3321 4179 inquit,
3348 4105 3480 4160 satis
3502 4117 3665 4172 argu-

2092 4217 2262 4274 menti
2288 4225 2375 4271 est
2406 4220 2606 4285 praeter
2645 4210 2772 4274 alia,
2806 4223 2927 4277 quae
2954 4203 3099 4260 domi
3133 4200 3327 4262 habeo,
3368 4210 3433 4250 ex
3474 4192 3665 4247 codice

2094 4311 2186 4365 illo
2222 4307 2430 4363 Veneto
2454 4302 2792 4365 Bavaricum,
2820 4299 2964 4353 unde
3004 4297 3103 4351 has
3127 4289 3384 4362 epistolas
3406 4286 3666 4356 deprom-

2097 4410 2215 4471 ptas
2247 4396 2616 4468 publicijuris
2661 4392 2819 4463 primi
2862 4390 3109 4448 fecimus,
3151 4380 3485 4449 descriptum
3518 4390 3663 4430 esse.

2098 4491 2274 4558 Quare
2318 4498 2373 4544 et
2419 4488 2476 4542 in
2518 4484 2772 4542 editionis
2818 4498 2929 4537 suae
2974 4478 3132 4535 titulo
3170 4472 3362 4529 excudi
3408 4466 3618 4524 curavit
3646 4483 3677 4520 :.

2103 4606 2121 4638 ε
2154 4585 2391 4651 Quartus
2422 4582 2559 4636 liber
2587 4593 2732 4633 nunc
2760 4576 2993 4647 primum
3022 4571 3134 4624 exit
3164 4580 3357 4626 novus,
3381 4578 3447 4617 ex
3472 4558 3663 4614 eodem

2098 4677 2219 4732 eod.
2266 4674 2418 4737 Bav.,
2459 4671 2547 4726 cui
2596 4667 2839 4723 Venetus
2872 4665 2929 4719 in
2961 4660 3099 4716 Bibl.
3143 4657 3204 4713 S.
3238 4654 3397 4710 Marci
3434 4663 3675 4719 κερδη-

2098 4768 2209 4822 det.
2242 4785 2261 4816 ι
2299 4766 2367 4819 Et
2394 4778 2523 4817 sane
2560 4761 2612 4814 id
2653 4760 2818 4829 hujus
2847 4755 2949 4811 viri
2987 4753 3133 4807 lavet
3174 4745 3479 4808 sententiae,
3519 4738 3664 4811 quod

2100 4854 2352 4909 Hardtius
2386 4852 2442 4906 in
2481 4827 2742 4918 catalogo
2769 4861 2922 4900 conn.
2952 4841 3083 4896 bibl.
3118 4837 3272 4901 Bav.,
3308 4833 3464 4903 cuius
3500 4827 3667 4883 verba

2099 4962 2261 5016 supra
2311 4961 2341 4998 a
2382 4942 2543 4997 nobis
2584 4941 2742 4995 allata
2776 4944 2923 4997 sunt,
2957 4927 3308 4985 Rittershusii
3352 4922 3593 4979 codicem
3634 4932 3668 4971 a

2099 5013 2259 5092 Petro
2295 5033 2571 5091 Carneade
2615 5028 2904 5101 Epidaurio
2943 5039 3066 5079 saec.
3096 5019 3235 5076 XVI.
3263 5013 3507 5071 Venetiis
3535 5025 3667 5066 exa-

2099 5138 2274 5183 ratum
2294 5140 2414 5180 esse
2450 5121 2685 5178 tradidit.

2172 5217 2279 5273 Sed
2326 5224 2448 5270 utut
2487 5214 2605 5267 haec
2640 5211 2766 5276 sint,
2798 5209 2853 5263 id
2882 5206 3058 5262 habeo
3098 5197 3487 5262 certissimum,
3519 5194 3667 5264 quod

2100 5308 2422 5365 Isaurentius
2459 5304 2775 5374 Theupulus
2820 5300 2876 5354 in
2908 5310 3080 5368 graeca
3128 5292 3236 5347 divi
3276 5288 3436 5347 Marci
3470 5287 3667 5342 biblio-

2102 5405 2257 5457 theca
2282 5400 2529 5463 al‘lirmat,
2561 5395 2785 5459 scilicet,
2802 5401 3011 5446 exstare
3038 5388 3090 5441 in
3109 5385 3295 5440 codice
3318 5396 3492 5441 cxxvt,
3511 5380 3669 5433 char-

2102 5506 2272 5560 taceo,
2309 5493 2401 5563 qui
2445 5506 2569 5545 saec.
2597 5486 2735 5541 XIV.
2774 5492 3051 5540 exaratum
3085 5478 3175 5543 sit,
3201 5476 3259 5531 S.
3290 5472 3481 5529 Isidori
3512 5469 3671 5524 Pelu-

2102 5589 2251 5642 siotae
2277 5560 2531 5656 epistolas
2562 5580 2729 5647 1148,
2759 5590 2957 5645 easque
2981 5585 3172 5628 omnes
3199 5569 3251 5622 in
3287 5564 3526 5623 editione
3564 5560 3667 5615 Pa-

2103 5678 2315 5736 risiensi
2360 5678 2470 5747 jam
2511 5688 2735 5731 excusas
2774 5684 2916 5730 esse,
2945 5673 3142 5725 prater
3175 5676 3338 5717 unam
3374 5655 3542 5713 Paulo
3580 5651 3670 5709 ln—
