  <div class='ocr_page' id='page_1' title='image "/cluster/home/n/w/nwhite01/storage/ocr_20150623/78/nnc1.0046980008/044.png"; bbox 0 0 3924 6416; ppageno 0'>
   <div class='ocr_carea' id='block_1_1' title="bbox 195 344 3433 420">
    <p class='ocr_par' dir='ltr' id='par_1_1' title="bbox 195 344 3433 420">
     <span class='ocr_line' id='line_1_1' title="bbox 195 344 3433 420; baseline 0.007 -22"><span class='ocrx_word' id='word_1_1' title='bbox 195 348 257 409; x_wconf 71' lang='lat'><strong>5‘1</strong></span> <span class='ocrx_word' id='word_1_2' title='bbox 1284 344 1773 406; x_wconf 75' lang='lat' dir='ltr'><strong>APPENDIX.-</strong></span> <span class='ocrx_word' id='word_1_3' title='bbox 1788 346 2098 409; x_wconf 85' lang='lat' dir='ltr'><strong>CODICES</strong></span> <span class='ocrx_word' id='word_1_4' title='bbox 2134 350 2297 410; x_wconf 82' lang='lat' dir='ltr'><strong>MSS.</strong></span> <span class='ocrx_word' id='word_1_5' title='bbox 3358 355 3433 420; x_wconf 82' lang='lat'><strong>58</strong></span> 
     </span>
    </p>
   </div>
   <div class='ocr_carea' id='block_1_2' title="bbox 194 456 1734 534">
    <p class='ocr_par' dir='ltr' id='par_1_2' title="bbox 194 456 1734 534">
     <span class='ocr_line' id='line_1_2' title="bbox 194 456 1734 534; baseline -0.006 -17"><span class='ocrx_word' id='word_1_6' title='bbox 194 460 443 534; x_wconf 69' lang='lat' dir='ltr'><strong>scriptam,</strong></span> <span class='ocrx_word' id='word_1_7' title='bbox 462 457 615 527; x_wconf 88' lang='lat' dir='ltr'><strong>cujus</strong></span> <span class='ocrx_word' id='word_1_8' title='bbox 643 457 858 514; x_wconf 87' lang='lat' dir='ltr'><strong>initium</strong></span> <span class='ocrx_word' id='word_1_9' title='bbox 886 473 900 510; x_wconf 92' lang='lat'><strong>:</strong></span> <span class='ocrx_word' id='word_1_10' title='bbox 938 456 1062 510; x_wconf 85' lang='grc' dir='ltr'><strong>Ὀτι</strong></span> <span class='ocrx_word' id='word_1_11' title='bbox 1083 456 1165 510; x_wconf 78' lang='grc' dir='ltr'><strong>δεῖ</strong></span> <span class='ocrx_word' id='word_1_12' title='bbox 1186 456 1463 527; x_wconf 78' lang='grc' dir='ltr'>ὲπιμόνως</span> <span class='ocrx_word' id='word_1_13' title='bbox 1493 456 1641 527; x_wconf 76' lang='grc' dir='ltr'>ἔχειν</span> <span class='ocrx_word' id='word_1_14' title='bbox 1671 458 1734 527; x_wconf 76' lang='grc' dir='ltr'><strong>τῇ</strong></span> 
     </span>
    </p>
   </div>
   <div class='ocr_carea' id='block_1_3' title="bbox 1846 456 3427 534">
    <p class='ocr_par' dir='ltr' id='par_1_3' title="bbox 1846 458 3427 534">
     <span class='ocr_line' id='line_1_3' title="bbox 1846 458 3427 534; baseline 0.006 -23"><span class='ocrx_word' id='word_1_15' title='bbox 1846 473 1974 512; x_wconf 92' lang='lat' dir='ltr'><strong>num</strong></span> <span class='ocrx_word' id='word_1_16' title='bbox 2012 458 2130 529; x_wconf 89' lang='lat' dir='ltr'><strong>(lib.</strong></span> <span class='ocrx_word' id='word_1_17' title='bbox 2168 476 2250 525; x_wconf 78' lang='grc' dir='ltr'><strong>ιη,</strong></span> <span class='ocrx_word' id='word_1_18' title='bbox 2282 475 2374 530; x_wconf 91' lang='lat' dir='ltr'><strong>ep.</strong></span> <span class='ocrx_word' id='word_1_19' title='bbox 2411 458 2563 531; x_wconf 85' lang='lat'><strong>216),</strong></span> <span class='ocrx_word' id='word_1_20' title='bbox 2590 460 2777 515; x_wconf 87' lang='lat' dir='ltr'><strong>ultima</strong></span> <span class='ocrx_word' id='word_1_21' title='bbox 2818 468 3001 517; x_wconf 87' lang='lat' dir='ltr'><strong>aute</strong></span> <span class='ocrx_word' id='word_1_22' title='bbox 3037 460 3108 518; x_wconf 72' lang='lat' dir='ltr'><strong>ad</strong></span> <span class='ocrx_word' id='word_1_23' title='bbox 3142 461 3427 534; x_wconf 61' lang='lat' dir='ltr'><strong>Lycanam</strong></span> 
     </span>
    </p>
   </div>
   <div class='ocr_carea' id='block_1_4' title="bbox 193 548 1743 625">
    <p class='ocr_par' dir='ltr' id='par_1_4' title="bbox 193 548 1743 625">
     <span class='ocr_line' id='line_1_4' title="bbox 193 548 1743 625; baseline -0.001 -20"><span class='ocrx_word' id='word_1_24' title='bbox 193 551 649 625; x_wconf 72' lang='grc' dir='ltr'><strong>μιλέτῃ-Ρι-ίοι-εε</strong></span> <span class='ocrx_word' id='word_1_25' title='bbox 663 550 817 615; x_wconf 75' lang='grc'><strong>484.,</strong></span> <span class='ocrx_word' id='word_1_26' title='bbox 835 549 912 605; x_wconf 89' lang='lat' dir='ltr'><strong>sic</strong></span> <span class='ocrx_word' id='word_1_27' title='bbox 930 548 1125 603; x_wconf 88' lang='lat' dir='ltr'><strong>deinde</strong></span> <span class='ocrx_word' id='word_1_28' title='bbox 1147 549 1340 621; x_wconf 86' lang='lat' dir='ltr'><strong>pergit,</strong></span> <span class='ocrx_word' id='word_1_29' title='bbox 1358 549 1642 603; x_wconf 75' lang='lat' dir='ltr'><strong>continent</strong></span> <span class='ocrx_word' id='word_1_30' title='bbox 1657 564 1743 603; x_wconf 75' lang='lat' dir='ltr'><strong>sa-</strong></span> 
     </span>
    </p>
   </div>
   <div class='ocr_carea' id='block_1_5' title="bbox 191 640 1742 713">
    <p class='ocr_par' dir='ltr' id='par_1_5' title="bbox 191 640 1742 713">
     <span class='ocr_line' id='line_1_5' title="bbox 191 640 1742 713; baseline -0.003 -12"><span class='ocrx_word' id='word_1_31' title='bbox 191 661 283 701; x_wconf 62' lang='lat' dir='ltr'><strong>cra</strong></span> <span class='ocrx_word' id='word_1_32' title='bbox 303 645 587 713; x_wconf 68' lang='lat' dir='ltr'><strong>Scriptura</strong></span> <span class='ocrx_word' id='word_1_33' title='bbox 609 642 1086 712; x_wconf 70' lang='lat' dir='ltr'><strong>interpretationes</strong></span> <span class='ocrx_word' id='word_1_34' title='bbox 1111 659 1123 694; x_wconf 89' lang='lat'><strong>:</strong></span> <span class='ocrx_word' id='word_1_35' title='bbox 1146 651 1438 711; x_wconf 84' lang='lat' dir='ltr'><strong>sequentes</strong></span> <span class='ocrx_word' id='word_1_36' title='bbox 1460 640 1583 705; x_wconf 81' lang='lat'><strong>175,</strong></span> <span class='ocrx_word' id='word_1_37' title='bbox 1597 641 1742 696; x_wconf 83' lang='lat' dir='ltr'><strong>circa</strong></span> 
     </span>
    </p>
   </div>
   <div class='ocr_carea' id='block_1_6' title="bbox 190 735 1742 809">
    <p class='ocr_par' dir='ltr' id='par_1_6' title="bbox 190 735 1742 809">
     <span class='ocr_line' id='line_1_6' title="bbox 190 735 1742 809; baseline -0.002 -16"><span class='ocrx_word' id='word_1_38' title='bbox 190 741 317 793; x_wconf 80' lang='lat' dir='ltr'><strong>varia</strong></span> <span class='ocrx_word' id='word_1_39' title='bbox 359 748 672 809; x_wconf 84' lang='lat' dir='ltr'><strong>argumenta</strong></span> <span class='ocrx_word' id='word_1_40' title='bbox 712 745 1003 792; x_wconf 80' lang='lat' dir='ltr'><strong>versantur</strong></span> <span class='ocrx_word' id='word_1_41' title='bbox 1035 755 1049 791; x_wconf 88' lang='lat'><strong>:</strong></span> <span class='ocrx_word' id='word_1_42' title='bbox 1091 744 1381 806; x_wconf 68' lang='lat' dir='ltr'><strong>postrema:</strong></span> <span class='ocrx_word' id='word_1_43' title='bbox 1430 735 1536 789; x_wconf 83' lang='grc'><strong>489</strong></span> <span class='ocrx_word' id='word_1_44' title='bbox 1571 735 1742 791; x_wconf 84' lang='lat' dir='ltr'><strong>titulis</strong></span> 
     </span>
    </p>
   </div>
   <div class='ocr_carea' id='block_1_7' title="bbox 189 826 1742 899">
    <p class='ocr_par' dir='ltr' id='par_1_7' title="bbox 189 826 1742 899">
     <span class='ocr_line' id='line_1_7' title="bbox 189 826 1742 899; baseline -0.002 -13"><span class='ocrx_word' id='word_1_45' title='bbox 189 841 371 895; x_wconf 78' lang='lat' dir='ltr'><strong>carent,</strong></span> <span class='ocrx_word' id='word_1_46' title='bbox 411 842 466 886; x_wconf 91' lang='lat' dir='ltr'><strong>et</strong></span> <span class='ocrx_word' id='word_1_47' title='bbox 510 830 625 885; x_wconf 78' lang='lat' dir='ltr'><strong>fere</strong></span> <span class='ocrx_word' id='word_1_48' title='bbox 676 846 867 886; x_wconf 89' lang='lat' dir='ltr'><strong>omnes</strong></span> <span class='ocrx_word' id='word_1_49' title='bbox 908 829 965 883; x_wconf 90' lang='lat' dir='ltr'><strong>in</strong></span> <span class='ocrx_word' id='word_1_50' title='bbox 1008 826 1187 899; x_wconf 85' lang='lat' dir='ltr'><strong>primo</strong></span> <span class='ocrx_word' id='word_1_51' title='bbox 1223 837 1280 883; x_wconf 91' lang='lat' dir='ltr'><strong>et</strong></span> <span class='ocrx_word' id='word_1_52' title='bbox 1326 830 1569 883; x_wconf 87' lang='lat' dir='ltr'><strong>secundo</strong></span> <span class='ocrx_word' id='word_1_53' title='bbox 1604 829 1742 883; x_wconf 91' lang='lat' dir='ltr'><strong>libro</strong></span> 
     </span>
    </p>
   </div>
   <div class='ocr_carea' id='block_1_8' title="bbox 188 921 1742 994">
    <p class='ocr_par' dir='ltr' id='par_1_8' title="bbox 188 921 1742 994">
     <span class='ocr_line' id='line_1_8' title="bbox 188 921 1742 994; baseline -0.001 -17"><span class='ocrx_word' id='word_1_54' title='bbox 188 924 433 994; x_wconf 68' lang='lat' dir='ltr'><strong>praedicta</strong></span> <span class='ocrx_word' id='word_1_55' title='bbox 484 923 742 978; x_wconf 82' lang='lat' dir='ltr'><strong>editionis</strong></span> <span class='ocrx_word' id='word_1_56' title='bbox 783 923 1160 993; x_wconf 90' lang='lat' dir='ltr'><strong>reperiuntur;</strong></span> <span class='ocrx_word' id='word_1_57' title='bbox 1196 922 1468 991; x_wconf 66' lang='lat' dir='ltr'><strong>pleraeque</strong></span> <span class='ocrx_word' id='word_1_58' title='bbox 1511 921 1742 977; x_wconf 78' lang='lat' dir='ltr'><strong>diversis</strong></span> 
     </span>
    </p>
   </div>
   <div class='ocr_carea' id='block_1_9' title="bbox 187 1016 1330 1085">
    <p class='ocr_par' dir='ltr' id='par_1_9' title="bbox 187 1016 1330 1085">
     <span class='ocr_line' id='line_1_9' title="bbox 187 1016 1330 1085; baseline -0.002 -16"><span class='ocrx_word' id='word_1_59' title='bbox 187 1033 239 1071; x_wconf 86' lang='lat' dir='ltr'><strong>ac</strong></span> <span class='ocrx_word' id='word_1_60' title='bbox 267 1018 318 1069; x_wconf 91' lang='lat' dir='ltr'><strong>in</strong></span> <span class='ocrx_word' id='word_1_61' title='bbox 346 1016 506 1071; x_wconf 83' lang='lat' dir='ltr'><strong>editis</strong></span> <span class='ocrx_word' id='word_1_62' title='bbox 531 1016 846 1075; x_wconf 81' lang='lat' dir='ltr'><strong>nominibus</strong></span> <span class='ocrx_word' id='word_1_63' title='bbox 874 1016 1153 1085; x_wconf 67' lang='lat' dir='ltr'><strong>inscriptae</strong></span> <span class='ocrx_word' id='word_1_64' title='bbox 1181 1022 1330 1069; x_wconf 88' lang='lat' dir='ltr'><strong>sunt.</strong></span> 
     </span>
    </p>
   </div>
   <div class='ocr_carea' id='block_1_10' title="bbox 245 1107 1738 1180">
    <p class='ocr_par' dir='ltr' id='par_1_10' title="bbox 245 1107 1738 1180">
     <span class='ocr_line' id='line_1_10' title="bbox 245 1107 1738 1180; baseline 0.003 -19"><span class='ocrx_word' id='word_1_65' title='bbox 245 1107 302 1161; x_wconf 91' lang='lat' dir='ltr'><strong>ll.</strong></span> <span class='ocrx_word' id='word_1_66' title='bbox 335 1110 530 1163; x_wconf 87' lang='lat' dir='ltr'><strong>Eodem</strong></span> <span class='ocrx_word' id='word_1_67' title='bbox 573 1110 867 1165; x_wconf 86' lang='lat' dir='ltr'><strong>Laurentio</strong></span> <span class='ocrx_word' id='word_1_68' title='bbox 911 1110 1198 1180; x_wconf 89' lang='lat' dir='ltr'><strong>Theupulo</strong></span> <span class='ocrx_word' id='word_1_69' title='bbox 1242 1118 1381 1165; x_wconf 85' lang='lat' dir='ltr'><strong>teste</strong></span> <span class='ocrx_word' id='word_1_70' title='bbox 1413 1142 1481 1154; x_wconf 94' lang='lat'><strong><em>—</em></strong></span> <span class='ocrx_word' id='word_1_71' title='bbox 1505 1110 1579 1165; x_wconf 80' lang='lat' dir='ltr'><strong>cf.</strong></span> <span class='ocrx_word' id='word_1_72' title='bbox 1624 1110 1663 1165; x_wconf 92' lang='lat' dir='ltr'><strong>l.</strong></span> <span class='ocrx_word' id='word_1_73' title='bbox 1699 1110 1738 1177; x_wconf 95' lang='lat' dir='ltr'><strong>l,</strong></span> 
     </span>
    </p>
   </div>
   <div class='ocr_carea' id='block_1_11' title="bbox 186 1202 1739 1273">
    <p class='ocr_par' dir='ltr' id='par_1_11' title="bbox 186 1202 1739 1273">
     <span class='ocr_line' id='line_1_11' title="bbox 186 1202 1739 1273; baseline 0.003 -18"><span class='ocrx_word' id='word_1_74' title='bbox 186 1219 232 1272; x_wconf 64' lang='grc' dir='ltr'>ρ.</span> <span class='ocrx_word' id='word_1_75' title='bbox 264 1202 382 1256; x_wconf 77' lang='lat'><strong>283.</strong></span> <span class='ocrx_word' id='word_1_76' title='bbox 408 1232 476 1241; x_wconf 94' lang='lat'><strong>—</strong></span> <span class='ocrx_word' id='word_1_77' title='bbox 497 1203 634 1257; x_wconf 82' lang='lat' dir='ltr'><strong>Cod.</strong></span> <span class='ocrx_word' id='word_1_78' title='bbox 682 1219 821 1257; x_wconf 84' lang='lat' dir='ltr'><strong>uxxv</strong></span> <span class='ocrx_word' id='word_1_79' title='bbox 850 1203 1095 1257; x_wconf 87' lang='lat' dir='ltr'><strong>continet</strong></span> <span class='ocrx_word' id='word_1_80' title='bbox 1133 1203 1325 1257; x_wconf 84' lang='lat' dir='ltr'><strong>lsidori</strong></span> <span class='ocrx_word' id='word_1_81' title='bbox 1361 1204 1619 1273; x_wconf 84' lang='lat' dir='ltr'><strong>epistolas</strong></span> <span class='ocrx_word' id='word_1_82' title='bbox 1652 1203 1739 1259; x_wconf 79' lang='grc'><strong>15.</strong></span> 
     </span>
    </p>
   </div>
   <div class='ocr_carea' id='block_1_12' title="bbox 245 1294 1739 1367">
    <p class='ocr_par' dir='ltr' id='par_1_12' title="bbox 245 1294 1739 1367">
     <span class='ocr_line' id='line_1_12' title="bbox 245 1294 1739 1367; baseline 0.002 -20"><span class='ocrx_word' id='word_1_83' title='bbox 245 1295 291 1364; x_wconf 87' lang='grc'><strong>1)</strong></span> <span class='ocrx_word' id='word_1_84' title='bbox 318 1294 553 1349; x_wconf 87' lang='lat' dir='ltr'><strong>Zosimo.</strong></span> <span class='ocrx_word' id='word_1_85' title='bbox 584 1297 695 1351; x_wconf 89' lang='lat' dir='ltr'><strong>inc.</strong></span> <span class='ocrx_word' id='word_1_86' title='bbox 728 1296 849 1350; x_wconf 85' lang='grc' dir='ltr'>Τῶν</span> <span class='ocrx_word' id='word_1_87' title='bbox 880 1296 1238 1365; x_wconf 76' lang='grc' dir='ltr'><strong>ἀνθρωπίνων</strong></span> <span class='ocrx_word' id='word_1_88' title='bbox 1268 1296 1553 1367; x_wconf 80' lang='grc' dir='ltr'>ἁμαρτιῶν</span> <span class='ocrx_word' id='word_1_89' title='bbox 1576 1327 1648 1336; x_wconf 92' lang='grc'><strong><em>-</em></strong></span> <span class='ocrx_word' id='word_1_90' title='bbox 1682 1296 1739 1365; x_wconf 84' lang='lat'><strong>2)</strong></span> 
     </span>
    </p>
   </div>
   <div class='ocr_carea' id='block_1_13' title="bbox 190 1387 1738 1460">
    <p class='ocr_par' dir='ltr' id='par_1_13' title="bbox 190 1387 1738 1460">
     <span class='ocr_line' id='line_1_13' title="bbox 190 1387 1738 1460; baseline 0.003 -20"><span class='ocrx_word' id='word_1_91' title='bbox 190 1387 254 1440; x_wconf 74' lang='lat' dir='ltr'><strong>Ad</strong></span> <span class='ocrx_word' id='word_1_92' title='bbox 290 1396 489 1441; x_wconf 85' lang='lat' dir='ltr'><strong>ascetas</strong></span> <span class='ocrx_word' id='word_1_93' title='bbox 536 1388 871 1457; x_wconf 86' lang='lat' dir='ltr'><strong>jejunantes.</strong></span> <span class='ocrx_word' id='word_1_94' title='bbox 920 1389 1027 1444; x_wconf 91' lang='lat' dir='ltr'><strong>inc.</strong></span> <span class='ocrx_word' id='word_1_95' title='bbox 1058 1388 1288 1453; x_wconf 79' lang='grc' dir='ltr'><strong>εὐθύνας</strong></span> <span class='ocrx_word' id='word_1_96' title='bbox 1331 1389 1548 1458; x_wconf 76' lang='grc' dir='ltr'>ὑφέξων</span> <span class='ocrx_word' id='word_1_97' title='bbox 1581 1418 1651 1429; x_wconf 91' lang='grc'><strong><em>-</em></strong></span> <span class='ocrx_word' id='word_1_98' title='bbox 1683 1390 1738 1460; x_wconf 76' lang='grc'><strong>3)</strong></span> 
     </span>
    </p>
   </div>
   <div class='ocr_carea' id='block_1_14' title="bbox 192 1479 1741 1551">
    <p class='ocr_par' dir='ltr' id='par_1_14' title="bbox 192 1479 1741 1551">
     <span class='ocr_line' id='line_1_14' title="bbox 192 1479 1741 1551; baseline 0.003 -20"><span class='ocrx_word' id='word_1_99' title='bbox 192 1479 373 1533; x_wconf 88' lang='lat' dir='ltr'><strong>llieraci</strong></span> <span class='ocrx_word' id='word_1_100' title='bbox 397 1479 720 1534; x_wconf 82' lang='lat' dir='ltr'><strong>clarissimo.</strong></span> <span class='ocrx_word' id='word_1_101' title='bbox 749 1482 860 1535; x_wconf 90' lang='lat' dir='ltr'><strong>inc.</strong></span> <span class='ocrx_word' id='word_1_102' title='bbox 898 1481 1010 1551; x_wconf 85' lang='grc' dir='ltr'>βίος</span> <span class='ocrx_word' id='word_1_103' title='bbox 1046 1481 1173 1535; x_wconf 78' lang='grc' dir='ltr'>ἄνευ</span> <span class='ocrx_word' id='word_1_104' title='bbox 1214 1481 1374 1549; x_wconf 84' lang='grc' dir='ltr'><strong>λόγου</strong></span> <span class='ocrx_word' id='word_1_105' title='bbox 1397 1512 1465 1521; x_wconf 90' lang='grc'><strong>-</strong></span> <span class='ocrx_word' id='word_1_106' title='bbox 1491 1482 1546 1551; x_wconf 88' lang='grc'><strong>4)</strong></span> <span class='ocrx_word' id='word_1_107' title='bbox 1573 1480 1741 1536; x_wconf 80' lang='lat' dir='ltr'><strong>Etito-</strong></span> 
     </span>
    </p>
   </div>
   <div class='ocr_carea' id='block_1_15' title="bbox 189 1573 1737 1644">
    <p class='ocr_par' dir='ltr' id='par_1_15' title="bbox 189 1573 1737 1644">
     <span class='ocr_line' id='line_1_15' title="bbox 189 1573 1737 1644; baseline 0.002 -17"><span class='ocrx_word' id='word_1_108' title='bbox 189 1573 261 1628; x_wconf 79' lang='lat' dir='ltr'><strong>nio</strong></span> <span class='ocrx_word' id='word_1_109' title='bbox 276 1573 635 1629; x_wconf 84' lang='lat' dir='ltr'><strong>diacono......</strong></span> <span class='ocrx_word' id='word_1_110' title='bbox 660 1574 837 1627; x_wconf 83' lang='grc' dir='ltr'>πάντα</span> <span class='ocrx_word' id='word_1_111' title='bbox 859 1574 1155 1628; x_wconf 79' lang='grc' dir='ltr'><strong>ποιούντων</strong></span> <span class='ocrx_word' id='word_1_112' title='bbox 1174 1574 1347 1644; x_wconf 81' lang='grc' dir='ltr'><strong>ἡμῶν.</strong></span> <span class='ocrx_word' id='word_1_113' title='bbox 1366 1605 1437 1615; x_wconf 91' lang='lat'><strong><em>—</em></strong></span> <span class='ocrx_word' id='word_1_114' title='bbox 1451 1574 1506 1643; x_wconf 84' lang='lat'><strong>5)</strong></span> <span class='ocrx_word' id='word_1_115' title='bbox 1531 1574 1737 1630; x_wconf 85' lang='lat' dir='ltr'><strong>Eidem.</strong></span> 
     </span>
    </p>
   </div>
   <div class='ocr_carea' id='block_1_16' title="bbox 192 1664 1738 1738">
    <p class='ocr_par' dir='ltr' id='par_1_16' title="bbox 192 1664 1738 1738">
     <span class='ocr_line' id='line_1_16' title="bbox 192 1664 1738 1738; baseline 0.003 -21"><span class='ocrx_word' id='word_1_116' title='bbox 192 1664 276 1718; x_wconf 89' lang='lat' dir='ltr'><strong>inc.</strong></span> <span class='ocrx_word' id='word_1_117' title='bbox 303 1666 409 1727; x_wconf 78' lang='grc' dir='ltr'>τοῖς</span> <span class='ocrx_word' id='word_1_118' title='bbox 438 1666 638 1730; x_wconf 82' lang='grc' dir='ltr'><strong>δεινοῖς</strong></span> <span class='ocrx_word' id='word_1_119' title='bbox 676 1666 904 1738; x_wconf 79' lang='grc' dir='ltr'>ἀνδράσι</span> <span class='ocrx_word' id='word_1_120' title='bbox 932 1697 1005 1707; x_wconf 89' lang='grc'><strong>--</strong></span> <span class='ocrx_word' id='word_1_121' title='bbox 1026 1666 1082 1735; x_wconf 84' lang='grc'><strong>6)</strong></span> <span class='ocrx_word' id='word_1_122' title='bbox 1116 1667 1416 1720; x_wconf 81' lang='lat' dir='ltr'><strong>Archoutio</strong></span> <span class='ocrx_word' id='word_1_123' title='bbox 1450 1668 1738 1722; x_wconf 86' lang='lat' dir='ltr'><strong>monacho.</strong></span> 
     </span>
    </p>
   </div>
   <div class='ocr_carea' id='block_1_17' title="bbox 189 1757 1742 1831">
    <p class='ocr_par' dir='ltr' id='par_1_17' title="bbox 189 1757 1742 1831">
     <span class='ocr_line' id='line_1_17' title="bbox 189 1757 1742 1831; baseline 0.002 -21"><span class='ocrx_word' id='word_1_124' title='bbox 189 1758 353 1828; x_wconf 59' lang='lat' dir='ltr'><strong>iuet?)</strong></span> <span class='ocrx_word' id='word_1_125' title='bbox 384 1757 565 1812; x_wconf 77' lang='grc' dir='ltr'>λαόἰὸι</span> <span class='ocrx_word' id='word_1_126' title='bbox 599 1759 872 1828; x_wconf 81' lang='grc' dir='ltr'>λαβὼν-</span> <span class='ocrx_word' id='word_1_127' title='bbox 893 1761 945 1829; x_wconf 89' lang='lat'><strong>7)</strong></span> <span class='ocrx_word' id='word_1_128' title='bbox 980 1758 1225 1815; x_wconf 72' lang='lat' dir='ltr'><strong>Ermino.</strong></span> <span class='ocrx_word' id='word_1_129' title='bbox 1256 1759 1369 1814; x_wconf 90' lang='lat' dir='ltr'><strong>inc.</strong></span> <span class='ocrx_word' id='word_1_130' title='bbox 1412 1759 1614 1824; x_wconf 80' lang='grc' dir='ltr'>ὖποθὲς</span> <span class='ocrx_word' id='word_1_131' title='bbox 1639 1761 1742 1831; x_wconf 84' lang='grc' dir='ltr'><strong>τὴν</strong></span> 
     </span>
    </p>
   </div>
   <div class='ocr_carea' id='block_1_18' title="bbox 191 1852 1740 1926">
    <p class='ocr_par' dir='ltr' id='par_1_18' title="bbox 191 1852 1740 1926">
     <span class='ocr_line' id='line_1_18' title="bbox 191 1852 1740 1926; baseline 0.004 -25"><span class='ocrx_word' id='word_1_132' title='bbox 191 1853 316 1919; x_wconf 76' lang='grc' dir='ltr'><strong>χεῖρά</strong></span> <span class='ocrx_word' id='word_1_133' title='bbox 346 1867 435 1903; x_wconf 83' lang='grc' dir='ltr'><strong>σου</strong></span> <span class='ocrx_word' id='word_1_134' title='bbox 468 1881 542 1890; x_wconf 93' lang='lat'><strong>——</strong></span> <span class='ocrx_word' id='word_1_135' title='bbox 570 1852 627 1920; x_wconf 93' lang='lat'><strong>8)</strong></span> <span class='ocrx_word' id='word_1_136' title='bbox 658 1853 939 1923; x_wconf 82' lang='lat' dir='ltr'><strong>Epagatho</strong></span> <span class='ocrx_word' id='word_1_137' title='bbox 966 1852 1300 1922; x_wconf 84' lang='lat' dir='ltr'><strong>presbytero.</strong></span> <span class='ocrx_word' id='word_1_138' title='bbox 1320 1852 1429 1907; x_wconf 88' lang='lat' dir='ltr'><strong>inc.</strong></span> <span class='ocrx_word' id='word_1_139' title='bbox 1450 1853 1740 1926; x_wconf 71' lang='grc' dir='ltr'><strong>ἐπεγράφη</strong></span> 
     </span>
    </p>
   </div>
   <div class='ocr_carea' id='block_1_19' title="bbox 189 1942 1739 2016">
    <p class='ocr_par' dir='ltr' id='par_1_19' title="bbox 189 1942 1739 2016">
     <span class='ocr_line' id='line_1_19' title="bbox 189 1942 1739 2016; baseline 0.005 -22"><span class='ocrx_word' id='word_1_140' title='bbox 189 1944 212 1995; x_wconf 74' lang='grc' dir='ltr'>ὁ</span> <span class='ocrx_word' id='word_1_141' title='bbox 240 1942 418 2014; x_wconf 73' lang='grc' dir='ltr'>Κύριος</span> <span class='ocrx_word' id='word_1_142' title='bbox 441 1944 501 1996; x_wconf 80' lang='grc' dir='ltr'>ὲν</span> <span class='ocrx_word' id='word_1_143' title='bbox 533 1946 605 2016; x_wconf 75' lang='grc' dir='ltr'><strong>τῇ</strong></span> <span class='ocrx_word' id='word_1_144' title='bbox 661 1948 845 2016; x_wconf 72' lang='grc' dir='ltr'>μήτρᾳ</span> <span class='ocrx_word' id='word_1_145' title='bbox 876 1975 946 1984; x_wconf 94' lang='lat'><strong>—</strong></span> <span class='ocrx_word' id='word_1_146' title='bbox 966 1944 1020 2014; x_wconf 85' lang='lat'><strong>9)</strong></span> <span class='ocrx_word' id='word_1_147' title='bbox 1050 1944 1218 1998; x_wconf 82' lang='lat' dir='ltr'><strong>Paulo</strong></span> <span class='ocrx_word' id='word_1_148' title='bbox 1259 1945 1739 2002; x_wconf 68' lang='lat' dir='ltr'><strong>Archimandritae.</strong></span> 
     </span>
    </p>
   </div>
   <div class='ocr_carea' id='block_1_20' title="bbox 192 2036 1741 2110">
    <p class='ocr_par' dir='ltr' id='par_1_20' title="bbox 192 2036 1741 2110">
     <span class='ocr_line' id='line_1_20' title="bbox 192 2036 1741 2110; baseline 0.005 -23"><span class='ocrx_word' id='word_1_149' title='bbox 192 2037 271 2088; x_wconf 86' lang='lat' dir='ltr'><strong>inc.</strong></span> <span class='ocrx_word' id='word_1_150' title='bbox 297 2037 487 2108; x_wconf 75' lang='grc' dir='ltr'>πόλλην</span> <span class='ocrx_word' id='word_1_151' title='bbox 514 2037 596 2101; x_wconf 80' lang='grc' dir='ltr'><strong>ὡς</strong></span> <span class='ocrx_word' id='word_1_152' title='bbox 633 2038 808 2105; x_wconf 78' lang='grc' dir='ltr'>ἔγνων</span> <span class='ocrx_word' id='word_1_153' title='bbox 841 2068 910 2077; x_wconf 93' lang='grc'><strong><em>-</em></strong></span> <span class='ocrx_word' id='word_1_154' title='bbox 934 2036 1020 2105; x_wconf 88' lang='grc'><strong>10)</strong></span> <span class='ocrx_word' id='word_1_155' title='bbox 1062 2036 1351 2109; x_wconf 89' lang='lat' dir='ltr'><strong>Strategio.</strong></span> <span class='ocrx_word' id='word_1_156' title='bbox 1395 2038 1503 2092; x_wconf 93' lang='lat' dir='ltr'><strong>inc.</strong></span> <span class='ocrx_word' id='word_1_157' title='bbox 1547 2039 1741 2110; x_wconf 76' lang='grc' dir='ltr'>ῥάὁδον</span> 
     </span>
    </p>
   </div>
   <div class='ocr_carea' id='block_1_21' title="bbox 190 2129 1740 2204">
    <p class='ocr_par' dir='ltr' id='par_1_21' title="bbox 190 2129 1740 2204">
     <span class='ocr_line' id='line_1_21' title="bbox 190 2129 1740 2204; baseline 0.005 -26"><span class='ocrx_word' id='word_1_158' title='bbox 190 2130 434 2200; x_wconf 71' lang='grc' dir='ltr'>κιρυῗνην.</span> <span class='ocrx_word' id='word_1_159' title='bbox 462 2160 535 2171; x_wconf 82' lang='lat'><strong><em>——</em></strong></span> <span class='ocrx_word' id='word_1_160' title='bbox 569 2130 660 2197; x_wconf 90' lang='grc'><strong>11)</strong></span> <span class='ocrx_word' id='word_1_161' title='bbox 705 2129 1099 2200; x_wconf 89' lang='lat' dir='ltr'><strong>Theopempto.</strong></span> <span class='ocrx_word' id='word_1_162' title='bbox 1136 2130 1243 2185; x_wconf 85' lang='lat' dir='ltr'><strong>inc.</strong></span> <span class='ocrx_word' id='word_1_163' title='bbox 1290 2131 1393 2200; x_wconf 85' lang='grc' dir='ltr'><strong>τὴν</strong></span> <span class='ocrx_word' id='word_1_164' title='bbox 1435 2134 1607 2203; x_wconf 82' lang='grc' dir='ltr'>συκῆν</span> <span class='ocrx_word' id='word_1_165' title='bbox 1642 2134 1740 2204; x_wconf 79' lang='grc' dir='ltr'><strong>οὐχ</strong></span> 
     </span>
    </p>
   </div>
   <div class='ocr_carea' id='block_1_22' title="bbox 190 2222 1740 2295">
    <p class='ocr_par' dir='ltr' id='par_1_22' title="bbox 190 2222 1740 2295">
     <span class='ocr_line' id='line_1_22' title="bbox 190 2222 1740 2295; baseline 0.003 -22"><span class='ocrx_word' id='word_1_166' title='bbox 190 2223 339 2285; x_wconf 73' lang='grc' dir='ltr'><strong>ἁπλῶς</strong></span> <span class='ocrx_word' id='word_1_167' title='bbox 367 2251 433 2262; x_wconf 79' lang='lat'><strong>—-</strong></span> <span class='ocrx_word' id='word_1_168' title='bbox 460 2223 551 2291; x_wconf 84' lang='lat'><strong>12)</strong></span> <span class='ocrx_word' id='word_1_169' title='bbox 584 2223 879 2292; x_wconf 87' lang='lat' dir='ltr'><strong>Lampecio</strong></span> <span class='ocrx_word' id='word_1_170' title='bbox 909 2222 1193 2277; x_wconf 86' lang='lat' dir='ltr'><strong>monacho.</strong></span> <span class='ocrx_word' id='word_1_171' title='bbox 1222 2222 1332 2276; x_wconf 92' lang='lat' dir='ltr'><strong>inc.</strong></span> <span class='ocrx_word' id='word_1_172' title='bbox 1372 2222 1568 2276; x_wconf 74' lang='grc' dir='ltr'>πολλαὶ</span> <span class='ocrx_word' id='word_1_173' title='bbox 1597 2241 1740 2295; x_wconf 87' lang='grc' dir='ltr'>προ-</span> 
     </span>
    </p>
   </div>
   <div class='ocr_carea' id='block_1_23' title="bbox 190 2314 1737 2389">
    <p class='ocr_par' dir='ltr' id='par_1_23' title="bbox 190 2314 1737 2389">
     <span class='ocr_line' id='line_1_23' title="bbox 190 2314 1737 2389; baseline 0.003 -24"><span class='ocrx_word' id='word_1_174' title='bbox 190 2315 347 2379; x_wconf 56' lang='lat' dir='ltr'><strong>sint;</strong></span> <span class='ocrx_word' id='word_1_175' title='bbox 387 2317 491 2368; x_wconf 72' lang='grc' dir='ltr'>εἰσὶ</span> <span class='ocrx_word' id='word_1_176' title='bbox 516 2346 593 2355; x_wconf 86' lang='lat'><strong><em>——</em></strong></span> <span class='ocrx_word' id='word_1_177' title='bbox 622 2316 709 2384; x_wconf 78' lang='lat'><strong>13)</strong></span> <span class='ocrx_word' id='word_1_178' title='bbox 741 2314 1136 2369; x_wconf 87' lang='lat' dir='ltr'><strong>Theodulo.....</strong></span> <span class='ocrx_word' id='word_1_179' title='bbox 1182 2314 1512 2389; x_wconf 81' lang='grc' dir='ltr'><strong>σκανδαλίζῃ</strong></span> <span class='ocrx_word' id='word_1_180' title='bbox 1546 2316 1644 2370; x_wconf 76' lang='grc' dir='ltr'><strong>ἐπὶ</strong></span> <span class='ocrx_word' id='word_1_181' title='bbox 1670 2320 1737 2389; x_wconf 79' lang='grc' dir='ltr'><strong>τῇ</strong></span> 
     </span>
    </p>
   </div>
   <div class='ocr_carea' id='block_1_24' title="bbox 190 2406 1737 2478">
    <p class='ocr_par' dir='ltr' id='par_1_24' title="bbox 190 2406 1737 2478">
     <span class='ocr_line' id='line_1_24' title="bbox 190 2406 1737 2478; baseline 0.003 -21"><span class='ocrx_word' id='word_1_182' title='bbox 190 2407 304 2460; x_wconf 73' lang='grc' dir='ltr'>κόνει</span> <span class='ocrx_word' id='word_1_183' title='bbox 326 2439 392 2450; x_wconf 93' lang='grc'><strong>-</strong></span> <span class='ocrx_word' id='word_1_184' title='bbox 415 2409 499 2477; x_wconf 84' lang='grc'><strong>15)</strong></span> <span class='ocrx_word' id='word_1_185' title='bbox 540 2408 842 2478; x_wconf 86' lang='lat' dir='ltr'><strong>Gorgouio.</strong></span> <span class='ocrx_word' id='word_1_186' title='bbox 873 2408 983 2461; x_wconf 90' lang='lat' dir='ltr'><strong>inc.</strong></span> <span class='ocrx_word' id='word_1_187' title='bbox 1018 2406 1391 2478; x_wconf 83' lang='grc' dir='ltr'>πολυδύναμον</span> <span class='ocrx_word' id='word_1_188' title='bbox 1428 2410 1524 2462; x_wconf 77' lang='grc' dir='ltr'><strong>καὶ</strong></span> <span class='ocrx_word' id='word_1_189' title='bbox 1571 2409 1737 2463; x_wconf 86' lang='grc' dir='ltr'>πολυ-</span> 
     </span>
    </p>
   </div>
   <div class='ocr_carea' id='block_1_25' title="bbox 190 2498 541 2570">
    <p class='ocr_par' dir='ltr' id='par_1_25' title="bbox 190 2498 541 2570">
     <span class='ocr_line' id='line_1_25' title="bbox 190 2498 541 2570; baseline 0.009 -20"><span class='ocrx_word' id='word_1_190' title='bbox 190 2498 442 2570; x_wconf 71' lang='grc' dir='ltr'>Θρῦλλητον</span> <span class='ocrx_word' id='word_1_191' title='bbox 470 2530 541 2540; x_wconf 90' lang='grc'><strong>-</strong></span> 
     </span>
    </p>
   </div>
   <div class='ocr_carea' id='block_1_26' title="bbox 596 2615 1279 2673">
    <p class='ocr_par' dir='ltr' id='par_1_26' title="bbox 596 2615 1279 2673">
     <span class='ocr_line' id='line_1_26' title="bbox 596 2615 1279 2673; baseline 0 -1"><span class='ocrx_word' id='word_1_192' title='bbox 596 2615 819 2672; x_wconf 72' lang='lat' dir='ltr'><strong>Codices</strong></span> <span class='ocrx_word' id='word_1_193' title='bbox 847 2616 1279 2673; x_wconf 73' lang='lat' dir='ltr'><strong>Vindobonenses.</strong></span> 
     </span>
    </p>
   </div>
   <div class='ocr_carea' id='block_1_27' title="bbox 240 2713 1735 2788">
    <p class='ocr_par' dir='ltr' id='par_1_27' title="bbox 240 2713 1735 2788">
     <span class='ocr_line' id='line_1_27' title="bbox 240 2713 1735 2788; baseline -0.001 -2"><span class='ocrx_word' id='word_1_194' title='bbox 240 2730 275 2787; x_wconf 90' lang='lat' dir='ltr'><strong>l.</strong></span> <span class='ocrx_word' id='word_1_195' title='bbox 302 2730 619 2787; x_wconf 74' lang='lat' dir='ltr'><strong>Lambecius</strong></span> <span class='ocrx_word' id='word_1_196' title='bbox 658 2732 712 2786; x_wconf 92' lang='lat' dir='ltr'><strong>in</strong></span> <span class='ocrx_word' id='word_1_197' title='bbox 746 2713 1153 2788; x_wconf 87' lang='lat' dir='ltr'><strong>commentariis</strong></span> <span class='ocrx_word' id='word_1_198' title='bbox 1176 2731 1245 2787; x_wconf 91' lang='lat' dir='ltr'><strong>de</strong></span> <span class='ocrx_word' id='word_1_199' title='bbox 1275 2731 1410 2786; x_wconf 91' lang='lat' dir='ltr'><strong>bibl.</strong></span> <span class='ocrx_word' id='word_1_200' title='bbox 1439 2730 1578 2787; x_wconf 67' lang='lat' dir='ltr'><strong>Caes.</strong></span> <span class='ocrx_word' id='word_1_201' title='bbox 1597 2729 1735 2785; x_wconf 75' lang='lat' dir='ltr'><strong>Vin-</strong></span> 
     </span>
    </p>
   </div>
   <div class='ocr_carea' id='block_1_28' title="bbox 186 2824 1734 2894">
    <p class='ocr_par' dir='ltr' id='par_1_28' title="bbox 186 2824 1734 2894">
     <span class='ocr_line' id='line_1_28' title="bbox 186 2824 1734 2894; baseline 0.002 -20"><span class='ocrx_word' id='word_1_202' title='bbox 186 2824 286 2878; x_wconf 65' lang='grc' dir='ltr'><strong>ἀοι).</strong></span> <span class='ocrx_word' id='word_1_203' title='bbox 314 2825 400 2879; x_wconf 86' lang='lat' dir='ltr'><strong>lib.</strong></span> <span class='ocrx_word' id='word_1_204' title='bbox 424 2841 477 2889; x_wconf 73' lang='grc' dir='ltr'><strong>ν,</strong></span> <span class='ocrx_word' id='word_1_205' title='bbox 509 2840 568 2894; x_wconf 92' lang='lat' dir='ltr'><strong>p.</strong></span> <span class='ocrx_word' id='word_1_206' title='bbox 604 2826 736 2880; x_wconf 67' lang='lat'><strong>245.</strong></span> <span class='ocrx_word' id='word_1_207' title='bbox 777 2844 796 2876; x_wconf 79' lang='grc' dir='ltr'><strong>ι</strong></span> <span class='ocrx_word' id='word_1_208' title='bbox 836 2825 971 2880; x_wconf 91' lang='lat' dir='ltr'><strong>Cod.</strong></span> <span class='ocrx_word' id='word_1_209' title='bbox 1002 2841 1149 2879; x_wconf 79' lang='lat' dir='ltr'><strong>ccxcr</strong></span> <span class='ocrx_word' id='word_1_210' title='bbox 1193 2838 1295 2889; x_wconf 87' lang='lat' dir='ltr'><strong>est,</strong></span> <span class='ocrx_word' id='word_1_211' title='bbox 1336 2824 1536 2894; x_wconf 84' lang='lat' dir='ltr'><strong>inquit,</strong></span> <span class='ocrx_word' id='word_1_212' title='bbox 1570 2824 1734 2878; x_wconf 88' lang='lat' dir='ltr'><strong>char—</strong></span> 
     </span>
    </p>
   </div>
   <div class='ocr_carea' id='block_1_29' title="bbox 189 2915 1732 2987">
    <p class='ocr_par' dir='ltr' id='par_1_29' title="bbox 189 2915 1732 2987">
     <span class='ocr_line' id='line_1_29' title="bbox 189 2915 1732 2987; baseline 0.002 -20"><span class='ocrx_word' id='word_1_213' title='bbox 189 2930 359 2975; x_wconf 58' lang='lat' dir='ltr'><strong>taceus.</strong></span> <span class='ocrx_word' id='word_1_214' title='bbox 398 2918 663 2986; x_wconf 86' lang='lat' dir='ltr'><strong>antiquus</strong></span> <span class='ocrx_word' id='word_1_215' title='bbox 711 2926 767 2971; x_wconf 91' lang='lat' dir='ltr'><strong>et</strong></span> <span class='ocrx_word' id='word_1_216' title='bbox 811 2918 969 2973; x_wconf 72' lang='lat' dir='ltr'><strong>bonae</strong></span> <span class='ocrx_word' id='word_1_217' title='bbox 1006 2927 1149 2972; x_wconf 71' lang='lat' dir='ltr'><strong>noun</strong></span> <span class='ocrx_word' id='word_1_218' title='bbox 1188 2918 1243 2970; x_wconf 93' lang='lat' dir='ltr'><strong>in</strong></span> <span class='ocrx_word' id='word_1_219' title='bbox 1283 2926 1499 2987; x_wconf 87' lang='lat' dir='ltr'><strong>quarto,</strong></span> <span class='ocrx_word' id='word_1_220' title='bbox 1541 2917 1637 2972; x_wconf 87' lang='lat' dir='ltr'><strong>sed</strong></span> <span class='ocrx_word' id='word_1_221' title='bbox 1674 2915 1732 2971; x_wconf 89' lang='lat' dir='ltr'><strong>in</strong></span> 
     </span>
    </p>
   </div>
   <div class='ocr_carea' id='block_1_30' title="bbox 192 3006 1733 3078">
    <p class='ocr_par' dir='ltr' id='par_1_30' title="bbox 192 3006 1733 3078">
     <span class='ocr_line' id='line_1_30' title="bbox 192 3006 1733 3078; baseline 0.004 -20"><span class='ocrx_word' id='word_1_222' title='bbox 192 3006 415 3076; x_wconf 79' lang='lat' dir='ltr'><strong>principio</strong></span> <span class='ocrx_word' id='word_1_223' title='bbox 441 3018 498 3062; x_wconf 77' lang='lat' dir='ltr'><strong>et</strong></span> <span class='ocrx_word' id='word_1_224' title='bbox 525 3008 645 3063; x_wconf 88' lang='lat' dir='ltr'><strong>ﬁne</strong></span> <span class='ocrx_word' id='word_1_225' title='bbox 667 3008 911 3077; x_wconf 88' lang='lat' dir='ltr'><strong>mutilus,</strong></span> <span class='ocrx_word' id='word_1_226' title='bbox 934 3018 1254 3078; x_wconf 82' lang='lat' dir='ltr'><strong>constatque</strong></span> <span class='ocrx_word' id='word_1_227' title='bbox 1276 3024 1424 3063; x_wconf 91' lang='lat' dir='ltr'><strong>nunc</strong></span> <span class='ocrx_word' id='word_1_228' title='bbox 1449 3008 1595 3063; x_wconf 81' lang='lat' dir='ltr'><strong>foliis</strong></span> <span class='ocrx_word' id='word_1_229' title='bbox 1619 3018 1733 3064; x_wconf 87' lang='lat' dir='ltr'><strong>tre-</strong></span> 
     </span>
    </p>
   </div>
   <div class='ocr_carea' id='block_1_31' title="bbox 190 3102 1663 3159">
    <p class='ocr_par' dir='ltr' id='par_1_31' title="bbox 190 3102 1663 3159">
     <span class='ocr_line' id='line_1_31' title="bbox 190 3102 1663 3159; baseline -0.002 -5"><span class='ocrx_word' id='word_1_230' title='bbox 190 3104 329 3157; x_wconf 68' lang='lat' dir='ltr'><strong>rantis</strong></span> <span class='ocrx_word' id='word_1_231' title='bbox 360 3105 636 3159; x_wconf 86' lang='lat' dir='ltr'><strong>undecim.</strong></span> <span class='ocrx_word' id='word_1_232' title='bbox 677 3121 697 3152; x_wconf 76' lang='grc' dir='ltr'><strong>ι</strong></span> <span class='ocrx_word' id='word_1_233' title='bbox 744 3102 1105 3156; x_wconf 87' lang='lat' dir='ltr'><strong>Continentur</strong></span> <span class='ocrx_word' id='word_1_234' title='bbox 1128 3116 1194 3155; x_wconf 91' lang='lat' dir='ltr'><strong>eo</strong></span> <span class='ocrx_word' id='word_1_235' title='bbox 1220 3102 1336 3155; x_wconf 63' lang='lat' dir='ltr'><strong>haec</strong></span> <span class='ocrx_word' id='word_1_236' title='bbox 1363 3118 1377 3153; x_wconf 90' lang='lat'><strong>:</strong></span> <span class='ocrx_word' id='word_1_237' title='bbox 1654 3144 1663 3151; x_wconf 94' lang='lat'><strong>.</strong></span> 
     </span>
    </p>
   </div>
   <div class='ocr_carea' id='block_1_32' title="bbox 247 3175 1658 3264">
    <p class='ocr_par' dir='ltr' id='par_1_32' title="bbox 247 3175 1658 3264">
     <span class='ocr_line' id='line_1_32' title="bbox 247 3175 1658 3264; baseline 0.001 -20"><span class='ocrx_word' id='word_1_238' title='bbox 247 3213 265 3244; x_wconf 77' lang='grc' dir='ltr'><strong>ι</strong></span> <span class='ocrx_word' id='word_1_239' title='bbox 293 3175 476 3259; x_wconf 73' lang='lat' dir='ltr'><strong>Primo,</strong></span> <span class='ocrx_word' id='word_1_240' title='bbox 510 3204 571 3250; x_wconf 90' lang='lat' dir='ltr'><strong>et</strong></span> <span class='ocrx_word' id='word_1_241' title='bbox 621 3193 843 3264; x_wconf 87' lang='lat' dir='ltr'><strong>quidem</strong></span> <span class='ocrx_word' id='word_1_242' title='bbox 872 3207 903 3246; x_wconf 88' lang='lat' dir='ltr'><strong>a</strong></span> <span class='ocrx_word' id='word_1_243' title='bbox 940 3191 1033 3246; x_wconf 82' lang='lat' dir='ltr'><strong>fol.</strong></span> <span class='ocrx_word' id='word_1_244' title='bbox 1066 3208 1106 3258; x_wconf 83' lang='grc' dir='ltr'>ι,</span> <span class='ocrx_word' id='word_1_245' title='bbox 1138 3208 1191 3263; x_wconf 92' lang='lat' dir='ltr'><strong>p.</strong></span> <span class='ocrx_word' id='word_1_246' title='bbox 1217 3208 1267 3255; x_wconf 89' lang='grc' dir='ltr'>ι,</span> <span class='ocrx_word' id='word_1_247' title='bbox 1310 3207 1485 3261; x_wconf 90' lang='lat' dir='ltr'><strong>usque</strong></span> <span class='ocrx_word' id='word_1_248' title='bbox 1526 3191 1592 3245; x_wconf 90' lang='lat' dir='ltr'><strong>ad</strong></span> <span class='ocrx_word' id='word_1_249' title='bbox 1635 3191 1658 3245; x_wconf 61' lang='lat' dir='ltr'><strong>li</strong></span> 
     </span>
    </p>
   </div>
   <div class='ocr_carea' id='block_1_33' title="bbox 191 3283 1729 3355">
    <p class='ocr_par' dir='ltr' id='par_1_33' title="bbox 191 3283 1729 3355">
     <span class='ocr_line' id='line_1_33' title="bbox 191 3283 1729 3355; baseline -0.001 -16"><span class='ocrx_word' id='word_1_250' title='bbox 191 3286 357 3355; x_wconf 56' lang='lat' dir='ltr'><strong>500m.</strong></span> <span class='ocrx_word' id='word_1_251' title='bbox 386 3288 433 3351; x_wconf 88' lang='lat'><strong>1,</strong></span> <span class='ocrx_word' id='word_1_252' title='bbox 460 3286 518 3340; x_wconf 88' lang='lat' dir='ltr'><strong>S.</strong></span> <span class='ocrx_word' id='word_1_253' title='bbox 553 3284 755 3341; x_wconf 90' lang='lat' dir='ltr'><strong>lsidori</strong></span> <span class='ocrx_word' id='word_1_254' title='bbox 796 3283 1085 3338; x_wconf 72' lang='lat' dir='ltr'><strong>Pelusiotae</strong></span> <span class='ocrx_word' id='word_1_255' title='bbox 1128 3298 1254 3353; x_wconf 89' lang='lat' dir='ltr'><strong>epp.</strong></span> <span class='ocrx_word' id='word_1_256' title='bbox 1283 3284 1421 3338; x_wconf 89' lang='lat'><strong>1000</strong></span> <span class='ocrx_word' id='word_1_257' title='bbox 1448 3284 1517 3338; x_wconf 90' lang='lat' dir='ltr'><strong>de</strong></span> <span class='ocrx_word' id='word_1_258' title='bbox 1558 3284 1729 3337; x_wconf 85' lang='lat' dir='ltr'><strong>inter-</strong></span> 
     </span>
    </p>
   </div>
   <div class='ocr_carea' id='block_1_34' title="bbox 193 3377 1734 3447">
    <p class='ocr_par' dir='ltr' id='par_1_34' title="bbox 193 3377 1734 3447">
     <span class='ocr_line' id='line_1_34' title="bbox 193 3377 1734 3447; baseline 0 -16"><span class='ocrx_word' id='word_1_259' title='bbox 193 3380 448 3446; x_wconf 79' lang='lat' dir='ltr'><strong>pretatione</strong></span> <span class='ocrx_word' id='word_1_260' title='bbox 472 3394 653 3434; x_wconf 73' lang='lat' dir='ltr'><strong>sacra:</strong></span> <span class='ocrx_word' id='word_1_261' title='bbox 676 3377 988 3447; x_wconf 73' lang='lat' dir='ltr'><strong>Scriptum,</strong></span> <span class='ocrx_word' id='word_1_262' title='bbox 1009 3392 1239 3447; x_wconf 91' lang='lat' dir='ltr'><strong>quarum</strong></span> <span class='ocrx_word' id='word_1_263' title='bbox 1260 3378 1501 3447; x_wconf 83' lang='lat' dir='ltr'><strong>quinque</strong></span> <span class='ocrx_word' id='word_1_264' title='bbox 1522 3377 1734 3447; x_wconf 88' lang='lat' dir='ltr'><strong>priores</strong></span> 
     </span>
    </p>
   </div>
   <div class='ocr_carea' id='block_1_35' title="bbox 192 3469 1733 3539">
    <p class='ocr_par' dir='ltr' id='par_1_35' title="bbox 192 3469 1733 3539">
     <span class='ocr_line' id='line_1_35' title="bbox 192 3469 1733 3539; baseline 0 -16"><span class='ocrx_word' id='word_1_265' title='bbox 192 3471 374 3526; x_wconf 81' lang='lat' dir='ltr'><strong>omnino</strong></span> <span class='ocrx_word' id='word_1_266' title='bbox 397 3472 623 3535; x_wconf 85' lang='lat' dir='ltr'><strong>desunt,</strong></span> <span class='ocrx_word' id='word_1_267' title='bbox 652 3482 803 3525; x_wconf 85' lang='lat' dir='ltr'><strong>sexta</strong></span> <span class='ocrx_word' id='word_1_268' title='bbox 833 3478 1018 3525; x_wconf 84' lang='lat' dir='ltr'><strong>autem</strong></span> <span class='ocrx_word' id='word_1_269' title='bbox 1047 3470 1112 3524; x_wconf 90' lang='lat' dir='ltr'><strong>ad</strong></span> <span class='ocrx_word' id='word_1_270' title='bbox 1133 3469 1544 3539; x_wconf 83' lang='lat' dir='ltr'><strong>Arsenuphium</strong></span> <span class='ocrx_word' id='word_1_271' title='bbox 1572 3469 1733 3523; x_wconf 91' lang='lat' dir='ltr'><strong>dimi-</strong></span> 
     </span>
    </p>
   </div>
   <div class='ocr_carea' id='block_1_36' title="bbox 192 3561 1733 3634">
    <p class='ocr_par' dir='ltr' id='par_1_36' title="bbox 192 3561 1733 3634">
     <span class='ocr_line' id='line_1_36' title="bbox 192 3561 1733 3634; baseline 0.002 -21"><span class='ocrx_word' id='word_1_272' title='bbox 192 3562 256 3615; x_wconf 82' lang='lat' dir='ltr'><strong>dia</strong></span> <span class='ocrx_word' id='word_1_273' title='bbox 288 3572 426 3633; x_wconf 84' lang='lat' dir='ltr'><strong>parte</strong></span> <span class='ocrx_word' id='word_1_274' title='bbox 460 3564 632 3634; x_wconf 87' lang='lat' dir='ltr'><strong>priori</strong></span> <span class='ocrx_word' id='word_1_275' title='bbox 673 3573 759 3618; x_wconf 91' lang='lat' dir='ltr'><strong>est</strong></span> <span class='ocrx_word' id='word_1_276' title='bbox 800 3563 1011 3625; x_wconf 90' lang='lat' dir='ltr'><strong>mutila,</strong></span> <span class='ocrx_word' id='word_1_277' title='bbox 1058 3571 1221 3632; x_wconf 87' lang='lat' dir='ltr'><strong>atque</strong></span> <span class='ocrx_word' id='word_1_278' title='bbox 1260 3562 1453 3631; x_wconf 90' lang='lat' dir='ltr'><strong>incipit</strong></span> <span class='ocrx_word' id='word_1_279' title='bbox 1487 3562 1603 3616; x_wconf 62' lang='lat' dir='ltr'><strong>haec</strong></span> <span class='ocrx_word' id='word_1_280' title='bbox 1648 3561 1733 3616; x_wconf 88' lang='lat' dir='ltr'><strong>his</strong></span> 
     </span>
    </p>
   </div>
   <div class='ocr_carea' id='block_1_37' title="bbox 191 3653 1732 3727">
    <p class='ocr_par' dir='ltr' id='par_1_37' title="bbox 191 3653 1732 3727">
     <span class='ocr_line' id='line_1_37' title="bbox 191 3653 1732 3727; baseline -0.001 -20"><span class='ocrx_word' id='word_1_281' title='bbox 191 3656 334 3710; x_wconf 75' lang='lat' dir='ltr'><strong>verbis</strong></span> <span class='ocrx_word' id='word_1_282' title='bbox 362 3676 374 3710; x_wconf 95' lang='lat'>:</span> <span class='ocrx_word' id='word_1_283' title='bbox 397 3657 510 3710; x_wconf 81' lang='grc' dir='ltr'>ἀλλ’</span> <span class='ocrx_word' id='word_1_284' title='bbox 536 3659 635 3711; x_wconf 82' lang='grc' dir='ltr'><strong>ἴνα</strong></span> <span class='ocrx_word' id='word_1_285' title='bbox 667 3656 741 3727; x_wconf 81' lang='grc' dir='ltr'><strong>μὴ</strong></span> <span class='ocrx_word' id='word_1_286' title='bbox 772 3654 1051 3719; x_wconf 76' lang='grc' dir='ltr'><strong>παντελῶς</strong></span> <span class='ocrx_word' id='word_1_287' title='bbox 1072 3653 1467 3724; x_wconf 70' lang='grc' dir='ltr'>φαπασθῶμεν</span> <span class='ocrx_word' id='word_1_288' title='bbox 1488 3684 1561 3694; x_wconf 90' lang='grc'><strong><em>-</em></strong></span> <span class='ocrx_word' id='word_1_289' title='bbox 1590 3653 1732 3709; x_wconf 90' lang='lat' dir='ltr'><strong>Ulti-</strong></span> 
     </span>
    </p>
   </div>
   <div class='ocr_carea' id='block_1_38' title="bbox 192 3747 1732 3817">
    <p class='ocr_par' dir='ltr' id='par_1_38' title="bbox 192 3747 1732 3817">
     <span class='ocr_line' id='line_1_38' title="bbox 192 3747 1732 3817; baseline -0.001 -15"><span class='ocrx_word' id='word_1_290' title='bbox 192 3763 258 3801; x_wconf 82' lang='lat' dir='ltr'><strong>ma</strong></span> <span class='ocrx_word' id='word_1_291' title='bbox 282 3750 480 3803; x_wconf 90' lang='lat' dir='ltr'><strong>demum</strong></span> <span class='ocrx_word' id='word_1_292' title='bbox 502 3751 624 3805; x_wconf 87' lang='lat' dir='ltr'><strong>sive</strong></span> <span class='ocrx_word' id='word_1_293' title='bbox 645 3749 932 3803; x_wconf 90' lang='lat' dir='ltr'><strong>millesima</strong></span> <span class='ocrx_word' id='word_1_294' title='bbox 959 3748 1027 3803; x_wconf 83' lang='lat' dir='ltr'><strong>ad</strong></span> <span class='ocrx_word' id='word_1_295' title='bbox 1053 3747 1390 3817; x_wconf 87' lang='lat' dir='ltr'><strong>Lampetium</strong></span> <span class='ocrx_word' id='word_1_296' title='bbox 1416 3748 1732 3817; x_wconf 90' lang='lat' dir='ltr'><strong>episcopum</strong></span> 
     </span>
    </p>
   </div>
   <div class='ocr_carea' id='block_1_39' title="bbox 195 3839 1735 3911">
    <p class='ocr_par' dir='ltr' id='par_1_39' title="bbox 195 3839 1735 3911">
     <span class='ocr_line' id='line_1_39' title="bbox 195 3839 1735 3911; baseline 0.002 -21"><span class='ocrx_word' id='word_1_297' title='bbox 195 3840 475 3907; x_wconf 82' lang='lat' dir='ltr'><strong>inscribitur,</strong></span> <span class='ocrx_word' id='word_1_298' title='bbox 498 3851 668 3911; x_wconf 88' lang='lat' dir='ltr'><strong>atque</strong></span> <span class='ocrx_word' id='word_1_299' title='bbox 700 3841 891 3910; x_wconf 84' lang='lat' dir='ltr'><strong>incipit</strong></span> <span class='ocrx_word' id='word_1_300' title='bbox 919 3842 1022 3894; x_wconf 91' lang='lat' dir='ltr'><strong>hoc</strong></span> <span class='ocrx_word' id='word_1_301' title='bbox 1051 3840 1248 3895; x_wconf 90' lang='lat' dir='ltr'><strong>modo:</strong></span> <span class='ocrx_word' id='word_1_302' title='bbox 1283 3839 1579 3910; x_wconf 84' lang='grc' dir='ltr'><strong>Λαμπετίῳ</strong></span> <span class='ocrx_word' id='word_1_303' title='bbox 1613 3842 1735 3893; x_wconf 84' lang='grc' dir='ltr'>ὲπι-</span> 
     </span>
    </p>
   </div>
   <div class='ocr_carea' id='block_1_40' title="bbox 195 3934 1733 4007">
    <p class='ocr_par' dir='ltr' id='par_1_40' title="bbox 195 3934 1733 4007">
     <span class='ocr_line' id='line_1_40' title="bbox 195 3934 1733 4007; baseline 0.002 -22"><span class='ocrx_word' id='word_1_304' title='bbox 411 3936 508 3989; x_wconf 79' lang='grc' dir='ltr'><strong>Διὰ</strong></span> <span class='ocrx_word' id='word_1_305' title='bbox 553 3936 629 3988; x_wconf 82' lang='grc' dir='ltr'><strong>τὰ</strong></span> <span class='ocrx_word' id='word_1_306' title='bbox 666 3937 797 4007; x_wconf 74' lang='grc' dir='ltr'>περὶ</span> <span class='ocrx_word' id='word_1_307' title='bbox 848 3934 1118 4004; x_wconf 83' lang='grc' dir='ltr'>Ζώσιμον.</span> <span class='ocrx_word' id='word_1_308' title='bbox 1148 3964 1219 3973; x_wconf 94' lang='grc'><strong><em>-</em></strong></span> <span class='ocrx_word' id='word_1_309' title='bbox 1258 3934 1435 4003; x_wconf 85' lang='grc' dir='ltr'><strong>Ἀλγῶ</strong></span> <span class='ocrx_word' id='word_1_310' title='bbox 1484 3934 1585 4005; x_wconf 83' lang='grc' dir='ltr'><strong>μὲν</strong></span> <span class='ocrx_word' id='word_1_311' title='bbox 1636 3934 1733 3988; x_wconf 78' lang='grc' dir='ltr'><strong>καὶ</strong></span> 
     </span>
    </p>
   </div>
   <div class='ocr_carea' id='block_1_41' title="bbox 195 4026 1732 4097">
    <p class='ocr_par' dir='ltr' id='par_1_41' title="bbox 195 4026 1732 4097">
     <span class='ocr_line' id='line_1_41' title="bbox 195 4026 1732 4097; baseline 0.007 -22"><span class='ocrx_word' id='word_1_312' title='bbox 195 4026 320 4089; x_wconf 68' lang='grc' dir='ltr'><strong>αὑτὸς</strong></span> <span class='ocrx_word' id='word_1_313' title='bbox 357 4028 549 4097; x_wconf 70' lang='grc' dir='ltr'>κομιδῆ</span> <span class='ocrx_word' id='word_1_314' title='bbox 576 4058 650 4068; x_wconf 89' lang='grc'><strong><em>-</em></strong></span> <span class='ocrx_word' id='word_1_315' title='bbox 678 4026 871 4096; x_wconf 67' lang='lat' dir='ltr'><strong>Operae</strong></span> <span class='ocrx_word' id='word_1_316' title='bbox 908 4026 1145 4097; x_wconf 87' lang='lat' dir='ltr'><strong>pretium</strong></span> <span class='ocrx_word' id='word_1_317' title='bbox 1199 4038 1381 4083; x_wconf 86' lang='lat' dir='ltr'><strong>autem</strong></span> <span class='ocrx_word' id='word_1_318' title='bbox 1427 4028 1595 4083; x_wconf 84' lang='lat' dir='ltr'><strong>fuerit</strong></span> <span class='ocrx_word' id='word_1_319' title='bbox 1632 4030 1732 4085; x_wconf 87' lang='lat' dir='ltr'><strong>bas</strong></span> 
     </span>
    </p>
   </div>
   <div class='ocr_carea' id='block_1_42' title="bbox 197 4118 1731 4191">
    <p class='ocr_par' dir='ltr' id='par_1_42' title="bbox 197 4118 1731 4191">
     <span class='ocr_line' id='line_1_42' title="bbox 197 4118 1731 4191; baseline 0.004 -22"><span class='ocrx_word' id='word_1_320' title='bbox 197 4118 343 4174; x_wconf 79' lang='lat' dir='ltr'><strong>isidori</strong></span> <span class='ocrx_word' id='word_1_321' title='bbox 369 4137 487 4191; x_wconf 89' lang='lat' dir='ltr'><strong>epp.</strong></span> <span class='ocrx_word' id='word_1_322' title='bbox 520 4130 779 4176; x_wconf 84' lang='lat' dir='ltr'><strong>accurate</strong></span> <span class='ocrx_word' id='word_1_323' title='bbox 811 4119 1059 4176; x_wconf 79' lang='lat' dir='ltr'><strong>conferre</strong></span> <span class='ocrx_word' id='word_1_324' title='bbox 1093 4137 1217 4175; x_wconf 91' lang='lat' dir='ltr'><strong>cum</strong></span> <span class='ocrx_word' id='word_1_325' title='bbox 1257 4122 1593 4176; x_wconf 86' lang='lat' dir='ltr'><strong>editionibus</strong></span> <span class='ocrx_word' id='word_1_326' title='bbox 1625 4122 1731 4175; x_wconf 90' lang='lat' dir='ltr'><strong>im-</strong></span> 
     </span>
    </p>
   </div>
   <div class='ocr_carea' id='block_1_43' title="bbox 198 4210 1734 4282">
    <p class='ocr_par' dir='ltr' id='par_1_43' title="bbox 198 4210 1734 4282">
     <span class='ocr_line' id='line_1_43' title="bbox 198 4210 1734 4282; baseline 0.003 -20"><span class='ocrx_word' id='word_1_327' title='bbox 198 4210 373 4273; x_wconf 77' lang='lat' dir='ltr'><strong>pressis.</strong></span> <span class='ocrx_word' id='word_1_328' title='bbox 402 4214 608 4267; x_wconf 82' lang='lat' dir='ltr'><strong>Forsan</strong></span> <span class='ocrx_word' id='word_1_329' title='bbox 639 4212 782 4266; x_wconf 91' lang='lat' dir='ltr'><strong>enim</strong></span> <span class='ocrx_word' id='word_1_330' title='bbox 808 4212 862 4265; x_wconf 93' lang='lat' dir='ltr'><strong>in</strong></span> <span class='ocrx_word' id='word_1_331' title='bbox 892 4212 994 4267; x_wconf 89' lang='lat' dir='ltr'><strong>hoc</strong></span> <span class='ocrx_word' id='word_1_332' title='bbox 1022 4212 1215 4266; x_wconf 87' lang='lat' dir='ltr'><strong>codice</strong></span> <span class='ocrx_word' id='word_1_333' title='bbox 1237 4213 1485 4282; x_wconf 66' lang='lat' dir='ltr'><strong>quaedam</strong></span> <span class='ocrx_word' id='word_1_334' title='bbox 1512 4222 1734 4268; x_wconf 83' lang='lat' dir='ltr'><strong>exstant</strong></span> 
     </span>
    </p>
   </div>
   <div class='ocr_carea' id='block_1_44' title="bbox 195 4305 1731 4377">
    <p class='ocr_par' dir='ltr' id='par_1_44' title="bbox 195 4305 1731 4377">
     <span class='ocr_line' id='line_1_44' title="bbox 195 4305 1731 4377; baseline 0.003 -20"><span class='ocrx_word' id='word_1_335' title='bbox 195 4306 389 4361; x_wconf 78' lang='lat' dir='ltr'><strong>nondum</strong></span> <span class='ocrx_word' id='word_1_336' title='bbox 413 4309 580 4362; x_wconf 86' lang='lat' dir='ltr'><strong>edita.</strong></span> <span class='ocrx_word' id='word_1_337' title='bbox 618 4326 635 4357; x_wconf 73' lang='grc' dir='ltr'><strong>ι</strong></span> <span class='ocrx_word' id='word_1_338' title='bbox 661 4337 732 4348; x_wconf 85' lang='grc'><strong><em>-</em></strong></span> <span class='ocrx_word' id='word_1_339' title='bbox 753 4306 923 4372; x_wconf 86' lang='lat' dir='ltr'><strong>Quam</strong></span> <span class='ocrx_word' id='word_1_340' title='bbox 960 4322 1087 4361; x_wconf 83' lang='lat' dir='ltr'><strong>vero</strong></span> <span class='ocrx_word' id='word_1_341' title='bbox 1116 4305 1386 4362; x_wconf 85' lang='lat' dir='ltr'><strong>Lambecii</strong></span> <span class='ocrx_word' id='word_1_342' title='bbox 1414 4306 1731 4377; x_wconf 87' lang='lat' dir='ltr'><strong>opinionem</strong></span> 
     </span>
    </p>
   </div>
   <div class='ocr_carea' id='block_1_45' title="bbox 198 4394 1733 4455">
    <p class='ocr_par' dir='ltr' id='par_1_45' title="bbox 198 4394 1733 4455">
     <span class='ocr_line' id='line_1_45' title="bbox 198 4394 1733 4455; baseline 0.003 -7"><span class='ocrx_word' id='word_1_343' title='bbox 198 4394 347 4452; x_wconf 73' lang='lat' dir='ltr'><strong>falsam</strong></span> <span class='ocrx_word' id='word_1_344' title='bbox 372 4415 487 4455; x_wconf 87' lang='lat' dir='ltr'><strong>esse</strong></span> <span class='ocrx_word' id='word_1_345' title='bbox 508 4399 799 4455; x_wconf 86' lang='lat' dir='ltr'><strong>contendit</strong></span> <span class='ocrx_word' id='word_1_346' title='bbox 820 4396 1091 4453; x_wconf 83' lang='lat' dir='ltr'><strong>Kollarius</strong></span> <span class='ocrx_word' id='word_1_347' title='bbox 1120 4399 1174 4454; x_wconf 90' lang='lat' dir='ltr'><strong>in</strong></span> <span class='ocrx_word' id='word_1_348' title='bbox 1206 4398 1338 4453; x_wconf 90' lang='lat' dir='ltr'><strong>edit.</strong></span> <span class='ocrx_word' id='word_1_349' title='bbox 1370 4398 1504 4453; x_wconf 90' lang='lat' dir='ltr'><strong>bibl.</strong></span> <span class='ocrx_word' id='word_1_350' title='bbox 1539 4398 1733 4453; x_wconf 83' lang='lat' dir='ltr'><strong>Lamb.</strong></span> 
     </span>
    </p>
   </div>
   <div class='ocr_carea' id='block_1_46' title="bbox 197 4490 1806 4566">
    <p class='ocr_par' dir='ltr' id='par_1_46' title="bbox 197 4490 1806 4566">
     <span class='ocr_line' id='line_1_46' title="bbox 197 4490 1806 4566; baseline 0.001 -23"><span class='ocrx_word' id='word_1_351' title='bbox 197 4496 297 4543; x_wconf 73' lang='lat' dir='ltr'><strong>tun.</strong></span> <span class='ocrx_word' id='word_1_352' title='bbox 339 4491 399 4557; x_wconf 71' lang='grc' dir='ltr'><strong>ν,</strong></span> <span class='ocrx_word' id='word_1_353' title='bbox 429 4509 483 4562; x_wconf 92' lang='lat' dir='ltr'><strong>p.</strong></span> <span class='ocrx_word' id='word_1_354' title='bbox 512 4493 641 4556; x_wconf 84' lang='lat'><strong>509,</strong></span> <span class='ocrx_word' id='word_1_355' title='bbox 675 4491 766 4546; x_wconf 93' lang='lat' dir='ltr'><strong>ubi</strong></span> <span class='ocrx_word' id='word_1_356' title='bbox 818 4491 937 4546; x_wconf 63' lang='lat' dir='ltr'><strong>haec</strong></span> <span class='ocrx_word' id='word_1_357' title='bbox 971 4499 1183 4545; x_wconf 81' lang='lat' dir='ltr'><strong>exstant</strong></span> <span class='ocrx_word' id='word_1_358' title='bbox 1220 4490 1467 4560; x_wconf 89' lang='lat' dir='ltr'><strong>ejusdem</strong></span> <span class='ocrx_word' id='word_1_359' title='bbox 1509 4490 1675 4545; x_wconf 89' lang='lat' dir='ltr'><strong>verba</strong></span> <span class='ocrx_word' id='word_1_360' title='bbox 1710 4509 1725 4545; x_wconf 89' lang='lat'><strong>:</strong></span> <span class='ocrx_word' id='word_1_361' title='bbox 1760 4510 1806 4566; x_wconf 79' lang='grc' dir='ltr'>ι)</span> 
     </span>
    </p>
   </div>
   <div class='ocr_carea' id='block_1_47' title="bbox 202 4582 1730 4656">
    <p class='ocr_par' dir='ltr' id='par_1_47' title="bbox 202 4582 1730 4656">
     <span class='ocr_line' id='line_1_47' title="bbox 202 4582 1730 4656; baseline 0.001 -20"><span class='ocrx_word' id='word_1_362' title='bbox 202 4600 214 4629; x_wconf 86' lang='grc'><em>‹</em></span> <span class='ocrx_word' id='word_1_363' title='bbox 248 4582 483 4637; x_wconf 77' lang='lat' dir='ltr'><strong>Czeterum</strong></span> <span class='ocrx_word' id='word_1_364' title='bbox 516 4585 808 4656; x_wconf 79' lang='lat' dir='ltr'><strong>diligenter</strong></span> <span class='ocrx_word' id='word_1_365' title='bbox 837 4584 1033 4638; x_wconf 88' lang='lat' dir='ltr'><strong>collato</strong></span> <span class='ocrx_word' id='word_1_366' title='bbox 1061 4584 1229 4638; x_wconf 89' lang='lat' dir='ltr'><strong>hocce</strong></span> <span class='ocrx_word' id='word_1_367' title='bbox 1254 4584 1443 4638; x_wconf 86' lang='lat' dir='ltr'><strong>codice</strong></span> <span class='ocrx_word' id='word_1_368' title='bbox 1471 4599 1598 4638; x_wconf 93' lang='lat' dir='ltr'><strong>cum</strong></span> <span class='ocrx_word' id='word_1_369' title='bbox 1626 4583 1730 4639; x_wconf 89' lang='lat' dir='ltr'><strong>lsi-</strong></span> 
     </span>
    </p>
   </div>
   <div class='ocr_carea' id='block_1_48' title="bbox 199 4670 1730 4744">
    <p class='ocr_par' dir='ltr' id='par_1_48' title="bbox 199 4670 1730 4744">
     <span class='ocr_line' id='line_1_48' title="bbox 199 4670 1730 4744; baseline 0.001 -18"><span class='ocrx_word' id='word_1_370' title='bbox 199 4670 285 4726; x_wconf 79' lang='lat' dir='ltr'><strong>dori</strong></span> <span class='ocrx_word' id='word_1_371' title='bbox 302 4674 527 4744; x_wconf 85' lang='lat' dir='ltr'><strong>epistolis</strong></span> <span class='ocrx_word' id='word_1_372' title='bbox 548 4674 774 4729; x_wconf 83' lang='lat' dir='ltr'><strong>Parisiis</strong></span> <span class='ocrx_word' id='word_1_373' title='bbox 799 4690 942 4728; x_wconf 86' lang='lat' dir='ltr'><strong>anno</strong></span> <span class='ocrx_word' id='word_1_374' title='bbox 971 4674 1127 4740; x_wconf 79' lang='lat'><strong>1658,</strong></span> <span class='ocrx_word' id='word_1_375' title='bbox 1149 4689 1179 4728; x_wconf 91' lang='lat' dir='ltr'><strong>a</strong></span> <span class='ocrx_word' id='word_1_376' title='bbox 1205 4672 1450 4728; x_wconf 85' lang='lat' dir='ltr'><strong>Morellio</strong></span> <span class='ocrx_word' id='word_1_377' title='bbox 1475 4673 1730 4744; x_wconf 83' lang='lat' dir='ltr'><strong>vulgatis,</strong></span> 
     </span>
    </p>
   </div>
   <div class='ocr_carea' id='block_1_49' title="bbox 202 4766 1730 4838">
    <p class='ocr_par' dir='ltr' id='par_1_49' title="bbox 202 4766 1730 4838">
     <span class='ocr_line' id='line_1_49' title="bbox 202 4766 1730 4838; baseline 0.003 -20"><span class='ocrx_word' id='word_1_378' title='bbox 202 4779 252 4818; x_wconf 80' lang='lat' dir='ltr'><strong>ne</strong></span> <span class='ocrx_word' id='word_1_379' title='bbox 274 4783 411 4821; x_wconf 84' lang='lat' dir='ltr'><strong>unam</strong></span> <span class='ocrx_word' id='word_1_380' title='bbox 433 4769 653 4838; x_wconf 87' lang='lat' dir='ltr'><strong>quidem</strong></span> <span class='ocrx_word' id='word_1_381' title='bbox 686 4767 975 4834; x_wconf 81' lang='lat' dir='ltr'><strong>ineditam,</strong></span> <span class='ocrx_word' id='word_1_382' title='bbox 997 4767 1107 4822; x_wconf 92' lang='lat' dir='ltr'><strong>imo</strong></span> <span class='ocrx_word' id='word_1_383' title='bbox 1129 4776 1240 4822; x_wconf 90' lang='lat' dir='ltr'><strong>tres</strong></span> <span class='ocrx_word' id='word_1_384' title='bbox 1267 4767 1443 4822; x_wconf 87' lang='lat' dir='ltr'><strong>editas</strong></span> <span class='ocrx_word' id='word_1_385' title='bbox 1464 4767 1521 4821; x_wconf 91' lang='lat' dir='ltr'><strong>in</strong></span> <span class='ocrx_word' id='word_1_386' title='bbox 1540 4766 1730 4822; x_wconf 89' lang='lat' dir='ltr'><strong>codice</strong></span> 
     </span>
    </p>
   </div>
   <div class='ocr_carea' id='block_1_50' title="bbox 202 4856 1729 4929">
    <p class='ocr_par' dir='ltr' id='par_1_50' title="bbox 202 4856 1729 4929">
     <span class='ocr_line' id='line_1_50' title="bbox 202 4856 1729 4929; baseline 0.002 -18"><span class='ocrx_word' id='word_1_387' title='bbox 202 4869 347 4913; x_wconf 81' lang='lat' dir='ltr'><strong>nostro</strong></span> <span class='ocrx_word' id='word_1_388' title='bbox 396 4860 714 4925; x_wconf 84' lang='lat' dir='ltr'><strong>desiderari,</strong></span> <span class='ocrx_word' id='word_1_389' title='bbox 757 4859 1033 4929; x_wconf 84' lang='lat' dir='ltr'><strong>comperi;</strong></span> <span class='ocrx_word' id='word_1_390' title='bbox 1080 4858 1289 4916; x_wconf 88' lang='lat' dir='ltr'><strong>scilicet</strong></span> <span class='ocrx_word' id='word_1_391' title='bbox 1335 4874 1428 4914; x_wconf 87' lang='lat' dir='ltr'><strong>eas</strong></span> <span class='ocrx_word' id='word_1_392' title='bbox 1498 4874 1620 4928; x_wconf 69' lang='lat' dir='ltr'><strong>quae</strong></span> <span class='ocrx_word' id='word_1_393' title='bbox 1672 4856 1729 4914; x_wconf 91' lang='lat' dir='ltr'><strong>in</strong></span> 
     </span>
    </p>
   </div>
   <div class='ocr_carea' id='block_1_51' title="bbox 202 4947 1726 5020">
    <p class='ocr_par' dir='ltr' id='par_1_51' title="bbox 202 4947 1726 5020">
     <span class='ocr_line' id='line_1_51' title="bbox 202 4947 1726 5020; baseline 0.004 -21"><span class='ocrx_word' id='word_1_394' title='bbox 202 4947 324 5003; x_wconf 84' lang='lat' dir='ltr'><strong>editis</strong></span> <span class='ocrx_word' id='word_1_395' title='bbox 346 4952 437 5009; x_wconf 92' lang='lat' dir='ltr'><strong>lib.</strong></span> <span class='ocrx_word' id='word_1_396' title='bbox 472 4968 541 5020; x_wconf 80' lang='grc' dir='ltr'><strong>ιι,</strong></span> <span class='ocrx_word' id='word_1_397' title='bbox 570 4968 630 5007; x_wconf 92' lang='lat' dir='ltr'><strong>n.</strong></span> <span class='ocrx_word' id='word_1_398' title='bbox 655 4952 776 5015; x_wconf 88' lang='lat'><strong>128,</strong></span> <span class='ocrx_word' id='word_1_399' title='bbox 804 4951 909 5005; x_wconf 89' lang='lat'><strong>277</strong></span> <span class='ocrx_word' id='word_1_400' title='bbox 940 4960 995 5006; x_wconf 82' lang='lat' dir='ltr'><strong>et</strong></span> <span class='ocrx_word' id='word_1_401' title='bbox 1026 4951 1163 5016; x_wconf 85' lang='lat'><strong>297,</strong></span> <span class='ocrx_word' id='word_1_402' title='bbox 1189 4951 1464 5020; x_wconf 83' lang='lat' dir='ltr'><strong>leguntur.</strong></span> <span class='ocrx_word' id='word_1_403' title='bbox 1498 4949 1726 5015; x_wconf 88' lang='lat' dir='ltr'><strong>Deinde,</strong></span> 
     </span>
    </p>
   </div>
   <div class='ocr_carea' id='block_1_52' title="bbox 203 5038 1730 5117">
    <p class='ocr_par' dir='ltr' id='par_1_52' title="bbox 203 5038 1730 5117">
     <span class='ocr_line' id='line_1_52' title="bbox 203 5038 1730 5117; baseline 0.003 -26"><span class='ocrx_word' id='word_1_404' title='bbox 203 5038 264 5094; x_wconf 77' lang='lat' dir='ltr'><strong>sic</strong></span> <span class='ocrx_word' id='word_1_405' title='bbox 286 5043 412 5097; x_wconf 90' lang='lat' dir='ltr'><strong>enim</strong></span> <span class='ocrx_word' id='word_1_406' title='bbox 436 5045 631 5117; x_wconf 79' lang='lat' dir='ltr'><strong>pergit,</strong></span> <span class='ocrx_word' id='word_1_407' title='bbox 662 5044 718 5099; x_wconf 90' lang='lat' dir='ltr'><strong>in</strong></span> <span class='ocrx_word' id='word_1_408' title='bbox 748 5045 918 5099; x_wconf 90' lang='lat' dir='ltr'><strong>libros</strong></span> <span class='ocrx_word' id='word_1_409' title='bbox 950 5043 1301 5114; x_wconf 88' lang='lat' dir='ltr'><strong>partitionem</strong></span> <span class='ocrx_word' id='word_1_410' title='bbox 1333 5044 1505 5098; x_wconf 88' lang='lat' dir='ltr'><strong>codex</strong></span> <span class='ocrx_word' id='word_1_411' title='bbox 1542 5051 1730 5097; x_wconf 90' lang='lat' dir='ltr'><strong>noster</strong></span> 
     </span>
    </p>
   </div>
   <div class='ocr_carea' id='block_1_53' title="bbox 204 5136 1730 5208">
    <p class='ocr_par' dir='ltr' id='par_1_53' title="bbox 204 5136 1730 5208">
     <span class='ocr_line' id='line_1_53' title="bbox 204 5136 1730 5208; baseline 0.007 -27"><span class='ocrx_word' id='word_1_412' title='bbox 204 5145 287 5184; x_wconf 84' lang='lat' dir='ltr'><strong>non</strong></span> <span class='ocrx_word' id='word_1_413' title='bbox 311 5138 556 5206; x_wconf 80' lang='lat' dir='ltr'><strong>agnoscit,</strong></span> <span class='ocrx_word' id='word_1_414' title='bbox 591 5154 770 5208; x_wconf 89' lang='lat' dir='ltr'><strong>neque</strong></span> <span class='ocrx_word' id='word_1_415' title='bbox 801 5138 938 5191; x_wconf 86' lang='lat' dir='ltr'><strong>ultra</strong></span> <span class='ocrx_word' id='word_1_416' title='bbox 973 5152 1111 5201; x_wconf 89' lang='lat' dir='ltr'><strong>eam,</strong></span> <span class='ocrx_word' id='word_1_417' title='bbox 1143 5152 1265 5206; x_wconf 66' lang='lat' dir='ltr'><strong>qua:</strong></span> <span class='ocrx_word' id='word_1_418' title='bbox 1296 5136 1352 5190; x_wconf 91' lang='lat' dir='ltr'><strong>in</strong></span> <span class='ocrx_word' id='word_1_419' title='bbox 1387 5136 1617 5208; x_wconf 78' lang='lat' dir='ltr'><strong>vulgatis</strong></span> <span class='ocrx_word' id='word_1_420' title='bbox 1647 5146 1730 5191; x_wconf 90' lang='lat' dir='ltr'><strong>est</strong></span> 
     </span>
    </p>
   </div>
   <div class='ocr_carea' id='block_1_54' title="bbox 205 5218 1125 5299">
    <p class='ocr_par' dir='ltr' id='par_1_54' title="bbox 205 5218 1125 5299">
     <span class='ocr_line' id='line_1_54' title="bbox 205 5218 1125 5299; baseline 0.009 -28"><span class='ocrx_word' id='word_1_421' title='bbox 205 5218 309 5277; x_wconf 87' lang='lat' dir='ltr'><strong>libro</strong></span> <span class='ocrx_word' id='word_1_422' title='bbox 328 5242 399 5289; x_wconf 86' lang='lat' dir='ltr'><strong>Ill,</strong></span> <span class='ocrx_word' id='word_1_423' title='bbox 424 5243 507 5299; x_wconf 86' lang='lat' dir='ltr'><strong>ep.</strong></span> <span class='ocrx_word' id='word_1_424' title='bbox 546 5228 671 5292; x_wconf 79' lang='lat'><strong>200,</strong></span> <span class='ocrx_word' id='word_1_425' title='bbox 704 5228 1062 5299; x_wconf 87' lang='lat' dir='ltr'><strong>progreditur.</strong></span> <span class='ocrx_word' id='word_1_426' title='bbox 1106 5246 1125 5279; x_wconf 75' lang='grc' dir='ltr'><strong>ι</strong></span> 
     </span>
    </p>
   </div>
   <div class='ocr_carea' id='block_1_55' title="bbox 256 5315 1729 5391">
    <p class='ocr_par' dir='ltr' id='par_1_55' title="bbox 256 5315 1729 5391">
     <span class='ocr_line' id='line_1_55' title="bbox 256 5315 1729 5391; baseline 0.003 -18"><span class='ocrx_word' id='word_1_427' title='bbox 256 5315 306 5368; x_wconf 82' lang='lat' dir='ltr'><strong>ll.</strong></span> <span class='ocrx_word' id='word_1_428' title='bbox 326 5318 492 5375; x_wconf 88' lang='lat' dir='ltr'><strong>Codex</strong></span> <span class='ocrx_word' id='word_1_429' title='bbox 518 5338 706 5387; x_wconf 79' lang='lat' dir='ltr'><strong>ccxcu,</strong></span> <span class='ocrx_word' id='word_1_430' title='bbox 736 5322 975 5391; x_wconf 83' lang='lat' dir='ltr'><strong>ejusdem</strong></span> <span class='ocrx_word' id='word_1_431' title='bbox 998 5322 1338 5376; x_wconf 62' lang='lat' dir='ltr'><strong>bibliothecae</strong></span> <span class='ocrx_word' id='word_1_432' title='bbox 1371 5330 1471 5383; x_wconf 89' lang='lat' dir='ltr'><strong>est,</strong></span> <span class='ocrx_word' id='word_1_433' title='bbox 1499 5320 1729 5377; x_wconf 84' lang='lat' dir='ltr'><strong>Lambe-</strong></span> 
     </span>
    </p>
   </div>
   <div class='ocr_carea' id='block_1_56' title="bbox 206 5404 1728 5484">
    <p class='ocr_par' dir='ltr' id='par_1_56' title="bbox 206 5404 1728 5484">
     <span class='ocr_line' id='line_1_56' title="bbox 206 5404 1728 5484; baseline 0.007 -26"><span class='ocrx_word' id='word_1_434' title='bbox 206 5404 321 5463; x_wconf 84' lang='lat' dir='ltr'><strong>ciol.</strong></span> <span class='ocrx_word' id='word_1_435' title='bbox 346 5412 379 5465; x_wconf 90' lang='grc' dir='ltr'><strong>Ι.</strong></span> <span class='ocrx_word' id='word_1_436' title='bbox 408 5428 459 5481; x_wconf 94' lang='lat' dir='ltr'><strong>p.</strong></span> <span class='ocrx_word' id='word_1_437' title='bbox 497 5414 631 5479; x_wconf 66' lang='lat'><strong>246;</strong></span> <span class='ocrx_word' id='word_1_438' title='bbox 661 5424 717 5469; x_wconf 89' lang='lat' dir='ltr'><strong>et</strong></span> <span class='ocrx_word' id='word_1_439' title='bbox 747 5413 982 5469; x_wconf 85' lang='lat' dir='ltr'><strong>Kollario</strong></span> <span class='ocrx_word' id='word_1_440' title='bbox 1025 5414 1061 5468; x_wconf 94' lang='lat' dir='ltr'><strong>l.</strong></span> <span class='ocrx_word' id='word_1_441' title='bbox 1099 5414 1136 5468; x_wconf 89' lang='grc' dir='ltr'><strong>Ι.</strong></span> <span class='ocrx_word' id='word_1_442' title='bbox 1171 5430 1225 5484; x_wconf 93' lang='lat' dir='ltr'><strong>p.</strong></span> <span class='ocrx_word' id='word_1_443' title='bbox 1282 5413 1406 5478; x_wconf 82' lang='lat'><strong>520,</strong></span> <span class='ocrx_word' id='word_1_444' title='bbox 1428 5412 1549 5479; x_wconf 82' lang='lat'><strong>521,</strong></span> <span class='ocrx_word' id='word_1_445' title='bbox 1575 5415 1728 5468; x_wconf 90' lang='lat' dir='ltr'><strong>testi-</strong></span> 
     </span>
    </p>
   </div>
   <div class='ocr_carea' id='block_1_57' title="bbox 210 5495 1729 5577">
    <p class='ocr_par' dir='ltr' id='par_1_57' title="bbox 210 5495 1729 5577">
     <span class='ocr_line' id='line_1_57' title="bbox 210 5495 1729 5577; baseline 0.009 -29"><span class='ocrx_word' id='word_1_446' title='bbox 210 5495 302 5563; x_wconf 87' lang='lat' dir='ltr'><strong>bus,</strong></span> <span class='ocrx_word' id='word_1_447' title='bbox 334 5504 665 5566; x_wconf 86' lang='lat' dir='ltr'><strong>chartaceus,</strong></span> <span class='ocrx_word' id='word_1_448' title='bbox 715 5507 992 5577; x_wconf 90' lang='lat' dir='ltr'><strong>antiquus,</strong></span> <span class='ocrx_word' id='word_1_449' title='bbox 1039 5506 1366 5575; x_wconf 89' lang='lat' dir='ltr'><strong>in-quarto,</strong></span> <span class='ocrx_word' id='word_1_450' title='bbox 1408 5515 1729 5576; x_wconf 89' lang='lat' dir='ltr'><strong>constatque</strong></span> 
     </span>
    </p>
   </div>
   <div class='ocr_carea' id='block_1_58' title="bbox 212 5586 1731 5654">
    <p class='ocr_par' dir='ltr' id='par_1_58' title="bbox 212 5586 1731 5654">
     <span class='ocr_line' id='line_1_58' title="bbox 212 5586 1731 5654; baseline 0.009 -15"><span class='ocrx_word' id='word_1_451' title='bbox 212 5586 318 5645; x_wconf 83' lang='lat' dir='ltr'><strong>loliis</strong></span> <span class='ocrx_word' id='word_1_452' title='bbox 345 5599 586 5653; x_wconf 86' lang='lat' dir='ltr'><strong>trecentis</strong></span> <span class='ocrx_word' id='word_1_453' title='bbox 609 5600 953 5654; x_wconf 91' lang='lat' dir='ltr'><strong>sedecim.—</strong></span> <span class='ocrx_word' id='word_1_454' title='bbox 970 5597 1331 5654; x_wconf 86' lang='lat' dir='ltr'><strong>Continentur</strong></span> <span class='ocrx_word' id='word_1_455' title='bbox 1358 5614 1425 5653; x_wconf 87' lang='lat' dir='ltr'><strong>eo</strong></span> <span class='ocrx_word' id='word_1_456' title='bbox 1456 5617 1469 5652; x_wconf 91' lang='lat'><strong>:</strong></span> <span class='ocrx_word' id='word_1_457' title='bbox 1513 5618 1530 5650; x_wconf 81' lang='grc' dir='ltr'><strong>ι</strong></span> <span class='ocrx_word' id='word_1_458' title='bbox 1556 5599 1613 5653; x_wconf 91' lang='lat' dir='ltr'><strong>S.</strong></span> <span class='ocrx_word' id='word_1_459' title='bbox 1638 5599 1731 5653; x_wconf 87' lang='lat' dir='ltr'><strong>lsi-</strong></span> 
     </span>
    </p>
   </div>
   <div class='ocr_carea' id='block_1_59' title="bbox 211 5682 1726 5764">
    <p class='ocr_par' dir='ltr' id='par_1_59' title="bbox 211 5682 1726 5764">
     <span class='ocr_line' id='line_1_59' title="bbox 211 5682 1726 5764; baseline 0.007 -27"><span class='ocrx_word' id='word_1_460' title='bbox 211 5682 299 5737; x_wconf 79' lang='lat' dir='ltr'><strong>duri</strong></span> <span class='ocrx_word' id='word_1_461' title='bbox 323 5686 586 5747; x_wconf 70' lang='lat' dir='ltr'><strong>Pelusiota:</strong></span> <span class='ocrx_word' id='word_1_462' title='bbox 619 5709 742 5764; x_wconf 88' lang='lat' dir='ltr'><strong>epp.</strong></span> <span class='ocrx_word' id='word_1_463' title='bbox 769 5692 838 5748; x_wconf 77' lang='lat'><strong>93</strong></span> <span class='ocrx_word' id='word_1_464' title='bbox 873 5692 942 5747; x_wconf 89' lang='lat' dir='ltr'><strong>de</strong></span> <span class='ocrx_word' id='word_1_465' title='bbox 972 5692 1416 5763; x_wconf 88' lang='lat' dir='ltr'><strong>interpretatione</strong></span> <span class='ocrx_word' id='word_1_466' title='bbox 1453 5708 1726 5748; x_wconf 87' lang='lat' dir='ltr'><strong>sacrarum</strong></span> 
     </span>
    </p>
   </div>
   <div class='ocr_carea' id='block_1_60' title="bbox 216 5770 1723 5857">
    <p class='ocr_par' dir='ltr' id='par_1_60' title="bbox 216 5770 1723 5857">
     <span class='ocr_line' id='line_1_60' title="bbox 216 5770 1723 5857; baseline 0.011 -32"><span class='ocrx_word' id='word_1_467' title='bbox 216 5770 584 5852; x_wconf 85' lang='lat' dir='ltr'><strong>Scripturarum,</strong></span> <span class='ocrx_word' id='word_1_468' title='bbox 615 5801 844 5857; x_wconf 90' lang='lat' dir='ltr'><strong>quarum</strong></span> <span class='ocrx_word' id='word_1_469' title='bbox 885 5784 1057 5857; x_wconf 84' lang='lat' dir='ltr'><strong>prima</strong></span> <span class='ocrx_word' id='word_1_470' title='bbox 1096 5785 1165 5843; x_wconf 88' lang='lat' dir='ltr'><strong>ad</strong></span> <span class='ocrx_word' id='word_1_471' title='bbox 1200 5785 1502 5843; x_wconf 87' lang='lat' dir='ltr'><strong>Palladium</strong></span> <span class='ocrx_word' id='word_1_472' title='bbox 1541 5786 1723 5842; x_wconf 88' lang='lat' dir='ltr'><strong>diaco-</strong></span> 
     </span>
    </p>
   </div>
   <div class='ocr_carea' id='block_1_61' title="bbox 1846 550 3431 625">
    <p class='ocr_par' dir='ltr' id='par_1_61' title="bbox 1846 550 3431 625">
     <span class='ocr_line' id='line_1_61' title="bbox 1846 550 3431 625; baseline 0.006 -23"><span class='ocrx_word' id='word_1_473' title='bbox 1846 550 1960 621; x_wconf 91' lang='lat' dir='ltr'><strong>(lib.</strong></span> <span class='ocrx_word' id='word_1_474' title='bbox 1988 568 2026 617; x_wconf 85' lang='grc' dir='ltr'><strong>ι,</strong></span> <span class='ocrx_word' id='word_1_475' title='bbox 2058 567 2146 622; x_wconf 90' lang='lat' dir='ltr'><strong>ep.</strong></span> <span class='ocrx_word' id='word_1_476' title='bbox 2189 553 2335 623; x_wconf 86' lang='lat'><strong>1&#39;79.)</strong></span> <span class='ocrx_word' id='word_1_477' title='bbox 2379 554 2505 608; x_wconf 86' lang='lat' dir='ltr'><strong>data</strong></span> <span class='ocrx_word' id='word_1_478' title='bbox 2546 563 2650 609; x_wconf 88' lang='lat' dir='ltr'><strong>est.</strong></span> <span class='ocrx_word' id='word_1_479' title='bbox 2697 554 3007 609; x_wconf 77' lang='lat' dir='ltr'><strong>Notandum</strong></span> <span class='ocrx_word' id='word_1_480' title='bbox 3044 564 3308 625; x_wconf 72' lang='lat' dir='ltr'><strong>praeterea</strong></span> <span class='ocrx_word' id='word_1_481' title='bbox 3340 564 3431 612; x_wconf 88' lang='lat' dir='ltr'><strong>est</strong></span> 
     </span>
    </p>
   </div>
   <div class='ocr_carea' id='block_1_62' title="bbox 1844 634 3424 718">
    <p class='ocr_par' dir='ltr' id='par_1_62' title="bbox 1844 634 3424 718">
     <span class='ocr_line' id='line_1_62' title="bbox 1844 634 3424 718; baseline 0.004 -21"><span class='ocrx_word' id='word_1_482' title='bbox 1844 642 1987 697; x_wconf 89' lang='lat' dir='ltr'><strong>inter</strong></span> <span class='ocrx_word' id='word_1_483' title='bbox 2019 645 2276 715; x_wconf 84' lang='lat' dir='ltr'><strong>epistolas</strong></span> <span class='ocrx_word' id='word_1_484' title='bbox 2314 662 2476 699; x_wconf 91' lang='lat' dir='ltr'><strong>unam</strong></span> <span class='ocrx_word' id='word_1_485' title='bbox 2502 661 2643 709; x_wconf 88' lang='lat' dir='ltr'><strong>esse,</strong></span> <span class='ocrx_word' id='word_1_486' title='bbox 2681 661 2846 716; x_wconf 90' lang='lat' dir='ltr'><strong>quam</strong></span> <span class='ocrx_word' id='word_1_487' title='bbox 2896 634 3041 701; x_wconf 78' lang='lat' dir='ltr'><strong>inter</strong></span> <span class='ocrx_word' id='word_1_488' title='bbox 3063 662 3191 718; x_wconf 90' lang='lat' dir='ltr'><strong>epp.</strong></span> <span class='ocrx_word' id='word_1_489' title='bbox 3231 664 3263 703; x_wconf 94' lang='lat' dir='ltr'><strong>a</strong></span> <span class='ocrx_word' id='word_1_490' title='bbox 3301 646 3424 705; x_wconf 78' lang='lat' dir='ltr'><strong>Rit-</strong></span> 
     </span>
    </p>
   </div>
   <div class='ocr_carea' id='block_1_63' title="bbox 1844 736 3425 811">
    <p class='ocr_par' dir='ltr' id='par_1_63' title="bbox 1844 736 3425 811">
     <span class='ocr_line' id='line_1_63' title="bbox 1844 736 3425 811; baseline 0.003 -22"><span class='ocrx_word' id='word_1_491' title='bbox 1844 736 2115 791; x_wconf 89' lang='lat' dir='ltr'><strong>tershusio</strong></span> <span class='ocrx_word' id='word_1_492' title='bbox 2142 747 2197 792; x_wconf 88' lang='lat' dir='ltr'><strong>ct</strong></span> <span class='ocrx_word' id='word_1_493' title='bbox 2224 738 2451 793; x_wconf 85' lang='lat' dir='ltr'><strong>Schotto</strong></span> <span class='ocrx_word' id='word_1_494' title='bbox 2477 739 2651 793; x_wconf 86' lang='lat' dir='ltr'><strong>editas</strong></span> <span class='ocrx_word' id='word_1_495' title='bbox 2684 754 2794 791; x_wconf 91' lang='lat' dir='ltr'><strong>non</strong></span> <span class='ocrx_word' id='word_1_496' title='bbox 2819 740 3018 809; x_wconf 86' lang='lat' dir='ltr'><strong>reperi,</strong></span> <span class='ocrx_word' id='word_1_497' title='bbox 3050 755 3251 811; x_wconf 89' lang='lat' dir='ltr'><strong>nempe</strong></span> <span class='ocrx_word' id='word_1_498' title='bbox 3282 740 3425 795; x_wconf 86' lang='lat' dir='ltr'><strong>duo-</strong></span> 
     </span>
    </p>
   </div>
   <div class='ocr_carea' id='block_1_64' title="bbox 1844 828 3426 901">
    <p class='ocr_par' dir='ltr' id='par_1_64' title="bbox 1844 828 3426 901">
     <span class='ocr_line' id='line_1_64' title="bbox 1844 828 3426 901; baseline 0.004 -20"><span class='ocrx_word' id='word_1_499' title='bbox 1844 828 2107 883; x_wconf 83' lang='lat' dir='ltr'><strong>decimam</strong></span> <span class='ocrx_word' id='word_1_500' title='bbox 2153 831 2219 884; x_wconf 91' lang='lat' dir='ltr'><strong>ad</strong></span> <span class='ocrx_word' id='word_1_501' title='bbox 2264 831 2593 885; x_wconf 65' lang='lat' dir='ltr'><strong>Tlialelazum</strong></span> <span class='ocrx_word' id='word_1_502' title='bbox 2633 831 2982 896; x_wconf 86' lang='lat' dir='ltr'><strong>monachum,</strong></span> <span class='ocrx_word' id='word_1_503' title='bbox 3030 832 3188 901; x_wconf 85' lang='lat' dir='ltr'><strong>cujus</strong></span> <span class='ocrx_word' id='word_1_504' title='bbox 3233 833 3426 888; x_wconf 90' lang='lat' dir='ltr'><strong>titulus</strong></span> 
     </span>
    </p>
   </div>
   <div class='ocr_carea' id='block_1_65' title="bbox 1843 922 3428 997">
    <p class='ocr_par' dir='ltr' id='par_1_65' title="bbox 1843 922 3428 997">
     <span class='ocr_line' id='line_1_65' title="bbox 1843 922 3428 997; baseline 0.003 -24"><span class='ocrx_word' id='word_1_505' title='bbox 1843 929 1897 973; x_wconf 93' lang='lat' dir='ltr'><strong>et</strong></span> <span class='ocrx_word' id='word_1_506' title='bbox 1919 922 2239 993; x_wconf 88' lang='lat' dir='ltr'><strong>principium</strong></span> <span class='ocrx_word' id='word_1_507' title='bbox 2268 943 2279 976; x_wconf 91' lang='lat'>:</span> <span class='ocrx_word' id='word_1_508' title='bbox 2312 922 2593 993; x_wconf 79' lang='grc' dir='ltr'><strong>Θαλελαὶῳ</strong></span> <span class='ocrx_word' id='word_1_509' title='bbox 2617 922 2853 994; x_wconf 84' lang='grc' dir='ltr'>μοναχῷ.</span> <span class='ocrx_word' id='word_1_510' title='bbox 2881 923 2978 975; x_wconf 76' lang='grc' dir='ltr'>Ἂν</span> <span class='ocrx_word' id='word_1_511' title='bbox 3011 926 3077 995; x_wconf 80' lang='grc' dir='ltr'><strong>τῇ</strong></span> <span class='ocrx_word' id='word_1_512' title='bbox 3110 927 3284 997; x_wconf 79' lang='grc' dir='ltr'>σκηνῇ</span> <span class='ocrx_word' id='word_1_513' title='bbox 3317 925 3428 979; x_wconf 82' lang='grc' dir='ltr'>τῶν</span> 
     </span>
    </p>
   </div>
   <div class='ocr_carea' id='block_1_66' title="bbox 1845 1010 3423 1087">
    <p class='ocr_par' dir='ltr' id='par_1_66' title="bbox 1845 1010 3423 1087">
     <span class='ocr_line' id='line_1_66' title="bbox 1845 1010 3423 1087; baseline 0.003 -23"><span class='ocrx_word' id='word_1_514' title='bbox 1845 1010 2086 1083; x_wconf 83' lang='grc' dir='ltr'><strong>θεάτρων</strong></span> <span class='ocrx_word' id='word_1_515' title='bbox 2123 1014 2397 1085; x_wconf 78' lang='grc' dir='ltr'>ἁρμόδιον,</span> <span class='ocrx_word' id='word_1_516' title='bbox 2448 1015 2537 1079; x_wconf 84' lang='grc' dir='ltr'><strong>τίς</strong></span> <span class='ocrx_word' id='word_1_517' title='bbox 2581 1032 2638 1068; x_wconf 88' lang='grc' dir='ltr'>σε</span> <span class='ocrx_word' id='word_1_518' title='bbox 2672 1016 2732 1068; x_wconf 77' lang='grc' dir='ltr'>οὐ</span> <span class='ocrx_word' id='word_1_519' title='bbox 2768 1015 3093 1087; x_wconf 80' lang='grc' dir='ltr'>κῳμωδήσει</span> <span class='ocrx_word' id='word_1_520' title='bbox 3128 1034 3185 1071; x_wconf 85' lang='grc' dir='ltr'><strong>κ.</strong></span> <span class='ocrx_word' id='word_1_521' title='bbox 3219 1034 3273 1073; x_wconf 85' lang='grc' dir='ltr'><strong>τ.</strong></span> <span class='ocrx_word' id='word_1_522' title='bbox 3312 1017 3363 1071; x_wconf 86' lang='grc' dir='ltr'>λ.</span> <span class='ocrx_word' id='word_1_523' title='bbox 3400 1034 3423 1069; x_wconf 71' lang='grc' dir='ltr'><strong>ι</strong></span> 
     </span>
    </p>
   </div>
   <div class='ocr_carea' id='block_1_67' title="bbox 1843 1104 2925 1177">
    <p class='ocr_par' dir='ltr' id='par_1_67' title="bbox 1843 1104 2925 1177">
     <span class='ocr_line' id='line_1_67' title="bbox 1843 1104 2925 1177; baseline 0.005 -19"><span class='ocrx_word' id='word_1_524' title='bbox 1843 1104 1925 1160; x_wconf 77' lang='lat' dir='ltr'><strong>Cf.</strong></span> <span class='ocrx_word' id='word_1_525' title='bbox 1956 1106 2261 1163; x_wconf 80' lang='lat' dir='ltr'><strong>Montefalc.</strong></span> <span class='ocrx_word' id='word_1_526' title='bbox 2292 1106 2429 1163; x_wconf 82' lang='lat' dir='ltr'><strong>Bibl.</strong></span> <span class='ocrx_word' id='word_1_527' title='bbox 2461 1108 2585 1161; x_wconf 90' lang='lat' dir='ltr'><strong>bibl.</strong></span> <span class='ocrx_word' id='word_1_528' title='bbox 2621 1124 2675 1177; x_wconf 90' lang='lat' dir='ltr'><strong>p.</strong></span> <span class='ocrx_word' id='word_1_529' title='bbox 2709 1107 2834 1163; x_wconf 84' lang='grc'><strong>550.</strong></span> <span class='ocrx_word' id='word_1_530' title='bbox 2867 1106 2925 1163; x_wconf 81' lang='grc' dir='ltr'><strong>Β.</strong></span> 
     </span>
    </p>
   </div>
   <div class='ocr_carea' id='block_1_68' title="bbox 1915 1197 3425 1273">
    <p class='ocr_par' dir='ltr' id='par_1_68' title="bbox 1915 1197 3425 1273">
     <span class='ocr_line' id='line_1_68' title="bbox 1915 1197 3425 1273; baseline 0.005 -23"><span class='ocrx_word' id='word_1_531' title='bbox 1915 1197 1999 1252; x_wconf 91' lang='lat' dir='ltr'><strong>lll.</strong></span> <span class='ocrx_word' id='word_1_532' title='bbox 2035 1199 2216 1254; x_wconf 84' lang='lat' dir='ltr'><strong>Codex</strong></span> <span class='ocrx_word' id='word_1_533' title='bbox 2282 1216 2464 1255; x_wconf 83' lang='lat' dir='ltr'><strong>ccxln.</strong></span> <span class='ocrx_word' id='word_1_534' title='bbox 2506 1200 2793 1255; x_wconf 87' lang='lat' dir='ltr'><strong>duodecim</strong></span> <span class='ocrx_word' id='word_1_535' title='bbox 2822 1201 3067 1256; x_wconf 87' lang='lat' dir='ltr'><strong>continet</strong></span> <span class='ocrx_word' id='word_1_536' title='bbox 3108 1201 3237 1256; x_wconf 85' lang='lat' dir='ltr'><strong>Isid.</strong></span> <span class='ocrx_word' id='word_1_537' title='bbox 3274 1217 3425 1273; x_wconf 88' lang='lat' dir='ltr'><strong>epp.,</strong></span> 
     </span>
    </p>
   </div>
   <div class='ocr_carea' id='block_1_69' title="bbox 1843 1291 3427 1363">
    <p class='ocr_par' dir='ltr' id='par_1_69' title="bbox 1843 1291 3427 1363">
     <span class='ocr_line' id='line_1_69' title="bbox 1843 1291 3427 1363; baseline 0.004 -21"><span class='ocrx_word' id='word_1_538' title='bbox 1843 1305 2069 1359; x_wconf 88' lang='lat' dir='ltr'><strong>quarum</strong></span> <span class='ocrx_word' id='word_1_539' title='bbox 2105 1293 2277 1363; x_wconf 87' lang='lat' dir='ltr'><strong>prima</strong></span> <span class='ocrx_word' id='word_1_540' title='bbox 2309 1293 2375 1347; x_wconf 89' lang='lat' dir='ltr'><strong>ad</strong></span> <span class='ocrx_word' id='word_1_541' title='bbox 2404 1291 2771 1347; x_wconf 86' lang='lat' dir='ltr'><strong>Theodosium</strong></span> <span class='ocrx_word' id='word_1_542' title='bbox 2799 1293 3183 1348; x_wconf 88' lang='lat' dir='ltr'><strong>scholasticum</strong></span> <span class='ocrx_word' id='word_1_543' title='bbox 3221 1294 3301 1349; x_wconf 91' lang='lat' dir='ltr'><strong>sic</strong></span> <span class='ocrx_word' id='word_1_544' title='bbox 3338 1293 3427 1349; x_wconf 90' lang='lat' dir='ltr'><strong>in-</strong></span> 
     </span>
    </p>
   </div>
   <div class='ocr_carea' id='block_1_70' title="bbox 1844 1383 3426 1457">
    <p class='ocr_par' dir='ltr' id='par_1_70' title="bbox 1844 1383 3426 1457">
     <span class='ocr_line' id='line_1_70' title="bbox 1844 1383 3426 1457; baseline 0.004 -22"><span class='ocrx_word' id='word_1_545' title='bbox 1844 1383 2013 1451; x_wconf 82' lang='lat' dir='ltr'><strong>cipit:</strong></span> <span class='ocrx_word' id='word_1_546' title='bbox 2044 1385 2117 1437; x_wconf 82' lang='grc' dir='ltr'><strong>Τὸ</strong></span> <span class='ocrx_word' id='word_1_547' title='bbox 2168 1385 2427 1451; x_wconf 77' lang='grc' dir='ltr'>περισσὸν</span> <span class='ocrx_word' id='word_1_548' title='bbox 2463 1386 2496 1455; x_wconf 82' lang='grc' dir='ltr'>ἢ</span> <span class='ocrx_word' id='word_1_549' title='bbox 2538 1385 2841 1457; x_wconf 82' lang='grc' dir='ltr'>ἀλλότριον.</span> <span class='ocrx_word' id='word_1_550' title='bbox 2889 1416 2959 1427; x_wconf 92' lang='grc'><strong>-</strong></span> <span class='ocrx_word' id='word_1_551' title='bbox 2990 1385 3074 1441; x_wconf 80' lang='lat' dir='ltr'><strong>Cf.</strong></span> <span class='ocrx_word' id='word_1_552' title='bbox 3114 1384 3426 1443; x_wconf 85' lang='lat' dir='ltr'><strong>Montelalc.</strong></span> 
     </span>
    </p>
   </div>
   <div class='ocr_carea' id='block_1_71' title="bbox 1844 1462 3228 1549">
    <p class='ocr_par' dir='ltr' id='par_1_71' title="bbox 1844 1462 3228 1549">
     <span class='ocr_line' id='line_1_71' title="bbox 1844 1462 3228 1549; baseline 0.008 -21"><span class='ocrx_word' id='word_1_553' title='bbox 1844 1475 1978 1530; x_wconf 84' lang='lat' dir='ltr'><strong>Bibl.</strong></span> <span class='ocrx_word' id='word_1_554' title='bbox 2004 1480 2126 1533; x_wconf 86' lang='lat' dir='ltr'><strong>bibl.</strong></span> <span class='ocrx_word' id='word_1_555' title='bbox 2165 1495 2218 1549; x_wconf 90' lang='lat' dir='ltr'><strong>p.</strong></span> <span class='ocrx_word' id='word_1_556' title='bbox 2248 1480 2371 1539; x_wconf 87' lang='grc'><strong>548.</strong></span> <span class='ocrx_word' id='word_1_557' title='bbox 2398 1478 2457 1533; x_wconf 82' lang='lat' dir='ltr'><strong>u.</strong></span> <span class='ocrx_word' id='word_1_558' title='bbox 3216 1462 3228 1474; x_wconf 85' lang='grc'><em>’</em></span> 
     </span>
    </p>
   </div>
   <div class='ocr_carea' id='block_1_72' title="bbox 1915 1569 3429 1637">
    <p class='ocr_par' dir='ltr' id='par_1_72' title="bbox 1915 1569 3429 1637">
     <span class='ocr_line' id='line_1_72' title="bbox 1915 1569 3429 1637; baseline 0.003 -14"><span class='ocrx_word' id='word_1_559' title='bbox 1915 1569 2002 1623; x_wconf 87' lang='lat' dir='ltr'><strong>lV.</strong></span> <span class='ocrx_word' id='word_1_560' title='bbox 2030 1570 2207 1625; x_wconf 82' lang='lat' dir='ltr'><strong>Codex</strong></span> <span class='ocrx_word' id='word_1_561' title='bbox 2236 1586 2343 1626; x_wconf 80' lang='lat' dir='ltr'><strong>Civ.</strong></span> <span class='ocrx_word' id='word_1_562' title='bbox 2367 1580 2451 1626; x_wconf 88' lang='lat' dir='ltr'><strong>est</strong></span> <span class='ocrx_word' id='word_1_563' title='bbox 2473 1569 2710 1625; x_wconf 82' lang='lat' dir='ltr'><strong>Kollario</strong></span> <span class='ocrx_word' id='word_1_564' title='bbox 2738 1581 2879 1633; x_wconf 79' lang='lat' dir='ltr'><strong>teste</strong></span> <span class='ocrx_word' id='word_1_565' title='bbox 2904 1572 3245 1637; x_wconf 87' lang='lat' dir='ltr'><strong>chartaceus,</strong></span> <span class='ocrx_word' id='word_1_566' title='bbox 3269 1572 3429 1628; x_wconf 80' lang='lat' dir='ltr'><strong>folio--</strong></span> 
     </span>
    </p>
   </div>
   <div class='ocr_carea' id='block_1_73' title="bbox 1846 1663 3425 1729">
    <p class='ocr_par' dir='ltr' id='par_1_73' title="bbox 1846 1663 3425 1729">
     <span class='ocr_line' id='line_1_73' title="bbox 1846 1663 3425 1729; baseline 0.005 -16"><span class='ocrx_word' id='word_1_567' title='bbox 1846 1676 1964 1715; x_wconf 87' lang='lat' dir='ltr'><strong>rum</strong></span> <span class='ocrx_word' id='word_1_568' title='bbox 1992 1672 2360 1718; x_wconf 86' lang='lat' dir='ltr'><strong>trecentorum</strong></span> <span class='ocrx_word' id='word_1_569' title='bbox 2410 1671 2465 1718; x_wconf 91' lang='lat' dir='ltr'><strong>et</strong></span> <span class='ocrx_word' id='word_1_570' title='bbox 2492 1664 2754 1729; x_wconf 87' lang='lat' dir='ltr'><strong>sedecim,</strong></span> <span class='ocrx_word' id='word_1_571' title='bbox 2787 1678 2915 1719; x_wconf 64' lang='lat' dir='ltr'><strong>sine.</strong></span> <span class='ocrx_word' id='word_1_572' title='bbox 2942 1663 3059 1719; x_wconf 78' lang='lat' dir='ltr'><strong>XV.</strong></span> <span class='ocrx_word' id='word_1_573' title='bbox 3088 1665 3247 1720; x_wconf 89' lang='lat' dir='ltr'><strong>initio</strong></span> <span class='ocrx_word' id='word_1_574' title='bbox 3285 1666 3425 1721; x_wconf 88' lang='lat' dir='ltr'><strong>scri-</strong></span> 
     </span>
    </p>
   </div>
   <div class='ocr_carea' id='block_1_74' title="bbox 1844 1755 3428 1828">
    <p class='ocr_par' dir='ltr' id='par_1_74' title="bbox 1844 1755 3428 1828">
     <span class='ocr_line' id='line_1_74' title="bbox 1844 1755 3428 1828; baseline 0.004 -23"><span class='ocrx_word' id='word_1_575' title='bbox 1844 1762 1989 1821; x_wconf 87' lang='lat' dir='ltr'><strong>ptus.</strong></span> <span class='ocrx_word' id='word_1_576' title='bbox 2023 1755 2386 1811; x_wconf 84' lang='lat' dir='ltr'><strong>Continentur</strong></span> <span class='ocrx_word' id='word_1_577' title='bbox 2417 1765 2620 1821; x_wconf 87' lang='lat' dir='ltr'><strong>autem,</strong></span> <span class='ocrx_word' id='word_1_578' title='bbox 2654 1767 2716 1811; x_wconf 91' lang='lat' dir='ltr'><strong>ut</strong></span> <span class='ocrx_word' id='word_1_579' title='bbox 2748 1758 2892 1812; x_wconf 84' lang='lat' dir='ltr'><strong>idem</strong></span> <span class='ocrx_word' id='word_1_580' title='bbox 2930 1758 2987 1811; x_wconf 90' lang='lat' dir='ltr'><strong>in</strong></span> <span class='ocrx_word' id='word_1_581' title='bbox 3014 1758 3428 1828; x_wconf 77' lang='lat' dir='ltr'><strong>supplemento-</strong></span> 
     </span>
    </p>
   </div>
   <div class='ocr_carea' id='block_1_75' title="bbox 1845 1848 3425 1921">
    <p class='ocr_par' dir='ltr' id='par_1_75' title="bbox 1845 1848 3425 1921">
     <span class='ocr_line' id='line_1_75' title="bbox 1845 1848 3425 1921; baseline 0.004 -22"><span class='ocrx_word' id='word_1_582' title='bbox 1845 1861 1962 1900; x_wconf 89' lang='lat' dir='ltr'><strong>rum</strong></span> <span class='ocrx_word' id='word_1_583' title='bbox 1987 1849 2056 1903; x_wconf 87' lang='lat' dir='ltr'><strong>ad</strong></span> <span class='ocrx_word' id='word_1_584' title='bbox 2090 1848 2363 1903; x_wconf 88' lang='lat' dir='ltr'><strong>Lambecii</strong></span> <span class='ocrx_word' id='word_1_585' title='bbox 2394 1850 2815 1904; x_wconf 88' lang='lat' dir='ltr'><strong>commentarios</strong></span> <span class='ocrx_word' id='word_1_586' title='bbox 2845 1850 2982 1905; x_wconf 91' lang='lat' dir='ltr'><strong>libro</strong></span> <span class='ocrx_word' id='word_1_587' title='bbox 3008 1851 3185 1920; x_wconf 89' lang='lat' dir='ltr'><strong>primo</strong></span> <span class='ocrx_word' id='word_1_588' title='bbox 3208 1867 3263 1921; x_wconf 94' lang='lat' dir='ltr'><strong>p.</strong></span> <span class='ocrx_word' id='word_1_589' title='bbox 3296 1851 3425 1918; x_wconf 77' lang='grc'><strong>644,</strong></span> 
     </span>
    </p>
   </div>
   <div class='ocr_carea' id='block_1_76' title="bbox 1843 1940 3426 2005">
    <p class='ocr_par' dir='ltr' id='par_1_76' title="bbox 1843 1940 3426 2005">
     <span class='ocr_line' id='line_1_76' title="bbox 1843 1940 3426 2005; baseline 0.005 -14"><span class='ocrx_word' id='word_1_590' title='bbox 1843 1940 1948 1993; x_wconf 72' lang='lat'><strong>6-15</strong></span> <span class='ocrx_word' id='word_1_591' title='bbox 1978 1942 2157 2005; x_wconf 87' lang='lat' dir='ltr'><strong>tradit,</strong></span> <span class='ocrx_word' id='word_1_592' title='bbox 2188 1942 2243 1995; x_wconf 93' lang='lat' dir='ltr'><strong>in</strong></span> <span class='ocrx_word' id='word_1_593' title='bbox 2272 1958 2338 1996; x_wconf 90' lang='lat' dir='ltr'><strong>eo</strong></span> <span class='ocrx_word' id='word_1_594' title='bbox 2371 1942 2495 1996; x_wconf 89' lang='lat' dir='ltr'><strong>inde</strong></span> <span class='ocrx_word' id='word_1_595' title='bbox 2524 1958 2554 1996; x_wconf 88' lang='lat' dir='ltr'><strong>a</strong></span> <span class='ocrx_word' id='word_1_596' title='bbox 2592 1942 2722 1997; x_wconf 77' lang='lat' dir='ltr'><strong>folio</strong></span> <span class='ocrx_word' id='word_1_597' title='bbox 2768 1943 2864 1998; x_wconf 85' lang='lat'><strong>281</strong></span> <span class='ocrx_word' id='word_1_598' title='bbox 2902 1944 3092 1999; x_wconf 87' lang='lat' dir='ltr'><strong>lsidori</strong></span> <span class='ocrx_word' id='word_1_599' title='bbox 3136 1941 3426 1999; x_wconf 67' lang='lat' dir='ltr'><strong>Pelusiotae</strong></span> 
     </span>
    </p>
   </div>
   <div class='ocr_carea' id='block_1_77' title="bbox 1843 2033 3427 2107">
    <p class='ocr_par' dir='ltr' id='par_1_77' title="bbox 1843 2033 3427 2107">
     <span class='ocr_line' id='line_1_77' title="bbox 1843 2033 3427 2107; baseline 0.004 -23"><span class='ocrx_word' id='word_1_600' title='bbox 1843 2047 1968 2101; x_wconf 86' lang='lat' dir='ltr'><strong>epp.</strong></span> <span class='ocrx_word' id='word_1_601' title='bbox 2002 2033 2125 2088; x_wconf 84' lang='grc'><strong>414.</strong></span> <span class='ocrx_word' id='word_1_602' title='bbox 2146 2065 2217 2072; x_wconf 91' lang='grc'><strong>-</strong></span> <span class='ocrx_word' id='word_1_603' title='bbox 2242 2054 2260 2086; x_wconf 82' lang='grc' dir='ltr'><strong>ι</strong></span> <span class='ocrx_word' id='word_1_604' title='bbox 2291 2036 2545 2090; x_wconf 81' lang='lat' dir='ltr'><strong>Auctoris</strong></span> <span class='ocrx_word' id='word_1_605' title='bbox 2575 2035 2815 2105; x_wconf 88' lang='lat' dir='ltr'><strong>quidem,</strong></span> <span class='ocrx_word' id='word_1_606' title='bbox 2855 2036 2929 2089; x_wconf 85' lang='lat' dir='ltr'><strong>ita</strong></span> <span class='ocrx_word' id='word_1_607' title='bbox 2967 2036 3146 2107; x_wconf 84' lang='lat' dir='ltr'><strong>pergit</strong></span> <span class='ocrx_word' id='word_1_608' title='bbox 3170 2036 3282 2100; x_wconf 91' lang='lat' dir='ltr'><strong>ille,</strong></span> <span class='ocrx_word' id='word_1_609' title='bbox 3324 2052 3427 2091; x_wconf 86' lang='lat' dir='ltr'><strong>no-</strong></span> 
     </span>
    </p>
   </div>
   <div class='ocr_carea' id='block_1_78' title="bbox 1842 2126 3424 2198">
    <p class='ocr_par' dir='ltr' id='par_1_78' title="bbox 1842 2126 3424 2198">
     <span class='ocr_line' id='line_1_78' title="bbox 1842 2126 3424 2198; baseline 0.004 -21"><span class='ocrx_word' id='word_1_610' title='bbox 1842 2140 1966 2179; x_wconf 87' lang='lat' dir='ltr'><strong>men</strong></span> <span class='ocrx_word' id='word_1_611' title='bbox 1994 2126 2049 2179; x_wconf 91' lang='lat' dir='ltr'><strong>in</strong></span> <span class='ocrx_word' id='word_1_612' title='bbox 2073 2128 2302 2197; x_wconf 90' lang='lat' dir='ltr'><strong>exempli</strong></span> <span class='ocrx_word' id='word_1_613' title='bbox 2328 2127 2503 2182; x_wconf 82' lang='lat' dir='ltr'><strong>fronte</strong></span> <span class='ocrx_word' id='word_1_614' title='bbox 2526 2144 2635 2182; x_wconf 91' lang='lat' dir='ltr'><strong>non</strong></span> <span class='ocrx_word' id='word_1_615' title='bbox 2666 2135 2965 2198; x_wconf 88' lang='lat' dir='ltr'><strong>comparet,</strong></span> <span class='ocrx_word' id='word_1_616' title='bbox 2990 2128 3085 2183; x_wconf 86' lang='lat' dir='ltr'><strong>sed</strong></span> <span class='ocrx_word' id='word_1_617' title='bbox 3115 2145 3242 2184; x_wconf 88' lang='lat' dir='ltr'><strong>cum</strong></span> <span class='ocrx_word' id='word_1_618' title='bbox 3266 2129 3424 2195; x_wconf 81' lang='lat' dir='ltr'><strong>illud.</strong></span> 
     </span>
    </p>
   </div>
   <div class='ocr_carea' id='block_1_79' title="bbox 1843 2219 3433 2290">
    <p class='ocr_par' dir='ltr' id='par_1_79' title="bbox 1843 2219 3433 2290">
     <span class='ocr_line' id='line_1_79' title="bbox 1843 2219 3433 2290; baseline 0.003 -19"><span class='ocrx_word' id='word_1_619' title='bbox 1843 2228 1956 2271; x_wconf 90' lang='lat' dir='ltr'><strong>tum</strong></span> <span class='ocrx_word' id='word_1_620' title='bbox 1978 2219 2140 2273; x_wconf 87' lang='lat' dir='ltr'><strong>etiam</strong></span> <span class='ocrx_word' id='word_1_621' title='bbox 2163 2220 2512 2290; x_wconf 83' lang='lat' dir='ltr'><strong>epistolarum</strong></span> <span class='ocrx_word' id='word_1_622' title='bbox 2538 2235 2826 2275; x_wconf 88' lang='lat' dir='ltr'><strong>numerum</strong></span> <span class='ocrx_word' id='word_1_623' title='bbox 2850 2220 3184 2276; x_wconf 87' lang='lat' dir='ltr'><strong>iudicaverat</strong></span> <span class='ocrx_word' id='word_1_624' title='bbox 3210 2221 3292 2276; x_wconf 80' lang='lat' dir='ltr'><strong>Cl.</strong></span> <span class='ocrx_word' id='word_1_625' title='bbox 3318 2221 3433 2276; x_wconf 81' lang='lat' dir='ltr'><strong>Te-</strong></span> 
     </span>
    </p>
   </div>
   <div class='ocr_carea' id='block_1_80' title="bbox 1841 2312 3425 2383">
    <p class='ocr_par' dir='ltr' id='par_1_80' title="bbox 1841 2312 3425 2383">
     <span class='ocr_line' id='line_1_80' title="bbox 1841 2312 3425 2383; baseline 0.005 -22"><span class='ocrx_word' id='word_1_626' title='bbox 1841 2312 2136 2381; x_wconf 84' lang='lat' dir='ltr'><strong>gnagelius,</strong></span> <span class='ocrx_word' id='word_1_627' title='bbox 2166 2313 2481 2383; x_wconf 72' lang='lat' dir='ltr'><strong>praescripto</strong></span> <span class='ocrx_word' id='word_1_628' title='bbox 2510 2328 2611 2367; x_wconf 87' lang='lat' dir='ltr'><strong>suo</strong></span> <span class='ocrx_word' id='word_1_629' title='bbox 2642 2329 2807 2369; x_wconf 87' lang='lat' dir='ltr'><strong>manu</strong></span> <span class='ocrx_word' id='word_1_630' title='bbox 2840 2313 2945 2369; x_wconf 87' lang='lat' dir='ltr'><strong>hoc</strong></span> <span class='ocrx_word' id='word_1_631' title='bbox 2982 2313 3141 2368; x_wconf 91' lang='lat' dir='ltr'><strong>titulo</strong></span> <span class='ocrx_word' id='word_1_632' title='bbox 3176 2332 3190 2369; x_wconf 91' lang='lat'><strong>:</strong></span> <span class='ocrx_word' id='word_1_633' title='bbox 3222 2314 3282 2369; x_wconf 90' lang='lat' dir='ltr'><strong>S.</strong></span> <span class='ocrx_word' id='word_1_634' title='bbox 3315 2313 3425 2369; x_wconf 81' lang='lat' dir='ltr'><strong>lsi—</strong></span> 
     </span>
    </p>
   </div>
   <div class='ocr_carea' id='block_1_81' title="bbox 1839 2403 3423 2478">
    <p class='ocr_par' dir='ltr' id='par_1_81' title="bbox 1839 2403 3423 2478">
     <span class='ocr_line' id='line_1_81' title="bbox 1839 2403 3423 2478; baseline 0.006 -21"><span class='ocrx_word' id='word_1_635' title='bbox 1839 2403 1956 2457; x_wconf 90' lang='lat' dir='ltr'><strong>dori</strong></span> <span class='ocrx_word' id='word_1_636' title='bbox 1999 2404 2283 2459; x_wconf 58' lang='lat' dir='ltr'><strong>Pelusiotae</strong></span> <span class='ocrx_word' id='word_1_637' title='bbox 2304 2421 2429 2475; x_wconf 91' lang='lat' dir='ltr'><strong>epp.</strong></span> <span class='ocrx_word' id='word_1_638' title='bbox 2463 2406 2877 2476; x_wconf 88' lang='lat' dir='ltr'><strong>quatuordecim</strong></span> <span class='ocrx_word' id='word_1_639' title='bbox 2905 2414 2961 2460; x_wconf 89' lang='lat' dir='ltr'><strong>et</strong></span> <span class='ocrx_word' id='word_1_640' title='bbox 2988 2406 3423 2478; x_wconf 59' lang='lat' dir='ltr'><strong>quadringenta.</strong></span> 
     </span>
    </p>
   </div>
   <div class='ocr_carea' id='block_1_82' title="bbox 1839 2495 3427 2569">
    <p class='ocr_par' dir='ltr' id='par_1_82' title="bbox 1839 2495 3427 2569">
     <span class='ocr_line' id='line_1_82' title="bbox 1839 2495 3427 2569; baseline 0.003 -22"><span class='ocrx_word' id='word_1_641' title='bbox 1839 2496 1961 2549; x_wconf 87' lang='grc'><strong>414.</strong></span> <span class='ocrx_word' id='word_1_642' title='bbox 1991 2495 2117 2551; x_wconf 65' lang='lat' dir='ltr'><strong>Haec</strong></span> <span class='ocrx_word' id='word_1_643' title='bbox 2145 2498 2251 2551; x_wconf 92' lang='lat' dir='ltr'><strong>ille.</strong></span> <span class='ocrx_word' id='word_1_644' title='bbox 2280 2497 2460 2553; x_wconf 87' lang='lat' dir='ltr'><strong>Prima</strong></span> <span class='ocrx_word' id='word_1_645' title='bbox 2490 2499 2611 2553; x_wconf 89' lang='lat' dir='ltr'><strong>sine</strong></span> <span class='ocrx_word' id='word_1_646' title='bbox 2636 2498 2934 2569; x_wconf 81' lang='lat' dir='ltr'><strong>epigrapbe</strong></span> <span class='ocrx_word' id='word_1_647' title='bbox 2964 2498 3195 2568; x_wconf 87' lang='lat' dir='ltr'><strong>incipit:</strong></span> <span class='ocrx_word' id='word_1_648' title='bbox 3226 2499 3289 2553; x_wconf 89' lang='grc' dir='ltr'><strong>Οἱ</strong></span> <span class='ocrx_word' id='word_1_649' title='bbox 3321 2499 3427 2569; x_wconf 77' lang='grc' dir='ltr'><strong>μὲν</strong></span> 
     </span>
    </p>
   </div>
   <div class='ocr_carea' id='block_1_83' title="bbox 1838 2587 3431 2662">
    <p class='ocr_par' dir='ltr' id='par_1_83' title="bbox 1838 2587 3431 2662">
     <span class='ocr_line' id='line_1_83' title="bbox 1838 2587 3431 2662; baseline 0.003 -22"><span class='ocrx_word' id='word_1_650' title='bbox 1838 2587 1983 2656; x_wconf 76' lang='grc' dir='ltr'>ἆγιοι</span> <span class='ocrx_word' id='word_1_651' title='bbox 2015 2589 2112 2659; x_wconf 82' lang='grc' dir='ltr'><strong>τῆς</strong></span> <span class='ocrx_word' id='word_1_652' title='bbox 2148 2591 2447 2662; x_wconf 83' lang='grc' dir='ltr'>μοναχικῆς</span> <span class='ocrx_word' id='word_1_653' title='bbox 2484 2590 2799 2659; x_wconf 79' lang='grc' dir='ltr'>φιλοσοφίας</span> <span class='ocrx_word' id='word_1_654' title='bbox 2832 2593 3120 2661; x_wconf 79' lang='grc' dir='ltr'>κορυφαῖοι</span> <span class='ocrx_word' id='word_1_655' title='bbox 3153 2591 3250 2645; x_wconf 80' lang='grc' dir='ltr'><strong>καὶ</strong></span> <span class='ocrx_word' id='word_1_656' title='bbox 3288 2592 3431 2662; x_wconf 79' lang='grc' dir='ltr'><strong>ἠγε-</strong></span> 
     </span>
    </p>
   </div>
   <div class='ocr_carea' id='block_1_84' title="bbox 1841 2675 3427 2748">
    <p class='ocr_par' dir='ltr' id='par_1_84' title="bbox 1841 2675 3427 2748">
     <span class='ocr_line' id='line_1_84' title="bbox 1841 2675 3427 2748; baseline 0.004 -20"><span class='ocrx_word' id='word_1_657' title='bbox 1841 2675 1999 2744; x_wconf 84' lang='grc' dir='ltr'>μόνες</span> <span class='ocrx_word' id='word_1_658' title='bbox 2028 2708 2097 2717; x_wconf 93' lang='lat'><strong>-—</strong></span> <span class='ocrx_word' id='word_1_659' title='bbox 2127 2676 2260 2730; x_wconf 85' lang='lat' dir='ltr'><strong>Data</strong></span> <span class='ocrx_word' id='word_1_660' title='bbox 2316 2676 2420 2731; x_wconf 80' lang='lat' dir='ltr'><strong>fuit</strong></span> <span class='ocrx_word' id='word_1_661' title='bbox 2460 2678 2528 2732; x_wconf 88' lang='lat' dir='ltr'><strong>ad</strong></span> <span class='ocrx_word' id='word_1_662' title='bbox 2564 2678 2744 2732; x_wconf 84' lang='lat' dir='ltr'><strong>Nilum</strong></span> <span class='ocrx_word' id='word_1_663' title='bbox 2788 2679 3151 2744; x_wconf 88' lang='lat' dir='ltr'><strong>monachum,</strong></span> <span class='ocrx_word' id='word_1_664' title='bbox 3194 2695 3316 2748; x_wconf 66' lang='lat' dir='ltr'><strong>qua</strong></span> <span class='ocrx_word' id='word_1_665' title='bbox 3360 2679 3427 2735; x_wconf 79' lang='lat' dir='ltr'><strong>in</strong></span> 
     </span>
    </p>
   </div>
   <div class='ocr_carea' id='block_1_85' title="bbox 1838 2769 3419 2844">
    <p class='ocr_par' dir='ltr' id='par_1_85' title="bbox 1838 2769 3419 2844">
     <span class='ocr_line' id='line_1_85' title="bbox 1838 2769 3419 2844; baseline 0.006 -22"><span class='ocrx_word' id='word_1_666' title='bbox 1838 2769 2118 2838; x_wconf 84' lang='lat' dir='ltr'><strong>impressis</strong></span> <span class='ocrx_word' id='word_1_667' title='bbox 2150 2770 2316 2824; x_wconf 91' lang='lat' dir='ltr'><strong>etiam</strong></span> <span class='ocrx_word' id='word_1_668' title='bbox 2359 2772 2633 2841; x_wconf 78' lang='lat' dir='ltr'><strong>exemplis</strong></span> <span class='ocrx_word' id='word_1_669' title='bbox 2662 2772 2900 2841; x_wconf 87' lang='lat' dir='ltr'><strong>primum</strong></span> <span class='ocrx_word' id='word_1_670' title='bbox 2946 2772 3127 2828; x_wconf 92' lang='lat' dir='ltr'><strong>locum</strong></span> <span class='ocrx_word' id='word_1_671' title='bbox 3164 2784 3419 2844; x_wconf 84' lang='lat' dir='ltr'><strong>occupat.</strong></span> 
     </span>
    </p>
   </div>
   <div class='ocr_carea' id='block_1_86' title="bbox 1835 2860 3423 2935">
    <p class='ocr_par' dir='ltr' id='par_1_86' title="bbox 1835 2860 3423 2935">
     <span class='ocr_line' id='line_1_86' title="bbox 1835 2860 3423 2935; baseline 0.004 -20"><span class='ocrx_word' id='word_1_672' title='bbox 1835 2860 2103 2916; x_wconf 67' lang='lat' dir='ltr'><strong>Caeterum</strong></span> <span class='ocrx_word' id='word_1_673' title='bbox 2144 2862 2213 2916; x_wconf 92' lang='lat' dir='ltr'><strong>de</strong></span> <span class='ocrx_word' id='word_1_674' title='bbox 2255 2863 2359 2917; x_wconf 84' lang='lat' dir='ltr'><strong>hoc</strong></span> <span class='ocrx_word' id='word_1_675' title='bbox 2406 2864 2594 2918; x_wconf 88' lang='lat' dir='ltr'><strong>codice</strong></span> <span class='ocrx_word' id='word_1_676' title='bbox 2638 2863 2896 2919; x_wconf 67' lang='lat' dir='ltr'><strong>Forlosiae</strong></span> <span class='ocrx_word' id='word_1_677' title='bbox 2936 2866 3110 2919; x_wconf 90' lang='lat' dir='ltr'><strong>nostri</strong></span> <span class='ocrx_word' id='word_1_678' title='bbox 3152 2865 3423 2935; x_wconf 76' lang='lat' dir='ltr'><strong>judicium</strong></span> 
     </span>
    </p>
   </div>
   <div class='ocr_carea' id='block_1_87' title="bbox 1836 2953 3419 3028">
    <p class='ocr_par' dir='ltr' id='par_1_87' title="bbox 1836 2953 3419 3028">
     <span class='ocr_line' id='line_1_87' title="bbox 1836 2953 3419 3028; baseline 0.005 -21"><span class='ocrx_word' id='word_1_679' title='bbox 1836 2962 1952 3007; x_wconf 89' lang='lat' dir='ltr'><strong>erat</strong></span> <span class='ocrx_word' id='word_1_680' title='bbox 1981 2954 2083 3008; x_wconf 91' lang='lat' dir='ltr'><strong>hoc</strong></span> <span class='ocrx_word' id='word_1_681' title='bbox 2109 2973 2121 3007; x_wconf 91' lang='lat'><strong>:</strong></span> <span class='ocrx_word' id='word_1_682' title='bbox 2155 2953 2537 3023; x_wconf 88' lang='lat' dir='ltr'><strong>Epistolarum,</strong></span> <span class='ocrx_word' id='word_1_683' title='bbox 2571 2956 2765 3026; x_wconf 91' lang='lat' dir='ltr'><strong>inquit,</strong></span> <span class='ocrx_word' id='word_1_684' title='bbox 2795 2957 2929 3011; x_wconf 91' lang='lat' dir='ltr'><strong>ordo</strong></span> <span class='ocrx_word' id='word_1_685' title='bbox 2960 2957 3100 3012; x_wconf 91' lang='lat' dir='ltr'><strong>idem</strong></span> <span class='ocrx_word' id='word_1_686' title='bbox 3135 2958 3293 3028; x_wconf 89' lang='lat' dir='ltr'><strong>plane</strong></span> <span class='ocrx_word' id='word_1_687' title='bbox 3313 2968 3419 3027; x_wconf 82' lang='lat' dir='ltr'><strong>est,</strong></span> 
     </span>
    </p>
   </div>
   <div class='ocr_carea' id='block_1_88' title="bbox 1835 3047 3428 3119">
    <p class='ocr_par' dir='ltr' id='par_1_88' title="bbox 1835 3047 3428 3119">
     <span class='ocr_line' id='line_1_88' title="bbox 1835 3047 3428 3119; baseline 0.005 -18"><span class='ocrx_word' id='word_1_688' title='bbox 1835 3064 1898 3102; x_wconf 89' lang='lat' dir='ltr'><strong>ac</strong></span> <span class='ocrx_word' id='word_1_689' title='bbox 1940 3047 2005 3113; x_wconf 90' lang='lat' dir='ltr'><strong>is,</strong></span> <span class='ocrx_word' id='word_1_690' title='bbox 2040 3048 2131 3117; x_wconf 81' lang='lat' dir='ltr'><strong>qui</strong></span> <span class='ocrx_word' id='word_1_691' title='bbox 2176 3048 2230 3101; x_wconf 87' lang='lat' dir='ltr'><strong>in</strong></span> <span class='ocrx_word' id='word_1_692' title='bbox 2266 3047 2397 3102; x_wconf 89' lang='lat' dir='ltr'><strong>edit.</strong></span> <span class='ocrx_word' id='word_1_693' title='bbox 2428 3047 2551 3100; x_wconf 89' lang='lat' dir='ltr'><strong>Par.</strong></span> <span class='ocrx_word' id='word_1_694' title='bbox 2588 3047 2777 3102; x_wconf 82' lang='lat' dir='ltr'><strong>Jacobi</strong></span> <span class='ocrx_word' id='word_1_695' title='bbox 2818 3047 2957 3102; x_wconf 84' lang='lat' dir='ltr'><strong>Billii</strong></span> <span class='ocrx_word' id='word_1_696' title='bbox 2999 3059 3282 3119; x_wconf 83' lang='lat' dir='ltr'><strong>servatur;</strong></span> <span class='ocrx_word' id='word_1_697' title='bbox 3324 3052 3428 3109; x_wconf 66' lang='lat' dir='ltr'><strong>sed</strong></span> 
     </span>
    </p>
   </div>
   <div class='ocr_carea' id='block_1_89' title="bbox 1655 3140 3421 3245">
    <p class='ocr_par' dir='ltr' id='par_1_89' title="bbox 1655 3140 3421 3245">
     <span class='ocr_line' id='line_1_89' title="bbox 1655 3140 3421 3245; baseline 0.005 -52"><span class='ocrx_word' id='word_1_698' title='bbox 1655 3144 1705 3245; x_wconf 67' lang='lat' dir='ltr'><strong>fol</strong></span> <span class='ocrx_word' id='word_1_699' title='bbox 1761 3175 1803 3232; x_wconf 64' lang='grc' dir='ltr'><strong>ϐ</strong></span> <span class='ocrx_word' id='word_1_700' title='bbox 1838 3141 2035 3196; x_wconf 78' lang='lat' dir='ltr'><strong>inultas</strong></span> <span class='ocrx_word' id='word_1_701' title='bbox 2063 3141 2337 3196; x_wconf 87' lang='lat' dir='ltr'><strong>variantes</strong></span> <span class='ocrx_word' id='word_1_702' title='bbox 2370 3141 2438 3195; x_wconf 88' lang='lat' dir='ltr'><strong>ab</strong></span> <span class='ocrx_word' id='word_1_703' title='bbox 2482 3140 2572 3196; x_wconf 86' lang='lat' dir='ltr'><strong>illa</strong></span> <span class='ocrx_word' id='word_1_704' title='bbox 2613 3141 2876 3195; x_wconf 85' lang='lat' dir='ltr'><strong>lectiones</strong></span> <span class='ocrx_word' id='word_1_705' title='bbox 2909 3142 3090 3196; x_wconf 90' lang='lat' dir='ltr'><strong>obiter</strong></span> <span class='ocrx_word' id='word_1_706' title='bbox 3126 3143 3421 3201; x_wconf 73' lang='lat' dir='ltr'><strong>observare</strong></span> 
     </span>
    </p>
   </div>
   <div class='ocr_carea' id='block_1_90' title="bbox 1838 3235 3417 3307">
    <p class='ocr_par' dir='ltr' id='par_1_90' title="bbox 1838 3235 3417 3307">
     <span class='ocr_line' id='line_1_90' title="bbox 1838 3235 3417 3307; baseline 0.004 -19"><span class='ocrx_word' id='word_1_707' title='bbox 1838 3236 1995 3289; x_wconf 87' lang='lat' dir='ltr'><strong>nobis</strong></span> <span class='ocrx_word' id='word_1_708' title='bbox 2022 3235 2267 3306; x_wconf 81' lang='lat' dir='ltr'><strong>contigit.</strong></span> <span class='ocrx_word' id='word_1_709' title='bbox 2299 3254 2317 3287; x_wconf 76' lang='grc' dir='ltr'><strong>ι</strong></span> <span class='ocrx_word' id='word_1_710' title='bbox 2350 3265 2419 3277; x_wconf 92' lang='lat'><strong><em>—</em></strong></span> <span class='ocrx_word' id='word_1_711' title='bbox 2444 3236 2527 3291; x_wconf 80' lang='lat' dir='ltr'><strong>Cf.</strong></span> <span class='ocrx_word' id='word_1_712' title='bbox 2549 3236 2769 3291; x_wconf 70' lang='lat' dir='ltr'><strong>Mentel&quot;.</strong></span> <span class='ocrx_word' id='word_1_713' title='bbox 2795 3235 2933 3291; x_wconf 80' lang='lat' dir='ltr'><strong>Bibl.</strong></span> <span class='ocrx_word' id='word_1_714' title='bbox 2959 3236 3085 3291; x_wconf 90' lang='lat' dir='ltr'><strong>bibl.</strong></span> <span class='ocrx_word' id='word_1_715' title='bbox 3113 3254 3169 3307; x_wconf 91' lang='lat' dir='ltr'><strong>p.</strong></span> <span class='ocrx_word' id='word_1_716' title='bbox 3200 3239 3327 3306; x_wconf 80' lang='lat'><strong>562,</strong></span> <span class='ocrx_word' id='word_1_717' title='bbox 3350 3243 3417 3296; x_wconf 74' lang='grc' dir='ltr'><strong>Α.</strong></span> 
     </span>
    </p>
   </div>
   <div class='ocr_carea' id='block_1_91' title="bbox 1906 3325 3418 3403">
    <p class='ocr_par' dir='ltr' id='par_1_91' title="bbox 1906 3325 3418 3403">
     <span class='ocr_line' id='line_1_91' title="bbox 1906 3325 3418 3403; baseline 0.004 -22"><span class='ocrx_word' id='word_1_718' title='bbox 1906 3325 2060 3393; x_wconf 88' lang='lat' dir='ltr'><strong>Quod</strong></span> <span class='ocrx_word' id='word_1_719' title='bbox 2109 3343 2240 3383; x_wconf 88' lang='lat' dir='ltr'><strong>vero</strong></span> <span class='ocrx_word' id='word_1_720' title='bbox 2282 3330 2564 3383; x_wconf 88' lang='lat' dir='ltr'><strong>contendit</strong></span> <span class='ocrx_word' id='word_1_721' title='bbox 2606 3330 2889 3385; x_wconf 85' lang='lat' dir='ltr'><strong>Fabricius</strong></span> <span class='ocrx_word' id='word_1_722' title='bbox 2933 3330 3067 3386; x_wconf 92' lang='lat' dir='ltr'><strong>bibl.</strong></span> <span class='ocrx_word' id='word_1_723' title='bbox 3101 3346 3182 3403; x_wconf 84' lang='lat' dir='ltr'><strong>gr.</strong></span> <span class='ocrx_word' id='word_1_724' title='bbox 3220 3331 3317 3386; x_wconf 91' lang='lat' dir='ltr'><strong>lib.</strong></span> <span class='ocrx_word' id='word_1_725' title='bbox 3363 3350 3418 3387; x_wconf 89' lang='lat' dir='ltr'><strong>v.</strong></span> 
     </span>
    </p>
   </div>
   <div class='ocr_carea' id='block_1_92' title="bbox 1835 3420 3430 3497">
    <p class='ocr_par' dir='ltr' id='par_1_92' title="bbox 1835 3420 3430 3497">
     <span class='ocr_line' id='line_1_92' title="bbox 1835 3420 3430 3497; baseline 0.006 -24"><span class='ocrx_word' id='word_1_726' title='bbox 1835 3436 1955 3490; x_wconf 88' lang='lat' dir='ltr'><strong>cap.</strong></span> <span class='ocrx_word' id='word_1_727' title='bbox 1983 3421 2071 3486; x_wconf 74' lang='lat'><strong>37,</strong></span> <span class='ocrx_word' id='word_1_728' title='bbox 2097 3420 2147 3493; x_wconf 69' lang='grc' dir='ltr'><strong>ς.</strong></span> <span class='ocrx_word' id='word_1_729' title='bbox 2183 3424 2237 3485; x_wconf 80' lang='grc'><strong>5,</strong></span> <span class='ocrx_word' id='word_1_730' title='bbox 2273 3438 2328 3492; x_wconf 90' lang='lat' dir='ltr'><strong>p.</strong></span> <span class='ocrx_word' id='word_1_731' title='bbox 2368 3424 2495 3487; x_wconf 78' lang='lat'><strong>255,</strong></span> <span class='ocrx_word' id='word_1_732' title='bbox 2525 3423 2597 3479; x_wconf 80' lang='lat' dir='ltr'><strong>cf.</strong></span> <span class='ocrx_word' id='word_1_733' title='bbox 2644 3425 2733 3479; x_wconf 90' lang='lat' dir='ltr'><strong>ed.</strong></span> <span class='ocrx_word' id='word_1_734' title='bbox 2780 3425 2927 3479; x_wconf 84' lang='lat' dir='ltr'><strong>Harl.</strong></span> <span class='ocrx_word' id='word_1_735' title='bbox 2966 3425 3067 3481; x_wconf 83' lang='lat' dir='ltr'><strong>vol.</strong></span> <span class='ocrx_word' id='word_1_736' title='bbox 3104 3443 3161 3493; x_wconf 66' lang='grc' dir='ltr'><strong>ι,</strong></span> <span class='ocrx_word' id='word_1_737' title='bbox 3191 3443 3248 3497; x_wconf 91' lang='lat' dir='ltr'><strong>p.</strong></span> <span class='ocrx_word' id='word_1_738' title='bbox 3275 3426 3430 3492; x_wconf 72' lang='grc'><strong>480,</strong></span> 
     </span>
    </p>
   </div>
   <div class='ocr_carea' id='block_1_93' title="bbox 1834 3512 3431 3590">
    <p class='ocr_par' dir='ltr' id='par_1_93' title="bbox 1834 3512 3431 3590">
     <span class='ocr_line' id='line_1_93' title="bbox 1834 3512 3431 3590; baseline 0.005 -23"><span class='ocrx_word' id='word_1_739' title='bbox 1834 3512 2181 3569; x_wconf 86' lang='lat' dir='ltr'><strong>Lambecium</strong></span> <span class='ocrx_word' id='word_1_740' title='bbox 2200 3516 2339 3571; x_wconf 91' lang='lat' dir='ltr'><strong>libro</strong></span> <span class='ocrx_word' id='word_1_741' title='bbox 2362 3532 2396 3581; x_wconf 90' lang='lat' dir='ltr'><strong>I,</strong></span> <span class='ocrx_word' id='word_1_742' title='bbox 2425 3533 2479 3586; x_wconf 91' lang='lat' dir='ltr'><strong>p.</strong></span> <span class='ocrx_word' id='word_1_743' title='bbox 2502 3517 2603 3572; x_wconf 83' lang='grc'><strong>149</strong></span> <span class='ocrx_word' id='word_1_744' title='bbox 2646 3518 2832 3572; x_wconf 85' lang='lat' dir='ltr'><strong>testari</strong></span> <span class='ocrx_word' id='word_1_745' title='bbox 2851 3518 3095 3574; x_wconf 90' lang='lat' dir='ltr'><strong>codicem</strong></span> <span class='ocrx_word' id='word_1_746' title='bbox 3121 3535 3247 3590; x_wconf 91' lang='lat' dir='ltr'><strong>epp.</strong></span> <span class='ocrx_word' id='word_1_747' title='bbox 3277 3520 3431 3576; x_wconf 78' lang='lat'><strong>2000</strong></span> 
     </span>
    </p>
   </div>
   <div class='ocr_carea' id='block_1_94' title="bbox 1832 3607 3422 3685">
    <p class='ocr_par' dir='ltr' id='par_1_94' title="bbox 1832 3607 3422 3685">
     <span class='ocr_line' id='line_1_94' title="bbox 1832 3607 3422 3685; baseline 0.007 -27"><span class='ocrx_word' id='word_1_748' title='bbox 1832 3621 2065 3676; x_wconf 72' lang='lat' dir='ltr'><strong>graecum</strong></span> <span class='ocrx_word' id='word_1_749' title='bbox 2098 3607 2153 3661; x_wconf 91' lang='lat' dir='ltr'><strong>in</strong></span> <span class='ocrx_word' id='word_1_750' title='bbox 2175 3607 2306 3662; x_wconf 83' lang='lat' dir='ltr'><strong>bibl.</strong></span> <span class='ocrx_word' id='word_1_751' title='bbox 2332 3607 2567 3663; x_wconf 81' lang='lat' dir='ltr'><strong>Virutob.</strong></span> <span class='ocrx_word' id='word_1_752' title='bbox 2594 3619 2829 3675; x_wconf 86' lang='lat' dir='ltr'><strong>exstare,</strong></span> <span class='ocrx_word' id='word_1_753' title='bbox 2862 3610 2995 3665; x_wconf 76' lang='lat' dir='ltr'><strong>milii</strong></span> <span class='ocrx_word' id='word_1_754' title='bbox 3021 3611 3237 3681; x_wconf 90' lang='lat' dir='ltr'><strong>quidem</strong></span> <span class='ocrx_word' id='word_1_755' title='bbox 3265 3629 3422 3685; x_wconf 87' lang='lat' dir='ltr'><strong>egre-</strong></span> 
     </span>
    </p>
   </div>
   <div class='ocr_carea' id='block_1_95' title="bbox 1834 3698 3431 3774">
    <p class='ocr_par' dir='ltr' id='par_1_95' title="bbox 1834 3698 3431 3774">
     <span class='ocr_line' id='line_1_95' title="bbox 1834 3698 3431 3774; baseline 0.008 -24"><span class='ocrx_word' id='word_1_756' title='bbox 1834 3698 1906 3767; x_wconf 90' lang='lat' dir='ltr'><strong>gii</strong></span> <span class='ocrx_word' id='word_1_757' title='bbox 1930 3699 2092 3769; x_wconf 83' lang='lat' dir='ltr'><strong>hujus</strong></span> <span class='ocrx_word' id='word_1_758' title='bbox 2114 3699 2214 3754; x_wconf 90' lang='lat' dir='ltr'><strong>viri</strong></span> <span class='ocrx_word' id='word_1_759' title='bbox 2245 3716 2397 3755; x_wconf 88' lang='lat' dir='ltr'><strong>error</strong></span> <span class='ocrx_word' id='word_1_760' title='bbox 2425 3700 2643 3755; x_wconf 90' lang='lat' dir='ltr'><strong>videtur</strong></span> <span class='ocrx_word' id='word_1_761' title='bbox 2678 3718 2820 3757; x_wconf 91' lang='lat' dir='ltr'><strong>esse.</strong></span> <span class='ocrx_word' id='word_1_762' title='bbox 2857 3703 3066 3774; x_wconf 89' lang='lat' dir='ltr'><strong>Nempe</strong></span> <span class='ocrx_word' id='word_1_763' title='bbox 3095 3702 3431 3762; x_wconf 78' lang='lat' dir='ltr'><strong>Lambecius</strong></span> 
     </span>
    </p>
   </div>
   <div class='ocr_carea' id='block_1_96' title="bbox 1834 3793 3428 3869">
    <p class='ocr_par' dir='ltr' id='par_1_96' title="bbox 1834 3793 3428 3869">
     <span class='ocr_line' id='line_1_96' title="bbox 1834 3793 3428 3869; baseline 0.004 -22"><span class='ocrx_word' id='word_1_764' title='bbox 1834 3793 1960 3847; x_wconf 87' lang='lat' dir='ltr'><strong>inde</strong></span> <span class='ocrx_word' id='word_1_765' title='bbox 2006 3809 2038 3848; x_wconf 88' lang='lat' dir='ltr'><strong>a</strong></span> <span class='ocrx_word' id='word_1_766' title='bbox 2073 3809 2128 3864; x_wconf 94' lang='lat' dir='ltr'><strong>p.</strong></span> <span class='ocrx_word' id='word_1_767' title='bbox 2190 3794 2291 3849; x_wconf 80' lang='grc'><strong>147</strong></span> <span class='ocrx_word' id='word_1_768' title='bbox 2329 3795 2716 3851; x_wconf 89' lang='lat' dir='ltr'><strong>bibliothecam</strong></span> <span class='ocrx_word' id='word_1_769' title='bbox 2757 3795 3428 3869; x_wconf 85' lang='lat' dir='ltr'><strong>Coustantinopolitanam</strong></span> 
     </span>
    </p>
   </div>
   <div class='ocr_carea' id='block_1_97' title="bbox 1832 3888 3427 3963">
    <p class='ocr_par' dir='ltr' id='par_1_97' title="bbox 1832 3888 3427 3963">
     <span class='ocr_line' id='line_1_97' title="bbox 1832 3888 3427 3963; baseline 0.004 -20"><span class='ocrx_word' id='word_1_770' title='bbox 1832 3888 1901 3943; x_wconf 88' lang='lat' dir='ltr'><strong>ab</strong></span> <span class='ocrx_word' id='word_1_771' title='bbox 1927 3890 2171 3945; x_wconf 86' lang='lat' dir='ltr'><strong>Antonio</strong></span> <span class='ocrx_word' id='word_1_772' title='bbox 2194 3889 2467 3946; x_wconf 77' lang='lat' dir='ltr'><strong>.Verderio</strong></span> <span class='ocrx_word' id='word_1_773' title='bbox 2500 3892 2671 3947; x_wconf 87' lang='lat' dir='ltr'><strong>etiam</strong></span> <span class='ocrx_word' id='word_1_774' title='bbox 2698 3892 2949 3963; x_wconf 89' lang='lat' dir='ltr'><strong>pluribus</strong></span> <span class='ocrx_word' id='word_1_775' title='bbox 2966 3902 3179 3949; x_wconf 84' lang='lat' dir='ltr'><strong>scatere</strong></span> <span class='ocrx_word' id='word_1_776' title='bbox 3205 3894 3427 3952; x_wconf 78' lang='lat' dir='ltr'><strong>mendis</strong></span> 
     </span>
    </p>
   </div>
   <div class='ocr_carea' id='block_1_98' title="bbox 1832 3984 3423 4058">
    <p class='ocr_par' dir='ltr' id='par_1_98' title="bbox 1832 3984 3423 4058">
     <span class='ocr_line' id='line_1_98' title="bbox 1832 3984 3423 4058; baseline 0.004 -23"><span class='ocrx_word' id='word_1_777' title='bbox 1832 3991 2062 4036; x_wconf 88' lang='lat' dir='ltr'><strong>conatur</strong></span> <span class='ocrx_word' id='word_1_778' title='bbox 2094 3984 2345 4053; x_wconf 88' lang='lat' dir='ltr'><strong>probare.</strong></span> <span class='ocrx_word' id='word_1_779' title='bbox 2382 3984 2555 4051; x_wconf 86' lang='lat' dir='ltr'><strong>Quem</strong></span> <span class='ocrx_word' id='word_1_780' title='bbox 2595 3985 2663 4040; x_wconf 91' lang='lat' dir='ltr'><strong>ad</strong></span> <span class='ocrx_word' id='word_1_781' title='bbox 2700 3985 2863 4040; x_wconf 83' lang='lat' dir='ltr'><strong>linem</strong></span> <span class='ocrx_word' id='word_1_782' title='bbox 2909 3987 3210 4058; x_wconf 84' lang='lat' dir='ltr'><strong>catalogum</strong></span> <span class='ocrx_word' id='word_1_783' title='bbox 3246 3987 3423 4042; x_wconf 76' lang='lat' dir='ltr'><strong>libro-</strong></span> 
     </span>
    </p>
   </div>
   <div class='ocr_carea' id='block_1_99' title="bbox 1832 4075 3417 4147">
    <p class='ocr_par' dir='ltr' id='par_1_99' title="bbox 1832 4075 3417 4147">
     <span class='ocr_line' id='line_1_99' title="bbox 1832 4075 3417 4147; baseline 0.004 -20"><span class='ocrx_word' id='word_1_784' title='bbox 1832 4088 1954 4127; x_wconf 89' lang='lat' dir='ltr'><strong>rum</strong></span> <span class='ocrx_word' id='word_1_785' title='bbox 1984 4075 2106 4139; x_wconf 71' lang='lat'><strong>174,</strong></span> <span class='ocrx_word' id='word_1_786' title='bbox 2134 4092 2165 4130; x_wconf 88' lang='lat' dir='ltr'><strong>a</strong></span> <span class='ocrx_word' id='word_1_787' title='bbox 2202 4077 2556 4146; x_wconf 78' lang='lat' dir='ltr'><strong>grammatico</strong></span> <span class='ocrx_word' id='word_1_788' title='bbox 2585 4078 2819 4147; x_wconf 84' lang='lat' dir='ltr'><strong>quodam</strong></span> <span class='ocrx_word' id='word_1_789' title='bbox 2853 4078 3178 4143; x_wconf 82' lang='lat' dir='ltr'><strong>exhibitum,</strong></span> <span class='ocrx_word' id='word_1_790' title='bbox 3199 4079 3417 4146; x_wconf 90' lang='lat' dir='ltr'><strong>eodem,</strong></span> 
     </span>
    </p>
   </div>
   <div class='ocr_carea' id='block_1_100' title="bbox 1832 4167 3425 4236">
    <p class='ocr_par' dir='ltr' id='par_1_100' title="bbox 1832 4167 3425 4236">
     <span class='ocr_line' id='line_1_100' title="bbox 1832 4167 3425 4236; baseline 0.004 -16"><span class='ocrx_word' id='word_1_791' title='bbox 1832 4181 1939 4235; x_wconf 91' lang='lat' dir='ltr'><strong>quo</strong></span> <span class='ocrx_word' id='word_1_792' title='bbox 1988 4167 2139 4222; x_wconf 92' lang='lat' dir='ltr'><strong>illum</strong></span> <span class='ocrx_word' id='word_1_793' title='bbox 2185 4170 2377 4224; x_wconf 83' lang='lat' dir='ltr'><strong>excudi</strong></span> <span class='ocrx_word' id='word_1_794' title='bbox 2424 4170 2632 4226; x_wconf 82' lang='lat' dir='ltr'><strong>curavit</strong></span> <span class='ocrx_word' id='word_1_795' title='bbox 2671 4171 2986 4235; x_wconf 82' lang='lat' dir='ltr'><strong>Verderius,</strong></span> <span class='ocrx_word' id='word_1_796' title='bbox 3024 4172 3186 4227; x_wconf 91' lang='lat' dir='ltr'><strong>modo</strong></span> <span class='ocrx_word' id='word_1_797' title='bbox 3225 4172 3425 4236; x_wconf 73' lang='lat' dir='ltr'><strong>refert,</strong></span> 
     </span>
    </p>
   </div>
   <div class='ocr_carea' id='block_1_101' title="bbox 1833 4258 3424 4334">
    <p class='ocr_par' dir='ltr' id='par_1_101' title="bbox 1833 4258 3424 4334">
     <span class='ocr_line' id='line_1_101' title="bbox 1833 4258 3424 4334; baseline 0.005 -22"><span class='ocrx_word' id='word_1_798' title='bbox 1833 4258 2098 4329; x_wconf 84' lang='lat' dir='ltr'><strong>simulque</strong></span> <span class='ocrx_word' id='word_1_799' title='bbox 2132 4277 2163 4315; x_wconf 90' lang='lat' dir='ltr'><strong>a</strong></span> <span class='ocrx_word' id='word_1_800' title='bbox 2193 4262 2438 4317; x_wconf 81' lang='lat' dir='ltr'><strong>Caesareo</strong></span> <span class='ocrx_word' id='word_1_801' title='bbox 2469 4262 2637 4332; x_wconf 84' lang='lat' dir='ltr'><strong>hujus</strong></span> <span class='ocrx_word' id='word_1_802' title='bbox 2658 4264 2887 4334; x_wconf 87' lang='lat' dir='ltr'><strong>catalogi</strong></span> <span class='ocrx_word' id='word_1_803' title='bbox 2916 4264 3105 4319; x_wconf 89' lang='lat' dir='ltr'><strong>codice</strong></span> <span class='ocrx_word' id='word_1_804' title='bbox 3133 4264 3424 4319; x_wconf 79' lang='lat' dir='ltr'><strong>meliorem</strong></span> 
     </span>
    </p>
   </div>
   <div class='ocr_carea' id='block_1_102' title="bbox 1830 4351 3422 4427">
    <p class='ocr_par' dir='ltr' id='par_1_102' title="bbox 1830 4351 3422 4427">
     <span class='ocr_line' id='line_1_102' title="bbox 1830 4351 3422 4427; baseline 0.003 -21"><span class='ocrx_word' id='word_1_805' title='bbox 1830 4351 2016 4421; x_wconf 86' lang='lat' dir='ltr'><strong>adjicit</strong></span> <span class='ocrx_word' id='word_1_806' title='bbox 2052 4355 2399 4423; x_wconf 86' lang='lat' dir='ltr'><strong>scripturam.</strong></span> <span class='ocrx_word' id='word_1_807' title='bbox 2426 4354 2612 4425; x_wconf 86' lang='lat' dir='ltr'><strong>Itaque</strong></span> <span class='ocrx_word' id='word_1_808' title='bbox 2657 4355 2839 4409; x_wconf 82' lang='lat' dir='ltr'><strong>allatis</strong></span> <span class='ocrx_word' id='word_1_809' title='bbox 2867 4356 3259 4426; x_wconf 88' lang='lat' dir='ltr'><strong>compluribus,</strong></span> <span class='ocrx_word' id='word_1_810' title='bbox 3285 4358 3422 4427; x_wconf 77' lang='lat' dir='ltr'><strong>qui-</strong></span> 
     </span>
    </p>
   </div>
   <div class='ocr_carea' id='block_1_103' title="bbox 1831 4442 3422 4519">
    <p class='ocr_par' dir='ltr' id='par_1_103' title="bbox 1831 4442 3422 4519">
     <span class='ocr_line' id='line_1_103' title="bbox 1831 4442 3422 4519; baseline 0.004 -21"><span class='ocrx_word' id='word_1_811' title='bbox 1831 4442 1934 4498; x_wconf 90' lang='lat' dir='ltr'><strong>bus</strong></span> <span class='ocrx_word' id='word_1_812' title='bbox 1955 4446 2278 4500; x_wconf 88' lang='lat' dir='ltr'><strong>sententiam</strong></span> <span class='ocrx_word' id='word_1_813' title='bbox 2301 4446 2370 4501; x_wconf 86' lang='lat' dir='ltr'><strong>de</strong></span> <span class='ocrx_word' id='word_1_814' title='bbox 2390 4445 2635 4501; x_wconf 85' lang='lat' dir='ltr'><strong>Verderii</strong></span> <span class='ocrx_word' id='word_1_815' title='bbox 2667 4448 2994 4503; x_wconf 85' lang='lat' dir='ltr'><strong>bibliotheca</strong></span> <span class='ocrx_word' id='word_1_816' title='bbox 3023 4464 3176 4502; x_wconf 89' lang='lat' dir='ltr'><strong>suam</strong></span> <span class='ocrx_word' id='word_1_817' title='bbox 3200 4450 3422 4519; x_wconf 72' lang='lat' dir='ltr'><strong>probet,</strong></span> 
     </span>
    </p>
   </div>
   <div class='ocr_carea' id='block_1_104' title="bbox 1833 4538 3420 4611">
    <p class='ocr_par' dir='ltr' id='par_1_104' title="bbox 1833 4538 3420 4611">
     <span class='ocr_line' id='line_1_104' title="bbox 1833 4538 3420 4611; baseline 0.004 -22"><span class='ocrx_word' id='word_1_818' title='bbox 1833 4538 2095 4606; x_wconf 81' lang='lat' dir='ltr'><strong>exemplis</strong></span> <span class='ocrx_word' id='word_1_819' title='bbox 2123 4554 2178 4607; x_wconf 91' lang='lat' dir='ltr'><strong>p.</strong></span> <span class='ocrx_word' id='word_1_820' title='bbox 2204 4539 2324 4603; x_wconf 88' lang='grc'><strong>149,</strong></span> <span class='ocrx_word' id='word_1_821' title='bbox 2352 4539 2406 4593; x_wconf 93' lang='lat' dir='ltr'><strong>in</strong></span> <span class='ocrx_word' id='word_1_822' title='bbox 2430 4539 2576 4593; x_wconf 87' lang='lat' dir='ltr'><strong>hunc</strong></span> <span class='ocrx_word' id='word_1_823' title='bbox 2601 4540 2780 4609; x_wconf 82' lang='lat' dir='ltr'><strong>pergit</strong></span> <span class='ocrx_word' id='word_1_824' title='bbox 2800 4541 3021 4595; x_wconf 90' lang='lat' dir='ltr'><strong>modum</strong></span> <span class='ocrx_word' id='word_1_825' title='bbox 3046 4558 3060 4594; x_wconf 90' lang='lat'><strong>:</strong></span> <span class='ocrx_word' id='word_1_826' title='bbox 3095 4559 3113 4593; x_wconf 80' lang='grc' dir='ltr'><strong>ι</strong></span> <span class='ocrx_word' id='word_1_827' title='bbox 3138 4540 3420 4611; x_wconf 68' lang='lat' dir='ltr'><strong>Epistolte,</strong></span> 
     </span>
    </p>
   </div>
   <div class='ocr_carea' id='block_1_105' title="bbox 1834 4628 3421 4690">
    <p class='ocr_par' dir='ltr' id='par_1_105' title="bbox 1834 4628 3421 4690">
     <span class='ocr_line' id='line_1_105' title="bbox 1834 4628 3421 4690; baseline 0.004 -8"><span class='ocrx_word' id='word_1_828' title='bbox 1834 4628 2027 4683; x_wconf 88' lang='lat' dir='ltr'><strong>lsidori</strong></span> <span class='ocrx_word' id='word_1_829' title='bbox 2057 4630 2166 4684; x_wconf 87' lang='lat' dir='ltr'><strong>Pel.</strong></span> <span class='ocrx_word' id='word_1_830' title='bbox 2200 4646 2430 4685; x_wconf 89' lang='lat' dir='ltr'><strong>numero</strong></span> <span class='ocrx_word' id='word_1_831' title='bbox 2460 4632 2607 4685; x_wconf 91' lang='lat' dir='ltr'><strong>mille</strong></span> <span class='ocrx_word' id='word_1_832' title='bbox 2636 4641 2691 4686; x_wconf 92' lang='lat' dir='ltr'><strong>et</strong></span> <span class='ocrx_word' id='word_1_833' title='bbox 2719 4632 2846 4687; x_wconf 92' lang='lat' dir='ltr'><strong>duo.</strong></span> <span class='ocrx_word' id='word_1_834' title='bbox 2872 4632 2929 4686; x_wconf 86' lang='lat' dir='ltr'><strong>In</strong></span> <span class='ocrx_word' id='word_1_835' title='bbox 2958 4633 3147 4688; x_wconf 88' lang='lat' dir='ltr'><strong>codice</strong></span> <span class='ocrx_word' id='word_1_836' title='bbox 3167 4632 3421 4690; x_wconf 73' lang='lat' dir='ltr'><strong>Caesareo</strong></span> 
     </span>
    </p>
   </div>
   <div class='ocr_carea' id='block_1_106' title="bbox 1833 4721 3409 4793">
    <p class='ocr_par' dir='ltr' id='par_1_106' title="bbox 1833 4721 3409 4793">
     <span class='ocr_line' id='line_1_106' title="bbox 1833 4721 3409 4793; baseline 0.003 -18"><span class='ocrx_word' id='word_1_837' title='bbox 1833 4721 2087 4778; x_wconf 80' lang='lat' dir='ltr'><strong>scribitur</strong></span> <span class='ocrx_word' id='word_1_838' title='bbox 2112 4723 2349 4793; x_wconf 80' lang='grc' dir='ltr'><strong>χιλιάδες</strong></span> <span class='ocrx_word' id='word_1_839' title='bbox 2393 4722 2488 4775; x_wconf 83' lang='grc' dir='ltr'><strong>δύο</strong></span> <span class='ocrx_word' id='word_1_840' title='bbox 2522 4724 2606 4778; x_wconf 90' lang='lat' dir='ltr'><strong>bis</strong></span> <span class='ocrx_word' id='word_1_841' title='bbox 2644 4724 2825 4791; x_wconf 90' lang='lat' dir='ltr'><strong>mille,</strong></span> <span class='ocrx_word' id='word_1_842' title='bbox 2863 4724 2981 4780; x_wconf 86' lang='lat' dir='ltr'><strong>sive</strong></span> <span class='ocrx_word' id='word_1_843' title='bbox 3023 4725 3135 4781; x_wconf 90' lang='lat' dir='ltr'><strong>duo</strong></span> <span class='ocrx_word' id='word_1_844' title='bbox 3168 4726 3353 4782; x_wconf 86' lang='lat' dir='ltr'><strong>millia.</strong></span> <span class='ocrx_word' id='word_1_845' title='bbox 3387 4745 3409 4779; x_wconf 72' lang='grc' dir='ltr'><strong>ι</strong></span> 
     </span>
    </p>
   </div>
   <div class='ocr_carea' id='block_1_107' title="bbox 2149 4836 3091 4896">
    <p class='ocr_par' dir='ltr' id='par_1_107' title="bbox 2149 4836 3091 4896">
     <span class='ocr_line' id='line_1_107' title="bbox 2149 4836 3091 4896; baseline 0.003 -3"><span class='ocrx_word' id='word_1_846' title='bbox 2149 4836 2361 4893; x_wconf 72' lang='lat' dir='ltr'><strong>Codices</strong></span> <span class='ocrx_word' id='word_1_847' title='bbox 2402 4838 2721 4894; x_wconf 72' lang='lat' dir='ltr'><strong>bibliotheca:</strong></span> <span class='ocrx_word' id='word_1_848' title='bbox 2755 4840 3091 4896; x_wconf 75' lang='lat' dir='ltr'><strong>Parisiensis.</strong></span> 
     </span>
    </p>
   </div>
   <div class='ocr_carea' id='block_1_108' title="bbox 1901 4950 3412 5026">
    <p class='ocr_par' dir='ltr' id='par_1_108' title="bbox 1901 4950 3412 5026">
     <span class='ocr_line' id='line_1_108' title="bbox 1901 4950 3412 5026; baseline 0.004 -20"><span class='ocrx_word' id='word_1_849' title='bbox 1901 4950 2033 5006; x_wconf 86' lang='lat' dir='ltr'><strong>Cod.</strong></span> <span class='ocrx_word' id='word_1_850' title='bbox 2067 4966 2384 5006; x_wconf 77' lang='lat' dir='ltr'><strong>nncccxxxn</strong></span> <span class='ocrx_word' id='word_1_851' title='bbox 2419 4954 2663 5008; x_wconf 91' lang='lat' dir='ltr'><strong>continet</strong></span> <span class='ocrx_word' id='word_1_852' title='bbox 2695 4970 2821 5025; x_wconf 90' lang='lat' dir='ltr'><strong>epp.</strong></span> <span class='ocrx_word' id='word_1_853' title='bbox 2860 4954 3020 5021; x_wconf 77' lang='lat'><strong>1215,</strong></span> <span class='ocrx_word' id='word_1_854' title='bbox 3054 4956 3209 5026; x_wconf 89' lang='lat' dir='ltr'><strong>isque</strong></span> <span class='ocrx_word' id='word_1_855' title='bbox 3242 4958 3412 5012; x_wconf 76' lang='lat' dir='ltr'><strong>codex</strong></span> 
     </span>
    </p>
   </div>
   <div class='ocr_carea' id='block_1_109' title="bbox 1831 5044 3410 5105">
    <p class='ocr_par' dir='ltr' id='par_1_109' title="bbox 1831 5044 3410 5105">
     <span class='ocr_line' id='line_1_109' title="bbox 1831 5044 3410 5105; baseline 0.004 -6"><span class='ocrx_word' id='word_1_856' title='bbox 1831 5044 2028 5099; x_wconf 56' lang='lat' dir='ltr'><strong>saeculo</strong></span> <span class='ocrx_word' id='word_1_857' title='bbox 2084 5044 2203 5098; x_wconf 81' lang='lat' dir='ltr'><strong>XIII</strong></span> <span class='ocrx_word' id='word_1_858' title='bbox 2233 5054 2485 5100; x_wconf 88' lang='lat' dir='ltr'><strong>exaratus</strong></span> <span class='ocrx_word' id='word_1_859' title='bbox 2510 5046 2724 5101; x_wconf 86' lang='lat' dir='ltr'><strong>dicitur.</strong></span> <span class='ocrx_word' id='word_1_860' title='bbox 2744 5076 2816 5087; x_wconf 87' lang='lat'><strong>-</strong></span> <span class='ocrx_word' id='word_1_861' title='bbox 2840 5046 2923 5103; x_wconf 81' lang='lat' dir='ltr'><strong>Cf.</strong></span> <span class='ocrx_word' id='word_1_862' title='bbox 2949 5044 3410 5105; x_wconf 78' lang='lat' dir='ltr'><strong>Montefalc.Bibl.</strong></span> 
     </span>
    </p>
   </div>
   <div class='ocr_carea' id='block_1_110' title="bbox 1830 5135 2622 5207">
    <p class='ocr_par' dir='ltr' id='par_1_110' title="bbox 1830 5135 2622 5207">
     <span class='ocr_line' id='line_1_110' title="bbox 1830 5135 2622 5207; baseline 0.001 -19"><span class='ocrx_word' id='word_1_863' title='bbox 1830 5136 1952 5190; x_wconf 84' lang='lat' dir='ltr'><strong>bibl.</strong></span> <span class='ocrx_word' id='word_1_864' title='bbox 1987 5152 2040 5206; x_wconf 90' lang='lat' dir='ltr'><strong>p.</strong></span> <span class='ocrx_word' id='word_1_865' title='bbox 2071 5137 2193 5199; x_wconf 71' lang='lat'><strong>752,</strong></span> <span class='ocrx_word' id='word_1_866' title='bbox 2224 5135 2288 5201; x_wconf 87' lang='lat' dir='ltr'><strong>A,</strong></span> <span class='ocrx_word' id='word_1_867' title='bbox 2316 5152 2370 5207; x_wconf 92' lang='lat' dir='ltr'><strong>p.</strong></span> <span class='ocrx_word' id='word_1_868' title='bbox 2404 5138 2525 5202; x_wconf 83' lang='lat'><strong>775,</strong></span> <span class='ocrx_word' id='word_1_869' title='bbox 2559 5136 2622 5190; x_wconf 81' lang='grc' dir='ltr'><strong>ι).</strong></span> 
     </span>
    </p>
   </div>
   <div class='ocr_carea' id='block_1_111' title="bbox 1898 5227 3410 5302">
    <p class='ocr_par' dir='ltr' id='par_1_111' title="bbox 1898 5227 3410 5302">
     <span class='ocr_line' id='line_1_111' title="bbox 1898 5227 3410 5302; baseline 0.004 -18"><span class='ocrx_word' id='word_1_870' title='bbox 1898 5227 2033 5284; x_wconf 87' lang='lat' dir='ltr'><strong>Cod.</strong></span> <span class='ocrx_word' id='word_1_871' title='bbox 2050 5242 2387 5295; x_wconf 82' lang='lat' dir='ltr'><strong>ncccccxux,</strong></span> <span class='ocrx_word' id='word_1_872' title='bbox 2411 5245 2536 5301; x_wconf 90' lang='lat' dir='ltr'><strong>epp.</strong></span> <span class='ocrx_word' id='word_1_873' title='bbox 2553 5230 2861 5302; x_wconf 91' lang='lat' dir='ltr'><strong>aliquot.—</strong></span> <span class='ocrx_word' id='word_1_874' title='bbox 2876 5231 2961 5289; x_wconf 80' lang='lat' dir='ltr'><strong>Cf.</strong></span> <span class='ocrx_word' id='word_1_875' title='bbox 2983 5232 3289 5289; x_wconf 76' lang='lat' dir='ltr'><strong>Montefalc.</strong></span> <span class='ocrx_word' id='word_1_876' title='bbox 3309 5234 3345 5288; x_wconf 93' lang='grc'><strong>1.</strong></span> <span class='ocrx_word' id='word_1_877' title='bbox 3374 5250 3410 5290; x_wconf 89' lang='grc' dir='ltr'>ι.</span> 
     </span>
    </p>
   </div>
   <div class='ocr_carea' id='block_1_112' title="bbox 1829 5323 2132 5392">
    <p class='ocr_par' dir='ltr' id='par_1_112' title="bbox 1829 5323 2132 5392">
     <span class='ocr_line' id='line_1_112' title="bbox 1829 5323 2132 5392; baseline -0.003 -15"><span class='ocrx_word' id='word_1_878' title='bbox 1829 5338 1885 5392; x_wconf 92' lang='lat' dir='ltr'><strong>p.</strong></span> <span class='ocrx_word' id='word_1_879' title='bbox 1914 5323 2038 5389; x_wconf 78' lang='lat'><strong>731,</strong></span> <span class='ocrx_word' id='word_1_880' title='bbox 2067 5323 2132 5376; x_wconf 84' lang='lat' dir='ltr'><strong>A.</strong></span> 
     </span>
    </p>
   </div>
   <div class='ocr_carea' id='block_1_113' title="bbox 1898 5413 2810 5487">
    <p class='ocr_par' dir='ltr' id='par_1_113' title="bbox 1898 5413 2810 5487">
     <span class='ocr_line' id='line_1_113' title="bbox 1898 5413 2810 5487; baseline 0.001 -18"><span class='ocrx_word' id='word_1_881' title='bbox 1898 5413 2028 5469; x_wconf 90' lang='lat' dir='ltr'><strong>Cod.</strong></span> <span class='ocrx_word' id='word_1_882' title='bbox 2057 5430 2383 5478; x_wconf 71' lang='lat' dir='ltr'><strong>nccccnxvn,</strong></span> <span class='ocrx_word' id='word_1_883' title='bbox 2413 5432 2470 5471; x_wconf 83' lang='lat' dir='ltr'><strong>n.</strong></span> <span class='ocrx_word' id='word_1_884' title='bbox 2502 5432 2575 5470; x_wconf 75' lang='grc' dir='ltr'><strong>ιι.</strong></span> <span class='ocrx_word' id='word_1_885' title='bbox 2599 5431 2725 5487; x_wconf 92' lang='lat' dir='ltr'><strong>epp.</strong></span> <span class='ocrx_word' id='word_1_886' title='bbox 2757 5416 2810 5471; x_wconf 87' lang='lat'><strong>7.</strong></span> 
     </span>
    </p>
   </div>
   <div class='ocr_carea' id='block_1_114' title="bbox 1898 5504 3409 5578">
    <p class='ocr_par' dir='ltr' id='par_1_114' title="bbox 1898 5504 3409 5578">
     <span class='ocr_line' id='line_1_114' title="bbox 1898 5504 3409 5578; baseline 0.003 -16"><span class='ocrx_word' id='word_1_887' title='bbox 1898 5506 2033 5562; x_wconf 90' lang='lat' dir='ltr'><strong>Cod.</strong></span> <span class='ocrx_word' id='word_1_888' title='bbox 2064 5522 2271 5572; x_wconf 79' lang='lat' dir='ltr'><strong>uccux,</strong></span> <span class='ocrx_word' id='word_1_889' title='bbox 2301 5504 2486 5562; x_wconf 89' lang='lat' dir='ltr'><strong>lsidori</strong></span> <span class='ocrx_word' id='word_1_890' title='bbox 2519 5507 2882 5578; x_wconf 75' lang='lat' dir='ltr'><strong>fragmentum</strong></span> <span class='ocrx_word' id='word_1_891' title='bbox 2919 5508 2987 5564; x_wconf 91' lang='lat' dir='ltr'><strong>de</strong></span> <span class='ocrx_word' id='word_1_892' title='bbox 3034 5508 3188 5565; x_wconf 87' lang='lat' dir='ltr'><strong>libris</strong></span> <span class='ocrx_word' id='word_1_893' title='bbox 3234 5524 3409 5566; x_wconf 88' lang='lat' dir='ltr'><strong>cano-</strong></span> 
     </span>
    </p>
   </div>
   <div class='ocr_carea' id='block_1_115' title="bbox 1831 5600 3417 5671">
    <p class='ocr_par' dir='ltr' id='par_1_115' title="bbox 1831 5600 3417 5671">
     <span class='ocr_line' id='line_1_115' title="bbox 1831 5600 3417 5671; baseline 0.004 -18"><span class='ocrx_word' id='word_1_894' title='bbox 1831 5600 1983 5655; x_wconf 91' lang='lat' dir='ltr'><strong>nicis.</strong></span> <span class='ocrx_word' id='word_1_895' title='bbox 2042 5600 2111 5654; x_wconf 81' lang='lat' dir='ltr'><strong>cf.</strong></span> <span class='ocrx_word' id='word_1_896' title='bbox 2150 5600 2432 5671; x_wconf 78' lang='lat' dir='ltr'><strong>Appendix</strong></span> <span class='ocrx_word' id='word_1_897' title='bbox 2461 5601 2530 5655; x_wconf 89' lang='lat' dir='ltr'><strong>ad</strong></span> <span class='ocrx_word' id='word_1_898' title='bbox 2564 5600 2909 5657; x_wconf 78' lang='lat' dir='ltr'><strong>CataLCODD.</strong></span> <span class='ocrx_word' id='word_1_899' title='bbox 2962 5600 3135 5657; x_wconf 88' lang='lat' dir='ltr'><strong>Paris.</strong></span> <span class='ocrx_word' id='word_1_900' title='bbox 3189 5602 3299 5659; x_wconf 85' lang='lat' dir='ltr'><strong>vol.</strong></span> <span class='ocrx_word' id='word_1_901' title='bbox 3344 5618 3417 5670; x_wconf 70' lang='grc' dir='ltr'><strong>ιι,</strong></span> 
     </span>
    </p>
   </div>
   <div class='ocr_carea' id='block_1_116' title="bbox 1831 5693 2043 5763">
    <p class='ocr_par' dir='ltr' id='par_1_116' title="bbox 1831 5693 2043 5763">
     <span class='ocr_line' id='line_1_116' title="bbox 1831 5693 2043 5763; baseline 0.005 -18"><span class='ocrx_word' id='word_1_902' title='bbox 1831 5709 1885 5763; x_wconf 92' lang='lat' dir='ltr'><strong>p.</strong></span> <span class='ocrx_word' id='word_1_903' title='bbox 1918 5693 2043 5748; x_wconf 86' lang='lat'><strong>619.</strong></span> 
     </span>
    </p>
   </div>
   <div class='ocr_carea' id='block_1_117' title="bbox 1900 5786 3203 5861">
    <p class='ocr_par' dir='ltr' id='par_1_117' title="bbox 1900 5786 3203 5861">
     <span class='ocr_line' id='line_1_117' title="bbox 1900 5786 3203 5861; baseline 0 -16"><span class='ocrx_word' id='word_1_904' title='bbox 1900 5786 2032 5845; x_wconf 81' lang='lat' dir='ltr'><strong>Cod.</strong></span> <span class='ocrx_word' id='word_1_905' title='bbox 2068 5801 2364 5855; x_wconf 69' lang='lat' dir='ltr'><strong>ucccuxn,</strong></span> <span class='ocrx_word' id='word_1_906' title='bbox 2400 5804 2451 5841; x_wconf 83' lang='grc' dir='ltr'><strong><em>η.</em></strong></span> <span class='ocrx_word' id='word_1_907' title='bbox 2486 5786 2578 5854; x_wconf 81' lang='lat'><strong>28,</strong></span> <span class='ocrx_word' id='word_1_908' title='bbox 2604 5803 2691 5858; x_wconf 88' lang='lat' dir='ltr'><strong>ep.</strong></span> <span class='ocrx_word' id='word_1_909' title='bbox 2727 5787 2780 5855; x_wconf 83' lang='lat'><strong>3,</strong></span> <span class='ocrx_word' id='word_1_910' title='bbox 2808 5803 2865 5844; x_wconf 91' lang='lat' dir='ltr'><strong>u.</strong></span> <span class='ocrx_word' id='word_1_911' title='bbox 2908 5788 2998 5858; x_wconf 77' lang='lat'><strong>33,</strong></span> <span class='ocrx_word' id='word_1_912' title='bbox 3025 5804 3113 5861; x_wconf 88' lang='lat' dir='ltr'><strong>ep.</strong></span> <span class='ocrx_word' id='word_1_913' title='bbox 3150 5789 3203 5845; x_wconf 89' lang='lat'><strong>1.</strong></span> 
     </span>
    </p>
   </div>
  </div>
