3924 6416
419 301 490 369 59

492 413 627 471 Cod.
659 429 924 480 unum,
952 429 1008 469 ιι.
1040 411 1095 481 6,
1124 411 1411 483 epistolam
1446 408 1514 465 ad
1537 408 1757 481 Cyrum.

422 591 451 633 ⁸
495 508 762 634 P:aaterea
809 522 931 581 qua:
979 521 1144 576 supra
1186 506 1299 576 jam
1348 502 1634 559 attulimus
1669 499 2001 556 conferenda

453 594 526 633 un
559 620 573 635 .

907 694 1121 748 Codices
1156 691 1520 745 Tanrinenses.

497 811 679 868 Codex
729 827 927 875 CLxxu,
964 809 1060 864 fol.
1096 825 1111 863 l
1142 841 1210 851 ——
1241 807 1333 862 fol.
1388 806 1474 861 16.
1506 804 1703 860 Isidori
1735 802 2002 874 epistolae.

426 935 498 944 -
539 905 623 960 Cf.
682 905 841 959 catal.
898 918 1051 958 cono.
1102 901 1265 971 hujus
1318 900 1449 954 bibl.
1497 909 1720 952 auctore
1768 896 2006 965 Josepho

429 993 624 1051 Pasino
666 998 775 1052 vol.
809 995 849 1061 1,
884 1011 939 1066 p.
979 994 1106 1049 259.
1136 1022 1204 1033 —
1244 990 1553 1046 Montel‘alc.
1601 988 1738 1044 Bibl.
1786 988 1909 1042 bibl.
1949 1004 2003 1058 p.

432 1088 592 1155 1598,
635 1088 677 1142 E

444 1191 449 1201 '
503 1185 651 1239 Idem
689 1181 1141 1237 Montefalconius
1192 1195 1248 1249 p.
1280 1178 1416 1233 1397
1446 1177 1492 1230 Α
1518 1176 1765 1231 codicem
1797 1183 2010 1229 exstare

435 1277 656 1333 tradidit
686 1276 853 1330 haece
880 1276 932 1327 in
947 1272 1298 1333 bibliotheca,
1331 1270 1385 1324 in
1419 1285 1529 1339 quo
1565 1276 1847 1323 exstarent
1887 1267 2011 1321 Dia-

435 1368 593 1425 dochi
624 1377 677 1423 et
706 1366 899 1421 isidori
932 1364 1219 1419 Pelusiotae
1246 1361 1517 1417 Ascetica.

681 1484 743 1539 In
766 1483 1067 1538 bibliotheca
1090 1481 1391 1535 monasterii
1417 1478 1471 1535 S.
1499 1477 1748 1533 Germani

438 1609 615 1658 exstat
669 1608 803 1656 teste
860 1597 1277 1653 Monte-falconio
1315 1626 1386 1635 -—
1417 1594 1451 1648 l.
1507 1594 1547 1647 ι.
1594 1609 1651 1662 p.
1731 1591 1907 1654 1128,
1954 1589 2015 1652 E,

436 1726 506 1740 -—
531 1694 732 1759 codex,
772 1706 880 1762 quo
923 1690 1274 1745 continentur
1310 1688 1361 1750 ,6
1413 1685 1606 1741 Isidori
1649 1685 1716 1739 ad
1759 1684 2015 1756 Cyrillum

442 1803 569 1858 epp.

974 1876 1151 1931 Codex
1195 1874 1489 1931 Gudianus.

511 1993 571 2048 In
603 1993 947 2048 bibliothecas
968 1989 1270 2062 Marguardi
1297 1986 1457 2043 Gudii
1486 1985 1752 2057 catalogo,
1775 1985 1867 2054 qui
1897 2000 2024 2054 pro-

442 2086 546 2143 diit
593 2086 769 2140 Kiloni
843 2084 1018 2148 1706,
1075 2088 1534 2137 commemoratur
1602 2094 1658 2148 p.
1730 2077 1834 2132 543
1886 2078 2027 2131 liber

444 2178 848 2248 manuscriptus
887 2174 1029 2239 ἱιι-8,
1075 2174 1131 2227 in
1179 2187 1354 2242 eoque
1389 2171 1697 2240 complures
1737 2168 1832 2222 τοῦ
1870 2169 2025 2237 ἁγίου

457 2270 727 2341 Ἰσιδώρου
755 2267 849 2322 τοῦ
885 2265 1267 2339 Πηλουσιὼτου
1317 2262 1562 2334 epistolas
1584 2271 1800 2316 exstare
1833 2261 2029 2315 dicun-

446 2376 553 2422 tur.
612 2365 841 2419 Exstant
883 2372 1065 2418 autem
1101 2362 1156 2415 in
1183 2376 1270 2425 eo,
1292 2374 1452 2429 quem
1488 2373 1699 2413 summa
1728 2356 2026 2411 doctissimi

446 2458 630 2515 Eberti
666 2458 796 2512 mihi
823 2456 1093 2511 concessit
1126 2453 1444 2517 liberalitas,
1473 2451 1715 2522 epistolas
1732 2460 1961 2521 septem.

518 2550 570 2618 1)
599 2549 718 2603 Lib.
756 2549 795 2612 1,
835 2564 924 2619 ep.
956 2548 1083 2603 209.
1139 2544 1429 2615 Inscriptio
1482 2542 1725 2614 epistolae
1773 2544 1927 2597 deest
1971 2543 2027 2596 in

448 2642 569 2698 cod.
599 2642 717 2695 Lin.
754 2642 802 2695 1.
835 2639 887 2692 εἰ
920 2657 972 2692 τι
1008 2639 1215 2708 πλάνης
1255 2636 1443 2706 ἔφοδον
1483 2636 1601 2690 des.
1636 2636 1691 2688 in
1724 2635 1849 2689 cod.
1882 2633 2025 2689 —2.

449 2734 508 2790 P.
539 2734 853 2805 εἰσέφρησε,
888 2731 951 2787 C.
978 2730 1346 2800 ἐπεισέφρησε
1392 2757 1464 2769 --
1492 2728 1544 2782 6.
1580 2727 1638 2780 1’.
1676 2726 1834 2780 τοῦτο
1880 2725 2026 2790 θεοῦ,

446 2826 511 2883 C.
546 2826 705 2881 τοῦτο
754 2824 848 2879 τοῦ
889 2822 1012 2877 θεοῦ
1063 2852 1134 2863 -
1168 2823 1217 2875 7.
1264 2820 1326 2877 Ρ.
1373 2820 1684 2891 τυγχάνειν,
1719 2818 1784 2875 C.
1820 2818 2027 2889 τυγχά-

449 2936 550 2975 νει.

517 3012 574 3077 2)
603 3011 720 3066 Lib.
754 3010 796 3076 1,
827 3025 915 3079 ep.
946 3008 1072 3062 213.

1539 289 2216 358 COMMENTATIONIS
2254 289 2446 349 PARS
2486 287 2600 347 III.

2036 409 2083 467 Α
2183 403 2301 461 Lib.
2348 421 2384 458 ι.
2430 419 2519 473 ep.
2560 402 2616 468 2,
2663 400 2720 465 6,
2758 400 2811 463 9,
2856 397 2942 463 10,
2986 395 3071 461 ιδ,
3115 392 3201 460 14,
3249 391 3335 455 ιδ,
3384 390 3465 454 ιε,
3507 384 3559 453 8,
3600 386 3705 451 27,

3626 270 3710 334 σε)

2106 498 2196 561 51,
2242 496 2331 559 56,
2376 496 2465 559 41,
2513 493 2603 558 42,
2649 491 2741 555 44,
2780 489 2870 555 46,
2914 487 3036 551 108,
3077 484 3169 548 47,
3209 483 3297 548 49,
3339 481 3429 546 62,
3469 479 3560 544 77,
3602 478 3705 543 80,

2105 589 2193 652 85,
2239 586 2328 651 89,
2373 586 2461 649 90,
2513 584 2605 648 91,
2660 581 2751 646 92,
2790 579 2879 643 94,
2920 578 3009 642 98,
3051 575 3175 641 104,
3224 573 3351 638 108,
3402 569 3526 635 110,
3573 569 3709 631 115,

2109 680 2233 744 128,
2275 677 2399 742 129,
2442 677 2565 741 150,
2602 674 2724 739 152,
2761 671 2885 736 140,
2926 669 3050 734 142,
3088 666 3214 731 144,
3247 665 3371 727 146,
3411 662 3534 725 150,
3574 659 3710 722 149,

2109 771 2233 836 151,
2270 769 2393 835 155,
2429 767 2556 829 284,
2596 764 2720 829 162,
2763 763 2885 828 165,
2923 760 3050 822 164,
3088 758 3211 824 166,
3249 754 3377 819 170,
3414 752 3536 817 179,
3576 748 3710 812 188,

2111 863 2234 927 186,
2273 861 2397 923 187,
2436 860 2558 924 189,
2598 858 2721 921 194,
2765 854 2889 920 195,
2929 852 3054 918 197,
3093 851 3215 915 199,
3248 848 3377 911 201,
3412 845 3539 911 215,
3573 843 3713 905 220,

2108 953 2237 1018 225,
2271 950 2399 1014 227,
2435 948 2565 1012 228,
2601 946 2728 1011 251,
2762 945 2891 1010 254,
2922 942 3051 1007 258,
3082 939 3209 1005 260,
3240 937 3368 1004 266,
3407 936 3536 1001 274,
3571 934 3712 999 276,

2110 1046 2239 1109 277,
2272 1041 2398 1107 278,
2432 1039 2559 1105 279,
2596 1037 2722 1100 289,
2756 1037 2883 1101 285,
2918 1034 3044 1097 284,
3080 1033 3209 1098 285,
3247 1030 3375 1093 286,
3411 1027 3538 1090 294,
3575 1027 3711 1089 505,

2114 1137 2238 1203 508,
2272 1135 2396 1199 509,
2432 1133 2558 1197 515,
2594 1132 2721 1197 520,
2758 1129 2881 1192 564,
2919 1128 3044 1192 567,
3082 1125 3209 1190 568,
3246 1122 3371 1188 572,
3412 1119 3539 1186 576,
3575 1119 3711 1181 580-,

2115 1230 2243 1292 581,
2280 1229 2407 1292 585,
2439 1224 2563 1289 584,
2599 1223 2722 1288 585,
2759 1222 2884 1288 591,
2922 1219 3048 1286 592,
3084 1217 3207 1283 599,
3248 1214 3373 1279 408,
3410 1213 3539 1279 410,
3577 1211 3711 1276 412,

2116 1321 2242 1386 425,
2273 1318 2398 1381 424,
2430 1315 2554 1378 452,
2583 1313 2712 1377 455,
2742 1311 2866 1375 446,
2895 1310 3031 1364 495-
3481 1308 3487 1315 '

2191 1412 2309 1466 Lib.
2342 1427 2404 1465 ιι.
2433 1425 2520 1479 ep.
2553 1407 2644 1469 50,
2677 1404 2765 1470 76,
2798 1401 2887 1467 86,
2925 1402 3047 1463 165,
3086 1399 3209 1466 105,
3236 1397 3367 1459 214,
3397 1395 3525 1451 295.

2190 1505 2311 1560 Lib.
2357 1519 2438 1557 ιιι.
2478 1516 2569 1570 ep.
2609 1497 2700 1561 49,
2738 1496 2827 1561 66,
2868 1495 2971 1561 67,
2997 1494 3085 1559 68,
3127 1492 3213 1559 74,
3252 1489 3376 1554 124,
3415 1487 3539 1552 129,
3578 1485 3710 1550 157,

2124 1597 2247 1661 158,
2276 1596 2397 1654 140,
2431 1593 2556 1658 145,
2588 1589 2712 1656 144,
2743 1587 2869 1649 145,
2898 1586 3019 1649 146,
3052 1584 3175 1639 157.

2196 1690 2264 1760 II)
2302 1687 2485 1742 Codex
2504 1698 2649 1739 κων.
2668 1681 2793 1736 inde
2816 1688 2920 1749 ap.
2944 1678 3064 1733 196.
3096 1674 3365 1746 Ἰσιδὼρου
3389 1671 3481 1725 τοῦ
3507 1668 3721 1740 Πηλου-

2059 1760 2100 1815 B
2128 1783 2321 1838 σιώτου
2343 1779 2629 1850 ἐπιστολὴ,
2659 1792 2779 1847 quae
2807 1776 2888 1844 sic
2916 1774 3108 1844 incipit
3136 1792 3148 1826 :
3183 1772 3344 1825 ἀκοαὶ
3373 1787 3441 1840 με
3473 1768 3717 1839 σκληραὶ

2123 1874 2265 1938 ὲξετ.
2296 1903 2367 1915 -
2401 1871 2497 1926 lib.
2538 1885 2577 1924 ι.
2617 1885 2704 1939 cp.
2743 1868 2867 1923 590.
2905 1895 2975 1905 —
3009 1865 3103 1917 τοῦ
3143 1863 3329 1916 αὐτοῦ.
3363 1891 3435 1901 -
3470 1861 3580 1914 inc.
3622 1858 3719 1912 τὸν

2128 1966 2329 2038 μάχαις
2361 1962 2620 2035 χαίροντα
2652 1960 2747 2015 καὶ
2781 1957 3032 2031 θορύβοις
3064 1955 3401 2027 τερπόμενον
3430 1968 3548 2023 sqq.

2646 2072 2857 2129 Codices
2893 2069 3191 2125 Bodleiani.

2194 2188 2644 2245 Montefalconius
2687 2187 2742 2240 in
2781 2185 2918 2239 Bibl.
2962 2183 3084 2238 bibl.
3130 2199 3187 2253 p.
3234 2181 3340 2236 645
3382 2180 3425 2234 D
3463 2179 3731 2235 codicem“

2130 2300 2282 2339 cxcrx
2304 2297 2397 2336 sex
2436 2280 2627 2335 Isidori
2653 2295 2778 2350 epp.
2803 2278 3085 2333 continere
3112 2273 3353 2329 tradidit.
3379 2273 3449 2326 At
3474 2272 3530 2325 in
3557 2280 3718 2325 cata-

2127 2380 2261 2450 Iogis
2281 2379 2544 2432 librorum
2568 2390 2701 2429 mss.
2724 2371 2930 2443 Anglia
2950 2379 3007 2425 et
3029 2367 3302 2422 Hiberniae
3324 2367 3380 2421 in
3401 2380 3571 2419 unum
3594 2362 3725 2417 col-

2128 2472 2304 2536 lectis,
2329 2470 2421 2540 qui
2449 2468 2769 2539 prodierunt
2795 2464 3017 2519 Oxonia:
3042 2462 3199 2524 1697,
3229 2460 3372 2513 inter
3395 2472 3534 2527 quos
3561 2465 3687 2511 cata
3706 2485 3721 2493 ο

2128 2564 2281 2635 logus
2318 2562 2660 2617 bibliothecae
2698 2557 3004 2612 Bodleianae
3042 2553 3278 2623 primum
3318 2550 3497 2604 locum
3539 2555 3718 2603 tenet.

2132 2657 2382 2713 traditum
2407 2664 2490 2710 est
2516 2653 2755 2709 codicem
2783 2665 2955 2705 cxcvn
3002 2646 3349 2702 bibliothecae
3371 2640 3723 2696 Baroccianec

2129 2766 2253 2805 cum
2290 2747 2583 2802 Bodleiana
2616 2744 2923 2814 conjunctae
2955 2739 3239 2795 continere
3274 2735 3403 2791 Isid.
3437 2732 3553 2787 Pel.
3586 2745 3716 2800 epp.

2130 2846 2164 2901 6
2191 2855 2247 2900 et
2274 2844 2493 2914 quidem
2523 2861 2536 2897 :

2201 2939 2321 2993 Lib.
2354 2954 2391 2991 ι.
2421 2952 2508 3006 ep.
2536 2933 2660 2998 349,
2687 2948 2777 3003 ep.
2804 2930 2932 2995 435,
2960 2944 3050 2998 ep.
3074 2927 3202 2990 339,
3230 2940 3318 2995 ep.
3353 2922 3476 2987 15‘5,
3503 2934 3594 2990 ep.
3624 2917 3718 2982 57,

2134 3030 2379 3101 θρρ151.

522 3106 575 3174 5)
610 3104 726 3159 Lib.
760 3104 800 3169 1,
830 3119 918 3173 ep.
949 3100 1077 3155 214.
1112 3098 1172 3153 P.
1197 3098 1452 3170 Δομιτίῳ,
1472 3097 1538 3151 C.
1569 3095 1831 3167 Δομετίῳ.
1856 3094 2030 3150 Cane-

2154 3084 2415 3176 CIVDeinde
2473 3121 2527 3174 iu
2585 3116 2773 3173 codice
2828 3127 2990 3169 ccxtu
3079 3108 3295 3165 exstant
3348 3104 3537 3162 Isidori
3574 3084 3721 3174 'epp.

451 3213 689 3267 rumep.
738 3197 903 3251 inscr.
937 3195 1092 3248 deest
1145 3192 1198 3245 in
1252 3192 1373 3245 cod.
1429 3190 1522 3243 lin.
1566 3191 1615 3241 1.
1668 3188 1727 3240 τὸ
1764 3190 1917 3241 deest
1974 3186 2030 3239 in

452 3290 574 3345 cod.
602 3318 673 3331 —
700 3288 751 3342 4.
785 3287 847 3341 Ρ.
874 3285 1173 3345 εὐτέλειαν,
1202 3282 1264 3338 C.
1301 3283 1569 3336 ἀτέλειαν.
1590 3310 1656 3320 --
1688 3281 1739 3334 5.
1763 3278 1821 3332 Ρ.
1848 3280 2031 3348 φεῖσα,

453 3384 520 3438 C.
551 3385 793 3451 ἀφεῖσαι.
816 3411 885 3421 --
915 3380 965 3434 8.
996 3379 1126 3448 ἡμῖν
1146 3376 1303 3430 deest
1337 3375 1390 3427 in
1411 3374 1534 3427 cod.

527 3474 581 3542 4)
612 3473 729 3527 Lib.
756 3472 797 3535 I,
821 3488 908 3542 ep.
936 3471 1063 3525 215.
1092 3470 1375 3539 Inscriptio
1394 3469 1549 3522 deest
1584 3468 1637 3520 in
1673 3465 1795 3521 cod.
1830 3465 1953 3519 Lin.
1978 3465 2032 3519 2.

459 3565 520 3623 Ρ.
548 3565 869 3637 ἐφαρμόζει,
910 3564 972 3619 C.
1018 3561 1353 3635 ἁφαρμόζει.
1376 3592 1449 3601 -
1472 3559 1525 3614 9.
1567 3558 1627 3612 Ρ.
1661 3558 1779 3629 μετ’
1833 3557 2035 3625 αὐτῶν,

460 3663 519 3719 C.
559 3664 665 3731 μὴν
699 3693 765 3705 -—

532 3756 586 3821 5)
624 3754 740 3809 Lib.
776 3753 819 3815 1,
854 3768 942 3822 ep.
968 3750 1093 3805 216.
1136 3750 1345 3821 Ζήνωνι
1392 3746 1751 3819 πρεσϐυτέρῳ
1786 3745 1941 3799 deest
1985 3743 2041 3796 in

463 3848 584 3904 cod.
619 3846 737 3900 Lin.
758 3846 810 3899 6.
832 3844 893 3899 P.
912 3846 1006 3897 καὶ
1028 3845 1251 3907 ἐκεῖνος,
1272 3841 1333 3897 C.
1355 3842 1627 3903 κάκεῖνος.
1650 3862 1704 3879 -ι
1723 3840 1776 3894 9.
1807 3837 1864 3892 Ρ.
1891 3836 2043 3905 ἐλεγ-

465 3958 579 4011 χον,
603 3938 665 3994 C.
700 3939 779 4001 εἰς
811 3937 1050 4006 ἔλεγχον.

537 4032 590 4087 6.
624 4032 742 4086 Lib.
776 4031 818 4094 1,
851 4046 937 4100 ep.
966 4029 1091 4083 217.
1139 4026 1199 4081 P.
1249 4025 1327 4096 τῷ
1358 4024 1529 4095 αὐτῷ,
1564 4022 1629 4078 C.
1664 4023 1891 4093 Ζήνωνι.
1921 4020 2042 4075 Lin.

472 4127 524 4182 1.
552 4126 600 4178 εἰ
629 4124 781 4180 deest
812 4122 866 4176 in
900 4120 1024 4177 cod.
1067 4152 1137 4161 —
1181 4122 1231 4174 1.
1262 4118 1332 4171 τὰ
1356 4119 1511 4173 deest
1543 4116 1596 4170 in
1646 4116 1767 4170 cod.
1796 4145 1869 4154 —
1897 4114 1951 4167 2.
1980 4113 2049 4166 τὰ

471 4218 624 4273 deest
649 4217 703 4271 in
728 4215 847 4270 cod.
871 4245 941 4255 —-
969 4215 1024 4268 5.
1051 4212 1110 4266 Ρ.
1142 4212 1529 4283 ὑπεραίροντα,
1549 4208 1613 4264 C.
1645 4207 2049 4278 ὑπεραίρονταυ

473 4311 611 4370 (fors
650 4308 965 4379 ὑπεραίρων
1001 4305 1219 4374 ταῦτα).
1253 4334 1325 4344 -—
1351 4304 1403 4359 5.
1426 4302 1489 4357 Ρ.
1514 4302 1683 4365 ἔλεος,
1711 4310 1773 4355 ι..
1808 4298 2051 4352 ἔλεον.-

474 4402 529 4456 5.
554 4400 615 4455 P.
634 4399 807 4472 παρὰ,
834 4399 898 4451 (ἶ.
918 4397 1064 4468 περὶ.

546 4494 600 4562 7)
632 4493 752 4546 Lib.
786 4492 826 4555 1,
866 4506 955 4560 ep.
986 4490 1075 4543 51.
1119 4486 1175 4542 In
1196 4486 1320 4543 cod.
1351 4484 1583 4556 epistola
1608 4484 1759 4538 omni
1790 4490 1940 4537 caret
1969 4482 2056 4533 in-

477 4583 796 4653 scriptione.
851 4580 948 4633 Iin.
1002 4580 1056 4633 5.
1106 4579 1166 4631 tv
1219 4577 1430 4645 ὀλίγαις
1481 4574 1653 4645 ὥραις
1690 4572 1789 4643 τὴν
1836 4569 2056 4625 αἰώνιον

480 4674 659 4745 ἐαυτῷ
706 4670 1133 4734 κατασκευάζων
1187 4669 1407 4722 κόλασιν
1454 4667 1572 4722 des.
1620 4666 1674 4720 in
1723 4664 1846 4719 cod.
1892 4692 1963 4704 ——
2000 4662 2053 4716 4.

481 4769 663 4821 πᾶσαν
691 4766 846 4820 deest
870 4765 926 4818 in
953 4763 1074 4818 cod.
1095 4789 1156 4801 --
1198 4761 1251 4816 5.
1274 4758 1645 4829 πολύτρεπτον
1674 4758 1828 4812 deest
1854 4756 1910 4809 in
1934 4754 2057 4810 cod.

481 4890 553 4902 —
580 4860 632 4915 6.
672 4858 869 4929 μᾶλλον
907 4856 1060 4910 deest
1085 4855 1139 4908 in
1166 4853 1288 4909 cod.
1324 4881 1393 4892 -—
1418 4852 1473 4905 6.
1514 4850 1875 4923 γνωρίζεσθαι
1908 4850 2066 4905 deest

484 4954 541 5009 in
567 4953 690 5008 cod.
725 4982 796 4992 —
823 4951 875 5005 8.
906 4949 967 5003 Ρ.
1005 4948 1380 5018 τυγχάνουσιν,
1405 4945 1467 5000 C.
1498 4946 1659 4999 εἰσιν.

986 5062 1197 5119 Codices
1234 5061 1556 5131 Upsalenses.

559 5178 646 5236 Cf.
700 5178 990 5248 Catalogus
1038 5175 1301 5231 centuriae
1350 5175 1611 5229 librorum
1666 5170 2067 5226 rarissimorum

492 5272 986 5341 manuscriptorum
1051 5276 1105 5323 ct
1139 5268 1559 5337 impressorum,
1596 5265 1687 5336 qui
1722 5273 2070 5319 asservantur

494 5367 551 5419 in
598 5365 924 5418 bibliotheca
970 5361 1247 5416 academia
1290 5358 1597 5430 l'psalensi,
1641 5366 1863 5413 auctore
1908 5355 2071 5425 Spar-

496 5455 839 5511 venl'eldelio.
890 5454 1103 5524 Upsalte
1148 5451 1307 5507 1706.

571 5548 613 5607 I)
652 5549 833 5604 Codex
878 5565 1026 5613 xui,
1070 5547 1196 5601 inde
1237 5563 1268 5601 a
1311 5562 1365 5615 p.
1408 5545 1531 5600 145.
1592 5542 1820 5613 Ἐκλογὴ
1860 5543 1926 5594 ὲκ
1967 5540 2073 5593 τῶν

502 5639 796 5691 {matelth
822 5638 1089 5707 Ἰσιδὼρθυ
1114 5637 1206 5690 τοῦ
1234 5636 1629 5708 Πηλουςιὼτου.
1667 5634 1921 5691 Continet
1957 5633 2073 5703 epi-

504 5729 669 5787 stolas
706 5730 793 5785 151
830 5737 883 5784 et
913 5728 1127 5798 quidem
1160 5748 1173 5758 ο

2137 3219 2263 3274 564.

2209 3311 2478 3365 Caeterum
2515 3307 2863 3377 reperiuntur
2896 3300 3086 3357 Isidori
3128 3298 3270 3354 dicta
3309 3297 3367 3350 in
3404 3294 3525 3349 cod.
3564 3308 3619 3345 v.
3656 3318 3727 3331 -—

2141 3405 2262 3461 cod.
2292 3420 2468 3458 Lxxvr.
2498 3430 2565 3444 -—
2591 3400 2711 3454 cod.
2740 3412 2891 3453 ccxc.
2918 3410 2974 3448 ιι.
3007 3392 3095 3447 19.
3125 3425 3192 3437 —
3221 3390 3343 3447 cod.
3372 3402 3544 3444 ccxcr.
3574 3400 3635 3439 ιι.
3666 3380 3724 3440 5.

2141 3532 2212 3544 -—
2236 3500 2358 3557 cod.
2386 3512 2537 3554 nccx.
2564 3511 2620 3549 ιι.
2649 3495 2705 3549 2.

2679 3605 2851 3662 Codex
2890 3602 3183 3657 Wellensis.

2216 3708 2277 3760 In
2306 3705 2477 3759 altero
2505 3701 2869 3771 catalogorum
2902 3699 3117 3751 illorum
3145 3694 3450 3757 volumine,
3483 3689 3631 3761 quod
3665 3688 3730 3741 li-

2147 3800 2370 3855 brorum
2410 3811 2541 3850 mss.
2582 3792 2932 3849 ecclesiarum
2972 3787 3364 3844 cathedralium
3406 3793 3463 3839 et
3499 3783 3729 3837 aliarum

2150 3890 2442 3946 celebrium
2477 3886 2931 3942 bibliothecarum
2967 3883 3213 3938 continet
3248 3879 3541 3947 catalogos.
3577 3891 3731 3929 com-

2151 3990 2481 4037 memoratur
2500 3994 2555 4050 p.
2580 3979 2701 4042 104,
2723 3994 2780 4031 ιι.
2806 3976 2966 4041 4054,
2987 3976 3154 4030 codex
3181 3966 3737 4028 ecclesiaeWellensis

2154 4074 2393 4137 in-folio,
2422 4074 2476 4128 in
2506 4086 2615 4142 quo
2642 4080 2854 4125 exstare
2883 4070 3139 4124 dicuntur
3165 4064 3355 4120 Isidori
3386 4063 3500 4117 Pel.
3528 4076 3656 4130 epp.

2688 4180 2863 4235 Codex
2899 4179 3205 4234 Nonianus.

2227 4276 2369 4331 Inter
2407 4290 2610 4347 gracos
2652 4272 2887 4336 codices,
2927 4270 3019 4337 qui
3060 4269 3200 4339 apud
3235 4265 3437 4320 Nanios
3475 4261 3740 4333 patricios

2157 4365 2395 4421 Venetos
2423 4373 2786 4425 asservantur,
2816 4370 3012 4424 exstat,
3041 4369 3101 4414 ut
3127 4374 3194 4413 ex
3224 4358 3438 4411 illorum
3467 4352 3739 4422 catalogo,

2086 4445 2132 4502 1)
2160 4459 2249 4528 qui
2284 4456 2483 4526 prodiit
2511 4453 2767 4508 Bononiae
2800 4452 2956 4511 1784,
2985 4450 3173 4504 videre
3202 4449 3333 4502 licet
3366 4464 3383 4502 :

2223 4548 2406 4603 Codex
2432 4562 2629 4601 cxxm.
2662 4562 2720 4598 ιι.
2754 4561 2823 4597 Ix.
2858 4543 2951 4612 qui
2984 4541 3177 4596 Isidori
3207 4540 3451 4595 continet
3476 4551 3601 4605 epp.

2226 4640 2492 4694 Ceterum
2526 4636 2599 4691 cf.
2633 4635 2754 4690 cod.
2788 4649 2991 4688 xxxvn.
3038 4648 3093 4701 ιι.
3126 4632 3216 4686 46.
3248 4659 3321 4670 ——
3352 4628 3477 4684 cod.
3508 4643 3631 4681 Lxx.
3675 4641 3734 4679 ιι.

2159 4747 2233 4785 tv.
2270 4744 2322 4798 p.
2356 4729 2477 4783 135.
2502 4757 2572 4767 —
2601 4726 2723 4780 cod.
2755 4740 2861 4779 ιρι.
2894 4740 2952 4777 ιι.
2984 4739 3048 4777 ιι.
3082 4739 3136 4792 p.
3171 4722 3294 4776 180.

2231 4819 2386 4873 Falso
2418 4829 2597 4873 autem
2632 4817 2819 4871 IIarIes
2853 4817 2921 4870 ad
2957 4815 3112 4869 Fabr.
3144 4814 3279 4867 Bibl.
3311 4830 3391 4883 gr.
3428 4812 3534 4867 vol.
3568 4810 3649 4875 Χ,
3682 4824 3739 4879 p.

2161 4912 2284 4976 481,
2312 4922 2424 4965 not.
2453 4927 2528 4975 ιιι,
2554 4910 2657 4963 col.
2682 4908 2736 4970 2,
2763 4923 2907 4961 vers.
2931 4906 3023 4959 lin.
3068 4906 3377 4975 complures
3401 4904 3593 4958 Isidori
3621 4903 3738 4972 epi—

2162 5002 2329 5056 stolas
2350 5000 2404 5053 in
2424 5000 2602 5068 aliquo
2624 4999 2965 5053 bibliothecae
2986 4996 3244 5050 Paullinze
3263 4996 3451 5051 codice
3472 4992 3739 5064 Lipsieusi

2163 5100 2376 5147 exstare
2404 5092 2653 5145 aﬂirmat.
2682 5089 2816 5143 Male
2846 5089 2992 5142 enim
3020 5088 3137 5142 haec
3161 5088 3325 5141 verba
3358 5110 3369 5141 :
3405 5106 3422 5138 ι
3462 5085 3653 5141 Isidori
3685 5086 3738 5138 in

2165 5181 2331 5235 libros
2362 5179 2654 5249 Scripturae
2676 5197 2694 5228 ι
2730 5193 2849 5247 qua:
2875 5192 2907 5230 e
2934 5176 3178 5247 catalogo
3204 5176 3544 5230 bibliotheca:
3573 5174 3739 5235 illius,

2166 5288 2199 5326 a
2228 5270 2474 5325 Fellnero
2502 5270 2670 5331 edito,
2699 5266 3145 5322 Montel‘alconius
3173 5267 3227 5320 in
3260 5283 3414 5321 suam
3445 5266 3583 5319 Bibl.
3613 5264 3736 5318 bibl.

2168 5362 2352 5417 retulit
2371 5390 2441 5401 -—
2465 5360 2535 5415 c1.
2562 5376 2616 5429 p.
2639 5358 2773 5421 595,
2800 5358 2871 5421 Ε,
2896 5386 2964 5395 -
2984 5356 3196 5411 videtur
3218 5356 3565 5411 intellexisse.
3595 5356 3741 5409 Con-

2172 5454 2308 5507 tinet
2336 5451 2481 5505 enim
2507 5449 2676 5503 codex
2692 5489 2706 5509 ,
2732 5446 2799 5501 de
2824 5461 2932 5515 quo
2956 5445 3237 5500 Fellnerus
3264 5455 3430 5517 agunt
3454 5457 3508 5499 et
3534 5444 3739 5499 Monte-

2174 5544 2466 5605 falcouius,
2515 5539 3004 5595 commentationes
3055 5538 3244 5592 Isidori
3302 5536 3639 5607 Hispalensis
3688 5536 3741 5586 in

2174 5633 2373 5689 multos
2414 5630 2707 5699 Scriptum
2749 5644 2917 5684 sacrae
2958 5628 3143 5691 libros,
3186 5628 3399 5697 aliaque
3444 5628 3607 5697 hujus
3645 5623 3743 5679 viri

2177 5725 2374 5795 scripta
2408 5721 2798 5793 philosophica.
