3924 6416
248 372 317 438 61
1510 370 1795 430 [SIDORI
1836 369 2235 430 DOCTRI'NA.
3435 360 3505 422 62

1384 688 1740 803 PARS
1822 687 2394 801 TERTIA.

1308 987 1566 1044 lSIDORl
1609 986 2022 1044 PELUSIOTA']
2063 986 2442 1045 DOCTRINA.

739 1303 973 1360 CAPUT
1028 1300 1322 1355 PRIMUM.

347 1450 550 1501 Ιδιῡοιιι
585 1457 655 1496 ΒΕ
682 1455 1010 1495 GRAVISSIIIS
1044 1453 1367 1493 DOGIIATIBU‘S
1401 1453 1704 1491 SENTENTIA.

250 1580 348 1652 §l.
394 1579 695 1648 Exponitur
739 1578 887 1652 quid
918 1576 1148 1652 Isidorus
1192 1576 1256 1628 de
1291 1573 1515 1652 fontibus
1569 1570 1835 1644 religionis

761 1646 1075 1703 Christiana:
1104 1646 1379 1698 cenauerit.

310 1788 447 1841 Novi
496 1783 837 1840 Testamenti
869 1784 1088 1849 scripta,
1124 1797 1249 1836 cum
1288 1782 1463 1851 primo
1495 1789 1550 1834 et
1596 1778 1835 1835 secundo

243 1877 445 1931 saeculo
503 1875 695 1928 multis
741 1872 1069 1927 Christianis
1106 1882 1200 1925 aut
1232 1886 1422 1940 magna
1456 1886 1523 1923 ex
1562 1878 1714 1939 parte
1744 1877 1837 1922 aut

244 1968 476 2022 omnino
502 1966 780 2035 incognita
830 1964 1061 2026 fuerint,
1093 1978 1324 2031 cumque
1366 1961 1544 2031 regula
1591 1961 1711 2015 ﬁdei
1753 1960 1836 2016 vel

240 2058 492 2113 veritatis
518 2098 533 2118 ,
564 2073 729 2123 quam
781 2056 1055 2125 apostolos
1091 2052 1375 2121 discipulis
1404 2051 1516 2103 suis
1555 2050 1836 2104 tradidisse

239 2144 722 2198 verosimillimum
750 2152 854 2204 est,
903 2156 1011 2195 non
1061 2156 1126 2194 ex
1171 2140 1275 2193 illis
1324 2140 1548 2208 repetita
1576 2140 1677 2205 sit,
1732 2139 1837 2193 illis

239 2235 589 2303 temporibus
655 2251 765 2288 non
800 2234 1102 2288 habebatur
1133 2232 1335 2287 Christi
1384 2233 1642 2286 doctrinm
1694 2231 1834 2285 fons.

238 2326 351 2380 Sed
376 2326 492 2394 jam
533 2326 714 2390 tertio,
747 2325 917 2379 multo
950 2324 1118 2395 magis
1146 2339 1275 2378 vero
1325 2332 1585 2392 sequente
1616 2322 1833 2387 saeculo,

247 2429 375 2488 post
412 2419 689 2488 synodum
730 2416 1003 2471 Nicmnam
1079 2416 1273 2469 horum
1315 2415 1573 2469 librorum
1604 2414 1838 2468 auctori-

242 2520 329 2564 tas
359 2510 549 2563 multis
574 2515 644 2563 de
683 2508 883 2572 causis,
914 2522 1049 2577 quas
1077 2506 1165 2561 hic
1197 2522 1465 2575 exponere
1494 2505 1711 2575 longum
1733 2512 1834 2569 est,

242 2600 318 2654 ita
353 2601 619 2669 paulatim
652 2599 1098 2668 ampliﬁcabatur,
1141 2607 1200 2652 ut
1241 2596 1477 2652 Isidorus
1507 2596 1741 2651 divinam
1770 2597 1836 2651 iis

244 2694 493 2747 tribuere
538 2691 926 2745 auctoritatem
972 2705 1173 2757 eosque
1199 2689 1516 2759 primarium
1559 2689 1832 2759 religionis

242 2785 572 2838 Christiana:
604 2784 813 2837 fontem
850 2782 1048 2835 habere
1078 2789 1278 2851 posset.
1313 2779 1467 2846 Quod
1497 2820 1512 2845 ,
1543 2790 1833 2849 antequam

243 2877 471 2946 reliqua,
503 2875 705 2945 quibus
731 2874 820 2928 ille
863 2874 1099 2937 favebat,
1147 2874 1393 2944 dogmata
1440 2873 1614 2927 fusius
1668 2889 1834 2942 expo—

246 2976 480 3031 nantur,
534 2965 698 3034 paulo
749 2965 1056 3019 accuratius
1102 2964 1443 3028 declarasse,
1487 2964 1555 3017 ab
1602 2962 1831 3017 instituti

244 3059 418 3112 nostri
456 3059 667 3112 ratione
700 3074 811 3112 non
838 3058 1072 3111 alienum
1103 3068 1204 3113 est.
1234 3058 1339 3111 Sed
1368 3058 1621 3127 quoniam
1652 3058 1705 3111 in
1732 3058 1835 3110 Int-

239 3150 484 3220 jusmodi
515 3149 899 3219 disquisitione
939 3148 1103 3204 etiam
1151 3150 1218 3203 de
1250 3148 1446 3204 Vetere
1480 3149 1835 3204 Testamento

244 3242 327 3311 agi
374 3242 566 3304 debet,
602 3257 713 3295 non
765 3240 939 3310 magis
989 3240 1117 3309 quid
1150 3240 1239 3295 ille
1287 3242 1355 3296 de
1402 3242 1504 3295 hoc
1543 3242 1832 3307 statuerit,

243 3333 486 3402 quidque
517 3332 591 3387 de
625 3332 911 3402 utriusque
954 3333 1231 3387 censuerit
1265 3334 1620 3404 congruentia
1646 3374 1662 3400 ,
1695 3350 1835 3405 prae-

244 3424 666 3479 termittendum
700 3433 804 3478 est.

321 3557 474 3611 Dens
509 3568 715 3621 autem,
747 3557 815 3612 de
856 3557 1000 3613 illius
1035 3559 1325 3624 sententia,
1369 3559 1664 3621 veteribus.
1692 3560 1840 3615 velut

244 3649 799 3717 Noe,Abraba3,Jobo
810 3651 1038 3720 aliisque
1054 3651 1184 3705 viris
1200 3651 1396 3705 virtute
1413 3651 1839 3722 insignibusnca-

246 3744 417 3816 θαρὰν
433 3745 710 3815 εὑρίσκων
737 3745 916 3798 αὐτῶν
940 3744 1038 3816 τὴν
1052 3744 1276 3815 γνώμην
1297 3745 1390 3797 καὶ
1417 3745 1513 3815 τῆς
1535 3746 1663 3799 ἄνευ
1691 3746 1840 3815 μεσί-

245 3852 333 3888 του
348 3836 705 3899 διδασκαλίας
726 3835 903 3899 ἀξίαν,
928 3852 1048 3890 sese
1065 3837 1548 3901 revelaturus,cum
1566 3837 1650 3892 his
1675 3839 1839 3893 collo-

1855 1300 1904 1356 Δ
1930 1296 2243 1367 Πνεύματος
2275 1295 2432 1365 χάριν
2461 1294 2748 1350 concessit.
2777 1293 3136 1364 Posteaquam
3184 1313 3313 1351 vero
3356 1302 3511 1358 tnulti

1933 1391 2075 1444 inter
2114 1389 2451 1443 Christianos
2483 1388 2567 1441 vel
2596 1388 2803 1457 agendo
2838 1386 2922 1440 vel
2958 1387 3202 1443 docendo
3234 1406 3261 1443 a
3315 1405 3459 1447 recta
3491 1434 3509 1459 ,

1931 1496 2092 1551 quam
2122 1480 2224 1533 illis
2257 1494 2502 1534 summus
2538 1478 2778 1531 omnium
2814 1486 3209 1533 monstraverat
3236 1480 3507 1551 Magister,

1932 1575 2253 1629 aberrarunt
2320 1572 2405 1625 via
2442 1569 2553 1641 (α),
2588 1585 2803 1623 rursum
2843 1568 3060 1638 ἐδέησεν
3120 1571 3218 1640 τῆς
3250 1572 3356 1623 ἀπὸ
3402 1574 3513 1626 τῶν

1929 1662 2304 1735 στραμμὰτων
2329 1660 2664 1731 διορθώσεως
2723 1660 2815 1730 (b).
2849 1659 2937 1715 Uti
2971 1661 3133 1731 igitur
3162 1661 3380 1718 Judmns
3410 1664 3512 1719 Ve-

1933 1764 2067 1817 tere,
2108 1757 2181 1808 ita
2209 1753 2471 1823 benignus
2497 1752 2735 1805 omnium
2767 1751 3068 1805 mortalium
3097 1751 3253 1806 Pater
3278 1769 3376 1807 ttos
3405 1754 3513 1807 No-

1934 1864 2002 1903 vo
2040 1846 2256 1901 edocuit
2292 1844 2671 1907 Testamento;
2716 1843 2895 1911 itaque
2928 1849 3221 1913 utrumque
3262 1845 3512 1915 dogmata

1935 1938 2178 1993 continet
2204 1953 2233 1990 a
2261 1935 2373 1989 Deo
2402 1935 2657 1989 revelata.
2698 1934 2852 1988 Unde
2881 1944 3106 2004 apparet
3135 1934 3398 1988 lsidorum
3428 1936 3513 1989 bis

1934 2030 2086 2084 libris
2131 2028 2371 2082 divinam
2408 2027 2663 2081 tribuisse
2705 2026 2968 2096 originem
3003 2034 3058 2080 et
3097 2027 3509 2090 auctoritatem;

1937 2138 2200 2192 eumque,
2236 2122 2359 2192 quia
2389 2137 2507 2190 quae
2540 2121 2681 2174 Deus
2730 2119 2989 2174 revelavit
3026 2118 3169 2171 inter
3200 2133 3259 2171 se
3306 2126 3514 2171 certare

1937 2231 2159 2285 prorsus
2190 2231 2295 2267 non
2327 2219 2575 2284 possunt,
2626 2212 2822 2266 docere
2868 2210 3120 2265 debuisse
3148 2228 3161 2264 :
3196 2209 3361 2263 Vetus
3399 2210 3513 2261 No-

1938 2304 2173 2377 vumquc
2215 2306 2623 2362 Testamentum
2663 2320 2771 2359 non
2819 2303 3129 2358 discordare
3179 2302 3320 2355 inter
3370 2316 3513 2370 sesc.

1939 2403 2015 2456 De
2044 2401 2242 2471 quibus
2270 2400 2429 2469 paulo
2475 2396 2779 2452 accuratius
2824 2393 3111 2449 dicendum
3160 2402 3281 2457 est;
3314 2401 3367 2445 et
3400 2392 3513 2459 pri-

1940 2508 2087 2545 mum
2118 2491 2335 2560 quidem
2367 2489 2433 2543 de
2460 2486 2746 2542 concordia
2774 2486 3081 2553 utriusque,
3115 2482 3355 2551 Novique
3381 2481 3515 2535 Tes-

1945 2582 2167 2636 tamenti
2199 2580 2527 2650 prtestantia,
2581 2577 2774 2633 deinde
2802 2576 2868 2630 de
2900 2574 3220 2629 auctoritate
3267 2572 3515 2641 reliquis-

1945 2689 2049 2744 que
2084 2689 2242 2744 agere
2288 2673 2461 2742 placet
2516 2686 2682 2725 sacraa
2713 2668 3004 2737 Scriptura:
3044 2665 3441 2720 all‘ectionibus.

2024 2836 2074 2889 l.
2117 2835 2191 2889 De
2246 2834 2521 2888 concordia
2574 2842 2843 2901 utriusque
2901 2838 2950 2884 et
3020 2825 3329 2898 praestantia
3378 2822 3513 2893 Novi

1940 2925 2281 2980 Testamenti.
2314 2955 2385 2965 —
2428 2923 2588 2979 Jesus
2633 2922 2913 2985 Christus,
2949 2918 3015 2973 de
3072 2916 3259 2972 Isidori
3297 2922 3518 2969 senten-

1935 3019 2029 3083 tia,
2068 3018 2214 3072 nulla
2266 3031 2405 3071 nova
2432 3013 2714 3085 proposuit
2770 3013 3017 3083 dogmata
3055 3009 3151 3079 (c).
3192 3007 3373 3073 Quare
3420 3004 3515 3075 qni

1939 3109 2101 3163 Vetus
2145 3108 2551 3162 Testamentum
2614 3111 2823 3158 attento
2884 3102 3067 3155 attimo
3138 3098 3517 3170 perlustrant,

1934 3200 2115 3253 omnia
2162 3214 2282 3268 quae
2316 3196 2467 3251 Novo
2495 3195 2863 3257 continentur,
2897 3191 2950 3244 in
2983 3191 3073 3245 illo
3106 3203 3321 3259 quoque
3371 3202 3515 3256 pra:-

1934 3291 2109 3345 dicata
2139 3296 2260 3344 esse
2289 3287 2601 3351 invenient;
2637 3286 2819 3355 itaque
2849 3293 2907 3338 ut
2936 3283 3035 3353 τὴν
3058 3282 3166 3335 τῶν
3195 3278 3517 3351 ἀμφοτέρων

1934 3382 2041 3436 τῶν
2064 3381 2343 3452 Διαθηκῶν
2396 3379 2693 3433 ἐνδιάθετον
2742 3376 3059 3447 συμφωνίαν
3089 3373 3390 3428 concedant
3419 3386 3517 3423 tte-

1937 3490 2087 3529 cesse
2112 3482 2213 3527 est.
2245 3472 2537 3535 Cancrum,
2558 3479 2619 3525 ut
2651 3470 2949 3525 arbitratur
2977 3466 3237 3529 Isidorus,
3267 3464 3518 3518 Christus

1938 3566 2052 3635 ipse
2085 3563 2411 3628 declaravit,
2456 3580 2516 3616 se
2555 3576 2819 3615 novarum
2850 3573 3030 3612 rerum
3060 3572 3169 3610 non
3213 3570 3332 3610 esse
3363 3553 3519 3621 cupi-

1939 3656 2088 3709 dum.
2126 3654 2341 3708 Homini
2367 3652 2536 3717 enim,
2563 3659 2622 3705 ut
2655 3650 2980 3705 sententiam
3009 3647 3268 3715 exemplis
3295 3646 3521 3715 quibus-

1938 3748 2061 3801 dam
2092 3746 2370 3808 illustrem,
2404 3745 2561 3813 cujus
2586 3744 2790 3814 lepram
2829 3741 3141 3819 emendavit
3164 3739 3343 3800 Jesus,
3378 3746 3517 3791 tem-

1941 3838 2087 3907 plum
2127 3836 2275 3891 adire
2318 3851 2623 3904 munusque
2664 3835 2782 3905 lege
2812 3832 3072 3887 indictum
3126 3831 3323 3885 al‘l‘erre
3357 3829 3521 3899 jussit

248 3939 406 3982 cutus
424 3929 670 3997 estipse.
697 3927 801 3981 Sed
820 3943 942 3982 cum
962 3928 1169 3998 ingrata
1189 3928 1497 3983 Judaeorum
1519 3928 1665 3982 natio
1686 3929 1830 3984 vitiis
1855 3967 1900 4027 ο
1944 3930 2020 3998 (d)
2047 3946 2132 3996 eo,
2165 3930 2239 3984 uti
2272 3929 2540 3984 Pelusiota
2568 3938 2754 3983 noster
2786 3934 2993 3991 censet,
3024 3925 3273 3988 consilio,
3304 3933 3364 3978 ut
3406 3922 3515 3975 τῶν

248 4034 489 4088 praeceps
510 4019 637 4083 iret,
652 4026 765 4073 tum
784 4035 879 4089 per
894 4020 1098 4074 litteras
1118 4036 1237 4074 eam
1260 4020 1536 4075 admoneri
1558 4020 1832 4076 curavitet

1942 4022 2026 4075 δύο
2045 4021 2323 4091 Διαθηκῶν
2355 4022 2389 4087 ἡ
2418 4020 2639 4091 ὁμόνοια
2665 4020 2981 4074 ostendatur
3001 4017 3068 4088 (ε)
3102 4018 3410 4085 Eademque
3437 4030 3524 4066 ra-

248 4108 464 4179 corrigi.
483 4108 605 4173 Qua
628 4109 685 4162 in
701 4124 759 4163 re
788 4123 1034 4163 summus
1056 4111 1297 4164 omnium
1324 4126 1505 4165 rerum
1526 4113 1829 4169 Moderator

248 4200 501 4255 eumdem
526 4216 647 4255 sese
671 4201 863 4271 priscis
882 4202 987 4256 illis
1005 4203 1336 4272 temporibus
1360 4205 1826 4274 praebuitJudaeis,

250 4300 413 4361 atque
439 4291 617 4346 nostri
644 4292 745 4347 aevi
771 4293 1109 4349 Christianis.
1143 4294 1235 4350 Dei
1271 4297 1417 4351 enim
1448 4297 1636 4361 Filius,
1671 4314 1831 4369 apos-

251 4382 373 4436 tolis
420 4381 564 4435 nihil
605 4382 789 4452 scripti
838 4385 1178 4455 relinquens,
1210 4387 1341 4457 ipsis
1365 4395 1419 4442 et
1443 4388 1685 4457 piissimo
1716 4390 1831 4443 cui-

251 4488 356 4543 que
406 4473 480 4527 ab
514 4472 673 4527 initio
729 4490 910 4529 rerum
943 4475 1373 4532 Christianarum
1405 4480 1503 4550 τὴν
1530 4479 1625 4535 τοῦ
1676 4481 1833 4548 ἁγίου

323 4633 405 4699 (α)
460 4631 717 4685 Miserum
769 4633 917 4688 hunc
967 4633 1225 4688 Ecclesia:
1270 4633 1592 4690 Christianae
1624 4642 1827 4689 statum

257 4702 1123 4797 etLiar'r-t—‘anlill‘ti‘.tAa-ngitwﬁidorus1
1150 4704 1300 4797 velut
1326 4704 1417 4789 lib.
1452 4721 1536 4787 ιιι,
1573 4721 1664 4797 ep;
1696 4706 1825 4797 498.

258 4776 344 4847 ubi
378 4775 500 4828 hac
531 4772 779 4847 exstanti:
813 4772 938 4827 Ὀτι
972 4773 1447 4847 μὲν-ἀκμᾳζούοης
1470 4776 1570 4844 τῆς
1604 4772 1831 4847 Ἐκκλη.

261 4791 344 4830 nm
378 4791 500 4828 nec
531 4791 779 4826 cxsrant:
841 4791 938 4827 υτι
972 4791 1070 4843 μεν
1092 4791 1447 4880 ακμᾳςουσηξ
1470 4791 1570 4844 της
1615 4791 1830 4847 ἰςκκΛη-

261 4846 381 4923 βίοις
403 4881 421 4904 ,
459 4842 558 4894 καὶ
603 4844 770 4923 ιξήπω
797 4843 1151 4923 νενοσηκοιτξς
1179 4883 1193 4906 ,
1229 4843 1304 4923 id
1346 4844 1464 4923 ῼεπ.
1498 4846 1627 4923 περὶ
1662 4846 1830 4915 αὐτὴν

257 4914 475 4993 ἰχρρευε
507 4911 821 4994 lupinum}:
844 4954 859 4975 ,
890 4911 984 4965 τοῦ
1031 4912 1186 4994 ἁγίου
1229 4913 1544 4994 ῌνεύματος
1572 4911 1830 4994 δημαγώ-

258 4984 480 5051 γοῦντος
503 5023 520 5045 ,
566 4983 659 5033 καὶ
699 4982 806 5034 τῶν
849 4982 1206 5051 προεστώτων
1240 4982 1472 5038 ἕκαστον
1514 4982 1789 5048 κινοῦντος
1812 5028 1827 5051 ,

259 5055 351 5137 aut
392 5051 749 5137 obpgvot‘thv
786 5051 1114 5137 Ἐιεκλησίοιν
1152 5054 1452 5118 ποιοῦντος,
1490 5056 1625 5108 πᾶσι
1676 5055 1833 5123 δῆλόν

259 5125 425 5195 ἐστιν.
461 5121 663 5195 ’ρτιγδέ
692 5121 997 5195 νοσησέισηζς
1028 5122 1124 5195 atati.
1166 5126 1566 5195 στασιασάοέης,
1615 5121 1832 5194 ἀπέιττη

263 5194 441 5245 πάντα.
488 5192 703 5264 ἐκεῖνοι,
741 5195 835 5243 καὶ
873 5192 1255 5264 Αᾴπεπήδησεν,
1280 5194 1365 5264 Αοὺ
1411 5192 1835 5264 τᾶχαρίσματά

262 5265 421 5386 :32:
448 5288 524 5299 —
568 5261 703 5314 ἀλλὰ
737 5264 832 5314 καὶ
865 5260 978 5331 βίος
1007 5260 1101 5315 καὶ
1124 5260 1327 5335 ⁷ἀρετὴ,
1363 5267 1457 5318 καὶ
1498 5260 1657 5317 τοῦτο
1693 5260 1836 5317 ’πᾶσι

388 5350 437 5382 ν.

289 5365 291 5376 ι
388 5351 437 5382 ν.

289 5351 403 5470 nitor)
442 5400 639 5454 Fusius
664 5400 981 5473 hanchsuam
1004 5404 1327 5457 sententiam
1354 5404 1584 5473 explicat
1604 5402 1839 5458 Isidorus

264 5471 351 5525 lib.
383 5488 466 5535 ιιι,
507 5486 593 5538 ep.
627 5472 746 5524 106.
790 5471 883 5524 Illa
928 5480 1106 5526 autem
1138 5489 1299 5541 quam
1337 5471 1641 5528 sittinsulsa
1668 5512 1682 5535 ,
1710 5489 1831 5529 cum

264 5558 410 5609 aque
451 5543 624 5610 logica
652 5542 1093 5613 careatgveritate
1121 5553 1281 5613 atque
1314 5544 1600 5610 historica,
1638 5559 1733 5612 per
1778 5559 1838 5598 se

267 5622 440 5735 Eiet;
478 5626 675 5681 neque,
714 5620 773 5665 ut
805 5611 1052 5682 pluribus
1077 5611 1585 5684 eatu'explicemus.
1612 5611 1838 5668 necesse

336 5754 403 5820 (c)
437 5750 552 5806 Lib.
589 5768 625 5818 ι,
662 5767 750 5821 ep.
796 5751 917 5816 l07,
953 5766 1073 5821 qua:
1121 5752 1201 5810 sic
1245 5752 1435 5825 incipit
1470 5768 1485 5808 :
1533 5753 1840 5826 Καινότητα

1931 4114 2078 4168 tione
2106 4114 2193 4169 ille
2206 4112 2332 4169 .Iesu
2360 4113 2558 4169 Christi
2585 4113 2853 4183 colloquio
2874 4128 2996 4167 cum
3020 4109 3306 4165 Pharisaeis
3341 4109 3408 4163 de
3434 4124 3519 4162 re-

1932 4205 2097 4275 pudio
2122 4214 2174 4271 et
2200 4204 2449 4275 coniugio
2472 4205 2745 4275 (Dlutitur,
2777 4203 2831 4256 in
2849 4218 2956 4272 quo
2978 4202 3065 4256 hic
3088 4201 3269 4255 Mosen
3296 4216 3405 4254 non
3431 4215 3519 4253 rc-

1932 4296 2287 4366 prehendisse
2316 4296 2537 4358 dicitur,
2571 4295 2665 4349 sed
2694 4307 2982 4348 excusasse
3006 4301 3061 4347 et
3086 4291 3395 4347 defendisse
3416 4290 3513 4361 (g).

1934 4387 2113 4454 Quare
2146 4386 2423 4442 invehitur
2449 4402 2663 4457 quoque
2686 4387 2739 4440 in
2767 4386 3090 4441 Marcionem
3125 4384 3514 4453 maximopere,

1936 4484 2137 4552 quippe
2186 4480 2278 4551 qui
2328 4480 2676 4551 Evangelium
2711 4478 3021 4550 corrupisse
3064 4478 3277 4533 dicatur
3307 4476 3512 4531 Christi

1928 4635 2233 4722 δογμτξτων,
2353 4634 2615 4722 φιράὶιξηςωὶ
2642 4633 2913 4722 εῇρεμζξαν
2952 4631 3031 4722 τις)
3066 4630 3218 4701 νόμῳ
3244 4629 3362 4722 cacat!
3402 4632 3517 4710 τοῖς

1929 4698 2239 4777 πρόφήταις
2266 4707 2293 4758 ὁ
2336 4698 2430 4757 τοῦ
2463 4698 2599 4757 Θεόὖ
2642 4698 3201 4772 Υἱὸς’ὑπεισή’γαγένζ
3244 4698 3334 4753 Sic
3365 4701 3515 4754 enim

1930 4776 2144 4852 codicis
2185 4775 2472 4852 Altaemsis
2527 4774 2847 4852 auctoritate
2886 4773 3244 4852 scribendum
3292 4785 3511 4852 censeo.

1930 4846 2087 4917 Vulg.
2130 4846 2523 4917 ἐπειοήγᾳγεν.
2551 4872 2625 4917 ﬁ
2649 4843 2733 4898 Cf.
2768 4843 2883 4917 _lib._
2927 4858 2965 4905 ι,
3004 4858 3091 4917 ep.
3299 4841 3515 4917 _-—_0t'nc

1936 4910 2149 4986 ἀπῴδὰ,
2175 4915 2282 4969 οὐδ’
2303 4910 2558 4986 ἀλλότρια
2578 4916 2675 4986 τῆς
2702 4912 2796 4966 τοῦ
2827 4913 2993 4983 νόμου
3020 4910 3259 4980 ἐντολῆς,
3288 4912 3321 4981 ἡ
3351 4910 3517 4979 εὐαγ-

1937 4984 2446 5057 γελὶκὴχομοθεᾳζα
2474 4984 2780 5057 παρέδωκε.

2010 5056 2087 5125 (dt
2117 5050 2336 5125 "Evang.
2365 5050 2701 5114 Mattbfvnt,
2726 5056 2777 5125 4.
2809 5052 2972 5125 Marc.
2992 5068 3037 5125 ι.
3064 5052 3151 5125 44.
3178 5050 3309 5125 line.
3337 5067 3390 5125 v,
3428 5051 3512 5125 id.

1943 5120 2102 5180 Falso
2166 5120 2403 5195 citantur
2464 5125 2518 5177 in
2577 5124 2821 5195 margine
2874 5121 3131 5177 editionis
3187 5120 3516 5175 Parisiensis

1940 5196 2134 5251 Joann.
2168 5213 2221 5259 ν,
2245 5204 2298 5249 et
2328 5194 2518 5248 Matth.
2552 5210 2670 5248 χιιι.

2014 5267 2083 5335 (e)
2119 5265 2238 5319 Lib.
2287 5280 2334 5328 ι,
2368 5280 2470 5335 νει).
2520 5265 2642 5319 146.
2688 5293 2759 5335 -έ-
2791 5262 2995 5335 Τούτον
3043 5259 3300 5335 χάριν-τὸ
3342 5258 3515 5330 δρρον

1946 5332 2330 5405 προσενεγκεῖν
2355 5334 2382 5385 ὁ
2411 5332 2603 5405 λεπρὸς
2629 5333 2929 5405 ἐκελεύετο,
2958 5333 3094 5405 ᾇπερ
3116 5335 3144 5405 ῥ
3165 5332 3326 5405 vdua;
3346 5344 3515 5401 προσ-

1946 5352 2330 5457 πῳσενεῖκειν
2355 5352 2382 5385 ο
2412 5352 2603 5405 Αεπρος
2629 5352 2929 5393 εκελευετο,
2958 5352 3094 5400 οπερ
3116 5352 3142 5385 ο
3165 5352 3326 5400 νομος
3346 5352 3369 5396 με

1944 5406 2152 5469 έταξεν,
2199 5422 2267 5457 ναν
2288 5404 2472 5474 δειχθῇ
2499 5404 2605 5456 τῶν
2630 5404 2722 5457 δύο
2755 5402 3038 5474 Διαθηκῷν
3066 5403 3099 5471 ἡ
3125 5403 3369 5474 ὁμόνοια,

2015 5476 2313 5613 $D~Evang=
2362 5470 2550 5527 Matth.
2584 5490 2695 5537 xtx,
2728 5470 2921 5527 l—IS.
2955 5470 3116 5524 Marc.
3154 5470 3205 5530 κ.
3240 5470 3428 5522 l—IG.

2038 5547 2089 5613 g)
2123 5545 2240 5599 Lib.
2276 5559 2357 5605 nr,
2385 5559 2471 5612 ep.
2500 5544 2584 5607 76,
2608 5560 2661 5611 p.
2681 5544 2805 5609 285,
2840 5543 2918 5613 lit.
2942 5543 3003 5604 C,
3032 5542 3125 5613 lini.
3156 5542 3206 5613 5.
3233 5570 3298 5579 --
3322 5540 3379 5592 Ὀ
3404 5540 3461 5607 γᾶ

2016 5542 2089 5614 (g)
2123 5545 2240 5599 Lib.
2274 5542 2357 5605 ιιι,
2385 5559 2471 5612 ep.
2500 5544 2584 5607 76,
2608 5560 2661 5611 p.
2681 5544 2805 5609 285,
2840 5543 2918 5595 lit.
2942 5543 3003 5604 C,
3032 5542 3125 5594 lin.
3156 5542 3206 5595 5.
3233 5570 3298 5579 -—-
3322 5542 3379 5592 '0
3404 5542 3513 5608 γὰρ

1945 5616 2177 5694 Χριοτὸς
2217 5614 2361 5694 ῥεῦρ⁹
2399 5615 2790 5694 ἐιπιφοιτήσᾳς,
2814 5612 3022 5694 ταύτης
3063 5612 3209 5694 αιξτῴ
3252 5626 3512 5694 τεροσενε-

1946 5680 2169 5754 χῠείσης
2196 5685 2295 5752 τῆς
2318 5680 2579 5747 meum;
2599 5723 2613 5747 ,
2642 5680 2719 5735 ὀὐ
2762 5682 2921 5754 μόνον
2958 5682 3059 5734 οὐκ
3102 5681 3385 5752 ἐμέμψατο
3418 5680 3512 5735 τὸν

1948 5752 2170 5820 Μωσέοι,
2211 5754 2345 5809 ἀλλὰ
2387 5755 2477 5807 καὶ
2511 5752 3028 5823 ὑπεραπελογήσατο
3080 5781 3124 5792 -
