3924 6416
272 302 341 365 89
1555 313 1850 378 ISIDORI
1890 320 2293 387 DOCTRINA.
3479 337 3551 400 90

272 412 545 512 Aristidis,
574 413 967 512 Epaminonda:
988 456 1005 480 ,
1032 415 1233 483 Cratis,
1273 417 1585 489 Phocionis,
1616 426 1860 483 Platonis
1888 435 1935 489 Α
1959 433 2202 489 minibus
2250 434 2635 491 demandatam
2656 475 2672 502 ,
2727 437 2881 493 brevi
2927 440 3191 511 temporis
3222 444 3399 512 spatio
3442 445 3549 504 late

269 507 610 576 aliorumque
631 509 1017 563 auctoritatem
1045 512 1293 579 opponit.

339 597 515 651 Simili
563 599 727 653 modo
777 609 968 655 contra
1014 616 1110 657 eos
1152 604 1297 674 agit,
1346 605 1441 674 qui
1486 609 1859 677 apostolorum

269 690 577 744 doctrinam
621 705 734 745 non
775 691 1018 747 divinam
1055 708 1179 750 esse
1226 711 1291 750 ex
1325 699 1475 753 tenui
1528 701 1741 757 illorum
1771 720 1862 774 ge—

270 796 399 835 nere
420 781 703 837 scribendi
729 782 1084 854 collegerunt.
1125 784 1191 839 Hi
1218 787 1390 852 enim,
1412 788 1481 844 de
1516 790 1707 847 Isidori
1734 809 1861 847 sen-

271 872 458 937 tentia,
484 887 613 926 cum
660 873 1003 944 philosophis
1030 883 1087 930 et
1132 877 1344 945 poetis,
1383 880 1581 949 quibus
1626 884 1861 940 maxima

267 956 410 1027 apud
457 956 681 1012 Graecos
709 957 877 1029 gloria
909 967 995 1013 est
1022 968 1076 1014 et
1105 962 1423 1026 auctoritas,
1460 964 1688 1020 minime
1712 983 1855 1021 con-

270 1046 557 1115 sentiunt;
601 1062 727 1103 cum
772 1048 1028 1104 Socrates
1062 1051 1209 1121 apud
1255 1051 1538 1109 Platonem
1580 1067 1857 1128 comptam

267 1137 573 1191 orationem
624 1138 954 1209 philosopho
998 1140 1275 1213 indignam
1323 1160 1446 1200 esse
1501 1158 1763 1215 censeat,
1806 1160 1864 1207 et

270 1228 543 1285 Homerus
568 1239 729 1300 poeta
750 1231 971 1287 divinus
993 1248 1097 1289 non
1118 1249 1241 1293 esse
1263 1251 1490 1292 necesse
1516 1237 1776 1308 declaret,
1801 1250 1864 1298 ut

266 1337 454 1377 rerum
483 1324 795 1378 divinarum
824 1323 1076 1380 doctores
1103 1324 1189 1379 vel
1223 1326 1321 1380 viri
1344 1327 1577 1398 alicujus
1606 1331 1862 1402 discipuli

267 1413 395 1479 sint,
413 1414 505 1468 vel
540 1414 839 1469 humanam
862 1416 1135 1487 cognitam
1165 1417 1402 1473 habeant
1419 1421 1741 1490 sapientiam
1759 1424 1859 1495 (a).

334 1523 445 1578 Sed
474 1525 573 1594 qui
599 1540 711 1579 non
741 1535 852 1579 tam
887 1533 1077 1581 contra
1105 1528 1497 1586 celeberrimos
1532 1543 1706 1601 agunt
1733 1550 1866 1604 poe-

267 1626 348 1672 tas
394 1626 456 1673 et
499 1617 897 1688 philosophos,
943 1634 1105 1689 quam
1158 1631 1349 1676 contra
1391 1637 1515 1678 sese
1565 1623 1867 1695 loquuntur

265 1714 402 1783 ipsi,
451 1714 581 1783 jure
615 1713 936 1770 deridentur
975 1715 1045 1770 ab
1072 1717 1350 1772 omnibus.
1396 1718 1475 1773 Ita
1525 1718 1583 1774 in
1628 1721 1858 1791 epistola

268 1806 335 1861 ad
385 1806 767 1876 IEsculapium
811 1807 1110 1877 sophistam
1143 1809 1217 1879 (ὁ)
1264 1819 1452 1866 narrat
1497 1809 1768 1875 Isidorus.
1800 1829 1860 1869 se

268 1897 564 1967 aliquando
611 1913 737 1952 cum
784 1899 1118 1969 philosopho
1166 1900 1388 1969 Graeco,
1444 1918 1695 1975 magnam
1743 1907 1859 1961 elo-

267 1985 508 2054 quentiae
553 1985 783 2056 gloriam
815 1986 1043 2057 adepto,
1081 1988 1275 2045 iniisse
1306 2001 1622 2061 certamen;
1657 2010 1859 2065 seque,

271 2092 392 2131 eum
424 2077 517 2131 ille
543 2076 704 2146 plura
728 2076 799 2131 de
822 2076 953 2132 Jesu
980 2078 1188 2135 Christi
1232 2083 1566 2141 cruciatibus
1592 2094 1652 2141 et
1682 2098 1861 2143 morte

272 2168 447 2237 palam
467 2167 718 2232 dixisset,
747 2168 1161 2240 orationemque
1190 2171 1335 2228 illius
1364 2190 1593 2245 magnus
1615 2177 1860 2231 omnium

274 2267 604 2315 consecutus
633 2269 781 2316 esset
819 2260 981 2326 risus,
1016 2263 1261 2318 modeste
1292 2274 1348 2319 et
1389 2267 1679 2336 tranquille
1709 2283 1862 2337 quae-

276 2351 467 2406 sivisse
510 2367 582 2407 ex
613 2367 715 2417 eo,
762 2368 872 2419 quo
918 2354 1081 2408 modo
1110 2354 1298 2409 Jesum
1344 2372 1537 2411 revera
1583 2368 1860 2415 mortuum

276 2440 532 2510 crocique
563 2456 687 2496 esse
728 2442 948 2497 afﬁxam
992 2455 1177 2514 posset
1206 2449 1459 2516 probare.
1501 2448 1641 2503 Tum
1672 2450 1763 2506 ille
1803 2451 1859 2505 in

275 2532 585 2603 Evangeliis
626 2534 892 2604 scriptum
923 2551 1045 2592 esse
1074 2540 1393 2609 respondit,
1426 2540 1610 2611 itaque
1645 2543 1860 2598 illorum

273 2627 490 2697 agnmvit
529 2628 936 2683 auctoritatem.
964 2628 1035 2683 At
1060 2630 1167 2685 hoc
1211 2646 1312 2702 ego
1345 2631 1423 2686 illi
1454 2633 1639 2688 statim
1687 2650 1861 2705 oppo-

273 2724 467 2777 nebam
493 2762 511 2787 ,
554 2722 612 2776 in
648 2722 840 2777 iisdem
888 2725 1349 2780 resurrectionem
1385 2743 1601 2797 quoque
1645 2728 1860 2783 Domini

272 2815 443 2870 nostri
489 2814 621 2870 Jesu
650 2814 850 2870 Christi
898 2816 1153 2871 traditam
1197 2833 1340 2883 esse,
1381 2819 1606 2890 ejusque
1646 2821 1716 2874 ad
1764 2819 1865 2874 Pa-

273 2915 411 2962 trem
438 2907 703 2961 reditum.
730 2906 887 2973 Quod
918 2907 965 2961 si
992 2909 1341 2977 evangelistis
1366 2908 1527 2964 ﬁdem
1556 2911 1863 2966 habendam

271 3009 395 3053 esse
431 3012 655 3065 censes,
682 3006 746 3052 ut
787 3007 948 3052 antea
979 2999 1241 3053 censuisti
1267 3040 1281 3063 ,
1315 3000 1361 3055 si
1389 2999 1667 3056 Christum
1719 3018 1865 3057 mor-

1963 533 2334 595 propagatam,
2360 526 2653 596 multisque
2683 537 2842 583 antea
2871 531 3216 587 ethnicorum
3243 536 3348 590 fide
3371 536 3575 591 imbu-‘

1966 614 2033 667 tis
2055 614 2134 684 (ά)
2174 629 2294 669 esse
2322 626 2623 686 acceptam.
2662 617 2799 673 Hine
2828 619 2958 673 solis
2983 620 3105 675 luce
3150 622 3349 677 clarius
3380 640 3549 695 appa-

1964 717 2086 757 rere
2106 704 2349 757 caalestia
2374 706 2742 774 apostolorum
2763 707 3035 777 dogmata,
3061 710 3321 779 majorem
3345 712 3549 768 habere

1963 793 2019 847 in
2054 795 2364 849 mortalium
2394 796 2606 850 animos
2633 797 2738 850 vim
2770 806 2826 851 et
2849 797 3172 865 efﬁcaciam,
3203 816 3367 869 quam
3392 802 3546 857 Grat-

1963 901 2153 940 corum
2202 887 2270 941 de
2311 887 2415 941 diis
2441 888 2672 942 fabulas.
2722 890 2854 954 Quae
2878 905 3005 944 cum
3044 890 3116 945 ita
3156 892 3284 959 sint,
3316 894 3550 949 miratur

1963 975 2203 1031 Isidorus
2229 977 2323 1049 (ε),
2359 979 2453 1048 qui
2486 978 2598 1045 fiat,
2637 980 2783 1049 quod
2821 996 2929 1035 non
2959 983 3135 1037 solum
3161 988 3345 1051 rudes,
3375 986 3548 1059 ignari

1964 1078 2021 1123 et
2072 1070 2302 1139 impoliti
2365 1073 2708 1144 polytheismi
2750 1074 3099 1141 defensores,
3144 1093 3335 1135 verum
3379 1082 3547 1138 etiam

1963 1160 2272 1231 phil050phi
2306 1162 2506 1232 alioqui
2555 1164 2852 1233 prudentes
2889 1174 2947 1219 et
2994 1182 3218 1237 sagaces
3252 1184 3362 1223 non
3415 1186 3547 1226 sen-

1966 1252 2101 1307 tiant
2136 1268 2196 1307 se
2226 1252 2413 1308 Jesum
2462 1254 2767 1321 Christum,
2797 1258 3091 1327 apostolos,
3126 1274 3425 1331 eorumque
3449 1264 3547 1317 do-

1964 1340 2192 1395 ctrinam
2223 1340 2514 1397 irridentes
2533 1344 2858 1414 semetipsos
2884 1346 3085 1401 habere
3112 1348 3369 1405 ludibrio.
3411 1350 3546 1407 Nam

1964 1431 2311 1490 Servatorem
2348 1444 2595 1489 nostrum
2638 1437 2786 1491 cruci
2827 1437 3047 1493 alﬂxum
3086 1451 3545 1513 contemnentes,

1966 1524 2225 1591 fatentur,
2259 1542 2319 1581 se
2340 1527 2409 1581 ab
2438 1527 2662 1582 homine
2691 1537 3008 1599 contemptu
3050 1532 3214 1604 digno
3242 1534 3416 1590 victos
3434 1574 3450 1599 ,
3490 1544 3547 1590 et

1965 1617 2104 1672 adeo
2136 1626 2457 1689 contemptu
2502 1634 2625 1674 esse
2661 1620 2935 1691 digniores
2956 1663 2971 1686 ,
3014 1624 3381 1691 apostolorum
3413 1642 3545 1681 vero

1968 1702 2237 1757 inscitiam
2301 1706 2639 1775 gravissimis
2686 1708 2870 1764 verbis
2920 1712 3385 1780 reprehendentes
3439 1716 3545 1770 sibi

1960 1788 2293 1858 exprobrant
2334 1793 2642 1848 vecordiam
2667 1833 2683 1857 ,
2709 1810 2834 1852 cum
2874 1812 2905 1851 a
2936 1800 3163 1854 rudibus
3188 1800 3320 1856 viris
3362 1816 3422 1857 se
3450 1817 3544 1858 su-

1962 1892 2183 1950 peratos
2206 1897 2327 1937 esse
2358 1886 2664 1940 concedant
2701 1902 2927 1943 necesse
2962 1890 3050 1945 sit.
3081 1920 3153 1929 —
3193 1890 3250 1945 Si
3292 1907 3450 1960 vero,
3483 1902 3544 1949 ut

1961 1972 2156 2043 pergit,
2184 1972 2554 2043 petulantibus
2576 1973 2705 2030 Jesu
2731 1976 2934 2033 Christi
2957 1980 3240 2035 cachinnis
3262 1981 3544 2052 excipiunt

1962 2064 2306 2133 sepulcrum,
2342 2065 2572 2121 illustria
2616 2068 2857 2137 ipsorum
2894 2072 3089 2139 templa
3130 2072 3366 2128 reddunt
3408 2074 3544 2129 ridi-

1962 2156 2106 2223 cula,
2127 2156 2329 2227 quippe
2353 2175 2474 2228 qua:
2498 2160 2681 2216 deriso
2708 2162 2778 2217 ab
2816 2163 2945 2232 ipsis
2971 2164 3239 2220 cesserint
3265 2167 3540 2237 sepulcro.

1965 2245 2023 2301 Si
2045 2248 2279 2318 denique
2306 2248 2654 2321 Evangelium
2683 2262 2742 2307 ut
2768 2269 2880 2307 rem
2908 2254 3067 2309 vilem
3096 2256 3368 2326 rejiciunt.
3391 2257 3546 2327 quid-

1962 2339 2091 2409 quid
2136 2341 2281 2410 apud
2322 2357 2416 2397 eos
2458 2343 2668 2400 illustre
2710 2354 2792 2399 est
2830 2354 2886 2399 et
2932 2348 3250 2414 praeclarum
3292 2349 3545 2403 derident

1962 2429 2102 2499 ipsi,
2132 2431 2392 2501 quoniam
2418 2448 2598 2488 rerum
2627 2435 2815 2491 vilium
2842 2448 3052 2493 natura:
3073 2439 3444 2495 succubuerit.
3470 2468 3546 2482 --

1962 2520 2089 2575 Haec
2120 2522 2403 2578 hactenus.

2037 2675 2064 2747 ᾗ
2123 2677 2178 2730 2.
2217 2676 2293 2731 De
2331 2677 2521 2732 Isidori
2550 2695 2667 2733 cum
2688 2680 2885 2735 Iudaeis
2912 2682 3208 2738 altercandi
3234 2693 3459 2740 ratione;

2034 2830 2502 2897 Quemadmodum
2535 2834 2775 2892 lsidorus
2824 2838 3061 2894 ethnicis
3106 2839 3416 2912 philosophi
3460 2841 3547 2897 vel

1964 2933 2139 2993 poetae
2168 2925 2449 2993 cujusdam
2490 2928 2869 2983 auctoritatem
2902 2929 3306 2999 proferentibus
3330 2931 3547 3001 aliquod

1966 3024 2061 3067 aut
2078 3014 2325 3083 ejusdem
2357 3024 2452 3070 aut
2479 3016 2620 3072 alius
2643 3020 2924 3089 scriptoris
2944 3021 3175 3090 opponit
3201 3020 3445 3087 effatum,
3473 3022 3546 3076 ita

271 3098 427 3181 ιιιιιξιι
453 3103 578 3143 esse
606 3088 823 3154 credis,
860 3097 913 3144 te
952 3088 1199 3157 eiusdem
1235 3098 1293 3145 et
1321 3092 1780 3148 resurrectionem
1810 3103 1865 3149 et
1891 3104 1934 3161 c
1967 3113 2155 3161 contra
2185 3107 2403 3164 Judaeos
2444 3088 2824 3181 disputaturos
2863 3088 3182 3165 non'solum
3216 3111 3411 3167 Vetere
3436 3113 3479 3167 Τ
3516 3142 3545 3154 -

271 3181 341 3236 ad
372 3178 593 3235 Patrem
622 3181 858 3236 reditum
884 3181 1110 3237 credere
1138 3191 1373 3252 oportet.

344 3293 599 3363 Denique
634 3292 870 3348 ethnicis
919 3294 1196 3365 religionis
1241 3294 1567 3350 Christianae
1597 3306 1867 3366 pnestan-

270 3382 405 3440 tiam
432 3386 767 3455 probaturus
796 3394 1118 3456 argumento
1140 3387 1315 3440 utitur
1339 3388 1619 3441 historico.
1650 3389 1864 3444 Etenim

270 3490 341 3534 ex
398 3478 469 3532 iis
517 3493 640 3546 quae
663 3478 776 3548 jam
824 3478 1126 3542 evenerint,
1173 3479 1379 3548 majora
1424 3479 1658 3548 perspici
1702 3480 1865 3535 licere

270 3569 564 3626 contendit
592 3566 690 3639 (c),
738 3568 1078 3639 adiuuatque
1119 3568 1431 3624 Graecorum
1461 3571 1864 3641 philosophiam

270 3657 623 3727 deorumque
663 3657 869 3712 cultum
912 3673 943 3712 a
993 3658 1354 3727 prudentibus
1400 3660 1681 3729 doctisque
1734 3660 1864 3714 viris

273 3748 569 3805 defensum
613 3758 670 3805 et
714 3750 1185 3814 commendatum,
1218 3750 1346 3805 inde
1373 3751 1440 3804 ab
1469 3751 1862 3820 antiquissimis

274 3842 624 3911 temporibus
650 3841 907 3897 traditum
937 3841 1279 3903 hominibus,
1308 3852 1475 3912 atque
1502 3843 1865 3897 inveteratum

274 3932 480 4003 Opibus
509 3933 786 4003 armisque
817 3940 1091 4002 potentem
1116 3975 1132 3999 ,
1158 3933 1331 4002 magis
1355 3934 1634 4004 magisque
1661 3948 1728 3989 ex
1752 3935 1871 3987 ani-

276 4026 385 4080 mis
429 4027 747 4080 mortalium
791 4025 1056 4080 removeri
1098 4034 1152 4080 et
1191 4026 1395 4091 deleri,
1430 4025 1866 4081 Christianorum

276 4132 413 4173 vero
440 4117 749 4173 doctrinam
774 4117 1016 4188 plebeiis,
1047 4117 1381 4187 pauperibus
1407 4124 1464 4173 et
1501 4117 1731 4189 abjectis
1764 4119 1868 4174 ho-

352 4333 433 4412 ta)
461 4334 581 4389 Lib.
616 4350 692 4401 tv,
720 4349 807 4404 ep.
842 4333 932 4390 50.

352 4406 430 4474 (ὁ)
463 4405 578 4459 Lib.
610 4421 684 4467 Iv.
711 4421 796 4474 ep.
824 4406 914 4460 5i.

378 4476 427 4547 c)
466 4474 582 4547 μη).
608 4492 648 4539 ι,
678 4490 765 4544 ep.
801 4475 948 4547 270..

376 4545 433 4615 ά)
620 4561 692 4609 tv,
718 4561 805 4619 ep.
837 4548 902 4600 76
931 4545 947 4598 ἑ
971 4574 1041 4585 -
1071 4546 1364 4619 Πόσοινγίὰρ
1385 4545 1749 4619 Πνθαγόρειοι
1774 4547 1862 4602 τύ-

280 4617 515 4687 φουᾲκαὶ
538 4615 840 4687 ὑπερεξψίας
883 4617 1184 4685 πεφηνότες
1226 4615 1570 4684 διδάσκαλος
1607 4615 1861 4687 φοιτηταὶ

281 4677 547 4759 ferinae}
576 4677 669 4759 τῷ
692 4677 858 4759 λὸγ-οξ.)
883 4701 898 4750 ;
927 4677 1083 4759 πξέοι
1102 4677 1535 4759 δὲ’Πλατωνικοὶ,
1557 4677 1663 4759 ’τῆν
1690 4677 1862 4757 ὀφρὺν

280 4756 384 4825 τὴν
436 4756 548 4808 ἀπὸ
588 4756 687 4824 τῆς
716 4755 1065 4825 καλλινεπείας
1097 4758 1544 4820 κατασπάσαντες
1565 4796 1581 4820 ,
1621 4755 1733 4811 ὕπὸ
1762 4755 1862 4825 τὴν

288 4824 451 4897 ᾳκιὰν
494 4825 661 4897 αὐταῦ
709 4824 1065 4897 ἱδρύνθησακ
1114 4828 1272 4897 πόσοι
1318 4827 1736 4897 ’Δριστοτελικοὶ
1768 4824 1864 4881 καὶ

288 4896 541 4967 Στωϊκοὶ,
571 4895 689 4967 τὴν,
713 4892 797 4961 ἐφ’
830 4892 897 4966 ἧς
917 4892 1297 4967 ἐσεμνύνοντο,
1332 4892 1521 4967 σόφίαν
1555 4898 1863 4967 ἀτιμάσαν-

285 4982 398 5027 τες.
430 4966 724 5037 manum
752 4969 811 5019 ἐν
842 4969 954 5037 τρῖς
982 4966 1241 5036 ὑπηκόοις
1270 4966 1557 5037 τετάχθαι;

357 5039 433 5101 (e)
468 5034 693 5104 Liva.
732 5051 821 5104 ep.
855 5036 944 5088 27.

360 5107 427 5175 (fl
466 5103 585 5158 Lib.
621 5123 695 5171 Iv,
726 5103 815 5174 ep.
848 5106 998 5170 2:25.,
1034 5105 1091 5159 in
1130 5123 1236 5175 qua
1282 5104 1503 5175 Josephi
1538 5106 1605 5161 de
1645 5106 1864 5161 Christo

286 5175 665 5246 testimonium
699 5206 770 5216 —
807 5176 1073 5231 Arelnrol.
1107 5176 1203 5231 lib.
1239 5192 1400 5241 xvm,
1431 5192 1551 5245 cap.
1583 5177 1636 5246 ὃς
1669 5179 1767 5246 (4.)
1794 5206 1865 5216 -

284 5245 375 5298 his
404 5246 589 5316 verbis
611 5246 1089 5316 comprehenditur
1130 5264 1143 5299 :
1176 5247 1387 5314 γίνεται
1413 5247 1470 5299 δὲ
1491 5277 1569 5316 7—
1600 5245 1660 5300 V.
1682 5245 1766 5316 δὴ
1793 5276 1865 5286 -

288 5315 413 5385 κατ’
446 5316 655 5385 ἐκεῖνον
689 5344 759 5354 —-
792 5315 850 5367 ν.
884 5317 947 5368 Η.
983 5316 1123 5368 κατὰ
1148 5316 1335 5368 τοῦτον
1357 5345 1428 5355 —--
1455 5315 1547 5368 τὸν
1576 5315 1764 5385 χρόνον
1796 5345 1867 5358 --

288 5384 415 5455 cod.
447 5383 569 5455 vat.
601 5384 724 5439 650.
770 5386 1050 5455 καιρὸνί-
1095 5386 1319 5455 Ἰησοῦς,
1351 5386 1511 5454 σοφὸς
1541 5383 1701 5454 ἀνὴρ,
1748 5386 1864 5455 εἴγε

287 5453 455 5527 amb»
486 5452 745 5527 ἄνδρας-
784 5452 1051 5527 ῌ.’ᾰνδρα
1094 5452 1257 5527 αὗτὸν
1296 5452 1556 5527 έ-λέγειν
1588 5452 1864 5527 χρήμἮν

290 5524 402 5593 γὰρ
434 5511 752 5596 παραδόξων
782 5525 964 5596 ἔργω-ν
984 5511 1218 5596 ’ποιητὴς
1241 5567 1257 5591 ,
1294 5511 1637 5596 διδάσκαλος
1655 5511 1865 5596 ἅνθρὼ-

293 5594 549 5666 ςξωνᾲτῷν
589 5595 749 5666 ἡδονῇ
779 5594 984 5666 τάληθῆ
1013 5594 1336 5666 δεχομένων.
1372 5595 1738 5666 Καὶμπολλοὺς
1761 5594 1864 5666 μὲν

303 5612 413 5645 πων
439 5612 549 5645 των
589 5612 749 5664 ηοονῃ
779 5612 878 5645 ταΑ
918 5612 984 5664 υη
1013 5612 1336 5665 οεχομενων.
1372 5612 1482 5648 nat
1512 5612 1738 5659 ποΛΛους
1765 5612 1859 5666 μεν

303 5662 611 5735 ἷιονᾷαίους,
636 5664 863 5735 nono-)5
881 5612 943 5716 2s
966 5664 1057 5735 καὶ
1072 5664 1166 5718 τοῦ
1181 5734 1187 5735 γ
1201 5664 1512 5732 Ἐλληνικοῦ
1529 5666 1859 5735 ἐπηγάγετο.

308 5731 368 5786 ὐ
395 5733 631 5805 Χριστὸς
653 5728 810 5800 οὗτος
832 5732 919 5808 ἦν.
941 5733 1051 5789 Καὶ
1076 5734 1235 5791 αὑτὸν
1260 5728 1477 5800 ὲνδὲίξει
1498 5735 1606 5791 τῶν
1623 5728 1862 5808 ’πρώτων

1971 3204 2264 3264 stamento,
2300 3215 2488 3253 verum
2516 3208 2571 3254 et
2608 3200 2853 3256 Philonis
2891 3212 2947 3256 et
2984 3199 3208 3271 Joseplii
3259 3201 3441 3265 dictis,
3490 3212 3551 3257 ut

1970 3290 2184 3345 illorum
2211 3291 2549 3361 objectiones
2570 3292 2789 3355 refutet,
2817 3293 2987 3348 utitur
3011 3309 3407 3363 saepenumero.
3436 3296 3549 3350 Ita-

1970 3397 2075 3452 que
2102 3381 2317 3437 Judaaos
2344 3381 2474 3437 Jesu
2498 3383 2703 3438 Christi
2732 3385 3075 3441 divinitatem
3099 3396 3365 3457 negantes
3394 3388 3552 3442 refel-

1970 3472 2034 3527 lit
2056 3476 2379 3528 auctoritate
2407 3474 2628 3545 Josephi
2653 3475 2740 3546 (f),
2767 3476 2857 3546 qui
2883 3476 2984 3530 etsi
3017 3477 3316 3533 acerrimus
3332 3478 3550 3549 religio-

1976 3565 2060 3619 nis
2100 3565 2347 3621 Mosaieaa
2384 3576 2778 3638 propugnator,
2826 3575 2882 3622 et
2912 3576 3168 3623 strenuus
3203 3562 3551 3639 popularium

1974 3655 2135 3712 fuerit
2160 3657 2435 3723 defensor,
2465 3666 2645 3712 tamen
2672 3658 2917 3714 veritatis
2938 3674 3123 3714 amore
3152 3659 3351 3715 ductus
3386 3661 3551 3715 Chri-

1967 3760 2113 3806 stum
2160 3750 2419 3805 miracula
2472 3751 2744 3815 edidisse,
2788 3766 3022 3821 eumque
3065 3752 3290 3805 humani
3336 3752 3553 3823 generis

1968 3850 2359 3912 przeceptorem
2404 3841 2664 3898 divinitus
2700 3843 2929 3897 missum
2962 3842 3133 3899 fuisse
3181 3844 3547 3899 afﬁrmaverit.

1968 3964 2039 3975 -—
2084 3934 2391 4003 Eademque
2420 3937 2630 3990 ratione
2673 3936 2775 3989 alia
2807 3937 2862 3990 in
2893 3936 3124 4005 epistola
3163 3935 3239 4006 (g)
3268 3935 3550 3991 Philonem

1969 4024 2046 4097 τῷ
2072 4026 2231 4096 Λόγῳ
2258 4027 2496 4080 divinam
2539 4027 2798 4083 tribuisse
2841 4037 3090 4082 naturam
3136 4027 3549 4097 compluribus,

1970 4135 2092 4190 quae
2121 4136 2188 4175 ex
2218 4120 2366 4177 illius
2388 4121 2603 4192 scriptis
2635 4121 2866 4192 repetita
2894 4130 3058 4188 sunt,
3090 4120 3418 4178 testimoniis
3452 4136 3550 4178 co-

1972 4339 2183 4421 ἀνδρῷν
2212 4340 2342 4421 παρ’
2376 4341 2515 4421 ἡμῖν.
2537 4339 3236 4421 παυρῷηὲπιτετιμηκότος
3274 4338 3506 4421 Πιλάτου
3527 4381 3546 4408 ,

1898 4422 1943 4478 ι)
1972 4410 2084 4463 σῦκ’
2118 4410 2425 4463 ὲπαύσαντό
2468 4413 2518 4463 οἱ
2562 4410 2623 4461 τὸ
2673 4410 2890 4481 πρῷτον
2931 4410 3116 4481 -λΗ.
3170 4411 3286 4477 οἵγε
3330 4411 3554 4481 πρῶτον

1970 4480 2134 4551 αὑτὸν
2166 4508 2239 4551 -έ
2268 4482 2668 4551 ἀγαπήσαντες.
2725 4479 2942 4551 Ἐῌφάνηῄ
2975 4479 3085 4550 γὰρ
3127 4481 3311 4551 αὐτοῖς
3360 4479 3552 4551 τρίτην

1966 4549 2106 4618 ἔχων
2133 4550 2347 4620 ἡμέραν
2381 4548 2545 4605 πάλιν
2568 4549 2698 4613 ζῶν,
2729 4549 2837 4601 τῶν
2861 4549 3021 4603 θείων
3041 4548 3343 4620 προφητῶν
3376 4548 3551 4605 ταῦτά

1966 4552 2106 4618 ἔχων
2133 4552 2347 4671 Ἱμέραν
2364 4552 2545 4630 ’πάλιν
2568 4552 2698 4613 ζῶν,
2729 4552 2837 4601 τῶν
2861 4552 3021 4603 θείων
3048 4552 3343 4620 προφητῶν
3376 4552 3551 4605 ταῦτά

1965 4637 2027 4672 τε
2053 4636 2158 4689 περ
2228 4621 2392 4673 αὐτου
2418 4649 2489 4660 —
2517 4636 2638 4689 qua:
2680 4620 2843 4673 verba
2892 4621 2960 4674 ab
3005 4619 3069 4673 ll.
3102 4630 3552 4690 ponuntnriante

1967 4690 2270 4759 εἰρηκότων
2296 4719 2362 4729 -
2393 4691 2489 4743 καὶ
2525 4690 2659 4743 ἄλλα
2688 4690 2859 4814 μόρία
2905 4689 3183 4770 θαυμάσια
3221 4689 3543 4759 εἰρηκότων.

1971 4759 2078 4813 Ἴδε
2098 4760 2492 4814 τοίνυν-(εοά.
2508 4761 2628 4815 Vat.
2654 4758 2685 4812 6
2709 4760 2720 4770 ’
2765 4800 2778 4811 .
2797 4753 2877 4822 εἷς
2901 4759 2954 4811 δὲ
2972 4777 3079 4811 των
3105 4778 3265 4813 νυν...
3288 4760 3354 4813 Η.
3373 4760 3453 4822 εἰς
3469 4758 3550 4813 ἔτι

1966 4828 2150 4901 νῦν-
2168 4830 2277 4884 τῶν
2304 4829 2665 4901 Χριῃιανῷν,
2682 4828 2797 4901 ὀιπρ
2820 4828 2974 4901 τρῦδε
2999 4829 3553 4901 ᾠνομασμένωνι-οὐκ

1968 4899 2182 4965 ἐξέλιπε
2206 4929 2272 4939 -
2293 4896 2414 4954 cod.
2443 4898 2561 4953 Vat.
2594 4899 2715 4952 650.
2744 4896 2805 4951 V.
2834 4898 2898 4952 H.
2923 4896 3150 4952 ἐπέλιπε
3175 4896 3244 4939 -ἒ
3276 4897 3337 4952 τδ
3357 4897 3547 4965 φῦλον.

1967 4967 2140 5034 Quam
2171 4970 2478 5025 notavimus
2504 4970 2681 5023 littera
2723 4967 2767 5022 Η
2812 4970 3132 5038 scripturam
3154 5009 3170 5034 ,
3196 4967 3551 5038 eamHaver-

1965 5040 2215 5109 campius
2262 5041 2317 5094 in
2367 5056 2467 5094 sua
2508 5039 2731 5108 .Iosephi
2778 5037 3163 5109 antiquitatum
3207 5037 3445 5109 editione
3490 5037 3549 5093 in

1968 5107 2176 5163 textum
2222 5111 2461 5179 recepit;
2498 5107 2794 5179 quaeivcro
2823 5107 3003 5179 littera
3048 5108 3111 5163 V.
3160 5107 3415 5179 insignita
3450 5117 3546 5179 est

1966 5193 2087 5232 eam
2129 5195 2193 5233 ex
2243 5176 2530 5234 collatione
2575 5178 2777 5233 codicis
2822 5176 3547 5245 Vindobonensisrepetivi-

1969 5264 2089 5303 mus
2117 5265 2277 5318 quam
2311 5250 2543 5304 instituit
2570 5248 2838 5303 Kollarius
2882 5250 2935 5302 in
2964 5264 3060 5302 sua
3088 5246 3363 5318 Lambecii
3391 5261 3545 5300 com-

1966 5314 2357 5374 mentariorum
2386 5320 2454 5375 de
2496 5320 2630 5374 bibl.
2676 5318 2833 5374 Vind.
2863 5319 3120 5374 editione.
3144 5317 3230 5371 Cf.
3269 5314 3389 5371 Lib.
3420 5331 3543 5380 vm,

2007 5427 2022 5443 .
2050 5390 2243 5443 21-222.

1967 5403 2265 5529 Ρ.
2320 5474 2380 5520 ll,
2421 5475 2509 5529 ep.
2549 5461 2788 5516 1452-
2824 5459 2899 5521 ὼς
2943 5457 3039 5529 καὶ
3075 5456 3318 5529 Φίλωνα,
3365 5454 3545 5510 καίτοι

1979 5521 2227 5601 Ἰοῦδαῐον
2264 5529 2391 5582 ὄντα
2424 5521 2517 5583 καὶ
2551 5531 2817 5601 ζηλωτὴν,
2849 5529 2917 5582 δι’
2949 5521 3024 5583 ὧν
3052 5526 3375 5601 ὰπρλέλοιπε
3406 5541 3540 5601 og-

1965 5600 2307 5672 γραμμάτων
2335 5594 2794 5672 ἁπομαχήὸασθάι
2820 5602 2887 5672 τῇ
2913 5600 3091 5672 οἰκείᾳ
3122 5596 3410 5670 θρησκείᾳ.
3439 5594 3547 5651 Βα-

1970 5670 2200 5736 σανιςων
2228 5670 2372 5742 γὰρξ,
2402 5687 2455 5726 κ.
2490 5687 2543 5725 τ.
2579 5670 2629 5727 λ.
