  <div class='ocr_page' id='page_1' title='image "/cluster/home/n/w/nwhite01/storage/ocr_20150623/78/nnc1.0046980008/063.png"; bbox 0 0 3924 6416; ppageno 0'>
   <div class='ocr_carea' id='block_1_1' title="bbox 369 238 2524 314">
    <p class='ocr_par' dir='ltr' id='par_1_1' title="bbox 369 238 2524 314">
     <span class='ocr_line' id='line_1_1' title="bbox 369 238 2524 314; baseline 0.016 -33"><span class='ocrx_word' id='word_1_1' title='bbox 369 238 443 301; x_wconf 83' lang='lat'><strong>95</strong></span> <span class='ocrx_word' id='word_1_2' title='bbox 1474 239 2152 309; x_wconf 83' lang='lat' dir='ltr'><strong>COMMENTATIONIS</strong></span> <span class='ocrx_word' id='word_1_3' title='bbox 2187 251 2379 314; x_wconf 81' lang='lat' dir='ltr'><strong>PARS</strong></span> <span class='ocrx_word' id='word_1_4' title='bbox 2410 254 2524 314; x_wconf 88' lang='grc' dir='ltr'><strong>ΙΙΙ.</strong></span> 
     </span>
    </p>
   </div>
   <div class='ocr_carea' id='block_1_2' title="bbox 3602 254 3677 318">
    <p class='ocr_par' dir='ltr' id='par_1_2' title="bbox 3602 254 3677 318">
     <span class='ocr_line' id='line_1_2' title="bbox 3602 254 3677 318; baseline 0.067 -5"><span class='ocrx_word' id='word_1_5' title='bbox 3602 254 3677 318; x_wconf 75' lang='lat'><strong>96</strong></span> 
     </span>
    </p>
   </div>
   <div class='ocr_carea' id='block_1_3' title="bbox 373 346 1971 438">
    <p class='ocr_par' dir='ltr' id='par_1_3' title="bbox 373 346 1958 418">
     <span class='ocr_line' id='line_1_3' title="bbox 373 346 1958 418; baseline 0.002 -14"><span class='ocrx_word' id='word_1_6' title='bbox 373 350 760 418; x_wconf 72' lang='lat' dir='ltr'><strong>interpretatus</strong></span> <span class='ocrx_word' id='word_1_7' title='bbox 792 357 895 402; x_wconf 88' lang='lat' dir='ltr'><strong>est.</strong></span> <span class='ocrx_word' id='word_1_8' title='bbox 928 348 1117 417; x_wconf 89' lang='lat' dir='ltr'><strong>itaque</strong></span> <span class='ocrx_word' id='word_1_9' title='bbox 1158 346 1385 403; x_wconf 85' lang='lat' dir='ltr'><strong>Paulum</strong></span> <span class='ocrx_word' id='word_1_10' title='bbox 1422 350 1512 404; x_wconf 83' lang='grc' dir='ltr'>τὸν</span> <span class='ocrx_word' id='word_1_11' title='bbox 1542 351 1669 405; x_wconf 81' lang='grc' dir='ltr'>Υξὸν</span> <span class='ocrx_word' id='word_1_12' title='bbox 1696 352 1791 407; x_wconf 81' lang='grc' dir='ltr'><strong>τοῦ</strong></span> <span class='ocrx_word' id='word_1_13' title='bbox 1822 353 1958 407; x_wconf 85' lang='grc' dir='ltr'><strong>Θεοῦ</strong></span> 
     </span>
    </p>
   </div>
   <div class='ocr_carea' id='block_1_4' title="bbox 2081 346 3677 438">
    <p class='ocr_par' dir='ltr' id='par_1_4' title="bbox 2081 365 3677 438">
     <span class='ocr_line' id='line_1_4' title="bbox 2081 365 3677 438; baseline 0.006 -24"><span class='ocrx_word' id='word_1_14' title='bbox 2081 376 2208 427; x_wconf 88' lang='lat' dir='ltr'><strong>nus,</strong></span> <span class='ocrx_word' id='word_1_15' title='bbox 2243 366 2389 433; x_wconf 92' lang='lat' dir='ltr'><strong>quod</strong></span> <span class='ocrx_word' id='word_1_16' title='bbox 2428 366 2484 420; x_wconf 91' lang='lat' dir='ltr'><strong>in</strong></span> <span class='ocrx_word' id='word_1_17' title='bbox 2514 365 2705 422; x_wconf 89' lang='lat' dir='ltr'><strong>eadem</strong></span> <span class='ocrx_word' id='word_1_18' title='bbox 2741 366 2996 438; x_wconf 88' lang='lat' dir='ltr'><strong>epistola,</strong></span> <span class='ocrx_word' id='word_1_19' title='bbox 3030 365 3087 421; x_wconf 89' lang='lat' dir='ltr'><strong>in</strong></span> <span class='ocrx_word' id='word_1_20' title='bbox 3118 382 3230 438; x_wconf 86' lang='lat' dir='ltr'><strong>qua</strong></span> <span class='ocrx_word' id='word_1_21' title='bbox 3267 382 3505 423; x_wconf 91' lang='lat' dir='ltr'><strong>aureum</strong></span> <span class='ocrx_word' id='word_1_22' title='bbox 3549 368 3677 425; x_wconf 79' lang='lat' dir='ltr'><strong>illud</strong></span> 
     </span>
    </p>
   </div>
   <div class='ocr_carea' id='block_1_5' title="bbox 371 440 1962 520">
    <p class='ocr_par' dir='ltr' id='par_1_5' title="bbox 371 440 1962 520">
     <span class='ocr_line' id='line_1_5' title="bbox 371 440 1962 520; baseline 0.002 -24"><span class='ocrx_word' id='word_1_23' title='bbox 371 454 485 496; x_wconf 83' lang='lat' dir='ltr'><strong>non</strong></span> <span class='ocrx_word' id='word_1_24' title='bbox 538 440 883 511; x_wconf 79' lang='grc' dir='ltr'><strong>πρωτότοκον</strong></span> <span class='ocrx_word' id='word_1_25' title='bbox 938 440 1115 509; x_wconf 87' lang='lat' dir='ltr'><strong>primo</strong></span> <span class='ocrx_word' id='word_1_26' title='bbox 1175 450 1442 499; x_wconf 89' lang='lat' dir='ltr'><strong>creatum.</strong></span> <span class='ocrx_word' id='word_1_27' title='bbox 1484 443 1581 496; x_wconf 90' lang='lat' dir='ltr'><strong>sed</strong></span> <span class='ocrx_word' id='word_1_28' title='bbox 1613 444 1962 520; x_wconf 70' lang='grc' dir='ltr'>πρωτοτὸκρν</span> 
     </span>
    </p>
   </div>
   <div class='ocr_carea' id='block_1_6' title="bbox 373 533 1963 605">
    <p class='ocr_par' dir='ltr' id='par_1_6' title="bbox 373 533 1963 605">
     <span class='ocr_line' id='line_1_6' title="bbox 373 533 1963 605; baseline 0.004 -19"><span class='ocrx_word' id='word_1_29' title='bbox 373 534 610 602; x_wconf 78' lang='lat' dir='ltr'><strong>primum</strong></span> <span class='ocrx_word' id='word_1_30' title='bbox 660 540 939 587; x_wconf 88' lang='lat' dir='ltr'><strong>creantem</strong></span> <span class='ocrx_word' id='word_1_31' title='bbox 981 534 1290 602; x_wconf 83' lang='lat' dir='ltr'><strong>appellasse</strong></span> <span class='ocrx_word' id='word_1_32' title='bbox 1329 533 1519 588; x_wconf 90' lang='lat' dir='ltr'><strong>statuit</strong></span> <span class='ocrx_word' id='word_1_33' title='bbox 1550 534 1652 605; x_wconf 90' lang='lat' dir='ltr'><strong>(a),</strong></span> <span class='ocrx_word' id='word_1_34' title='bbox 1681 544 1737 590; x_wconf 89' lang='lat' dir='ltr'><strong>et</strong></span> <span class='ocrx_word' id='word_1_35' title='bbox 1774 534 1963 592; x_wconf 83' lang='lat' dir='ltr'><strong>Jesum</strong></span> 
     </span>
    </p>
   </div>
   <div class='ocr_carea' id='block_1_7' title="bbox 375 623 1963 696">
    <p class='ocr_par' dir='ltr' id='par_1_7' title="bbox 375 623 1963 696">
     <span class='ocr_line' id='line_1_7' title="bbox 375 623 1963 696; baseline 0.002 -17"><span class='ocrx_word' id='word_1_36' title='bbox 375 625 659 679; x_wconf 81' lang='lat' dir='ltr'><strong>Christum</strong></span> <span class='ocrx_word' id='word_1_37' title='bbox 725 623 940 679; x_wconf 86' lang='lat' dir='ltr'><strong>Patrem</strong></span> <span class='ocrx_word' id='word_1_38' title='bbox 995 640 1053 679; x_wconf 89' lang='lat' dir='ltr'><strong>se</strong></span> <span class='ocrx_word' id='word_1_39' title='bbox 1088 626 1349 694; x_wconf 85' lang='lat' dir='ltr'><strong>majorem</strong></span> <span class='ocrx_word' id='word_1_40' title='bbox 1405 626 1527 680; x_wconf 89' lang='lat' dir='ltr'><strong>ideo</strong></span> <span class='ocrx_word' id='word_1_41' title='bbox 1576 627 1963 696; x_wconf 86' lang='lat' dir='ltr'><strong>pronuntiasse</strong></span> 
     </span>
    </p>
   </div>
   <div class='ocr_carea' id='block_1_8' title="bbox 371 716 1962 790">
    <p class='ocr_par' dir='ltr' id='par_1_8' title="bbox 371 716 1962 790">
     <span class='ocr_line' id='line_1_8' title="bbox 371 716 1962 790; baseline 0.004 -22"><span class='ocrx_word' id='word_1_42' title='bbox 371 717 623 777; x_wconf 82' lang='lat' dir='ltr'><strong>aliirmat,</strong></span> <span class='ocrx_word' id='word_1_43' title='bbox 659 724 720 769; x_wconf 92' lang='lat' dir='ltr'><strong>ut</strong></span> <span class='ocrx_word' id='word_1_44' title='bbox 752 716 1029 783; x_wconf 85' lang='lat' dir='ltr'><strong>apostolos</strong></span> <span class='ocrx_word' id='word_1_45' title='bbox 1080 724 1229 772; x_wconf 88' lang='lat' dir='ltr'><strong>metu</strong></span> <span class='ocrx_word' id='word_1_46' title='bbox 1270 716 1548 772; x_wconf 89' lang='lat' dir='ltr'><strong>confectos</strong></span> <span class='ocrx_word' id='word_1_47' title='bbox 1592 726 1648 772; x_wconf 90' lang='lat' dir='ltr'><strong>et</strong></span> <span class='ocrx_word' id='word_1_48' title='bbox 1684 734 1828 790; x_wconf 89' lang='lat' dir='ltr'><strong>pene</strong></span> <span class='ocrx_word' id='word_1_49' title='bbox 1862 735 1962 775; x_wconf 79' lang='lat' dir='ltr'><strong>ex-</strong></span> 
     </span>
    </p>
   </div>
   <div class='ocr_carea' id='block_1_9' title="bbox 372 806 1142 877">
    <p class='ocr_par' dir='ltr' id='par_1_9' title="bbox 372 806 1142 877">
     <span class='ocr_line' id='line_1_9' title="bbox 372 806 1142 877; baseline 0 -17"><span class='ocrx_word' id='word_1_50' title='bbox 372 808 600 861; x_wconf 87' lang='lat' dir='ltr'><strong>stinctos</strong></span> <span class='ocrx_word' id='word_1_51' title='bbox 634 806 1009 861; x_wconf 84' lang='lat' dir='ltr'><strong>consolaretur</strong></span> <span class='ocrx_word' id='word_1_52' title='bbox 1046 808 1142 877; x_wconf 89' lang='lat' dir='ltr'><strong>(b).</strong></span> 
     </span>
    </p>
   </div>
   <div class='ocr_carea' id='block_1_10' title="bbox 970 918 1347 976">
    <p class='ocr_par' dir='ltr' id='par_1_10' title="bbox 970 918 1347 976">
     <span class='ocr_line' id='line_1_10' title="bbox 970 918 1347 976; baseline 0 0"><span class='ocrx_word' id='word_1_53' title='bbox 970 918 1206 976; x_wconf 84' lang='lat' dir='ltr'><strong>CAPUT</strong></span> <span class='ocrx_word' id='word_1_54' title='bbox 1255 920 1347 976; x_wconf 79' lang='grc' dir='ltr'><strong>ΙΙΙ.</strong></span> 
     </span>
    </p>
   </div>
   <div class='ocr_carea' id='block_1_11' title="bbox 570 1050 1762 1094">
    <p class='ocr_par' dir='ltr' id='par_1_11' title="bbox 570 1050 1762 1094">
     <span class='ocr_line' id='line_1_11' title="bbox 570 1050 1762 1094; baseline 0.004 -6"><span class='ocrx_word' id='word_1_55' title='bbox 570 1050 809 1092; x_wconf 76' lang='lat' dir='ltr'><strong>ISIDORUS</strong></span> <span class='ocrx_word' id='word_1_56' title='bbox 848 1051 1113 1091; x_wconf 69' lang='lat' dir='ltr'><strong>LIBRORUM</strong></span> <span class='ocrx_word' id='word_1_57' title='bbox 1139 1052 1410 1091; x_wconf 74' lang='lat' dir='ltr'><strong>SACRORUM</strong></span> <span class='ocrx_word' id='word_1_58' title='bbox 1445 1053 1762 1094; x_wconf 74' lang='lat' dir='ltr'><strong>lNTERPBES.</strong></span> 
     </span>
    </p>
   </div>
   <div class='ocr_carea' id='block_1_12' title="bbox 447 1168 1960 1226">
    <p class='ocr_par' dir='ltr' id='par_1_12' title="bbox 447 1168 1960 1226">
     <span class='ocr_line' id='line_1_12' title="bbox 447 1168 1960 1226; baseline 0.001 -5"><span class='ocrx_word' id='word_1_59' title='bbox 447 1168 709 1223; x_wconf 88' lang='lat' dir='ltr'><strong>lsidorum</strong></span> <span class='ocrx_word' id='word_1_60' title='bbox 737 1168 805 1223; x_wconf 90' lang='lat' dir='ltr'><strong>de</strong></span> <span class='ocrx_word' id='word_1_61' title='bbox 846 1185 957 1225; x_wconf 93' lang='lat' dir='ltr'><strong>uno</strong></span> <span class='ocrx_word' id='word_1_62' title='bbox 996 1178 1053 1223; x_wconf 89' lang='lat' dir='ltr'><strong>et</strong></span> <span class='ocrx_word' id='word_1_63' title='bbox 1084 1169 1257 1225; x_wconf 91' lang='lat' dir='ltr'><strong>altero</strong></span> <span class='ocrx_word' id='word_1_64' title='bbox 1291 1169 1589 1225; x_wconf 89' lang='lat' dir='ltr'><strong>Bibliorum</strong></span> <span class='ocrx_word' id='word_1_65' title='bbox 1618 1170 1758 1226; x_wconf 91' lang='lat' dir='ltr'><strong>libro</strong></span> <span class='ocrx_word' id='word_1_66' title='bbox 1804 1185 1960 1225; x_wconf 90' lang='lat' dir='ltr'><strong>com-</strong></span> 
     </span>
    </p>
   </div>
   <div class='ocr_carea' id='block_1_13' title="bbox 372 1258 1962 1331">
    <p class='ocr_par' dir='ltr' id='par_1_13' title="bbox 372 1258 1962 1331">
     <span class='ocr_line' id='line_1_13' title="bbox 372 1258 1962 1331; baseline 0.003 -18"><span class='ocrx_word' id='word_1_67' title='bbox 372 1258 702 1313; x_wconf 87' lang='lat' dir='ltr'><strong>mentarium</strong></span> <span class='ocrx_word' id='word_1_68' title='bbox 725 1275 833 1313; x_wconf 91' lang='lat' dir='ltr'><strong>non</strong></span> <span class='ocrx_word' id='word_1_69' title='bbox 851 1260 1172 1325; x_wconf 83' lang='lat' dir='ltr'><strong>confecisse,</strong></span> <span class='ocrx_word' id='word_1_70' title='bbox 1192 1270 1408 1316; x_wconf 86' lang='lat' dir='ltr'><strong>constat</strong></span> <span class='ocrx_word' id='word_1_71' title='bbox 1446 1278 1511 1316; x_wconf 83' lang='lat' dir='ltr'><strong>ex</strong></span> <span class='ocrx_word' id='word_1_72' title='bbox 1535 1263 1623 1326; x_wconf 89' lang='lat' dir='ltr'><strong>iis,</strong></span> <span class='ocrx_word' id='word_1_73' title='bbox 1643 1278 1764 1331; x_wconf 66' lang='lat' dir='ltr'><strong>quae</strong></span> <span class='ocrx_word' id='word_1_74' title='bbox 1782 1263 1849 1317; x_wconf 90' lang='lat' dir='ltr'><strong>de</strong></span> <span class='ocrx_word' id='word_1_75' title='bbox 1873 1263 1962 1318; x_wconf 85' lang='lat' dir='ltr'><strong>de-</strong></span> 
     </span>
    </p>
   </div>
   <div class='ocr_carea' id='block_1_14' title="bbox 376 1350 1962 1424">
    <p class='ocr_par' dir='ltr' id='par_1_14' title="bbox 376 1350 1962 1424">
     <span class='ocr_line' id='line_1_14' title="bbox 376 1350 1962 1424; baseline 0.005 -23"><span class='ocrx_word' id='word_1_76' title='bbox 376 1350 599 1417; x_wconf 81' lang='lat' dir='ltr'><strong>perditis</strong></span> <span class='ocrx_word' id='word_1_77' title='bbox 621 1360 677 1404; x_wconf 89' lang='lat' dir='ltr'><strong>et</strong></span> <span class='ocrx_word' id='word_1_78' title='bbox 699 1352 1081 1420; x_wconf 76' lang='lat' dir='ltr'><strong>superstitibus</strong></span> <span class='ocrx_word' id='word_1_79' title='bbox 1103 1352 1349 1422; x_wconf 84' lang='lat' dir='ltr'><strong>ejusdem</strong></span> <span class='ocrx_word' id='word_1_80' title='bbox 1370 1354 1591 1424; x_wconf 82' lang='lat' dir='ltr'><strong>scriptis</strong></span> <span class='ocrx_word' id='word_1_81' title='bbox 1614 1363 1767 1424; x_wconf 90' lang='lat' dir='ltr'><strong>parte</strong></span> <span class='ocrx_word' id='word_1_82' title='bbox 1799 1354 1962 1423; x_wconf 86' lang='lat' dir='ltr'><strong>hujus</strong></span> 
     </span>
    </p>
   </div>
   <div class='ocr_carea' id='block_1_15' title="bbox 374 1443 1958 1509">
    <p class='ocr_par' dir='ltr' id='par_1_15' title="bbox 374 1443 1958 1509">
     <span class='ocr_line' id='line_1_15' title="bbox 374 1443 1958 1509; baseline 0.004 -15"><span class='ocrx_word' id='word_1_83' title='bbox 374 1443 854 1497; x_wconf 86' lang='lat' dir='ltr'><strong>commentationis</strong></span> <span class='ocrx_word' id='word_1_84' title='bbox 882 1444 1121 1498; x_wconf 91' lang='lat' dir='ltr'><strong>secunda</strong></span> <span class='ocrx_word' id='word_1_85' title='bbox 1151 1444 1420 1509; x_wconf 80' lang='lat' dir='ltr'><strong>diximus;</strong></span> <span class='ocrx_word' id='word_1_86' title='bbox 1443 1446 1698 1500; x_wconf 89' lang='lat' dir='ltr'><strong>eumdem</strong></span> <span class='ocrx_word' id='word_1_87' title='bbox 1721 1461 1853 1500; x_wconf 92' lang='lat' dir='ltr'><strong>vero</strong></span> <span class='ocrx_word' id='word_1_88' title='bbox 1872 1446 1958 1500; x_wconf 83' lang='lat' dir='ltr'><strong>in-</strong></span> 
     </span>
    </p>
   </div>
   <div class='ocr_carea' id='block_1_16' title="bbox 378 1534 1959 1607">
    <p class='ocr_par' dir='ltr' id='par_1_16' title="bbox 378 1534 1959 1607">
     <span class='ocr_line' id='line_1_16' title="bbox 378 1534 1959 1607; baseline 0.003 -20"><span class='ocrx_word' id='word_1_89' title='bbox 378 1534 711 1603; x_wconf 86' lang='lat' dir='ltr'><strong>terpretandi</strong></span> <span class='ocrx_word' id='word_1_90' title='bbox 741 1550 944 1589; x_wconf 88' lang='lat' dir='ltr'><strong>munus</strong></span> <span class='ocrx_word' id='word_1_91' title='bbox 974 1535 1159 1590; x_wconf 90' lang='lat' dir='ltr'><strong>multis</strong></span> <span class='ocrx_word' id='word_1_92' title='bbox 1188 1536 1246 1589; x_wconf 91' lang='lat' dir='ltr'><strong>in</strong></span> <span class='ocrx_word' id='word_1_93' title='bbox 1274 1536 1524 1606; x_wconf 88' lang='lat' dir='ltr'><strong>epistolis</strong></span> <span class='ocrx_word' id='word_1_94' title='bbox 1548 1537 1852 1607; x_wconf 88' lang='lat' dir='ltr'><strong>suscepisse</strong></span> <span class='ocrx_word' id='word_1_95' title='bbox 1874 1538 1959 1593; x_wconf 85' lang='lat' dir='ltr'><strong>vel</strong></span> 
     </span>
    </p>
   </div>
   <div class='ocr_carea' id='block_1_17' title="bbox 375 1625 1960 1699">
    <p class='ocr_par' dir='ltr' id='par_1_17' title="bbox 375 1625 1960 1699">
     <span class='ocr_line' id='line_1_17' title="bbox 375 1625 1960 1699; baseline 0.003 -19"><span class='ocrx_word' id='word_1_96' title='bbox 375 1640 442 1680; x_wconf 82' lang='lat' dir='ltr'><strong>ex</strong></span> <span class='ocrx_word' id='word_1_97' title='bbox 490 1625 608 1695; x_wconf 88' lang='lat' dir='ltr'><strong>ipso</strong></span> <span class='ocrx_word' id='word_1_98' title='bbox 651 1625 1101 1681; x_wconf 70' lang='lat' dir='ltr'><strong>Rittershusianaa</strong></span> <span class='ocrx_word' id='word_1_99' title='bbox 1146 1626 1404 1683; x_wconf 90' lang='lat' dir='ltr'><strong>editionis</strong></span> <span class='ocrx_word' id='word_1_100' title='bbox 1457 1629 1614 1683; x_wconf 89' lang='lat' dir='ltr'><strong>titulo</strong></span> <span class='ocrx_word' id='word_1_101' title='bbox 1660 1636 1816 1699; x_wconf 88' lang='lat' dir='ltr'><strong>potes</strong></span> <span class='ocrx_word' id='word_1_102' title='bbox 1868 1644 1960 1684; x_wconf 88' lang='lat' dir='ltr'><strong>co-</strong></span> 
     </span>
    </p>
   </div>
   <div class='ocr_carea' id='block_1_18' title="bbox 2074 456 3683 529">
    <p class='ocr_par' dir='ltr' id='par_1_18' title="bbox 2074 456 3683 529">
     <span class='ocr_line' id='line_1_18' title="bbox 2074 456 3683 529; baseline 0.006 -21"><span class='ocrx_word' id='word_1_103' title='bbox 2074 456 2329 524; x_wconf 89' lang='lat' dir='ltr'><strong>repetivit</strong></span> <span class='ocrx_word' id='word_1_104' title='bbox 2376 468 2733 529; x_wconf 65' lang='lat' dir='ltr'><strong>praeceptum,</strong></span> <span class='ocrx_word' id='word_1_105' title='bbox 2770 460 2829 514; x_wconf 89' lang='lat' dir='ltr'><strong>in</strong></span> <span class='ocrx_word' id='word_1_106' title='bbox 2885 460 3079 515; x_wconf 80' lang='lat' dir='ltr'><strong>vitium</strong></span> <span class='ocrx_word' id='word_1_107' title='bbox 3129 460 3301 515; x_wconf 91' lang='lat' dir='ltr'><strong>modo</strong></span> <span class='ocrx_word' id='word_1_108' title='bbox 3351 460 3558 516; x_wconf 88' lang='lat' dir='ltr'><strong>acriter</strong></span> <span class='ocrx_word' id='word_1_109' title='bbox 3612 463 3683 518; x_wconf 89' lang='lat' dir='ltr'><strong>ab</strong></span> 
     </span>
    </p>
   </div>
   <div class='ocr_carea' id='block_1_19' title="bbox 2071 547 3679 622">
    <p class='ocr_par' dir='ltr' id='par_1_19' title="bbox 2071 547 3679 622">
     <span class='ocr_line' id='line_1_19' title="bbox 2071 547 3679 622; baseline 0.004 -20"><span class='ocrx_word' id='word_1_110' title='bbox 2071 547 2192 617; x_wconf 89' lang='lat' dir='ltr'><strong>ipso</strong></span> <span class='ocrx_word' id='word_1_111' title='bbox 2221 550 2611 620; x_wconf 89' lang='lat' dir='ltr'><strong>vituperatum,</strong></span> <span class='ocrx_word' id='word_1_112' title='bbox 2658 551 2775 622; x_wconf 91' lang='lat' dir='ltr'><strong>ipse</strong></span> <span class='ocrx_word' id='word_1_113' title='bbox 2821 552 3137 607; x_wconf 88' lang='lat' dir='ltr'><strong>incurrerit.</strong></span> <span class='ocrx_word' id='word_1_114' title='bbox 3176 552 3407 607; x_wconf 88' lang='lat' dir='ltr'><strong>Etenim</strong></span> <span class='ocrx_word' id='word_1_115' title='bbox 3456 553 3679 621; x_wconf 81' lang='lat' dir='ltr'><strong>lsaiam,</strong></span> 
     </span>
    </p>
   </div>
   <div class='ocr_carea' id='block_1_20' title="bbox 2070 640 3674 715">
    <p class='ocr_par' dir='ltr' id='par_1_20' title="bbox 2070 640 3674 715">
     <span class='ocr_line' id='line_1_20' title="bbox 2070 640 3674 715; baseline 0.003 -20"><span class='ocrx_word' id='word_1_116' title='bbox 2070 640 2138 696; x_wconf 91' lang='lat' dir='ltr'><strong>de</strong></span> <span class='ocrx_word' id='word_1_117' title='bbox 2182 643 2522 712; x_wconf 88' lang='lat' dir='ltr'><strong>cauponibus</strong></span> <span class='ocrx_word' id='word_1_118' title='bbox 2554 644 2740 700; x_wconf 88' lang='lat' dir='ltr'><strong>vinum</strong></span> <span class='ocrx_word' id='word_1_119' title='bbox 2790 661 2931 715; x_wconf 90' lang='lat' dir='ltr'><strong>aqua</strong></span> <span class='ocrx_word' id='word_1_120' title='bbox 2982 644 3349 700; x_wconf 82' lang='lat' dir='ltr'><strong>miscentibus</strong></span> <span class='ocrx_word' id='word_1_121' title='bbox 3393 655 3674 715; x_wconf 78' lang='lat' dir='ltr'><strong>agentem,</strong></span> 
     </span>
    </p>
   </div>
   <div class='ocr_carea' id='block_1_21' title="bbox 2068 730 3676 807">
    <p class='ocr_par' dir='ltr' id='par_1_21' title="bbox 2068 730 3676 807">
     <span class='ocr_line' id='line_1_21' title="bbox 2068 730 3676 807; baseline 0.005 -22"><span class='ocrx_word' id='word_1_122' title='bbox 2068 730 2139 786; x_wconf 90' lang='lat' dir='ltr'><strong>de</strong></span> <span class='ocrx_word' id='word_1_123' title='bbox 2190 732 2347 788; x_wconf 88' lang='lat' dir='ltr'><strong>malis</strong></span> <span class='ocrx_word' id='word_1_124' title='bbox 2378 733 2770 806; x_wconf 87' lang='lat' dir='ltr'><strong>interpretibus</strong></span> <span class='ocrx_word' id='word_1_125' title='bbox 2816 746 2873 792; x_wconf 91' lang='lat' dir='ltr'><strong>et</strong></span> <span class='ocrx_word' id='word_1_126' title='bbox 2914 736 3192 807; x_wconf 82' lang='lat' dir='ltr'><strong>Evangelii</strong></span> <span class='ocrx_word' id='word_1_127' title='bbox 3248 738 3676 807; x_wconf 89' lang='lat' dir='ltr'><strong>corruptoribus</strong></span> 
     </span>
    </p>
   </div>
   <div class='ocr_carea' id='block_1_22' title="bbox 2068 824 3681 901">
    <p class='ocr_par' dir='ltr' id='par_1_22' title="bbox 2068 824 3681 901">
     <span class='ocr_line' id='line_1_22' title="bbox 2068 824 3681 901; baseline 0.004 -22"><span class='ocrx_word' id='word_1_128' title='bbox 2068 824 2311 881; x_wconf 88' lang='lat' dir='ltr'><strong>locutum</strong></span> <span class='ocrx_word' id='word_1_129' title='bbox 2364 843 2485 883; x_wconf 85' lang='lat' dir='ltr'><strong>esse</strong></span> <span class='ocrx_word' id='word_1_130' title='bbox 2524 828 2759 886; x_wconf 82' lang='lat' dir='ltr'><strong>atlirmat</strong></span> <span class='ocrx_word' id='word_1_131' title='bbox 2801 830 2891 900; x_wconf 81' lang='lat' dir='ltr'><strong>(f).</strong></span> <span class='ocrx_word' id='word_1_132' title='bbox 2933 858 3003 871; x_wconf 89' lang='lat'>—</span> <span class='ocrx_word' id='word_1_133' title='bbox 3048 828 3243 901; x_wconf 86' lang='lat' dir='ltr'><strong>Neque</strong></span> <span class='ocrx_word' id='word_1_134' title='bbox 3300 829 3410 884; x_wconf 89' lang='lat' dir='ltr'><strong>sibi</strong></span> <span class='ocrx_word' id='word_1_135' title='bbox 3458 830 3681 885; x_wconf 85' lang='lat' dir='ltr'><strong>videtur</strong></span> 
     </span>
    </p>
   </div>
   <div class='ocr_carea' id='block_1_23' title="bbox 2069 920 3673 985">
    <p class='ocr_par' dir='ltr' id='par_1_23' title="bbox 2069 920 3673 985">
     <span class='ocr_line' id='line_1_23' title="bbox 2069 920 3673 985; baseline 0.002 -14"><span class='ocrx_word' id='word_1_136' title='bbox 2069 928 2341 983; x_wconf 89' lang='lat' dir='ltr'><strong>constare,</strong></span> <span class='ocrx_word' id='word_1_137' title='bbox 2373 933 2500 974; x_wconf 90' lang='lat' dir='ltr'><strong>cum</strong></span> <span class='ocrx_word' id='word_1_138' title='bbox 2540 928 2729 975; x_wconf 91' lang='lat' dir='ltr'><strong>contra</strong></span> <span class='ocrx_word' id='word_1_139' title='bbox 2776 920 3014 985; x_wconf 68' lang='lat' dir='ltr'><strong>Iudaeos,</strong></span> <span class='ocrx_word' id='word_1_140' title='bbox 3053 931 3114 976; x_wconf 91' lang='lat' dir='ltr'><strong>ut</strong></span> <span class='ocrx_word' id='word_1_141' title='bbox 3154 920 3407 975; x_wconf 87' lang='lat' dir='ltr'><strong>secunda</strong></span> <span class='ocrx_word' id='word_1_142' title='bbox 3444 920 3673 975; x_wconf 88' lang='lat' dir='ltr'><strong>secundi</strong></span> 
     </span>
    </p>
   </div>
   <div class='ocr_carea' id='block_1_24' title="bbox 2069 1008 3677 1083">
    <p class='ocr_par' dir='ltr' id='par_1_24' title="bbox 2069 1008 3677 1083">
     <span class='ocr_line' id='line_1_24' title="bbox 2069 1008 3677 1083; baseline 0.002 -20"><span class='ocrx_word' id='word_1_143' title='bbox 2069 1008 2265 1078; x_wconf 87' lang='lat' dir='ltr'><strong>capitis</strong></span> <span class='ocrx_word' id='word_1_144' title='bbox 2290 1012 2631 1083; x_wconf 82' lang='lat' dir='ltr'><strong>paragrapho</strong></span> <span class='ocrx_word' id='word_1_145' title='bbox 2688 1013 2943 1076; x_wconf 87' lang='lat' dir='ltr'><strong>vidimus,</strong></span> <span class='ocrx_word' id='word_1_146' title='bbox 2985 1013 3340 1082; x_wconf 87' lang='lat' dir='ltr'><strong>allegoricam</strong></span> <span class='ocrx_word' id='word_1_147' title='bbox 3396 1012 3677 1082; x_wconf 89' lang='lat' dir='ltr'><strong>interpre-</strong></span> 
     </span>
    </p>
   </div>
   <div class='ocr_carea' id='block_1_25' title="bbox 2070 1100 3674 1174">
    <p class='ocr_par' dir='ltr' id='par_1_25' title="bbox 2070 1100 3674 1174">
     <span class='ocr_line' id='line_1_25' title="bbox 2070 1100 3674 1174; baseline 0.004 -21"><span class='ocrx_word' id='word_1_148' title='bbox 2070 1100 2221 1155; x_wconf 89' lang='lat' dir='ltr'><strong>tandi</strong></span> <span class='ocrx_word' id='word_1_149' title='bbox 2260 1102 2529 1158; x_wconf 90' lang='lat' dir='ltr'><strong>rationem</strong></span> <span class='ocrx_word' id='word_1_150' title='bbox 2561 1102 2871 1160; x_wconf 88' lang='lat' dir='ltr'><strong>defenderit</strong></span> <span class='ocrx_word' id='word_1_151' title='bbox 2929 1119 3159 1173; x_wconf 88' lang='lat' dir='ltr'><strong>eamque</strong></span> <span class='ocrx_word' id='word_1_152' title='bbox 3202 1104 3326 1174; x_wconf 87' lang='lat' dir='ltr'><strong>ipse</strong></span> <span class='ocrx_word' id='word_1_153' title='bbox 3354 1103 3674 1161; x_wconf 83' lang='lat' dir='ltr'><strong>adhibuerit</strong></span> 
     </span>
    </p>
   </div>
   <div class='ocr_carea' id='block_1_26' title="bbox 2067 1204 2465 1260">
    <p class='ocr_par' dir='ltr' id='par_1_26' title="bbox 2067 1204 2465 1260">
     <span class='ocr_line' id='line_1_26' title="bbox 2067 1204 2465 1260; baseline 0.008 -16"><span class='ocrx_word' id='word_1_154' title='bbox 2067 1204 2465 1260; x_wconf 65' lang='lat' dir='ltr'><strong>saepenumero.</strong></span> 
     </span>
    </p>
   </div>
   <div class='ocr_carea' id='block_1_27' title="bbox 2137 1279 3673 1352">
    <p class='ocr_par' dir='ltr' id='par_1_27' title="bbox 2137 1279 3673 1352">
     <span class='ocr_line' id='line_1_27' title="bbox 2137 1279 3673 1352; baseline 0.003 -18"><span class='ocrx_word' id='word_1_155' title='bbox 2137 1279 2296 1346; x_wconf 86' lang='lat' dir='ltr'><strong>Quod</strong></span> <span class='ocrx_word' id='word_1_156' title='bbox 2340 1288 2630 1351; x_wconf 83' lang='lat' dir='ltr'><strong>antequam</strong></span> <span class='ocrx_word' id='word_1_157' title='bbox 2666 1282 3040 1352; x_wconf 91' lang='lat' dir='ltr'><strong>compluribus</strong></span> <span class='ocrx_word' id='word_1_158' title='bbox 3075 1281 3331 1352; x_wconf 81' lang='lat' dir='ltr'><strong>ejusdem</strong></span> <span class='ocrx_word' id='word_1_159' title='bbox 3364 1280 3471 1336; x_wconf 83' lang='lat' dir='ltr'><strong>viri</strong></span> <span class='ocrx_word' id='word_1_160' title='bbox 3513 1281 3673 1339; x_wconf 87' lang='lat' dir='ltr'><strong>dictis</strong></span> 
     </span>
    </p>
   </div>
   <div class='ocr_carea' id='block_1_28' title="bbox 2067 1371 3675 1443">
    <p class='ocr_par' dir='ltr' id='par_1_28' title="bbox 2067 1371 3675 1443">
     <span class='ocr_line' id='line_1_28' title="bbox 2067 1371 3675 1443; baseline 0 -17"><span class='ocrx_word' id='word_1_161' title='bbox 2067 1371 2506 1441; x_wconf 86' lang='lat' dir='ltr'><strong>comprobemus,</strong></span> <span class='ocrx_word' id='word_1_162' title='bbox 2538 1372 2715 1442; x_wconf 87' lang='lat' dir='ltr'><strong>placet</strong></span> <span class='ocrx_word' id='word_1_163' title='bbox 2761 1372 2920 1427; x_wconf 88' lang='lat' dir='ltr'><strong>nobis</strong></span> <span class='ocrx_word' id='word_1_164' title='bbox 2966 1372 3297 1443; x_wconf 85' lang='lat' dir='ltr'><strong>gravissima</strong></span> <span class='ocrx_word' id='word_1_165' title='bbox 3348 1371 3675 1427; x_wconf 82' lang='lat' dir='ltr'><strong>examinare</strong></span> 
     </span>
    </p>
   </div>
   <div class='ocr_carea' id='block_1_29' title="bbox 2067 1461 3667 1535">
    <p class='ocr_par' dir='ltr' id='par_1_29' title="bbox 2067 1461 3667 1535">
     <span class='ocr_line' id='line_1_29' title="bbox 2067 1461 3667 1535; baseline -0.002 -16"><span class='ocrx_word' id='word_1_166' title='bbox 2067 1465 2335 1535; x_wconf 79' lang='lat' dir='ltr'><strong>exempla,</strong></span> <span class='ocrx_word' id='word_1_167' title='bbox 2360 1465 2559 1535; x_wconf 89' lang='lat' dir='ltr'><strong>quibus</strong></span> <span class='ocrx_word' id='word_1_168' title='bbox 2588 1463 2895 1521; x_wconf 78' lang='lat' dir='ltr'><strong>Richardus</strong></span> <span class='ocrx_word' id='word_1_169' title='bbox 2930 1464 3119 1518; x_wconf 90' lang='lat' dir='ltr'><strong>Simon</strong></span> <span class='ocrx_word' id='word_1_170' title='bbox 3149 1462 3254 1534; x_wconf 91' lang='lat' dir='ltr'><strong>(g),</strong></span> <span class='ocrx_word' id='word_1_171' title='bbox 3290 1461 3569 1532; x_wconf 88' lang='lat' dir='ltr'><strong>Dupinius</strong></span> <span class='ocrx_word' id='word_1_172' title='bbox 3590 1462 3667 1533; x_wconf 80' lang='lat' dir='ltr'><strong>(h)</strong></span> 
     </span>
    </p>
   </div>
   <div class='ocr_carea' id='block_1_30' title="bbox 2067 1553 3669 1627">
    <p class='ocr_par' dir='ltr' id='par_1_30' title="bbox 2067 1553 3669 1627">
     <span class='ocr_line' id='line_1_30' title="bbox 2067 1553 3669 1627; baseline -0.001 -17"><span class='ocrx_word' id='word_1_173' title='bbox 2067 1565 2124 1610; x_wconf 91' lang='lat' dir='ltr'><strong>et</strong></span> <span class='ocrx_word' id='word_1_174' title='bbox 2150 1554 2633 1611; x_wconf 81' lang='lat' dir='ltr'><strong>Rosenmuellerus</strong></span> <span class='ocrx_word' id='word_1_175' title='bbox 2662 1556 2748 1627; x_wconf 86' lang='lat' dir='ltr'><strong>(i),</strong></span> <span class='ocrx_word' id='word_1_176' title='bbox 2787 1571 2913 1611; x_wconf 90' lang='lat' dir='ltr'><strong>eum</strong></span> <span class='ocrx_word' id='word_1_177' title='bbox 2938 1558 3298 1626; x_wconf 89' lang='lat' dir='ltr'><strong>interpretem</strong></span> <span class='ocrx_word' id='word_1_178' title='bbox 3332 1553 3508 1609; x_wconf 86' lang='lat' dir='ltr'><strong>fuisse</strong></span> <span class='ocrx_word' id='word_1_179' title='bbox 3537 1555 3669 1610; x_wconf 88' lang='lat' dir='ltr'><strong>satis</strong></span> 
     </span>
    </p>
   </div>
   <div class='ocr_carea' id='block_1_31' title="bbox 2065 1648 2945 1719">
    <p class='ocr_par' dir='ltr' id='par_1_31' title="bbox 2065 1648 2945 1719">
     <span class='ocr_line' id='line_1_31' title="bbox 2065 1648 2945 1719; baseline -0.002 -14"><span class='ocrx_word' id='word_1_180' title='bbox 2065 1657 2283 1705; x_wconf 89' lang='lat' dir='ltr'><strong>acutum</strong></span> <span class='ocrx_word' id='word_1_181' title='bbox 2314 1649 2545 1719; x_wconf 88' lang='lat' dir='ltr'><strong>probare</strong></span> <span class='ocrx_word' id='word_1_182' title='bbox 2580 1648 2759 1703; x_wconf 90' lang='lat' dir='ltr'><strong>conati</strong></span> <span class='ocrx_word' id='word_1_183' title='bbox 2798 1655 2945 1703; x_wconf 92' lang='lat' dir='ltr'><strong>sunt.</strong></span> 
     </span>
    </p>
   </div>
   <div class='ocr_carea' id='block_1_32' title="bbox 377 1715 1971 1810">
    <p class='ocr_par' dir='ltr' id='par_1_32' title="bbox 377 1715 1959 1787">
     <span class='ocr_line' id='line_1_32' title="bbox 377 1715 1959 1787; baseline 0.004 -19"><span class='ocrx_word' id='word_1_184' title='bbox 377 1730 658 1785; x_wconf 87' lang='lat' dir='ltr'><strong>gnoscere.</strong></span> <span class='ocrx_word' id='word_1_185' title='bbox 720 1715 821 1771; x_wconf 87' lang='lat' dir='ltr'><strong>Cui</strong></span> <span class='ocrx_word' id='word_1_186' title='bbox 878 1732 988 1787; x_wconf 90' lang='lat' dir='ltr'><strong>quo</strong></span> <span class='ocrx_word' id='word_1_187' title='bbox 1055 1718 1221 1773; x_wconf 90' lang='lat' dir='ltr'><strong>modo</strong></span> <span class='ocrx_word' id='word_1_188' title='bbox 1275 1717 1607 1775; x_wconf 81' lang='lat' dir='ltr'><strong>satisfecerit</strong></span> <span class='ocrx_word' id='word_1_189' title='bbox 1665 1718 1959 1775; x_wconf 89' lang='lat' dir='ltr'><strong>videndum</strong></span> 
     </span>
    </p>
   </div>
   <div class='ocr_carea' id='block_1_33' title="bbox 2081 1715 3668 1810">
    <p class='ocr_par' dir='ltr' id='par_1_33' title="bbox 2132 1715 3668 1810">
     <span class='ocr_line' id='line_1_33' title="bbox 2132 1715 3668 1810; baseline -0.001 -17"><span class='ocrx_word' id='word_1_190' title='bbox 2132 1715 2532 1806; x_wconf 49' lang='lat' dir='ltr'><strong>Quam—Simon</strong></span> <span class='ocrx_word' id='word_1_191' title='bbox 2562 1741 2741 1810; x_wconf 91' lang='lat' dir='ltr'><strong>primo</strong></span> <span class='ocrx_word' id='word_1_192' title='bbox 2788 1740 2908 1794; x_wconf 90' lang='lat' dir='ltr'><strong>loco</strong></span> <span class='ocrx_word' id='word_1_193' title='bbox 2960 1738 3188 1810; x_wconf 91' lang='lat' dir='ltr'><strong>protulit</strong></span> <span class='ocrx_word' id='word_1_194' title='bbox 3248 1736 3569 1808; x_wconf 86' lang='lat' dir='ltr'><strong>epistolam,</strong></span> <span class='ocrx_word' id='word_1_195' title='bbox 3610 1736 3668 1792; x_wconf 85' lang='lat' dir='ltr'><strong>in</strong></span> 
     </span>
    </p>
   </div>
   <div class='ocr_carea' id='block_1_34' title="bbox 377 1813 484 1861">
    <p class='ocr_par' dir='ltr' id='par_1_34' title="bbox 377 1813 484 1861">
     <span class='ocr_line' id='line_1_34' title="bbox 377 1813 484 1861; baseline 0 0"><span class='ocrx_word' id='word_1_196' title='bbox 377 1813 484 1861; x_wconf 89' lang='lat' dir='ltr'><strong>est.</strong></span> 
     </span>
    </p>
   </div>
   <div class='ocr_carea' id='block_1_35' title="bbox 450 1921 1969 2002">
    <p class='ocr_par' dir='ltr' id='par_1_35' title="bbox 450 1921 1969 2002">
     <span class='ocr_line' id='line_1_35' title="bbox 450 1921 1969 2002; baseline 0.006 -26"><span class='ocrx_word' id='word_1_197' title='bbox 450 1921 573 1992; x_wconf 89' lang='lat' dir='ltr'><strong>ipse</strong></span> <span class='ocrx_word' id='word_1_198' title='bbox 612 1932 795 1978; x_wconf 87' lang='lat' dir='ltr'><strong>autem</strong></span> <span class='ocrx_word' id='word_1_199' title='bbox 839 1924 894 1979; x_wconf 90' lang='lat' dir='ltr'><strong>in</strong></span> <span class='ocrx_word' id='word_1_200' title='bbox 938 1923 1135 1981; x_wconf 89' lang='lat' dir='ltr'><strong>litteris</strong></span> <span class='ocrx_word' id='word_1_201' title='bbox 1162 1926 1229 1981; x_wconf 90' lang='lat' dir='ltr'><strong>ad</strong></span> <span class='ocrx_word' id='word_1_202' title='bbox 1258 1926 1536 1983; x_wconf 89' lang='lat' dir='ltr'><strong>Danielem</strong></span> <span class='ocrx_word' id='word_1_203' title='bbox 1588 1930 1969 2002; x_wconf 84' lang='lat' dir='ltr'><strong>presbyterum</strong></span> 
     </span>
    </p>
   </div>
   <div class='ocr_carea' id='block_1_36' title="bbox 378 2011 1972 2091">
    <p class='ocr_par' dir='ltr' id='par_1_36' title="bbox 378 2011 1972 2091">
     <span class='ocr_line' id='line_1_36' title="bbox 378 2011 1972 2091; baseline 0.006 -25"><span class='ocrx_word' id='word_1_204' title='bbox 378 2011 523 2067; x_wconf 86' lang='lat' dir='ltr'><strong>datis</strong></span> <span class='ocrx_word' id='word_1_205' title='bbox 575 2013 644 2083; x_wconf 87' lang='lat' dir='ltr'><strong>(c)</strong></span> <span class='ocrx_word' id='word_1_206' title='bbox 696 2015 959 2069; x_wconf 91' lang='lat' dir='ltr'><strong>librorum</strong></span> <span class='ocrx_word' id='word_1_207' title='bbox 1012 2031 1295 2071; x_wconf 88' lang='lat' dir='ltr'><strong>sacrorum</strong></span> <span class='ocrx_word' id='word_1_208' title='bbox 1346 2018 1635 2089; x_wconf 86' lang='lat' dir='ltr'><strong>interpreti</strong></span> <span class='ocrx_word' id='word_1_209' title='bbox 1701 2020 1972 2091; x_wconf 91' lang='lat' dir='ltr'><strong>imprimis</strong></span> 
     </span>
    </p>
   </div>
   <div class='ocr_carea' id='block_1_37' title="bbox 381 2106 1971 2185">
    <p class='ocr_par' dir='ltr' id='par_1_37' title="bbox 381 2106 1971 2185">
     <span class='ocr_line' id='line_1_37' title="bbox 381 2106 1971 2185; baseline 0.005 -26"><span class='ocrx_word' id='word_1_210' title='bbox 381 2106 684 2162; x_wconf 88' lang='lat' dir='ltr'><strong>cavendum</strong></span> <span class='ocrx_word' id='word_1_211' title='bbox 717 2120 839 2161; x_wconf 88' lang='lat' dir='ltr'><strong>esse</strong></span> <span class='ocrx_word' id='word_1_212' title='bbox 880 2116 1088 2174; x_wconf 91' lang='lat' dir='ltr'><strong>censet,</strong></span> <span class='ocrx_word' id='word_1_213' title='bbox 1137 2124 1207 2163; x_wconf 91' lang='lat' dir='ltr'><strong>ne</strong></span> <span class='ocrx_word' id='word_1_214' title='bbox 1237 2124 1391 2164; x_wconf 90' lang='lat' dir='ltr'><strong>suam</strong></span> <span class='ocrx_word' id='word_1_215' title='bbox 1437 2111 1709 2167; x_wconf 90' lang='lat' dir='ltr'><strong>sentiendi</strong></span> <span class='ocrx_word' id='word_1_216' title='bbox 1740 2121 1795 2167; x_wconf 90' lang='lat' dir='ltr'><strong>et</strong></span> <span class='ocrx_word' id='word_1_217' title='bbox 1822 2113 1971 2185; x_wconf 85' lang='lat' dir='ltr'><strong>cogi-</strong></span> 
     </span>
    </p>
   </div>
   <div class='ocr_carea' id='block_1_38' title="bbox 384 2196 1965 2271">
    <p class='ocr_par' dir='ltr' id='par_1_38' title="bbox 384 2196 1965 2271">
     <span class='ocr_line' id='line_1_38' title="bbox 384 2196 1965 2271; baseline 0.007 -24"><span class='ocrx_word' id='word_1_218' title='bbox 384 2196 536 2249; x_wconf 84' lang='lat' dir='ltr'><strong>tandi</strong></span> <span class='ocrx_word' id='word_1_219' title='bbox 570 2197 838 2251; x_wconf 88' lang='lat' dir='ltr'><strong>rationem</strong></span> <span class='ocrx_word' id='word_1_220' title='bbox 869 2199 1153 2269; x_wconf 89' lang='lat' dir='ltr'><strong>prophetis</strong></span> <span class='ocrx_word' id='word_1_221' title='bbox 1181 2209 1237 2255; x_wconf 90' lang='lat' dir='ltr'><strong>et</strong></span> <span class='ocrx_word' id='word_1_222' title='bbox 1263 2202 1525 2271; x_wconf 90' lang='lat' dir='ltr'><strong>apostolis</strong></span> <span class='ocrx_word' id='word_1_223' title='bbox 1556 2203 1778 2269; x_wconf 90' lang='lat' dir='ltr'><strong>tribuat,</strong></span> <span class='ocrx_word' id='word_1_224' title='bbox 1808 2220 1965 2269; x_wconf 88' lang='lat' dir='ltr'><strong>neve,</strong></span> 
     </span>
    </p>
   </div>
   <div class='ocr_carea' id='block_1_39' title="bbox 385 2284 1971 2364">
    <p class='ocr_par' dir='ltr' id='par_1_39' title="bbox 385 2284 1971 2364">
     <span class='ocr_line' id='line_1_39' title="bbox 385 2284 1971 2364; baseline 0.008 -27"><span class='ocrx_word' id='word_1_225' title='bbox 385 2294 446 2339; x_wconf 91' lang='lat' dir='ltr'><strong>ut</strong></span> <span class='ocrx_word' id='word_1_226' title='bbox 480 2284 535 2338; x_wconf 89' lang='lat' dir='ltr'><strong>in</strong></span> <span class='ocrx_word' id='word_1_227' title='bbox 574 2286 804 2355; x_wconf 84' lang='lat' dir='ltr'><strong>epistola</strong></span> <span class='ocrx_word' id='word_1_228' title='bbox 845 2290 913 2343; x_wconf 92' lang='lat' dir='ltr'><strong>ad</strong></span> <span class='ocrx_word' id='word_1_229' title='bbox 941 2289 1199 2344; x_wconf 78' lang='lat' dir='ltr'><strong>Orionem</strong></span> <span class='ocrx_word' id='word_1_230' title='bbox 1233 2291 1444 2354; x_wconf 88' lang='lat' dir='ltr'><strong>scribit,</strong></span> <span class='ocrx_word' id='word_1_231' title='bbox 1480 2292 1690 2364; x_wconf 86' lang='lat' dir='ltr'><strong>singula</strong></span> <span class='ocrx_word' id='word_1_232' title='bbox 1737 2295 1971 2364; x_wconf 77' lang='lat' dir='ltr'><strong>explicet</strong></span> 
     </span>
    </p>
   </div>
   <div class='ocr_carea' id='block_1_40' title="bbox 383 2376 1971 2456">
    <p class='ocr_par' dir='ltr' id='par_1_40' title="bbox 383 2376 1971 2456">
     <span class='ocr_line' id='line_1_40' title="bbox 383 2376 1971 2456; baseline 0.005 -25"><span class='ocrx_word' id='word_1_233' title='bbox 383 2376 572 2435; x_wconf 75' lang='lat' dir='ltr'><strong>verba.</strong></span> <span class='ocrx_word' id='word_1_234' title='bbox 614 2378 709 2432; x_wconf 87' lang='lat' dir='ltr'><strong>sed</strong></span> <span class='ocrx_word' id='word_1_235' title='bbox 757 2380 1149 2450; x_wconf 85' lang='lat' dir='ltr'><strong>cogitationum</strong></span> <span class='ocrx_word' id='word_1_236' title='bbox 1203 2382 1461 2451; x_wconf 87' lang='lat' dir='ltr'><strong>respiciat</strong></span> <span class='ocrx_word' id='word_1_237' title='bbox 1507 2400 1705 2439; x_wconf 80' lang='lat' dir='ltr'><strong>nexum</strong></span> <span class='ocrx_word' id='word_1_238' title='bbox 1757 2385 1854 2456; x_wconf 82' lang='grc' dir='ltr'><strong>(ά).</strong></span> <span class='ocrx_word' id='word_1_239' title='bbox 1901 2414 1971 2427; x_wconf 90' lang='grc'><strong><em>-</em></strong></span> 
     </span>
    </p>
   </div>
   <div class='ocr_carea' id='block_1_41' title="bbox 384 2468 1970 2547">
    <p class='ocr_par' dir='ltr' id='par_1_41' title="bbox 384 2468 1970 2547">
     <span class='ocr_line' id='line_1_41' title="bbox 384 2468 1970 2547; baseline 0.006 -26"><span class='ocrx_word' id='word_1_240' title='bbox 384 2468 532 2534; x_wconf 80' lang='lat' dir='ltr'><strong>Quas</strong></span> <span class='ocrx_word' id='word_1_241' title='bbox 562 2470 958 2541; x_wconf 88' lang='lat' dir='ltr'><strong>interpretandi</strong></span> <span class='ocrx_word' id='word_1_242' title='bbox 1009 2473 1246 2544; x_wconf 86' lang='lat' dir='ltr'><strong>regulas,</strong></span> <span class='ocrx_word' id='word_1_243' title='bbox 1273 2475 1397 2543; x_wconf 87' lang='lat' dir='ltr'><strong>quis</strong></span> <span class='ocrx_word' id='word_1_244' title='bbox 1430 2484 1515 2530; x_wconf 90' lang='lat' dir='ltr'><strong>est</strong></span> <span class='ocrx_word' id='word_1_245' title='bbox 1564 2476 1658 2545; x_wconf 88' lang='lat' dir='ltr'><strong>qui</strong></span> <span class='ocrx_word' id='word_1_246' title='bbox 1699 2492 1810 2530; x_wconf 91' lang='lat' dir='ltr'><strong>non</strong></span> <span class='ocrx_word' id='word_1_247' title='bbox 1840 2493 1970 2547; x_wconf 92' lang='lat' dir='ltr'><strong>pro-</strong></span> 
     </span>
    </p>
   </div>
   <div class='ocr_carea' id='block_1_42' title="bbox 384 2564 1970 2639">
    <p class='ocr_par' dir='ltr' id='par_1_42' title="bbox 384 2564 1970 2639">
     <span class='ocr_line' id='line_1_42' title="bbox 384 2564 1970 2639; baseline 0.004 -22"><span class='ocrx_word' id='word_1_248' title='bbox 384 2564 512 2617; x_wconf 89' lang='lat' dir='ltr'><strong>bet?</strong></span> <span class='ocrx_word' id='word_1_249' title='bbox 554 2580 732 2635; x_wconf 91' lang='lat' dir='ltr'><strong>neque</strong></span> <span class='ocrx_word' id='word_1_250' title='bbox 783 2575 963 2621; x_wconf 88' lang='lat' dir='ltr'><strong>tamen</strong></span> <span class='ocrx_word' id='word_1_251' title='bbox 1011 2576 1122 2621; x_wconf 88' lang='lat' dir='ltr'><strong>tam</strong></span> <span class='ocrx_word' id='word_1_252' title='bbox 1184 2567 1366 2638; x_wconf 85' lang='lat' dir='ltr'><strong>magni</strong></span> <span class='ocrx_word' id='word_1_253' title='bbox 1417 2569 1675 2639; x_wconf 87' lang='lat' dir='ltr'><strong>ponderis</strong></span> <span class='ocrx_word' id='word_1_254' title='bbox 1725 2585 1817 2624; x_wconf 88' lang='lat' dir='ltr'><strong>eas</strong></span> <span class='ocrx_word' id='word_1_255' title='bbox 1870 2570 1970 2623; x_wconf 89' lang='lat' dir='ltr'><strong>ha-</strong></span> 
     </span>
    </p>
   </div>
   <div class='ocr_carea' id='block_1_43' title="bbox 384 2657 1970 2732">
    <p class='ocr_par' dir='ltr' id='par_1_43' title="bbox 384 2657 1970 2732">
     <span class='ocr_line' id='line_1_43' title="bbox 384 2657 1970 2732; baseline 0.004 -21"><span class='ocrx_word' id='word_1_256' title='bbox 384 2657 618 2724; x_wconf 85' lang='lat' dir='ltr'><strong>buerim,</strong></span> <span class='ocrx_word' id='word_1_257' title='bbox 648 2674 808 2728; x_wconf 88' lang='lat' dir='ltr'><strong>quam</strong></span> <span class='ocrx_word' id='word_1_258' title='bbox 844 2660 962 2729; x_wconf 86' lang='lat' dir='ltr'><strong>ipse</strong></span> <span class='ocrx_word' id='word_1_259' title='bbox 1012 2660 1273 2725; x_wconf 91' lang='lat' dir='ltr'><strong>lsidorus,</strong></span> <span class='ocrx_word' id='word_1_260' title='bbox 1319 2661 1412 2730; x_wconf 89' lang='lat' dir='ltr'><strong>qui</strong></span> <span class='ocrx_word' id='word_1_261' title='bbox 1459 2662 1806 2732; x_wconf 88' lang='lat' dir='ltr'><strong>interpretes,</strong></span> <span class='ocrx_word' id='word_1_262' title='bbox 1840 2678 1970 2732; x_wconf 88' lang='lat' dir='ltr'><strong>pro-</strong></span> 
     </span>
    </p>
   </div>
   <div class='ocr_carea' id='block_1_44' title="bbox 386 2750 1970 2824">
    <p class='ocr_par' dir='ltr' id='par_1_44' title="bbox 386 2750 1970 2824">
     <span class='ocr_line' id='line_1_44' title="bbox 386 2750 1970 2824; baseline 0.003 -21"><span class='ocrx_word' id='word_1_263' title='bbox 386 2750 563 2820; x_wconf 89' lang='lat' dir='ltr'><strong>priam</strong></span> <span class='ocrx_word' id='word_1_264' title='bbox 612 2767 766 2806; x_wconf 91' lang='lat' dir='ltr'><strong>suam</strong></span> <span class='ocrx_word' id='word_1_265' title='bbox 819 2752 1020 2821; x_wconf 86' lang='lat' dir='ltr'><strong>cuique</strong></span> <span class='ocrx_word' id='word_1_266' title='bbox 1070 2753 1439 2823; x_wconf 88' lang='lat' dir='ltr'><strong>apostolorum</strong></span> <span class='ocrx_word' id='word_1_267' title='bbox 1488 2762 1545 2807; x_wconf 90' lang='lat' dir='ltr'><strong>et</strong></span> <span class='ocrx_word' id='word_1_268' title='bbox 1582 2754 1970 2824; x_wconf 85' lang='lat' dir='ltr'><strong>prophetarum</strong></span> 
     </span>
    </p>
   </div>
   <div class='ocr_carea' id='block_1_45' title="bbox 387 2842 1973 2913">
    <p class='ocr_par' dir='ltr' id='par_1_45' title="bbox 387 2842 1973 2913">
     <span class='ocr_line' id='line_1_45' title="bbox 387 2842 1973 2913; baseline 0.001 -16"><span class='ocrx_word' id='word_1_269' title='bbox 387 2842 535 2897; x_wconf 84' lang='lat' dir='ltr'><strong>dicto</strong></span> <span class='ocrx_word' id='word_1_270' title='bbox 585 2843 939 2913; x_wconf 86' lang='lat' dir='ltr'><strong>subjicientes</strong></span> <span class='ocrx_word' id='word_1_271' title='bbox 991 2844 1347 2908; x_wconf 88' lang='lat' dir='ltr'><strong>sententiam,</strong></span> <span class='ocrx_word' id='word_1_272' title='bbox 1388 2842 1582 2899; x_wconf 88' lang='lat' dir='ltr'><strong>vitium</strong></span> <span class='ocrx_word' id='word_1_273' title='bbox 1630 2844 1973 2899; x_wconf 88' lang='lat' dir='ltr'><strong>committere</strong></span> 
     </span>
    </p>
   </div>
   <div class='ocr_carea' id='block_1_46' title="bbox 389 2934 1972 3007">
    <p class='ocr_par' dir='ltr' id='par_1_46' title="bbox 389 2934 1972 3007">
     <span class='ocr_line' id='line_1_46' title="bbox 389 2934 1972 3007; baseline 0.001 -19"><span class='ocrx_word' id='word_1_274' title='bbox 389 2934 706 3003; x_wconf 87' lang='lat' dir='ltr'><strong>arbitratur,</strong></span> <span class='ocrx_word' id='word_1_275' title='bbox 736 2936 882 3005; x_wconf 87' lang='lat' dir='ltr'><strong>quod</strong></span> <span class='ocrx_word' id='word_1_276' title='bbox 915 2952 1078 2991; x_wconf 90' lang='lat' dir='ltr'><strong>nemo</strong></span> <span class='ocrx_word' id='word_1_277' title='bbox 1116 2952 1376 3007; x_wconf 88' lang='lat' dir='ltr'><strong>umquam</strong></span> <span class='ocrx_word' id='word_1_278' title='bbox 1410 2936 1515 2991; x_wconf 89' lang='lat' dir='ltr'><strong>illis</strong></span> <span class='ocrx_word' id='word_1_279' title='bbox 1561 2936 1845 3007; x_wconf 85' lang='lat' dir='ltr'><strong>ignoscere</strong></span> <span class='ocrx_word' id='word_1_280' title='bbox 1872 2934 1972 2989; x_wconf 90' lang='lat' dir='ltr'><strong>de-</strong></span> 
     </span>
    </p>
   </div>
   <div class='ocr_carea' id='block_1_47' title="bbox 388 3027 1971 3100">
    <p class='ocr_par' dir='ltr' id='par_1_47' title="bbox 388 3027 1971 3100">
     <span class='ocr_line' id='line_1_47' title="bbox 388 3027 1971 3100; baseline 0 -18"><span class='ocrx_word' id='word_1_281' title='bbox 388 3027 516 3082; x_wconf 86' lang='lat' dir='ltr'><strong>beat</strong></span> <span class='ocrx_word' id='word_1_282' title='bbox 559 3029 652 3097; x_wconf 86' lang='lat' dir='ltr'><strong>(e).</strong></span> <span class='ocrx_word' id='word_1_283' title='bbox 698 3027 883 3099; x_wconf 85' lang='lat' dir='ltr'><strong>Itaque</strong></span> <span class='ocrx_word' id='word_1_284' title='bbox 929 3044 1035 3085; x_wconf 87' lang='lat' dir='ltr'><strong>nos</strong></span> <span class='ocrx_word' id='word_1_285' title='bbox 1085 3040 1274 3085; x_wconf 88' lang='lat' dir='ltr'><strong>sancto</strong></span> <span class='ocrx_word' id='word_1_286' title='bbox 1304 3029 1422 3084; x_wconf 83' lang='lat' dir='ltr'><strong>viro</strong></span> <span class='ocrx_word' id='word_1_287' title='bbox 1452 3029 1705 3084; x_wconf 86' lang='lat' dir='ltr'><strong>lubenter</strong></span> <span class='ocrx_word' id='word_1_288' title='bbox 1738 3027 1971 3100; x_wconf 82' lang='lat' dir='ltr'><strong>ignosci-</strong></span> 
     </span>
    </p>
   </div>
   <div class='ocr_carea' id='block_1_48' title="bbox 465 3223 2036 3297">
    <p class='ocr_par' dir='ltr' id='par_1_48' title="bbox 465 3223 2036 3297">
     <span class='ocr_line' id='line_1_48' title="bbox 465 3223 2036 3297; baseline -0.001 -18"><span class='ocrx_word' id='word_1_289' title='bbox 465 3224 539 3297; x_wconf 88' lang='lat' dir='ltr'><strong>(a)</strong></span> <span class='ocrx_word' id='word_1_290' title='bbox 566 3224 684 3279; x_wconf 87' lang='lat' dir='ltr'><strong>Lib.</strong></span> <span class='ocrx_word' id='word_1_291' title='bbox 719 3240 808 3297; x_wconf 88' lang='lat' dir='ltr'><strong>m._</strong></span> <span class='ocrx_word' id='word_1_292' title='bbox 832 3239 922 3297; x_wconf 81' lang='lat' dir='ltr'><strong>ep.</strong></span> <span class='ocrx_word' id='word_1_293' title='bbox 944 3224 1034 3281; x_wconf 74' lang='grc'><strong>51.</strong></span> <span class='ocrx_word' id='word_1_294' title='bbox 1056 3224 1237 3280; x_wconf 81' lang='lat' dir='ltr'><strong>Verbo</strong></span> <span class='ocrx_word' id='word_1_295' title='bbox 1259 3225 1601 3297; x_wconf 51' lang='grc' dir='ltr'>πρωτοτόκος</span> <span class='ocrx_word' id='word_1_296' title='bbox 1620 3225 1759 3297; x_wconf 81' lang='lat' dir='ltr'><strong>hanc</strong></span> <span class='ocrx_word' id='word_1_297' title='bbox 1788 3223 1966 3297; x_wconf 80' lang='lat' dir='ltr'><strong>inesse</strong></span> <span class='ocrx_word' id='word_1_298' title='bbox 1993 3228 2036 3285; x_wconf 89' lang='lat' dir='ltr'><strong>C</strong></span> 
     </span>
    </p>
   </div>
   <div class='ocr_carea' id='block_1_49' title="bbox 390 3294 1967 3351">
    <p class='ocr_par' dir='ltr' id='par_1_49' title="bbox 390 3294 1967 3351">
     <span class='ocr_line' id='line_1_49' title="bbox 390 3294 1967 3351; baseline -0.003 0"><span class='ocrx_word' id='word_1_299' title='bbox 390 3294 671 3351; x_wconf 79' lang='lat' dir='ltr'><strong>notiOnem</strong></span> <span class='ocrx_word' id='word_1_300' title='bbox 701 3305 756 3350; x_wconf 88' lang='lat' dir='ltr'><strong>ct</strong></span> <span class='ocrx_word' id='word_1_301' title='bbox 777 3295 972 3349; x_wconf 78' lang='lat' dir='ltr'><strong>Suidas</strong></span> <span class='ocrx_word' id='word_1_302' title='bbox 991 3304 1045 3349; x_wconf 92' lang='lat' dir='ltr'><strong>et</strong></span> <span class='ocrx_word' id='word_1_303' title='bbox 1074 3303 1231 3350; x_wconf 87' lang='lat' dir='ltr'><strong>vetus</strong></span> <span class='ocrx_word' id='word_1_304' title='bbox 1256 3294 1321 3350; x_wconf 89' lang='lat' dir='ltr'><strong>ad</strong></span> <span class='ocrx_word' id='word_1_305' title='bbox 1352 3296 1645 3349; x_wconf 81' lang='lat' dir='ltr'><strong>Homerum</strong></span> <span class='ocrx_word' id='word_1_306' title='bbox 1679 3294 1967 3349; x_wconf 82' lang='lat' dir='ltr'><strong>scholiasla</strong></span> 
     </span>
    </p>
   </div>
   <div class='ocr_carea' id='block_1_50' title="bbox 398 3365 1968 3433">
    <p class='ocr_par' dir='ltr' id='par_1_50' title="bbox 398 3365 1968 3433">
     <span class='ocr_line' id='line_1_50' title="bbox 398 3365 1968 3433; baseline -0.003 -13"><span class='ocrx_word' id='word_1_307' title='bbox 398 3367 661 3429; x_wconf 87' lang='lat' dir='ltr'><strong>tradidit,</strong></span> <span class='ocrx_word' id='word_1_308' title='bbox 711 3375 849 3420; x_wconf 88' lang='lat' dir='ltr'><strong>teste</strong></span> <span class='ocrx_word' id='word_1_309' title='bbox 895 3366 1141 3420; x_wconf 82' lang='lat' dir='ltr'><strong>Suiccro.</strong></span> <span class='ocrx_word' id='word_1_310' title='bbox 1176 3367 1244 3419; x_wconf 82' lang='lat' dir='ltr'><strong>Et</strong></span> <span class='ocrx_word' id='word_1_311' title='bbox 1296 3376 1444 3421; x_wconf 89' lang='lat' dir='ltr'><strong>recte</strong></span> <span class='ocrx_word' id='word_1_312' title='bbox 1490 3366 1729 3433; x_wconf 89' lang='lat' dir='ltr'><strong>quidem.</strong></span> <span class='ocrx_word' id='word_1_313' title='bbox 1765 3365 1968 3418; x_wconf 86' lang='lat' dir='ltr'><strong>Eadem</strong></span> 
     </span>
    </p>
   </div>
   <div class='ocr_carea' id='block_1_51' title="bbox 393 3434 1972 3506">
    <p class='ocr_par' dir='ltr' id='par_1_51' title="bbox 393 3434 1972 3506">
     <span class='ocr_line' id='line_1_51' title="bbox 393 3434 1972 3506; baseline -0.002 -16"><span class='ocrx_word' id='word_1_314' title='bbox 393 3437 539 3490; x_wconf 90' lang='lat' dir='ltr'><strong>enim</strong></span> <span class='ocrx_word' id='word_1_315' title='bbox 588 3436 798 3506; x_wconf 85' lang='lat' dir='ltr'><strong>ratione</strong></span> <span class='ocrx_word' id='word_1_316' title='bbox 833 3434 1199 3506; x_wconf 84' lang='grc' dir='ltr'>μητρόκτονος</span> <span class='ocrx_word' id='word_1_317' title='bbox 1242 3447 1388 3490; x_wconf 88' lang='lat' dir='ltr'><strong>recte</strong></span> <span class='ocrx_word' id='word_1_318' title='bbox 1434 3435 1902 3506; x_wconf 79' lang='lat' dir='ltr'><strong>appellatur,__qui</strong></span> <span class='ocrx_word' id='word_1_319' title='bbox 1940 3450 1972 3488; x_wconf 92' lang='lat' dir='ltr'><strong>a</strong></span> 
     </span>
    </p>
   </div>
   <div class='ocr_carea' id='block_1_52' title="bbox 397 3504 1968 3575">
    <p class='ocr_par' dir='ltr' id='par_1_52' title="bbox 397 3504 1968 3575">
     <span class='ocr_line' id='line_1_52' title="bbox 397 3504 1968 3575; baseline -0.003 -15"><span class='ocrx_word' id='word_1_320' title='bbox 397 3516 576 3560; x_wconf 86' lang='lat' dir='ltr'><strong>matre</strong></span> <span class='ocrx_word' id='word_1_321' title='bbox 624 3504 1077 3570; x_wconf 71' lang='lat' dir='ltr'><strong>interfectusest,</strong></span> <span class='ocrx_word' id='word_1_322' title='bbox 1115 3506 1480 3575; x_wconf 80' lang='grc' dir='ltr'><strong>μητροκτόνος</strong></span> <span class='ocrx_word' id='word_1_323' title='bbox 1511 3520 1640 3559; x_wconf 91' lang='lat' dir='ltr'><strong>vero</strong></span> <span class='ocrx_word' id='word_1_324' title='bbox 1671 3504 1714 3558; x_wconf 93' lang='lat' dir='ltr'><strong>is</strong></span> <span class='ocrx_word' id='word_1_325' title='bbox 1746 3504 1968 3565; x_wconf 88' lang='lat' dir='ltr'><strong>dicitur,</strong></span> 
     </span>
    </p>
   </div>
   <div class='ocr_carea' id='block_1_53' title="bbox 395 3575 1971 3645">
    <p class='ocr_par' dir='ltr' id='par_1_53' title="bbox 395 3575 1971 3645">
     <span class='ocr_line' id='line_1_53' title="bbox 395 3575 1971 3645; baseline -0.001 -16"><span class='ocrx_word' id='word_1_326' title='bbox 395 3575 488 3645; x_wconf 87' lang='lat' dir='ltr'><strong>qui</strong></span> <span class='ocrx_word' id='word_1_327' title='bbox 524 3586 753 3629; x_wconf 87' lang='lat' dir='ltr'><strong>matrem</strong></span> <span class='ocrx_word' id='word_1_328' title='bbox 798 3575 1091 3629; x_wconf 88' lang='lat' dir='ltr'><strong>interfecit.</strong></span> <span class='ocrx_word' id='word_1_329' title='bbox 1135 3575 1240 3630; x_wconf 87' lang='lat' dir='ltr'><strong>Sed</strong></span> <span class='ocrx_word' id='word_1_330' title='bbox 1295 3578 1413 3630; x_wconf 60' lang='lat' dir='ltr'><strong>haec</strong></span> <span class='ocrx_word' id='word_1_331' title='bbox 1450 3585 1709 3630; x_wconf 82' lang='lat' dir='ltr'><strong>accentus</strong></span> <span class='ocrx_word' id='word_1_332' title='bbox 1740 3575 1971 3645; x_wconf 73' lang='lat' dir='ltr'><strong>mutatio</strong></span> 
     </span>
    </p>
   </div>
   <div class='ocr_carea' id='block_1_54' title="bbox 396 3644 1969 3714">
    <p class='ocr_par' dir='ltr' id='par_1_54' title="bbox 396 3644 1969 3714">
     <span class='ocr_line' id='line_1_54' title="bbox 396 3644 1969 3714; baseline -0.001 -14"><span class='ocrx_word' id='word_1_333' title='bbox 396 3644 451 3700; x_wconf 89' lang='lat' dir='ltr'><strong>in</strong></span> <span class='ocrx_word' id='word_1_334' title='bbox 488 3646 580 3699; x_wconf 87' lang='lat' dir='ltr'><strong>illo</strong></span> <span class='ocrx_word' id='word_1_335' title='bbox 623 3645 770 3697; x_wconf 80' lang='lat' dir='ltr'><strong>Pauli</strong></span> <span class='ocrx_word' id='word_1_336' title='bbox 821 3645 969 3699; x_wconf 87' lang='lat' dir='ltr'><strong>dicto</strong></span> <span class='ocrx_word' id='word_1_337' title='bbox 1018 3645 1195 3699; x_wconf 91' lang='lat' dir='ltr'><strong>locum</strong></span> <span class='ocrx_word' id='word_1_338' title='bbox 1236 3647 1437 3700; x_wconf 89' lang='lat' dir='ltr'><strong>habere</strong></span> <span class='ocrx_word' id='word_1_339' title='bbox 1466 3646 1675 3714; x_wconf 89' lang='lat' dir='ltr'><strong>nequit.</strong></span> <span class='ocrx_word' id='word_1_340' title='bbox 1709 3644 1845 3698; x_wconf 87' lang='lat' dir='ltr'><strong>Nam</strong></span> <span class='ocrx_word' id='word_1_341' title='bbox 1876 3645 1969 3713; x_wconf 92' lang='lat' dir='ltr'><strong>qui</strong></span> 
     </span>
    </p>
   </div>
   <div class='ocr_carea' id='block_1_55' title="bbox 396 3715 1972 3786">
    <p class='ocr_par' dir='ltr' id='par_1_55' title="bbox 396 3715 1972 3786">
     <span class='ocr_line' id='line_1_55' title="bbox 396 3715 1972 3786; baseline -0.001 -17"><span class='ocrx_word' id='word_1_342' title='bbox 396 3717 465 3770; x_wconf 88' lang='lat' dir='ltr'><strong>de</strong></span> <span class='ocrx_word' id='word_1_343' title='bbox 496 3716 674 3786; x_wconf 88' lang='lat' dir='ltr'><strong>primo</strong></span> <span class='ocrx_word' id='word_1_344' title='bbox 704 3715 892 3786; x_wconf 83' lang='lat' dir='ltr'><strong>mundi</strong></span> <span class='ocrx_word' id='word_1_345' title='bbox 914 3725 1159 3786; x_wconf 89' lang='lat' dir='ltr'><strong>creatore</strong></span> <span class='ocrx_word' id='word_1_346' title='bbox 1185 3717 1317 3786; x_wconf 90' lang='lat' dir='ltr'><strong>agit,</strong></span> <span class='ocrx_word' id='word_1_347' title='bbox 1344 3731 1468 3770; x_wconf 86' lang='lat' dir='ltr'><strong>eum</strong></span> <span class='ocrx_word' id='word_1_348' title='bbox 1495 3716 1733 3785; x_wconf 91' lang='lat' dir='ltr'><strong>cogitare</strong></span> <span class='ocrx_word' id='word_1_349' title='bbox 1756 3724 1972 3786; x_wconf 84' lang='lat' dir='ltr'><strong>oportet</strong></span> 
     </span>
    </p>
   </div>
   <div class='ocr_carea' id='block_1_56' title="bbox 398 3784 1969 3854">
    <p class='ocr_par' dir='ltr' id='par_1_56' title="bbox 398 3784 1969 3854">
     <span class='ocr_line' id='line_1_56' title="bbox 398 3784 1969 3854; baseline -0.002 -14"><span class='ocrx_word' id='word_1_350' title='bbox 398 3787 467 3840; x_wconf 90' lang='lat' dir='ltr'><strong>de</strong></span> <span class='ocrx_word' id='word_1_351' title='bbox 498 3784 758 3840; x_wconf 77' lang='lat' dir='ltr'><strong>secundo</strong></span> <span class='ocrx_word' id='word_1_352' title='bbox 807 3785 1042 3839; x_wconf 84' lang='lat' dir='ltr'><strong>universi</strong></span> <span class='ocrx_word' id='word_1_353' title='bbox 1075 3784 1353 3851; x_wconf 77' lang='lat' dir='ltr'><strong>creatore;</strong></span> <span class='ocrx_word' id='word_1_354' title='bbox 1384 3802 1508 3840; x_wconf 92' lang='lat' dir='ltr'><strong>cum</strong></span> <span class='ocrx_word' id='word_1_355' title='bbox 1552 3784 1646 3854; x_wconf 80' lang='lat' dir='ltr'><strong>qui</strong></span> <span class='ocrx_word' id='word_1_356' title='bbox 1688 3784 1883 3840; x_wconf 88' lang='lat' dir='ltr'><strong>unicus</strong></span> <span class='ocrx_word' id='word_1_357' title='bbox 1914 3785 1969 3837; x_wconf 90' lang='lat' dir='ltr'><strong>in</strong></span> 
     </span>
    </p>
   </div>
   <div class='ocr_carea' id='block_1_57' title="bbox 399 3855 1586 3924">
    <p class='ocr_par' dir='ltr' id='par_1_57' title="bbox 399 3855 1586 3924">
     <span class='ocr_line' id='line_1_57' title="bbox 399 3855 1586 3924; baseline -0.002 -14"><span class='ocrx_word' id='word_1_358' title='bbox 399 3872 500 3911; x_wconf 86' lang='lat' dir='ltr'><strong>suo</strong></span> <span class='ocrx_word' id='word_1_359' title='bbox 524 3866 603 3909; x_wconf 81' lang='lat' dir='ltr'><strong>est</strong></span> <span class='ocrx_word' id='word_1_360' title='bbox 636 3870 853 3924; x_wconf 83' lang='lat' dir='ltr'><strong>genere,</strong></span> <span class='ocrx_word' id='word_1_361' title='bbox 884 3855 1089 3923; x_wconf 86' lang='lat' dir='ltr'><strong>primus</strong></span> <span class='ocrx_word' id='word_1_362' title='bbox 1118 3857 1222 3912; x_wconf 91' lang='lat' dir='ltr'><strong>dici</strong></span> <span class='ocrx_word' id='word_1_363' title='bbox 1257 3873 1364 3910; x_wconf 87' lang='lat' dir='ltr'><strong>non</strong></span> <span class='ocrx_word' id='word_1_364' title='bbox 1396 3855 1586 3923; x_wconf 89' lang='lat' dir='ltr'><strong>possit.</strong></span> 
     </span>
    </p>
   </div>
   <div class='ocr_carea' id='block_1_58' title="bbox 473 3923 1967 3996">
    <p class='ocr_par' dir='ltr' id='par_1_58' title="bbox 473 3923 1967 3996">
     <span class='ocr_line' id='line_1_58' title="bbox 473 3923 1967 3996; baseline -0.001 -18"><span class='ocrx_word' id='word_1_365' title='bbox 473 3926 547 3995; x_wconf 72' lang='grc' dir='ltr'><strong>(ὑ)</strong></span> <span class='ocrx_word' id='word_1_366' title='bbox 583 3925 701 3996; x_wconf 86' lang='lat' dir='ltr'><strong>Lib.</strong></span> <span class='ocrx_word' id='word_1_367' title='bbox 738 3941 816 3996; x_wconf 86' lang='lat' dir='ltr'><strong>Ill,</strong></span> <span class='ocrx_word' id='word_1_368' title='bbox 850 3940 938 3993; x_wconf 90' lang='lat' dir='ltr'><strong>ep.</strong></span> <span class='ocrx_word' id='word_1_369' title='bbox 976 3926 1099 3987; x_wconf 74' lang='grc'><strong>534,</strong></span> <span class='ocrx_word' id='word_1_370' title='bbox 1142 3943 1195 3996; x_wconf 89' lang='lat' dir='ltr'><strong>p.</strong></span> <span class='ocrx_word' id='word_1_371' title='bbox 1229 3928 1362 3987; x_wconf 75' lang='grc'>5861,</span> <span class='ocrx_word' id='word_1_372' title='bbox 1391 3928 1473 3981; x_wconf 92' lang='lat' dir='ltr'><strong>lit.</strong></span> <span class='ocrx_word' id='word_1_373' title='bbox 1501 3926 1564 3990; x_wconf 88' lang='lat' dir='ltr'><strong>A,</strong></span> <span class='ocrx_word' id='word_1_374' title='bbox 1590 3926 1685 3979; x_wconf 92' lang='lat' dir='ltr'><strong>lin.</strong></span> <span class='ocrx_word' id='word_1_375' title='bbox 1722 3923 1775 3979; x_wconf 89' lang='lat'><strong>8.</strong></span> <span class='ocrx_word' id='word_1_376' title='bbox 1803 3954 1874 3965; x_wconf 90' lang='lat'><strong>-</strong></span> <span class='ocrx_word' id='word_1_377' title='bbox 1904 3923 1967 3976; x_wconf 77' lang='grc' dir='ltr'>οὐ</span> 
     </span>
    </p>
   </div>
   <div class='ocr_carea' id='block_1_59' title="bbox 399 3994 1969 4067">
    <p class='ocr_par' dir='ltr' id='par_1_59' title="bbox 399 3994 1969 4067">
     <span class='ocr_line' id='line_1_59' title="bbox 399 3994 1969 4067; baseline 0 -19"><span class='ocrx_word' id='word_1_378' title='bbox 399 3994 508 4066; x_wconf 77' lang='grc' dir='ltr'>γὰρ</span> <span class='ocrx_word' id='word_1_379' title='bbox 535 3994 904 4067; x_wconf 72' lang='grc' dir='ltr'>διδασκαλζας,</span> <span class='ocrx_word' id='word_1_380' title='bbox 927 3994 1436 4067; x_wconf 17' lang='grc' dir='ltr'>ἁλλὰᾷπαραμυθίας</span> <span class='ocrx_word' id='word_1_381' title='bbox 1460 4025 1531 4067; x_wconf 55' lang='grc' dir='ltr'><strong>-έέ</strong></span> <span class='ocrx_word' id='word_1_382' title='bbox 1554 3996 1813 4067; x_wconf 57' lang='grc' dir='ltr'>δίοποι.</span> <span class='ocrx_word' id='word_1_383' title='bbox 1845 3996 1969 4049; x_wconf 90' lang='lat' dir='ltr'><strong>cod.</strong></span> 
     </span>
    </p>
   </div>
   <div class='ocr_carea' id='block_1_60' title="bbox 401 4065 1972 4137">
    <p class='ocr_par' dir='ltr' id='par_1_60' title="bbox 401 4065 1972 4137">
     <span class='ocr_line' id='line_1_60' title="bbox 401 4065 1972 4137; baseline -0.001 -19"><span class='ocrx_word' id='word_1_384' title='bbox 401 4065 532 4137; x_wconf 79' lang='lat' dir='ltr'><strong>llav.</strong></span> <span class='ocrx_word' id='word_1_385' title='bbox 564 4066 910 4137; x_wconf 82' lang='lat' dir='ltr'><strong>scribendum</strong></span> <span class='ocrx_word' id='word_1_386' title='bbox 937 4074 1040 4119; x_wconf 88' lang='lat' dir='ltr'><strong>cst.</strong></span> <span class='ocrx_word' id='word_1_387' title='bbox 1067 4065 1221 4135; x_wconf 79' lang='lat' dir='ltr'><strong>Vulg.</strong></span> <span class='ocrx_word' id='word_1_388' title='bbox 1243 4065 1601 4137; x_wconf 77' lang='grc' dir='ltr'>παραμυθίας</span> <span class='ocrx_word' id='word_1_389' title='bbox 1620 4065 1668 4137; x_wconf 80' lang='lat'><strong>_8‘</strong></span> <span class='ocrx_word' id='word_1_390' title='bbox 1688 4065 1972 4137; x_wconf 29' lang='grc' dir='ltr'>-Αὲνεκεν</span> 
     </span>
    </p>
   </div>
   <div class='ocr_carea' id='block_1_61' title="bbox 406 4133 1966 4220">
    <p class='ocr_par' dir='ltr' id='par_1_61' title="bbox 406 4133 1966 4220">
     <span class='ocr_line' id='line_1_61' title="bbox 406 4133 1966 4220; baseline 0 -32"><span class='ocrx_word' id='word_1_391' title='bbox 406 4136 588 4220; x_wconf 50' lang='grc' dir='ltr'>μρνης.</span> <span class='ocrx_word' id='word_1_392' title='bbox 620 4136 780 4220; x_wconf 58' lang='grc' dir='ltr'><strong>τοῆτο</strong></span> <span class='ocrx_word' id='word_1_393' title='bbox 808 4138 1021 4220; x_wconf 52' lang='lat' dir='ltr'><strong>sign-fait</strong></span> <span class='ocrx_word' id='word_1_394' title='bbox 1051 4133 1525 4220; x_wconf 61' lang='grc' dir='ltr'>τοῖς’ὰποστόλοις</span> <span class='ocrx_word' id='word_1_395' title='bbox 1551 4133 1840 4220; x_wconf 63' lang='grc' dir='ltr'>τεθνῃκέσι</span> <span class='ocrx_word' id='word_1_396' title='bbox 1886 4135 1966 4202; x_wconf 86' lang='grc' dir='ltr'><strong>τῷ</strong></span> 
     </span>
    </p>
   </div>
   <div class='ocr_carea' id='block_1_62' title="bbox 401 4205 1964 4277">
    <p class='ocr_par' dir='ltr' id='par_1_62' title="bbox 401 4205 1964 4277">
     <span class='ocr_line' id='line_1_62' title="bbox 401 4205 1964 4277; baseline 0 -19"><span class='ocrx_word' id='word_1_397' title='bbox 401 4205 532 4277; x_wconf 60' lang='grc' dir='ltr'>ξέει.</span> <span class='ocrx_word' id='word_1_398' title='bbox 658 4206 858 4277; x_wconf 71' lang='grc' dir='ltr'>αὐτίκα</span> <span class='ocrx_word' id='word_1_399' title='bbox 895 4206 1039 4277; x_wconf 70' lang='grc' dir='ltr'>μᾲλα</span> <span class='ocrx_word' id='word_1_400' title='bbox 1066 4208 1476 4277; x_wconf 77' lang='grc' dir='ltr'>ἀλασσομὲνοις.</span> <span class='ocrx_word' id='word_1_401' title='bbox 1504 4237 1574 4246; x_wconf 94' lang='grc'><strong><em>-</em></strong></span> <span class='ocrx_word' id='word_1_402' title='bbox 1600 4205 1721 4277; x_wconf 78' lang='lat' dir='ltr'><strong>cod.</strong></span> <span class='ocrx_word' id='word_1_403' title='bbox 1748 4205 1876 4277; x_wconf 81' lang='lat' dir='ltr'><strong>Bav.</strong></span> <span class='ocrx_word' id='word_1_404' title='bbox 1906 4212 1964 4277; x_wconf 79' lang='lat' dir='ltr'><strong>et</strong></span> 
     </span>
    </p>
   </div>
   <div class='ocr_carea' id='block_1_63' title="bbox 408 4275 1969 4348">
    <p class='ocr_par' dir='ltr' id='par_1_63' title="bbox 408 4275 1969 4348">
     <span class='ocr_line' id='line_1_63' title="bbox 408 4275 1969 4348; baseline -0.002 -18"><span class='ocrx_word' id='word_1_405' title='bbox 408 4275 682 4348; x_wconf 37' lang='grc' dir='ltr'><strong>γει-650.</strong></span> <span class='ocrx_word' id='word_1_406' title='bbox 715 4276 1076 4348; x_wconf 45' lang='grc' dir='ltr'>ἁὶλωσομένοις</span> <span class='ocrx_word' id='word_1_407' title='bbox 1098 4306 1169 4318; x_wconf 90' lang='grc'><strong><em>-</em></strong></span> <span class='ocrx_word' id='word_1_408' title='bbox 1184 4275 1286 4330; x_wconf 76' lang='grc' dir='ltr'><strong>ἵνα</strong></span> <span class='ocrx_word' id='word_1_409' title='bbox 1302 4278 1575 4348; x_wconf 82' lang='grc' dir='ltr'>θαρροἴεν,</span> <span class='ocrx_word' id='word_1_410' title='bbox 1615 4275 1691 4348; x_wconf 74' lang='grc' dir='ltr'><strong>ῶς</strong></span> <span class='ocrx_word' id='word_1_411' title='bbox 1709 4275 1858 4348; x_wconf 32' lang='grc' dir='ltr'>ῌπρὺς</span> <span class='ocrx_word' id='word_1_412' title='bbox 1877 4275 1969 4328; x_wconf 79' lang='grc' dir='ltr'>τὸν</span> 
     </span>
    </p>
   </div>
   <div class='ocr_carea' id='block_1_64' title="bbox 404 4344 1758 4416">
    <p class='ocr_par' dir='ltr' id='par_1_64' title="bbox 404 4344 1758 4416">
     <span class='ocr_line' id='line_1_64' title="bbox 404 4344 1758 4416; baseline 0 -16"><span class='ocrx_word' id='word_1_413' title='bbox 404 4344 663 4416; x_wconf 56' lang='grc' dir='ltr'>δοκοῦντα</span> <span class='ocrx_word' id='word_1_414' title='bbox 693 4348 875 4408; x_wconf 78' lang='grc' dir='ltr'>αὐτοῖς</span> <span class='ocrx_word' id='word_1_415' title='bbox 904 4346 1144 4415; x_wconf 78' lang='grc' dir='ltr'>μείζονα,</span> <span class='ocrx_word' id='word_1_416' title='bbox 1175 4344 1540 4416; x_wconf 73' lang='grc' dir='ltr'>πορευομένου</span> <span class='ocrx_word' id='word_1_417' title='bbox 1571 4344 1758 4400; x_wconf 79' lang='grc' dir='ltr'>αὐτοῦ.</span> 
     </span>
    </p>
   </div>
   <div class='ocr_carea' id='block_1_65' title="bbox 479 4414 1970 4497">
    <p class='ocr_par' dir='ltr' id='par_1_65' title="bbox 479 4414 1970 4497">
     <span class='ocr_line' id='line_1_65' title="bbox 479 4414 1970 4497; baseline 0 -29"><span class='ocrx_word' id='word_1_418' title='bbox 479 4420 575 4497; x_wconf 44' lang='grc' dir='ltr'><strong>(ε).</strong></span> <span class='ocrx_word' id='word_1_419' title='bbox 606 4415 723 4474; x_wconf 88' lang='lat' dir='ltr'><strong>Lib.</strong></span> <span class='ocrx_word' id='word_1_420' title='bbox 769 4414 971 4497; x_wconf 29' lang='lat' dir='ltr'><strong>tunep‘.</strong></span> <span class='ocrx_word' id='word_1_421' title='bbox 1002 4420 1114 4497; x_wconf 60' lang='lat'><strong>‘29“):</strong></span> <span class='ocrx_word' id='word_1_422' title='bbox 1149 4434 1163 4469; x_wconf 89' lang='lat'><strong>:</strong></span> <span class='ocrx_word' id='word_1_423' title='bbox 1214 4414 1612 4497; x_wconf 54' lang='lat' dir='ltr'><strong>&#39;I‘bv_hpr:pj¢</strong></span> <span class='ocrx_word' id='word_1_424' title='bbox 1662 4414 1970 4497; x_wconf 56' lang='grc' dir='ltr'>ἁπτόμενον</span> 
     </span>
    </p>
   </div>
   <div class='ocr_carea' id='block_1_66' title="bbox 410 4485 1971 4566">
    <p class='ocr_par' dir='ltr' id='par_1_66' title="bbox 410 4485 1971 4566">
     <span class='ocr_line' id='line_1_66' title="bbox 410 4485 1971 4566; baseline -0.002 -26"><span class='ocrx_word' id='word_1_425' title='bbox 410 4486 722 4565; x_wconf 50' lang='grc' dir='ltr'>ὑποθέσεως</span> <span class='ocrx_word' id='word_1_426' title='bbox 743 4526 758 4548; x_wconf 82' lang='grc'>,</span> <span class='ocrx_word' id='word_1_427' title='bbox 789 4486 884 4566; x_wconf 64' lang='grc' dir='ltr'><strong>καὶ</strong></span> <span class='ocrx_word' id='word_1_428' title='bbox 907 4487 999 4539; x_wconf 73' lang='grc' dir='ltr'><strong>τὸν</strong></span> <span class='ocrx_word' id='word_1_429' title='bbox 1026 4487 1150 4566; x_wconf 60' lang='grc' dir='ltr'>νοῆν</span> <span class='ocrx_word' id='word_1_430' title='bbox 1177 4487 1285 4566; x_wconf 75' lang='grc' dir='ltr'><strong>τῶν</strong></span> <span class='ocrx_word' id='word_1_431' title='bbox 1321 4485 1482 4566; x_wconf 73' lang='grc' dir='ltr'>ἱερῶν</span> <span class='ocrx_word' id='word_1_432' title='bbox 1506 4485 1755 4566; x_wconf 0' lang='grc' dir='ltr'>ρΓροιφῶν</span> <span class='ocrx_word' id='word_1_433' title='bbox 1797 4485 1971 4557; x_wconf 80' lang='grc' dir='ltr'>ἑρμη-</span> 
     </span>
    </p>
   </div>
   <div class='ocr_carea' id='block_1_67' title="bbox 2071 1830 3667 1903">
    <p class='ocr_par' dir='ltr' id='par_1_67' title="bbox 2071 1830 3667 1903">
     <span class='ocr_line' id='line_1_67' title="bbox 2071 1830 3667 1903; baseline -0.003 -15"><span class='ocrx_word' id='word_1_434' title='bbox 2071 1849 2178 1903; x_wconf 79' lang='lat' dir='ltr'><strong>qua</strong></span> <span class='ocrx_word' id='word_1_435' title='bbox 2200 1830 2459 1898; x_wconf 86' lang='lat' dir='ltr'><strong>lsidorus,</strong></span> <span class='ocrx_word' id='word_1_436' title='bbox 2484 1831 2722 1887; x_wconf 73' lang='lat' dir='ltr'><strong>Matthaei</strong></span> <span class='ocrx_word' id='word_1_437' title='bbox 2755 1832 2923 1887; x_wconf 88' lang='lat' dir='ltr'><strong>verba</strong></span> <span class='ocrx_word' id='word_1_438' title='bbox 2966 1849 2979 1886; x_wconf 90' lang='lat'>:</span> <span class='ocrx_word' id='word_1_439' title='bbox 3012 1831 3114 1885; x_wconf 86' lang='grc' dir='ltr'><strong>οὐκ</strong></span> <span class='ocrx_word' id='word_1_440' title='bbox 3151 1830 3465 1899; x_wconf 78' lang='grc' dir='ltr'><strong>ἐγίνωσκεν</strong></span> <span class='ocrx_word' id='word_1_441' title='bbox 3495 1830 3667 1901; x_wconf 72' lang='grc' dir='ltr'>αὐτὴν</span> 
     </span>
    </p>
   </div>
   <div class='ocr_carea' id='block_1_68' title="bbox 2071 1920 3663 1995">
    <p class='ocr_par' dir='ltr' id='par_1_68' title="bbox 2071 1920 3663 1995">
     <span class='ocr_line' id='line_1_68' title="bbox 2071 1920 3663 1995; baseline -0.004 -13"><span class='ocrx_word' id='word_1_442' title='bbox 2071 1927 2176 1990; x_wconf 79' lang='grc' dir='ltr'>ἕως</span> <span class='ocrx_word' id='word_1_443' title='bbox 2218 1920 2281 1980; x_wconf 76' lang='grc' dir='ltr'>οὗ</span> <span class='ocrx_word' id='word_1_444' title='bbox 2316 1925 2472 1981; x_wconf 73' lang='grc' dir='ltr'>ἔτεκε</span> <span class='ocrx_word' id='word_1_445' title='bbox 2521 1926 2614 1979; x_wconf 71' lang='grc' dir='ltr'>τὸν</span> <span class='ocrx_word' id='word_1_446' title='bbox 2643 1926 2757 1983; x_wconf 79' lang='grc' dir='ltr'><strong>υἱὸν</strong></span> <span class='ocrx_word' id='word_1_447' title='bbox 2801 1925 2991 1995; x_wconf 83' lang='grc' dir='ltr'>αὐτῆς,</span> <span class='ocrx_word' id='word_1_448' title='bbox 3027 1924 3427 1994; x_wconf 79' lang='lat' dir='ltr'><strong>explicaturus,</strong></span> <span class='ocrx_word' id='word_1_449' title='bbox 3462 1924 3531 1978; x_wconf 92' lang='lat' dir='ltr'><strong>de</strong></span> <span class='ocrx_word' id='word_1_450' title='bbox 3560 1923 3663 1987; x_wconf 75' lang='grc' dir='ltr'><strong>ἕως</strong></span> 
     </span>
    </p>
   </div>
   <div class='ocr_carea' id='block_1_69' title="bbox 2071 2013 3667 2088">
    <p class='ocr_par' dir='ltr' id='par_1_69' title="bbox 2071 2013 3667 2088">
     <span class='ocr_line' id='line_1_69' title="bbox 2071 2013 3667 2088; baseline -0.003 -17"><span class='ocrx_word' id='word_1_451' title='bbox 2071 2016 2349 2088; x_wconf 70' lang='lat' dir='ltr'><strong>particula:</strong></span> <span class='ocrx_word' id='word_1_452' title='bbox 2383 2033 2486 2072; x_wconf 92' lang='lat' dir='ltr'><strong>usu</strong></span> <span class='ocrx_word' id='word_1_453' title='bbox 2531 2017 2669 2086; x_wconf 86' lang='lat' dir='ltr'><strong>agit,</strong></span> <span class='ocrx_word' id='word_1_454' title='bbox 2713 2016 2859 2071; x_wconf 92' lang='lat' dir='ltr'><strong>illam</strong></span> <span class='ocrx_word' id='word_1_455' title='bbox 2909 2031 3011 2070; x_wconf 89' lang='lat' dir='ltr'><strong>nos</strong></span> <span class='ocrx_word' id='word_1_456' title='bbox 3046 2014 3174 2069; x_wconf 85' lang='lat' dir='ltr'><strong>alibi</strong></span> <span class='ocrx_word' id='word_1_457' title='bbox 3208 2014 3277 2085; x_wconf 69' lang='grc' dir='ltr'><strong>(ἱ)</strong></span> <span class='ocrx_word' id='word_1_458' title='bbox 3332 2013 3449 2083; x_wconf 93' lang='lat' dir='ltr'><strong>jam</strong></span> <span class='ocrx_word' id='word_1_459' title='bbox 3484 2014 3667 2084; x_wconf 81' lang='lat' dir='ltr'><strong>tetigi-</strong></span> 
     </span>
    </p>
   </div>
   <div class='ocr_carea' id='block_1_70' title="bbox 2072 2105 3661 2179">
    <p class='ocr_par' dir='ltr' id='par_1_70' title="bbox 2072 2105 3661 2179">
     <span class='ocr_line' id='line_1_70' title="bbox 2072 2105 3661 2179; baseline -0.003 -15"><span class='ocrx_word' id='word_1_460' title='bbox 2072 2125 2213 2166; x_wconf 91' lang='lat' dir='ltr'><strong>mus.</strong></span> <span class='ocrx_word' id='word_1_461' title='bbox 2246 2139 2317 2152; x_wconf 89' lang='lat'><strong>—-</strong></span> <span class='ocrx_word' id='word_1_462' title='bbox 2359 2109 2507 2165; x_wconf 87' lang='lat' dir='ltr'><strong>Bene</strong></span> <span class='ocrx_word' id='word_1_463' title='bbox 2544 2117 2727 2163; x_wconf 90' lang='lat' dir='ltr'><strong>autem</strong></span> <span class='ocrx_word' id='word_1_464' title='bbox 2778 2108 2834 2162; x_wconf 90' lang='lat' dir='ltr'><strong>in</strong></span> <span class='ocrx_word' id='word_1_465' title='bbox 2898 2108 3128 2179; x_wconf 89' lang='lat' dir='ltr'><strong>epistola</strong></span> <span class='ocrx_word' id='word_1_466' title='bbox 3178 2108 3249 2162; x_wconf 89' lang='lat' dir='ltr'><strong>ad</strong></span> <span class='ocrx_word' id='word_1_467' title='bbox 3304 2105 3661 2161; x_wconf 84' lang='lat' dir='ltr'><strong>Timotheum</strong></span> 
     </span>
    </p>
   </div>
   <div class='ocr_carea' id='block_1_71' title="bbox 2072 2198 3664 2272">
    <p class='ocr_par' dir='ltr' id='par_1_71' title="bbox 2072 2198 3664 2272">
     <span class='ocr_line' id='line_1_71' title="bbox 2072 2198 3664 2272; baseline -0.003 -17"><span class='ocrx_word' id='word_1_468' title='bbox 2072 2201 2327 2256; x_wconf 87' lang='lat' dir='ltr'><strong>lectorem</strong></span> <span class='ocrx_word' id='word_1_469' title='bbox 2362 2201 2437 2272; x_wconf 84' lang='lat' dir='ltr'><strong>(k)</strong></span> <span class='ocrx_word' id='word_1_470' title='bbox 2474 2200 2606 2256; x_wconf 88' lang='lat' dir='ltr'><strong>Jesu</strong></span> <span class='ocrx_word' id='word_1_471' title='bbox 2653 2198 2857 2255; x_wconf 90' lang='lat' dir='ltr'><strong>Christi</strong></span> <span class='ocrx_word' id='word_1_472' title='bbox 2899 2199 3067 2254; x_wconf 87' lang='lat' dir='ltr'><strong>verba</strong></span> <span class='ocrx_word' id='word_1_473' title='bbox 3100 2199 3169 2253; x_wconf 68' lang='grc' dir='ltr'><strong>τό</strong></span> <span class='ocrx_word' id='word_1_474' title='bbox 3226 2198 3560 2270; x_wconf 82' lang='grc' dir='ltr'>μικρότερος</span> <span class='ocrx_word' id='word_1_475' title='bbox 3606 2198 3664 2251; x_wconf 83' lang='grc' dir='ltr'>ὲν</span> 
     </span>
    </p>
   </div>
   <div class='ocr_carea' id='block_1_72' title="bbox 2069 2290 3662 2365">
    <p class='ocr_par' dir='ltr' id='par_1_72' title="bbox 2069 2290 3662 2365">
     <span class='ocr_line' id='line_1_72' title="bbox 2069 2290 3662 2365; baseline -0.003 -19"><span class='ocrx_word' id='word_1_476' title='bbox 2069 2295 2137 2364; x_wconf 79' lang='grc' dir='ltr'><strong>τῇ</strong></span> <span class='ocrx_word' id='word_1_477' title='bbox 2193 2292 2440 2364; x_wconf 79' lang='grc' dir='ltr'><strong>βασιλείᾳ</strong></span> <span class='ocrx_word' id='word_1_478' title='bbox 2495 2292 2604 2346; x_wconf 88' lang='grc' dir='ltr'><strong>τῶν</strong></span> <span class='ocrx_word' id='word_1_479' title='bbox 2659 2292 2938 2365; x_wconf 81' lang='grc' dir='ltr'>οὐρανῶν,</span> <span class='ocrx_word' id='word_1_480' title='bbox 2992 2293 3199 2363; x_wconf 80' lang='grc' dir='ltr'>μείζων</span> <span class='ocrx_word' id='word_1_481' title='bbox 3261 2292 3417 2345; x_wconf 73' lang='grc' dir='ltr'>ἐστὶν</span> <span class='ocrx_word' id='word_1_482' title='bbox 3479 2290 3662 2343; x_wconf 81' lang='grc' dir='ltr'>Ἰωάν-</span> 
     </span>
    </p>
   </div>
   <div class='ocr_carea' id='block_1_73' title="bbox 2071 2382 3665 2457">
    <p class='ocr_par' dir='ltr' id='par_1_73' title="bbox 2071 2382 3665 2457">
     <span class='ocr_line' id='line_1_73' title="bbox 2071 2382 3665 2457; baseline -0.003 -17"><span class='ocrx_word' id='word_1_483' title='bbox 2071 2404 2161 2440; x_wconf 88' lang='grc' dir='ltr'><strong>νου</strong></span> <span class='ocrx_word' id='word_1_484' title='bbox 2176 2386 2259 2457; x_wconf 86' lang='grc' dir='ltr'><strong>(ι),</strong></span> <span class='ocrx_word' id='word_1_485' title='bbox 2287 2387 2571 2457; x_wconf 81' lang='lat' dir='ltr'><strong>exposuit;</strong></span> <span class='ocrx_word' id='word_1_486' title='bbox 2601 2386 2742 2441; x_wconf 88' lang='lat' dir='ltr'><strong>bene</strong></span> <span class='ocrx_word' id='word_1_487' title='bbox 2764 2385 2819 2439; x_wconf 87' lang='lat' dir='ltr'><strong>in</strong></span> <span class='ocrx_word' id='word_1_488' title='bbox 2842 2384 3040 2440; x_wconf 90' lang='lat' dir='ltr'><strong>litteris</strong></span> <span class='ocrx_word' id='word_1_489' title='bbox 3063 2384 3130 2439; x_wconf 92' lang='lat' dir='ltr'><strong>ad</strong></span> <span class='ocrx_word' id='word_1_490' title='bbox 3152 2382 3535 2453; x_wconf 80' lang='lat' dir='ltr'><strong>Pausophium</strong></span> <span class='ocrx_word' id='word_1_491' title='bbox 3564 2385 3665 2452; x_wconf 73' lang='grc' dir='ltr'><strong>(ιη)</strong></span> 
     </span>
    </p>
   </div>
   <div class='ocr_carea' id='block_1_74' title="bbox 2070 2474 3659 2550">
    <p class='ocr_par' dir='ltr' id='par_1_74' title="bbox 2070 2474 3659 2550">
     <span class='ocr_line' id='line_1_74' title="bbox 2070 2474 3659 2550; baseline -0.004 -16"><span class='ocrx_word' id='word_1_492' title='bbox 2070 2488 2127 2534; x_wconf 78' lang='lat' dir='ltr'><strong>et</strong></span> <span class='ocrx_word' id='word_1_493' title='bbox 2154 2479 2543 2549; x_wconf 86' lang='lat' dir='ltr'><strong>Aphrodisium</strong></span> <span class='ocrx_word' id='word_1_494' title='bbox 2568 2479 2943 2550; x_wconf 84' lang='lat' dir='ltr'><strong>presbyterum</strong></span> <span class='ocrx_word' id='word_1_495' title='bbox 2966 2476 3044 2549; x_wconf 84' lang='grc' dir='ltr'><strong>(η)</strong></span> <span class='ocrx_word' id='word_1_496' title='bbox 3076 2486 3268 2533; x_wconf 89' lang='lat' dir='ltr'><strong>contra</strong></span> <span class='ocrx_word' id='word_1_497' title='bbox 3323 2474 3659 2530; x_wconf 81' lang='lat' dir='ltr'><strong>Marcioncm</strong></span> 
     </span>
    </p>
   </div>
   <div class='ocr_carea' id='block_1_75' title="bbox 2071 2566 3655 2641">
    <p class='ocr_par' dir='ltr' id='par_1_75' title="bbox 2071 2566 3655 2641">
     <span class='ocr_line' id='line_1_75' title="bbox 2071 2566 3655 2641; baseline -0.004 -16"><span class='ocrx_word' id='word_1_498' title='bbox 2071 2570 2182 2641; x_wconf 82' lang='lat' dir='ltr'><strong>egit</strong></span> <span class='ocrx_word' id='word_1_499' title='bbox 2204 2577 2260 2624; x_wconf 91' lang='lat' dir='ltr'><strong>et</strong></span> <span class='ocrx_word' id='word_1_500' title='bbox 2286 2568 2535 2635; x_wconf 65' lang='lat' dir='ltr'><strong>Judaaos;</strong></span> <span class='ocrx_word' id='word_1_501' title='bbox 2558 2579 2782 2640; x_wconf 90' lang='lat' dir='ltr'><strong>optume</strong></span> <span class='ocrx_word' id='word_1_502' title='bbox 2810 2569 3046 2638; x_wconf 89' lang='lat' dir='ltr'><strong>denique</strong></span> <span class='ocrx_word' id='word_1_503' title='bbox 3078 2567 3396 2623; x_wconf 86' lang='lat' dir='ltr'><strong>Servatoris</strong></span> <span class='ocrx_word' id='word_1_504' title='bbox 3418 2566 3655 2620; x_wconf 87' lang='lat' dir='ltr'><strong>dictum:</strong></span> 
     </span>
    </p>
   </div>
   <div class='ocr_carea' id='block_1_76' title="bbox 2072 2657 3661 2733">
    <p class='ocr_par' dir='ltr' id='par_1_76' title="bbox 2072 2657 3661 2733">
     <span class='ocr_line' id='line_1_76' title="bbox 2072 2657 3661 2733; baseline -0.003 -18"><span class='ocrx_word' id='word_1_505' title='bbox 2072 2662 2293 2716; x_wconf 84' lang='grc' dir='ltr'>Γίνεσθε</span> <span class='ocrx_word' id='word_1_506' title='bbox 2326 2661 2581 2733; x_wconf 83' lang='grc' dir='ltr'>φρόνιμοι</span> <span class='ocrx_word' id='word_1_507' title='bbox 2633 2662 2708 2723; x_wconf 85' lang='grc' dir='ltr'>ὼς</span> <span class='ocrx_word' id='word_1_508' title='bbox 2738 2662 2787 2714; x_wconf 81' lang='grc' dir='ltr'>οἱ</span> <span class='ocrx_word' id='word_1_509' title='bbox 2821 2661 2996 2729; x_wconf 77' lang='grc' dir='ltr'>ὄφεις,</span> <span class='ocrx_word' id='word_1_510' title='bbox 3025 2661 3121 2715; x_wconf 81' lang='grc' dir='ltr'>καὶ</span> <span class='ocrx_word' id='word_1_511' title='bbox 3164 2660 3425 2732; x_wconf 83' lang='grc' dir='ltr'>ἀκέραιοι</span> <span class='ocrx_word' id='word_1_512' title='bbox 3481 2657 3557 2721; x_wconf 82' lang='grc' dir='ltr'>ὡς</span> <span class='ocrx_word' id='word_1_513' title='bbox 3604 2657 3661 2711; x_wconf 70' lang='grc' dir='ltr'>αἱ</span> 
     </span>
    </p>
   </div>
   <div class='ocr_carea' id='block_1_77' title="bbox 2074 2749 3660 2825">
    <p class='ocr_par' dir='ltr' id='par_1_77' title="bbox 2074 2749 3660 2825">
     <span class='ocr_line' id='line_1_77' title="bbox 2074 2749 3660 2825; baseline -0.004 -18"><span class='ocrx_word' id='word_1_514' title='bbox 2074 2753 2390 2825; x_wconf 81' lang='grc' dir='ltr'>περιστεραί</span> <span class='ocrx_word' id='word_1_515' title='bbox 2418 2752 2489 2825; x_wconf 91' lang='grc' dir='ltr'><strong>(ο)</strong></span> <span class='ocrx_word' id='word_1_516' title='bbox 2518 2755 2587 2808; x_wconf 91' lang='lat' dir='ltr'><strong>ab</strong></span> <span class='ocrx_word' id='word_1_517' title='bbox 2608 2753 2815 2808; x_wconf 87' lang='lat' dir='ltr'><strong>Isidoro</strong></span> <span class='ocrx_word' id='word_1_518' title='bbox 2861 2752 3191 2823; x_wconf 82' lang='lat' dir='ltr'><strong>explicatum</strong></span> <span class='ocrx_word' id='word_1_519' title='bbox 3240 2767 3391 2813; x_wconf 88' lang='lat' dir='ltr'><strong>esse.</strong></span> <span class='ocrx_word' id='word_1_520' title='bbox 3447 2749 3535 2806; x_wconf 89' lang='lat' dir='ltr'><strong>vel</strong></span> <span class='ocrx_word' id='word_1_521' title='bbox 3595 2762 3660 2801; x_wconf 77' lang='lat' dir='ltr'><strong>ex</strong></span> 
     </span>
    </p>
   </div>
   <div class='ocr_carea' id='block_1_78' title="bbox 2072 2839 3663 2917">
    <p class='ocr_par' dir='ltr' id='par_1_78' title="bbox 2072 2839 3663 2917">
     <span class='ocr_line' id='line_1_78' title="bbox 2072 2839 3663 2917; baseline -0.006 -15"><span class='ocrx_word' id='word_1_522' title='bbox 2072 2847 2317 2917; x_wconf 77' lang='lat' dir='ltr'><strong>epistola:</strong></span> <span class='ocrx_word' id='word_1_523' title='bbox 2371 2847 2439 2901; x_wconf 85' lang='lat' dir='ltr'><strong>ad</strong></span> <span class='ocrx_word' id='word_1_524' title='bbox 2494 2845 2877 2900; x_wconf 82' lang='lat' dir='ltr'><strong>Martinianum</strong></span> <span class='ocrx_word' id='word_1_525' title='bbox 2937 2845 3318 2915; x_wconf 84' lang='lat' dir='ltr'><strong>presbyterum</strong></span> <span class='ocrx_word' id='word_1_526' title='bbox 3352 2841 3429 2914; x_wconf 89' lang='lat' dir='ltr'><strong>(p)</strong></span> <span class='ocrx_word' id='word_1_527' title='bbox 3485 2839 3663 2905; x_wconf 85' lang='lat' dir='ltr'><strong>initio,</strong></span> 
     </span>
    </p>
   </div>
   <div class='ocr_carea' id='block_1_79' title="bbox 2072 2929 3661 3010">
    <p class='ocr_par' dir='ltr' id='par_1_79' title="bbox 2072 2929 3661 3010">
     <span class='ocr_line' id='line_1_79' title="bbox 2072 2929 3661 3010; baseline -0.007 -17"><span class='ocrx_word' id='word_1_528' title='bbox 2072 2939 2217 3010; x_wconf 84' lang='lat' dir='ltr'><strong>quod</strong></span> <span class='ocrx_word' id='word_1_529' title='bbox 2240 2939 2327 2993; x_wconf 89' lang='lat' dir='ltr'><strong>bis</strong></span> <span class='ocrx_word' id='word_1_530' title='bbox 2354 2938 2533 2992; x_wconf 90' lang='lat' dir='ltr'><strong>verbis</strong></span> <span class='ocrx_word' id='word_1_531' title='bbox 2570 2936 2880 2991; x_wconf 90' lang='lat' dir='ltr'><strong>continetur</strong></span> <span class='ocrx_word' id='word_1_532' title='bbox 2912 2954 2925 2989; x_wconf 91' lang='lat'>:</span> <span class='ocrx_word' id='word_1_533' title='bbox 2967 2935 3033 2988; x_wconf 85' lang='lat' dir='ltr'><strong>&#39;H</strong></span> <span class='ocrx_word' id='word_1_534' title='bbox 3090 2934 3359 3005; x_wconf 79' lang='grc' dir='ltr'>φρόνησις</span> <span class='ocrx_word' id='word_1_535' title='bbox 3398 2936 3467 3004; x_wconf 81' lang='grc' dir='ltr'><strong>τῇ</strong></span> <span class='ocrx_word' id='word_1_536' title='bbox 3496 2929 3661 2985; x_wconf 81' lang='grc' dir='ltr'><strong>ἁπλό-</strong></span> 
     </span>
    </p>
   </div>
   <div class='ocr_carea' id='block_1_80' title="bbox 2073 3020 3661 3099">
    <p class='ocr_par' dir='ltr' id='par_1_80' title="bbox 2073 3020 3661 3099">
     <span class='ocr_line' id='line_1_80' title="bbox 2073 3020 3661 3099; baseline -0.006 -17"><span class='ocrx_word' id='word_1_537' title='bbox 2073 3045 2194 3099; x_wconf 83' lang='grc' dir='ltr'><strong>τητι</strong></span> <span class='ocrx_word' id='word_1_538' title='bbox 2219 3027 2531 3098; x_wconf 84' lang='grc' dir='ltr'>κιρνωμένη</span> <span class='ocrx_word' id='word_1_539' title='bbox 2566 3028 2641 3097; x_wconf 88' lang='lat' dir='ltr'><strong>(q)</strong></span> <span class='ocrx_word' id='word_1_540' title='bbox 2674 3025 2817 3079; x_wconf 80' lang='grc' dir='ltr'>θεῖόν</span> <span class='ocrx_word' id='word_1_541' title='bbox 2846 3042 2900 3077; x_wconf 86' lang='grc' dir='ltr'><strong>τι</strong></span> <span class='ocrx_word' id='word_1_542' title='bbox 2932 3024 3122 3095; x_wconf 82' lang='grc' dir='ltr'>χρῆμα</span> <span class='ocrx_word' id='word_1_543' title='bbox 3160 3052 3229 3065; x_wconf 91' lang='grc'><strong><em>--</em></strong></span> <span class='ocrx_word' id='word_1_544' title='bbox 3260 3030 3450 3093; x_wconf 54' lang='lat' dir='ltr'><strong>potest</strong></span> <span class='ocrx_word' id='word_1_545' title='bbox 3501 3020 3661 3076; x_wconf 50' lang='lat' dir='ltr'><strong>intel‘</strong></span> 
     </span>
    </p>
   </div>
   <div class='ocr_carea' id='block_1_81' title="bbox 2075 3221 3661 3365">
    <p class='ocr_par' dir='ltr' id='par_1_81' title="bbox 2075 3221 3661 3365">
     <span class='ocr_line' id='line_1_81' title="bbox 2140 3221 3657 3346; baseline -0.001 -69"><span class='ocrx_word' id='word_1_546' title='bbox 2140 3222 2205 3346; x_wconf 51' lang='lat' dir='ltr'><strong>Sf)</strong></span> <span class='ocrx_word' id='word_1_547' title='bbox 2233 3222 2351 3279; x_wconf 87' lang='lat' dir='ltr'><strong>Lib.</strong></span> <span class='ocrx_word' id='word_1_548' title='bbox 2394 3239 2471 3285; x_wconf 87' lang='lat' dir='ltr'><strong>ut,</strong></span> <span class='ocrx_word' id='word_1_549' title='bbox 2511 3238 2599 3293; x_wconf 89' lang='lat' dir='ltr'><strong>ep.</strong></span> <span class='ocrx_word' id='word_1_550' title='bbox 2635 3225 2735 3279; x_wconf 70' lang='lat'><strong>19.5</strong></span> <span class='ocrx_word' id='word_1_551' title='bbox 2761 3242 2773 3278; x_wconf 88' lang='lat'>:</span> <span class='ocrx_word' id='word_1_552' title='bbox 2805 3222 3069 3286; x_wconf 73' lang='grc' dir='ltr'><strong>Πολλάκις</strong></span> <span class='ocrx_word' id='word_1_553' title='bbox 3097 3221 3396 3293; x_wconf 72' lang='grc' dir='ltr'><strong>ἐθαύμασα</strong></span> <span class='ocrx_word' id='word_1_554' title='bbox 3428 3222 3537 3276; x_wconf 85' lang='grc' dir='ltr'>τῶν</span> <span class='ocrx_word' id='word_1_555' title='bbox 3561 3222 3657 3310; x_wconf 43' lang='lat' dir='ltr'><strong>ea;</strong></span> 
     </span>
     <span class='ocr_line' id='line_1_82' title="bbox 2075 3293 3661 3365; baseline 0 -18"><span class='ocrx_word' id='word_1_556' title='bbox 2075 3295 2133 3347; x_wconf 86' lang='grc' dir='ltr'><strong>θε</strong></span> <span class='ocrx_word' id='word_1_557' title='bbox 2162 3312 2226 3358; x_wconf 84' lang='grc' dir='ltr'><strong>ας</strong></span> <span class='ocrx_word' id='word_1_558' title='bbox 2273 3294 2801 3365; x_wconf 13' lang='grc' dir='ltr'>παργερμηνευόντων</span> <span class='ocrx_word' id='word_1_559' title='bbox 2864 3295 3128 3363; x_wconf 72' lang='grc' dir='ltr'>Γραφὲις,</span> <span class='ocrx_word' id='word_1_560' title='bbox 3168 3294 3284 3365; x_wconf 64' lang='grc' dir='ltr'><strong>Δκα).</strong></span> <span class='ocrx_word' id='word_1_561' title='bbox 3348 3293 3409 3346; x_wconf 81' lang='grc' dir='ltr'><strong>τὸ</strong></span> <span class='ocrx_word' id='word_1_562' title='bbox 3461 3294 3661 3347; x_wconf 79' lang='grc' dir='ltr'>οἰκειον</span> 
     </span>
    </p>
   </div>
   <div class='ocr_carea' id='block_1_82' title="bbox 2075 3362 3659 3434">
    <p class='ocr_par' dir='ltr' id='par_1_82' title="bbox 2075 3362 3659 3434">
     <span class='ocr_line' id='line_1_83' title="bbox 2075 3362 3659 3434; baseline -0.001 -17"><span class='ocrx_word' id='word_1_563' title='bbox 2075 3365 2274 3431; x_wconf 80' lang='grc' dir='ltr'>μᾶλλον</span> <span class='ocrx_word' id='word_1_564' title='bbox 2304 3362 2571 3434; x_wconf 71' lang='grc' dir='ltr'>βούλημα,</span> <span class='ocrx_word' id='word_1_565' title='bbox 2616 3365 2647 3434; x_wconf 87' lang='grc' dir='ltr'>ἢ</span> <span class='ocrx_word' id='word_1_566' title='bbox 2702 3365 2761 3416; x_wconf 71' lang='grc' dir='ltr'><strong>τὸ</strong></span> <span class='ocrx_word' id='word_1_567' title='bbox 2792 3366 2850 3416; x_wconf 82' lang='grc' dir='ltr'>ὲν</span> <span class='ocrx_word' id='word_1_568' title='bbox 2877 3362 3062 3425; x_wconf 76' lang='grc' dir='ltr'>αὐτοῖς</span> <span class='ocrx_word' id='word_1_569' title='bbox 3091 3362 3351 3434; x_wconf 75' lang='grc' dir='ltr'>κείμενον</span> <span class='ocrx_word' id='word_1_570' title='bbox 3379 3365 3659 3434; x_wconf 75' lang='grc' dir='ltr'>παριστᾷν</span> 
     </span>
    </p>
   </div>
   <div class='ocr_carea' id='block_1_83' title="bbox 2070 3433 3654 3505">
    <p class='ocr_par' dir='ltr' id='par_1_83' title="bbox 2070 3433 3654 3505">
     <span class='ocr_line' id='line_1_84' title="bbox 2070 3433 3654 3505; baseline -0.001 -18"><span class='ocrx_word' id='word_1_571' title='bbox 2070 3433 2447 3505; x_wconf 81' lang='grc' dir='ltr'>πειρωμένων.</span> <span class='ocrx_word' id='word_1_572' title='bbox 2482 3433 2553 3505; x_wconf 76' lang='grc' dir='ltr'><strong>Τὸ</strong></span> <span class='ocrx_word' id='word_1_573' title='bbox 2580 3433 2688 3505; x_wconf 66' lang='grc' dir='ltr'>γὰρ</span> <span class='ocrx_word' id='word_1_574' title='bbox 2720 3433 3172 3505; x_wconf 58' lang='grc' dir='ltr'>ἄκρατοναὺτῶν</span> <span class='ocrx_word' id='word_1_575' title='bbox 3203 3434 3302 3505; x_wconf 75' lang='grc' dir='ltr'><strong>καὶ</strong></span> <span class='ocrx_word' id='word_1_576' title='bbox 3342 3433 3654 3505; x_wconf 70' lang='grc' dir='ltr'>εἰλικρινὲς,</span> 
     </span>
    </p>
   </div>
   <div class='ocr_carea' id='block_1_84' title="bbox 2070 3502 3657 3574">
    <p class='ocr_par' dir='ltr' id='par_1_84' title="bbox 2070 3502 3657 3574">
     <span class='ocr_line' id='line_1_85' title="bbox 2070 3502 3657 3574; baseline -0.001 -17"><span class='ocrx_word' id='word_1_577' title='bbox 2070 3502 2460 3574; x_wconf 63' lang='grc' dir='ltr'>καῖεὺφρᾶναι</span> <span class='ocrx_word' id='word_1_578' title='bbox 2484 3502 2682 3574; x_wconf 75' lang='grc' dir='ltr'>ψυχὴν.</span> <span class='ocrx_word' id='word_1_579' title='bbox 2708 3536 2777 3545; x_wconf 93' lang='lat'><strong><em>—</em></strong></span> <span class='ocrx_word' id='word_1_580' title='bbox 2798 3502 2924 3559; x_wconf 83' lang='lat' dir='ltr'><strong>cod.</strong></span> <span class='ocrx_word' id='word_1_581' title='bbox 2958 3504 3086 3557; x_wconf 87' lang='lat' dir='ltr'><strong>Bav.</strong></span> <span class='ocrx_word' id='word_1_582' title='bbox 3114 3503 3297 3572; x_wconf 75' lang='grc' dir='ltr'>ψυχὰς</span> <span class='ocrx_word' id='word_1_583' title='bbox 3322 3534 3394 3546; x_wconf 89' lang='grc'><strong>--</strong></span> <span class='ocrx_word' id='word_1_584' title='bbox 3429 3502 3657 3574; x_wconf 73' lang='grc' dir='ltr'>δυνάμει</span> 
     </span>
    </p>
   </div>
   <div class='ocr_carea' id='block_1_85' title="bbox 2069 3573 3659 3646">
    <p class='ocr_par' dir='ltr' id='par_1_85' title="bbox 2069 3573 3659 3646">
     <span class='ocr_line' id='line_1_86' title="bbox 2069 3573 3659 3646; baseline -0.002 -20"><span class='ocrx_word' id='word_1_585' title='bbox 2069 3592 2159 3646; x_wconf 91' lang='grc' dir='ltr'><strong>νον</strong></span> <span class='ocrx_word' id='word_1_586' title='bbox 2186 3573 2433 3645; x_wconf 72' lang='grc' dir='ltr'>βούλημα</span> <span class='ocrx_word' id='word_1_587' title='bbox 2458 3576 2537 3646; x_wconf 81' lang='grc' dir='ltr'><strong>τῷ</strong></span> <span class='ocrx_word' id='word_1_588' title='bbox 2570 3573 2756 3646; x_wconf 70' lang='grc' dir='ltr'>φαύλῳ</span> <span class='ocrx_word' id='word_1_589' title='bbox 2782 3576 2875 3646; x_wconf 74' lang='grc' dir='ltr'><strong>καὶ</strong></span> <span class='ocrx_word' id='word_1_590' title='bbox 2900 3574 3127 3646; x_wconf 81' lang='grc' dir='ltr'><strong>ἐξιτήλῳ</strong></span> <span class='ocrx_word' id='word_1_591' title='bbox 3156 3574 3265 3646; x_wconf 53' lang='grc' dir='ltr'><strong>τῶν</strong></span> <span class='ocrx_word' id='word_1_592' title='bbox 3295 3573 3512 3646; x_wconf 73' lang='grc' dir='ltr'>οἰκείων</span> <span class='ocrx_word' id='word_1_593' title='bbox 3539 3574 3659 3646; x_wconf 69' lang='grc' dir='ltr'>δογ-</span> 
     </span>
    </p>
   </div>
   <div class='ocr_carea' id='block_1_86' title="bbox 2082 3642 3661 3715">
    <p class='ocr_par' dir='ltr' id='par_1_86' title="bbox 2082 3642 3661 3715">
     <span class='ocr_line' id='line_1_87' title="bbox 2082 3642 3661 3715; baseline -0.001 -18"><span class='ocrx_word' id='word_1_594' title='bbox 2082 3642 2271 3714; x_wconf 78' lang='grc' dir='ltr'>μάτων</span> <span class='ocrx_word' id='word_1_595' title='bbox 2330 3642 2778 3715; x_wconf 75' lang='grc' dir='ltr'>παρακιρνῶντες</span> <span class='ocrx_word' id='word_1_596' title='bbox 2824 3644 3010 3715; x_wconf 79' lang='grc' dir='ltr'>ὕδατι,</span> <span class='ocrx_word' id='word_1_597' title='bbox 3036 3642 3126 3696; x_wconf 16' lang='grc' dir='ltr'><strong>ήτὰ</strong></span> <span class='ocrx_word' id='word_1_598' title='bbox 3166 3644 3289 3696; x_wconf 86' lang='grc' dir='ltr'>θεῖα</span> <span class='ocrx_word' id='word_1_599' title='bbox 3325 3642 3661 3715; x_wconf 56' lang='grc' dir='ltr'>καπηλεύειν</span> 
     </span>
    </p>
   </div>
   <div class='ocr_carea' id='block_1_87' title="bbox 2074 3712 3658 3785">
    <p class='ocr_par' dir='ltr' id='par_1_87' title="bbox 2074 3712 3658 3785">
     <span class='ocr_line' id='line_1_88' title="bbox 2074 3712 3658 3785; baseline -0.001 -18"><span class='ocrx_word' id='word_1_600' title='bbox 2074 3712 2336 3785; x_wconf 62' lang='grc' dir='ltr'>λεολμῶσι.</span> <span class='ocrx_word' id='word_1_601' title='bbox 2367 3712 2589 3785; x_wconf 16' lang='grc' dir='ltr'><strong>-έ-νοοά.</strong></span> <span class='ocrx_word' id='word_1_602' title='bbox 2630 3714 2757 3785; x_wconf 85' lang='lat' dir='ltr'><strong>Bav.</strong></span> <span class='ocrx_word' id='word_1_603' title='bbox 2791 3714 3102 3784; x_wconf 83' lang='grc' dir='ltr'>τολμῶντες</span> <span class='ocrx_word' id='word_1_604' title='bbox 3126 3742 3193 3785; x_wconf 90' lang='lat'><strong>-_-</strong></span> <span class='ocrx_word' id='word_1_605' title='bbox 3230 3714 3330 3785; x_wconf 71' lang='grc' dir='ltr'>καὶ</span> <span class='ocrx_word' id='word_1_606' title='bbox 3357 3712 3517 3785; x_wconf 64' lang='grc' dir='ltr'><strong>τοῦτό</strong></span> <span class='ocrx_word' id='word_1_607' title='bbox 3542 3716 3658 3765; x_wconf 81' lang='grc' dir='ltr'>ἐστι</span> 
     </span>
    </p>
   </div>
   <div class='ocr_carea' id='block_1_88' title="bbox 2068 3782 3652 3854">
    <p class='ocr_par' dir='ltr' id='par_1_88' title="bbox 2068 3782 3652 3854">
     <span class='ocr_line' id='line_1_89' title="bbox 2068 3782 3652 3854; baseline -0.002 -17"><span class='ocrx_word' id='word_1_608' title='bbox 2068 3786 2130 3837; x_wconf 83' lang='grc' dir='ltr'><strong>τὸ</strong></span> <span class='ocrx_word' id='word_1_609' title='bbox 2155 3782 2262 3854; x_wconf 66' lang='lat' dir='ltr'><strong>,Oj</strong></span> <span class='ocrx_word' id='word_1_610' title='bbox 2291 3784 2531 3853; x_wconf 74' lang='grc' dir='ltr'>κὰπηλοί</span> <span class='ocrx_word' id='word_1_611' title='bbox 2571 3802 2665 3837; x_wconf 86' lang='grc' dir='ltr'><strong>σου</strong></span> <span class='ocrx_word' id='word_1_612' title='bbox 2696 3782 2953 3854; x_wconf 78' lang='grc' dir='ltr'>μίσγουσι</span> <span class='ocrx_word' id='word_1_613' title='bbox 2974 3813 3046 3825; x_wconf 87' lang='lat'><strong><em>——</em></strong></span> <span class='ocrx_word' id='word_1_614' title='bbox 3070 3783 3193 3839; x_wconf 87' lang='lat' dir='ltr'><strong>cod.</strong></span> <span class='ocrx_word' id='word_1_615' title='bbox 3230 3783 3366 3838; x_wconf 83' lang='lat' dir='ltr'><strong>Bav.</strong></span> <span class='ocrx_word' id='word_1_616' title='bbox 3400 3782 3652 3853; x_wconf 83' lang='grc' dir='ltr'>σμίγουσι</span> 
     </span>
    </p>
   </div>
   <div class='ocr_carea' id='block_1_89' title="bbox 2071 3851 2794 3919">
    <p class='ocr_par' dir='ltr' id='par_1_89' title="bbox 2071 3851 2794 3919">
     <span class='ocr_line' id='line_1_90' title="bbox 2071 3851 2794 3919; baseline 0.004 -12"><span class='ocrx_word' id='word_1_617' title='bbox 2071 3855 2166 3908; x_wconf 83' lang='grc' dir='ltr'><strong>τὸν</strong></span> <span class='ocrx_word' id='word_1_618' title='bbox 2204 3851 2345 3909; x_wconf 82' lang='grc' dir='ltr'>οἶνον</span> <span class='ocrx_word' id='word_1_619' title='bbox 2373 3851 2548 3919; x_wconf 73' lang='grc' dir='ltr'>ὕδατι,</span> <span class='ocrx_word' id='word_1_620' title='bbox 2576 3872 2629 3908; x_wconf 90' lang='grc' dir='ltr'><strong>κ.</strong></span> <span class='ocrx_word' id='word_1_621' title='bbox 2658 3851 2712 3907; x_wconf 74' lang='grc' dir='ltr'><strong>τ.</strong></span> <span class='ocrx_word' id='word_1_622' title='bbox 2743 3854 2794 3910; x_wconf 88' lang='grc' dir='ltr'><strong>λ.</strong></span> 
     </span>
    </p>
   </div>
   <div class='ocr_carea' id='block_1_90' title="bbox 2141 3922 3655 3995">
    <p class='ocr_par' dir='ltr' id='par_1_90' title="bbox 2141 3922 3655 3995">
     <span class='ocr_line' id='line_1_91' title="bbox 2141 3922 3655 3995; baseline -0.003 -16"><span class='ocrx_word' id='word_1_623' title='bbox 2141 3925 2217 3995; x_wconf 66' lang='lat' dir='ltr'><strong>(gi</strong></span> <span class='ocrx_word' id='word_1_624' title='bbox 2253 3925 2412 3980; x_wconf 83' lang='lat' dir='ltr'><strong>Rich.</strong></span> <span class='ocrx_word' id='word_1_625' title='bbox 2448 3925 2635 3995; x_wconf 88' lang='lat' dir='ltr'><strong>Simon</strong></span> <span class='ocrx_word' id='word_1_626' title='bbox 2665 3925 2786 3978; x_wconf 82' lang='lat' dir='ltr'><strong>hist.</strong></span> <span class='ocrx_word' id='word_1_627' title='bbox 2822 3924 2945 3977; x_wconf 87' lang='lat' dir='ltr'><strong>crit.</strong></span> <span class='ocrx_word' id='word_1_628' title='bbox 2993 3922 3083 3995; x_wconf 76' lang='lat' dir='ltr'><strong>des</strong></span> <span class='ocrx_word' id='word_1_629' title='bbox 3110 3924 3281 3992; x_wconf 88' lang='lat' dir='ltr'><strong>princ.</strong></span> <span class='ocrx_word' id='word_1_630' title='bbox 3330 3932 3655 3995; x_wconf 84' lang='lat' dir='ltr'><strong>commenta-</strong></span> 
     </span>
    </p>
   </div>
   <div class='ocr_carea' id='block_1_91' title="bbox 2071 3994 3660 4063">
    <p class='ocr_par' dir='ltr' id='par_1_91' title="bbox 2071 3994 3660 4063">
     <span class='ocr_line' id='line_1_92' title="bbox 2071 3994 3660 4063; baseline -0.002 -15"><span class='ocrx_word' id='word_1_631' title='bbox 2071 3994 2215 4049; x_wconf 80' lang='lat' dir='ltr'><strong>teurs</strong></span> <span class='ocrx_word' id='word_1_632' title='bbox 2245 3996 2316 4049; x_wconf 87' lang='lat' dir='ltr'><strong>du</strong></span> <span class='ocrx_word' id='word_1_633' title='bbox 2351 3995 2422 4048; x_wconf 85' lang='lat' dir='ltr'><strong>N.</strong></span> <span class='ocrx_word' id='word_1_634' title='bbox 2468 3994 2528 4049; x_wconf 87' lang='lat' dir='ltr'><strong>T.</strong></span> <span class='ocrx_word' id='word_1_635' title='bbox 2554 4012 2607 4063; x_wconf 89' lang='lat' dir='ltr'><strong>p.</strong></span> <span class='ocrx_word' id='word_1_636' title='bbox 2641 3995 2765 4049; x_wconf 82' lang='grc'>506.</span> <span class='ocrx_word' id='word_1_637' title='bbox 2792 3996 2899 4048; x_wconf 92' lang='lat' dir='ltr'><strong>col.</strong></span> <span class='ocrx_word' id='word_1_638' title='bbox 2937 3996 2992 4048; x_wconf 72' lang='grc'>2.</span> <span class='ocrx_word' id='word_1_639' title='bbox 3025 3994 3259 4062; x_wconf 84' lang='lat' dir='ltr'><strong>Quoique</strong></span> <span class='ocrx_word' id='word_1_640' title='bbox 3290 4011 3422 4048; x_wconf 80' lang='lat' dir='ltr'><strong>nous</strong></span> <span class='ocrx_word' id='word_1_641' title='bbox 3446 3994 3660 4062; x_wconf 75' lang='lat' dir='ltr'><strong>n‘ayons</strong></span> 
     </span>
    </p>
   </div>
   <div class='ocr_carea' id='block_1_92' title="bbox 2080 4063 3659 4133">
    <p class='ocr_par' dir='ltr' id='par_1_92' title="bbox 2080 4063 3659 4133">
     <span class='ocr_line' id='line_1_93' title="bbox 2080 4063 3659 4133; baseline -0.003 -15"><span class='ocrx_word' id='word_1_642' title='bbox 2080 4082 2257 4118; x_wconf 75' lang='lat' dir='ltr'><strong>aucun</strong></span> <span class='ocrx_word' id='word_1_643' title='bbox 2286 4066 2660 4119; x_wconf 85' lang='lat' dir='ltr'><strong>commentairc</strong></span> <span class='ocrx_word' id='word_1_644' title='bbox 2689 4082 2754 4119; x_wconf 85' lang='lat' dir='ltr'><strong>en</strong></span> <span class='ocrx_word' id='word_1_645' title='bbox 2803 4066 3111 4133; x_wconf 84' lang='lat' dir='ltr'><strong>particulier</strong></span> <span class='ocrx_word' id='word_1_646' title='bbox 3157 4064 3417 4118; x_wconf 80' lang='lat' dir='ltr'><strong>d‘lsidore</strong></span> <span class='ocrx_word' id='word_1_647' title='bbox 3460 4066 3523 4117; x_wconf 81' lang='lat' dir='ltr'><strong>de</strong></span> <span class='ocrx_word' id='word_1_648' title='bbox 3557 4063 3659 4116; x_wconf 88' lang='lat' dir='ltr'><strong>Da-</strong></span> 
     </span>
    </p>
   </div>
   <div class='ocr_carea' id='block_1_93' title="bbox 2072 4133 3657 4203">
    <p class='ocr_par' dir='ltr' id='par_1_93' title="bbox 2072 4133 3657 4203">
     <span class='ocr_line' id='line_1_94' title="bbox 2072 4133 3657 4203; baseline -0.003 -15"><span class='ocrx_word' id='word_1_649' title='bbox 2072 4136 2231 4189; x_wconf 75' lang='lat' dir='ltr'><strong>miéte</strong></span> <span class='ocrx_word' id='word_1_650' title='bbox 2270 4153 2364 4189; x_wconf 75' lang='lat' dir='ltr'><strong>sur</strong></span> <span class='ocrx_word' id='word_1_651' title='bbox 2404 4136 2690 4193; x_wconf 78' lang='lat' dir='ltr'><strong>l‘écriture.</strong></span> <span class='ocrx_word' id='word_1_652' title='bbox 2741 4135 2781 4189; x_wconf 85' lang='lat' dir='ltr'><strong>il</strong></span> <span class='ocrx_word' id='word_1_653' title='bbox 2815 4136 2995 4188; x_wconf 80' lang='lat' dir='ltr'><strong>mérite</strong></span> <span class='ocrx_word' id='word_1_654' title='bbox 3041 4136 3332 4203; x_wconf 82' lang='lat' dir='ltr'><strong>cependant</strong></span> <span class='ocrx_word' id='word_1_655' title='bbox 3365 4135 3531 4188; x_wconf 80' lang='lat' dir='ltr'><strong>d’étre</strong></span> <span class='ocrx_word' id='word_1_656' title='bbox 3561 4133 3657 4186; x_wconf 78' lang='lat' dir='ltr'><strong>mis</strong></span> 
     </span>
    </p>
   </div>
   <div class='ocr_carea' id='block_1_94' title="bbox 2070 4204 3656 4276">
    <p class='ocr_par' dir='ltr' id='par_1_94' title="bbox 2070 4204 3656 4276">
     <span class='ocr_line' id='line_1_95' title="bbox 2070 4204 3656 4276; baseline -0.003 -18"><span class='ocrx_word' id='word_1_657' title='bbox 2070 4222 2143 4258; x_wconf 85' lang='lat' dir='ltr'><strong>au</strong></span> <span class='ocrx_word' id='word_1_658' title='bbox 2178 4222 2312 4276; x_wconf 83' lang='lat' dir='ltr'><strong>rang</strong></span> <span class='ocrx_word' id='word_1_659' title='bbox 2343 4207 2431 4259; x_wconf 80' lang='lat' dir='ltr'><strong>des</strong></span> <span class='ocrx_word' id='word_1_660' title='bbox 2454 4206 2571 4274; x_wconf 78' lang='lat' dir='ltr'><strong>plus</strong></span> <span class='ocrx_word' id='word_1_661' title='bbox 2590 4206 2791 4276; x_wconf 68' lang='lat' dir='ltr'><strong>[tabiles</strong></span> <span class='ocrx_word' id='word_1_662' title='bbox 2813 4215 3247 4259; x_wconf 82' lang='lat' dir='ltr'><strong>commentatcurs</strong></span> <span class='ocrx_word' id='word_1_663' title='bbox 3277 4214 3393 4258; x_wconf 85' lang='lat' dir='ltr'><strong>tant</strong></span> <span class='ocrx_word' id='word_1_664' title='bbox 3409 4206 3481 4259; x_wconf 88' lang='lat' dir='ltr'><strong>du</strong></span> <span class='ocrx_word' id='word_1_665' title='bbox 3507 4204 3656 4257; x_wconf 68' lang='lat' dir='ltr'><strong>Victus</strong></span> 
     </span>
    </p>
   </div>
   <div class='ocr_carea' id='block_1_95' title="bbox 2071 4274 2903 4346">
    <p class='ocr_par' dir='ltr' id='par_1_95' title="bbox 2071 4274 2903 4346">
     <span class='ocr_line' id='line_1_96' title="bbox 2071 4274 2903 4346; baseline 0.001 -17"><span class='ocrx_word' id='word_1_666' title='bbox 2071 4292 2172 4346; x_wconf 86' lang='lat' dir='ltr'><strong>que</strong></span> <span class='ocrx_word' id='word_1_667' title='bbox 2199 4274 2551 4346; x_wconf 47' lang='lat' dir='ltr'><strong>dn&#39;Nouveait</strong></span> <span class='ocrx_word' id='word_1_668' title='bbox 2585 4274 2903 4330; x_wconf 83' lang='lat' dir='ltr'><strong>Testament.</strong></span> 
     </span>
    </p>
   </div>
   <div class='ocr_carea' id='block_1_96' title="bbox 2143 4342 3637 4416">
    <p class='ocr_par' dir='ltr' id='par_1_96' title="bbox 2143 4342 3637 4416">
     <span class='ocr_line' id='line_1_97' title="bbox 2143 4342 3637 4416; baseline 0.003 -18"><span class='ocrx_word' id='word_1_669' title='bbox 2143 4347 2217 4416; x_wconf 70' lang='lat' dir='ltr'><strong>th)</strong></span> <span class='ocrx_word' id='word_1_670' title='bbox 2247 4344 2326 4416; x_wconf 88' lang='lat' dir='ltr'><strong>Du</strong></span> <span class='ocrx_word' id='word_1_671' title='bbox 2357 4346 2454 4400; x_wconf 89' lang='lat' dir='ltr'><strong>Pin</strong></span> <span class='ocrx_word' id='word_1_672' title='bbox 2484 4345 2802 4416; x_wconf 15' lang='lat' dir='ltr'><strong>Nouv.rbibl.</strong></span> <span class='ocrx_word' id='word_1_673' title='bbox 2830 4346 2919 4398; x_wconf 79' lang='lat' dir='ltr'><strong>des</strong></span> <span class='ocrx_word' id='word_1_674' title='bbox 2947 4353 3058 4416; x_wconf 78' lang='lat' dir='ltr'><strong>aut.</strong></span> <span class='ocrx_word' id='word_1_675' title='bbox 3086 4346 3208 4399; x_wconf 87' lang='lat' dir='ltr'><strong>eccl.</strong></span> <span class='ocrx_word' id='word_1_676' title='bbox 3235 4353 3369 4401; x_wconf 92' lang='lat' dir='ltr'><strong>tom.</strong></span> <span class='ocrx_word' id='word_1_677' title='bbox 3391 4345 3477 4405; x_wconf 86' lang='lat' dir='ltr'><strong>IV.</strong></span> <span class='ocrx_word' id='word_1_678' title='bbox 3506 4358 3560 4416; x_wconf 56' lang='lat' dir='ltr'><strong>pg</strong></span> <span class='ocrx_word' id='word_1_679' title='bbox 3585 4342 3637 4402; x_wconf 75' lang='grc'>8.</span> 
     </span>
    </p>
   </div>
   <div class='ocr_carea' id='block_1_97' title="bbox 2072 4414 3644 4485">
    <p class='ocr_par' dir='ltr' id='par_1_97' title="bbox 2072 4414 3644 4485">
     <span class='ocr_line' id='line_1_98' title="bbox 2072 4414 3644 4485; baseline -0.004 -16"><span class='ocrx_word' id='word_1_680' title='bbox 2072 4416 2175 4469; x_wconf 92' lang='lat' dir='ltr'><strong>col.</strong></span> <span class='ocrx_word' id='word_1_681' title='bbox 2198 4414 2262 4470; x_wconf 65' lang='grc'><strong>’1.</strong></span> <span class='ocrx_word' id='word_1_682' title='bbox 2296 4415 2481 4473; x_wconf 88' lang='lat' dir='ltr'><strong>laudat</strong></span> <span class='ocrx_word' id='word_1_683' title='bbox 2521 4415 2768 4485; x_wconf 89' lang='lat' dir='ltr'><strong>ejusdem</strong></span> <span class='ocrx_word' id='word_1_684' title='bbox 2807 4415 3069 4469; x_wconf 78' lang='lat' dir='ltr'><strong>l‘habileté</strong></span> <span class='ocrx_word' id='word_1_685' title='bbox 3098 4417 3232 4469; x_wconf 75' lang='lat' dir='ltr'><strong>dans</strong></span> <span class='ocrx_word' id='word_1_686' title='bbox 3287 4414 3644 4482; x_wconf 80' lang='lat' dir='ltr'><strong>l&#39;interpréta—</strong></span> 
     </span>
    </p>
   </div>
   <div class='ocr_carea' id='block_1_98' title="bbox 2088 4487 2221 4540">
    <p class='ocr_par' dir='ltr' id='par_1_98' title="bbox 2088 4487 2221 4540">
     <span class='ocr_line' id='line_1_99' title="bbox 2088 4487 2221 4540; baseline 0 -2"><span class='ocrx_word' id='word_1_687' title='bbox 2088 4487 2221 4540; x_wconf 80' lang='lat' dir='ltr'><strong>lion.</strong></span> 
     </span>
    </p>
   </div>
   <div class='ocr_carea' id='block_1_99' title="bbox 408 4554 1971 4642">
    <p class='ocr_par' dir='ltr' id='par_1_99' title="bbox 408 4554 1970 4642">
     <span class='ocr_line' id='line_1_100' title="bbox 408 4554 1970 4642; baseline -0.001 -32"><span class='ocrx_word' id='word_1_688' title='bbox 408 4556 596 4642; x_wconf 64' lang='grc' dir='ltr'>νεῦσαι</span> <span class='ocrx_word' id='word_1_689' title='bbox 643 4554 999 4642; x_wconf 67' lang='grc' dir='ltr'>πειρώμενον,</span> <span class='ocrx_word' id='word_1_690' title='bbox 1033 4558 1139 4642; x_wconf 68' lang='grc' dir='ltr'><strong>χρὴ</strong></span> <span class='ocrx_word' id='word_1_691' title='bbox 1177 4558 1275 4642; x_wconf 39' lang='grc' dir='ltr'><strong>τθῂν</strong></span> <span class='ocrx_word' id='word_1_692' title='bbox 1303 4554 1400 4641; x_wconf 67' lang='grc' dir='ltr'><strong>μὲν</strong></span> <span class='ocrx_word' id='word_1_693' title='bbox 1427 4554 1672 4639; x_wconf 67' lang='grc' dir='ltr'>γλῶτταν</span> <span class='ocrx_word' id='word_1_694' title='bbox 1696 4554 1849 4642; x_wconf 57' lang='grc' dir='ltr'>ἔχειν</span> <span class='ocrx_word' id='word_1_695' title='bbox 1870 4554 1970 4642; x_wconf 50' lang='lat' dir='ltr'><strong>es:</strong></span> 
     </span>
    </p>
   </div>
   <div class='ocr_carea' id='block_1_100' title="bbox 2081 4554 3649 4642">
    <p class='ocr_par' dir='ltr' id='par_1_100' title="bbox 2088 4554 3649 4642">
     <span class='ocr_line' id='line_1_101' title="bbox 2088 4554 3649 4642; baseline -0.001 -32"><span class='ocrx_word' id='word_1_696' title='bbox 2088 4558 2206 4642; x_wconf 43' lang='lat' dir='ltr'><strong>uti)</strong></span> <span class='ocrx_word' id='word_1_697' title='bbox 2241 4554 2673 4642; x_wconf 25' lang='lat' dir='ltr'><strong>Boscnmnﬂist.</strong></span> <span class='ocrx_word' id='word_1_698' title='bbox 2710 4556 2931 4626; x_wconf 79' lang='lat' dir='ltr'><strong>interpr.</strong></span> <span class='ocrx_word' id='word_1_699' title='bbox 2958 4556 3090 4642; x_wconf 53' lang='lat' dir='ltr'><strong>libb.</strong></span> <span class='ocrx_word' id='word_1_700' title='bbox 3110 4573 3245 4642; x_wconf 57' lang='grc' dir='ltr'>σαεξ.</span> <span class='ocrx_word' id='word_1_701' title='bbox 3269 4572 3398 4642; x_wconf 74' lang='lat' dir='ltr'><strong>pars</strong></span> <span class='ocrx_word' id='word_1_702' title='bbox 3430 4565 3649 4642; x_wconf 35' lang='lat' dir='ltr'><strong>map-51.5:</strong></span> 
     </span>
    </p>
   </div>
   <div class='ocr_carea' id='block_1_101' title="bbox 415 4626 1974 4697">
    <p class='ocr_par' dir='ltr' id='par_1_101' title="bbox 415 4626 1974 4697">
     <span class='ocr_line' id='line_1_102' title="bbox 415 4626 1974 4697; baseline 0.001 -19"><span class='ocrx_word' id='word_1_703' title='bbox 415 4628 565 4697; x_wconf 62' lang='lat' dir='ltr'><strong>pvijv</strong></span> <span class='ocrx_word' id='word_1_704' title='bbox 586 4643 647 4678; x_wconf 84' lang='grc' dir='ltr'><strong>τε</strong></span> <span class='ocrx_word' id='word_1_705' title='bbox 798 4626 1151 4697; x_wconf 54' lang='grc' dir='ltr'>τρανὴν,⁷τὴν</span> <span class='ocrx_word' id='word_1_706' title='bbox 1194 4626 1252 4679; x_wconf 78' lang='grc' dir='ltr'>δὲ</span> <span class='ocrx_word' id='word_1_707' title='bbox 1300 4626 1526 4697; x_wconf 71' lang='grc' dir='ltr'>γνώμην</span> <span class='ocrx_word' id='word_1_708' title='bbox 1563 4626 1760 4697; x_wconf 70' lang='grc' dir='ltr'>εὐσεϐῆ</span> <span class='ocrx_word' id='word_1_709' title='bbox 1788 4643 1847 4678; x_wconf 86' lang='grc' dir='ltr'>τε</span> <span class='ocrx_word' id='word_1_710' title='bbox 1878 4627 1974 4697; x_wconf 55' lang='grc' dir='ltr'>καὶ</span> 
     </span>
    </p>
   </div>
   <div class='ocr_carea' id='block_1_102' title="bbox 410 4696 1976 4767">
    <p class='ocr_par' dir='ltr' id='par_1_102' title="bbox 410 4696 1976 4767">
     <span class='ocr_line' id='line_1_103' title="bbox 410 4696 1976 4767; baseline 0 -18"><span class='ocrx_word' id='word_1_711' title='bbox 410 4696 583 4767; x_wconf 83' lang='grc' dir='ltr'>εὐαγῆ</span> <span class='ocrx_word' id='word_1_712' title='bbox 604 4711 617 4723; x_wconf 88' lang='grc'><strong>·</strong></span> <span class='ocrx_word' id='word_1_713' title='bbox 652 4696 965 4767; x_wconf 70' lang='grc' dir='ltr'>ἀκολουθεῖν</span> <span class='ocrx_word' id='word_1_714' title='bbox 989 4713 1046 4748; x_wconf 85' lang='grc' dir='ltr'>τε</span> <span class='ocrx_word' id='word_1_715' title='bbox 1070 4701 1281 4760; x_wconf 77' lang='grc' dir='ltr'>αὑταῖς,</span> <span class='ocrx_word' id='word_1_716' title='bbox 1314 4696 1511 4767; x_wconf 74' lang='grc' dir='ltr'>καὶμὴ</span> <span class='ocrx_word' id='word_1_717' title='bbox 1536 4696 1804 4767; x_wconf 78' lang='grc' dir='ltr'>ἡγεῖσθαι,</span> <span class='ocrx_word' id='word_1_718' title='bbox 1838 4696 1976 4767; x_wconf 80' lang='grc' dir='ltr'>μηδὲ</span> 
     </span>
    </p>
   </div>
   <div class='ocr_carea' id='block_1_103' title="bbox 413 4766 1975 4836">
    <p class='ocr_par' dir='ltr' id='par_1_103' title="bbox 413 4766 1975 4836">
     <span class='ocr_line' id='line_1_104' title="bbox 413 4766 1975 4836; baseline 0 -17"><span class='ocrx_word' id='word_1_719' title='bbox 413 4766 551 4836; x_wconf 77' lang='grc' dir='ltr'>πρὸς</span> <span class='ocrx_word' id='word_1_720' title='bbox 601 4766 663 4818; x_wconf 87' lang='grc' dir='ltr'>τὸ</span> <span class='ocrx_word' id='word_1_721' title='bbox 692 4767 896 4836; x_wconf 80' lang='grc' dir='ltr'>οἰκεῖον</span> <span class='ocrx_word' id='word_1_722' title='bbox 928 4766 1173 4835; x_wconf 75' lang='grc' dir='ltr'>βούλημα</span> <span class='ocrx_word' id='word_1_723' title='bbox 1197 4807 1212 4830; x_wconf 88' lang='grc'><strong><em>,</em></strong></span> <span class='ocrx_word' id='word_1_724' title='bbox 1244 4769 1335 4821; x_wconf 72' lang='grc' dir='ltr'><strong>τὸν</strong></span> <span class='ocrx_word' id='word_1_725' title='bbox 1364 4767 1587 4820; x_wconf 81' lang='grc' dir='ltr'>ἐκείνων</span> <span class='ocrx_word' id='word_1_726' title='bbox 1620 4766 1745 4818; x_wconf 81' lang='grc' dir='ltr'>νοῦν</span> <span class='ocrx_word' id='word_1_727' title='bbox 1786 4766 1975 4819; x_wconf 72' lang='grc' dir='ltr'>ἐκϐιά-</span> 
     </span>
    </p>
   </div>
   <div class='ocr_carea' id='block_1_104' title="bbox 413 4835 1974 4907">
    <p class='ocr_par' dir='ltr' id='par_1_104' title="bbox 413 4835 1974 4907">
     <span class='ocr_line' id='line_1_105' title="bbox 413 4835 1974 4907; baseline 0 -19"><span class='ocrx_word' id='word_1_728' title='bbox 413 4835 624 4907; x_wconf 83' lang='grc' dir='ltr'>ζεσθαι.</span> <span class='ocrx_word' id='word_1_729' title='bbox 662 4836 807 4907; x_wconf 63' lang='grc' dir='ltr'>Τοῖς</span> <span class='ocrx_word' id='word_1_730' title='bbox 842 4835 949 4905; x_wconf 73' lang='grc' dir='ltr'>γὰρ</span> <span class='ocrx_word' id='word_1_731' title='bbox 997 4841 1326 4907; x_wconf 70' lang='grc' dir='ltr'>παριποιεῖν</span> <span class='ocrx_word' id='word_1_732' title='bbox 1387 4840 1483 4890; x_wconf 78' lang='grc' dir='ltr'>καὶ</span> <span class='ocrx_word' id='word_1_733' title='bbox 1527 4836 1974 4906; x_wconf 81' lang='grc' dir='ltr'>παρερμηνεύειν</span> 
     </span>
    </p>
   </div>
   <div class='ocr_carea' id='block_1_105' title="bbox 412 4905 1982 4979">
    <p class='ocr_par' dir='ltr' id='par_1_105' title="bbox 412 4905 1982 4979">
     <span class='ocr_line' id='line_1_106' title="bbox 412 4905 1982 4979; baseline 0 -21"><span class='ocrx_word' id='word_1_734' title='bbox 412 4905 675 4979; x_wconf 56' lang='grc' dir='ltr'>τολμῶσι,</span> <span class='ocrx_word' id='word_1_735' title='bbox 702 4905 945 4979; x_wconf 80' lang='grc' dir='ltr'>κίνδυνος</span> <span class='ocrx_word' id='word_1_736' title='bbox 975 4905 1280 4977; x_wconf 74' lang='grc' dir='ltr'>ἐπήρτηται</span> <span class='ocrx_word' id='word_1_737' title='bbox 1312 4907 1565 4979; x_wconf 80' lang='grc' dir='ltr'>μέγιστος</span> <span class='ocrx_word' id='word_1_738' title='bbox 1586 4905 1856 4977; x_wconf 77' lang='grc' dir='ltr'>εἰςαὺτὴν</span> <span class='ocrx_word' id='word_1_739' title='bbox 1884 4906 1982 4976; x_wconf 80' lang='grc' dir='ltr'><strong>τὴν</strong></span> 
     </span>
    </p>
   </div>
   <div class='ocr_carea' id='block_1_106' title="bbox 413 4976 855 5046">
    <p class='ocr_par' dir='ltr' id='par_1_106' title="bbox 413 4976 855 5046">
     <span class='ocr_line' id='line_1_107' title="bbox 413 4976 855 5046; baseline 0 -19"><span class='ocrx_word' id='word_1_740' title='bbox 413 4976 589 5046; x_wconf 68' lang='grc' dir='ltr'>ψυχὴν</span> <span class='ocrx_word' id='word_1_741' title='bbox 624 4976 855 5045; x_wconf 70' lang='grc' dir='ltr'>βλέπων.</span> 
     </span>
    </p>
   </div>
   <div class='ocr_carea' id='block_1_107' title="bbox 490 5046 1982 5120">
    <p class='ocr_par' dir='ltr' id='par_1_107' title="bbox 490 5046 1982 5120">
     <span class='ocr_line' id='line_1_108' title="bbox 490 5046 1982 5120; baseline -0.001 -20"><span class='ocrx_word' id='word_1_742' title='bbox 490 5049 564 5114; x_wconf 68' lang='lat' dir='ltr'><strong>td)</strong></span> <span class='ocrx_word' id='word_1_743' title='bbox 597 5046 715 5120; x_wconf 71' lang='lat' dir='ltr'><strong>Lib.</strong></span> <span class='ocrx_word' id='word_1_744' title='bbox 753 5064 831 5120; x_wconf 78' lang='lat' dir='ltr'><strong>In,</strong></span> <span class='ocrx_word' id='word_1_745' title='bbox 862 5061 949 5120; x_wconf 83' lang='lat' dir='ltr'><strong>ep.</strong></span> <span class='ocrx_word' id='word_1_746' title='bbox 982 5046 1083 5100; x_wconf 78' lang='grc'><strong>156</strong></span> <span class='ocrx_word' id='word_1_747' title='bbox 1114 5046 1241 5120; x_wconf 69' lang='lat' dir='ltr'><strong>:llI&#39;h</strong></span> <span class='ocrx_word' id='word_1_748' title='bbox 1272 5046 1482 5120; x_wconf 66' lang='grc' dir='ltr'><strong>⁸ἁπλῶς</strong></span> <span class='ocrx_word' id='word_1_749' title='bbox 1502 5050 1795 5120; x_wconf 75' lang='grc' dir='ltr'>προφέρων</span> <span class='ocrx_word' id='word_1_750' title='bbox 1827 5046 1982 5111; x_wconf 75' lang='grc' dir='ltr'>τινὰς</span> 
     </span>
    </p>
   </div>
   <div class='ocr_carea' id='block_1_108' title="bbox 422 5117 1981 5189">
    <p class='ocr_par' dir='ltr' id='par_1_108' title="bbox 422 5117 1981 5189">
     <span class='ocr_line' id='line_1_109' title="bbox 422 5117 1981 5189; baseline 0.001 -21"><span class='ocrx_word' id='word_1_751' title='bbox 422 5118 611 5189; x_wconf 73' lang='grc' dir='ltr'>ῥήσεις</span> <span class='ocrx_word' id='word_1_752' title='bbox 635 5118 743 5189; x_wconf 59' lang='grc' dir='ltr'>τῶν</span> <span class='ocrx_word' id='word_1_753' title='bbox 789 5118 947 5189; x_wconf 84' lang='grc' dir='ltr'>ἱερῶν</span> <span class='ocrx_word' id='word_1_754' title='bbox 972 5117 1242 5189; x_wconf 83' lang='grc' dir='ltr'>χρησμῶν</span> <span class='ocrx_word' id='word_1_755' title='bbox 1393 5117 1655 5189; x_wconf 49' lang='grc' dir='ltr'>στόματος</span> <span class='ocrx_word' id='word_1_756' title='bbox 1683 5117 1981 5189; x_wconf 78' lang='grc' dir='ltr'>σπάραττε.</span> 
     </span>
    </p>
   </div>
   <div class='ocr_carea' id='block_1_109' title="bbox 418 5185 1984 5257">
    <p class='ocr_par' dir='ltr' id='par_1_109' title="bbox 418 5185 1984 5257">
     <span class='ocr_line' id='line_1_110' title="bbox 418 5185 1984 5257; baseline 0.003 -19"><span class='ocrx_word' id='word_1_757' title='bbox 418 5185 488 5226; x_wconf 61' lang='grc' dir='ltr'><strong>ἐ-έ</strong></span> <span class='ocrx_word' id='word_1_758' title='bbox 524 5186 659 5240; x_wconf 75' lang='grc' dir='ltr'>ἀλλὰ</span> <span class='ocrx_word' id='word_1_759' title='bbox 692 5186 788 5249; x_wconf 72' lang='grc' dir='ltr'>τὰς</span> <span class='ocrx_word' id='word_1_760' title='bbox 818 5185 1101 5257; x_wconf 75' lang='grc' dir='ltr'>ὑποθέσεις</span> <span class='ocrx_word' id='word_1_761' title='bbox 1129 5185 1371 5257; x_wconf 71' lang='grc' dir='ltr'>ἀκριϐῶς</span> <span class='ocrx_word' id='word_1_762' title='bbox 1416 5185 1678 5257; x_wconf 64' lang='grc' dir='ltr'><strong>ζηέτήσας,</strong></span> <span class='ocrx_word' id='word_1_763' title='bbox 1713 5185 1853 5253; x_wconf 73' lang='grc' dir='ltr'>ἕξεις</span> <span class='ocrx_word' id='word_1_764' title='bbox 1886 5189 1984 5249; x_wconf 77' lang='grc' dir='ltr'>τὰς</span> 
     </span>
    </p>
   </div>
   <div class='ocr_carea' id='block_1_110' title="bbox 422 5256 1982 5329">
    <p class='ocr_par' dir='ltr' id='par_1_110' title="bbox 422 5256 1982 5329">
     <span class='ocr_line' id='line_1_111' title="bbox 422 5256 1982 5329; baseline 0.002 -22"><span class='ocrx_word' id='word_1_765' title='bbox 422 5256 624 5319; x_wconf 81' lang='grc' dir='ltr'>λύσεις.</span> <span class='ocrx_word' id='word_1_766' title='bbox 661 5256 1044 5326; x_wconf 74' lang='grc' dir='ltr'><strong>Τυῳλώττουσι</strong></span> <span class='ocrx_word' id='word_1_767' title='bbox 1068 5257 1179 5329; x_wconf 81' lang='grc' dir='ltr'><strong>γὰρ</strong></span> <span class='ocrx_word' id='word_1_768' title='bbox 1195 5256 1275 5329; x_wconf 20' lang='lat' dir='ltr'><strong>gat</strong></span> <span class='ocrx_word' id='word_1_769' title='bbox 1324 5256 1610 5329; x_wconf 75' lang='grc' dir='ltr'>ἑρμηνεῖαι</span> <span class='ocrx_word' id='word_1_770' title='bbox 1650 5260 1757 5311; x_wconf 88' lang='grc' dir='ltr'>τῶν</span> <span class='ocrx_word' id='word_1_771' title='bbox 1787 5258 1982 5312; x_wconf 79' lang='grc' dir='ltr'>ὑποθέ-</span> 
     </span>
    </p>
   </div>
   <div class='ocr_carea' id='block_1_111' title="bbox 424 5327 1982 5398">
    <p class='ocr_par' dir='ltr' id='par_1_111' title="bbox 424 5327 1982 5398">
     <span class='ocr_line' id='line_1_112' title="bbox 424 5327 1982 5398; baseline 0.001 -19"><span class='ocrx_word' id='word_1_772' title='bbox 424 5344 561 5398; x_wconf 86' lang='grc' dir='ltr'>σεων</span> <span class='ocrx_word' id='word_1_773' title='bbox 594 5331 945 5396; x_wconf 76' lang='grc' dir='ltr'>χηρεύουσαι.</span> <span class='ocrx_word' id='word_1_774' title='bbox 980 5357 1049 5367; x_wconf 91' lang='grc'><strong><em>-</em></strong></span> <span class='ocrx_word' id='word_1_775' title='bbox 1082 5327 1334 5390; x_wconf 83' lang='grc' dir='ltr'>ὑπόθεσις</span> <span class='ocrx_word' id='word_1_776' title='bbox 1357 5327 1543 5398; x_wconf 81' lang='lat' dir='ltr'><strong>autem</strong></span> <span class='ocrx_word' id='word_1_777' title='bbox 1580 5342 1700 5395; x_wconf 86' lang='lat' dir='ltr'><strong>est,</strong></span> <span class='ocrx_word' id='word_1_778' title='bbox 1744 5338 1803 5384; x_wconf 91' lang='lat' dir='ltr'><strong>ut</strong></span> <span class='ocrx_word' id='word_1_779' title='bbox 1827 5346 1982 5398; x_wconf 83' lang='grc' dir='ltr'>περι-</span> 
     </span>
    </p>
   </div>
   <div class='ocr_carea' id='block_1_112' title="bbox 424 5397 1465 5466">
    <p class='ocr_par' dir='ltr' id='par_1_112' title="bbox 424 5397 1465 5466">
     <span class='ocr_line' id='line_1_113' title="bbox 424 5397 1465 5466; baseline 0.004 -18"><span class='ocrx_word' id='word_1_780' title='bbox 424 5397 591 5466; x_wconf 75' lang='grc' dir='ltr'>κοπή,</span> <span class='ocrx_word' id='word_1_781' title='bbox 609 5397 799 5466; x_wconf 86' lang='lat' dir='ltr'><strong>aliqua</strong></span> <span class='ocrx_word' id='word_1_782' title='bbox 828 5398 946 5452; x_wconf 89' lang='lat' dir='ltr'><strong>libri</strong></span> <span class='ocrx_word' id='word_1_783' title='bbox 970 5398 1253 5465; x_wconf 88' lang='lat' dir='ltr'><strong>cujusdam</strong></span> <span class='ocrx_word' id='word_1_784' title='bbox 1277 5397 1465 5452; x_wconf 87' lang='lat' dir='ltr'><strong>sectio.</strong></span> 
     </span>
    </p>
   </div>
   <div class='ocr_carea' id='block_1_113' title="bbox 498 5465 1983 5538">
    <p class='ocr_par' dir='ltr' id='par_1_113' title="bbox 498 5465 1983 5538">
     <span class='ocr_line' id='line_1_114' title="bbox 498 5465 1983 5538; baseline 0.001 -20"><span class='ocrx_word' id='word_1_785' title='bbox 498 5465 567 5535; x_wconf 85' lang='lat' dir='ltr'><strong>(e)</strong></span> <span class='ocrx_word' id='word_1_786' title='bbox 591 5465 801 5538; x_wconf 30' lang='lat' dir='ltr'><strong>Li_b.’u.</strong></span> <span class='ocrx_word' id='word_1_787' title='bbox 831 5484 916 5538; x_wconf 87' lang='lat' dir='ltr'><strong>ep.</strong></span> <span class='ocrx_word' id='word_1_788' title='bbox 956 5467 1109 5533; x_wconf 54' lang='lat'><strong>2%.,</strong></span> <span class='ocrx_word' id='word_1_789' title='bbox 1156 5484 1277 5537; x_wconf 72' lang='lat' dir='ltr'><strong>quae</strong></span> <span class='ocrx_word' id='word_1_790' title='bbox 1316 5468 1608 5538; x_wconf 88' lang='lat' dir='ltr'><strong>hisverbis</strong></span> <span class='ocrx_word' id='word_1_791' title='bbox 1657 5468 1847 5538; x_wconf 92' lang='lat' dir='ltr'><strong>incipit</strong></span> <span class='ocrx_word' id='word_1_792' title='bbox 1876 5485 1891 5523; x_wconf 91' lang='lat'><strong>:</strong></span> <span class='ocrx_word' id='word_1_793' title='bbox 1920 5467 1983 5520; x_wconf 80' lang='lat' dir='ltr'><strong>0i</strong></span> 
     </span>
    </p>
   </div>
   <div class='ocr_carea' id='block_1_114' title="bbox 425 5536 1987 5609">
    <p class='ocr_par' dir='ltr' id='par_1_114' title="bbox 425 5536 1987 5609">
     <span class='ocr_line' id='line_1_115' title="bbox 425 5536 1987 5609; baseline 0.003 -22"><span class='ocrx_word' id='word_1_794' title='bbox 425 5538 549 5609; x_wconf 81' lang='grc' dir='ltr'>τοὺς</span> <span class='ocrx_word' id='word_1_795' title='bbox 584 5536 771 5609; x_wconf 79' lang='grc' dir='ltr'>θείους</span> <span class='ocrx_word' id='word_1_796' title='bbox 793 5536 1072 5609; x_wconf 50' lang='grc' dir='ltr'>χρὴσμοίές</span> <span class='ocrx_word' id='word_1_797' title='bbox 1116 5536 1577 5609; x_wconf 18' lang='grc' dir='ltr'>παραποιοῦντεςν</span> <span class='ocrx_word' id='word_1_798' title='bbox 1603 5541 1697 5593; x_wconf 71' lang='grc' dir='ltr'><strong>καὶ</strong></span> <span class='ocrx_word' id='word_1_799' title='bbox 1738 5536 1874 5609; x_wconf 76' lang='grc' dir='ltr'>πρὸς</span> <span class='ocrx_word' id='word_1_800' title='bbox 1926 5539 1987 5609; x_wconf 63' lang='grc' dir='ltr'><strong>τὸ</strong></span> 
     </span>
    </p>
   </div>
   <div class='ocr_carea' id='block_1_115' title="bbox 427 5606 1987 5691">
    <p class='ocr_par' dir='ltr' id='par_1_115' title="bbox 427 5606 1987 5691">
     <span class='ocr_line' id='line_1_116' title="bbox 427 5606 1987 5691; baseline 0.004 -33"><span class='ocrx_word' id='word_1_801' title='bbox 427 5607 625 5658; x_wconf 86' lang='grc' dir='ltr'>οἰκεῖον</span> <span class='ocrx_word' id='word_1_802' title='bbox 666 5606 913 5691; x_wconf 44' lang='lat' dir='ltr'><strong>ari-nam</strong></span> <span class='ocrx_word' id='word_1_803' title='bbox 942 5606 1348 5681; x_wconf 70' lang='grc' dir='ltr'>Ξκϐιαζόμενοι,</span> <span class='ocrx_word' id='word_1_804' title='bbox 1377 5608 1707 5682; x_wconf 76' lang='grc' dir='ltr'>συγγνώμης</span> <span class='ocrx_word' id='word_1_805' title='bbox 1728 5606 1987 5683; x_wconf 76' lang='grc' dir='ltr'>ἁμαρτά-</span> 
     </span>
    </p>
   </div>
   <div class='ocr_carea' id='block_1_116' title="bbox 429 5678 848 5746">
    <p class='ocr_par' dir='ltr' id='par_1_116' title="bbox 429 5678 848 5746">
     <span class='ocr_line' id='line_1_117' title="bbox 429 5678 848 5746; baseline 0.017 -18"><span class='ocrx_word' id='word_1_806' title='bbox 429 5692 577 5729; x_wconf 84' lang='grc' dir='ltr'>νουσι</span> <span class='ocrx_word' id='word_1_807' title='bbox 610 5678 848 5746; x_wconf 78' lang='grc' dir='ltr'>μείζονα.</span> 
     </span>
    </p>
   </div>
   <div class='ocr_carea' id='block_1_117' title="bbox 2082 4622 3657 4696">
    <p class='ocr_par' dir='ltr' id='par_1_117' title="bbox 2082 4622 3657 4696">
     <span class='ocr_line' id='line_1_118' title="bbox 2082 4622 3657 4696; baseline -0.007 -15"><span class='ocrx_word' id='word_1_808' title='bbox 2082 4622 2205 4681; x_wconf 72' lang='grc'><strong>184.</strong></span> <span class='ocrx_word' id='word_1_809' title='bbox 2236 4627 2301 4680; x_wconf 80' lang='lat' dir='ltr'><strong>In</strong></span> <span class='ocrx_word' id='word_1_810' title='bbox 2334 4628 2560 4681; x_wconf 83' lang='lat' dir='ltr'><strong>eruenda</strong></span> <span class='ocrx_word' id='word_1_811' title='bbox 2606 4643 2760 4679; x_wconf 78' lang='lat' dir='ltr'><strong>sensu</strong></span> <span class='ocrx_word' id='word_1_812' title='bbox 2804 4622 3153 4696; x_wconf 77' lang='lat' dir='ltr'><strong>grammatico</strong></span> <span class='ocrx_word' id='word_1_813' title='bbox 3192 4622 3336 4680; x_wconf 69' lang='lat' dir='ltr'><strong>hand</strong></span> <span class='ocrx_word' id='word_1_814' title='bbox 3380 4622 3657 4693; x_wconf 77' lang='lat' dir='ltr'><strong>infeliciter</strong></span> 
     </span>
    </p>
   </div>
   <div class='ocr_carea' id='block_1_118' title="bbox 2082 4696 3656 4766">
    <p class='ocr_par' dir='ltr' id='par_1_118' title="bbox 2082 4696 3656 4766">
     <span class='ocr_line' id='line_1_119' title="bbox 2082 4696 3656 4766; baseline -0.006 -16"><span class='ocrx_word' id='word_1_815' title='bbox 2082 4707 2315 4750; x_wconf 76' lang='lat' dir='ltr'><strong>versatus</strong></span> <span class='ocrx_word' id='word_1_816' title='bbox 2357 4707 2431 4751; x_wconf 79' lang='lat' dir='ltr'><strong>est</strong></span> <span class='ocrx_word' id='word_1_817' title='bbox 2452 4738 2467 4760; x_wconf 90' lang='lat'><strong>,</strong></span> <span class='ocrx_word' id='word_1_818' title='bbox 2514 4705 2564 4749; x_wconf 87' lang='lat' dir='ltr'><strong>et</strong></span> <span class='ocrx_word' id='word_1_819' title='bbox 2600 4712 2737 4765; x_wconf 70' lang='lat' dir='ltr'><strong>saepe</strong></span> <span class='ocrx_word' id='word_1_820' title='bbox 2768 4696 3141 4763; x_wconf 69' lang='lat' dir='ltr'><strong>explicationes</strong></span> <span class='ocrx_word' id='word_1_821' title='bbox 3173 4698 3441 4766; x_wconf 81' lang='lat' dir='ltr'><strong>proposuit</strong></span> <span class='ocrx_word' id='word_1_822' title='bbox 3471 4699 3656 4748; x_wconf 83' lang='lat' dir='ltr'><strong>natatu</strong></span> 
     </span>
    </p>
   </div>
   <div class='ocr_carea' id='block_1_119' title="bbox 2082 4766 2957 4835">
    <p class='ocr_par' dir='ltr' id='par_1_119' title="bbox 2082 4766 2957 4835">
     <span class='ocr_line' id='line_1_120' title="bbox 2082 4766 2957 4835; baseline -0.001 -14"><span class='ocrx_word' id='word_1_823' title='bbox 2082 4777 2132 4821; x_wconf 89' lang='lat' dir='ltr'><strong>et</strong></span> <span class='ocrx_word' id='word_1_824' title='bbox 2166 4767 2406 4820; x_wconf 65' lang='lat' dir='ltr'><strong>examine</strong></span> <span class='ocrx_word' id='word_1_825' title='bbox 2432 4768 2724 4820; x_wconf 87' lang='lat' dir='ltr'><strong>etiamnum</strong></span> <span class='ocrx_word' id='word_1_826' title='bbox 2749 4766 2957 4835; x_wconf 79' lang='lat' dir='ltr'><strong>dignas.</strong></span> 
     </span>
    </p>
   </div>
   <div class='ocr_carea' id='block_1_120' title="bbox 2156 4836 3655 4909">
    <p class='ocr_par' dir='ltr' id='par_1_120' title="bbox 2156 4836 3655 4909">
     <span class='ocr_line' id='line_1_121' title="bbox 2156 4836 3655 4909; baseline -0.004 -18"><span class='ocrx_word' id='word_1_827' title='bbox 2156 4837 2224 4907; x_wconf 86' lang='lat' dir='ltr'><strong>(j)</strong></span> <span class='ocrx_word' id='word_1_828' title='bbox 2254 4837 2415 4909; x_wconf 39' lang='grc' dir='ltr'><strong>εἴξῃ.</strong></span> <span class='ocrx_word' id='word_1_829' title='bbox 2442 4838 2567 4909; x_wconf 72' lang='grc'><strong>200.</strong></span> <span class='ocrx_word' id='word_1_830' title='bbox 2593 4866 2661 4909; x_wconf 91' lang='lat'><strong>—_—</strong></span> <span class='ocrx_word' id='word_1_831' title='bbox 2692 4837 2877 4890; x_wconf 78' lang='lat' dir='ltr'><strong>Restat</strong></span> <span class='ocrx_word' id='word_1_832' title='bbox 2910 4847 3115 4902; x_wconf 90' lang='lat' dir='ltr'><strong>autem,</strong></span> <span class='ocrx_word' id='word_1_833' title='bbox 3169 4845 3229 4891; x_wconf 90' lang='lat' dir='ltr'><strong>ut</strong></span> <span class='ocrx_word' id='word_1_834' title='bbox 3272 4837 3377 4909; x_wconf 84' lang='lat' dir='ltr'><strong>hoc</strong></span> <span class='ocrx_word' id='word_1_835' title='bbox 3397 4836 3515 4888; x_wconf 91' lang='lat' dir='ltr'><strong>loco</strong></span> <span class='ocrx_word' id='word_1_836' title='bbox 3542 4844 3655 4909; x_wconf 79' lang='lat' dir='ltr'><strong>mo-</strong></span> 
     </span>
    </p>
   </div>
   <div class='ocr_carea' id='block_1_121' title="bbox 2087 4906 3655 4979">
    <p class='ocr_par' dir='ltr' id='par_1_121' title="bbox 2087 4906 3655 4979">
     <span class='ocr_line' id='line_1_122' title="bbox 2087 4906 3655 4979; baseline -0.006 -17"><span class='ocrx_word' id='word_1_837' title='bbox 2087 4906 2266 4969; x_wconf 82' lang='lat' dir='ltr'><strong>neam,</strong></span> <span class='ocrx_word' id='word_1_838' title='bbox 2300 4906 2725 4979; x_wconf 76' lang='lat' dir='ltr'><strong>Rittershusium</strong></span> <span class='ocrx_word' id='word_1_839' title='bbox 2756 4922 2971 4979; x_wconf 77' lang='lat' dir='ltr'><strong>quoque</strong></span> <span class='ocrx_word' id='word_1_840' title='bbox 3004 4909 3057 4961; x_wconf 91' lang='lat' dir='ltr'><strong>in</strong></span> <span class='ocrx_word' id='word_1_841' title='bbox 3097 4915 3225 4979; x_wconf 85' lang='lat' dir='ltr'><strong>nota</strong></span> <span class='ocrx_word' id='word_1_842' title='bbox 3254 4907 3321 4960; x_wconf 89' lang='lat' dir='ltr'><strong>ad</strong></span> <span class='ocrx_word' id='word_1_843' title='bbox 3354 4907 3515 4979; x_wconf 59' lang='lat' dir='ltr'><strong>hanc</strong></span> <span class='ocrx_word' id='word_1_844' title='bbox 3540 4906 3655 4979; x_wconf 60' lang='lat' dir='ltr'><strong>ep]:</strong></span> 
     </span>
    </p>
   </div>
   <div class='ocr_carea' id='block_1_122' title="bbox 2092 4969 3654 5047">
    <p class='ocr_par' dir='ltr' id='par_1_122' title="bbox 2092 4969 3654 5047">
     <span class='ocr_line' id='line_1_123' title="bbox 2092 4969 3654 5047; baseline -0.005 -14"><span class='ocrx_word' id='word_1_845' title='bbox 2092 4979 2286 5033; x_wconf 86' lang='lat' dir='ltr'><strong>stolam</strong></span> <span class='ocrx_word' id='word_1_846' title='bbox 2341 4978 2588 5031; x_wconf 86' lang='lat' dir='ltr'><strong>attulisse</strong></span> <span class='ocrx_word' id='word_1_847' title='bbox 2621 4969 3041 5047; x_wconf 49' lang='lat' dir='ltr'><strong>dicta-Gregorii</strong></span> <span class='ocrx_word' id='word_1_848' title='bbox 3080 4976 3428 5037; x_wconf 84' lang='lat' dir='ltr'><strong>Nazianzeui,</strong></span> <span class='ocrx_word' id='word_1_849' title='bbox 3481 4969 3654 5047; x_wconf 77' lang='lat' dir='ltr'><strong>Basilii</strong></span> 
     </span>
    </p>
   </div>
   <div class='ocr_carea' id='block_1_123' title="bbox 2093 5041 3657 5117">
    <p class='ocr_par' dir='ltr' id='par_1_123' title="bbox 2093 5041 3657 5117">
     <span class='ocr_line' id='line_1_124' title="bbox 2093 5041 3657 5117; baseline -0.006 -16"><span class='ocrx_word' id='word_1_850' title='bbox 2093 5048 2292 5115; x_wconf 78' lang='lat' dir='ltr'><strong>Magni,</strong></span> <span class='ocrx_word' id='word_1_851' title='bbox 2324 5047 2729 5117; x_wconf 87' lang='lat' dir='ltr'><strong>Chrysostomi,</strong></span> <span class='ocrx_word' id='word_1_852' title='bbox 2763 5041 3025 5111; x_wconf 71' lang='lat' dir='ltr'><strong>aliorum,</strong></span> <span class='ocrx_word' id='word_1_853' title='bbox 3050 5049 3141 5117; x_wconf 93' lang='lat' dir='ltr'><strong>qui</strong></span> <span class='ocrx_word' id='word_1_854' title='bbox 3180 5063 3373 5102; x_wconf 89' lang='lat' dir='ltr'><strong>omnes</strong></span> <span class='ocrx_word' id='word_1_855' title='bbox 3415 5041 3657 5100; x_wconf 86' lang='lat' dir='ltr'><strong>eamdem</strong></span> 
     </span>
    </p>
   </div>
   <div class='ocr_carea' id='block_1_124' title="bbox 2090 5118 3219 5189">
    <p class='ocr_par' dir='ltr' id='par_1_124' title="bbox 2090 5118 3219 5189">
     <span class='ocr_line' id='line_1_125' title="bbox 2090 5118 3219 5189; baseline 0.002 -18"><span class='ocrx_word' id='word_1_856' title='bbox 2090 5118 2410 5189; x_wconf 81' lang='lat' dir='ltr'><strong>particulam</strong></span> <span class='ocrx_word' id='word_1_857' title='bbox 2443 5118 2648 5189; x_wconf 79' lang='lat' dir='ltr'><strong>eodem</strong></span> <span class='ocrx_word' id='word_1_858' title='bbox 2666 5118 2828 5189; x_wconf 83' lang='lat' dir='ltr'><strong>modo</strong></span> <span class='ocrx_word' id='word_1_859' title='bbox 2858 5118 3219 5188; x_wconf 82' lang='lat' dir='ltr'><strong>explicarunt.</strong></span> 
     </span>
    </p>
   </div>
   <div class='ocr_carea' id='block_1_125' title="bbox 2164 5186 2710 5257">
    <p class='ocr_par' dir='ltr' id='par_1_125' title="bbox 2164 5186 2710 5257">
     <span class='ocr_line' id='line_1_126' title="bbox 2164 5186 2710 5257; baseline 0.002 -17"><span class='ocrx_word' id='word_1_860' title='bbox 2164 5187 2239 5257; x_wconf 78' lang='grc' dir='ltr'><strong>(Ιί)</strong></span> <span class='ocrx_word' id='word_1_861' title='bbox 2275 5188 2393 5242; x_wconf 85' lang='lat' dir='ltr'><strong>Lib.</strong></span> <span class='ocrx_word' id='word_1_862' title='bbox 2429 5204 2466 5252; x_wconf 87' lang='lat' dir='ltr'><strong>I,</strong></span> <span class='ocrx_word' id='word_1_863' title='bbox 2499 5203 2587 5255; x_wconf 90' lang='lat' dir='ltr'><strong>ep.</strong></span> <span class='ocrx_word' id='word_1_864' title='bbox 2621 5186 2710 5241; x_wconf 87' lang='lat'><strong>68.</strong></span> 
     </span>
    </p>
   </div>
   <div class='ocr_carea' id='block_1_126' title="bbox 2161 5257 2916 5328">
    <p class='ocr_par' dir='ltr' id='par_1_126' title="bbox 2161 5257 2916 5328">
     <span class='ocr_line' id='line_1_127' title="bbox 2161 5257 2916 5328; baseline 0.003 -18"><span class='ocrx_word' id='word_1_865' title='bbox 2161 5258 2222 5328; x_wconf 68' lang='grc' dir='ltr'><strong>(ι)</strong></span> <span class='ocrx_word' id='word_1_866' title='bbox 2264 5259 2467 5328; x_wconf 81' lang='lat' dir='ltr'><strong>Evang.</strong></span> <span class='ocrx_word' id='word_1_867' title='bbox 2492 5258 2685 5311; x_wconf 86' lang='lat' dir='ltr'><strong>Matth.</strong></span> <span class='ocrx_word' id='word_1_868' title='bbox 2715 5272 2790 5323; x_wconf 72' lang='grc' dir='ltr'><strong>χι,</strong></span> <span class='ocrx_word' id='word_1_869' title='bbox 2829 5257 2916 5312; x_wconf 72' lang='lat' dir='ltr'><strong>ii.</strong></span> 
     </span>
    </p>
   </div>
   <div class='ocr_carea' id='block_1_127' title="bbox 2160 5327 2717 5397">
    <p class='ocr_par' dir='ltr' id='par_1_127' title="bbox 2160 5327 2717 5397">
     <span class='ocr_line' id='line_1_128' title="bbox 2160 5327 2717 5397; baseline 0.002 -17"><span class='ocrx_word' id='word_1_870' title='bbox 2160 5327 2253 5396; x_wconf 93' lang='lat' dir='ltr'><strong>(m)</strong></span> <span class='ocrx_word' id='word_1_871' title='bbox 2283 5328 2402 5381; x_wconf 87' lang='lat' dir='ltr'><strong>Lib.</strong></span> <span class='ocrx_word' id='word_1_872' title='bbox 2425 5327 2570 5397; x_wconf 29' lang='lat' dir='ltr'><strong>’I,ep.</strong></span> <span class='ocrx_word' id='word_1_873' title='bbox 2592 5328 2717 5383; x_wconf 78' lang='grc'><strong>571.</strong></span> 
     </span>
    </p>
   </div>
   <div class='ocr_carea' id='block_1_128' title="bbox 2160 5396 3383 5468">
    <p class='ocr_par' dir='ltr' id='par_1_128' title="bbox 2160 5396 3383 5468">
     <span class='ocr_line' id='line_1_129' title="bbox 2160 5396 3383 5468; baseline 0.004 -18"><span class='ocrx_word' id='word_1_874' title='bbox 2160 5396 2237 5466; x_wconf 88' lang='lat' dir='ltr'><strong>(n)</strong></span> <span class='ocrx_word' id='word_1_875' title='bbox 2270 5397 2387 5452; x_wconf 89' lang='lat' dir='ltr'><strong>Lib.</strong></span> <span class='ocrx_word' id='word_1_876' title='bbox 2422 5413 2480 5463; x_wconf 85' lang='lat' dir='ltr'><strong>ll,</strong></span> <span class='ocrx_word' id='word_1_877' title='bbox 2506 5396 2601 5468; x_wconf 79' lang='lat' dir='ltr'><strong>cp.</strong></span> <span class='ocrx_word' id='word_1_878' title='bbox 2626 5396 2904 5453; x_wconf 82' lang='lat' dir='ltr'><strong>99.——Cf.</strong></span> <span class='ocrx_word' id='word_1_879' title='bbox 2938 5413 2992 5468; x_wconf 91' lang='lat' dir='ltr'><strong>p.</strong></span> <span class='ocrx_word' id='word_1_880' title='bbox 3026 5396 3152 5461; x_wconf 75' lang='lat'><strong>201,</strong></span> <span class='ocrx_word' id='word_1_881' title='bbox 3181 5406 3299 5454; x_wconf 90' lang='lat' dir='ltr'><strong>not.</strong></span> <span class='ocrx_word' id='word_1_882' title='bbox 3329 5399 3383 5455; x_wconf 79' lang='grc'>1.</span> 
     </span>
    </p>
   </div>
   <div class='ocr_carea' id='block_1_129' title="bbox 2162 5467 2887 5538">
    <p class='ocr_par' dir='ltr' id='par_1_129' title="bbox 2162 5467 2887 5538">
     <span class='ocr_line' id='line_1_130' title="bbox 2162 5467 2887 5538; baseline 0 -17"><span class='ocrx_word' id='word_1_883' title='bbox 2162 5468 2237 5535; x_wconf 84' lang='lat' dir='ltr'><strong>to)</strong></span> <span class='ocrx_word' id='word_1_884' title='bbox 2271 5469 2472 5538; x_wconf 75' lang='lat' dir='ltr'><strong>L‘vang.</strong></span> <span class='ocrx_word' id='word_1_885' title='bbox 2502 5467 2690 5522; x_wconf 87' lang='lat' dir='ltr'><strong>Matth.</strong></span> <span class='ocrx_word' id='word_1_886' title='bbox 2720 5483 2772 5528; x_wconf 80' lang='lat' dir='ltr'><strong>x,</strong></span> <span class='ocrx_word' id='word_1_887' title='bbox 2804 5468 2887 5521; x_wconf 79' lang='lat' dir='ltr'><strong>i6.</strong></span> 
     </span>
    </p>
   </div>
   <div class='ocr_carea' id='block_1_130' title="bbox 2169 5536 3491 5669">
    <p class='ocr_par' dir='ltr' id='par_1_130' title="bbox 2169 5536 3491 5669">
     <span class='ocr_line' id='line_1_131' title="bbox 2169 5536 3491 5669; baseline -0.002 -79"><span class='ocrx_word' id='word_1_888' title='bbox 2169 5538 2246 5669; x_wconf 52' lang='lat' dir='ltr'><strong>(pg</strong></span> <span class='ocrx_word' id='word_1_889' title='bbox 2272 5537 2394 5624; x_wconf 61' lang='lat' dir='ltr'><strong>Lib.</strong></span> <span class='ocrx_word' id='word_1_890' title='bbox 2426 5536 2462 5591; x_wconf 81' lang='lat' dir='ltr'><strong>ii</strong></span> <span class='ocrx_word' id='word_1_891' title='bbox 2484 5581 2499 5603; x_wconf 92' lang='lat'><strong>,</strong></span> <span class='ocrx_word' id='word_1_892' title='bbox 2534 5554 2612 5609; x_wconf 86' lang='lat' dir='ltr'><strong>ep.</strong></span> <span class='ocrx_word' id='word_1_893' title='bbox 2649 5538 2772 5591; x_wconf 84' lang='grc'><strong>175.</strong></span> <span class='ocrx_word' id='word_1_894' title='bbox 2804 5566 2868 5580; x_wconf 90' lang='lat'><strong>-—</strong></span> <span class='ocrx_word' id='word_1_895' title='bbox 2897 5537 2979 5592; x_wconf 90' lang='lat' dir='ltr'><strong>Cf.</strong></span> <span class='ocrx_word' id='word_1_896' title='bbox 3016 5539 3111 5593; x_wconf 92' lang='lat' dir='ltr'><strong>lib.</strong></span> <span class='ocrx_word' id='word_1_897' title='bbox 3145 5555 3219 5604; x_wconf 81' lang='lat' dir='ltr'><strong>iv,</strong></span> <span class='ocrx_word' id='word_1_898' title='bbox 3248 5554 3337 5608; x_wconf 91' lang='lat' dir='ltr'><strong>ep.</strong></span> <span class='ocrx_word' id='word_1_899' title='bbox 3372 5536 3491 5591; x_wconf 74' lang='grc'><strong>157.</strong></span> 
     </span>
     <span class='ocr_line' id='line_1_132' title="bbox 2172 5606 3456 5669; baseline -0.009 1"><span class='ocrx_word' id='word_1_900' title='bbox 2172 5614 2225 5669; x_wconf 83' lang='lat' dir='ltr'><strong>(q</strong></span> <span class='ocrx_word' id='word_1_901' title='bbox 2275 5608 2410 5663; x_wconf 65' lang='lat' dir='ltr'><strong>Cod.</strong></span> <span class='ocrx_word' id='word_1_902' title='bbox 2439 5606 2569 5666; x_wconf 86' lang='lat' dir='ltr'><strong>Bav.</strong></span> <span class='ocrx_word' id='word_1_903' title='bbox 2631 5609 2694 5663; x_wconf 81' lang='grc' dir='ltr'><strong>Ἦ</strong></span> <span class='ocrx_word' id='word_1_904' title='bbox 2733 5607 2993 5669; x_wconf 83' lang='grc' dir='ltr'>φρόνησις</span> <span class='ocrx_word' id='word_1_905' title='bbox 3040 5610 3353 5669; x_wconf 80' lang='grc' dir='ltr'>κιρνωμένη</span> <span class='ocrx_word' id='word_1_906' title='bbox 3389 5607 3456 5669; x_wconf 76' lang='grc' dir='ltr'><strong>τῇ</strong></span> 
     </span>
    </p>
   </div>
   <div class='ocr_carea' id='block_1_131' title="bbox 2172 5595 3650 5691">
    <p class='ocr_par' dir='ltr' id='par_1_131' title="bbox 2172 5595 3650 5691">
     <span class='ocr_line' id='line_1_133' title="bbox 2172 5595 3650 5691; baseline -0.034 8"><span class='ocrx_word' id='word_1_907' title='bbox 2172 5595 2246 5677; x_wconf 50' lang='lat'><strong>(‘13</strong></span> <span class='ocrx_word' id='word_1_908' title='bbox 2275 5607 2410 5663; x_wconf 59' lang='lat'><strong>00¢</strong></span> <span class='ocrx_word' id='word_1_909' title='bbox 2439 5595 2585 5691; x_wconf 54' lang='grc' dir='ltr'><strong>βᾶνῖ</strong></span> <span class='ocrx_word' id='word_1_910' title='bbox 2631 5609 2694 5663; x_wconf 78' lang='grc' dir='ltr'><strong>Ἦ</strong></span> <span class='ocrx_word' id='word_1_911' title='bbox 2733 5607 2993 5680; x_wconf 66' lang='grc' dir='ltr'>φρόνησις</span> <span class='ocrx_word' id='word_1_912' title='bbox 3040 5595 3353 5682; x_wconf 63' lang='grc' dir='ltr'>κιρνιιίμέὶιη</span> <span class='ocrx_word' id='word_1_913' title='bbox 3389 5607 3456 5677; x_wconf 78' lang='grc' dir='ltr'><strong>τῇ</strong></span> <span class='ocrx_word' id='word_1_914' title='bbox 3495 5595 3650 5656; x_wconf 60' lang='lat' dir='ltr'><strong>ante-</strong></span> 
     </span>
    </p>
   </div>
   <div class='ocr_carea' id='block_1_132' title="bbox 2106 5692 2498 5748">
    <p class='ocr_par' dir='ltr' id='par_1_132' title="bbox 2106 5692 2498 5748">
     <span class='ocr_line' id='line_1_134' title="bbox 2106 5692 2498 5748; baseline 0 -17"><span class='ocrx_word' id='word_1_915' title='bbox 2106 5693 2248 5748; x_wconf 78' lang='grc' dir='ltr'>τητι,</span> <span class='ocrx_word' id='word_1_916' title='bbox 2280 5694 2333 5735; x_wconf 90' lang='grc' dir='ltr'><strong>κ.</strong></span> <span class='ocrx_word' id='word_1_917' title='bbox 2363 5695 2415 5733; x_wconf 84' lang='grc' dir='ltr'>τ.</span> <span class='ocrx_word' id='word_1_918' title='bbox 2450 5692 2498 5731; x_wconf 84' lang='grc' dir='ltr'><strong>Λ-</strong></span> 
     </span>
    </p>
   </div>
  </div>
