  <div class='ocr_page' id='page_1' title='image "/cluster/home/n/w/nwhite01/storage/ocr_20150623/78/nnc1.0046980008/065.png"; bbox 0 0 3924 6416; ppageno 0'>
   <div class='ocr_carea' id='block_1_1' title="bbox 396 332 2494 401">
    <p class='ocr_par' dir='ltr' id='par_1_1' title="bbox 396 332 2494 401">
     <span class='ocr_line' id='line_1_1' title="bbox 396 332 2494 401; baseline -0.004 5"><span class='ocrx_word' id='word_1_1' title='bbox 396 332 474 398; x_wconf 85' lang='lat'><strong>99</strong></span> <span class='ocrx_word' id='word_1_2' title='bbox 1441 336 2116 401; x_wconf 83' lang='lat' dir='ltr'><strong>COMMENTATIOle</strong></span> <span class='ocrx_word' id='word_1_3' title='bbox 2151 337 2343 398; x_wconf 82' lang='lat' dir='ltr'><strong>PARS</strong></span> <span class='ocrx_word' id='word_1_4' title='bbox 2380 336 2494 398; x_wconf 85' lang='lat' dir='ltr'><strong>III.</strong></span> 
     </span>
    </p>
   </div>
   <div class='ocr_carea' id='block_1_2' title="bbox 3541 327 3641 395">
    <p class='ocr_par' dir='ltr' id='par_1_2' title="bbox 3541 327 3641 395">
     <span class='ocr_line' id='line_1_2' title="bbox 3541 327 3641 395; baseline 0.02 -2"><span class='ocrx_word' id='word_1_5' title='bbox 3541 327 3641 395; x_wconf 84' lang='lat'><strong>100</strong></span> 
     </span>
    </p>
   </div>
   <div class='ocr_carea' id='block_1_3' title="bbox 384 444 3640 522">
    <p class='ocr_par' dir='ltr' id='par_1_3' title="bbox 384 444 3640 522">
     <span class='ocr_line' id='line_1_3' title="bbox 384 444 3640 522; baseline -0.005 -8"><span class='ocrx_word' id='word_1_6' title='bbox 384 455 673 522; x_wconf 75' lang='lat' dir='ltr'><strong>mansisse,</strong></span> <span class='ocrx_word' id='word_1_7' title='bbox 706 453 999 511; x_wconf 73' lang='lat' dir='ltr'><strong>ostendere</strong></span> <span class='ocrx_word' id='word_1_8' title='bbox 1052 460 1283 509; x_wconf 88' lang='lat' dir='ltr'><strong>conatur</strong></span> <span class='ocrx_word' id='word_1_9' title='bbox 1331 451 1566 507; x_wconf 82' lang='lat' dir='ltr'><strong>diversis</strong></span> <span class='ocrx_word' id='word_1_10' title='bbox 1621 451 1820 506; x_wconf 90' lang='lat' dir='ltr'><strong>modis.</strong></span> <span class='ocrx_word' id='word_1_11' title='bbox 1866 451 1963 505; x_wconf 88' lang='lat' dir='ltr'><strong>Et-</strong></span> <span class='ocrx_word' id='word_1_12' title='bbox 1993 457 2035 511; x_wconf 73' lang='grc' dir='ltr'>Α</span> <span class='ocrx_word' id='word_1_13' title='bbox 2063 449 2176 504; x_wconf 85' lang='lat' dir='ltr'><strong>cies</strong></span> <span class='ocrx_word' id='word_1_14' title='bbox 2202 465 2312 504; x_wconf 90' lang='lat' dir='ltr'><strong>non</strong></span> <span class='ocrx_word' id='word_1_15' title='bbox 2346 447 2696 521; x_wconf 81' lang='lat' dir='ltr'><strong>explicaverit</strong></span> <span class='ocrx_word' id='word_1_16' title='bbox 2720 488 2734 513; x_wconf 90' lang='lat'><strong>,</strong></span> <span class='ocrx_word' id='word_1_17' title='bbox 2763 446 2859 503; x_wconf 89' lang='lat' dir='ltr'><strong>sed</strong></span> <span class='ocrx_word' id='word_1_18' title='bbox 2901 447 3087 505; x_wconf 85' lang='lat' dir='ltr'><strong>decem</strong></span> <span class='ocrx_word' id='word_1_19' title='bbox 3112 444 3451 519; x_wconf 84' lang='lat' dir='ltr'><strong>argumentis</strong></span> <span class='ocrx_word' id='word_1_20' title='bbox 3490 444 3640 515; x_wconf 79' lang='lat' dir='ltr'><strong>Apo-</strong></span> 
     </span>
    </p>
   </div>
   <div class='ocr_carea' id='block_1_4' title="bbox 385 542 1965 618">
    <p class='ocr_par' dir='ltr' id='par_1_4' title="bbox 385 542 1965 618">
     <span class='ocr_line' id='line_1_4' title="bbox 385 542 1965 618; baseline -0.003 -17"><span class='ocrx_word' id='word_1_21' title='bbox 385 548 531 601; x_wconf 87' lang='lat' dir='ltr'><strong>enitn</strong></span> <span class='ocrx_word' id='word_1_22' title='bbox 565 547 721 618; x_wconf 68' lang='grc' dir='ltr'>ἕκτῃ,</span> <span class='ocrx_word' id='word_1_23' title='bbox 750 546 950 616; x_wconf 87' lang='lat' dir='ltr'><strong>inquit,</strong></span> <span class='ocrx_word' id='word_1_24' title='bbox 983 544 1103 616; x_wconf 82' lang='grc' dir='ltr'><strong>ὥρᾳ</strong></span> <span class='ocrx_word' id='word_1_25' title='bbox 1129 545 1231 614; x_wconf 76' lang='grc' dir='ltr'>τῆς</span> <span class='ocrx_word' id='word_1_26' title='bbox 1262 544 1616 615; x_wconf 82' lang='grc' dir='ltr'><strong>παρασκευῆς</strong></span> <span class='ocrx_word' id='word_1_27' title='bbox 1645 542 1965 614; x_wconf 78' lang='grc' dir='ltr'><strong>ἐσταυρώθη</strong></span> 
     </span>
    </p>
   </div>
   <div class='ocr_carea' id='block_1_5' title="bbox 386 635 1966 710">
    <p class='ocr_par' dir='ltr' id='par_1_5' title="bbox 386 635 1966 710">
     <span class='ocr_line' id='line_1_5' title="bbox 386 635 1966 710; baseline -0.004 -16"><span class='ocrx_word' id='word_1_28' title='bbox 386 643 415 694; x_wconf 99' lang='lat'><strong>6</strong></span> <span class='ocrx_word' id='word_1_29' title='bbox 449 638 651 710; x_wconf 78' lang='grc' dir='ltr'>Κύριος</span> <span class='ocrx_word' id='word_1_30' title='bbox 678 679 694 703; x_wconf 87' lang='grc'><em>,</em></span> <span class='ocrx_word' id='word_1_31' title='bbox 724 638 834 692; x_wconf 84' lang='grc' dir='ltr'>ἀπὸ</span> <span class='ocrx_word' id='word_1_32' title='bbox 860 639 1067 707; x_wconf 81' lang='grc' dir='ltr'><strong>ταύτης</strong></span> <span class='ocrx_word' id='word_1_33' title='bbox 1097 635 1204 699; x_wconf 79' lang='grc' dir='ltr'>ἓως</span> <span class='ocrx_word' id='word_1_34' title='bbox 1231 635 1458 706; x_wconf 83' lang='grc' dir='ltr'>ὲννάτης</span> <span class='ocrx_word' id='word_1_35' title='bbox 1490 635 1679 699; x_wconf 84' lang='grc' dir='ltr'><strong>σκότος</strong></span> <span class='ocrx_word' id='word_1_36' title='bbox 1725 635 1966 703; x_wconf 75' lang='grc' dir='ltr'>ἐγένετο,</span> 
     </span>
    </p>
   </div>
   <div class='ocr_carea' id='block_1_6' title="bbox 387 723 1967 797">
    <p class='ocr_par' dir='ltr' id='par_1_6' title="bbox 387 723 1967 797">
     <span class='ocr_line' id='line_1_6' title="bbox 387 723 1967 797; baseline -0.003 -16"><span class='ocrx_word' id='word_1_37' title='bbox 387 727 545 782; x_wconf 82' lang='grc' dir='ltr'>τοῦτο</span> <span class='ocrx_word' id='word_1_38' title='bbox 572 726 743 780; x_wconf 82' lang='grc' dir='ltr'>νύκτα</span> <span class='ocrx_word' id='word_1_39' title='bbox 787 743 878 797; x_wconf 85' lang='grc' dir='ltr'><strong>μοι</strong></span> <span class='ocrx_word' id='word_1_40' title='bbox 912 726 1106 797; x_wconf 88' lang='grc' dir='ltr'><strong>νόησον</strong></span> <span class='ocrx_word' id='word_1_41' title='bbox 1126 740 1140 754; x_wconf 84' lang='grc'><em>’</em></span> <span class='ocrx_word' id='word_1_42' title='bbox 1174 725 1334 778; x_wconf 75' lang='grc' dir='ltr'>πάλιν</span> <span class='ocrx_word' id='word_1_43' title='bbox 1367 724 1477 777; x_wconf 82' lang='grc' dir='ltr'>ἀπὸ</span> <span class='ocrx_word' id='word_1_44' title='bbox 1503 725 1601 795; x_wconf 84' lang='grc' dir='ltr'><strong>τῆς</strong></span> <span class='ocrx_word' id='word_1_45' title='bbox 1636 725 1713 792; x_wconf 87' lang='grc' dir='ltr'><strong>(α)</strong></span> <span class='ocrx_word' id='word_1_46' title='bbox 1740 723 1967 794; x_wconf 79' lang='grc' dir='ltr'>ὲννὰτης</span> 
     </span>
    </p>
   </div>
   <div class='ocr_carea' id='block_1_7' title="bbox 390 810 1970 890">
    <p class='ocr_par' dir='ltr' id='par_1_7' title="bbox 390 810 1970 890">
     <span class='ocr_line' id='line_1_7' title="bbox 390 810 1970 890; baseline -0.003 -18"><span class='ocrx_word' id='word_1_47' title='bbox 390 818 540 887; x_wconf 82' lang='grc' dir='ltr'>φῶς,</span> <span class='ocrx_word' id='word_1_48' title='bbox 570 816 731 871; x_wconf 78' lang='grc' dir='ltr'>τοῦτο</span> <span class='ocrx_word' id='word_1_49' title='bbox 759 817 918 871; x_wconf 81' lang='grc' dir='ltr'>πάλιν</span> <span class='ocrx_word' id='word_1_50' title='bbox 948 818 1163 890; x_wconf 78' lang='grc' dir='ltr'><strong>ἡμέραν</strong></span> <span class='ocrx_word' id='word_1_51' title='bbox 1186 834 1201 850; x_wconf 86' lang='grc'><strong>·</strong></span> <span class='ocrx_word' id='word_1_52' title='bbox 1246 819 1281 888; x_wconf 82' lang='grc' dir='ltr'>ἡ</span> <span class='ocrx_word' id='word_1_53' title='bbox 1314 816 1410 881; x_wconf 70' lang='grc' dir='ltr'>νὺξ</span> <span class='ocrx_word' id='word_1_54' title='bbox 1438 810 1596 879; x_wconf 79' lang='grc' dir='ltr'>αὖθις</span> <span class='ocrx_word' id='word_1_55' title='bbox 1645 817 1746 885; x_wconf 84' lang='grc' dir='ltr'>τῆς</span> <span class='ocrx_word' id='word_1_56' title='bbox 1789 833 1970 885; x_wconf 85' lang='grc' dir='ltr'>παρα-</span> 
     </span>
    </p>
   </div>
   <div class='ocr_carea' id='block_1_8' title="bbox 391 906 1969 979">
    <p class='ocr_par' dir='ltr' id='par_1_8' title="bbox 391 906 1969 979">
     <span class='ocr_line' id='line_1_8' title="bbox 391 906 1969 979; baseline -0.001 -18"><span class='ocrx_word' id='word_1_57' title='bbox 391 909 623 977; x_wconf 79' lang='grc' dir='ltr'><strong>σκευῆς·</strong></span> <span class='ocrx_word' id='word_1_58' title='bbox 658 907 717 961; x_wconf 84' lang='grc' dir='ltr'><strong>τὸ</strong></span> <span class='ocrx_word' id='word_1_59' title='bbox 752 909 1023 962; x_wconf 82' lang='grc' dir='ltr'>σάϐϐατον</span> <span class='ocrx_word' id='word_1_60' title='bbox 1054 909 1217 963; x_wconf 81' lang='grc' dir='ltr'>πάλιν</span> <span class='ocrx_word' id='word_1_61' title='bbox 1249 909 1439 979; x_wconf 82' lang='grc' dir='ltr'>ἡμέρα</span> <span class='ocrx_word' id='word_1_62' title='bbox 1460 921 1476 939; x_wconf 84' lang='grc'>⁶</span> <span class='ocrx_word' id='word_1_63' title='bbox 1512 909 1546 979; x_wconf 86' lang='grc' dir='ltr'>ἡ</span> <span class='ocrx_word' id='word_1_64' title='bbox 1571 907 1668 974; x_wconf 80' lang='grc' dir='ltr'>νὺξ</span> <span class='ocrx_word' id='word_1_65' title='bbox 1701 906 1795 960; x_wconf 80' lang='grc' dir='ltr'>τοῦ</span> <span class='ocrx_word' id='word_1_66' title='bbox 1834 906 1969 960; x_wconf 84' lang='grc' dir='ltr'>σαϐ-</span> 
     </span>
    </p>
   </div>
   <div class='ocr_carea' id='block_1_9' title="bbox 390 1001 1970 1075">
    <p class='ocr_par' dir='ltr' id='par_1_9' title="bbox 390 1001 1970 1075">
     <span class='ocr_line' id='line_1_9' title="bbox 390 1001 1970 1075; baseline 0.001 -23"><span class='ocrx_word' id='word_1_67' title='bbox 390 1001 557 1054; x_wconf 80' lang='grc' dir='ltr'>ϐάτου</span> <span class='ocrx_word' id='word_1_68' title='bbox 578 1002 607 1053; x_wconf 89' lang='grc' dir='ltr'>ὁ</span> <span class='ocrx_word' id='word_1_69' title='bbox 626 1002 725 1072; x_wconf 83' lang='grc' dir='ltr'><strong>τῆς</strong></span> <span class='ocrx_word' id='word_1_70' title='bbox 755 1002 1038 1073; x_wconf 84' lang='grc' dir='ltr'>Κυριακῆς</span> <span class='ocrx_word' id='word_1_71' title='bbox 1059 1002 1274 1075; x_wconf 80' lang='grc' dir='ltr'>ὄρθρος.</span> <span class='ocrx_word' id='word_1_72' title='bbox 1298 1002 1439 1056; x_wconf 77' lang='grc' dir='ltr'><strong>κατὰ</strong></span> <span class='ocrx_word' id='word_1_73' title='bbox 1462 1002 1553 1056; x_wconf 84' lang='grc' dir='ltr'>τὸν</span> <span class='ocrx_word' id='word_1_74' title='bbox 1581 1003 1970 1074; x_wconf 79' lang='grc' dir='ltr'>εύαγγελιστὴν</span> 
     </span>
    </p>
   </div>
   <div class='ocr_carea' id='block_1_10' title="bbox 394 1091 1967 1164">
    <p class='ocr_par' dir='ltr' id='par_1_10' title="bbox 394 1091 1967 1164">
     <span class='ocr_line' id='line_1_10' title="bbox 394 1091 1967 1164; baseline 0.004 -21"><span class='ocrx_word' id='word_1_75' title='bbox 394 1091 625 1160; x_wconf 80' lang='grc' dir='ltr'>λέγοντα</span> <span class='ocrx_word' id='word_1_76' title='bbox 652 1131 667 1156; x_wconf 88' lang='grc'><strong><em>,</em></strong></span> <span class='ocrx_word' id='word_1_77' title='bbox 700 1094 767 1163; x_wconf 81' lang='grc' dir='ltr'>τῇ</span> <span class='ocrx_word' id='word_1_78' title='bbox 826 1092 1212 1164; x_wconf 78' lang='grc' dir='ltr'><strong>ἐπιφωσκούσῃ</strong></span> <span class='ocrx_word' id='word_1_79' title='bbox 1247 1095 1326 1157; x_wconf 79' lang='grc' dir='ltr'><strong>είς</strong></span> <span class='ocrx_word' id='word_1_80' title='bbox 1361 1093 1491 1164; x_wconf 77' lang='grc' dir='ltr'>μίαν</span> <span class='ocrx_word' id='word_1_81' title='bbox 1515 1093 1624 1147; x_wconf 83' lang='grc' dir='ltr'><strong>τῶν</strong></span> <span class='ocrx_word' id='word_1_82' title='bbox 1661 1094 1967 1149; x_wconf 81' lang='grc' dir='ltr'>σαϐϐάτων.</span> 
     </span>
    </p>
   </div>
   <div class='ocr_carea' id='block_1_11' title="bbox 392 1165 1969 1253">
    <p class='ocr_par' dir='ltr' id='par_1_11' title="bbox 392 1165 1969 1253">
     <span class='ocr_line' id='line_1_11' title="bbox 392 1165 1969 1253; baseline 0.003 -16"><span class='ocrx_word' id='word_1_83' title='bbox 392 1183 578 1253; x_wconf 89' lang='lat' dir='ltr'><strong>Itaque</strong></span> <span class='ocrx_word' id='word_1_84' title='bbox 595 1184 825 1253; x_wconf 83' lang='lat' dir='ltr'><strong>primam</strong></span> <span class='ocrx_word' id='word_1_85' title='bbox 854 1192 1069 1238; x_wconf 82' lang='lat' dir='ltr'><strong>noctem</strong></span> <span class='ocrx_word' id='word_1_86' title='bbox 1092 1200 1123 1239; x_wconf 92' lang='lat' dir='ltr'><strong>e</strong></span> <span class='ocrx_word' id='word_1_87' title='bbox 1148 1184 1321 1239; x_wconf 89' lang='lat' dir='ltr'><strong>tribus</strong></span> <span class='ocrx_word' id='word_1_88' title='bbox 1352 1186 1662 1241; x_wconf 90' lang='lat' dir='ltr'><strong>constitisse</strong></span> <span class='ocrx_word' id='word_1_89' title='bbox 1692 1165 1872 1251; x_wconf 70' lang='lat' dir='ltr'><strong>horis,</strong></span> <span class='ocrx_word' id='word_1_90' title='bbox 1903 1187 1969 1241; x_wconf 89' lang='lat' dir='ltr'><strong>ad</strong></span> 
     </span>
    </p>
   </div>
   <div class='ocr_carea' id='block_1_12' title="bbox 390 1273 1972 1343">
    <p class='ocr_par' dir='ltr' id='par_1_12' title="bbox 390 1273 1972 1343">
     <span class='ocr_line' id='line_1_12' title="bbox 390 1273 1972 1343; baseline 0.003 -16"><span class='ocrx_word' id='word_1_91' title='bbox 390 1289 530 1342; x_wconf 87' lang='lat' dir='ltr'><strong>quas</strong></span> <span class='ocrx_word' id='word_1_92' title='bbox 557 1273 740 1329; x_wconf 72' lang='lat' dir='ltr'><strong>Marco</strong></span> <span class='ocrx_word' id='word_1_93' title='bbox 766 1284 906 1329; x_wconf 90' lang='lat' dir='ltr'><strong>teste</strong></span> <span class='ocrx_word' id='word_1_94' title='bbox 938 1274 1010 1343; x_wconf 88' lang='lat' dir='ltr'><strong>(b)</strong></span> <span class='ocrx_word' id='word_1_95' title='bbox 1040 1275 1157 1329; x_wconf 69' lang='lat' dir='ltr'><strong>istae</strong></span> <span class='ocrx_word' id='word_1_96' title='bbox 1194 1276 1533 1331; x_wconf 87' lang='lat' dir='ltr'><strong>duraverunt</strong></span> <span class='ocrx_word' id='word_1_97' title='bbox 1572 1278 1826 1343; x_wconf 78' lang='lat' dir='ltr'><strong>tenebrae,</strong></span> <span class='ocrx_word' id='word_1_98' title='bbox 1861 1288 1972 1332; x_wconf 90' lang='lat' dir='ltr'><strong>sta-</strong></span> 
     </span>
    </p>
   </div>
   <div class='ocr_carea' id='block_1_13' title="bbox 395 1364 1970 1437">
    <p class='ocr_par' dir='ltr' id='par_1_13' title="bbox 395 1364 1970 1437">
     <span class='ocr_line' id='line_1_13' title="bbox 395 1364 1970 1437; baseline 0.003 -19"><span class='ocrx_word' id='word_1_99' title='bbox 395 1364 499 1418; x_wconf 89' lang='lat' dir='ltr'><strong>tuit</strong></span> <span class='ocrx_word' id='word_1_100' title='bbox 528 1374 720 1420; x_wconf 89' lang='lat' dir='ltr'><strong>acutus</strong></span> <span class='ocrx_word' id='word_1_101' title='bbox 758 1365 859 1420; x_wconf 93' lang='lat' dir='ltr'><strong>iste</strong></span> <span class='ocrx_word' id='word_1_102' title='bbox 890 1366 1182 1436; x_wconf 89' lang='lat' dir='ltr'><strong>interpres.</strong></span> <span class='ocrx_word' id='word_1_103' title='bbox 1216 1366 1369 1433; x_wconf 84' lang='lat' dir='ltr'><strong>Quod</strong></span> <span class='ocrx_word' id='word_1_104' title='bbox 1408 1383 1568 1437; x_wconf 87' lang='lat' dir='ltr'><strong>quam</strong></span> <span class='ocrx_word' id='word_1_105' title='bbox 1599 1369 1669 1423; x_wconf 90' lang='lat' dir='ltr'><strong>sit</strong></span> <span class='ocrx_word' id='word_1_106' title='bbox 1708 1370 1970 1423; x_wconf 88' lang='lat' dir='ltr'><strong>insulsum</strong></span> 
     </span>
    </p>
   </div>
   <div class='ocr_carea' id='block_1_14' title="bbox 392 1457 1973 1530">
    <p class='ocr_par' dir='ltr' id='par_1_14' title="bbox 392 1457 1973 1530">
     <span class='ocr_line' id='line_1_14' title="bbox 392 1457 1973 1530; baseline 0.003 -19"><span class='ocrx_word' id='word_1_107' title='bbox 392 1458 512 1527; x_wconf 87' lang='lat' dir='ltr'><strong>ipse</strong></span> <span class='ocrx_word' id='word_1_108' title='bbox 536 1458 756 1512; x_wconf 84' lang='lat' dir='ltr'><strong>videtur</strong></span> <span class='ocrx_word' id='word_1_109' title='bbox 782 1457 1037 1523; x_wconf 84' lang='lat' dir='ltr'><strong>sensisse,</strong></span> <span class='ocrx_word' id='word_1_110' title='bbox 1058 1474 1180 1513; x_wconf 91' lang='lat' dir='ltr'><strong>cum</strong></span> <span class='ocrx_word' id='word_1_111' title='bbox 1198 1458 1361 1513; x_wconf 87' lang='lat' dir='ltr'><strong>aliam</strong></span> <span class='ocrx_word' id='word_1_112' title='bbox 1381 1460 1510 1515; x_wconf 80' lang='lat' dir='ltr'><strong>dicti</strong></span> <span class='ocrx_word' id='word_1_113' title='bbox 1540 1461 1684 1515; x_wconf 92' lang='lat' dir='ltr'><strong>illius</strong></span> <span class='ocrx_word' id='word_1_114' title='bbox 1704 1469 1973 1530; x_wconf 87' lang='lat' dir='ltr'><strong>proponat</strong></span> 
     </span>
    </p>
   </div>
   <div class='ocr_carea' id='block_1_15' title="bbox 392 1549 1971 1624">
    <p class='ocr_par' dir='ltr' id='par_1_15' title="bbox 392 1549 1971 1624">
     <span class='ocr_line' id='line_1_15' title="bbox 392 1549 1971 1624; baseline 0.001 -21"><span class='ocrx_word' id='word_1_115' title='bbox 392 1549 832 1618; x_wconf 79' lang='lat' dir='ltr'><strong>explicationem.</strong></span> <span class='ocrx_word' id='word_1_116' title='bbox 893 1549 1055 1605; x_wconf 81' lang='lat' dir='ltr'><strong>Jesus</strong></span> <span class='ocrx_word' id='word_1_117' title='bbox 1088 1551 1234 1605; x_wconf 89' lang='lat' dir='ltr'><strong>enim</strong></span> <span class='ocrx_word' id='word_1_118' title='bbox 1257 1592 1274 1615; x_wconf 88' lang='lat'><strong>,</strong></span> <span class='ocrx_word' id='word_1_119' title='bbox 1328 1552 1543 1621; x_wconf 91' lang='lat' dir='ltr'><strong>inquit,</strong></span> <span class='ocrx_word' id='word_1_120' title='bbox 1576 1554 1634 1605; x_wconf 83' lang='grc' dir='ltr'>ὲν</span> <span class='ocrx_word' id='word_1_121' title='bbox 1672 1556 1737 1624; x_wconf 80' lang='grc' dir='ltr'>τῇ</span> <span class='ocrx_word' id='word_1_122' title='bbox 1789 1570 1971 1621; x_wconf 86' lang='grc' dir='ltr'>παρα-</span> 
     </span>
    </p>
   </div>
   <div class='ocr_carea' id='block_1_16' title="bbox 395 1638 1971 1713">
    <p class='ocr_par' dir='ltr' id='par_1_16' title="bbox 395 1638 1971 1713">
     <span class='ocr_line' id='line_1_16' title="bbox 395 1638 1971 1713; baseline 0.003 -21"><span class='ocrx_word' id='word_1_123' title='bbox 395 1641 562 1709; x_wconf 78' lang='grc' dir='ltr'>σκευῇ</span> <span class='ocrx_word' id='word_1_124' title='bbox 587 1639 734 1693; x_wconf 90' lang='lat' dir='ltr'><strong>cruci</strong></span> <span class='ocrx_word' id='word_1_125' title='bbox 753 1638 965 1706; x_wconf 83' lang='lat' dir='ltr'><strong>aliixus,</strong></span> <span class='ocrx_word' id='word_1_126' title='bbox 992 1649 1264 1702; x_wconf 91' lang='lat' dir='ltr'><strong>mortuus.</strong></span> <span class='ocrx_word' id='word_1_127' title='bbox 1291 1642 1595 1712; x_wconf 90' lang='lat' dir='ltr'><strong>eodemque</strong></span> <span class='ocrx_word' id='word_1_128' title='bbox 1613 1643 1702 1697; x_wconf 92' lang='lat' dir='ltr'><strong>die</strong></span> <span class='ocrx_word' id='word_1_129' title='bbox 1725 1643 1971 1713; x_wconf 85' lang='lat' dir='ltr'><strong>sepultus</strong></span> 
     </span>
    </p>
   </div>
   <div class='ocr_carea' id='block_1_17' title="bbox 392 1729 1971 1803">
    <p class='ocr_par' dir='ltr' id='par_1_17' title="bbox 392 1729 1971 1803">
     <span class='ocr_line' id='line_1_17' title="bbox 392 1729 1971 1803; baseline 0.001 -18"><span class='ocrx_word' id='word_1_130' title='bbox 392 1740 497 1785; x_wconf 89' lang='lat' dir='ltr'><strong>est.</strong></span> <span class='ocrx_word' id='word_1_131' title='bbox 530 1729 710 1796; x_wconf 82' lang='lat' dir='ltr'><strong>Quare</strong></span> <span class='ocrx_word' id='word_1_132' title='bbox 743 1731 832 1786; x_wconf 90' lang='lat' dir='ltr'><strong>hic</strong></span> <span class='ocrx_word' id='word_1_133' title='bbox 863 1732 1072 1800; x_wconf 88' lang='lat' dir='ltr'><strong>primus</strong></span> <span class='ocrx_word' id='word_1_134' title='bbox 1098 1771 1113 1797; x_wconf 92' lang='lat'><strong>,</strong></span> <span class='ocrx_word' id='word_1_135' title='bbox 1146 1732 1435 1787; x_wconf 85' lang='lat' dir='ltr'><strong>sabbatum</strong></span> <span class='ocrx_word' id='word_1_136' title='bbox 1481 1749 1636 1796; x_wconf 87' lang='lat' dir='ltr'><strong>vero,</strong></span> <span class='ocrx_word' id='word_1_137' title='bbox 1675 1734 1821 1803; x_wconf 89' lang='lat' dir='ltr'><strong>quod</strong></span> <span class='ocrx_word' id='word_1_138' title='bbox 1851 1734 1971 1787; x_wconf 82' lang='grc' dir='ltr'>ὅλον</span> 
     </span>
    </p>
   </div>
   <div class='ocr_carea' id='block_1_18' title="bbox 394 1808 2043 1893">
    <p class='ocr_par' dir='ltr' id='par_1_18' title="bbox 394 1808 2043 1893">
     <span class='ocr_line' id='line_1_18' title="bbox 394 1808 2043 1893; baseline 0.001 -20"><span class='ocrx_word' id='word_1_139' title='bbox 394 1821 653 1891; x_wconf 80' lang='grc' dir='ltr'>ἐποίησεν</span> <span class='ocrx_word' id='word_1_140' title='bbox 690 1821 749 1873; x_wconf 77' lang='grc' dir='ltr'><strong>ἐν</strong></span> <span class='ocrx_word' id='word_1_141' title='bbox 778 1821 855 1892; x_wconf 86' lang='grc' dir='ltr'>τῷ</span> <span class='ocrx_word' id='word_1_142' title='bbox 879 1824 1036 1892; x_wconf 85' lang='grc' dir='ltr'><strong>τάφῳ</strong></span> <span class='ocrx_word' id='word_1_143' title='bbox 1064 1822 1092 1874; x_wconf 89' lang='grc' dir='ltr'><strong>ὁ</strong></span> <span class='ocrx_word' id='word_1_144' title='bbox 1132 1820 1369 1893; x_wconf 82' lang='grc' dir='ltr'>Κύριος,</span> <span class='ocrx_word' id='word_1_145' title='bbox 1395 1824 1687 1888; x_wconf 90' lang='lat' dir='ltr'><strong>secundus,</strong></span> <span class='ocrx_word' id='word_1_146' title='bbox 1709 1833 1765 1878; x_wconf 90' lang='lat' dir='ltr'><strong>et</strong></span> <span class='ocrx_word' id='word_1_147' title='bbox 1795 1822 1971 1879; x_wconf 89' lang='lat' dir='ltr'><strong>domi-</strong></span> <span class='ocrx_word' id='word_1_148' title='bbox 2001 1808 2043 1863; x_wconf 83' lang='grc' dir='ltr'>Β</span> 
     </span>
    </p>
   </div>
   <div class='ocr_carea' id='block_1_19' title="bbox 394 1911 1971 1981">
    <p class='ocr_par' dir='ltr' id='par_1_19' title="bbox 394 1911 1971 1981">
     <span class='ocr_line' id='line_1_19' title="bbox 394 1911 1971 1981; baseline 0.004 -17"><span class='ocrx_word' id='word_1_149' title='bbox 394 1911 537 1976; x_wconf 90' lang='lat' dir='ltr'><strong>nica,</strong></span> <span class='ocrx_word' id='word_1_150' title='bbox 576 1926 683 1981; x_wconf 88' lang='lat' dir='ltr'><strong>qua</strong></span> <span class='ocrx_word' id='word_1_151' title='bbox 722 1912 1036 1967; x_wconf 90' lang='lat' dir='ltr'><strong>lucescente</strong></span> <span class='ocrx_word' id='word_1_152' title='bbox 1066 1912 1408 1977; x_wconf 84' lang='lat' dir='ltr'><strong>resurrexit,</strong></span> <span class='ocrx_word' id='word_1_153' title='bbox 1445 1914 1566 1968; x_wconf 90' lang='lat' dir='ltr'><strong>dies</strong></span> <span class='ocrx_word' id='word_1_154' title='bbox 1594 1915 1790 1969; x_wconf 88' lang='lat' dir='ltr'><strong>tertius</strong></span> <span class='ocrx_word' id='word_1_155' title='bbox 1824 1924 1971 1971; x_wconf 88' lang='lat' dir='ltr'><strong>recte</strong></span> 
     </span>
    </p>
   </div>
   <div class='ocr_carea' id='block_1_20' title="bbox 393 2002 1972 2077">
    <p class='ocr_par' dir='ltr' id='par_1_20' title="bbox 393 2002 1972 2077">
     <span class='ocr_line' id='line_1_20' title="bbox 393 2002 1972 2077; baseline 0.004 -23"><span class='ocrx_word' id='word_1_156' title='bbox 393 2011 729 2057; x_wconf 89' lang='lat' dir='ltr'><strong>numeratur.</strong></span> <span class='ocrx_word' id='word_1_157' title='bbox 770 2002 1122 2073; x_wconf 83' lang='grc' dir='ltr'>Κακομάχοις</span> <span class='ocrx_word' id='word_1_158' title='bbox 1150 2017 1315 2066; x_wconf 88' lang='lat' dir='ltr'><strong>vero,</strong></span> <span class='ocrx_word' id='word_1_159' title='bbox 1351 2004 1423 2057; x_wconf 88' lang='lat' dir='ltr'><strong>ita</strong></span> <span class='ocrx_word' id='word_1_160' title='bbox 1454 2004 1599 2059; x_wconf 89' lang='lat' dir='ltr'><strong>enim</strong></span> <span class='ocrx_word' id='word_1_161' title='bbox 1652 2006 1855 2077; x_wconf 88' lang='lat' dir='ltr'><strong>pergit,</strong></span> <span class='ocrx_word' id='word_1_162' title='bbox 1891 2022 1972 2060; x_wconf 87' lang='lat' dir='ltr'><strong>me</strong></span> 
     </span>
    </p>
   </div>
   <div class='ocr_carea' id='block_1_21' title="bbox 395 2092 1974 2161">
    <p class='ocr_par' dir='ltr' id='par_1_21' title="bbox 395 2092 1974 2161">
     <span class='ocr_line' id='line_1_21' title="bbox 395 2092 1974 2161; baseline 0.004 -19"><span class='ocrx_word' id='word_1_163' title='bbox 395 2106 557 2161; x_wconf 77' lang='lat' dir='ltr'><strong>neque</strong></span> <span class='ocrx_word' id='word_1_164' title='bbox 578 2100 710 2144; x_wconf 87' lang='lat' dir='ltr'><strong>totos</strong></span> <span class='ocrx_word' id='word_1_165' title='bbox 742 2092 850 2146; x_wconf 81' lang='lat' dir='ltr'><strong>dies</strong></span> <span class='ocrx_word' id='word_1_166' title='bbox 875 2133 890 2158; x_wconf 92' lang='lat'><strong>,</strong></span> <span class='ocrx_word' id='word_1_167' title='bbox 924 2107 1015 2144; x_wconf 86' lang='lat' dir='ltr'><strong>nec</strong></span> <span class='ocrx_word' id='word_1_168' title='bbox 1046 2100 1148 2145; x_wconf 85' lang='lat' dir='ltr'><strong>tres</strong></span> <span class='ocrx_word' id='word_1_169' title='bbox 1178 2101 1347 2145; x_wconf 87' lang='lat' dir='ltr'><strong>noctes</strong></span> <span class='ocrx_word' id='word_1_170' title='bbox 1385 2109 1718 2147; x_wconf 79' lang='lat' dir='ltr'><strong>enumerasse</strong></span> <span class='ocrx_word' id='word_1_171' title='bbox 1751 2094 1974 2148; x_wconf 82' lang='lat' dir='ltr'><strong>dicenti-</strong></span> 
     </span>
    </p>
   </div>
   <div class='ocr_carea' id='block_1_22' title="bbox 394 2180 1971 2257">
    <p class='ocr_par' dir='ltr' id='par_1_22' title="bbox 394 2180 1971 2257">
     <span class='ocr_line' id='line_1_22' title="bbox 394 2180 1971 2257; baseline 0.004 -24"><span class='ocrx_word' id='word_1_172' title='bbox 394 2180 489 2234; x_wconf 85' lang='lat' dir='ltr'><strong>bus</strong></span> <span class='ocrx_word' id='word_1_173' title='bbox 511 2223 526 2246; x_wconf 93' lang='lat'><strong>,</strong></span> <span class='ocrx_word' id='word_1_174' title='bbox 560 2181 614 2235; x_wconf 92' lang='lat' dir='ltr'><strong>in</strong></span> <span class='ocrx_word' id='word_1_175' title='bbox 647 2181 797 2237; x_wconf 85' lang='lat' dir='ltr'><strong>hunc</strong></span> <span class='ocrx_word' id='word_1_176' title='bbox 825 2183 1181 2253; x_wconf 90' lang='lat' dir='ltr'><strong>respondens</strong></span> <span class='ocrx_word' id='word_1_177' title='bbox 1212 2184 1433 2238; x_wconf 76' lang='lat' dir='ltr'><strong>modum</strong></span> <span class='ocrx_word' id='word_1_178' title='bbox 1467 2199 1481 2234; x_wconf 87' lang='lat'><strong>:</strong></span> <span class='ocrx_word' id='word_1_179' title='bbox 1513 2185 1833 2255; x_wconf 86' lang='lat' dir='ltr'><strong>imperator,</strong></span> <span class='ocrx_word' id='word_1_180' title='bbox 1879 2186 1971 2257; x_wconf 91' lang='lat' dir='ltr'><strong>qui</strong></span> 
     </span>
    </p>
   </div>
   <div class='ocr_carea' id='block_1_23' title="bbox 393 2273 1974 2345">
    <p class='ocr_par' dir='ltr' id='par_1_23' title="bbox 393 2273 1974 2345">
     <span class='ocr_line' id='line_1_23' title="bbox 393 2273 1974 2345; baseline 0.005 -19"><span class='ocrx_word' id='word_1_181' title='bbox 393 2273 773 2343; x_wconf 87' lang='lat' dir='ltr'><strong>ctsi&#39;captivis,</strong></span> <span class='ocrx_word' id='word_1_182' title='bbox 811 2289 868 2329; x_wconf 90' lang='lat' dir='ltr'><strong>se</strong></span> <span class='ocrx_word' id='word_1_183' title='bbox 901 2289 997 2330; x_wconf 91' lang='lat' dir='ltr'><strong>eos</strong></span> <span class='ocrx_word' id='word_1_184' title='bbox 1030 2284 1153 2345; x_wconf 91' lang='lat' dir='ltr'><strong>post</strong></span> <span class='ocrx_word' id='word_1_185' title='bbox 1192 2285 1304 2333; x_wconf 92' lang='lat' dir='ltr'><strong>tres</strong></span> <span class='ocrx_word' id='word_1_186' title='bbox 1334 2277 1450 2333; x_wconf 89' lang='lat' dir='ltr'><strong>dies</strong></span> <span class='ocrx_word' id='word_1_187' title='bbox 1474 2291 1505 2331; x_wconf 92' lang='lat' dir='ltr'><strong>e</strong></span> <span class='ocrx_word' id='word_1_188' title='bbox 1532 2278 1781 2333; x_wconf 89' lang='lat' dir='ltr'><strong>custodia</strong></span> <span class='ocrx_word' id='word_1_189' title='bbox 1810 2279 1974 2334; x_wconf 82' lang='lat' dir='ltr'><strong>emis-</strong></span> 
     </span>
    </p>
   </div>
   <div class='ocr_carea' id='block_1_24' title="bbox 395 2365 1972 2439">
    <p class='ocr_par' dir='ltr' id='par_1_24' title="bbox 395 2365 1972 2439">
     <span class='ocr_line' id='line_1_24' title="bbox 395 2365 1972 2439; baseline 0.004 -23"><span class='ocrx_word' id='word_1_190' title='bbox 395 2379 583 2417; x_wconf 70' lang='lat' dir='ltr'><strong>surum</strong></span> <span class='ocrx_word' id='word_1_191' title='bbox 611 2379 754 2428; x_wconf 91' lang='lat' dir='ltr'><strong>esse,</strong></span> <span class='ocrx_word' id='word_1_192' title='bbox 790 2365 1058 2435; x_wconf 89' lang='lat' dir='ltr'><strong>promisit,</strong></span> <span class='ocrx_word' id='word_1_193' title='bbox 1083 2382 1176 2421; x_wconf 91' lang='lat' dir='ltr'><strong>eos</strong></span> <span class='ocrx_word' id='word_1_194' title='bbox 1200 2375 1379 2421; x_wconf 87' lang='lat' dir='ltr'><strong>tamen</strong></span> <span class='ocrx_word' id='word_1_195' title='bbox 1405 2378 1531 2422; x_wconf 91' lang='lat' dir='ltr'><strong>ante</strong></span> <span class='ocrx_word' id='word_1_196' title='bbox 1558 2368 1779 2433; x_wconf 89' lang='lat' dir='ltr'><strong>emittit,</strong></span> <span class='ocrx_word' id='word_1_197' title='bbox 1808 2384 1972 2439; x_wconf 90' lang='lat' dir='ltr'><strong>quam</strong></span> 
     </span>
    </p>
   </div>
   <div class='ocr_carea' id='block_1_25' title="bbox 395 2455 1971 2528">
    <p class='ocr_par' dir='ltr' id='par_1_25' title="bbox 395 2455 1971 2528">
     <span class='ocr_line' id='line_1_25' title="bbox 395 2455 1971 2528; baseline 0.003 -19"><span class='ocrx_word' id='word_1_198' title='bbox 395 2455 515 2510; x_wconf 88' lang='lat' dir='ltr'><strong>dies</strong></span> <span class='ocrx_word' id='word_1_199' title='bbox 542 2455 677 2510; x_wconf 91' lang='lat' dir='ltr'><strong>abiit</strong></span> <span class='ocrx_word' id='word_1_200' title='bbox 708 2456 1079 2521; x_wconf 87' lang='lat' dir='ltr'><strong>constitutus,</strong></span> <span class='ocrx_word' id='word_1_201' title='bbox 1130 2474 1239 2512; x_wconf 91' lang='lat' dir='ltr'><strong>non</strong></span> <span class='ocrx_word' id='word_1_202' title='bbox 1289 2459 1462 2513; x_wconf 88' lang='lat' dir='ltr'><strong>solum</strong></span> <span class='ocrx_word' id='word_1_203' title='bbox 1502 2459 1773 2514; x_wconf 84' lang='lat' dir='ltr'><strong>mendacii</strong></span> <span class='ocrx_word' id='word_1_204' title='bbox 1819 2459 1971 2528; x_wconf 79' lang='lat' dir='ltr'><strong>argui</strong></span> 
     </span>
    </p>
   </div>
   <div class='ocr_carea' id='block_1_26' title="bbox 396 2548 1974 2623">
    <p class='ocr_par' dir='ltr' id='par_1_26' title="bbox 396 2548 1974 2623">
     <span class='ocr_line' id='line_1_26' title="bbox 396 2548 1974 2623; baseline 0.004 -22"><span class='ocrx_word' id='word_1_205' title='bbox 396 2548 629 2618; x_wconf 91' lang='lat' dir='ltr'><strong>nequit,</strong></span> <span class='ocrx_word' id='word_1_206' title='bbox 664 2564 853 2603; x_wconf 85' lang='lat' dir='ltr'><strong>verum</strong></span> <span class='ocrx_word' id='word_1_207' title='bbox 892 2564 1243 2620; x_wconf 89' lang='lat' dir='ltr'><strong>summopere</strong></span> <span class='ocrx_word' id='word_1_208' title='bbox 1287 2552 1592 2607; x_wconf 89' lang='lat' dir='ltr'><strong>laudandus</strong></span> <span class='ocrx_word' id='word_1_209' title='bbox 1636 2562 1721 2607; x_wconf 91' lang='lat' dir='ltr'><strong>est</strong></span> <span class='ocrx_word' id='word_1_210' title='bbox 1746 2592 1762 2617; x_wconf 90' lang='lat'><strong>,</strong></span> <span class='ocrx_word' id='word_1_211' title='bbox 1792 2553 1974 2623; x_wconf 81' lang='lat' dir='ltr'><strong>itaque</strong></span> 
     </span>
    </p>
   </div>
   <div class='ocr_carea' id='block_1_27' title="bbox 400 2638 1974 2715">
    <p class='ocr_par' dir='ltr' id='par_1_27' title="bbox 400 2638 1974 2715">
     <span class='ocr_line' id='line_1_27' title="bbox 400 2638 1974 2715; baseline 0.006 -25"><span class='ocrx_word' id='word_1_212' title='bbox 400 2638 662 2694; x_wconf 85' lang='lat' dir='ltr'><strong>Dominus</strong></span> <span class='ocrx_word' id='word_1_213' title='bbox 698 2648 886 2695; x_wconf 87' lang='lat' dir='ltr'><strong>noster</strong></span> <span class='ocrx_word' id='word_1_214' title='bbox 912 2640 1072 2696; x_wconf 86' lang='lat' dir='ltr'><strong>Jesus</strong></span> <span class='ocrx_word' id='word_1_215' title='bbox 1103 2643 1357 2698; x_wconf 89' lang='lat' dir='ltr'><strong>Christus</strong></span> <span class='ocrx_word' id='word_1_216' title='bbox 1375 2646 1551 2709; x_wconf 84' lang='lat' dir='ltr'><strong>citius,</strong></span> <span class='ocrx_word' id='word_1_217' title='bbox 1589 2662 1748 2715; x_wconf 83' lang='lat' dir='ltr'><strong>quant</strong></span> <span class='ocrx_word' id='word_1_218' title='bbox 1774 2645 1974 2715; x_wconf 44' lang='lat' dir='ltr'><strong>promi,</strong></span> 
     </span>
    </p>
   </div>
   <div class='ocr_carea' id='block_1_28' title="bbox 396 2732 1975 2802">
    <p class='ocr_par' dir='ltr' id='par_1_28' title="bbox 396 2732 1975 2802">
     <span class='ocr_line' id='line_1_28' title="bbox 396 2732 1975 2802; baseline 0.005 -19"><span class='ocrx_word' id='word_1_219' title='bbox 396 2739 562 2796; x_wconf 84' lang='lat' dir='ltr'><strong>serat,</strong></span> <span class='ocrx_word' id='word_1_220' title='bbox 601 2745 897 2799; x_wconf 80' lang='lat' dir='ltr'><strong>resurgens</strong></span> <span class='ocrx_word' id='word_1_221' title='bbox 925 2732 994 2785; x_wconf 87' lang='lat' dir='ltr'><strong>ab</strong></span> <span class='ocrx_word' id='word_1_222' title='bbox 1033 2734 1289 2788; x_wconf 89' lang='lat' dir='ltr'><strong>omnibus</strong></span> <span class='ocrx_word' id='word_1_223' title='bbox 1310 2734 1505 2789; x_wconf 91' lang='lat' dir='ltr'><strong>merito</strong></span> <span class='ocrx_word' id='word_1_224' title='bbox 1541 2736 1817 2790; x_wconf 87' lang='lat' dir='ltr'><strong>adoratur.</strong></span> <span class='ocrx_word' id='word_1_225' title='bbox 1849 2736 1975 2802; x_wconf 80' lang='lat' dir='ltr'><strong>Qui-</strong></span> 
     </span>
    </p>
   </div>
   <div class='ocr_carea' id='block_1_29' title="bbox 398 2818 1977 2898">
    <p class='ocr_par' dir='ltr' id='par_1_29' title="bbox 398 2818 1977 2898">
     <span class='ocr_line' id='line_1_29' title="bbox 398 2818 1977 2898; baseline 0.006 -26"><span class='ocrx_word' id='word_1_226' title='bbox 398 2818 503 2873; x_wconf 92' lang='lat' dir='ltr'><strong>bus</strong></span> <span class='ocrx_word' id='word_1_227' title='bbox 535 2819 714 2874; x_wconf 83' lang='lat' dir='ltr'><strong>verbis</strong></span> <span class='ocrx_word' id='word_1_228' title='bbox 747 2835 872 2875; x_wconf 93' lang='lat' dir='ltr'><strong>cum</strong></span> <span class='ocrx_word' id='word_1_229' title='bbox 918 2833 1110 2877; x_wconf 89' lang='lat' dir='ltr'><strong>auctor</strong></span> <span class='ocrx_word' id='word_1_230' title='bbox 1133 2863 1147 2888; x_wconf 90' lang='lat'><strong>,</strong></span> <span class='ocrx_word' id='word_1_231' title='bbox 1181 2823 1529 2881; x_wconf 83' lang='lat' dir='ltr'><strong>Servatorem</strong></span> <span class='ocrx_word' id='word_1_232' title='bbox 1565 2829 1715 2896; x_wconf 80' lang='grc' dir='ltr'>τρεῖς</span> <span class='ocrx_word' id='word_1_233' title='bbox 1760 2828 1977 2898; x_wconf 80' lang='grc' dir='ltr'>ἡμέρας</span> 
     </span>
    </p>
   </div>
   <div class='ocr_carea' id='block_1_30' title="bbox 398 2909 1976 2984">
    <p class='ocr_par' dir='ltr' id='par_1_30' title="bbox 398 2909 1976 2984">
     <span class='ocr_line' id='line_1_30' title="bbox 398 2909 1976 2984; baseline 0.008 -23"><span class='ocrx_word' id='word_1_234' title='bbox 398 2910 495 2962; x_wconf 80' lang='grc' dir='ltr'><strong>καὶ</strong></span> <span class='ocrx_word' id='word_1_235' title='bbox 519 2912 668 2981; x_wconf 80' lang='grc' dir='ltr'>τρεῖς</span> <span class='ocrx_word' id='word_1_236' title='bbox 697 2909 898 2975; x_wconf 84' lang='grc' dir='ltr'>νύκτας</span> <span class='ocrx_word' id='word_1_237' title='bbox 937 2912 991 2966; x_wconf 87' lang='lat' dir='ltr'><strong>in</strong></span> <span class='ocrx_word' id='word_1_238' title='bbox 1036 2915 1285 2984; x_wconf 90' lang='lat' dir='ltr'><strong>sepulcro</strong></span> <span class='ocrx_word' id='word_1_239' title='bbox 1315 2932 1425 2970; x_wconf 90' lang='lat' dir='ltr'><strong>non</strong></span> <span class='ocrx_word' id='word_1_240' title='bbox 1462 2918 1809 2984; x_wconf 82' lang='lat' dir='ltr'><strong>remansisse,</strong></span> <span class='ocrx_word' id='word_1_241' title='bbox 1840 2935 1976 2974; x_wconf 85' lang='lat' dir='ltr'><strong>con-</strong></span> 
     </span>
    </p>
   </div>
   <div class='ocr_carea' id='block_1_31' title="bbox 397 3002 1976 3077">
    <p class='ocr_par' dir='ltr' id='par_1_31' title="bbox 397 3002 1976 3077">
     <span class='ocr_line' id='line_1_31' title="bbox 397 3002 1976 3077; baseline 0.006 -21"><span class='ocrx_word' id='word_1_242' title='bbox 397 3002 594 3068; x_wconf 88' lang='lat' dir='ltr'><strong>cedat,</strong></span> <span class='ocrx_word' id='word_1_243' title='bbox 623 3017 748 3057; x_wconf 90' lang='lat' dir='ltr'><strong>eum</strong></span> <span class='ocrx_word' id='word_1_244' title='bbox 773 3004 957 3058; x_wconf 89' lang='lat' dir='ltr'><strong>omnia</strong></span> <span class='ocrx_word' id='word_1_245' title='bbox 981 3045 997 3071; x_wconf 91' lang='lat'><strong>,</strong></span> <span class='ocrx_word' id='word_1_246' title='bbox 1026 3005 1095 3060; x_wconf 92' lang='lat' dir='ltr'><strong>ab</strong></span> <span class='ocrx_word' id='word_1_247' title='bbox 1121 3007 1241 3077; x_wconf 91' lang='lat' dir='ltr'><strong>ipso</strong></span> <span class='ocrx_word' id='word_1_248' title='bbox 1270 3008 1338 3062; x_wconf 89' lang='lat' dir='ltr'><strong>ad</strong></span> <span class='ocrx_word' id='word_1_249' title='bbox 1361 3008 1730 3064; x_wconf 80' lang='lat' dir='ltr'><strong>diliicultatem</strong></span> <span class='ocrx_word' id='word_1_250' title='bbox 1758 3012 1976 3066; x_wconf 85' lang='lat' dir='ltr'><strong>solven-</strong></span> 
     </span>
    </p>
   </div>
   <div class='ocr_carea' id='block_1_32' title="bbox 397 3093 1973 3170">
    <p class='ocr_par' dir='ltr' id='par_1_32' title="bbox 397 3093 1973 3170">
     <span class='ocr_line' id='line_1_32' title="bbox 397 3093 1973 3170; baseline 0.006 -24"><span class='ocrx_word' id='word_1_251' title='bbox 397 3094 522 3147; x_wconf 89' lang='lat' dir='ltr'><strong>dam</strong></span> <span class='ocrx_word' id='word_1_252' title='bbox 548 3093 709 3163; x_wconf 90' lang='lat' dir='ltr'><strong>paulo</strong></span> <span class='ocrx_word' id='word_1_253' title='bbox 737 3101 865 3150; x_wconf 90' lang='lat' dir='ltr'><strong>ante</strong></span> <span class='ocrx_word' id='word_1_254' title='bbox 893 3094 1077 3163; x_wconf 88' lang='lat' dir='ltr'><strong>allata,</strong></span> <span class='ocrx_word' id='word_1_255' title='bbox 1110 3112 1325 3153; x_wconf 88' lang='lat' dir='ltr'><strong>rursum</strong></span> <span class='ocrx_word' id='word_1_256' title='bbox 1357 3098 1567 3165; x_wconf 76' lang='lat' dir='ltr'><strong>tollere,</strong></span> <span class='ocrx_word' id='word_1_257' title='bbox 1595 3100 1717 3170; x_wconf 89' lang='lat' dir='ltr'><strong>quis</strong></span> <span class='ocrx_word' id='word_1_258' title='bbox 1748 3109 1851 3167; x_wconf 89' lang='lat' dir='ltr'><strong>est,</strong></span> <span class='ocrx_word' id='word_1_259' title='bbox 1883 3100 1973 3170; x_wconf 92' lang='lat' dir='ltr'><strong>qui</strong></span> 
     </span>
    </p>
   </div>
   <div class='ocr_carea' id='block_1_33' title="bbox 400 3186 1978 3262">
    <p class='ocr_par' dir='ltr' id='par_1_33' title="bbox 400 3186 1978 3262">
     <span class='ocr_line' id='line_1_33' title="bbox 400 3186 1978 3262; baseline 0.003 -20"><span class='ocrx_word' id='word_1_260' title='bbox 400 3204 510 3243; x_wconf 88' lang='lat' dir='ltr'><strong>non</strong></span> <span class='ocrx_word' id='word_1_261' title='bbox 557 3187 776 3243; x_wconf 82' lang='lat' dir='ltr'><strong>videat?</strong></span> <span class='ocrx_word' id='word_1_262' title='bbox 801 3219 872 3229; x_wconf 90' lang='lat'><strong>——</strong></span> <span class='ocrx_word' id='word_1_263' title='bbox 903 3186 1134 3243; x_wconf 86' lang='lat' dir='ltr'><strong>Omnem</strong></span> <span class='ocrx_word' id='word_1_264' title='bbox 1176 3186 1308 3245; x_wconf 83' lang='lat' dir='ltr'><strong>vero</strong></span> <span class='ocrx_word' id='word_1_265' title='bbox 1346 3207 1564 3261; x_wconf 82' lang='lat' dir='ltr'><strong>operam</strong></span> <span class='ocrx_word' id='word_1_266' title='bbox 1604 3192 1879 3262; x_wconf 86' lang='lat' dir='ltr'><strong>perdidit,</strong></span> <span class='ocrx_word' id='word_1_267' title='bbox 1917 3201 1978 3246; x_wconf 93' lang='lat' dir='ltr'><strong>ut</strong></span> 
     </span>
    </p>
   </div>
   <div class='ocr_carea' id='block_1_34' title="bbox 399 3276 1978 3351">
    <p class='ocr_par' dir='ltr' id='par_1_34' title="bbox 399 3276 1978 3351">
     <span class='ocr_line' id='line_1_34' title="bbox 399 3276 1978 3351; baseline 0.004 -19"><span class='ocrx_word' id='word_1_268' title='bbox 399 3279 562 3332; x_wconf 85' lang='lat' dir='ltr'><strong>etiam</strong></span> <span class='ocrx_word' id='word_1_269' title='bbox 597 3294 627 3332; x_wconf 89' lang='lat' dir='ltr'><strong>a</strong></span> <span class='ocrx_word' id='word_1_270' title='bbox 659 3276 1113 3333; x_wconf 81' lang='lat' dir='ltr'><strong>Rosenmuellero</strong></span> <span class='ocrx_word' id='word_1_271' title='bbox 1147 3281 1222 3351; x_wconf 79' lang='grc' dir='ltr'>(ε)</span> <span class='ocrx_word' id='word_1_272' title='bbox 1253 3281 1599 3335; x_wconf 84' lang='lat' dir='ltr'><strong>observatum</strong></span> <span class='ocrx_word' id='word_1_273' title='bbox 1623 3292 1745 3347; x_wconf 84' lang='lat' dir='ltr'><strong>est,</strong></span> <span class='ocrx_word' id='word_1_274' title='bbox 1786 3299 1848 3337; x_wconf 93' lang='lat' dir='ltr'><strong>ea</strong></span> <span class='ocrx_word' id='word_1_275' title='bbox 1881 3299 1978 3338; x_wconf 84' lang='lat' dir='ltr'><strong>ex—</strong></span> 
     </span>
    </p>
   </div>
   <div class='ocr_carea' id='block_1_35' title="bbox 400 3367 1979 3441">
    <p class='ocr_par' dir='ltr' id='par_1_35' title="bbox 400 3367 1979 3441">
     <span class='ocr_line' id='line_1_35' title="bbox 400 3367 1979 3441; baseline 0.004 -19"><span class='ocrx_word' id='word_1_276' title='bbox 400 3367 718 3439; x_wconf 90' lang='lat' dir='ltr'><strong>plicaturus,</strong></span> <span class='ocrx_word' id='word_1_277' title='bbox 746 3383 867 3438; x_wconf 71' lang='lat' dir='ltr'><strong>qum</strong></span> <span class='ocrx_word' id='word_1_278' title='bbox 896 3368 964 3423; x_wconf 93' lang='lat' dir='ltr'><strong>de</strong></span> <span class='ocrx_word' id='word_1_279' title='bbox 981 3369 1206 3425; x_wconf 83' lang='lat' dir='ltr'><strong>Joannis</strong></span> <span class='ocrx_word' id='word_1_280' title='bbox 1226 3370 1481 3441; x_wconf 73' lang='lat' dir='ltr'><strong>Baptista:</strong></span> <span class='ocrx_word' id='word_1_281' title='bbox 1496 3373 1619 3426; x_wconf 91' lang='lat' dir='ltr'><strong>cibo</strong></span> <span class='ocrx_word' id='word_1_282' title='bbox 1641 3374 1979 3429; x_wconf 87' lang='lat' dir='ltr'><strong>tradiderunt</strong></span> 
     </span>
    </p>
   </div>
   <div class='ocr_carea' id='block_1_36' title="bbox 399 3459 1978 3534">
    <p class='ocr_par' dir='ltr' id='par_1_36' title="bbox 399 3459 1978 3534">
     <span class='ocr_line' id='line_1_36' title="bbox 399 3459 1978 3534; baseline 0.003 -19"><span class='ocrx_word' id='word_1_283' title='bbox 399 3459 767 3531; x_wconf 58' lang='lat' dir='ltr'><strong>evangelista.</strong></span> <span class='ocrx_word' id='word_1_284' title='bbox 819 3462 1075 3534; x_wconf 83' lang='grc' dir='ltr'>Ἀκρίδας</span> <span class='ocrx_word' id='word_1_285' title='bbox 1108 3461 1256 3516; x_wconf 90' lang='lat' dir='ltr'><strong>enim</strong></span> <span class='ocrx_word' id='word_1_286' title='bbox 1300 3478 1409 3516; x_wconf 92' lang='lat' dir='ltr'><strong>non</strong></span> <span class='ocrx_word' id='word_1_287' title='bbox 1453 3463 1693 3518; x_wconf 88' lang='lat' dir='ltr'><strong>locustas</strong></span> <span class='ocrx_word' id='word_1_288' title='bbox 1729 3479 1852 3531; x_wconf 90' lang='lat' dir='ltr'><strong>esse</strong></span> <span class='ocrx_word' id='word_1_289' title='bbox 1876 3506 1889 3531; x_wconf 92' lang='lat'><strong>,</strong></span> <span class='ocrx_word' id='word_1_290' title='bbox 1924 3466 1978 3520; x_wconf 90' lang='lat' dir='ltr'><strong>in</strong></span> 
     </span>
    </p>
   </div>
   <div class='ocr_carea' id='block_1_37' title="bbox 399 3549 1979 3626">
    <p class='ocr_par' dir='ltr' id='par_1_37' title="bbox 399 3549 1979 3626">
     <span class='ocr_line' id='line_1_37' title="bbox 399 3549 1979 3626; baseline 0.006 -23"><span class='ocrx_word' id='word_1_291' title='bbox 399 3550 629 3620; x_wconf 89' lang='lat' dir='ltr'><strong>epistola</strong></span> <span class='ocrx_word' id='word_1_292' title='bbox 656 3551 725 3606; x_wconf 88' lang='lat' dir='ltr'><strong>ad</strong></span> <span class='ocrx_word' id='word_1_293' title='bbox 757 3549 934 3606; x_wconf 86' lang='lat' dir='ltr'><strong>Nilum</strong></span> <span class='ocrx_word' id='word_1_294' title='bbox 968 3552 1049 3624; x_wconf 81' lang='grc' dir='ltr'><strong>(ά)</strong></span> <span class='ocrx_word' id='word_1_295' title='bbox 1080 3552 1207 3606; x_wconf 90' lang='lat' dir='ltr'><strong>data</strong></span> <span class='ocrx_word' id='word_1_296' title='bbox 1238 3553 1524 3622; x_wconf 88' lang='lat' dir='ltr'><strong>opinatur,</strong></span> <span class='ocrx_word' id='word_1_297' title='bbox 1553 3555 1649 3609; x_wconf 91' lang='lat' dir='ltr'><strong>sed</strong></span> <span class='ocrx_word' id='word_1_298' title='bbox 1673 3555 1979 3626; x_wconf 86' lang='lat' dir='ltr'><strong>plantarum</strong></span> 
     </span>
    </p>
   </div>
   <div class='ocr_carea' id='block_1_38' title="bbox 400 3643 1978 3718">
    <p class='ocr_par' dir='ltr' id='par_1_38' title="bbox 400 3643 1978 3718">
     <span class='ocr_line' id='line_1_38' title="bbox 400 3643 1978 3718; baseline 0.006 -23"><span class='ocrx_word' id='word_1_299' title='bbox 400 3651 674 3697; x_wconf 80' lang='lat' dir='ltr'><strong>extremas</strong></span> <span class='ocrx_word' id='word_1_300' title='bbox 701 3652 913 3713; x_wconf 86' lang='lat' dir='ltr'><strong>partes;</strong></span> <span class='ocrx_word' id='word_1_301' title='bbox 937 3643 1121 3714; x_wconf 90' lang='lat' dir='ltr'><strong>itaque</strong></span> <span class='ocrx_word' id='word_1_302' title='bbox 1142 3645 1368 3699; x_wconf 89' lang='lat' dir='ltr'><strong>verbum</strong></span> <span class='ocrx_word' id='word_1_303' title='bbox 1394 3645 1556 3715; x_wconf 81' lang='grc' dir='ltr'>ἄχρις</span> <span class='ocrx_word' id='word_1_304' title='bbox 1581 3657 1978 3718; x_wconf 82' lang='lat' dir='ltr'><strong>paroxytonon,</strong></span> 
     </span>
    </p>
   </div>
   <div class='ocr_carea' id='block_1_39' title="bbox 402 3732 1983 3804">
    <p class='ocr_par' dir='ltr' id='par_1_39' title="bbox 402 3732 1983 3804">
     <span class='ocr_line' id='line_1_39' title="bbox 402 3732 1983 3804; baseline 0.005 -18"><span class='ocrx_word' id='word_1_305' title='bbox 402 3738 462 3786; x_wconf 88' lang='lat' dir='ltr'><strong>et</strong></span> <span class='ocrx_word' id='word_1_306' title='bbox 491 3732 654 3803; x_wconf 79' lang='grc' dir='ltr'>ἀκρίς</span> <span class='ocrx_word' id='word_1_307' title='bbox 687 3742 965 3804; x_wconf 78' lang='lat' dir='ltr'><strong>oxytonon</strong></span> <span class='ocrx_word' id='word_1_308' title='bbox 1004 3736 1362 3789; x_wconf 89' lang='lat' dir='ltr'><strong>commutavit</strong></span> <span class='ocrx_word' id='word_1_309' title='bbox 1399 3735 1540 3790; x_wconf 90' lang='lat' dir='ltr'><strong>inter</strong></span> <span class='ocrx_word' id='word_1_310' title='bbox 1588 3752 1732 3793; x_wconf 90' lang='lat' dir='ltr'><strong>sese.</strong></span> <span class='ocrx_word' id='word_1_311' title='bbox 1764 3768 1837 3778; x_wconf 90' lang='lat'><strong><em>—</em></strong></span> <span class='ocrx_word' id='word_1_312' title='bbox 1872 3738 1983 3794; x_wconf 87' lang='lat' dir='ltr'><strong>Ne-</strong></span> 
     </span>
    </p>
   </div>
   <div class='ocr_carea' id='block_1_40' title="bbox 401 3823 1979 3899">
    <p class='ocr_par' dir='ltr' id='par_1_40' title="bbox 401 3823 1979 3899">
     <span class='ocr_line' id='line_1_40' title="bbox 401 3823 1979 3899; baseline 0.004 -23"><span class='ocrx_word' id='word_1_313' title='bbox 401 3836 544 3890; x_wconf 82' lang='lat' dir='ltr'><strong>que,</strong></span> <span class='ocrx_word' id='word_1_314' title='bbox 571 3823 617 3877; x_wconf 93' lang='lat' dir='ltr'><strong>si</strong></span> <span class='ocrx_word' id='word_1_315' title='bbox 648 3838 837 3878; x_wconf 89' lang='lat' dir='ltr'><strong>verum</strong></span> <span class='ocrx_word' id='word_1_316' title='bbox 867 3833 1048 3888; x_wconf 92' lang='lat' dir='ltr'><strong>esset,</strong></span> <span class='ocrx_word' id='word_1_317' title='bbox 1077 3823 1222 3893; x_wconf 91' lang='lat' dir='ltr'><strong>quod</strong></span> <span class='ocrx_word' id='word_1_318' title='bbox 1258 3832 1416 3893; x_wconf 90' lang='lat' dir='ltr'><strong>putat</strong></span> <span class='ocrx_word' id='word_1_319' title='bbox 1440 3825 1710 3895; x_wconf 88' lang='lat' dir='ltr'><strong>Dupinius</strong></span> <span class='ocrx_word' id='word_1_320' title='bbox 1742 3826 1838 3899; x_wconf 89' lang='lat' dir='ltr'><strong>(e),</strong></span> <span class='ocrx_word' id='word_1_321' title='bbox 1875 3828 1979 3883; x_wconf 91' lang='lat' dir='ltr'><strong>Isi-</strong></span> 
     </span>
    </p>
   </div>
   <div class='ocr_carea' id='block_1_41' title="bbox 400 3915 1978 3989">
    <p class='ocr_par' dir='ltr' id='par_1_41' title="bbox 400 3915 1978 3989">
     <span class='ocr_line' id='line_1_41' title="bbox 400 3915 1978 3989; baseline 0.003 -19"><span class='ocrx_word' id='word_1_322' title='bbox 400 3915 595 3971; x_wconf 90' lang='lat' dir='ltr'><strong>dorum</strong></span> <span class='ocrx_word' id='word_1_323' title='bbox 620 3915 676 3969; x_wconf 90' lang='lat' dir='ltr'><strong>in</strong></span> <span class='ocrx_word' id='word_1_324' title='bbox 711 3931 819 3969; x_wconf 90' lang='lat' dir='ltr'><strong>una</strong></span> <span class='ocrx_word' id='word_1_325' title='bbox 846 3916 1153 3986; x_wconf 87' lang='lat' dir='ltr'><strong>eademque</strong></span> <span class='ocrx_word' id='word_1_326' title='bbox 1185 3916 1416 3987; x_wconf 85' lang='lat' dir='ltr'><strong>epistola</strong></span> <span class='ocrx_word' id='word_1_327' title='bbox 1460 3917 1525 3988; x_wconf 75' lang='grc' dir='ltr'><strong>(ι’)</strong></span> <span class='ocrx_word' id='word_1_328' title='bbox 1558 3918 1776 3989; x_wconf 90' lang='lat' dir='ltr'><strong>aliquod</strong></span> <span class='ocrx_word' id='word_1_329' title='bbox 1824 3918 1978 3975; x_wconf 89' lang='lat' dir='ltr'><strong>Pauli</strong></span> 
     </span>
    </p>
   </div>
   <div class='ocr_carea' id='block_1_42' title="bbox 402 4007 1981 4081">
    <p class='ocr_par' dir='ltr' id='par_1_42' title="bbox 402 4007 1981 4081">
     <span class='ocr_line' id='line_1_42' title="bbox 402 4007 1981 4081; baseline 0.003 -17"><span class='ocrx_word' id='word_1_330' title='bbox 402 4008 632 4079; x_wconf 88' lang='lat' dir='ltr'><strong>apostoli</strong></span> <span class='ocrx_word' id='word_1_331' title='bbox 662 4007 867 4062; x_wconf 90' lang='lat' dir='ltr'><strong>dictum</strong></span> <span class='ocrx_word' id='word_1_332' title='bbox 902 4007 1121 4063; x_wconf 90' lang='lat' dir='ltr'><strong>diverso</strong></span> <span class='ocrx_word' id='word_1_333' title='bbox 1155 4008 1318 4063; x_wconf 90' lang='lat' dir='ltr'><strong>modo</strong></span> <span class='ocrx_word' id='word_1_334' title='bbox 1345 4008 1526 4064; x_wconf 89' lang='lat' dir='ltr'><strong>decies</strong></span> <span class='ocrx_word' id='word_1_335' title='bbox 1558 4010 1879 4081; x_wconf 81' lang='lat' dir='ltr'><strong>explicasse,</strong></span> <span class='ocrx_word' id='word_1_336' title='bbox 1914 4027 1981 4068; x_wconf 89' lang='lat' dir='ltr'><strong>eo</strong></span> 
     </span>
    </p>
   </div>
   <div class='ocr_carea' id='block_1_43' title="bbox 403 4099 1981 4175">
    <p class='ocr_par' dir='ltr' id='par_1_43' title="bbox 403 4099 1981 4175">
     <span class='ocr_line' id='line_1_43' title="bbox 403 4099 1981 4175; baseline 0.001 -18"><span class='ocrx_word' id='word_1_337' title='bbox 403 4102 649 4172; x_wconf 87' lang='lat' dir='ltr'><strong>ejusdem</strong></span> <span class='ocrx_word' id='word_1_338' title='bbox 694 4100 913 4171; x_wconf 90' lang='lat' dir='ltr'><strong>probari</strong></span> <span class='ocrx_word' id='word_1_339' title='bbox 961 4108 1148 4171; x_wconf 85' lang='lat' dir='ltr'><strong>posset</strong></span> <span class='ocrx_word' id='word_1_340' title='bbox 1192 4101 1247 4155; x_wconf 89' lang='lat' dir='ltr'><strong>in</strong></span> <span class='ocrx_word' id='word_1_341' title='bbox 1286 4099 1562 4171; x_wconf 88' lang='lat' dir='ltr'><strong>Scriptura</strong></span> <span class='ocrx_word' id='word_1_342' title='bbox 1609 4118 1762 4159; x_wconf 86' lang='lat' dir='ltr'><strong>saera</strong></span> <span class='ocrx_word' id='word_1_343' title='bbox 1794 4105 1981 4175; x_wconf 82' lang='lat' dir='ltr'><strong>expla-</strong></span> 
     </span>
    </p>
   </div>
   <div class='ocr_carea' id='block_1_44' title="bbox 404 4192 1982 4263">
    <p class='ocr_par' dir='ltr' id='par_1_44' title="bbox 404 4192 1982 4263">
     <span class='ocr_line' id='line_1_44' title="bbox 404 4192 1982 4263; baseline 0.003 -16"><span class='ocrx_word' id='word_1_344' title='bbox 404 4194 587 4248; x_wconf 90' lang='lat' dir='ltr'><strong>nanda</strong></span> <span class='ocrx_word' id='word_1_345' title='bbox 612 4193 833 4248; x_wconf 88' lang='lat' dir='ltr'><strong>solertia</strong></span> <span class='ocrx_word' id='word_1_346' title='bbox 854 4233 870 4260; x_wconf 90' lang='lat'><strong>,</strong></span> <span class='ocrx_word' id='word_1_347' title='bbox 900 4192 1031 4263; x_wconf 91' lang='lat' dir='ltr'><strong>quin</strong></span> <span class='ocrx_word' id='word_1_348' title='bbox 1080 4192 1263 4263; x_wconf 91' lang='lat' dir='ltr'><strong>potius</strong></span> <span class='ocrx_word' id='word_1_349' title='bbox 1291 4207 1389 4247; x_wconf 91' lang='lat' dir='ltr'><strong>nos</strong></span> <span class='ocrx_word' id='word_1_350' title='bbox 1424 4192 1527 4248; x_wconf 89' lang='lat' dir='ltr'><strong>hoc</strong></span> <span class='ocrx_word' id='word_1_351' title='bbox 1561 4193 1612 4248; x_wconf 92' lang='lat' dir='ltr'><strong>ei</strong></span> <span class='ocrx_word' id='word_1_352' title='bbox 1644 4206 1982 4252; x_wconf 88' lang='lat' dir='ltr'><strong>verteremus</strong></span> 
     </span>
    </p>
   </div>
   <div class='ocr_carea' id='block_1_45' title="bbox 402 4283 1981 4359">
    <p class='ocr_par' dir='ltr' id='par_1_45' title="bbox 402 4283 1981 4359">
     <span class='ocr_line' id='line_1_45' title="bbox 402 4283 1981 4359; baseline 0.003 -20"><span class='ocrx_word' id='word_1_353' title='bbox 402 4284 559 4348; x_wconf 83' lang='lat' dir='ltr'><strong>vitio,</strong></span> <span class='ocrx_word' id='word_1_354' title='bbox 589 4283 677 4338; x_wconf 92' lang='lat' dir='ltr'><strong>cui</strong></span> <span class='ocrx_word' id='word_1_355' title='bbox 705 4292 887 4338; x_wconf 89' lang='lat' dir='ltr'><strong>tamen</strong></span> <span class='ocrx_word' id='word_1_356' title='bbox 915 4299 1023 4338; x_wconf 92' lang='lat' dir='ltr'><strong>non</strong></span> <span class='ocrx_word' id='word_1_357' title='bbox 1045 4291 1131 4339; x_wconf 91' lang='lat' dir='ltr'><strong>est</strong></span> <span class='ocrx_word' id='word_1_358' title='bbox 1154 4283 1442 4349; x_wconf 79' lang='lat' dir='ltr'><strong>obnoxius,</strong></span> <span class='ocrx_word' id='word_1_359' title='bbox 1468 4299 1593 4339; x_wconf 93' lang='lat' dir='ltr'><strong>cum</strong></span> <span class='ocrx_word' id='word_1_360' title='bbox 1624 4285 1679 4340; x_wconf 92' lang='lat' dir='ltr'><strong>in</strong></span> <span class='ocrx_word' id='word_1_361' title='bbox 1734 4287 1822 4343; x_wconf 91' lang='lat' dir='ltr'><strong>illa</strong></span> <span class='ocrx_word' id='word_1_362' title='bbox 1861 4288 1981 4359; x_wconf 90' lang='lat' dir='ltr'><strong>epi-</strong></span> 
     </span>
    </p>
   </div>
   <div class='ocr_carea' id='block_1_46' title="bbox 415 4372 1979 4453">
    <p class='ocr_par' dir='ltr' id='par_1_46' title="bbox 415 4372 1979 4453">
     <span class='ocr_line' id='line_1_46' title="bbox 415 4372 1979 4453; baseline 0.003 -24"><span class='ocrx_word' id='word_1_363' title='bbox 415 4375 558 4429; x_wconf 77' lang='lat' dir='ltr'><strong>stola</strong></span> <span class='ocrx_word' id='word_1_364' title='bbox 590 4372 746 4430; x_wconf 86' lang='lat' dir='ltr'><strong>Pauli</strong></span> <span class='ocrx_word' id='word_1_365' title='bbox 786 4375 953 4430; x_wconf 82' lang='lat' dir='ltr'><strong>verba</strong></span> <span class='ocrx_word' id='word_1_366' title='bbox 988 4393 1001 4429; x_wconf 92' lang='lat'><strong>:</strong></span> <span class='ocrx_word' id='word_1_367' title='bbox 1052 4375 1167 4429; x_wconf 83' lang='grc' dir='ltr'><strong>Πᾶν</strong></span> <span class='ocrx_word' id='word_1_368' title='bbox 1199 4377 1535 4449; x_wconf 86' lang='grc' dir='ltr'>ἁμάρτημα,</span> <span class='ocrx_word' id='word_1_369' title='bbox 1573 4378 1602 4431; x_wconf 87' lang='lat'><strong>6</strong></span> <span class='ocrx_word' id='word_1_370' title='bbox 1645 4378 1742 4433; x_wconf 77' lang='grc' dir='ltr'><strong>ἐὰν</strong></span> <span class='ocrx_word' id='word_1_371' title='bbox 1776 4382 1979 4453; x_wconf 77' lang='grc' dir='ltr'>ποιήσῃ</span> 
     </span>
    </p>
   </div>
   <div class='ocr_carea' id='block_1_47' title="bbox 2067 540 3095 611">
    <p class='ocr_par' dir='ltr' id='par_1_47' title="bbox 2067 540 3095 611">
     <span class='ocr_line' id='line_1_47' title="bbox 2067 540 3095 611; baseline -0.001 -16"><span class='ocrx_word' id='word_1_372' title='bbox 2067 540 2270 595; x_wconf 90' lang='lat' dir='ltr'><strong>stolum</strong></span> <span class='ocrx_word' id='word_1_373' title='bbox 2293 557 2419 596; x_wconf 87' lang='lat' dir='ltr'><strong>vera</strong></span> <span class='ocrx_word' id='word_1_374' title='bbox 2450 541 2740 611; x_wconf 88' lang='lat' dir='ltr'><strong>scripsisse</strong></span> <span class='ocrx_word' id='word_1_375' title='bbox 2762 540 3095 611; x_wconf 89' lang='lat' dir='ltr'><strong>probaverit.</strong></span> 
     </span>
    </p>
   </div>
   <div class='ocr_carea' id='block_1_48' title="bbox 2134 630 3643 703">
    <p class='ocr_par' dir='ltr' id='par_1_48' title="bbox 2134 630 3643 703">
     <span class='ocr_line' id='line_1_48' title="bbox 2134 630 3643 703; baseline -0.001 -19"><span class='ocrx_word' id='word_1_376' title='bbox 2134 632 2376 702; x_wconf 80' lang='lat' dir='ltr'><strong>Apparet</strong></span> <span class='ocrx_word' id='word_1_377' title='bbox 2401 633 2567 702; x_wconf 89' lang='lat' dir='ltr'><strong>igitur</strong></span> <span class='ocrx_word' id='word_1_378' title='bbox 2587 648 2653 687; x_wconf 81' lang='lat' dir='ltr'><strong>ex</strong></span> <span class='ocrx_word' id='word_1_379' title='bbox 2676 632 2931 687; x_wconf 92' lang='lat' dir='ltr'><strong>omnibus</strong></span> <span class='ocrx_word' id='word_1_380' title='bbox 2960 633 3045 686; x_wconf 88' lang='lat' dir='ltr'><strong>his</strong></span> <span class='ocrx_word' id='word_1_381' title='bbox 3072 632 3354 703; x_wconf 82' lang='lat' dir='ltr'><strong>exemplis,</strong></span> <span class='ocrx_word' id='word_1_382' title='bbox 3378 630 3643 686; x_wconf 90' lang='lat' dir='ltr'><strong>Isidorum</strong></span> 
     </span>
    </p>
   </div>
   <div class='ocr_carea' id='block_1_49' title="bbox 2066 721 3642 793">
    <p class='ocr_par' dir='ltr' id='par_1_49' title="bbox 2066 721 3642 793">
     <span class='ocr_line' id='line_1_49' title="bbox 2066 721 3642 793; baseline -0.003 -15"><span class='ocrx_word' id='word_1_383' title='bbox 2066 721 2455 793; x_wconf 84' lang='lat' dir='ltr'><strong>interpretandi</strong></span> <span class='ocrx_word' id='word_1_384' title='bbox 2475 739 2703 778; x_wconf 84' lang='lat' dir='ltr'><strong>munere</strong></span> <span class='ocrx_word' id='word_1_385' title='bbox 2726 724 2998 779; x_wconf 90' lang='lat' dir='ltr'><strong>interdum</strong></span> <span class='ocrx_word' id='word_1_386' title='bbox 3012 725 3152 779; x_wconf 90' lang='lat' dir='ltr'><strong>bene</strong></span> <span class='ocrx_word' id='word_1_387' title='bbox 3175 724 3420 779; x_wconf 81' lang='lat' dir='ltr'><strong>functum</strong></span> <span class='ocrx_word' id='word_1_388' title='bbox 3446 722 3642 787; x_wconf 77' lang='lat' dir='ltr'><strong>fuisse;</strong></span> 
     </span>
    </p>
   </div>
   <div class='ocr_carea' id='block_1_50' title="bbox 2068 814 3648 886">
    <p class='ocr_par' dir='ltr' id='par_1_50' title="bbox 2068 814 3648 886">
     <span class='ocr_line' id='line_1_50' title="bbox 2068 814 3648 886; baseline -0.003 -16"><span class='ocrx_word' id='word_1_389' title='bbox 2068 815 2322 870; x_wconf 88' lang='lat' dir='ltr'><strong>eumdem</strong></span> <span class='ocrx_word' id='word_1_390' title='bbox 2372 832 2505 871; x_wconf 83' lang='lat' dir='ltr'><strong>vero</strong></span> <span class='ocrx_word' id='word_1_391' title='bbox 2558 814 2862 871; x_wconf 77' lang='lat' dir='ltr'><strong>diliiciliora</strong></span> <span class='ocrx_word' id='word_1_392' title='bbox 2909 816 3113 871; x_wconf 89' lang='lat' dir='ltr'><strong>Christi</strong></span> <span class='ocrx_word' id='word_1_393' title='bbox 3161 826 3218 871; x_wconf 92' lang='lat' dir='ltr'><strong>et</strong></span> <span class='ocrx_word' id='word_1_394' title='bbox 3269 816 3648 886; x_wconf 90' lang='lat' dir='ltr'><strong>apostolorum</strong></span> 
     </span>
    </p>
   </div>
   <div class='ocr_carea' id='block_1_51' title="bbox 2067 904 3645 977">
    <p class='ocr_par' dir='ltr' id='par_1_51' title="bbox 2067 904 3645 977">
     <span class='ocr_line' id='line_1_51' title="bbox 2067 904 3645 977; baseline -0.001 -16"><span class='ocrx_word' id='word_1_395' title='bbox 2067 906 2210 961; x_wconf 88' lang='lat' dir='ltr'><strong>dicta</strong></span> <span class='ocrx_word' id='word_1_396' title='bbox 2259 907 2687 977; x_wconf 78' lang='lat' dir='ltr'><strong>explicaturum,</strong></span> <span class='ocrx_word' id='word_1_397' title='bbox 2731 916 2826 961; x_wconf 92' lang='lat' dir='ltr'><strong>aut</strong></span> <span class='ocrx_word' id='word_1_398' title='bbox 2864 908 3093 961; x_wconf 92' lang='lat' dir='ltr'><strong>aliorum</strong></span> <span class='ocrx_word' id='word_1_399' title='bbox 3138 907 3363 961; x_wconf 89' lang='lat' dir='ltr'><strong>Patrum</strong></span> <span class='ocrx_word' id='word_1_400' title='bbox 3412 904 3645 975; x_wconf 86' lang='lat' dir='ltr'><strong>vestigia</strong></span> 
     </span>
    </p>
   </div>
   <div class='ocr_carea' id='block_1_52' title="bbox 2068 996 3647 1069">
    <p class='ocr_par' dir='ltr' id='par_1_52' title="bbox 2068 996 3647 1069">
     <span class='ocr_line' id='line_1_52' title="bbox 2068 996 3647 1069; baseline -0.001 -16"><span class='ocrx_word' id='word_1_401' title='bbox 2068 1007 2317 1053; x_wconf 88' lang='lat' dir='ltr'><strong>secutum</strong></span> <span class='ocrx_word' id='word_1_402' title='bbox 2348 1014 2491 1063; x_wconf 90' lang='lat' dir='ltr'><strong>esse,</strong></span> <span class='ocrx_word' id='word_1_403' title='bbox 2524 1008 2617 1053; x_wconf 89' lang='lat' dir='ltr'><strong>aut</strong></span> <span class='ocrx_word' id='word_1_404' title='bbox 2649 1015 2838 1069; x_wconf 89' lang='lat' dir='ltr'><strong>parum</strong></span> <span class='ocrx_word' id='word_1_405' title='bbox 2866 1008 3139 1061; x_wconf 88' lang='lat' dir='ltr'><strong>accurate,</strong></span> <span class='ocrx_word' id='word_1_406' title='bbox 3172 1014 3424 1068; x_wconf 61' lang='lat' dir='ltr'><strong>quaenam</strong></span> <span class='ocrx_word' id='word_1_407' title='bbox 3461 996 3647 1053; x_wconf 81' lang='lat' dir='ltr'><strong>verbis</strong></span> 
     </span>
    </p>
   </div>
   <div class='ocr_carea' id='block_1_53' title="bbox 2071 1087 3648 1159">
    <p class='ocr_par' dir='ltr' id='par_1_53' title="bbox 2071 1087 3648 1159">
     <span class='ocr_line' id='line_1_53' title="bbox 2071 1087 3648 1159; baseline -0.003 -14"><span class='ocrx_word' id='word_1_408' title='bbox 2071 1089 2201 1145; x_wconf 89' lang='lat' dir='ltr'><strong>insit</strong></span> <span class='ocrx_word' id='word_1_409' title='bbox 2227 1090 2527 1154; x_wconf 85' lang='lat' dir='ltr'><strong>sententia,</strong></span> <span class='ocrx_word' id='word_1_410' title='bbox 2551 1089 2885 1159; x_wconf 82' lang='lat' dir='ltr'><strong>exposuisse.</strong></span> <span class='ocrx_word' id='word_1_411' title='bbox 2907 1088 3269 1143; x_wconf 85' lang='lat' dir='ltr'><strong>Nihilominus</strong></span> <span class='ocrx_word' id='word_1_412' title='bbox 3299 1096 3480 1142; x_wconf 89' lang='lat' dir='ltr'><strong>tamen</strong></span> <span class='ocrx_word' id='word_1_413' title='bbox 3503 1087 3648 1141; x_wconf 88' lang='lat' dir='ltr'><strong>inter</strong></span> 
     </span>
    </p>
   </div>
   <div class='ocr_carea' id='block_1_54' title="bbox 2072 1181 3646 1251">
    <p class='ocr_par' dir='ltr' id='par_1_54' title="bbox 2072 1181 3646 1251">
     <span class='ocr_line' id='line_1_54' title="bbox 2072 1181 3646 1251; baseline -0.001 -17"><span class='ocrx_word' id='word_1_414' title='bbox 2072 1182 2330 1251; x_wconf 89' lang='lat' dir='ltr'><strong>optimos,</strong></span> <span class='ocrx_word' id='word_1_415' title='bbox 2354 1181 2446 1249; x_wconf 91' lang='lat' dir='ltr'><strong>qui</strong></span> <span class='ocrx_word' id='word_1_416' title='bbox 2464 1181 2555 1235; x_wconf 92' lang='lat' dir='ltr'><strong>illo</strong></span> <span class='ocrx_word' id='word_1_417' title='bbox 2572 1190 2814 1251; x_wconf 87' lang='lat' dir='ltr'><strong>tempore</strong></span> <span class='ocrx_word' id='word_1_418' title='bbox 2838 1181 3157 1244; x_wconf 85' lang='lat' dir='ltr'><strong>ﬂoruerunt,</strong></span> <span class='ocrx_word' id='word_1_419' title='bbox 3186 1181 3515 1249; x_wconf 87' lang='lat' dir='ltr'><strong>interpretes</strong></span> <span class='ocrx_word' id='word_1_420' title='bbox 3540 1194 3646 1233; x_wconf 89' lang='lat' dir='ltr'><strong>nos</strong></span> 
     </span>
    </p>
   </div>
   <div class='ocr_carea' id='block_1_55' title="bbox 2070 1270 3651 1341">
    <p class='ocr_par' dir='ltr' id='par_1_55' title="bbox 2070 1270 3651 1341">
     <span class='ocr_line' id='line_1_55' title="bbox 2070 1270 3651 1341; baseline 0 -16"><span class='ocrx_word' id='word_1_421' title='bbox 2070 1287 2288 1341; x_wconf 90' lang='lat' dir='ltr'><strong>quoque</strong></span> <span class='ocrx_word' id='word_1_422' title='bbox 2319 1288 2444 1325; x_wconf 88' lang='lat' dir='ltr'><strong>eum</strong></span> <span class='ocrx_word' id='word_1_423' title='bbox 2484 1287 2929 1336; x_wconf 87' lang='lat' dir='ltr'><strong>numeraremus,</strong></span> <span class='ocrx_word' id='word_1_424' title='bbox 2978 1273 3021 1327; x_wconf 91' lang='lat' dir='ltr'><strong>si</strong></span> <span class='ocrx_word' id='word_1_425' title='bbox 3062 1282 3177 1326; x_wconf 88' lang='lat' dir='ltr'><strong>arte</strong></span> <span class='ocrx_word' id='word_1_426' title='bbox 3223 1271 3411 1326; x_wconf 85' lang='lat' dir='ltr'><strong>critica</strong></span> <span class='ocrx_word' id='word_1_427' title='bbox 3450 1270 3651 1325; x_wconf 83' lang='lat' dir='ltr'><strong>melius</strong></span> 
     </span>
    </p>
   </div>
   <div class='ocr_carea' id='block_1_56' title="bbox 2073 1362 3646 1434">
    <p class='ocr_par' dir='ltr' id='par_1_56' title="bbox 2073 1362 3646 1434">
     <span class='ocr_line' id='line_1_56' title="bbox 2073 1362 3646 1434; baseline -0.001 -17"><span class='ocrx_word' id='word_1_428' title='bbox 2073 1371 2340 1427; x_wconf 90' lang='lat' dir='ltr'><strong>uteretur,</strong></span> <span class='ocrx_word' id='word_1_429' title='bbox 2384 1372 2439 1416; x_wconf 89' lang='lat' dir='ltr'><strong>et</strong></span> <span class='ocrx_word' id='word_1_430' title='bbox 2483 1363 2689 1417; x_wconf 87' lang='lat' dir='ltr'><strong>insanis</strong></span> <span class='ocrx_word' id='word_1_431' title='bbox 2723 1364 2904 1420; x_wconf 89' lang='lat' dir='ltr'><strong>minus</strong></span> <span class='ocrx_word' id='word_1_432' title='bbox 2938 1364 3302 1420; x_wconf 78' lang='lat' dir='ltr'><strong>delectaretur</strong></span> <span class='ocrx_word' id='word_1_433' title='bbox 3347 1362 3646 1434; x_wconf 78' lang='lat' dir='ltr'><strong>allegoriis.</strong></span> 
     </span>
    </p>
   </div>
   <div class='ocr_carea' id='block_1_57' title="bbox 2074 1454 3645 1526">
    <p class='ocr_par' dir='ltr' id='par_1_57' title="bbox 2074 1454 3645 1526">
     <span class='ocr_line' id='line_1_57' title="bbox 2074 1454 3645 1526; baseline -0.002 -16"><span class='ocrx_word' id='word_1_434' title='bbox 2074 1456 2286 1511; x_wconf 81' lang='lat' dir='ltr'><strong>Etenim</strong></span> <span class='ocrx_word' id='word_1_435' title='bbox 2327 1473 2357 1511; x_wconf 93' lang='lat' dir='ltr'><strong>a</strong></span> <span class='ocrx_word' id='word_1_436' title='bbox 2396 1455 2640 1524; x_wconf 89' lang='lat' dir='ltr'><strong>partibus</strong></span> <span class='ocrx_word' id='word_1_437' title='bbox 2676 1456 3109 1513; x_wconf 79' lang='lat' dir='ltr'><strong>Roseumuelleri</strong></span> <span class='ocrx_word' id='word_1_438' title='bbox 3134 1498 3149 1523; x_wconf 89' lang='lat'><strong>,</strong></span> <span class='ocrx_word' id='word_1_439' title='bbox 3181 1456 3275 1526; x_wconf 85' lang='lat' dir='ltr'><strong>qui</strong></span> <span class='ocrx_word' id='word_1_440' title='bbox 3312 1471 3544 1521; x_wconf 89' lang='lat' dir='ltr'><strong>omnes,</strong></span> <span class='ocrx_word' id='word_1_441' title='bbox 3583 1454 3645 1508; x_wconf 89' lang='lat' dir='ltr'><strong>in</strong></span> 
     </span>
    </p>
   </div>
   <div class='ocr_carea' id='block_1_58' title="bbox 2070 1545 3651 1619">
    <p class='ocr_par' dir='ltr' id='par_1_58' title="bbox 2070 1545 3651 1619">
     <span class='ocr_line' id='line_1_58' title="bbox 2070 1545 3651 1619; baseline 0 -19"><span class='ocrx_word' id='word_1_442' title='bbox 2070 1549 2269 1617; x_wconf 84' lang='lat' dir='ltr'><strong>quibus</strong></span> <span class='ocrx_word' id='word_1_443' title='bbox 2303 1547 2515 1604; x_wconf 88' lang='lat' dir='ltr'><strong>Veteris</strong></span> <span class='ocrx_word' id='word_1_444' title='bbox 2547 1550 2789 1619; x_wconf 84' lang='lat' dir='ltr'><strong>Novique</strong></span> <span class='ocrx_word' id='word_1_445' title='bbox 2818 1548 3150 1603; x_wconf 87' lang='lat' dir='ltr'><strong>Testamenti</strong></span> <span class='ocrx_word' id='word_1_446' title='bbox 3200 1549 3318 1603; x_wconf 87' lang='lat' dir='ltr'><strong>loca</strong></span> <span class='ocrx_word' id='word_1_447' title='bbox 3346 1548 3415 1603; x_wconf 89' lang='lat' dir='ltr'><strong>ab</strong></span> <span class='ocrx_word' id='word_1_448' title='bbox 3442 1545 3651 1600; x_wconf 88' lang='lat' dir='ltr'><strong>Isidoro</strong></span> 
     </span>
    </p>
   </div>
   <div class='ocr_carea' id='block_1_59' title="bbox 2077 1639 3651 1711">
    <p class='ocr_par' dir='ltr' id='par_1_59' title="bbox 2077 1639 3651 1711">
     <span class='ocr_line' id='line_1_59' title="bbox 2077 1639 3651 1711; baseline -0.001 -19"><span class='ocrx_word' id='word_1_449' title='bbox 2077 1639 2362 1710; x_wconf 82' lang='lat' dir='ltr'><strong>allegorice</strong></span> <span class='ocrx_word' id='word_1_450' title='bbox 2392 1641 2653 1711; x_wconf 80' lang='lat' dir='ltr'><strong>explicata</strong></span> <span class='ocrx_word' id='word_1_451' title='bbox 2685 1649 2841 1708; x_wconf 86' lang='lat' dir='ltr'><strong>sunt,</strong></span> <span class='ocrx_word' id='word_1_452' title='bbox 2877 1657 2984 1694; x_wconf 90' lang='lat' dir='ltr'><strong>non</strong></span> <span class='ocrx_word' id='word_1_453' title='bbox 3014 1656 3136 1695; x_wconf 89' lang='lat' dir='ltr'><strong>esse</strong></span> <span class='ocrx_word' id='word_1_454' title='bbox 3160 1641 3229 1695; x_wconf 91' lang='lat' dir='ltr'><strong>ab</strong></span> <span class='ocrx_word' id='word_1_455' title='bbox 3270 1640 3388 1710; x_wconf 91' lang='lat' dir='ltr'><strong>ipso</strong></span> <span class='ocrx_word' id='word_1_456' title='bbox 3414 1639 3651 1709; x_wconf 90' lang='lat' dir='ltr'><strong>scriptas</strong></span> 
     </span>
    </p>
   </div>
   <div class='ocr_carea' id='block_1_60' title="bbox 2073 1732 3647 1803">
    <p class='ocr_par' dir='ltr' id='par_1_60' title="bbox 2073 1732 3647 1803">
     <span class='ocr_line' id='line_1_60' title="bbox 2073 1732 3647 1803; baseline -0.001 -17"><span class='ocrx_word' id='word_1_457' title='bbox 2073 1732 2383 1801; x_wconf 86' lang='lat' dir='ltr'><strong>suspicatur</strong></span> <span class='ocrx_word' id='word_1_458' title='bbox 2399 1741 2543 1787; x_wconf 90' lang='lat' dir='ltr'><strong>stare</strong></span> <span class='ocrx_word' id='word_1_459' title='bbox 2557 1748 2664 1787; x_wconf 89' lang='lat' dir='ltr'><strong>non</strong></span> <span class='ocrx_word' id='word_1_460' title='bbox 2687 1747 3011 1803; x_wconf 86' lang='lat' dir='ltr'><strong>possumus;</strong></span> <span class='ocrx_word' id='word_1_461' title='bbox 3038 1732 3231 1803; x_wconf 87' lang='lat' dir='ltr'><strong>quiain</strong></span> <span class='ocrx_word' id='word_1_462' title='bbox 3260 1741 3512 1802; x_wconf 91' lang='lat' dir='ltr'><strong>promptu</strong></span> <span class='ocrx_word' id='word_1_463' title='bbox 3548 1740 3647 1792; x_wconf 54' lang='lat' dir='ltr'><strong>est,</strong></span> 
     </span>
    </p>
   </div>
   <div class='ocr_carea' id='block_1_61' title="bbox 2072 1819 3654 1893">
    <p class='ocr_par' dir='ltr' id='par_1_61' title="bbox 2072 1819 3654 1893">
     <span class='ocr_line' id='line_1_61' title="bbox 2072 1819 3654 1893; baseline -0.001 -18"><span class='ocrx_word' id='word_1_464' title='bbox 2072 1822 2244 1885; x_wconf 88' lang='lat' dir='ltr'><strong>illum,</strong></span> <span class='ocrx_word' id='word_1_465' title='bbox 2269 1822 2614 1893; x_wconf 91' lang='lat' dir='ltr'><strong>alioquisatis</strong></span> <span class='ocrx_word' id='word_1_466' title='bbox 2631 1830 2872 1888; x_wconf 91' lang='lat' dir='ltr'><strong>cautum,</strong></span> <span class='ocrx_word' id='word_1_467' title='bbox 2895 1832 3142 1892; x_wconf 68' lang='lat' dir='ltr'><strong>aut,quaa</strong></span> <span class='ocrx_word' id='word_1_468' title='bbox 3161 1821 3464 1876; x_wconf 83' lang='lat' dir='ltr'><strong>Ileumanni</strong></span> <span class='ocrx_word' id='word_1_469' title='bbox 3487 1819 3654 1874; x_wconf 81' lang='lat' dir='ltr'><strong>fuerit</strong></span> 
     </span>
    </p>
   </div>
   <div class='ocr_carea' id='block_1_62' title="bbox 2072 1909 3654 1981">
    <p class='ocr_par' dir='ltr' id='par_1_62' title="bbox 2072 1909 3654 1981">
     <span class='ocr_line' id='line_1_62' title="bbox 2072 1909 3654 1981; baseline -0.003 -15"><span class='ocrx_word' id='word_1_470' title='bbox 2072 1911 2363 1974; x_wconf 87' lang='lat' dir='ltr'><strong>sententia,</strong></span> <span class='ocrx_word' id='word_1_471' title='bbox 2398 1928 2504 1965; x_wconf 88' lang='lat' dir='ltr'><strong>non</strong></span> <span class='ocrx_word' id='word_1_472' title='bbox 2536 1912 2885 1977; x_wconf 75' lang='lat' dir='ltr'><strong>intellexisse,</strong></span> <span class='ocrx_word' id='word_1_473' title='bbox 2931 1920 3027 1965; x_wconf 89' lang='lat' dir='ltr'><strong>aut</strong></span> <span class='ocrx_word' id='word_1_474' title='bbox 3055 1911 3302 1981; x_wconf 84' lang='lat' dir='ltr'><strong>ejusdem</strong></span> <span class='ocrx_word' id='word_1_475' title='bbox 3335 1911 3404 1965; x_wconf 91' lang='lat' dir='ltr'><strong>de</strong></span> <span class='ocrx_word' id='word_1_476' title='bbox 3442 1909 3654 1963; x_wconf 90' lang='lat' dir='ltr'><strong>Isidoro</strong></span> 
     </span>
    </p>
   </div>
   <div class='ocr_carea' id='block_1_63' title="bbox 2072 2000 3653 2073">
    <p class='ocr_par' dir='ltr' id='par_1_63' title="bbox 2072 2000 3653 2073">
     <span class='ocr_line' id='line_1_63' title="bbox 2072 2000 3653 2073; baseline -0.003 -15"><span class='ocrx_word' id='word_1_477' title='bbox 2072 2003 2298 2073; x_wconf 82' lang='lat' dir='ltr'><strong>ejusque</strong></span> <span class='ocrx_word' id='word_1_478' title='bbox 2328 2004 2543 2073; x_wconf 91' lang='lat' dir='ltr'><strong>scriptis</strong></span> <span class='ocrx_word' id='word_1_479' title='bbox 2565 2003 3082 2058; x_wconf 85' lang='lat' dir='ltr'><strong>commentationem</strong></span> <span class='ocrx_word' id='word_1_480' title='bbox 3108 2018 3176 2057; x_wconf 93' lang='lat' dir='ltr'><strong>ne</strong></span> <span class='ocrx_word' id='word_1_481' title='bbox 3193 2002 3388 2073; x_wconf 78' lang='lat' dir='ltr'><strong>legisse</strong></span> <span class='ocrx_word' id='word_1_482' title='bbox 3410 2000 3653 2071; x_wconf 89' lang='lat' dir='ltr'><strong>quidem.</strong></span> 
     </span>
    </p>
   </div>
   <div class='ocr_carea' id='block_1_64' title="bbox 2071 2090 3650 2163">
    <p class='ocr_par' dir='ltr' id='par_1_64' title="bbox 2071 2090 3650 2163">
     <span class='ocr_line' id='line_1_64' title="bbox 2071 2090 3650 2163; baseline -0.003 -16"><span class='ocrx_word' id='word_1_483' title='bbox 2071 2090 2272 2147; x_wconf 86' lang='lat' dir='ltr'><strong>Scribit</strong></span> <span class='ocrx_word' id='word_1_484' title='bbox 2304 2093 2451 2148; x_wconf 90' lang='lat' dir='ltr'><strong>enim</strong></span> <span class='ocrx_word' id='word_1_485' title='bbox 2483 2110 2496 2146; x_wconf 89' lang='lat'><strong>:</strong></span> <span class='ocrx_word' id='word_1_486' title='bbox 2530 2090 2998 2162; x_wconf 80' lang='lat' dir='ltr'><strong>Interpretationes</strong></span> <span class='ocrx_word' id='word_1_487' title='bbox 3029 2091 3343 2163; x_wconf 82' lang='lat' dir='ltr'><strong>allegoricus</strong></span> <span class='ocrx_word' id='word_1_488' title='bbox 3373 2106 3650 2161; x_wconf 86' lang='lat' dir='ltr'><strong>gramma-</strong></span> 
     </span>
    </p>
   </div>
   <div class='ocr_carea' id='block_1_65' title="bbox 2074 2182 3655 2255">
    <p class='ocr_par' dir='ltr' id='par_1_65' title="bbox 2074 2182 3655 2255">
     <span class='ocr_line' id='line_1_65' title="bbox 2074 2182 3655 2255; baseline -0.003 -17"><span class='ocrx_word' id='word_1_489' title='bbox 2074 2186 2188 2240; x_wconf 63' lang='lat' dir='ltr'><strong>tica</strong></span> <span class='ocrx_word' id='word_1_490' title='bbox 2218 2184 2669 2255; x_wconf 85' lang='lat' dir='ltr'><strong>interpretationis</strong></span> <span class='ocrx_word' id='word_1_491' title='bbox 2696 2184 3085 2238; x_wconf 77' lang='lat' dir='ltr'><strong>studiosissimo</strong></span> <span class='ocrx_word' id='word_1_492' title='bbox 3115 2184 3249 2237; x_wconf 87' lang='lat' dir='ltr'><strong>adeo</strong></span> <span class='ocrx_word' id='word_1_493' title='bbox 3283 2182 3514 2251; x_wconf 73' lang='lat' dir='ltr'><strong>indignor</strong></span> <span class='ocrx_word' id='word_1_494' title='bbox 3538 2194 3655 2234; x_wconf 89' lang='lat' dir='ltr'><strong>esse</strong></span> 
     </span>
    </p>
   </div>
   <div class='ocr_carea' id='block_1_66' title="bbox 2072 2269 3655 2345">
    <p class='ocr_par' dir='ltr' id='par_1_66' title="bbox 2072 2269 3655 2345">
     <span class='ocr_line' id='line_1_66' title="bbox 2072 2269 3655 2345; baseline -0.003 -16"><span class='ocrx_word' id='word_1_495' title='bbox 2072 2276 2339 2343; x_wconf 79' lang='lat' dir='ltr'><strong>uidentur,</strong></span> <span class='ocrx_word' id='word_1_496' title='bbox 2369 2284 2425 2337; x_wconf 79' lang='lat' dir='ltr'><strong>ut</strong></span> <span class='ocrx_word' id='word_1_497' title='bbox 2464 2292 2567 2329; x_wconf 87' lang='lat' dir='ltr'><strong>non</strong></span> <span class='ocrx_word' id='word_1_498' title='bbox 2594 2292 2732 2329; x_wconf 86' lang='lat' dir='ltr'><strong>vana</strong></span> <span class='ocrx_word' id='word_1_499' title='bbox 2777 2276 2847 2329; x_wconf 89' lang='lat' dir='ltr'><strong>sit</strong></span> <span class='ocrx_word' id='word_1_500' title='bbox 2874 2275 3126 2345; x_wconf 77' lang='lat' dir='ltr'><strong>suspicio,</strong></span> <span class='ocrx_word' id='word_1_501' title='bbox 3161 2290 3264 2328; x_wconf 86' lang='lat' dir='ltr'><strong>non</strong></span> <span class='ocrx_word' id='word_1_502' title='bbox 3293 2274 3498 2343; x_wconf 87' lang='lat' dir='ltr'><strong>quidem</strong></span> <span class='ocrx_word' id='word_1_503' title='bbox 3534 2269 3655 2341; x_wconf 82' lang='lat' dir='ltr'><strong>ple-</strong></span> 
     </span>
    </p>
   </div>
   <div class='ocr_carea' id='block_1_67' title="bbox 2074 2363 3657 2437">
    <p class='ocr_par' dir='ltr' id='par_1_67' title="bbox 2074 2363 3657 2437">
     <span class='ocr_line' id='line_1_67' title="bbox 2074 2363 3657 2437; baseline -0.002 -18"><span class='ocrx_word' id='word_1_504' title='bbox 2074 2383 2285 2437; x_wconf 68' lang='lat' dir='ltr'><strong>rasque,</strong></span> <span class='ocrx_word' id='word_1_505' title='bbox 2318 2377 2375 2420; x_wconf 89' lang='lat' dir='ltr'><strong>ut</strong></span> <span class='ocrx_word' id='word_1_506' title='bbox 2400 2367 2569 2420; x_wconf 85' lang='lat' dir='ltr'><strong>visum</strong></span> <span class='ocrx_word' id='word_1_507' title='bbox 2599 2375 2675 2420; x_wconf 88' lang='lat' dir='ltr'><strong>est</strong></span> <span class='ocrx_word' id='word_1_508' title='bbox 2709 2365 2796 2420; x_wconf 84' lang='lat' dir='ltr'><strong>Jo.</strong></span> <span class='ocrx_word' id='word_1_509' title='bbox 2822 2366 2961 2437; x_wconf 81' lang='lat' dir='ltr'><strong>Aug.</strong></span> <span class='ocrx_word' id='word_1_510' title='bbox 2991 2370 3327 2427; x_wconf 84' lang='lat' dir='ltr'><strong>Heumanno,</strong></span> <span class='ocrx_word' id='word_1_511' title='bbox 3353 2363 3546 2417; x_wconf 81' lang='lat' dir='ltr'><strong>multas</strong></span> <span class='ocrx_word' id='word_1_512' title='bbox 3574 2372 3657 2416; x_wconf 80' lang='lat' dir='ltr'><strong>ta-</strong></span> 
     </span>
    </p>
   </div>
   <div class='ocr_carea' id='block_1_68' title="bbox 2073 2454 3650 2527">
    <p class='ocr_par' dir='ltr' id='par_1_68' title="bbox 2073 2454 3650 2527">
     <span class='ocr_line' id='line_1_68' title="bbox 2073 2454 3650 2527; baseline 0 -17"><span class='ocrx_word' id='word_1_513' title='bbox 2073 2473 2211 2520; x_wconf 86' lang='lat' dir='ltr'><strong>men,</strong></span> <span class='ocrx_word' id='word_1_514' title='bbox 2250 2472 2367 2527; x_wconf 74' lang='lat' dir='ltr'><strong>qua:</strong></span> <span class='ocrx_word' id='word_1_515' title='bbox 2400 2457 2447 2509; x_wconf 85' lang='lat' dir='ltr'><strong>ei</strong></span> <span class='ocrx_word' id='word_1_516' title='bbox 2479 2458 2801 2523; x_wconf 84' lang='lat' dir='ltr'><strong>tribuuntur,</strong></span> <span class='ocrx_word' id='word_1_517' title='bbox 2828 2456 3073 2527; x_wconf 78' lang='lat' dir='ltr'><strong>epistolas</strong></span> <span class='ocrx_word' id='word_1_518' title='bbox 3102 2454 3344 2510; x_wconf 74' lang='lat' dir='ltr'><strong>sublesta:</strong></span> <span class='ocrx_word' id='word_1_519' title='bbox 3363 2471 3473 2510; x_wconf 83' lang='lat' dir='ltr'><strong>esse</strong></span> <span class='ocrx_word' id='word_1_520' title='bbox 3501 2455 3650 2525; x_wconf 78' lang='lat' dir='ltr'><strong>ﬁdei.</strong></span> 
     </span>
    </p>
   </div>
   <div class='ocr_carea' id='block_1_69' title="bbox 2072 2548 3656 2620">
    <p class='ocr_par' dir='ltr' id='par_1_69' title="bbox 2072 2548 3656 2620">
     <span class='ocr_line' id='line_1_69' title="bbox 2072 2548 3656 2620; baseline -0.001 -17"><span class='ocrx_word' id='word_1_521' title='bbox 2072 2580 2143 2591; x_wconf 92' lang='lat'><strong><em>—</em></strong></span> <span class='ocrx_word' id='word_1_522' title='bbox 2178 2548 2365 2619; x_wconf 86' lang='lat' dir='ltr'><strong>Neque</strong></span> <span class='ocrx_word' id='word_1_523' title='bbox 2396 2558 2598 2613; x_wconf 89' lang='lat' dir='ltr'><strong>tamen,</strong></span> <span class='ocrx_word' id='word_1_524' title='bbox 2627 2549 2847 2619; x_wconf 86' lang='lat' dir='ltr'><strong>quinam</strong></span> <span class='ocrx_word' id='word_1_525' title='bbox 2887 2549 3072 2616; x_wconf 82' lang='lat' dir='ltr'><strong>fuerit,</strong></span> <span class='ocrx_word' id='word_1_526' title='bbox 3115 2550 3227 2613; x_wconf 93' lang='lat' dir='ltr'><strong>illo,</strong></span> <span class='ocrx_word' id='word_1_527' title='bbox 3257 2564 3368 2620; x_wconf 93' lang='lat' dir='ltr'><strong>quo</strong></span> <span class='ocrx_word' id='word_1_528' title='bbox 3406 2548 3656 2603; x_wconf 85' lang='lat' dir='ltr'><strong>Isidorus</strong></span> 
     </span>
    </p>
   </div>
   <div class='ocr_carea' id='block_1_70' title="bbox 2073 2639 3655 2711">
    <p class='ocr_par' dir='ltr' id='par_1_70' title="bbox 2073 2639 3655 2711">
     <span class='ocr_line' id='line_1_70' title="bbox 2073 2639 3655 2711; baseline -0.002 -15"><span class='ocrx_word' id='word_1_529' title='bbox 2073 2639 2237 2707; x_wconf 78' lang='lat' dir='ltr'><strong>vixit,</strong></span> <span class='ocrx_word' id='word_1_530' title='bbox 2266 2656 2381 2695; x_wconf 67' lang='lat' dir='ltr'><strong>aevo</strong></span> <span class='ocrx_word' id='word_1_531' title='bbox 2421 2640 2553 2695; x_wconf 91' lang='lat' dir='ltr'><strong>artis</strong></span> <span class='ocrx_word' id='word_1_532' title='bbox 2593 2640 3013 2696; x_wconf 66' lang='lat' dir='ltr'><strong>hermeneuticae</strong></span> <span class='ocrx_word' id='word_1_533' title='bbox 3041 2640 3329 2710; x_wconf 88' lang='lat' dir='ltr'><strong>omnisque</strong></span> <span class='ocrx_word' id='word_1_534' title='bbox 3360 2639 3655 2711; x_wconf 60' lang='lat' dir='ltr'><strong>theologia</strong></span> 
     </span>
    </p>
   </div>
   <div class='ocr_carea' id='block_1_71' title="bbox 2076 2732 3655 2803">
    <p class='ocr_par' dir='ltr' id='par_1_71' title="bbox 2076 2732 3655 2803">
     <span class='ocr_line' id='line_1_71' title="bbox 2076 2732 3655 2803; baseline -0.001 -16"><span class='ocrx_word' id='word_1_535' title='bbox 2076 2742 2269 2798; x_wconf 86' lang='lat' dir='ltr'><strong>status,</strong></span> <span class='ocrx_word' id='word_1_536' title='bbox 2315 2732 2371 2786; x_wconf 91' lang='lat' dir='ltr'><strong>in</strong></span> <span class='ocrx_word' id='word_1_537' title='bbox 2403 2732 2718 2787; x_wconf 87' lang='lat' dir='ltr'><strong>memoriam</strong></span> <span class='ocrx_word' id='word_1_538' title='bbox 2760 2743 3080 2788; x_wconf 90' lang='lat' dir='ltr'><strong>revocantes</strong></span> <span class='ocrx_word' id='word_1_539' title='bbox 3108 2732 3430 2788; x_wconf 81' lang='lat' dir='ltr'><strong>Iieumanno</strong></span> <span class='ocrx_word' id='word_1_540' title='bbox 3452 2747 3655 2803; x_wconf 89' lang='lat' dir='ltr'><strong>possu-</strong></span> 
     </span>
    </p>
   </div>
   <div class='ocr_carea' id='block_1_72' title="bbox 2077 2824 3657 2894">
    <p class='ocr_par' dir='ltr' id='par_1_72' title="bbox 2077 2824 3657 2894">
     <span class='ocr_line' id='line_1_72' title="bbox 2077 2824 3657 2894; baseline 0 -17"><span class='ocrx_word' id='word_1_541' title='bbox 2077 2839 2199 2878; x_wconf 87' lang='lat' dir='ltr'><strong>mus</strong></span> <span class='ocrx_word' id='word_1_542' title='bbox 2227 2825 2517 2890; x_wconf 89' lang='lat' dir='ltr'><strong>assentiri,</strong></span> <span class='ocrx_word' id='word_1_543' title='bbox 2550 2824 2643 2894; x_wconf 92' lang='lat' dir='ltr'><strong>qui</strong></span> <span class='ocrx_word' id='word_1_544' title='bbox 2694 2825 2851 2881; x_wconf 83' lang='lat' dir='ltr'><strong>malis</strong></span> <span class='ocrx_word' id='word_1_545' title='bbox 2888 2824 3150 2880; x_wconf 90' lang='lat' dir='ltr'><strong>Isidorum</strong></span> <span class='ocrx_word' id='word_1_546' title='bbox 3178 2824 3657 2879; x_wconf 85' lang='lat' dir='ltr'><strong>annumerandum</strong></span> 
     </span>
    </p>
   </div>
   <div class='ocr_carea' id='block_1_73' title="bbox 2076 2914 3656 2986">
    <p class='ocr_par' dir='ltr' id='par_1_73' title="bbox 2076 2914 3656 2986">
     <span class='ocr_line' id='line_1_73' title="bbox 2076 2914 3656 2986; baseline -0.001 -17"><span class='ocrx_word' id='word_1_547' title='bbox 2076 2929 2195 2969; x_wconf 89' lang='lat' dir='ltr'><strong>esse</strong></span> <span class='ocrx_word' id='word_1_548' title='bbox 2216 2915 2515 2970; x_wconf 85' lang='lat' dir='ltr'><strong>arbitratur</strong></span> <span class='ocrx_word' id='word_1_549' title='bbox 2544 2915 2960 2986; x_wconf 89' lang='lat' dir='ltr'><strong>interpretibus,</strong></span> <span class='ocrx_word' id='word_1_550' title='bbox 2987 2914 3083 2971; x_wconf 88' lang='lat' dir='ltr'><strong>sed</strong></span> <span class='ocrx_word' id='word_1_551' title='bbox 3109 2930 3230 2985; x_wconf 67' lang='lat' dir='ltr'><strong>qua:</strong></span> <span class='ocrx_word' id='word_1_552' title='bbox 3251 2915 3307 2969; x_wconf 91' lang='lat' dir='ltr'><strong>in</strong></span> <span class='ocrx_word' id='word_1_553' title='bbox 3333 2914 3513 2970; x_wconf 91' lang='lat' dir='ltr'><strong>medio</strong></span> <span class='ocrx_word' id='word_1_554' title='bbox 3547 2914 3656 2969; x_wconf 91' lang='lat' dir='ltr'><strong>sita</strong></span> 
     </span>
    </p>
   </div>
   <div class='ocr_carea' id='block_1_74' title="bbox 2077 3005 3660 3077">
    <p class='ocr_par' dir='ltr' id='par_1_74' title="bbox 2077 3005 3660 3077">
     <span class='ocr_line' id='line_1_74' title="bbox 2077 3005 3660 3077; baseline 0 -18"><span class='ocrx_word' id='word_1_555' title='bbox 2077 3014 2162 3059; x_wconf 91' lang='lat' dir='ltr'><strong>est</strong></span> <span class='ocrx_word' id='word_1_556' title='bbox 2203 3006 2511 3071; x_wconf 89' lang='lat' dir='ltr'><strong>sententia,</strong></span> <span class='ocrx_word' id='word_1_557' title='bbox 2557 3020 2680 3060; x_wconf 91' lang='lat' dir='ltr'><strong>eam</strong></span> <span class='ocrx_word' id='word_1_558' title='bbox 2728 3013 2997 3061; x_wconf 91' lang='lat' dir='ltr'><strong>tenemus.</strong></span> <span class='ocrx_word' id='word_1_559' title='bbox 3033 3005 3107 3060; x_wconf 89' lang='lat' dir='ltr'><strong>De</strong></span> <span class='ocrx_word' id='word_1_560' title='bbox 3146 3006 3304 3077; x_wconf 89' lang='lat' dir='ltr'><strong>cujus</strong></span> <span class='ocrx_word' id='word_1_561' title='bbox 3334 3007 3564 3061; x_wconf 88' lang='lat' dir='ltr'><strong>veritate</strong></span> <span class='ocrx_word' id='word_1_562' title='bbox 3593 3015 3660 3060; x_wconf 89' lang='lat' dir='ltr'><strong>ut</strong></span> 
     </span>
    </p>
   </div>
   <div class='ocr_carea' id='block_1_75' title="bbox 2082 3093 3659 3169">
    <p class='ocr_par' dir='ltr' id='par_1_75' title="bbox 2082 3093 3659 3169">
     <span class='ocr_line' id='line_1_75' title="bbox 2082 3093 3659 3169; baseline 0.003 -22"><span class='ocrx_word' id='word_1_563' title='bbox 2082 3093 2270 3149; x_wconf 88' lang='lat' dir='ltr'><strong>lectori</strong></span> <span class='ocrx_word' id='word_1_564' title='bbox 2302 3097 2499 3165; x_wconf 91' lang='lat' dir='ltr'><strong>cuique</strong></span> <span class='ocrx_word' id='word_1_565' title='bbox 2524 3097 2972 3167; x_wconf 88' lang='lat' dir='ltr'><strong>persuadeamus,</strong></span> <span class='ocrx_word' id='word_1_566' title='bbox 2996 3107 3184 3165; x_wconf 89' lang='lat' dir='ltr'><strong>restat,</strong></span> <span class='ocrx_word' id='word_1_567' title='bbox 3211 3098 3449 3169; x_wconf 91' lang='lat' dir='ltr'><strong>primum</strong></span> <span class='ocrx_word' id='word_1_568' title='bbox 3478 3105 3537 3152; x_wconf 92' lang='lat' dir='ltr'><strong>ut</strong></span> <span class='ocrx_word' id='word_1_569' title='bbox 3563 3113 3659 3153; x_wconf 90' lang='lat' dir='ltr'><strong>ar-</strong></span> 
     </span>
    </p>
   </div>
   <div class='ocr_carea' id='block_1_76' title="bbox 2032 3185 3659 3260">
    <p class='ocr_par' dir='ltr' id='par_1_76' title="bbox 2032 3185 3659 3260">
     <span class='ocr_line' id='line_1_76' title="bbox 2032 3185 3659 3260; baseline 0.002 -20"><span class='ocrx_word' id='word_1_570' title='bbox 2032 3191 2043 3201; x_wconf 89' lang='lat'><strong><em>&#39;</em></strong></span> <span class='ocrx_word' id='word_1_571' title='bbox 2082 3195 2191 3240; x_wconf 93' lang='lat' dir='ltr'><strong>tem</strong></span> <span class='ocrx_word' id='word_1_572' title='bbox 2219 3185 2462 3241; x_wconf 86' lang='lat' dir='ltr'><strong>criticam</strong></span> <span class='ocrx_word' id='word_1_573' title='bbox 2488 3188 2557 3243; x_wconf 91' lang='lat' dir='ltr'><strong>ab</strong></span> <span class='ocrx_word' id='word_1_574' title='bbox 2587 3187 2792 3243; x_wconf 92' lang='lat' dir='ltr'><strong>Isidoro</strong></span> <span class='ocrx_word' id='word_1_575' title='bbox 2816 3189 3006 3246; x_wconf 88' lang='lat' dir='ltr'><strong>leviter</strong></span> <span class='ocrx_word' id='word_1_576' title='bbox 3034 3205 3154 3246; x_wconf 90' lang='lat' dir='ltr'><strong>esse</strong></span> <span class='ocrx_word' id='word_1_577' title='bbox 3197 3190 3493 3245; x_wconf 80' lang='lat' dir='ltr'><strong>factitatam</strong></span> <span class='ocrx_word' id='word_1_578' title='bbox 3522 3204 3659 3260; x_wconf 90' lang='lat' dir='ltr'><strong>pro-</strong></span> 
     </span>
    </p>
   </div>
   <div class='ocr_carea' id='block_1_77' title="bbox 2082 3277 3663 3352">
    <p class='ocr_par' dir='ltr' id='par_1_77' title="bbox 2082 3277 3663 3352">
     <span class='ocr_line' id='line_1_77' title="bbox 2082 3277 3663 3352; baseline 0.003 -21"><span class='ocrx_word' id='word_1_579' title='bbox 2082 3277 2264 3339; x_wconf 85' lang='lat' dir='ltr'><strong>betur.</strong></span> <span class='ocrx_word' id='word_1_580' title='bbox 2302 3278 2502 3333; x_wconf 91' lang='lat' dir='ltr'><strong>deinde</strong></span> <span class='ocrx_word' id='word_1_581' title='bbox 2556 3288 2617 3334; x_wconf 93' lang='lat' dir='ltr'><strong>ut</strong></span> <span class='ocrx_word' id='word_1_582' title='bbox 2653 3280 2916 3351; x_wconf 81' lang='lat' dir='ltr'><strong>exemplis</strong></span> <span class='ocrx_word' id='word_1_583' title='bbox 2960 3282 3286 3352; x_wconf 89' lang='lat' dir='ltr'><strong>quibusdam</strong></span> <span class='ocrx_word' id='word_1_584' title='bbox 3336 3281 3663 3339; x_wconf 87' lang='lat' dir='ltr'><strong>ostendatur</strong></span> 
     </span>
    </p>
   </div>
   <div class='ocr_carea' id='block_1_78' title="bbox 2080 3366 3662 3447">
    <p class='ocr_par' dir='ltr' id='par_1_78' title="bbox 2080 3366 3662 3447">
     <span class='ocr_line' id='line_1_78' title="bbox 2080 3366 3662 3447; baseline 0.006 -25"><span class='ocrx_word' id='word_1_585' title='bbox 2080 3366 2431 3434; x_wconf 83' lang='lat' dir='ltr'><strong>Pelusiotam,</strong></span> <span class='ocrx_word' id='word_1_586' title='bbox 2456 3376 2517 3423; x_wconf 93' lang='lat' dir='ltr'><strong>ut</strong></span> <span class='ocrx_word' id='word_1_587' title='bbox 2546 3369 2682 3425; x_wconf 89' lang='lat' dir='ltr'><strong>alios</strong></span> <span class='ocrx_word' id='word_1_588' title='bbox 2698 3372 2945 3442; x_wconf 89' lang='lat' dir='ltr'><strong>ejusdem</strong></span> <span class='ocrx_word' id='word_1_589' title='bbox 2975 3373 3076 3430; x_wconf 68' lang='lat' dir='ltr'><strong>aevi</strong></span> <span class='ocrx_word' id='word_1_590' title='bbox 3108 3373 3453 3446; x_wconf 86' lang='lat' dir='ltr'><strong>interpretes,</strong></span> <span class='ocrx_word' id='word_1_591' title='bbox 3471 3376 3662 3447; x_wconf 90' lang='lat' dir='ltr'><strong>inepto</strong></span> 
     </span>
    </p>
   </div>
   <div class='ocr_carea' id='block_1_79' title="bbox 2079 3460 3369 3531">
    <p class='ocr_par' dir='ltr' id='par_1_79' title="bbox 2079 3460 3369 3531">
     <span class='ocr_line' id='line_1_79' title="bbox 2079 3460 3369 3531; baseline 0.006 -17"><span class='ocrx_word' id='word_1_592' title='bbox 2079 3460 2463 3531; x_wconf 83' lang='lat' dir='ltr'><strong>allegoriarum</strong></span> <span class='ocrx_word' id='word_1_593' title='bbox 2497 3462 2678 3517; x_wconf 87' lang='lat' dir='ltr'><strong>studio</strong></span> <span class='ocrx_word' id='word_1_594' title='bbox 2705 3462 2871 3520; x_wconf 87' lang='lat' dir='ltr'><strong>nimis</strong></span> <span class='ocrx_word' id='word_1_595' title='bbox 2899 3465 3069 3521; x_wconf 82' lang='lat' dir='ltr'><strong>fuisse</strong></span> <span class='ocrx_word' id='word_1_596' title='bbox 3105 3465 3369 3523; x_wconf 91' lang='lat' dir='ltr'><strong>deditum.</strong></span> 
     </span>
    </p>
   </div>
   <div class='ocr_carea' id='block_1_80' title="bbox 2151 3550 3659 3626">
    <p class='ocr_par' dir='ltr' id='par_1_80' title="bbox 2151 3550 3659 3626">
     <span class='ocr_line' id='line_1_80' title="bbox 2151 3550 3659 3626; baseline 0.005 -23"><span class='ocrx_word' id='word_1_597' title='bbox 2151 3551 2219 3604; x_wconf 88' lang='lat' dir='ltr'><strong>Et</strong></span> <span class='ocrx_word' id='word_1_598' title='bbox 2234 3550 2472 3620; x_wconf 90' lang='lat' dir='ltr'><strong>primum</strong></span> <span class='ocrx_word' id='word_1_599' title='bbox 2500 3550 2721 3621; x_wconf 90' lang='lat' dir='ltr'><strong>quidem</strong></span> <span class='ocrx_word' id='word_1_600' title='bbox 2744 3560 2936 3608; x_wconf 88' lang='lat' dir='ltr'><strong>notatu</strong></span> <span class='ocrx_word' id='word_1_601' title='bbox 2964 3554 3099 3611; x_wconf 86' lang='lat' dir='ltr'><strong>satis</strong></span> <span class='ocrx_word' id='word_1_602' title='bbox 3124 3554 3347 3626; x_wconf 90' lang='lat' dir='ltr'><strong>dignum</strong></span> <span class='ocrx_word' id='word_1_603' title='bbox 3376 3563 3478 3620; x_wconf 84' lang='lat' dir='ltr'><strong>est,</strong></span> <span class='ocrx_word' id='word_1_604' title='bbox 3508 3554 3659 3625; x_wconf 86' lang='lat' dir='ltr'><strong>quod</strong></span> 
     </span>
    </p>
   </div>
   <div class='ocr_carea' id='block_1_81' title="bbox 2081 3639 3661 3716">
    <p class='ocr_par' dir='ltr' id='par_1_81' title="bbox 2081 3639 3661 3716">
     <span class='ocr_line' id='line_1_81' title="bbox 2081 3639 3661 3716; baseline 0.004 -22"><span class='ocrx_word' id='word_1_605' title='bbox 2081 3639 2207 3695; x_wconf 88' lang='lat' dir='ltr'><strong>alibi</strong></span> <span class='ocrx_word' id='word_1_606' title='bbox 2241 3640 2352 3711; x_wconf 91' lang='lat' dir='ltr'><strong>jam</strong></span> <span class='ocrx_word' id='word_1_607' title='bbox 2382 3641 2663 3712; x_wconf 91' lang='lat' dir='ltr'><strong>tetigimus</strong></span> <span class='ocrx_word' id='word_1_608' title='bbox 2710 3644 2808 3715; x_wconf 79' lang='lat' dir='ltr'><strong>(It),</strong></span> <span class='ocrx_word' id='word_1_609' title='bbox 2840 3659 2964 3700; x_wconf 92' lang='lat' dir='ltr'><strong>eum</strong></span> <span class='ocrx_word' id='word_1_610' title='bbox 3005 3646 3376 3716; x_wconf 59' lang='lat' dir='ltr'><strong>statuissejsbv</strong></span> <span class='ocrx_word' id='word_1_611' title='bbox 3410 3646 3539 3700; x_wconf 80' lang='grc' dir='ltr'>Υιδν</span> <span class='ocrx_word' id='word_1_612' title='bbox 3559 3646 3661 3700; x_wconf 81' lang='grc' dir='ltr'>τοῦ</span> 
     </span>
    </p>
   </div>
   <div class='ocr_carea' id='block_1_82' title="bbox 2080 3730 3662 3811">
    <p class='ocr_par' dir='ltr' id='par_1_82' title="bbox 2080 3730 3662 3811">
     <span class='ocr_line' id='line_1_82' title="bbox 2080 3730 3662 3811; baseline 0.005 -27"><span class='ocrx_word' id='word_1_613' title='bbox 2080 3730 2215 3784; x_wconf 89' lang='grc' dir='ltr'><strong>Θεοῦ</strong></span> <span class='ocrx_word' id='word_1_614' title='bbox 2262 3747 2293 3787; x_wconf 90' lang='lat' dir='ltr'><strong>a</strong></span> <span class='ocrx_word' id='word_1_615' title='bbox 2339 3731 2507 3788; x_wconf 91' lang='lat' dir='ltr'><strong>Paulo</strong></span> <span class='ocrx_word' id='word_1_616' title='bbox 2556 3749 2666 3789; x_wconf 92' lang='lat' dir='ltr'><strong>non</strong></span> <span class='ocrx_word' id='word_1_617' title='bbox 2732 3739 3101 3807; x_wconf 85' lang='grc' dir='ltr'>πρωτότοκον,</span> <span class='ocrx_word' id='word_1_618' title='bbox 3157 3739 3253 3795; x_wconf 91' lang='lat' dir='ltr'><strong>sed</strong></span> <span class='ocrx_word' id='word_1_619' title='bbox 3311 3738 3662 3811; x_wconf 83' lang='grc' dir='ltr'>πρωτοτόκον</span> 
     </span>
    </p>
   </div>
   <div class='ocr_carea' id='block_1_83' title="bbox 2080 3824 3662 3903">
    <p class='ocr_par' dir='ltr' id='par_1_83' title="bbox 2080 3824 3662 3903">
     <span class='ocr_line' id='line_1_83' title="bbox 2080 3824 3662 3903; baseline 0.007 -26"><span class='ocrx_word' id='word_1_620' title='bbox 2080 3824 2411 3894; x_wconf 87' lang='lat' dir='ltr'><strong>appellatum</strong></span> <span class='ocrx_word' id='word_1_621' title='bbox 2468 3840 2613 3882; x_wconf 86' lang='lat' dir='ltr'><strong>esse.</strong></span> <span class='ocrx_word' id='word_1_622' title='bbox 2652 3857 2725 3870; x_wconf 88' lang='lat'><strong>--</strong></span> <span class='ocrx_word' id='word_1_623' title='bbox 2772 3829 2975 3885; x_wconf 79' lang='lat' dir='ltr'><strong>Deinde</strong></span> <span class='ocrx_word' id='word_1_624' title='bbox 3023 3830 3078 3885; x_wconf 92' lang='lat' dir='ltr'><strong>in</strong></span> <span class='ocrx_word' id='word_1_625' title='bbox 3125 3832 3365 3886; x_wconf 90' lang='lat' dir='ltr'><strong>medium</strong></span> <span class='ocrx_word' id='word_1_626' title='bbox 3410 3830 3662 3903; x_wconf 81' lang='lat' dir='ltr'><strong>proferre</strong></span> 
     </span>
    </p>
   </div>
   <div class='ocr_carea' id='block_1_84' title="bbox 2080 3915 3661 3996">
    <p class='ocr_par' dir='ltr' id='par_1_84' title="bbox 2080 3915 3661 3996">
     <span class='ocr_line' id='line_1_84' title="bbox 2080 3915 3661 3996; baseline 0.008 -28"><span class='ocrx_word' id='word_1_627' title='bbox 2080 3915 2260 3987; x_wconf 88' lang='lat' dir='ltr'><strong>placet</strong></span> <span class='ocrx_word' id='word_1_628' title='bbox 2300 3916 2587 3987; x_wconf 87' lang='lat' dir='ltr'><strong>epistolam</strong></span> <span class='ocrx_word' id='word_1_629' title='bbox 2635 3919 2840 3977; x_wconf 88' lang='lat' dir='ltr'><strong>Uranio</strong></span> <span class='ocrx_word' id='word_1_630' title='bbox 2884 3922 3117 3978; x_wconf 89' lang='lat' dir='ltr'><strong>diacono</strong></span> <span class='ocrx_word' id='word_1_631' title='bbox 3158 3924 3415 3995; x_wconf 87' lang='lat' dir='ltr'><strong>scriptam</strong></span> <span class='ocrx_word' id='word_1_632' title='bbox 3462 3924 3545 3996; x_wconf 78' lang='grc' dir='ltr'><strong>(ἰ),</strong></span> <span class='ocrx_word' id='word_1_633' title='bbox 3595 3922 3661 3980; x_wconf 84' lang='grc' dir='ltr'>ἰιι</span> 
     </span>
    </p>
   </div>
   <div class='ocr_carea' id='block_1_85' title="bbox 2080 4008 3659 4089">
    <p class='ocr_par' dir='ltr' id='par_1_85' title="bbox 2080 4008 3659 4089">
     <span class='ocr_line' id='line_1_85' title="bbox 2080 4008 3659 4089; baseline 0.004 -28"><span class='ocrx_word' id='word_1_634' title='bbox 2080 4024 2185 4078; x_wconf 86' lang='lat' dir='ltr'><strong>qua</strong></span> <span class='ocrx_word' id='word_1_635' title='bbox 2212 4008 2303 4064; x_wconf 87' lang='lat' dir='ltr'><strong>ille</strong></span> <span class='ocrx_word' id='word_1_636' title='bbox 2352 4009 2505 4065; x_wconf 90' lang='lat' dir='ltr'><strong>Pauli</strong></span> <span class='ocrx_word' id='word_1_637' title='bbox 2531 4012 2698 4067; x_wconf 84' lang='lat' dir='ltr'><strong>verba</strong></span> <span class='ocrx_word' id='word_1_638' title='bbox 2730 4013 2796 4083; x_wconf 88' lang='lat' dir='ltr'><strong>(j)</strong></span> <span class='ocrx_word' id='word_1_639' title='bbox 2844 4032 2858 4068; x_wconf 90' lang='lat'><strong>:</strong></span> <span class='ocrx_word' id='word_1_640' title='bbox 2898 4014 3140 4087; x_wconf 78' lang='grc' dir='ltr'>Διαθήκη</span> <span class='ocrx_word' id='word_1_641' title='bbox 3170 4015 3278 4089; x_wconf 78' lang='grc' dir='ltr'>γὰρ</span> <span class='ocrx_word' id='word_1_642' title='bbox 3316 4016 3408 4069; x_wconf 72' lang='grc' dir='ltr'><strong>ἐπὶ</strong></span> <span class='ocrx_word' id='word_1_643' title='bbox 3440 4016 3659 4087; x_wconf 79' lang='grc' dir='ltr'>νεκροῖς</span> 
     </span>
    </p>
   </div>
   <div class='ocr_carea' id='block_1_86' title="bbox 2083 4097 3658 4180">
    <p class='ocr_par' dir='ltr' id='par_1_86' title="bbox 2083 4097 3658 4180">
     <span class='ocr_line' id='line_1_86' title="bbox 2083 4097 3658 4180; baseline 0.008 -29"><span class='ocrx_word' id='word_1_644' title='bbox 2083 4097 2278 4170; x_wconf 88' lang='grc' dir='ltr'>βεϐαία</span> <span class='ocrx_word' id='word_1_645' title='bbox 2305 4139 2322 4166; x_wconf 87' lang='grc'><em>,</em></span> <span class='ocrx_word' id='word_1_646' title='bbox 2357 4100 2483 4155; x_wconf 79' lang='grc' dir='ltr'>ἐπεὶ</span> <span class='ocrx_word' id='word_1_647' title='bbox 2514 4104 2723 4174; x_wconf 82' lang='grc' dir='ltr'>μήποτε</span> <span class='ocrx_word' id='word_1_648' title='bbox 2781 4105 2954 4177; x_wconf 87' lang='grc' dir='ltr'>ίσχύει</span> <span class='ocrx_word' id='word_1_649' title='bbox 2987 4108 3076 4160; x_wconf 85' lang='grc' dir='ltr'>ὅτε</span> <span class='ocrx_word' id='word_1_650' title='bbox 3108 4106 3173 4179; x_wconf 78' lang='grc' dir='ltr'>ζῇ</span> <span class='ocrx_word' id='word_1_651' title='bbox 3221 4109 3250 4162; x_wconf 90' lang='lat'><strong>6</strong></span> <span class='ocrx_word' id='word_1_652' title='bbox 3291 4108 3658 4180; x_wconf 66' lang='grc' dir='ltr'>διαθέμενοςη</span> 
     </span>
    </p>
   </div>
   <div class='ocr_carea' id='block_1_87' title="bbox 2080 4192 3661 4272">
    <p class='ocr_par' dir='ltr' id='par_1_87' title="bbox 2080 4192 3661 4272">
     <span class='ocr_line' id='line_1_87' title="bbox 2080 4192 3661 4272; baseline 0.004 -25"><span class='ocrx_word' id='word_1_653' title='bbox 2080 4192 2337 4263; x_wconf 85' lang='lat' dir='ltr'><strong>explicari</strong></span> <span class='ocrx_word' id='word_1_654' title='bbox 2366 4194 2587 4264; x_wconf 89' lang='lat' dir='ltr'><strong>quidem</strong></span> <span class='ocrx_word' id='word_1_655' title='bbox 2612 4211 2770 4265; x_wconf 91' lang='lat' dir='ltr'><strong>posse</strong></span> <span class='ocrx_word' id='word_1_656' title='bbox 2791 4199 3060 4266; x_wconf 88' lang='lat' dir='ltr'><strong>concedit,</strong></span> <span class='ocrx_word' id='word_1_657' title='bbox 3090 4201 3184 4255; x_wconf 90' lang='lat' dir='ltr'><strong>sed</strong></span> <span class='ocrx_word' id='word_1_658' title='bbox 3209 4200 3411 4255; x_wconf 90' lang='lat' dir='ltr'><strong>rectius</strong></span> <span class='ocrx_word' id='word_1_659' title='bbox 3434 4200 3509 4272; x_wconf 81' lang='grc' dir='ltr'><strong>μὴ</strong></span> <span class='ocrx_word' id='word_1_660' title='bbox 3530 4199 3661 4253; x_wconf 80' lang='grc' dir='ltr'>τότε</span> 
     </span>
    </p>
   </div>
   <div class='ocr_carea' id='block_1_88' title="bbox 2080 4284 3660 4364">
    <p class='ocr_par' dir='ltr' id='par_1_88' title="bbox 2080 4284 3660 4364">
     <span class='ocr_line' id='line_1_88' title="bbox 2080 4284 3660 4364; baseline 0.006 -28"><span class='ocrx_word' id='word_1_661' title='bbox 2080 4296 2180 4353; x_wconf 87' lang='lat' dir='ltr'><strong>pro</strong></span> <span class='ocrx_word' id='word_1_662' title='bbox 2208 4284 2419 4355; x_wconf 84' lang='grc' dir='ltr'>μήποτε</span> <span class='ocrx_word' id='word_1_663' title='bbox 2448 4285 2608 4341; x_wconf 90' lang='lat' dir='ltr'><strong>scribi</strong></span> <span class='ocrx_word' id='word_1_664' title='bbox 2629 4288 2877 4354; x_wconf 77' lang='lat' dir='ltr'><strong>alﬁrmat,</strong></span> <span class='ocrx_word' id='word_1_665' title='bbox 2896 4290 2950 4344; x_wconf 91' lang='lat' dir='ltr'><strong>in</strong></span> <span class='ocrx_word' id='word_1_666' title='bbox 2971 4291 3116 4346; x_wconf 93' lang='lat' dir='ltr'><strong>hunc</strong></span> <span class='ocrx_word' id='word_1_667' title='bbox 3141 4291 3361 4346; x_wconf 91' lang='lat' dir='ltr'><strong>modum</strong></span> <span class='ocrx_word' id='word_1_668' title='bbox 3386 4309 3399 4346; x_wconf 93' lang='lat'><strong>:</strong></span> <span class='ocrx_word' id='word_1_669' title='bbox 3436 4288 3660 4364; x_wconf 76' lang='grc' dir='ltr'><strong>Ἐπείδὴ</strong></span> 
     </span>
    </p>
   </div>
   <div class='ocr_carea' id='block_1_89' title="bbox 2080 4374 3661 4454">
    <p class='ocr_par' dir='ltr' id='par_1_89' title="bbox 2080 4374 3661 4454">
     <span class='ocr_line' id='line_1_89' title="bbox 2080 4374 3661 4454; baseline 0.006 -26"><span class='ocrx_word' id='word_1_670' title='bbox 2080 4374 2360 4444; x_wconf 83' lang='grc' dir='ltr'>γέγραφας</span> <span class='ocrx_word' id='word_1_671' title='bbox 2391 4376 2627 4447; x_wconf 76' lang='grc' dir='ltr'><strong>νομίζων</strong></span> <span class='ocrx_word' id='word_1_672' title='bbox 2668 4378 2744 4449; x_wconf 77' lang='lat' dir='ltr'><strong>lk)</strong></span> <span class='ocrx_word' id='word_1_673' title='bbox 2778 4380 2858 4444; x_wconf 83' lang='grc' dir='ltr'><strong>είς</strong></span> <span class='ocrx_word' id='word_1_674' title='bbox 2917 4381 3225 4435; x_wconf 85' lang='grc' dir='ltr'>τούναντίον</span> <span class='ocrx_word' id='word_1_675' title='bbox 3270 4375 3331 4436; x_wconf 78' lang='grc' dir='ltr'>οὗ</span> <span class='ocrx_word' id='word_1_676' title='bbox 3373 4383 3661 4454; x_wconf 72' lang='grc' dir='ltr'>προῄρητο</span> 
     </span>
    </p>
   </div>
   <div class='ocr_carea' id='block_1_90' title="bbox 413 4464 3663 4541">
    <p class='ocr_par' dir='ltr' id='par_1_90' title="bbox 413 4464 3663 4541">
     <span class='ocr_line' id='line_1_90' title="bbox 413 4464 3663 4541; baseline 0.003 -23"><span class='ocrx_word' id='word_1_677' title='bbox 413 4464 729 4537; x_wconf 75' lang='grc' dir='ltr'>ἄνθρωπος,</span> <span class='ocrx_word' id='word_1_678' title='bbox 754 4467 912 4531; x_wconf 75' lang='grc' dir='ltr'>ἐκτὸς</span> <span class='ocrx_word' id='word_1_679' title='bbox 936 4464 1030 4520; x_wconf 79' lang='grc' dir='ltr'>τοῦ</span> <span class='ocrx_word' id='word_1_680' title='bbox 1067 4466 1318 4537; x_wconf 84' lang='grc' dir='ltr'>σώματός</span> <span class='ocrx_word' id='word_1_681' title='bbox 1347 4469 1527 4521; x_wconf 77' lang='grc' dir='ltr'>ἐστιν’</span> <span class='ocrx_word' id='word_1_682' title='bbox 1556 4470 1586 4522; x_wconf 92' lang='lat'><strong>6</strong></span> <span class='ocrx_word' id='word_1_683' title='bbox 1611 4468 1670 4522; x_wconf 84' lang='grc' dir='ltr'><strong>δὲ</strong></span> <span class='ocrx_word' id='word_1_684' title='bbox 1701 4470 1979 4541; x_wconf 86' lang='grc' dir='ltr'>πορνεύων</span> <span class='ocrx_word' id='word_1_685' title='bbox 2010 4482 2056 4539; x_wconf 75' lang='grc' dir='ltr'><strong>ι)</strong></span> <span class='ocrx_word' id='word_1_686' title='bbox 2083 4466 2259 4519; x_wconf 78' lang='grc' dir='ltr'>εἰπεῖν</span> <span class='ocrx_word' id='word_1_687' title='bbox 2285 4467 2347 4538; x_wconf 88' lang='lat' dir='ltr'><strong>(l)</strong></span> <span class='ocrx_word' id='word_1_688' title='bbox 2388 4470 2817 4541; x_wconf 73' lang='grc' dir='ltr'>περιτετράφθαι</span> <span class='ocrx_word' id='word_1_689' title='bbox 2843 4470 2938 4525; x_wconf 81' lang='grc' dir='ltr'>τὸν</span> <span class='ocrx_word' id='word_1_690' title='bbox 2974 4473 3205 4540; x_wconf 83' lang='grc' dir='ltr'>Παῦλον,</span> <span class='ocrx_word' id='word_1_691' title='bbox 3237 4475 3291 4528; x_wconf 88' lang='grc' dir='ltr'><strong>τί</strong></span> <span class='ocrx_word' id='word_1_692' title='bbox 3340 4476 3476 4532; x_wconf 85' lang='grc' dir='ltr'>ὲστι.</span> <span class='ocrx_word' id='word_1_693' title='bbox 3531 4477 3663 4529; x_wconf 85' lang='grc' dir='ltr'>Δια-</span> 
     </span>
    </p>
   </div>
   <div class='ocr_carea' id='block_1_91' title="bbox 402 4553 1975 4627">
    <p class='ocr_par' dir='ltr' id='par_1_91' title="bbox 402 4553 1975 4627">
     <span class='ocr_line' id='line_1_91' title="bbox 402 4553 1975 4627; baseline 0.004 -19"><span class='ocrx_word' id='word_1_694' title='bbox 402 4554 486 4619; x_wconf 76' lang='grc' dir='ltr'>ιίς</span> <span class='ocrx_word' id='word_1_695' title='bbox 513 4553 576 4608; x_wconf 81' lang='grc' dir='ltr'><strong>τὸ</strong></span> <span class='ocrx_word' id='word_1_696' title='bbox 608 4553 738 4608; x_wconf 82' lang='grc' dir='ltr'>ίδιον</span> <span class='ocrx_word' id='word_1_697' title='bbox 780 4554 941 4626; x_wconf 84' lang='grc' dir='ltr'>σῶμα</span> <span class='ocrx_word' id='word_1_698' title='bbox 971 4554 1275 4626; x_wconf 76' lang='grc' dir='ltr'>ἁμαρτάνει</span> <span class='ocrx_word' id='word_1_699' title='bbox 1312 4555 1388 4627; x_wconf 89' lang='lat' dir='ltr'><strong>(g)</strong></span> <span class='ocrx_word' id='word_1_700' title='bbox 1421 4556 1639 4612; x_wconf 84' lang='lat' dir='ltr'><strong>diverso</strong></span> <span class='ocrx_word' id='word_1_701' title='bbox 1677 4557 1839 4613; x_wconf 90' lang='lat' dir='ltr'><strong>modo</strong></span> <span class='ocrx_word' id='word_1_702' title='bbox 1878 4559 1975 4615; x_wconf 90' lang='lat' dir='ltr'><strong>de-</strong></span> 
     </span>
    </p>
   </div>
   <div class='ocr_carea' id='block_1_92' title="bbox 476 4772 1984 4847">
    <p class='ocr_par' dir='ltr' id='par_1_92' title="bbox 476 4772 1984 4847">
     <span class='ocr_line' id='line_1_92' title="bbox 476 4772 1984 4847; baseline 0.007 -19"><span class='ocrx_word' id='word_1_703' title='bbox 476 4772 557 4847; x_wconf 88' lang='lat' dir='ltr'><strong>(a)</strong></span> <span class='ocrx_word' id='word_1_704' title='bbox 584 4773 699 4845; x_wconf 80' lang='grc' dir='ltr'>τῆς</span> <span class='ocrx_word' id='word_1_705' title='bbox 729 4773 873 4843; x_wconf 91' lang='lat' dir='ltr'><strong>quod</strong></span> <span class='ocrx_word' id='word_1_706' title='bbox 898 4774 1059 4847; x_wconf 83' lang='lat' dir='ltr'><strong>vulgo</strong></span> <span class='ocrx_word' id='word_1_707' title='bbox 1081 4775 1375 4843; x_wconf 89' lang='lat' dir='ltr'><strong>omittitur,</strong></span> <span class='ocrx_word' id='word_1_708' title='bbox 1397 4792 1429 4833; x_wconf 94' lang='lat' dir='ltr'><strong>e</strong></span> <span class='ocrx_word' id='word_1_709' title='bbox 1455 4777 1579 4835; x_wconf 92' lang='lat' dir='ltr'><strong>cod.</strong></span> <span class='ocrx_word' id='word_1_710' title='bbox 1613 4778 1740 4836; x_wconf 92' lang='lat' dir='ltr'><strong>Bav.</strong></span> <span class='ocrx_word' id='word_1_711' title='bbox 1776 4780 1984 4838; x_wconf 87' lang='lat' dir='ltr'><strong>adden-</strong></span> 
     </span>
    </p>
   </div>
   <div class='ocr_carea' id='block_1_93' title="bbox 407 4845 933 4907">
    <p class='ocr_par' dir='ltr' id='par_1_93' title="bbox 407 4845 933 4907">
     <span class='ocr_line' id='line_1_93' title="bbox 407 4845 933 4907; baseline -0.002 -7"><span class='ocrx_word' id='word_1_712' title='bbox 407 4845 546 4907; x_wconf 36' lang='lat' dir='ltr'><strong>dum‘</strong></span> <span class='ocrx_word' id='word_1_713' title='bbox 569 4847 691 4898; x_wconf 85' lang='lat' dir='ltr'><strong>es&#39;se</strong></span> <span class='ocrx_word' id='word_1_714' title='bbox 717 4859 933 4899; x_wconf 81' lang='lat' dir='ltr'><strong>censeo.</strong></span> 
     </span>
    </p>
   </div>
   <div class='ocr_carea' id='block_1_94' title="bbox 478 4913 1239 4984">
    <p class='ocr_par' dir='ltr' id='par_1_94' title="bbox 478 4913 1239 4984">
     <span class='ocr_line' id='line_1_94' title="bbox 478 4913 1239 4984; baseline 0.004 -16"><span class='ocrx_word' id='word_1_715' title='bbox 478 4916 553 4984; x_wconf 85' lang='lat' dir='ltr'><strong>(b)</strong></span> <span class='ocrx_word' id='word_1_716' title='bbox 581 4913 791 4984; x_wconf 63' lang='lat' dir='ltr'><strong>Evang.</strong></span> <span class='ocrx_word' id='word_1_717' title='bbox 827 4913 992 4970; x_wconf 81' lang='lat' dir='ltr'><strong>Marc.</strong></span> <span class='ocrx_word' id='word_1_718' title='bbox 1022 4932 1113 4977; x_wconf 79' lang='lat' dir='ltr'><strong>xv,</strong></span> <span class='ocrx_word' id='word_1_719' title='bbox 1148 4916 1239 4971; x_wconf 77' lang='lat'><strong>55.</strong></span> 
     </span>
    </p>
   </div>
   <div class='ocr_carea' id='block_1_95' title="bbox 480 4983 1981 5067">
    <p class='ocr_par' dir='ltr' id='par_1_95' title="bbox 480 4983 1981 5067">
     <span class='ocr_line' id='line_1_95' title="bbox 480 4983 1981 5067; baseline 0 0"><span class='ocrx_word' id='word_1_720' title='bbox 480 4983 1043 5067; x_wconf 59' lang='grc' dir='ltr'><strong>(ς.)“οξθπ1ιηυβ¹]ρ.τὲο</strong></span> <span class='ocrx_word' id='word_1_721' title='bbox 1078 5000 1157 5067; x_wconf 54' lang='grc' dir='ltr'><strong>θέε</strong></span> <span class='ocrx_word' id='word_1_722' title='bbox 1180 5003 1239 5055; x_wconf 73' lang='grc' dir='ltr'><strong>ρο</strong></span> <span class='ocrx_word' id='word_1_723' title='bbox 1271 4986 1397 5067; x_wconf 65' lang='grc' dir='ltr'><strong>ευρ</strong></span> <span class='ocrx_word' id='word_1_724' title='bbox 1420 4987 1502 5043; x_wconf 76' lang='lat' dir='ltr'><strong>Cf-</strong></span> <span class='ocrx_word' id='word_1_725' title='bbox 1540 4989 1807 5067; x_wconf 61' lang='grc' dir='ltr'>υιιρὶμύυε</span> <span class='ocrx_word' id='word_1_726' title='bbox 1834 4992 1870 5067; x_wconf 72' lang='grc' dir='ltr'><strong>ιε</strong></span> <span class='ocrx_word' id='word_1_727' title='bbox 1906 5008 1981 5067; x_wconf 64' lang='grc' dir='ltr'><strong>οε,</strong></span> 
     </span>
    </p>
   </div>
   <div class='ocr_carea' id='block_1_96' title="bbox 405 5053 1985 5200">
    <p class='ocr_par' dir='ltr' id='par_1_96' title="bbox 405 5053 1985 5200">
     <span class='ocr_line' id='line_1_96' title="bbox 405 5053 1981 5179; baseline 0.004 -70"><span class='ocrx_word' id='word_1_728' title='bbox 405 5074 463 5130; x_wconf 87' lang='lat' dir='ltr'><strong>p.</strong></span> <span class='ocrx_word' id='word_1_729' title='bbox 491 5053 557 5121; x_wconf 57' lang='lat'><strong>&#39;6&#39;,</strong></span> <span class='ocrx_word' id='word_1_730' title='bbox 591 5055 694 5108; x_wconf 90' lang='lat' dir='ltr'><strong>col.</strong></span> <span class='ocrx_word' id='word_1_731' title='bbox 727 5053 783 5120; x_wconf 75' lang='lat'><strong>2,</strong></span> <span class='ocrx_word' id='word_1_732' title='bbox 819 5063 874 5108; x_wconf 91' lang='lat' dir='ltr'><strong>et</strong></span> <span class='ocrx_word' id='word_1_733' title='bbox 905 5055 1062 5109; x_wconf 74' lang='lat' dir='ltr'><strong>Bich.</strong></span> <span class='ocrx_word' id='word_1_734' title='bbox 1105 5053 1314 5111; x_wconf 79' lang='lat' dir='ltr'><strong>Simon.</strong></span> <span class='ocrx_word' id='word_1_735' title='bbox 1350 5057 1385 5111; x_wconf 94' lang='lat' dir='ltr'><strong>l.</strong></span> <span class='ocrx_word' id='word_1_736' title='bbox 1426 5074 1500 5123; x_wconf 91' lang='lat' dir='ltr'><strong>c.,</strong></span> <span class='ocrx_word' id='word_1_737' title='bbox 1625 5053 1754 5123; x_wconf 52' lang='lat'><strong>&quot;508,</strong></span> <span class='ocrx_word' id='word_1_738' title='bbox 1788 5062 1893 5116; x_wconf 92' lang='lat' dir='ltr'><strong>col.</strong></span> <span class='ocrx_word' id='word_1_739' title='bbox 1931 5053 1981 5116; x_wconf 57' lang='lat'><strong>1;</strong></span> 
     </span>
     <span class='ocr_line' id='line_1_97' title="bbox 415 5124 1985 5200; baseline 0.004 -22"><span class='ocrx_word' id='word_1_740' title='bbox 415 5199 418 5200; x_wconf 13' lang='grc' dir='ltr'><em>ν</em></span> <span class='ocrx_word' id='word_1_741' title='bbox 588 5124 707 5179; x_wconf 89' lang='lat' dir='ltr'><strong>Lib.</strong></span> <span class='ocrx_word' id='word_1_742' title='bbox 743 5139 795 5200; x_wconf 84' lang='lat' dir='ltr'><strong>_t.</strong></span> <span class='ocrx_word' id='word_1_743' title='bbox 826 5140 913 5193; x_wconf 89' lang='lat' dir='ltr'><strong>ep.</strong></span> <span class='ocrx_word' id='word_1_744' title='bbox 946 5126 1029 5200; x_wconf 16' lang='lat'><strong>45.»</strong></span> <span class='ocrx_word' id='word_1_745' title='bbox 1071 5156 1143 5200; x_wconf 53' lang='lat'><strong>:—</strong></span> <span class='ocrx_word' id='word_1_746' title='bbox 1179 5129 1228 5200; x_wconf 78' lang='grc' dir='ltr'><strong>εί</strong></span> <span class='ocrx_word' id='word_1_747' title='bbox 1260 5127 1437 5200; x_wconf 77' lang='grc' dir='ltr'>τοίνύν</span> <span class='ocrx_word' id='word_1_748' title='bbox 1468 5146 1539 5182; x_wconf 89' lang='grc' dir='ltr'><strong>κα</strong></span> <span class='ocrx_word' id='word_1_749' title='bbox 1598 5130 1860 5200; x_wconf 82' lang='grc' dir='ltr'>βρώματα</span> <span class='ocrx_word' id='word_1_750' title='bbox 1890 5134 1985 5186; x_wconf 52' lang='grc' dir='ltr'><strong>καὶ⁵</strong></span> 
     </span>
    </p>
   </div>
   <div class='ocr_carea' id='block_1_97' title="bbox 407 5194 1985 5319">
    <p class='ocr_par' dir='ltr' id='par_1_97' title="bbox 407 5194 1985 5319">
     <span class='ocr_line' id='line_1_98' title="bbox 407 5194 1985 5319; baseline 0.003 -68"><span class='ocrx_word' id='word_1_751' title='bbox 407 5194 696 5319; x_wconf 42' lang='lat' dir='ltr'><strong>suum“</strong></span> <span class='ocrx_word' id='word_1_752' title='bbox 708 5194 809 5261; x_wconf 74' lang='grc' dir='ltr'>τῆς</span> <span class='ocrx_word' id='word_1_753' title='bbox 830 5198 971 5248; x_wconf 69' lang='grc' dir='ltr'>κατὰ</span> <span class='ocrx_word' id='word_1_754' title='bbox 995 5195 1128 5248; x_wconf 84' lang='grc' dir='ltr'>Θεὸν</span> <span class='ocrx_word' id='word_1_755' title='bbox 1140 5196 1348 5261; x_wconf 78' lang='grc' dir='ltr'>τελείας</span> <span class='ocrx_word' id='word_1_756' title='bbox 1373 5194 1655 5268; x_wconf 76' lang='grc' dir='ltr'>ἀσκήσεως</span> <span class='ocrx_word' id='word_1_757' title='bbox 1676 5194 1733 5253; x_wconf 77' lang='grc' dir='ltr'><strong>ὲν</strong></span> <span class='ocrx_word' id='word_1_758' title='bbox 1765 5201 1985 5273; x_wconf 83' lang='grc' dir='ltr'><strong>Ἰωάννῃ</strong></span> 
     </span>
     <span class='ocr_line' id='line_1_99' title="bbox 408 5265 1982 5319; baseline 0 0"><span class='ocrx_word' id='word_1_759' title='bbox 408 5266 487 5319; x_wconf 84' lang='grc' dir='ltr'>τῶ</span> <span class='ocrx_word' id='word_1_760' title='bbox 613 5267 809 5319; x_wconf 84' lang='grc' dir='ltr'>πτιστῆ</span> <span class='ocrx_word' id='word_1_761' title='bbox 857 5265 1272 5319; x_wconf 66' lang='grc' dir='ltr'>ἐπαιδεύθημεν.</span> <span class='ocrx_word' id='word_1_762' title='bbox 1306 5267 1450 5319; x_wconf 71' lang='grc' dir='ltr'>θοιὲὶ</span> <span class='ocrx_word' id='word_1_763' title='bbox 1483 5270 1599 5319; x_wconf 67' lang='grc' dir='ltr'><strong>μὲν.</strong></span> <span class='ocrx_word' id='word_1_764' title='bbox 1651 5271 1699 5319; x_wconf 78' lang='grc' dir='ltr'>εἰ</span> <span class='ocrx_word' id='word_1_765' title='bbox 1742 5266 1851 5319; x_wconf 77' lang='grc' dir='ltr'><strong>οἶόν</strong></span> <span class='ocrx_word' id='word_1_766' title='bbox 1901 5289 1982 5319; x_wconf 85' lang='grc' dir='ltr'>τε-</span> 
     </span>
    </p>
   </div>
   <div class='ocr_carea' id='block_1_98' title="bbox 408 5265 1983 5338">
    <p class='ocr_par' dir='ltr' id='par_1_98' title="bbox 408 5265 1983 5338">
     <span class='ocr_line' id='line_1_100' title="bbox 408 5265 1983 5338; baseline 0.004 -20"><span class='ocrx_word' id='word_1_767' title='bbox 408 5266 500 5338; x_wconf 75' lang='grc' dir='ltr'>τῷ</span> <span class='ocrx_word' id='word_1_768' title='bbox 530 5265 810 5338; x_wconf 83' lang='grc' dir='ltr'>Βαπτιστῆ</span> <span class='ocrx_word' id='word_1_769' title='bbox 839 5265 1272 5338; x_wconf 27' lang='grc' dir='ltr'>’ἐπαιδεύθημεῃ</span> <span class='ocrx_word' id='word_1_770' title='bbox 1306 5267 1450 5336; x_wconf 70' lang='grc' dir='ltr'>θριξὶ</span> <span class='ocrx_word' id='word_1_771' title='bbox 1483 5265 1599 5338; x_wconf 72' lang='grc' dir='ltr'>μὲν,</span> <span class='ocrx_word' id='word_1_772' title='bbox 1651 5271 1699 5321; x_wconf 78' lang='grc' dir='ltr'>εἰ</span> <span class='ocrx_word' id='word_1_773' title='bbox 1742 5266 1851 5323; x_wconf 74' lang='grc' dir='ltr'>οἶόν</span> <span class='ocrx_word' id='word_1_774' title='bbox 1901 5265 1983 5333; x_wconf 63' lang='lat' dir='ltr'><strong>re,</strong></span> 
     </span>
    </p>
   </div>
   <div class='ocr_carea' id='block_1_99' title="bbox 411 5334 1985 5409">
    <p class='ocr_par' dir='ltr' id='par_1_99' title="bbox 411 5334 1985 5409">
     <span class='ocr_line' id='line_1_101' title="bbox 411 5334 1985 5409; baseline 0.004 -22"><span class='ocrx_word' id='word_1_775' title='bbox 411 5334 550 5409; x_wconf 76' lang='grc' dir='ltr'>πρὸς</span> <span class='ocrx_word' id='word_1_776' title='bbox 581 5334 807 5409; x_wconf 59' lang='grc' dir='ltr'>σκέπην</span> <span class='ocrx_word' id='word_1_777' title='bbox 828 5334 1282 5409; x_wconf 77' lang='grc' dir='ltr'>ἀρκεσθησόμεθα</span> <span class='ocrx_word' id='word_1_778' title='bbox 1307 5355 1319 5409; x_wconf 69' lang='lat' dir='ltr'>f</span> <span class='ocrx_word' id='word_1_779' title='bbox 1345 5334 1632 5408; x_wconf 64' lang='grc' dir='ltr'>ακρέμοσι</span> <span class='ocrx_word' id='word_1_780' title='bbox 1656 5339 1712 5392; x_wconf 85' lang='grc' dir='ltr'>δὲ</span> <span class='ocrx_word' id='word_1_781' title='bbox 1748 5340 1985 5409; x_wconf 84' lang='grc' dir='ltr'>βοτανῶν</span> 
     </span>
    </p>
   </div>
   <div class='ocr_carea' id='block_1_100' title="bbox 410 5353 1979 5479">
    <p class='ocr_par' dir='ltr' id='par_1_100' title="bbox 410 5353 1979 5479">
     <span class='ocr_line' id='line_1_102' title="bbox 411 5353 1979 5416; baseline -0.002 -25"><span class='ocrx_word' id='word_1_782' title='bbox 411 5353 550 5407; x_wconf 86' lang='grc' dir='ltr'>προς</span> <span class='ocrx_word' id='word_1_783' title='bbox 581 5353 795 5416; x_wconf 65' lang='grc' dir='ltr'>σκεπην</span> <span class='ocrx_word' id='word_1_784' title='bbox 828 5353 1032 5405; x_wconf 80' lang='grc' dir='ltr'>αρκεσυ</span> <span class='ocrx_word' id='word_1_785' title='bbox 1078 5353 1282 5405; x_wconf 77' lang='grc' dir='ltr'>σομευα</span> <span class='ocrx_word' id='word_1_786' title='bbox 1307 5355 1319 5367; x_wconf 91' lang='grc'><strong>·</strong></span> <span class='ocrx_word' id='word_1_787' title='bbox 1361 5353 1632 5408; x_wconf 85' lang='grc' dir='ltr'>ακρεμοσι</span> <span class='ocrx_word' id='word_1_788' title='bbox 1656 5353 1712 5392; x_wconf 85' lang='grc' dir='ltr'><strong>οε</strong></span> <span class='ocrx_word' id='word_1_789' title='bbox 1748 5353 1979 5409; x_wconf 73' lang='lat' dir='ltr'><strong>part:va</strong></span> 
     </span>
     <span class='ocr_line' id='line_1_103' title="bbox 410 5353 1979 5479; baseline -0.005 -6"><span class='ocrx_word' id='word_1_790' title='bbox 410 5408 732 5479; x_wconf 65' lang='grc' dir='ltr'><strong>καὶ,,φυῖων</strong></span> <span class='ocrx_word' id='word_1_791' title='bbox 779 5407 915 5475; x_wconf 79' lang='grc' dir='ltr'>πρὸς</span> <span class='ocrx_word' id='word_1_792' title='bbox 944 5353 1117 5479; x_wconf 40' lang='lat' dir='ltr'><strong>ittth</strong></span> <span class='ocrx_word' id='word_1_793' title='bbox 1161 5408 1368 5479; x_wconf 74' lang='grc' dir='ltr'>τροφὴν</span> <span class='ocrx_word' id='word_1_794' title='bbox 1390 5411 1495 5479; x_wconf 64' lang='grc' dir='ltr'><strong>καὶ</strong></span> <span class='ocrx_word' id='word_1_795' title='bbox 1528 5410 1839 5479; x_wconf 68' lang='grc' dir='ltr'>ἀπέριττον.</span> <span class='ocrx_word' id='word_1_796' title='bbox 1888 5411 1979 5468; x_wconf 88' lang='lat' dir='ltr'><strong>Sic</strong></span> 
     </span>
    </p>
   </div>
   <div class='ocr_carea' id='block_1_101' title="bbox 411 5475 1979 5552">
    <p class='ocr_par' dir='ltr' id='par_1_101' title="bbox 411 5475 1979 5552">
     <span class='ocr_line' id='line_1_104' title="bbox 411 5475 1979 5552; baseline 0 -19"><span class='ocrx_word' id='word_1_797' title='bbox 411 5475 757 5552; x_wconf 57' lang='lat' dir='ltr'><strong>scribendum</strong></span> <span class='ocrx_word' id='word_1_798' title='bbox 770 5475 955 5552; x_wconf 71' lang='lat' dir='ltr'><strong>censui</strong></span> <span class='ocrx_word' id='word_1_799' title='bbox 968 5475 1290 5552; x_wconf 75' lang='lat' dir='ltr'><strong>auctoritate.</strong></span> <span class='ocrx_word' id='word_1_800' title='bbox 1307 5475 1427 5552; x_wconf 74' lang='lat' dir='ltr'><strong>cod.</strong></span> <span class='ocrx_word' id='word_1_801' title='bbox 1454 5479 1563 5552; x_wconf 51' lang='lat' dir='ltr'><strong>Alt.</strong></span> <span class='ocrx_word' id='word_1_802' title='bbox 1579 5475 1750 5549; x_wconf 72' lang='lat' dir='ltr'><strong>vulgo</strong></span> <span class='ocrx_word' id='word_1_803' title='bbox 1773 5499 1787 5534; x_wconf 90' lang='lat'><strong>:</strong></span> <span class='ocrx_word' id='word_1_804' title='bbox 1814 5480 1979 5552; x_wconf 60' lang='lat' dir='ltr'><strong>dmps-</strong></span> 
     </span>
    </p>
   </div>
   <div class='ocr_carea' id='block_1_102' title="bbox 459 5543 1978 5619">
    <p class='ocr_par' dir='ltr' id='par_1_102' title="bbox 459 5543 1978 5619">
     <span class='ocr_line' id='line_1_105' title="bbox 459 5543 1978 5619; baseline 0.005 -23"><span class='ocrx_word' id='word_1_805' title='bbox 459 5562 544 5619; x_wconf 80' lang='grc' dir='ltr'><strong>οσι</strong></span> <span class='ocrx_word' id='word_1_806' title='bbox 573 5543 630 5596; x_wconf 82' lang='grc' dir='ltr'><strong>δὲ</strong></span> <span class='ocrx_word' id='word_1_807' title='bbox 659 5544 899 5615; x_wconf 79' lang='grc' dir='ltr'>βοτανῶν</span> <span class='ocrx_word' id='word_1_808' title='bbox 928 5547 1023 5619; x_wconf 79' lang='grc' dir='ltr'><strong>καὶ</strong></span> <span class='ocrx_word' id='word_1_809' title='bbox 1044 5545 1256 5619; x_wconf 67' lang='grc' dir='ltr'>φύλλων</span> <span class='ocrx_word' id='word_1_810' title='bbox 1286 5546 1421 5619; x_wconf 66' lang='grc' dir='ltr'>πρὸς</span> <span class='ocrx_word' id='word_1_811' title='bbox 1447 5548 1634 5619; x_wconf 76' lang='grc' dir='ltr'><strong>ὀλίγην</strong></span> <span class='ocrx_word' id='word_1_812' title='bbox 1655 5543 1859 5619; x_wconf 75' lang='grc' dir='ltr'>τροφὴν</span> <span class='ocrx_word' id='word_1_813' title='bbox 1886 5543 1978 5604; x_wconf 76' lang='grc' dir='ltr'><strong>καὶ</strong></span> 
     </span>
    </p>
   </div>
   <div class='ocr_carea' id='block_1_103' title="bbox 412 5564 1974 5686">
    <p class='ocr_par' dir='ltr' id='par_1_103' title="bbox 412 5564 1974 5686">
     <span class='ocr_line' id='line_1_106' title="bbox 459 5564 1974 5619; baseline 0.003 -20"><span class='ocrx_word' id='word_1_814' title='bbox 459 5564 544 5599; x_wconf 89' lang='grc' dir='ltr'><strong>οσι</strong></span> <span class='ocrx_word' id='word_1_815' title='bbox 573 5564 630 5596; x_wconf 87' lang='grc' dir='ltr'><strong>οε</strong></span> <span class='ocrx_word' id='word_1_816' title='bbox 659 5564 899 5615; x_wconf 75' lang='grc' dir='ltr'>Ροτανων</span> <span class='ocrx_word' id='word_1_817' title='bbox 928 5564 1023 5599; x_wconf 84' lang='grc' dir='ltr'><strong>και</strong></span> <span class='ocrx_word' id='word_1_818' title='bbox 1044 5564 1256 5615; x_wconf 75' lang='grc' dir='ltr'><strong>φυΑΛων</strong></span> <span class='ocrx_word' id='word_1_819' title='bbox 1286 5564 1419 5614; x_wconf 88' lang='grc' dir='ltr'>προς</span> <span class='ocrx_word' id='word_1_820' title='bbox 1447 5564 1634 5617; x_wconf 79' lang='grc' dir='ltr'>οΛιγην</span> <span class='ocrx_word' id='word_1_821' title='bbox 1655 5564 1859 5619; x_wconf 84' lang='grc' dir='ltr'>τροφην</span> <span class='ocrx_word' id='word_1_822' title='bbox 1886 5564 1974 5604; x_wconf 80' lang='grc' dir='ltr'><strong>και</strong></span> 
     </span>
     <span class='ocr_line' id='line_1_107' title="bbox 412 5564 1974 5686; baseline 0.003 -17"><span class='ocrx_word' id='word_1_823' title='bbox 412 5564 642 5683; x_wconf 52' lang='grc' dir='ltr'>ἓύναμιν</span> <span class='ocrx_word' id='word_1_824' title='bbox 672 5644 742 5657; x_wconf 91' lang='lat'><strong>—-</strong></span> <span class='ocrx_word' id='word_1_825' title='bbox 771 5631 893 5686; x_wconf 70' lang='lat' dir='ltr'><strong>quae</strong></span> <span class='ocrx_word' id='word_1_826' title='bbox 926 5616 1087 5669; x_wconf 92' lang='lat' dir='ltr'><strong>etiam</strong></span> <span class='ocrx_word' id='word_1_827' title='bbox 1133 5617 1187 5670; x_wconf 91' lang='lat' dir='ltr'><strong>in</strong></span> <span class='ocrx_word' id='word_1_828' title='bbox 1225 5616 1346 5670; x_wconf 93' lang='lat' dir='ltr'><strong>cod.</strong></span> <span class='ocrx_word' id='word_1_829' title='bbox 1389 5616 1519 5673; x_wconf 90' lang='lat' dir='ltr'><strong>Bav.</strong></span> <span class='ocrx_word' id='word_1_830' title='bbox 1551 5618 1750 5672; x_wconf 88' lang='lat' dir='ltr'><strong>desunt</strong></span> <span class='ocrx_word' id='word_1_831' title='bbox 1777 5648 1848 5661; x_wconf 89' lang='lat'><strong>—</strong></span> <span class='ocrx_word' id='word_1_832' title='bbox 1879 5622 1974 5674; x_wconf 76' lang='grc' dir='ltr'>καὶ</span> 
     </span>
    </p>
   </div>
   <div class='ocr_carea' id='block_1_104' title="bbox 413 5685 1974 5758">
    <p class='ocr_par' dir='ltr' id='par_1_104' title="bbox 413 5685 1974 5758">
     <span class='ocr_line' id='line_1_108' title="bbox 413 5685 1974 5758; baseline 0.005 -21"><span class='ocrx_word' id='word_1_833' title='bbox 413 5685 722 5758; x_wconf 79' lang='grc' dir='ltr'>ᾁπὲριττον.</span> <span class='ocrx_word' id='word_1_834' title='bbox 745 5685 912 5740; x_wconf 87' lang='lat' dir='ltr'><strong>—Cf.</strong></span> <span class='ocrx_word' id='word_1_835' title='bbox 941 5700 1104 5756; x_wconf 91' lang='lat' dir='ltr'><strong>porro</strong></span> <span class='ocrx_word' id='word_1_836' title='bbox 1136 5687 1378 5758; x_wconf 90' lang='lat' dir='ltr'><strong>ejusdem</strong></span> <span class='ocrx_word' id='word_1_837' title='bbox 1407 5688 1528 5743; x_wconf 91' lang='lat' dir='ltr'><strong>libri</strong></span> <span class='ocrx_word' id='word_1_838' title='bbox 1567 5690 1793 5758; x_wconf 89' lang='lat' dir='ltr'><strong>epistola</strong></span> <span class='ocrx_word' id='word_1_839' title='bbox 1829 5691 1974 5756; x_wconf 74' lang='lat'><strong>152.,</strong></span> 
     </span>
    </p>
   </div>
   <div class='ocr_carea' id='block_1_105' title="bbox 413 5755 1973 5829">
    <p class='ocr_par' dir='ltr' id='par_1_105' title="bbox 413 5755 1973 5829">
     <span class='ocr_line' id='line_1_109' title="bbox 413 5755 1973 5829; baseline 0.005 -19"><span class='ocrx_word' id='word_1_840' title='bbox 413 5755 469 5810; x_wconf 88' lang='lat' dir='ltr'><strong>iu</strong></span> <span class='ocrx_word' id='word_1_841' title='bbox 497 5768 601 5826; x_wconf 88' lang='lat' dir='ltr'><strong>qua</strong></span> <span class='ocrx_word' id='word_1_842' title='bbox 627 5755 769 5812; x_wconf 89' lang='lat' dir='ltr'><strong>hanc</strong></span> <span class='ocrx_word' id='word_1_843' title='bbox 792 5755 949 5812; x_wconf 85' lang='lat' dir='ltr'><strong>suam</strong></span> <span class='ocrx_word' id='word_1_844' title='bbox 983 5755 1303 5812; x_wconf 81' lang='lat' dir='ltr'><strong>sententiam</strong></span> <span class='ocrx_word' id='word_1_845' title='bbox 1334 5758 1492 5829; x_wconf 90' lang='lat' dir='ltr'><strong>plane</strong></span> <span class='ocrx_word' id='word_1_846' title='bbox 1525 5768 1578 5815; x_wconf 92' lang='lat' dir='ltr'><strong>et</strong></span> <span class='ocrx_word' id='word_1_847' title='bbox 1602 5755 1853 5817; x_wconf 79' lang='lat' dir='ltr'><strong>distincte</strong></span> <span class='ocrx_word' id='word_1_848' title='bbox 1874 5762 1973 5818; x_wconf 90' lang='lat' dir='ltr'><strong>de-</strong></span> 
     </span>
    </p>
   </div>
   <div class='ocr_carea' id='block_1_106' title="bbox 2083 4557 3660 4639">
    <p class='ocr_par' dir='ltr' id='par_1_106' title="bbox 2083 4557 3660 4639">
     <span class='ocr_line' id='line_1_110' title="bbox 2083 4557 3660 4639; baseline 0.006 -28"><span class='ocrx_word' id='word_1_849' title='bbox 2083 4557 2226 4629; x_wconf 86' lang='grc' dir='ltr'>θήκη</span> <span class='ocrx_word' id='word_1_850' title='bbox 2249 4558 2357 4631; x_wconf 85' lang='grc' dir='ltr'><strong>γὰρ</strong></span> <span class='ocrx_word' id='word_1_851' title='bbox 2378 4560 2471 4615; x_wconf 77' lang='grc' dir='ltr'><strong>ἐπὶ</strong></span> <span class='ocrx_word' id='word_1_852' title='bbox 2496 4564 2709 4634; x_wconf 85' lang='grc' dir='ltr'>νεκροῖς</span> <span class='ocrx_word' id='word_1_853' title='bbox 2737 4562 2949 4634; x_wconf 75' lang='grc' dir='ltr'>βεϐαία,</span> <span class='ocrx_word' id='word_1_854' title='bbox 2972 4565 3095 4619; x_wconf 76' lang='grc' dir='ltr'>ἐπεὶ</span> <span class='ocrx_word' id='word_1_855' title='bbox 3126 4566 3335 4637; x_wconf 79' lang='grc' dir='ltr'>μήποτε</span> <span class='ocrx_word' id='word_1_856' title='bbox 3369 4567 3542 4639; x_wconf 75' lang='grc' dir='ltr'>ἰσχύει</span> <span class='ocrx_word' id='word_1_857' title='bbox 3563 4569 3660 4623; x_wconf 80' lang='grc' dir='ltr'><strong>ὅτε</strong></span> 
     </span>
    </p>
   </div>
   <div class='ocr_carea' id='block_1_107' title="bbox 2088 4788 3662 4914">
    <p class='ocr_par' dir='ltr' id='par_1_107' title="bbox 2088 4788 3662 4914">
     <span class='ocr_line' id='line_1_111' title="bbox 2088 4788 3662 4914; baseline 0.006 -73"><span class='ocrx_word' id='word_1_858' title='bbox 2088 4788 2312 4914; x_wconf 55' lang='grc' dir='ltr'><strong>ἓιεὲιένίι</strong></span> <span class='ocrx_word' id='word_1_859' title='bbox 2346 4789 2602 4848; x_wconf 92' lang='lat' dir='ltr'><strong>Isidorus.</strong></span> <span class='ocrx_word' id='word_1_860' title='bbox 2634 4824 2701 4834; x_wconf 98' lang='lat'><strong>—</strong></span> <span class='ocrx_word' id='word_1_861' title='bbox 2727 4792 2812 4849; x_wconf 83' lang='lat' dir='ltr'><strong>Cf.</strong></span> <span class='ocrx_word' id='word_1_862' title='bbox 2854 4792 3163 4849; x_wconf 88' lang='lat' dir='ltr'><strong>Comment.</strong></span> <span class='ocrx_word' id='word_1_863' title='bbox 3208 4808 3265 4863; x_wconf 94' lang='lat' dir='ltr'><strong>p.</strong></span> <span class='ocrx_word' id='word_1_864' title='bbox 3303 4807 3377 4858; x_wconf 85' lang='grc' dir='ltr'>ιι,</span> <span class='ocrx_word' id='word_1_865' title='bbox 3414 4793 3556 4865; x_wconf 81' lang='lat' dir='ltr'><strong>App.</strong></span> <span class='ocrx_word' id='word_1_866' title='bbox 3601 4795 3662 4861; x_wconf 91' lang='lat'><strong>1,</strong></span> 
     </span>
    </p>
   </div>
   <div class='ocr_carea' id='block_1_108' title="bbox 2089 4874 3660 5003">
    <p class='ocr_par' dir='ltr' id='par_1_108' title="bbox 2089 4874 3660 5003">
     <span class='ocr_line' id='line_1_112' title="bbox 2089 4874 3660 5003; baseline 0.005 -20"><span class='ocrx_word' id='word_1_867' title='bbox 2089 4874 2470 5003; x_wconf 46' lang='lat' dir='ltr'><strong>p._(:_t)).Dupin.</strong></span> <span class='ocrx_word' id='word_1_868' title='bbox 2509 4931 2545 4987; x_wconf 94' lang='lat' dir='ltr'><strong>l.</strong></span> <span class='ocrx_word' id='word_1_869' title='bbox 2583 4949 2657 4996; x_wconf 93' lang='lat' dir='ltr'><strong>c.,</strong></span> <span class='ocrx_word' id='word_1_870' title='bbox 2686 4949 2741 5003; x_wconf 89' lang='lat' dir='ltr'><strong>p.</strong></span> <span class='ocrx_word' id='word_1_871' title='bbox 2775 4932 2828 4998; x_wconf 89' lang='lat'><strong>8,</strong></span> <span class='ocrx_word' id='word_1_872' title='bbox 2861 4933 2966 4988; x_wconf 92' lang='lat' dir='ltr'><strong>col.</strong></span> <span class='ocrx_word' id='word_1_873' title='bbox 2990 4932 3059 5003; x_wconf 89' lang='lat'><strong>1.</strong></span> <span class='ocrx_word' id='word_1_874' title='bbox 3095 4932 3239 5003; x_wconf 88' lang='lat' dir='ltr'><strong>Pour</strong></span> <span class='ocrx_word' id='word_1_875' title='bbox 3273 4948 3476 5002; x_wconf 87' lang='lat' dir='ltr'><strong>preuve</strong></span> <span class='ocrx_word' id='word_1_876' title='bbox 3508 4934 3575 4989; x_wconf 91' lang='lat' dir='ltr'><strong>dc</strong></span> <span class='ocrx_word' id='word_1_877' title='bbox 3598 4951 3660 4991; x_wconf 87' lang='lat' dir='ltr'><strong>sa</strong></span> 
     </span>
    </p>
   </div>
   <div class='ocr_carea' id='block_1_109' title="bbox 2090 4998 3660 5073">
    <p class='ocr_par' dir='ltr' id='par_1_109' title="bbox 2090 4998 3660 5073">
     <span class='ocr_line' id='line_1_113' title="bbox 2090 4998 3660 5073; baseline 0.005 -22"><span class='ocrx_word' id='word_1_878' title='bbox 2090 4998 2428 5073; x_wconf 64' lang='lat' dir='ltr'><strong>penetration</strong></span> <span class='ocrx_word' id='word_1_879' title='bbox 2450 5011 2503 5056; x_wconf 92' lang='lat' dir='ltr'><strong>et</strong></span> <span class='ocrx_word' id='word_1_880' title='bbox 2534 5003 2601 5057; x_wconf 91' lang='lat' dir='ltr'><strong>de</strong></span> <span class='ocrx_word' id='word_1_881' title='bbox 2630 4998 2727 5057; x_wconf 78' lang='lat' dir='ltr'><strong>son</strong></span> <span class='ocrx_word' id='word_1_882' title='bbox 2764 5002 3000 5057; x_wconf 86' lang='lat' dir='ltr'><strong>habilelé</strong></span> <span class='ocrx_word' id='word_1_883' title='bbox 3036 5003 3171 5056; x_wconf 89' lang='lat' dir='ltr'><strong>dans</strong></span> <span class='ocrx_word' id='word_1_884' title='bbox 3205 4998 3660 5073; x_wconf 74' lang='lat' dir='ltr'><strong>l&#39;ititerprétation</strong></span> 
     </span>
    </p>
   </div>
   <div class='ocr_carea' id='block_1_110' title="bbox 2090 5070 3654 5145">
    <p class='ocr_par' dir='ltr' id='par_1_110' title="bbox 2090 5070 3654 5145">
     <span class='ocr_line' id='line_1_114' title="bbox 2090 5070 3654 5145; baseline 0.006 -24"><span class='ocrx_word' id='word_1_885' title='bbox 2090 5070 2158 5145; x_wconf 82' lang='lat' dir='ltr'><strong>de</strong></span> <span class='ocrx_word' id='word_1_886' title='bbox 2188 5070 2470 5145; x_wconf 79' lang='lat' dir='ltr'><strong>l&#39;Ecriture</strong></span> <span class='ocrx_word' id='word_1_887' title='bbox 2508 5073 2682 5145; x_wconf 82' lang='lat' dir='ltr'><strong>sainte</strong></span> <span class='ocrx_word' id='word_1_888' title='bbox 2706 5114 2723 5137; x_wconf 91' lang='lat'><strong>,</strong></span> <span class='ocrx_word' id='word_1_889' title='bbox 2760 5074 2796 5145; x_wconf 83' lang='lat' dir='ltr'><strong>il</strong></span> <span class='ocrx_word' id='word_1_890' title='bbox 2834 5073 2983 5127; x_wconf 79' lang='lat' dir='ltr'><strong>suiiit</strong></span> <span class='ocrx_word' id='word_1_891' title='bbox 3040 5073 3108 5127; x_wconf 86' lang='lat' dir='ltr'><strong>de</strong></span> <span class='ocrx_word' id='word_1_892' title='bbox 3154 5070 3469 5145; x_wconf 79' lang='lat' dir='ltr'><strong>remarquer</strong></span> <span class='ocrx_word' id='word_1_893' title='bbox 3518 5074 3654 5145; x_wconf 84' lang='lat' dir='ltr'><strong>qu&#39;il</strong></span> 
     </span>
    </p>
   </div>
   <div class='ocr_carea' id='block_1_111' title="bbox 2081 5138 3512 5270">
    <p class='ocr_par' dir='ltr' id='par_1_111' title="bbox 2081 5138 3512 5270">
     <span class='ocr_line' id='line_1_115' title="bbox 2081 5138 3512 5213; baseline 0.004 -20"><span class='ocrx_word' id='word_1_894' title='bbox 2081 5138 2261 5193; x_wconf 92' lang='lat' dir='ltr'><strong>donne</strong></span> <span class='ocrx_word' id='word_1_895' title='bbox 2294 5142 2383 5194; x_wconf 82' lang='lat' dir='ltr'><strong>dix</strong></span> <span class='ocrx_word' id='word_1_896' title='bbox 2405 5142 2758 5211; x_wconf 80' lang='lat' dir='ltr'><strong>explications</strong></span> <span class='ocrx_word' id='word_1_897' title='bbox 2782 5143 2813 5197; x_wconf 66' lang='grc' dir='ltr'><strong>ὲ</strong></span> <span class='ocrx_word' id='word_1_898' title='bbox 2840 5160 2910 5198; x_wconf 92' lang='lat' dir='ltr'><strong>un</strong></span> <span class='ocrx_word' id='word_1_899' title='bbox 2935 5158 3162 5213; x_wconf 84' lang='lat' dir='ltr'><strong>passage</strong></span> <span class='ocrx_word' id='word_1_900' title='bbox 3188 5138 3512 5213; x_wconf 50' lang='lat' dir='ltr'><strong>de.S.&#39;Paul.</strong></span> 
     </span>
     <span class='ocr_line' id='line_1_116' title="bbox 2156 5209 2758 5270; baseline 0.01 -8"><span class='ocrx_word' id='word_1_901' title='bbox 2156 5212 2219 5270; x_wconf 81' lang='lat' dir='ltr'><strong>(f)</strong></span> <span class='ocrx_word' id='word_1_902' title='bbox 2256 5209 2374 5266; x_wconf 89' lang='lat' dir='ltr'><strong>Lib.</strong></span> <span class='ocrx_word' id='word_1_903' title='bbox 2408 5226 2480 5270; x_wconf 84' lang='lat' dir='ltr'><strong>iv,</strong></span> <span class='ocrx_word' id='word_1_904' title='bbox 2518 5228 2606 5270; x_wconf 85' lang='lat' dir='ltr'><strong>cu.</strong></span> <span class='ocrx_word' id='word_1_905' title='bbox 2636 5213 2758 5268; x_wconf 72' lang='lat'><strong>129.</strong></span> 
     </span>
    </p>
   </div>
   <div class='ocr_carea' id='block_1_112' title="bbox 2300 5226 2758 5272">
    <p class='ocr_par' dir='ltr' id='par_1_112' title="bbox 2300 5226 2758 5272">
     <span class='ocr_line' id='line_1_117' title="bbox 2300 5226 2758 5272; baseline 0.013 -10"><span class='ocrx_word' id='word_1_906' title='bbox 2300 5226 2374 5266; x_wconf 87' lang='grc' dir='ltr'><strong>ιι).</strong></span> <span class='ocrx_word' id='word_1_907' title='bbox 2408 5226 2480 5272; x_wconf 82' lang='grc' dir='ltr'>ιν,</span> <span class='ocrx_word' id='word_1_908' title='bbox 2518 5228 2606 5272; x_wconf 77' lang='lat' dir='ltr'><strong>CD.</strong></span> <span class='ocrx_word' id='word_1_909' title='bbox 2636 5226 2758 5268; x_wconf 68' lang='grc'><strong>129.</strong></span> 
     </span>
    </p>
   </div>
   <div class='ocr_carea' id='block_1_113' title="bbox 2153 5212 3059 5351">
    <p class='ocr_par' dir='ltr' id='par_1_113' title="bbox 2153 5212 3059 5351">
     <span class='ocr_line' id='line_1_118' title="bbox 2156 5212 2953 5282; baseline -0.005 -12"><span class='ocrx_word' id='word_1_910' title='bbox 2156 5212 2219 5279; x_wconf 72' lang='grc' dir='ltr'><strong>(Γ)</strong></span> <span class='ocrx_word' id='word_1_911' title='bbox 2256 5212 2374 5266; x_wconf 90' lang='lat' dir='ltr'><strong>Lib.</strong></span> <span class='ocrx_word' id='word_1_912' title='bbox 2408 5226 2480 5272; x_wconf 84' lang='lat' dir='ltr'><strong>Iv,</strong></span> <span class='ocrx_word' id='word_1_913' title='bbox 2518 5228 2606 5282; x_wconf 89' lang='lat' dir='ltr'><strong>cp.</strong></span> <span class='ocrx_word' id='word_1_914' title='bbox 2636 5213 2758 5268; x_wconf 72' lang='lat'><strong>129.</strong></span> <span class='ocrx_word' id='word_1_915' title='bbox 2937 5212 2953 5213; x_wconf 31' lang='grc' dir='ltr'>ί</span> 
     </span>
     <span class='ocr_line' id='line_1_119' title="bbox 2153 5278 3059 5351; baseline 0.002 -15"><span class='ocrx_word' id='word_1_916' title='bbox 2153 5278 2227 5351; x_wconf 71' lang='lat' dir='ltr'><strong>(gi</strong></span> <span class='ocrx_word' id='word_1_917' title='bbox 2258 5278 2409 5351; x_wconf 86' lang='lat' dir='ltr'><strong>Paul.</strong></span> <span class='ocrx_word' id='word_1_918' title='bbox 2441 5279 2462 5333; x_wconf 97' lang='lat' dir='ltr'><strong>I</strong></span> <span class='ocrx_word' id='word_1_919' title='bbox 2493 5298 2583 5351; x_wconf 79' lang='lat' dir='ltr'><strong>cp.</strong></span> <span class='ocrx_word' id='word_1_920' title='bbox 2615 5283 2683 5337; x_wconf 88' lang='lat' dir='ltr'><strong>ad</strong></span> <span class='ocrx_word' id='word_1_921' title='bbox 2702 5283 2828 5339; x_wconf 87' lang='lat' dir='ltr'><strong>Cor.</strong></span> <span class='ocrx_word' id='word_1_922' title='bbox 2862 5298 2938 5350; x_wconf 78' lang='lat' dir='ltr'><strong>vr,</strong></span> <span class='ocrx_word' id='word_1_923' title='bbox 2972 5280 3059 5338; x_wconf 93' lang='lat'><strong>18.</strong></span> 
     </span>
    </p>
   </div>
   <div class='ocr_carea' id='block_1_114' title="bbox 2159 5350 2594 5421">
    <p class='ocr_par' dir='ltr' id='par_1_114' title="bbox 2159 5350 2594 5421">
     <span class='ocr_line' id='line_1_120' title="bbox 2159 5350 2594 5421; baseline 0.016 -23"><span class='ocrx_word' id='word_1_924' title='bbox 2159 5350 2233 5421; x_wconf 72' lang='lat' dir='ltr'><strong>(It)</strong></span> <span class='ocrx_word' id='word_1_925' title='bbox 2256 5350 2350 5421; x_wconf 84' lang='lat' dir='ltr'><strong>_Cf.</strong></span> <span class='ocrx_word' id='word_1_926' title='bbox 2379 5368 2432 5421; x_wconf 92' lang='lat' dir='ltr'><strong>p.</strong></span> <span class='ocrx_word' id='word_1_927' title='bbox 2467 5350 2594 5407; x_wconf 75' lang='grc'><strong>206.</strong></span> 
     </span>
    </p>
   </div>
   <div class='ocr_carea' id='block_1_115' title="bbox 2159 5419 2747 5493">
    <p class='ocr_par' dir='ltr' id='par_1_115' title="bbox 2159 5419 2747 5493">
     <span class='ocr_line' id='line_1_121' title="bbox 2159 5419 2747 5493; baseline 0.003 -19"><span class='ocrx_word' id='word_1_928' title='bbox 2159 5419 2219 5493; x_wconf 59' lang='grc' dir='ltr'><strong>(ἦ)</strong></span> <span class='ocrx_word' id='word_1_929' title='bbox 2253 5419 2474 5493; x_wconf 39' lang='lat' dir='ltr'><strong>Isim—Iv,</strong></span> <span class='ocrx_word' id='word_1_930' title='bbox 2508 5437 2598 5493; x_wconf 90' lang='lat' dir='ltr'><strong>ep.</strong></span> <span class='ocrx_word' id='word_1_931' title='bbox 2618 5421 2747 5493; x_wconf 55' lang='lat'><strong>115’).</strong></span> 
     </span>
    </p>
   </div>
   <div class='ocr_carea' id='block_1_116' title="bbox 2155 5489 3055 5561">
    <p class='ocr_par' dir='ltr' id='par_1_116' title="bbox 2155 5489 3055 5561">
     <span class='ocr_line' id='line_1_122' title="bbox 2155 5489 3055 5561; baseline -0.012 -5"><span class='ocrx_word' id='word_1_932' title='bbox 2155 5489 2221 5561; x_wconf 68' lang='grc' dir='ltr'><strong>(Ι)</strong></span> <span class='ocrx_word' id='word_1_933' title='bbox 2252 5490 2408 5561; x_wconf 63' lang='lat' dir='ltr'><strong>Paul.</strong></span> <span class='ocrx_word' id='word_1_934' title='bbox 2443 5489 2631 5561; x_wconf 55' lang='lat' dir='ltr'><strong>epfad</strong></span> <span class='ocrx_word' id='word_1_935' title='bbox 2664 5490 2830 5547; x_wconf 86' lang='lat' dir='ltr'><strong>Hebr.</strong></span> <span class='ocrx_word' id='word_1_936' title='bbox 2863 5508 2937 5556; x_wconf 83' lang='lat' dir='ltr'><strong>ix,</strong></span> <span class='ocrx_word' id='word_1_937' title='bbox 2969 5491 3055 5546; x_wconf 91' lang='lat'><strong>17.</strong></span> 
     </span>
    </p>
   </div>
   <div class='ocr_carea' id='block_1_117' title="bbox 2157 5559 3664 5633">
    <p class='ocr_par' dir='ltr' id='par_1_117' title="bbox 2157 5559 3664 5633">
     <span class='ocr_line' id='line_1_123' title="bbox 2157 5559 3664 5633; baseline 0.003 -20"><span class='ocrx_word' id='word_1_938' title='bbox 2157 5559 2232 5633; x_wconf 58' lang='lat' dir='ltr'><strong>(ki</strong></span> <span class='ocrx_word' id='word_1_939' title='bbox 2266 5559 2414 5616; x_wconf 86' lang='lat' dir='ltr'><strong>Hanc</strong></span> <span class='ocrx_word' id='word_1_940' title='bbox 2438 5559 2837 5633; x_wconf 19' lang='lat' dir='ltr'><strong>_Ri_t_tershusiii</strong></span> <span class='ocrx_word' id='word_1_941' title='bbox 2846 5563 3220 5633; x_wconf 81' lang='lat' dir='ltr'><strong>conjecturam</strong></span> <span class='ocrx_word' id='word_1_942' title='bbox 3254 5569 3480 5628; x_wconf 88' lang='lat' dir='ltr'><strong>tutatur,</strong></span> <span class='ocrx_word' id='word_1_943' title='bbox 3521 5571 3664 5619; x_wconf 89' lang='lat' dir='ltr'><strong>teste</strong></span> 
     </span>
    </p>
   </div>
   <div class='ocr_carea' id='block_1_118' title="bbox 2082 5628 3234 5703">
    <p class='ocr_par' dir='ltr' id='par_1_118' title="bbox 2082 5628 3234 5703">
     <span class='ocr_line' id='line_1_124' title="bbox 2082 5628 3234 5703; baseline 0.003 -20"><span class='ocrx_word' id='word_1_944' title='bbox 2082 5628 2329 5703; x_wconf 68' lang='lat' dir='ltr'><strong>Possint),</strong></span> <span class='ocrx_word' id='word_1_945' title='bbox 2355 5631 2475 5686; x_wconf 92' lang='lat' dir='ltr'><strong>cod.</strong></span> <span class='ocrx_word' id='word_1_946' title='bbox 2507 5630 2631 5703; x_wconf 70' lang='lat' dir='ltr'><strong>Yat.</strong></span> <span class='ocrx_word' id='word_1_947' title='bbox 2662 5632 2786 5687; x_wconf 84' lang='lat'><strong>650.</strong></span> <span class='ocrx_word' id='word_1_948' title='bbox 2819 5628 2987 5703; x_wconf 35' lang='lat' dir='ltr'><strong>Vulg;</strong></span> <span class='ocrx_word' id='word_1_949' title='bbox 3005 5634 3234 5703; x_wconf 78' lang='grc' dir='ltr'>νομίζω.</span> 
     </span>
    </p>
   </div>
   <div class='ocr_carea' id='block_1_119' title="bbox 2154 5649 3660 5776">
    <p class='ocr_par' dir='ltr' id='par_1_119' title="bbox 2154 5649 3660 5776">
     <span class='ocr_line' id='line_1_125' title="bbox 2154 5649 3234 5703; baseline 0 -16"><span class='ocrx_word' id='word_1_950' title='bbox 2154 5649 2329 5695; x_wconf 53' lang='lat' dir='ltr'><strong>issmo,</strong></span> <span class='ocrx_word' id='word_1_951' title='bbox 2355 5649 2475 5686; x_wconf 88' lang='lat' dir='ltr'><strong>coa.</strong></span> <span class='ocrx_word' id='word_1_952' title='bbox 2517 5649 2631 5685; x_wconf 81' lang='lat' dir='ltr'><strong>vat.</strong></span> <span class='ocrx_word' id='word_1_953' title='bbox 2662 5649 2786 5687; x_wconf 72' lang='lat' dir='ltr'><strong>nou.</strong></span> <span class='ocrx_word' id='word_1_954' title='bbox 2826 5649 2917 5687; x_wconf 81' lang='lat' dir='ltr'><strong>vui</strong></span> <span class='ocrx_word' id='word_1_955' title='bbox 2963 5673 2975 5685; x_wconf 95' lang='lat'><strong>.</strong></span> <span class='ocrx_word' id='word_1_956' title='bbox 3005 5649 3234 5703; x_wconf 71' lang='grc' dir='ltr'>νομιςω.</span> 
     </span>
     <span class='ocr_line' id='line_1_126' title="bbox 2154 5649 3660 5776; baseline 0.003 -23"><span class='ocrx_word' id='word_1_957' title='bbox 2154 5700 2214 5771; x_wconf 87' lang='grc' dir='ltr'><strong>(ι)</strong></span> <span class='ocrx_word' id='word_1_958' title='bbox 2249 5698 2340 5758; x_wconf 90' lang='lat' dir='ltr'><strong>Sic</strong></span> <span class='ocrx_word' id='word_1_959' title='bbox 2376 5702 2496 5759; x_wconf 92' lang='lat' dir='ltr'><strong>cod.</strong></span> <span class='ocrx_word' id='word_1_960' title='bbox 2526 5702 2647 5757; x_wconf 84' lang='lat' dir='ltr'><strong>Vat.</strong></span> <span class='ocrx_word' id='word_1_961' title='bbox 2689 5703 2814 5759; x_wconf 81' lang='lat'><strong>650.</strong></span> <span class='ocrx_word' id='word_1_962' title='bbox 2848 5649 3456 5776; x_wconf 63' lang='lat' dir='ltr'><strong>—gVulg.ostposiprjtat</strong></span> <span class='ocrx_word' id='word_1_963' title='bbox 3482 5697 3660 5758; x_wconf 74' lang='grc' dir='ltr'>εἷπον.</span> 
     </span>
    </p>
   </div>
  </div>
