3924 6416
275 382 373 453 101

1554 382 1852 446 ISIDORI
1888 382 2295 449 DOCTRINA.

3458 386 3563 454 102

277 505 342 574 ζῇ
374 504 404 556 ὀ
430 500 759 573 διαθέμενος
778 516 797 532 ο
856 497 1263 555 ἁντεπιστέλλω
1283 540 1299 565 ,
1340 498 1423 553 ὅτι
1454 498 1519 553 τὸ
1553 500 1763 571 μήποτε
1799 498 1875 571 μὴ

1990 502 2142 557 luerit
2170 500 2523 567 sententiam,
2556 514 2681 556 cum
2713 500 2851 572 ipse,
2879 500 2945 557 ad
2982 516 3095 558 rem
3135 502 3445 559 accuratius
3465 505 3563 561 de-

273 598 395 649 τὸτε
428 594 511 665 (α)
543 593 702 659 ἐστὶ,
738 590 869 665 μιᾶς
892 591 1123 664 κεραίας
1161 591 1243 645 ἐνὶ
1276 590 1531 663 στοιχείῳ
1572 590 1679 644 ὑπό
1710 607 1874 646 τινων

276 685 409 749 (cui;
442 684 681 755 ἀμαθῶν
711 683 787 755 (b)
817 681 1229 755 προστεθείσης.
1264 681 1423 735 Οὕτω
1450 682 1561 753 γὰρ
1594 676 1753 751 εὗρον
1780 681 1876 735 καὶ

275 777 334 829 ὲν
366 775 628 839 παλαιοῖς
666 774 1044 846 ἀντιγράφοις.
1083 773 1158 826 Οὐ
1196 774 1306 845 γὰρ
1338 772 1405 827 ἂν
1432 772 1564 843 θείῳ
1601 771 1874 843 πνεύματι

275 867 580 940 κοσμηθεὶς
626 867 725 921 καὶ
782 866 993 938 Ἐρμῆς
1022 859 1163 921 εἶναι
1210 864 1489 936 νομισθεὶς
1531 864 1598 937 (c)
1644 866 1723 929 sl;
1762 866 1878 918 τού-

273 961 492 1015 ναντίον
519 958 901 1032 περιετράπη·
944 958 1133 1028 ἐπειδὴ
1164 957 1275 1029 γὰρ
1308 959 1382 1030 μὴ
1416 957 1538 1011 τότε
1580 957 1657 1029 (d)
1704 956 1876 1027 ἰσχύει

273 1054 363 1105 ὅτε
396 1053 467 1123 ζῇ
496 1053 527 1106 ὁ
556 1050 879 1123 διαθέμενος
900 1090 917 1116 ,
960 1052 1102 1121 μετὰ
1153 1049 1383 1105 θάνατον
1434 1047 1775 1119 βεϐαιοῦται.
1809 1048 1873 1103 Εἰ

271 1144 332 1197 δὲ
368 1145 589 1215 μήποτε
628 1142 833 1207 κέοιτο,
860 1143 961 1196 οὐκ
989 1142 1060 1213 (e)
1093 1142 1173 1205 εἰς
1199 1140 1285 1207 τὸ,
1316 1138 1412 1211 μὴ,
1441 1156 1533 1192 τον
1560 1139 1712 1192 τόνον
1738 1140 1875 1193 ἀνα-

274 1235 590 1306 πεμπτέον,
610 1234 821 1300 ἀλλἐἱς
844 1234 904 1288 τὺ
922 1235 1053 1287 πότε
1079 1233 1167 1305 (Γ),
1194 1232 1281 1287 ἵνα
1300 1231 1569 1304 μηδαμῶς
1586 1230 1753 1303 νοηθῇ
1775 1234 1873 1303 (g).

274 1326 337 1382 In
369 1327 578 1395 quibus
625 1326 799 1381 multa
840 1336 971 1381 sunt
1006 1326 1392 1397 vituperanda.
1432 1323 1679 1378 Primum
1702 1366 1715 1390 ,
1749 1339 1876 1379 cum

202 1484 217 1499 ι
277 1420 333 1475 in
362 1420 462 1475 illo
499 1419 656 1474 Pauli
686 1419 919 1489 apostoli
960 1418 1109 1474 dicto
1137 1420 1352 1491 μήποτε
1380 1425 1436 1474 et
1460 1418 1549 1471 ὅτε
1580 1418 1878 1488 particulas

276 1509 383 1564 sibi
416 1510 657 1565 Invicem
693 1508 1029 1579 respondere
1061 1509 1317 1580 opinatus
1348 1508 1438 1570 sit,
1462 1507 1878 1578 repugnantiam

279 1612 336 1659 et
356 1602 716 1659 diﬂicultates
753 1602 823 1657 ibi
863 1602 1098 1668 invenit,
1135 1602 1229 1657 ubi
1266 1602 1430 1656 nulla;
1458 1608 1611 1657 sunt.
1651 1602 1879 1671 Μήποτε

280 1695 433 1751 enim
484 1696 678 1751 valere
716 1695 863 1751 idem
912 1704 1079 1766 atque
1123 1712 1429 1766 nunquam,
1473 1709 1596 1749 cum
1635 1693 1882 1750 centenis

281 1790 501 1847 ostendi
531 1790 709 1860 possit
739 1789 909 1855 locis,
940 1803 1011 1843 ne
1057 1803 1169 1842 uno
1194 1788 1415 1858 quidem
1436 1826 1452 1851 ,
1484 1800 1647 1856 quem
1676 1800 1743 1839 ex
1772 1784 1883 1839 Xe-

1978 593 2291 649 clarandam
2328 633 2343 659 ,
2393 593 2529 647 nihil
2566 592 2870 658 addiderit,
2919 592 3147 665 intelligi
3202 609 3312 648 non
3352 604 3557 664 potest.

1978 683 2167 755 Neque
2200 700 2322 755 quae
2349 695 2659 755 sequuntur
2687 685 2821 739 satis
2852 694 2979 755 apta
3011 696 3162 741 sunt.
3208 683 3390 757 Pergit
3415 686 3562 741 enim

1981 778 2036 832 in
2075 778 2222 832 hunc
2247 777 2520 833 modum:
2558 776 2774 832 καὶτοῦ
2808 777 2871 847 (j)
2903 778 2962 830 ἐν
2982 780 3049 849 τῇ
3081 778 3219 849 πρὸς
3254 778 3559 849 Ἐϐραίους·

1978 872 2028 924 εἰ
2066 870 2165 941 μὲν
2202 864 2295 924 οῦν
2334 869 2614 933 τελείωσις
2663 870 2752 924 διὰ
2779 870 2880 940 τῆς
2930 871 3225 943 Λευῖτικῆς
3257 870 3565 945 ἱερωσύνης

1977 957 2046 1033 ἦν
2080 962 2153 1031 (Ir)
2204 963 2252 1015 ει
2281 962 2379 1031 μὲν
2410 955 2503 1015 οὖν
2554 963 2701 1015 ἐστιν
2732 963 2891 1028 ἐπεὶ,
2944 962 3041 1014 καὶ
3088 962 3459 1030 συγκόπτεται
3500 962 3567 1017 τὸ

1979 1057 2180 1124 νόημα.
2215 1055 2309 1107 καὶ
2337 1055 2648 1109 τούναντίον
2675 1058 2743 1126 τῇ
2782 1056 3119 1125 ἀποστολικῇ
3156 1054 3355 1127 γνώμῃ
3395 1072 3566 1111 κατα.-

1980 1143 2398 1208 σκευάζεται.-
2413 1144 2530 1199 Jam
2545 1145 2612 1199 ad
2631 1145 2795 1199 alium
2819 1146 2998 1199 locum
3017 1146 3207 1201 transit
3226 1146 3312 1201 his
3337 1147 3521 1202 verbis
3546 1165 3563 1203 :

1979 1234 2074 1286 καὶ
2089 1233 2361 1305 τδ,γνήσιε
2382 1233 2581 1303 σύζυγε
2597 1234 2679 1302 (ί),
2696 1237 2894 1306 γνησία
2912 1236 3029 1289 ἐστὶ
3042 1234 3137 1288 τοῦ
3157 1236 3289 1290 ξῶτα
3302 1238 3567 1307 στοιχείου

1979 1325 2013 1397 ἢ
2064 1326 2537 1397 προστεθέντος,ἢ
2586 1329 3043 1399 συγγραφομένου
3082 1329 3202 1399 μὲν,
3252 1329 3329 1400 μὴ
3370 1346 3565 1383 συνεκο

1980 1421 2333 1486 φωνουμένου
2362 1417 2441 1472 δέ.
2475 1416 2602 1473 llaec
2631 1426 2780 1486 sunt,
2819 1436 2941 1489 quae
2969 1421 3151 1474 attulit
3184 1421 3295 1484 ille,
3327 1430 3387 1476 ut
3424 1437 3559 1476 sen-

1984 1507 2206 1561 tentiam
2244 1508 2499 1577 probaret
2522 1524 2699 1574 suam,
2733 1524 2799 1563 ex
2826 1510 2979 1564 Novo
3003 1509 3360 1567 Testamento
3393 1512 3564 1568 dicta.

1985 1596 2302 1667 Sequuntur
2352 1600 2601 1669 quaedam
2644 1616 2711 1655 ex
2750 1600 2950 1657 Vetere
2993 1601 3348 1658 Testamento
3407 1620 3566 1675 repe-

1984 1689 2082 1743 tita
2115 1690 2233 1759 (m).
2264 1689 2370 1745 Sed
2408 1692 2452 1746 si
2487 1693 2640 1762 plura
2673 1693 2838 1763 hujus
2870 1695 3088 1764 generis
3114 1696 3362 1765 exempla
3398 1696 3568 1751 refer-

1983 1798 2169 1838 remus
2190 1823 2205 1847 ,
2238 1784 2541 1840 timendum
2570 1796 2748 1852 esset,
2781 1802 2853 1841 ne
2890 1788 3153 1842 lectorum
3205 1788 3566 1843 abuteremur

281 1879 1034 1952 nopbontisllemorabilium
1052 1880 1193 1935 libro
1210 1879 1388 1950 primo
1403 1876 1876 1942 attulitWahlius,
1910 1861 1953 1917 Β
1981 1873 2265 1943 patientia.
2301 1873 2514 1942 Quare,
2560 1891 2686 1930 cum
2719 1877 2788 1931 de
2816 1876 3007 1931 critica
3047 1876 3240 1933 isiilori
3273 1887 3392 1933 arte
3433 1878 3570 1934 satis

282 1988 425 2044 opus
476 1982 594 2029 est.
630 1971 839 2027 Deinde
869 1972 961 2043 qui
983 2013 998 2034 ,
1028 1980 1086 2026 ut
1129 1971 1370 2027 lsidorus
1393 2010 1409 2034 ,
1444 1970 1768 2040 scripturam
1805 1968 1881 2040 μὴ

280 2062 405 2117 τότε
433 2070 669 2128 tutatur,
702 2077 827 2117 eum
862 2060 936 2133 μὴ
969 2061 1292 2131 particulam
1325 2061 1395 2115 ab
1440 2059 1702 2130 Apostolo
1742 2058 1881 2113 falso

284 2153 406 2209 loco
457 2153 698 2225 positam
740 2158 1043 2209 concedere
1076 2160 1316 2222 oportet.
1369 2149 1733 2206 Scribendum
1764 2157 1882 2203 erat

285 2245 433 2301 enim
466 2262 483 2301 :
521 2244 649 2299 ἐπεὶ
676 2244 799 2298 τότε
834 2244 936 2298 οὐκ
969 2243 1147 2314 ἰσχύει
1179 2243 1314 2297 ὅτε..
1355 2242 1603 2311 Denique
1629 2256 1750 2311 quae
1781 2240 1881 2295 ad-

287 2340 368 2395 dit
382 2338 665 2394 Pelusiota
695 2337 765 2394 de
784 2337 1059 2408 scriptura
1095 2336 1175 2407 μὴ
1207 2336 1339 2389 πότε
1372 2377 1386 2403 ,
1421 2350 1485 2389 ea
1518 2334 1701 2405 inepta
1736 2348 1878 2400 esse,

288 2431 420 2487 satis
443 2439 530 2486 est
555 2430 895 2485 enuntiasse.
924 2458 998 2470 —
1017 2428 1225 2500 Magnis
1253 2436 1436 2482 autem
1465 2425 1881 2482 diﬂicultatibus

289 2523 529 2586 laborat,
574 2537 740 2593 quam
778 2520 999 2592 scripsit
1038 2520 1131 2574 ille
1168 2520 1238 2575 ad
1272 2518 1533 2575 Orionem
1572 2518 1880 2589 epistolam.

288 2612 347 2669 In
371 2616 474 2670 hac
497 2614 647 2670 enim
674 2629 787 2684 quo
822 2613 988 2667 modo
1022 2611 1370 2667 notissimum
1402 2610 1536 2665 illud
1559 2610 1629 2665 de
1660 2609 1883 2664 haereti-

288 2707 367 2763 cis
395 2705 554 2761 Pauli
581 2706 813 2777 apostoli
845 2705 902 2759 in
942 2704 1117 2775 prima
1151 2704 1220 2759 ad
1255 2703 1611 2759 Timotheum
1651 2702 1882 2767 epistola

285 2799 489 2855 dictum
528 2816 543 2852 :
578 2797 901 2851 κωλυόντων
927 2799 1150 2868 γαμεῖν,
1208 2795 1515 2866 ἀπέχεσθαι
1550 2794 1882 2865 βρωμάτων,

287 2888 678 2962 explicandum
710 2890 822 2955 sit,
853 2906 965 2945 non
1007 2888 1240 2953 videns,
1292 2903 1395 2958 pro
1440 2884 1743 2956 ἀπέχεσθαι
1787 2891 1884 2939 aut

286 2981 614 3054 ἀντέχεσθαι
656 2992 753 3036 aut
792 2982 1013 3053 ἔχεσθαι
1057 2980 1224 3036 scribi
1269 2979 1452 3050 iussit.
1498 2977 1712 3045 Quibus
1757 2977 1881 3032 fuse

284 3074 555 3145 expositis
574 3074 755 3146 pergit
770 3089 826 3127 in
850 3073 997 3128 hunc
1017 3072 1238 3128 modum
1260 3087 1274 3125 :
1302 3071 1427 3125 Ὀτι
1449 3071 1524 3141 (Ii)
1541 3070 1598 3123 δὲ
1620 3068 1884 3132 πολλάκις

288 3165 349 3221 Iv
375 3168 647 3237 στοιχεῖον
696 3165 732 3236 ἢ
773 3163 1288 3237 μεταστοιχειωθὲν,
1335 3164 1371 3233 ἢ
1419 3160 1812 3235 παραλειφθὲν,
1843 3160 1878 3232 ἢ

286 3258 590 3331 προστεθὲν
638 3257 733 3311 τὸν
771 3255 898 3311 νοῦν
955 3255 1068 3310 τῶν
1113 3255 1426 3327 λεγομένων
1482 3253 1877 3326 συνταράττει,

283 3349 441 3423 δῆλον
486 3349 639 3403 ἐστιν
666 3350 734 3402 ὲκ
761 3346 859 3401 τοῦ
892 3347 1195 3418 φερομένου
1241 3348 1301 3400 ὲν
1334 3349 1456 3411 ταῖς
1480 3344 1723 3418 Πράξεσι
1769 3343 1880 3398 τῶν

279 3440 607 3498 ἀποστόλων
626 3456 642 3470 ·
674 3440 726 3494 εἰ
752 3438 811 3492 δὲ
861 3437 1081 3509 πνεῦμα
1127 3437 1391 3510 ἐλάλησεν
1419 3436 1569 3508 αὐτῷ
1591 3477 1607 3503 ,
1631 3436 1666 3508 ἢ
1711 3436 1884 3505 ἄγγε-

276 3532 375 3598 λος
409 3531 499 3605 (i).
537 3530 753 3598 Quibus
778 3529 964 3586 verbis
988 3544 1100 3601 quo
1140 3530 1305 3585 modo
1337 3544 1493 3585 suam
1523 3528 1759 3599 probare
1784 3541 1882 3583 vo-

277 3737 437 3865 ισὲῗ)
464 3735 561 3793 Sic
593 3736 719 3792 cod.
739 3733 866 3791 Vat.
888 3734 1015 3790 650.
1052 3763 1125 3775 —
1152 3731 1312 3805 Vulg.
1339 3729 1423 3784 ὃτι
1447 3727 1508 3783 τὸ
1534 3728 1743 3801 μήποτε
1765 3726 1889 3783 τότε

382 3881 439 3943 b)
473 3878 568 3934 Sic
597 3877 721 3934 cod.
754 3876 879 3931 Vat.
913 3873 1036 3931 650.
1074 3870 1336 3944 —_Vulg.
1369 3868 1619 3944 ἀμαρῷς.

382 3888 439 3943 ο)
473 3888 568 3934 Sic
597 3888 721 3934 eoo.
762 3888 879 3931 Vat.
913 3888 1036 3931 650.
1074 3902 1147 3913 —
1185 3888 1336 3944 vulg.
1369 3888 1619 3939 αμαοως.

360 3888 435 4017 ἒς)
468 3949 564 4004 Sic
591 3948 715 4004 cod.
743 3946 871 4002 Vat.
913 3946 1039 4000 650.
1065 3973 1137 3984 ——
1160 3942 1320 4017 Vulg.
1355 3939 1735 4017 νομιζομενος.

360 4010 441 4090 (ὀ)
470 4019 565 4075 Sic
587 4019 709 4076 cod.
731 4017 873 4090 Vat.
912 4016 1036 4071 650.
1054 4044 1143 4090 --τ
1169 4010 1328 4083 Vulg.
1359 4010 1549 4090 ἐπειδὴ
1577 4010 1843 4090 μήῃιποτιιετ

362 4077 442 4160 ξε)
468 4091 574 4143 οὐκ
603 4088 749 4160 quod
778 4088 926 4160 vulg.
960 4084 1233 4142 omittitur
1254 4077 1319 4138 ei
1341 4077 1547 4138 eodem'
1572 4077 1759 4134 codice
1784 4077 1883 4133 ad-

286 4160 540 4218 dendum
566 4168 672 4214 est.

360 4233 429 4303 (fl
453 4231 547 4303 Sic
570 4230 695 4286 cod.
718 4227 849 4303 Vat.
880 4222 1278 4303 650._-_—_Vul_g.
1303 4222 1366 4278 τδ
1402 4221 1635 4303 μήποτε.

362 4239 429 4303 (fl
453 4239 547 4311 Sic
570 4239 695 4286 eod.
718 4239 849 4310 .Vat.
880 4239 1005 4282 οδω.
1025 4256 1097 4267 -
1124 4239 1278 4309 ναις.
1303 4239 1366 4278 το
1402 4239 1635 4345 gnarurs.
1771 4288 1786 4306 τ

362 4301 571 4376 (g)_§I_c
608 4313 966 4376 coniecimus;
1011 4296 1171 4376 Vulg.
1196 4311 1298 4376 Δινα
1318 4309 1402 4376 μη
1434 4308 1615 4376 σεμως.
1646 4319 1719 4331 -
1745 4287 1880 4345 Lod.

288 4363 573 4446 νιζοξο.
615 4363 1052 4446 τναῖμηᾷαιειῷςῇ
1094 4363 1285 4446 νὸηῆἧ.
1317 4363 1595 4446 Μθηᾱρες.
1638 4431 1675 4446 n
1824 4429 1838 4446 9

362 4442 445 4514 (te)
489 4431 854 4514 Sicconi'ecit
880 4431 1322 4514 'Ritté'rsbu'sius.
1358 4463 1427 4514 τ-
1457 4431 1595 4514 Cod.
1635 4431 1792 4514 bam,
1824 4431 1881 4485 in

291 4502 555 4586 quoﬂ'solo
579 4510 697 4566 haec
714 4502 934 4586 videtur
960 4516 1175 4563 exstare
1195 4504 1445 4576 epistola,
1480 4502 1529 4556 εἰ
1560 4502 1805 4557 exhibet.

360 4582 434 4731 ἑῇ
899 4648 1045 4721 conj.
1071 4677 1144 4689 —
1163 4646 1299 4703 Cod.
1325 4642 1456 4702 Bav.
1491 4641 1574 4697 τὸ.

477 4760 488 4775 δ

1980 1967 2186 2022 dictum
2218 1968 2310 2031 sit,
2352 1978 2523 2023 restat
2548 1979 2609 2025 ut
2648 1970 2992 2042 allegoricam
3037 1971 3437 2042 interpretandi
3470 1987 3559 2027 ra-

1981 2060 2187 2115 tionem
2235 2061 2446 2115 Isidoro
2477 2070 2679 2132 praeter
2710 2062 2931 2117 modum
2966 2062 3239 2133 placuisse
3262 2105 3277 2131 ,
3305 2064 3572 2135 exemplis

1982 2153 2309 2223 quibusdam
2336 2155 2779 2225 comprobemus.

2074 2245 2198 2316 Ipse
2231 2254 2414 2300 autem
2448 2246 2501 2300 in
2531 2246 2725 2301 litteris
2756 2246 2821 2301 ad
2854 2246 3297 2303 Valentinianum
3340 2247 3542 2319 presbv

1983 2347 2161 2392 terum
2198 2337 2277 2409 (η)
2312 2338 2475 2404 datis,
2507 2353 2664 2393 suam
2700 2339 2769 2394 de
2802 2340 3076 2411 allegoriis
3108 2343 3460 2409 sententiam,
3492 2342 3573 2399 sic

1984 2432 2315 2504 explicavit:
2359 2431 2560 2487 Videris
2594 2434 2723 2487 mihi
2758 2450 2859 2487 non
2891 2435 3115 2502 probare
3144 2451 3247 2499 eos,
3280 2436 3371 2506 qui
3393 2434 3573 2504 (Scri-

1983 2534 2154 2594 ptura!
2177 2524 2364 2593 sacrm)
2386 2524 2662 2578 lectoribus
2687 2524 2972 2595 allegorias
2987 2527 3376 2582 commendant.
3404 2527 3570 2593 Nam,

1983 2628 2042 2670 ut
2076 2617 2207 2670 dicis
2227 2656 2242 2680 ,
2283 2632 2402 2670 cum
2429 2633 2484 2670 se
2525 2615 2817 2683 Scripturis
2866 2618 3215 2687 sapientiores
3247 2636 3357 2673 esse
3388 2620 3573 2673 existiv

1984 2719 2164 2775 ment,
2209 2709 2388 2763 divina
2439 2708 2660 2762 oracula
2709 2710 2765 2762 in
2799 2726 3136 2780 quascunque
3176 2710 3305 2778 ipsis
3354 2709 3571 2763 libuerit

1983 2799 2186 2869 ﬁguras
2237 2800 2666 2870 transformant,
2716 2801 3087 2870 auditoresque
3134 2798 3331 2867 fallunt
3386 2799 3570 2853 multis

1985 2891 2176 2944 modis.
2215 2888 2319 2944 Sed
2354 2907 2447 2960 ego
2492 2907 2656 2960 neque
2692 2890 2847 2953 illos,
2892 2891 2939 2944 si
2977 2892 3243 2961 sapienter
3269 2892 3396 2961 quid
3428 2892 3573 2945 inve-

1985 2980 2124 3033 nisse
2152 2980 2423 3044 dicuntur,
2452 2978 2796 3049 culpaverim,
2831 2996 2996 3049 neque
3025 2991 3074 3033 te
3101 2982 3359 3034 nolentem
3385 2979 3455 3033 ad
3484 2978 3573 3032 al-

1987 3067 2217 3139 legorias
2262 3068 2575 3121 tractandas
2618 3068 2893 3138 coegerim.
2925 3066 3288 3123 Commendat
3318 3068 3483 3139 igitur
3512 3066 3569 3122 in

1986 3160 2072 3214 bis
2106 3159 2365 3231 prudenti
2399 3174 2502 3214 suo
2549 3160 2729 3214 amico
2771 3159 3117 3230 allegoricam
3171 3159 3570 3230 interpretandi

1986 3250 2256 3306 rationem
2290 3251 2567 3321 sapienter
2615 3250 2940 3306 adhibitam.
2973 3250 3113 3304 Num
3160 3267 3291 3306 vero
3337 3251 3455 3321 ipse
3479 3266 3573 3305 sa-

1984 3345 2201 3416 pienter
2230 3359 2352 3399 eam
2400 3342 2709 3398 adhibuerit
2728 3383 2743 3404 .
2768 3343 3071 3414 diiudicent
3100 3343 3203 3414 ipsi
3230 3345 3466 3399 lectores
3503 3358 3572 3400 ex

1985 3435 2237 3508 epistolis
2261 3435 2334 3491 42
2356 3476 2371 3503 ,
2407 3436 2529 3501 192,
2564 3435 2690 3500 195,
2722 3434 2850 3503 206,
2881 3434 2986 3490 210
3017 3434 3140 3490 libri
3165 3434 3207 3491 1.

2072 3723 2148 3794 (k)
2173 3720 2292 3794 _Ep.
2316 3720 2382 3775 ad
2410 3718 2595 3794 llcbrL
2611 3735 2709 3794 vn,
2740 3718 2828 3774 Η.

2070 3790 2147 3865 (Ι),
2167 3790 2328 3865 Paul.
2352 3806 2441 3861 ep.
2464 3790 2529 3845 nil
2567 3790 2711 3865 [Ilii].
2736 3807 2810 3853 Iv,
2844 3790 2900 3845 5.

2062 3857 2158 3935 (ut)
2186 3857 2552 3935 Conferautur
2569 3860 2712 3935 Croii
2738 3875 2903 3915 sacrae
2915 3869 2972 3915 et
2992 3857 3263 3935 historicas
3286 3857 3569 3935 inifovum

1989 3930 2399 3991 Testamentum
2427 3931 2856 3987 observationes.
2891 3947 2945 4000 p.
2975 3947 3012 3984 ι.
3049 3946 3102 3999 p.
3126 3930 3426 3985 125—127.

2063 4005 2141 4077 (ιι)
2189 4004 2309 4059 Lib.
2346 4019 2419 4077 Iv,
2458 4018 2547 4077 ep.
2588 4001 2715 4077 1-17ἶ
2744 4001 2803 4077 l_n
2845 4002 2967 4056 cod.
3004 4000 3122 4077 Vat.
3152 4000 3569 4077 Obqiévtuhaac

1994 4071 2195 4147 scripta
2228 4083 2312 4147 est
2332 4071 2581 4147 epistola.
2605 4071 2800 4147 Incipit
2829 4071 3128 4147 auteni_liis
3150 4074 3380 4147 verbis;
3419 4072 3569 4147 ’.Εοι-

1995 4138 2219 4210 καςόὐκ
2240 4138 2604 4214 ἀποδέχεσθαι
2624 4138 2749 4205 τοὺς
2779 4143 2871 4194 ἐπὶ
2898 4141 2997 4203 τὰς
3018 4140 3249 4265 θεωέοἱας
3275 4142 3401 4206 τοὺς
3427 4138 3564 4195 ἁνα-

1999 4215 2370 4265 γινώσκονταε
2420 4212 2893 4265 παρακαλοῦντας.
2928 4213 3114 4265 Σοφωτ
3152 4229 3276 4265 οους
3317 4212 3456 4265 γὰο.
3484 4212 3564 4265 ’ὡς

2040 4215 2370 4277 ινώσκοντας
2413 4212 2893 4284 ⁷παρακαλοῦντας.
2928 4212 3276 4284 Σοφ-ωτέρους
3317 4212 3456 4284 γὰρ,
3484 4212 3567 4276 ’ὡς

2040 4232 2370 4277 ινωσκοντας
2420 4232 2893 4284 παρακαλουντας.
2928 4232 3276 4283 ισοφωτερους
3317 4232 3456 4283 γαρ,
3488 4232 3565 4276 ως

1988 4232 2146 4357 ἔφης,
2203 4284 2313 4338 τῶν
2356 4283 2604 4357 ΓραφῶνΔ
2639 4284 2884 4357 ἑαυτοῦςὲ
2914 4281 3233 4357 ᾐγομύμενοι,
3286 4283 3371 4357 ei;
3421 4282 3565 4357 ἆττερ

1988 4300 2146 4357 εφης,
2203 4300 2313 4338 των
2356 4300 2588 4354 ιραφων
2639 4300 2866 4345 εαυτους
2914 4300 3233 4405 ηγουέιενοι,
3286 4300 3368 4346 εις
3421 4300 3565 4351 απερ

1987 4356 2269 4479 ξούλονται
2298 4352 2757 4439 μεταξομίζοντες
2775 4354 2842 4439 τςι
2863 4352 2979 4406 θεῖα
2998 4353 3037 4403 Λ
3075 4368 3190 4419 για,
3216 4352 3385 4407 πολλὰ
3404 4352 3566 4422 σφάλ-

2019 4444 2139 4479 ουσι
2173 4442 2302 4479 τους
2327 4425 2646 4479 ἀκουοντας.
2704 4424 2845 4479 Ἐγω
2882 4423 2928 4477 δ’
2952 4421 3063 4476 οὔτ’
3109 4422 3352 4479 ἐκείνους
3380 4423 3563 4476 αιτιοι-

2019 4444 2139 4481 ουσι
2173 4421 2309 4489 τοὺς
2327 4421 2646 4486 ἀκούοντας.
2704 4422 2845 4491 Ἐγὼ
2882 4423 2928 4477 δ’
2952 4421 3063 4476 οὔτ’
3109 4422 3352 4486 ἐκείνους
3380 4421 3563 4476 αἰτια-

1987 4495 2494 4569 σαίμηνηεί-σοφόν
2537 4491 2876 4569 τι-ξξευρεῐν
2920 4492 3382 4569 ἐπαγγέλλονται,
3431 4491 3560 4546 οὔτε

1986 4563 2095 4635 σὲ,’
2112 4563 2188 4641 μὴ
2220 4563 2540 4639 βουλόμενον
2572 4563 2916 4637 ἁλλητορείν,
2951 4563 3352 4636 ἀναγκάσαιμι.
