3924 6416
369 406 472 475 103
1459 401 2025 464 PROLEGOMENA
2065 398 2266 461 EDIT.
2306 399 2551 460 PARIS.
3546 398 3643 463 1M

411 545 3635 574 MM

1419 713 2608 849 PROLEGOMENA

931 982 1313 1046 PREFIXA
1370 980 1740 1044 EDITIONI
1796 978 2195 1042 PARISINIE
2249 978 2447 1043 ANNI
2500 976 3091 1057 MDCXXXVIIL‘.

1214 1317 1798 1413 EPISTOLA
1872 1316 2822 1411 NUNCUPATORIA

1717 1528 2102 1574 AMPLISSIMO
2147 1527 2299 1574 VIRO

1010 1697 1260 1744 DOMINO
1302 1696 1370 1742 D.
1409 1694 1617 1739 PETRO
1666 1692 1936 1738 SEGUIER
1978 1690 2201 1735 MAGNO
2240 1690 2539 1734 FRANCIE

1478 1694 1617 1739 ITRO
1666 1692 1936 1738 SEGUIER
1978 1690 2201 1735 MAGNO
2240 1690 2539 1734 FRANCIE
2575 1690 3027 1736 σΑΝαΕιιΑιιῐο.

450 1890 528 1945 Ea
562 1901 781 1957 semper
801 1885 1045 1940 virorum
1078 1883 1278 1938 animis
1299 1882 1512 1954 egregia
1541 1881 1722 1937 indole
1755 1878 2111 1952 praeditorum
2144 1877 2344 1933 insedit
2367 1877 2553 1949 opinio
2572 1920 2587 1945 ,
2616 1878 2697 1933 vir
2720 1879 3066 1949 amplissime,
3104 1890 3167 1937 ut
3193 1882 3330 1939 nihil
3354 1884 3658 1957 pulchrius,

383 2009 564 2065 neque
586 1992 652 2047 ad
678 1990 903 2063 gloriam
934 1988 1201 2043 illustrius
1224 2002 1347 2042 esse
1376 1986 1793 2050 existimarent,
1828 2000 1989 2054 quam
2025 1984 2069 2039 si
2095 1984 2363 2054 majorum
2408 1999 2632 2039 suorum
2664 1984 2915 2051 virtutes,
2951 2000 3254 2058 eorumque
3281 1993 3543 2060 praeclara
3573 1994 3660 2050 fa-

384 2100 573 2155 einora
607 2095 721 2151 suis
746 2093 1111 2148 imitarentur.
1136 2091 1196 2169 ln
1234 2107 1337 2161 qua
1365 2089 1583 2160 quidem
1614 2090 1884 2144 sententia
1909 2105 2033 2143 cum
2064 2104 2164 2161 ego
2186 2089 2299 2159 jam
2328 2089 2455 2144 inde
2479 2091 2546 2145 ab
2574 2090 2799 2145 ineunte
2822 2099 2983 2147 aetate
3009 2092 3227 2161 fuerim,
3266 2111 3501 2167 cumque
3538 2116 3662 2155 ma-

382 2204 560 2259 ximos
592 2200 838 2272 parentis
867 2200 975 2253 mei
1017 2199 1235 2253 labores
1278 2208 1442 2267 atque
1472 2195 1729 2251 eximiam
1760 2196 2001 2251 melioris
2029 2206 2172 2252 nota;
2215 2198 2531 2253 auctoribus
2558 2197 2784 2253 edendis
2827 2208 3080 2255 navatam
3112 2217 3357 2271 operam,
3384 2220 3664 2277 quamque

388 2309 517 2364 inde
546 2305 785 2361 nominis
815 2303 1012 2357 famam
1040 2312 1094 2357 et
1124 2302 1339 2357 laudem
1371 2302 1487 2373 ipse
1519 2310 1605 2357 est
1633 2309 1979 2365 consecutus,
2008 2303 2191 2358 animo
2221 2304 2641 2374 perpenderem,
2667 2314 2818 2360 tanto
2847 2305 3050 2374 studio,
3080 2314 3340 2379 tantaque
3360 2312 3666 2383 cupiditate

388 2415 456 2471 ad
493 2414 727 2470 similem
757 2414 1018 2468 virtutem
1057 2411 1398 2481 similemque
1440 2410 1665 2482 gloriam
1695 2424 1815 2465 sum
1849 2410 2141 2475 incitatus,
2173 2417 2235 2463 ut
2259 2424 2368 2479 quo
2404 2408 2518 2480 jam
2557 2410 2770 2480 pridem
2799 2411 2869 2465 de
2911 2413 3189 2483 republica
3215 2415 3479 2472 litteraria
3517 2419 3665 2475 bene

387 2518 634 2576 merendi
664 2519 937 2573 desiderio
962 2518 1267 2588 ﬂagrarem,
1302 2516 1434 2571 illud
1473 2516 1678 2571 diutius
1700 2515 1753 2569 in
1786 2523 2007 2585 pectore
2045 2531 2168 2571 meo
2207 2516 2479 2571 inclusum
2522 2516 2806 2572 continere
2832 2534 2940 2572 non
2970 2521 3263 2589 potuerim,
3293 2524 3388 2579 sed
3419 2526 3545 2582 totis
3574 2528 3664 2583 vi-

385 2625 540 2680 ribus
594 2623 651 2677 in
704 2623 757 2677 id
812 2623 948 2678 mihi
1006 2621 1433 2677 incumbendum
1466 2630 1717 2691 putarem
1742 2659 1757 2686 ,
1796 2627 1859 2674 ut
1897 2635 2223 2690 ouacunquc
2252 2621 2467 2676 ratione
2495 2636 2735 2693 possem,
2774 2623 3016 2677 animum
3048 2642 3228 2681 meum
3270 2629 3662 2698 patefacerem.

384 2738 522 2793 Cum
554 2743 740 2791 autem
773 2733 829 2787 in
856 2746 919 2785 ea
952 2727 1281 2800 cogitatione
1308 2735 1456 2782 totus
1482 2743 1749 2792 versarer,
1783 2736 1945 2796 atque
1975 2723 2033 2780 in
2086 2727 2269 2798 aliquo
2321 2728 2608 2800 deligendo
2633 2744 2798 2800 opere
2823 2730 3164 2800 potissimum
3214 2733 3425 2791 deﬁxus
3454 2753 3661 2805 essem,

384 2844 525 2903 nihil
558 2841 788 2899 eruditis
820 2839 952 2893 viris
976 2836 1185 2908 gratius
1214 2843 1379 2905 atque
1405 2835 1683 2905 acceptius
1712 2834 1829 2890 fore
1850 2833 2086 2905 judicavi
2109 2876 2123 2901 ,
2156 2850 2319 2904 quam
2350 2834 2395 2890 si
2424 2838 2678 2906 Magnam
2715 2834 2939 2889 Patrum
2981 2847 3031 2891 et
3058 2840 3375 2908 scriptorum
3414 2842 3669 2899 ecclesia-

384 2953 639 3007 sticarum
671 2945 1049 3001 Bibliothecam
1085 2942 1226 3014 typis
1251 2941 1587 2997 mandarem.
1614 2940 1778 3011 Atqui
1808 2956 1875 2995 eo
1900 2939 2163 2996 libentius
2191 2949 2355 3011 atque
2382 2939 2616 2995 alacrius
2649 2940 2717 2995 ad
2763 2939 2899 2995 illud
2952 2956 3092 3013 opus
3146 2943 3390 2999 animum
3443 2945 3617 3017 adjeci
3640 2992 3662 3016 ,

386 3056 531 3128 quod
570 3054 813 3109 futurum
840 3064 1117 3120 sperarem
1150 3058 1210 3103 ut
1236 3047 1416 3118 ipSum
1440 3062 1634 3102 omnes
1662 3054 1932 3116 quotquot
1959 3054 2089 3101 sunt
2114 3046 2171 3100 in
2197 3055 2311 3101 toto
2338 3046 2471 3102 orbe
2511 3044 2826 3102 Christiano
2861 3048 3121 3104 Ecclesiae
3158 3050 3379 3106 Patrum
3407 3051 3666 3108 lectionis

385 3171 635 3219 amantes
685 3170 1034 3229 summopere
1079 3154 1593 3225 complecterentur,
1630 3167 1755 3208 cum
1786 3153 2091 3223 praesertim
2123 3167 2188 3207 ea
2214 3168 2377 3223 quam
2408 3152 2716 3208 meditabar
2752 3153 2921 3209 editio
2962 3154 3229 3219 omnium,
3258 3166 3525 3228 quotquot
3553 3176 3669 3213 un-

386 3282 549 3339 quam
585 3267 642 3322 in
668 3267 847 3321 lucem
876 3264 1225 3335 prodierunt,
1257 3260 1574 3315 auctissima
1607 3268 1770 3329 atque
1800 3258 2203 3313 absolutissima
2232 3256 2415 3312 futura
2457 3266 2622 3312 esset.
2651 3256 2932 3328 Siquidem
2961 3253 3304 3315 Celonieusis
3330 3262 3519 3329 editio,
3551 3279 3667 3334 qua

387 3390 487 3445 pro
515 3370 811 3442 exemplari
846 3369 926 3423 uti
977 3367 1214 3431 decrevi,
1250 3366 1378 3421 licet
1406 3365 1521 3435 ipsa
1552 3364 1736 3434 plures
1764 3374 2015 3419 auctores
2043 3379 2205 3434 quam
2255 3372 2467 3417 cratera:
2518 3362 2819 3426 contineat,
2848 3373 3036 3419 nostra
3070 3364 3255 3421 tamen
3280 3369 3386 3422 erit
3409 3368 3663 3436 inferior,

387 3478 533 3550 quod
560 3478 613 3532 iu
642 3492 707 3532 ea
739 3474 1051 3531 Graecorum
1083 3480 1368 3527 auctorum
1400 3486 1509 3525 non
1540 3469 1724 3525 nativa
1753 3479 1809 3525 et
1829 3484 2082 3541 germana
2112 3468 2315 3542 lingua,
2345 3470 2441 3524 sed
2474 3468 2666 3524 Latina
2689 3469 2954 3525 duntaxat
2983 3471 3166 3527 versio
3193 3474 3519 3544 reperiatur.
3546 3477 3666 3549 Ego

388 3600 521 3639 vero
545 3589 749 3637 textum
780 3580 1029 3635 Graecum
1060 3578 1114 3631 in
1143 3577 1286 3632 dicta
1313 3575 1627 3632 Coloniensi
1655 3575 1898 3631 editione
1925 3575 2296 3632 desideratum
2328 3590 2435 3631 una
2473 3592 2597 3632 cum
2632 3577 3086 3648 interpretatione
3105 3580 3299 3636 Latina
3326 3582 3664 3655 conjungere

389 3690 445 3745 in
475 3688 658 3743 animo
688 3687 885 3749 habeo,
922 3693 981 3738 ut
1006 3683 1099 3754 qui
1132 3684 1362 3753 hujusce
1394 3682 1640 3738 omnium
1667 3680 2087 3753 elegantissima:
2118 3679 2316 3751 linguae
2365 3678 2590 3745 Graecae,
2641 3680 2883 3751 inquam,
2919 3682 3105 3739 studio
3158 3692 3435 3753 tenentur,
3472 3687 3575 3743 sibi
3623 3702 3665 3743 τι

388 3792 550 3847 nobis
574 3793 674 3847 hac
698 3791 752 3844 in
781 3798 933 3860 parte
959 3803 1287 3860 magnopere
1314 3788 1625 3842 consultum
1655 3801 1779 3842 esse
1806 3784 2128 3857 intelligant.
2157 3784 2428 3842 Praaterea
2459 3787 2660 3843 multos
2688 3770 2941 3844 auctores
2963 3789 3181 3847 Graecos
3214 3808 3492 3863 nunquam
3524 3795 3665 3851 hac-

394 3908 556 3954 tenus
599 3913 698 3953 sua
743 3897 924 3969 lingua
955 3895 1011 3949 in
1041 3896 1219 3951 lucem
1252 3895 1429 3950 editos
1456 3909 1521 3949 ex
1549 3892 1736 3949 multis
1767 3890 2112 3947 bibliothecis
2139 3890 2374 3947 maximo
2405 3890 2591 3948 labore
2638 3893 2996 3965 maximisque
3028 3895 3292 3967 impensis
3323 3900 3665 3969 conquisitos

388 4012 555 4075 atque
575 4004 834 4059 collectos
864 4002 918 4057 in
945 4002 1143 4056 dictam
1171 3998 1392 4055 Patrum
1417 3998 1811 4054 Bibliotheeam
1840 3998 2113 4069 congessi,
2137 3989 2258 4070 'quo
2288 3998 2382 4054 ﬁet
2414 4009 2474 4055 ut
2498 3999 2687 4072 viginti
2725 4002 2969 4072 quinque
2998 4002 3275 4057 volumina
3304 4003 3369 4074 (si
3394 4004 3537 4061 Deus
3556 4021 3667 4061 uo-

346 4161 358 4177 ,
390 4110 518 4167 stris
542 4109 832 4166 conatibus
871 4106 1084 4178 laverit)
1120 4108 1239 4178 ipsa
1277 4105 1350 4161 sit
1377 4105 1749 4175 complexura.
1784 4103 2016 4171 Quantas
2052 4110 2239 4158 autem
2284 4103 2443 4159 molis
2468 4118 2533 4158 ac
2557 4103 2892 4160 difﬁcultatis
2927 4121 3013 4161 res
3041 4106 3129 4161 illa
3156 4106 3338 4164 futura
3368 4109 3459 4176 sit,
3484 4125 3666 4181 quan-

394 4226 620 4285 tumque
645 4214 851 4269 laboris
876 4222 1040 4283 atque
1070 4214 1258 4269 oneris
1287 4211 1341 4266 in
1372 4211 1478 4266 hoc
1507 4224 1675 4280 opere
1707 4208 2040 4265 elaborando
2067 4217 2124 4263 et
2159 4208 2227 4264 ad
2266 4206 2431 4264 finem
2472 4224 2645 4280 usque
2675 4210 3027 4281 perducendo
3052 4212 3334 4269 subiturus
3360 4215 3485 4278 sim,
3511 4216 3669 4286 quis-

390 4321 515 4392 quis
544 4335 728 4375 rerum
756 4335 857 4374 usu
887 4328 1050 4388 atque
1074 4316 1409 4388 experientia
1431 4314 1516 4371 vel
1542 4314 1894 4371 mediocriter
1914 4314 2177 4386 praeditus
2203 4325 2307 4381 est,
2339 4315 2593 4373 facillime
2617 4318 2866 4389 judicare
2894 4328 3094 4389 potest.
3129 4320 3284 4388 Quod
3314 4338 3441 4377 cum
3466 4323 3539 4378 ita
3564 4323 3660 4390 sit,

392 4441 463 4480 ne
500 4440 647 4480 caeco
677 4424 911 4495 quodam
941 4438 1007 4477 ac
1048 4421 1341 4477 temerario
1370 4420 1541 4474 animi
1574 4420 1782 4490 impetu
1820 4434 1936 4474 rem
1968 4422 2104 4476 tanti
2134 4421 2397 4477 momenti
2446 4423 2664 4495 aggredi
2696 4423 2903 4491 videar,
2942 4426 3408 4497 sapientissimum
3434 4445 3498 4484 ac
3526 4445 3666 4500 pru-

392 4532 773 4588 dentissimum
798 4532 1035 4601 aliquem
1069 4529 1262 4584 ducem
1298 4527 1433 4582 mihi
1457 4526 1809 4597 deligendum
1846 4540 1970 4582 esse
2004 4527 2224 4597 putavi,
2258 4528 2414 4599 cujus
2453 4529 2713 4600 auspiciis
2740 4529 2807 4586 ad
2831 4530 3068 4586 faustum
3100 4532 3427 4605 felicemque
3452 4537 3663 4591 exitum

394 4645 641 4691 nostrum
694 4651 835 4705 opus
879 4633 1163 4705 pervenire
1210 4636 1402 4703 possit.
1437 4632 1573 4686 Nam
1622 4631 1665 4687 si
1716 4631 1793 4685 illi
1842 4630 1934 4701 qui
1971 4631 2319 4704 longinquam
2350 4634 2752 4705 navigationem
2788 4636 3082 4703 adornant,
3115 4655 3224 4694 non
3258 4640 3410 4712 prius
3444 4656 3504 4697 se
3525 4643 3665 4699 mari

392 4743 760 4807 committunt,
792 4757 953 4812 quam
980 4740 1368 4811 peritissimum
1406 4740 1643 4810 aliquem
1692 4741 2112 4811 gubernatorem
2146 4740 2459 4805 habuerint,
2489 4742 2646 4811 cujus
2672 4743 2960 4813 prudentia
2989 4745 3125 4800 salvi
3156 4754 3322 4817 atque
3352 4748 3667 4805 incolumes

391 4849 577 4905 omnia
606 4848 774 4903 maris
802 4847 1040 4917 pericula
1072 4847 1279 4902 evitare
1316 4846 1531 4917 possint
1564 4865 1577 4901 :
1609 4847 1779 4901 multo
1806 4845 1975 4916 magis
2000 4845 2057 4900 id
2086 4844 2219 4899 mibi
2254 4844 2563 4899 faciendum
2591 4855 2695 4909 est,
2719 4846 2810 4916 qui
2836 4862 2947 4901 non
2974 4848 3114 4904 viles
3142 4850 3357 4920 aliquas
3395 4868 3460 4907 ac
3491 4862 3667 4908 terre-

392 4971 493 5011 nas
519 4969 751 5019 merces,
780 4953 873 5008 sed
904 4952 1324 5023 pretiosissimas
1352 4953 1592 5009 cmlestis
1622 4952 1889 5008 doctrinas
1915 4952 2201 5006 thesauros
2230 4949 2297 5004 ad
2336 4958 2553 5019 portum
2584 4950 2786 5006 vehere
2814 4952 3107 5008 contendo.
3142 4952 3449 5021 Quemnam
3479 4967 3668 5014 autem

392 5057 829 5131 praestantiorem
862 5066 969 5112 tam
1013 5057 1331 5127 periculosa:
1365 5058 1727 5128 navigationis
1753 5054 2155 5110 moderatorem
2204 5071 2370 5125 qitmm
2420 5064 2473 5111 te
2497 5094 2513 5121 ,
2544 5056 2637 5127 qui
2670 5056 2971 5113 litterarum
3000 5059 3173 5116 decus
3198 5076 3258 5115 es
3284 5069 3342 5116 et
3369 5078 3668 5119 ornamen-

395 5179 533 5237 tum,
562 5168 695 5224 mibi
724 5168 927 5241 eligere
959 5169 1363 5224 conveniebat?
1406 5168 1671 5239 Equidem
1702 5183 2028 5241 quocunque
2052 5167 2240 5222 oculos
2272 5176 2554 5227 converto,
2582 5183 2747 5238 quem
2791 5178 2971 5223 tecum
3018 5172 3271 5227 conferre
3300 5176 3530 5243 possim,
3561 5191 3668 5231 ne-

396 5275 598 5328 minem
653 5273 833 5329 video.
862 5271 997 5327 Nam
1054 5289 1176 5328 cum
1226 5289 1418 5329 omnes
1464 5274 1694 5329 virtutes
1744 5274 1800 5328 in
1830 5285 1884 5329 te
1915 5289 2069 5328 suam
2100 5272 2286 5327 sedem
2317 5273 2657 5340 collocarint,
2684 5282 2799 5329 tum
2832 5291 2964 5331 vero
2993 5278 3268 5348 prmeipue
3293 5279 3527 5349 justitia,
3574 5281 3668 5337 cui

394 5379 837 5435 administrandae
873 5378 1164 5449 praefectus
1185 5394 1264 5444 es,
1294 5395 1511 5435 necnon
1540 5388 1596 5433 et
1628 5380 1823 5450 pietas,
1858 5395 2021 5450 quam
2053 5394 2084 5433 e
2106 5388 2417 5434 sanctorum
2450 5378 2670 5434 Patrum
2700 5381 2918 5437 assidua
2952 5382 3189 5438 lectione
3219 5384 3473 5451 hausisti,
3505 5386 3577 5442 ita
3607 5386 3668 5443 in

398 5492 451 5539 te
478 5484 715 5546 elucent.
743 5496 802 5539 ut
823 5484 1007 5538 nullus
1037 5483 1092 5537 in
1126 5492 1239 5537 toto
1268 5482 1565 5538 Christiani
1594 5485 1832 5540 nominis
1854 5486 1987 5541 orbe
2017 5488 2171 5543 locus
2200 5488 2291 5554 sit,
2313 5504 2423 5559 quo
2446 5504 2555 5544 non
2588 5488 2801 5544 illarum
2832 5489 3092 5560 splendor
3111 5494 3434 5561 pervaserit.
3456 5492 3666 5560 Quam-

426 5746 437 5756 .
458 5684 478 5705 ‘
512 5686 574 5759 S._
596 5686 623 5733 Ι
625 5682 781 5759 sitio-ri
790 5681 1068 5759 fetusiola:
1088 5683 1149 5734 de
1171 5681 1572 5759 interpretatione:
1585 5684 1769 5759 divinae
1796 5684 2083 5759 __S_criplura;
2118 5686 2449 5759 Epistolarum
2474 5687 2590 5741 libri
2614 5692 2679 5759 V_,
2701 5704 2910 5759 quorum
2942 5697 3041 5743 tres
3062 5692 3255 5757 priores
3275 5693 3669 5759 ,πλίκιον-βητα-

397 5746 653 5820 ςὶοηςειαρ.
686 5745 1062 5820 ltillii‘Pl-tmwi,
1081 5752 1287 5820 quartus
1297 5745 1467 5820 autem
1485 5748 1768 5820 a_Canrado
1795 5745 2109 5820 ltit_lerth§io
2148 5745 2239 5800 JC.
2287 5751 2369 5820 qui
2391 5759 2437 5803 et
2459 5760 2597 5806 notas
2617 5745 2862 5820 uberiores
2884 5760 2930 5820 et
2956 5745 3168 5820 sanam
3199 5762 3245 5807 et
3267 5745 3462 5820 indices
3480 5745 3670 5820 iris};-

398 5810 486 5860 bus
504 5808 641 5884 (ieris
661 5808 1147 5884 adlec_it,_e_t.quiu'tjts
1179 5810 1474 5884 {Ib-Amlrea
1498 5810 1709 5884 Seltullo.
1732 5808 1971 5884 societatis
2012 5816 2143 5884 ._I_e_su_
2157 5808 2629 5884 _p5e._s_li_y_lero,_tmnc
2651 5814 2863 5884 primum
2889 5816 2937 5865 in
2959 5815 3120 5884 Gallia
3148 5819 3403 5883 prodeunt.
3429 5808 3664 5884 Parisiis,

399 5870 667 5936 suntptibus
691 5869 880 5936 Egidit'
904 5869 1117 5936 Metelli,
1141 5871 1221 5923 via
1240 5871 1471 5925 Jacobwa
1490 5872 1555 5923 ad
1579 5871 1767 5938 insigne
1797 5872 1977 5925 Fontis.
2007 5875 2055 5923 Μ
2063 5875 2276 5925 DCXXX
2287 5869 2357 5927 VI
2364 5878 2391 5925 Ι
2398 5877 2425 5925 Ι
2432 5916 2441 5927 .
2463 5869 2589 5931 Cum
2607 5869 2871 5945 privilegio
2898 5878 3046 5946 regis.
