3924 6416
215 324 295 403 105
1284 344 1847 406 PROLEGOMENA
1885 344 2085 405 EDIT.
2126 344 2369 405 PARIS.
3356 347 3457 413 106

207 452 369 505 obrem
396 448 443 504 si
472 457 528 504 te
552 449 720 532 hujus
750 452 933 523 cperis
956 452 1151 509 ducem
1180 463 1343 525 atque
1369 456 1647 526 auspicem
1676 454 1920 524 praebere
1951 455 2209 519 volueris,
2269 470 2378 509 non
2416 456 2643 512 dubium
2683 467 2769 512 est
2803 457 2933 529 quin
2981 473 3107 513 eum
3135 474 3297 529 quem
3326 472 3458 537 opto

206 566 492 606 Successum
525 564 928 611 consecuturus
954 558 1077 612 sim.
1106 556 1223 625 Quo
1252 569 1433 614 autem
1467 570 1615 614 tuam
1652 558 1787 613 mihi
1820 559 2257 613 benevolentiam
2289 559 2460 631 magis
2488 560 2793 627 demerear,
2826 563 3056 635 hujusce
3095 564 3299 620 laboris
3342 567 3458 637 pri-

203 656 364 711 mitias
389 658 482 712 tibi
528 659 728 714 dedico
766 670 931 732 atque
975 663 1170 729 offero,
1217 664 1503 727 Isidorum,
1549 664 1794 734 inquam,
1827 662 2177 728 Pelusiotam,
2220 679 2382 733 quem
2409 664 2611 721 idcirco
2642 665 2877 736 primum
2912 668 3155 722 omnium
3189 671 3243 723 in
3278 671 3457 727 lucem

202 761 395 830 prodire
426 762 593 827 volui,
623 764 770 833 quod
794 781 918 819 eum
956 776 1236 822 auctorem
1267 785 1379 839 pra:
1405 767 1619 824 caeteris
1654 767 1891 824 maxime
1934 770 2002 825 ab
2035 770 2292 825 omnibus
2316 773 2497 841 expeti
2528 774 2902 844 cognoverim.
2936 773 3092 841 Quod
3128 778 3173 832 si
3204 778 3309 833 hoc
3334 795 3460 834 mu—

198 878 287 919 nus
316 883 347 919 a
377 876 426 920 te
456 868 695 939 benigne
722 879 1015 941 exceptum
1042 871 1506 938 animadvertere,
1536 873 1857 928 alacriorem
1886 890 1975 929 me
1998 876 2066 930 ad
2096 877 2363 946 reliquum
2388 893 2526 947 opus
2570 881 3007 950 persequendum
3030 882 3354 941 reddideris.
3383 885 3461 942 Te

196 973 429 1027 autemid
448 988 572 1029 esse
598 974 895 1045 facturum,
925 991 989 1030 ea
1017 992 1140 1046 quae
1161 977 1217 1031 in
1248 986 1303 1033 te
1331 988 1419 1033 est
1449 978 1784 1045 humanitas,
1810 987 1871 1034 ut
1894 978 2184 1046 conﬁdam,
2214 978 2396 1035 eflicit.
2424 980 2573 1037 Vale.

644 1108 769 1160 Tua:
799 1105 1181 1175 Amplitudim’s

2548 1241 2879 1296 humillimus
2908 1260 3105 1307 servus,

2684 1346 2935 1405 dicamus
2971 1348 3231 1406 MOREL.

233 1551 3457 1595 -___.____.______________________________

260 1723 363 1791 Cl.
415 1724 558 1787 viro
619 1727 782 1787 Jano
834 1726 1148 1787 Gaurano
1202 1728 1310 1789 JC.
1371 1734 1433 1789 et
1490 1728 1821 1807 philologo
1886 1731 2414 1808 praestantissimo
2470 1734 2697 1798 histor.
2756 1737 3106 1816 professori
3170 1739 3393 1816 elect.,

1318 1831 1655 1895 Gunradus
1710 1836 2241 1913 Rrrrensnustus,
2294 1841 2355 1902 S.

269 2014 554 2090 Olympius
580 2019 803 2090 quidem
843 2020 934 2076 ille
965 2020 1179 2089 doctor,
1207 2035 1373 2092 quem
1403 2029 1531 2089 tua,
1564 2020 1659 2075 Vir
1686 2020 1779 2087 cl.,
1807 2020 2002 2077 litterae
2027 2022 2184 2077 nobis
2205 2027 2689 2094 commendabant,
2722 2030 2789 2085 ad
2821 2048 2922 2088 nos
2948 2036 3131 2093 nullus
3159 2038 3328 2093 venit.
3358 2034 3466 2093 Sed

195 2112 501 2168 laniculum
537 2123 720 2169 tamen
746 2123 897 2175 recte
923 2116 1141 2170 curavit
1159 2113 1515 2185 Norimberga
1541 2130 1639 2185 per
1663 2125 1780 2185 opt.
1813 2115 2339 2172 etoﬂiciosissimum
2369 2131 2616 2175 nostrum
2647 2123 2807 2178 Bern.
2828 2129 3142 2195 przetorium
3175 2148 3189 2185 :
3212 2146 3320 2201 quo
3342 2129 3468 2185 resi-

196 2215 339 2272 gnato
392 2213 451 2261 et
496 2222 753 2270 excusso.
784 2209 1021 2265 libenter
1064 2209 1179 2265 vidi
1229 2211 1507 2281 specimen
1559 2210 2008 2281 typographicum
2060 2212 2253 2267 lsidori
2282 2213 2572 2271 Pelusiotae
2606 2219 2734 2285 mei,
2769 2222 2915 2291 quod
2946 2224 3164 2289 misisti,
3197 2242 3308 2279 non
3348 2225 3469 2280 sine

196 2299 492 2354 («stensione
524 2302 667 2371 spei,
700 2301 837 2366 fore,
872 2313 934 2357 ut
963 2304 1111 2373 quod
1138 2303 1372 2374 proximi
1401 2304 1632 2375 catalogi
1662 2304 2034 2370 minabantur,
2076 2306 2182 2360 hoc
2222 2307 2445 2363 demum
2498 2313 2799 2367 autumnali
2829 2324 3070 2369 mercatu
3111 2316 3347 2387 scriptor
3376 2317 3467 2371 ille

201 2393 752 2451 Commelinianorum
783 2399 1039 2453 comitate
1068 2399 1123 2453 in
1151 2400 1328 2455 lucem
1356 2400 1768 2470 reproducatur.
1801 2401 2014 2456 Bonum
2064 2402 2289 2470 factum,
2321 2414 2377 2460 et
2407 2404 2659 2475 feliciter,
2690 2424 2721 2462 a
2745 2410 2930 2466 multis
2964 2412 3122 2467 bonis
3152 2413 3467 2485 superdice-

214 2494 309 2552 tur,
344 2489 458 2542 imo
485 2489 598 2558 jam
630 2505 780 2543 nunc
804 2492 1169 2561 superdicitur
1197 2492 1325 2547 huic
1354 2492 1605 2547 editioni.
1635 2492 1720 2548 Me
1747 2493 1968 2563 quidem
1998 2495 2142 2550 bona
2182 2512 2308 2566 spes
2335 2497 2519 2564 habet,
2556 2515 2675 2553 eam
2707 2516 2817 2555 non
2871 2503 2988 2558 fore
3023 2503 3197 2559 fraudi
3256 2505 3341 2559 his
3373 2505 3468 2573 qui

208 2579 255 2633 in
282 2582 435 2635 illam
463 2592 721 2651 sumptus
764 2582 1034 2637 fecerunt.
1070 2582 1183 2637 Etsi
1229 2583 1376 2638 enim
1416 2599 1526 2637 non
1552 2592 1637 2638 est
1668 2584 1901 2653 amplius
1954 2584 2012 2639 in
2050 2586 2235 2640 multis
2262 2594 2446 2642 tantus
2471 2588 2777 2644 animorum
2808 2593 2972 2647 ardor
2996 2594 3063 2648 ad
3093 2596 3471 2664 cognoscenda

194 2677 658 2747 mnparandaque
682 2679 969 2732 vetustatis
999 2679 1228 2733 erudita:
1259 2688 1634 2745 monumenta,
1672 2677 1862 2735 Graeca
1890 2682 2198 2750 praesertim
2240 2683 2382 2753 (sine
2428 2686 2628 2754 quibus
2660 2695 2843 2742 tamen
2875 2690 3047 2745 solide
3072 2691 3269 2746 doctus
3302 2708 3470 2747 nemo

195 2768 337 2826 facile
395 2789 639 2842 unquam
676 2774 927 2843 exstitit),
985 2781 1224 2843 quantus
1284 2774 1340 2827 in
1397 2774 1603 2827 nostris
1662 2774 1981 2830 hominibus
2020 2776 2123 2830 fuit
2175 2793 2403 2833 avorum
2445 2789 2541 2835 aut
2581 2797 2909 2851 proavorum
2959 2796 3281 2841 nostrorum
3330 2803 3471 2851 aevo,

194 2880 302 2921 eun
337 2869 652 2923 litterarum
704 2880 761 2925 et
804 2870 1113 2941 linguarum
1139 2870 1319 2925 studia
1346 2870 1588 2940 primum
1627 2870 1682 2923 in
1713 2869 2006 2926 Germania
2045 2872 2413 2929 excitarentur
2460 2884 2517 2931 et
2565 2876 2825 2931 illustrari
2883 2879 3191 2949 inciperent
3243 2898 3473 2953 magno-

196 2976 298 3025 pun
334 2972 503 3031 atque
530 2962 913 3017 excellentium
940 2962 1183 3016 virorum
1212 2978 1319 3031 qua
1340 2977 1496 3027 voce,
1533 2978 1639 3031 qua
1666 2964 1885 3033 scriptis
1919 2982 1932 3017 :
1967 2973 2147 3019 tamen
2174 2981 2246 3020 ne
2283 2966 2388 3022 hoc
2428 2968 2647 3037 quidem
2672 2969 2933 3025 saeculum
2970 2972 3334 3046 (ἐπευφημεῖν
3362 2977 3472 3051 γὰρ

194 3059 282 3126 χρὴ
319 3058 548 3127 μᾶλλον)
582 3074 754 3126 usque
779 3058 917 3111 adeo
945 3063 1029 3110 est
1059 3055 1248 3110 infelix
1288 3066 1383 3110 aut
1422 3057 1669 3125 eﬂetum,
1735 3058 1868 3128 quin
1904 3058 2068 3113 etiam
2098 3076 2245 3115 nunc
2272 3061 2469 3116 habeat
2499 3061 2816 3118 Graecorum
2847 3064 3177 3136 scriptorum
3202 3082 3475 3123 amatores

196 3151 469 3215 maximos,
535 3149 797 3219 quidquid
826 3149 988 3220 vulgo
1008 3150 1076 3203 de
1098 3149 1185 3203 his
1214 3149 1481 3215 videatur,
1514 3151 1605 3220 qui
1635 3150 1723 3205 vel
1754 3151 1824 3205 ad
1863 3151 2096 3218 lucrum,
2129 3153 2215 3207 vel
2245 3154 2312 3208 ad
2335 3154 2680 3208 ambitiosam
2712 3157 3141 3212 ostentationem
3175 3175 3273 3213 sua
3305 3160 3477 3216 refert

192 3244 393 3307 omnia,
420 3258 651 3313 quaeque
672 3244 739 3297 ad
775 3244 968 3296 horum
990 3243 1313 3296 alterutrum
1338 3243 1658 3298 conducunt
1680 3260 1893 3314 parum,
1919 3244 1976 3298 in
2006 3245 2111 3300 illis
2142 3247 2306 3310 studii
2337 3247 2491 3317 ponit
2524 3247 2683 3302 nihil.
2714 3246 3203 3306 Verumenimvero
3225 3252 3360 3306 tales
3381 3268 3473 3326 qui

194 3352 327 3404 sunt,
344 3342 571 3409 quando
600 3342 677 3395 illi
697 3356 797 3394 nos
812 3356 937 3395 cum
962 3340 1160 3394 talibus
1184 3340 1377 3394 studiis
1397 3356 1587 3409 parum
1606 3349 1798 3394 curant
1817 3350 2226 3409 autmorantur,
2244 3358 2345 3397 nos
2361 3359 2577 3415 quoque
2602 3344 2750 3413 ipsos
2772 3361 2964 3415 parum
2987 3346 3344 3413 morabimur,
3360 3347 3476 3402 ἀλλ’

191 3439 337 3507 ἡμεῖς
367 3440 559 3500 αὐτοῖς
599 3438 662 3490 οὐ
710 3434 1115 3507 διαμειψόμεθα
1165 3436 1259 3505 τῆς
1313 3436 1516 3506 ἀρετῆς
1563 3437 1655 3488 τὸν
1695 3437 1740 3488 π“

1926 3456 1949 3500 ν,
2006 3446 2069 3492 ut
2098 3436 2265 3492 Solon
2294 3438 2495 3492 cecinit
2521 3457 2533 3491 :
2565 3454 2628 3493 ac
2658 3440 2840 3509 potius
2870 3450 2986 3495 tum
3019 3442 3087 3495 ad
3130 3442 3475 3498 honestatem

194 3532 619 3601 dignitatemque
655 3532 883 3584 istarum
906 3529 1234 3587 litterarum,
1268 3537 1383 3582 tum
1412 3528 1477 3582 ad
1514 3530 1784 3598 majorum
1824 3530 2071 3600 exempla
2096 3571 2111 3594 ,
2142 3539 2198 3584 et
2231 3530 2471 3600 priscum
2504 3530 2676 3596 illum,
2710 3547 2875 3601 quem
2904 3532 3037 3598 dixi,
3069 3533 3316 3590 ardorem
3355 3534 3477 3590 ani-

194 3644 422 3691 morum,
453 3642 565 3696 quo
605 3627 706 3695 ipsi
740 3640 865 3694 erga
906 3640 1003 3679 eas
1036 3623 1352 3694 flagrarunt,
1382 3632 1614 3692 utroque
1641 3625 1800 3678 oculo
1835 3624 2213 3694 respiciemus.
2247 3623 2459 3678 Recens
2488 3622 2599 3690 jam
2641 3640 2761 3679 sum
2796 3642 2826 3679 a
2856 3626 3089 3680 lectione
3122 3627 3476 3697 epistolarum

193 3724 414 3779 Joannis
440 3719 758 3786 Reuchlini,
789 3734 926 3789 quas
953 3718 1010 3770 in
1034 3716 1369 3771 bibliotheca
1398 3714 1649 3771 Bilibaldi
1687 3715 2050 3787 Pirckeymeri
2092 3732 2185 3786 per
2219 3716 2381 3770 hasce
2410 3714 2575 3770 ferias
2604 3715 2974 3787 Norimbergze
3001 3718 3143 3787 apud
3184 3719 3471 3788 patricium

192 3818 362 3871 virum
395 3813 666 3867 Joannem
715 3809 816 3862 lm.
850 3807 1092 3869 Hofium,
1124 3807 1268 3861 illius
1304 3815 1688 3877 pronepotem,
1731 3807 1916 3860 inveni
1961 3808 2290 3878 complures.
2323 3807 2567 3861 Narrabo
2610 3808 2726 3873 tibi,
2761 3808 2833 3861 mi
2869 3807 3100 3863 Grutere
3123 3852 3137 3875 ,
3172 3812 3258 3865 vel
3292 3814 3473 3882 potius

193 3904 648 3963 adolescentibus,
674 3902 723 3955 si
756 3900 848 3968 qui
878 3900 993 3953 haec
1023 3907 1120 3953 tuo
1149 3897 1421 3953 beneficio
1450 3908 1713 3969 praeterea
1755 3898 1895 3952 forte
1929 3898 2123 3953 lecturi
2153 3908 2314 3965 sunt,
2354 3908 2416 3953 ut
2445 3900 2750 3969 exemplum
2790 3899 2917 3954 inde
2949 3902 3164 3969 capiant
3190 3942 3204 3964 ,
3237 3904 3365 3972 quid
3414 3904 3471 3959 in

192 4020 372 4061 earum
410 4017 523 4056 una
553 4010 719 4069 atque
749 3998 921 4051 altera
951 4004 1231 4068 repertum
1282 3996 1355 4050 sit
1404 3995 1561 4049 mihi.
1596 3994 1802 4050 Scribit
1846 3995 2186 4051 Reuchlinus
2241 3996 2523 4067 Anglopoli
2582 3996 2682 4066 (sic
2713 4004 2869 4050 vocat
2924 3995 3330 4066 lngolstadium,
3364 4017 3471 4070 quo

196 4096 501 4167 Stutgardia
532 4093 606 4146 ob
636 4100 819 4145 motus
853 4090 1117 4143 Suevicos
1145 4104 1174 4141 a
1211 4088 1443 4141 summis
1490 4087 1794 4142 honoribus
1824 4088 2015 4142 aulicis
2060 4096 2254 4158 sponte
2285 4089 2591 4143 exsulatum
2636 4088 2872 4158 juverat)
2901 4104 3045 4142 anno
3075 4105 3213 4143 unxx
3245 4092 3309 4143 ad
3344 4092 3473 4145 Bili-

194 4189 398 4243 baldum
437 4189 598 4241 illum
620 4227 633 4247 ,
666 4200 827 4254 quem
856 4183 964 4236 dixi
989 4224 1001 4239 .
1028 4181 1333 4251 principem
1365 4181 1542 4234 virum
1573 4190 1629 4235 et
1655 4180 1708 4233 in
1735 4181 2043 4235 litterarum
2071 4182 2475 4235 reconditarum
2506 4182 2735 4235 scientia
2757 4224 2770 4247 ,
2803 4180 3137 4250 omninoque
3166 4182 3467 4237 multorum

194 4287 439 4354 opinione
466 4283 738 4352 majorem
758 4321 773 4345 ,
802 4280 871 4333 de
899 4296 997 4333 sua
1019 4280 1329 4348 linguarum
1364 4277 1741 4347 professione,
1776 4294 1936 4347 quam
1973 4278 2028 4331 in
2072 4279 2159 4332 illa
2190 4279 2541 4333 celeberrima
2577 4279 2727 4332 acad.
2755 4278 2909 4332 ducis
2940 4278 3180 4333 Bavaria:
3220 4278 3469 4334 Gulielmi

194 4377 443 4447 auspiciis
487 4387 541 4429 et
571 4375 807 4428 honesto
841 4371 1119 4442 stipendio
1154 4372 1374 4442 publico
1404 4372 1717 4426 instituerat
1746 4372 2041 4443 geminam,
2073 4389 2233 4441 quam
2268 4373 2524 4442 frequens
2558 4373 2755 4452 habeat
2791 4372 3138 4426 auditorium.
3186 4372 3289 4427 Sed
3315 4374 3470 4441 juvat

197 4468 285 4525 hoc
312 4470 614 4540 ipsiusmet
643 4466 825 4521 verbis
858 4481 1209 4537 cognoscere,
1247 4481 1369 4534 quae
1399 4466 1628 4535 proinde
1665 4481 1729 4520 ex
1761 4467 2101 4536 autographo
2133 4466 2255 4520 fidei
2296 4482 2461 4521 causa
2506 4465 2788 4535 subjiciam
2816 4506 2829 4526 ,
2864 4474 3134 4533 quatenus
3161 4465 3267 4519 huc
3298 4465 3469 4534 perti-

197 4574 334 4617 nent.
372 4562 637 4629 Quando,
668 4560 867 4629 inquit,
896 4575 984 4614 me
1006 4575 1158 4613 nunc
1193 4560 1301 4614 isto
1334 4575 1481 4614 anno
1521 4558 1937 4613 elementarium
1976 4558 2160 4613 effecit
2195 4558 2454 4611 δέσποινα
2484 4557 2619 4628 τύχη
2642 4599 2655 4619 ,
2688 4558 2930 4626 quotidie
2960 4558 3025 4611 de
3054 4559 3251 4611 throno
3278 4558 3472 4612 docto-

198 4670 324 4722 rum,
358 4654 643 4723 frequenti
667 4652 966 4711 auditorio,
1002 4652 1219 4720 publice
1251 4651 1632 4721 przelegendus
1655 4657 1738 4705 est
1773 4665 1803 4703 a
1828 4666 1915 4704 me
1940 4650 1991 4703 in
2022 4650 2201 4721 lingua
2230 4648 2491 4703 llebraica
2520 4665 2679 4703 mane
2710 4648 2845 4703 Rabi
2882 4648 3027 4703 Mose
3063 4649 3263 4709 Kimhi,
3296 4660 3351 4703 ct
3374 4665 3472 4704 ve-

195 4750 327 4820 Speri
354 4749 414 4802 in
444 4747 636 4816 lingua
663 4744 850 4799 Graeca
878 4742 1068 4796 Plutus
1093 4741 1477 4812 Aristophanis
1503 4740 1790 4809 discipulis
1820 4741 2083 4793 trecentis
2109 4749 2164 4794 et
2188 4740 2379 4805 multo,
2419 4740 2664 4808 inquam,
2698 4740 2840 4807 plus.
2873 4738 3028 4804 Quod
3054 4738 3199 4802 felix,
3234 4738 3471 4794 faustum

198 4844 647 4909 fortunatumque
698 4838 835 4893 fuat.
861 4836 979 4902 Tu,
1015 4837 1137 4891 vale
1184 4836 1439 4901 feliciter,
1465 4846 1522 4890 et
1564 4851 1652 4890 me
1704 4835 2009 4904 principem
2055 4834 2258 4889 Siciliae
2294 4835 2611 4905 Dionysium
2644 4834 2891 4887 Corinthi
2922 4835 3151 4904 puerilia
3183 4835 3470 4890 docentem

194 4946 456 5008 spectato.
487 4935 620 4989 Hinc
643 4934 752 4997 ille,
781 4933 1004 4987 biennio
1031 4943 1157 4986 ante
1192 4933 1411 4986 beatum
1444 4932 1571 4986 vitae
1616 4947 1941 4986 aerumnosas
1999 4932 2159 4985 simul
2221 4940 2277 4985 et
2328 4930 2575 5000 gloriosae
2610 4929 2834 4993 exitum,
2869 4939 3028 4982 aelate
3060 4929 3144 4982 vir
3170 4930 3371 5000 gravis,
3415 4928 3472 4981 in

198 5033 351 5087 rebus
390 5030 584 5085 arduis
620 5038 878 5099 spectatae
913 5028 1079 5092 fidei,
1115 5028 1551 5098 auctoritateque
1592 5038 1859 5098 praestans
1881 5071 1894 5093 ,
1927 5029 1990 5082 ad
2023 5028 2259 5082 amicum
2285 5067 2300 5092 ,
2343 5042 2452 5097 quo
2481 5027 2742 5095 majorem
2782 5035 2910 5079 tunc
2944 5026 3314 5095 Norimbergae
3362 5039 3473 5078 non

196 5130 449 5191 habebat,
478 5128 567 5181 cui
596 5126 777 5181 omnia
808 5141 905 5179 sua
930 5124 1157 5179 minima
1182 5124 1416 5178 maxima
1445 5124 1832 5189 concredebat,
1854 5139 2069 5194 quoque
2092 5123 2383 5193 plurimum
2407 5122 2681 5184 utebatur,
2710 5120 2778 5175 dc
2814 5120 3085 5174 auditorio
3110 5136 3230 5184 suo,
3265 5128 3318 5174 et
3352 5120 3475 5188 qui'

195 5226 307 5278 dem
337 5225 557 5279 calamo
590 5222 834 5283 minime,
871 5222 1012 5276 sicut
1040 5221 1337 5283 credimus,
1372 5236 1514 5273 vano
1541 5228 1597 5273 et
1625 5220 1880 5291 glorioso,
1916 5221 2268 5293 praedicabat.
2296 5217 2429 5284 Quis
2456 5234 2587 5272 vero
2627 5218 2728 5272 hac
2772 5225 3116 5287 tempestate,
3152 5233 3258 5269 non
3296 5216 3472 5269 dicam

196 5317 242 5371 in
284 5318 395 5373 ulla
450 5315 762 5369 Germania:
814 5313 968 5367 acad.
1005 5313 1097 5367 sed
1132 5314 1302 5367 totius
1332 5311 1564 5383 Europa
1594 5314 1677 5367 vel
1706 5313 2063 5370 celeberrimo
2107 5311 2399 5383 Gymnasio
2422 5352 2437 5374 ,
2465 5311 2580 5382 ipse
2625 5312 2750 5365 licet
2788 5310 3111 5372 Reuchlino,
3142 5309 3226 5362 cui
3262 5323 3474 5362 summa

195 5413 373 5466 omnia
406 5410 725 5469 tribuimus,
756 5415 816 5460 ut
842 5407 1056 5476 parenti
1084 5416 1193 5476 opt.
1222 5407 1527 5461 studiorum
1555 5448 1568 5467 ,
1594 5407 1844 5461 doctrina
1883 5406 2056 5465 nihilo
2087 5405 2329 5470 inferior,
2362 5414 2513 5459 tanto
2555 5404 2863 5458 auditorum
2904 5410 3069 5467 creto,
3108 5400 3218 5455 imo
3246 5400 3329 5454 vel
3374 5398 3472 5453 de-

197 5509 331 5560 cima
368 5509 489 5575 ejus
517 5515 674 5576 parte
704 5502 1063 5567 circumfluit,
1093 5503 1327 5556 mavime
1352 5503 1444 5573 qui
1480 5503 1549 5557 sit
1582 5503 1637 5556 in
1677 5503 1863 5557 talium
1894 5502 2258 5573 explicatione
2302 5510 2586 5555 auctorum
2620 5508 2675 5553 et
2708 5497 2908 5553 Graeca:
2947 5497 3267 5551 litteratum
3303 5491 3440 5549 tradi

198 5606 341 5656 tione
372 5599 717 5672 occupatus?
754 5598 800 5652 Ο
832 5598 1152 5663 mirandam,
1183 5613 1251 5651 ne
1287 5598 1463 5652 dicam
1504 5599 1893 5663 miserandam,
1936 5608 2264 5666 temporum,
2298 5595 2603 5648 animorum
2657 5603 2712 5647 et
2739 5592 3045 5647 studiorum
3090 5585 3475 5643 commutatio-

197 5700 357 5752 nem!
388 5697 554 5766 Cujus
578 5710 777 5751 causas
804 5693 933 5747 alibi
968 5692 1293 5763 investigare
1321 5692 1506 5747 licebit
1529 5693 1893 5763 Opportunius
1922 5707 1984 5746 ac
2004 5688 2419 5745 liberius.Nunc
2445 5696 2624 5741 autem
2651 5685 2937 5756 segnitiem
2969 5691 3131 5753 atque
3166 5678 3469 5736 socordiam

196 5800 436 5843 nostram
465 5798 677 5843 tantum
714 5785 999 5855 deplorare
1032 5785 1209 5847 liceat,
1244 5784 1289 5837 si
1321 5784 1406 5841 vel
1450 5784 1553 5840 hac
1594 5787 1805 5841 ratione
1841 5787 1895 5840 in
1928 5784 2216 5870 julventute
2241 5791 2448 5846 nostra,
2499 5795 2619 5837 uuae
2647 5780 2698 5834 in
2726 5777 2922 5833 litteris
2949 5777 3015 5832 ad
3051 5790 3202 5844 spem
3236 5772 3470 5843 aliquam

436 5884 717 5945 Parnon.
763 5879 883 5939 Gn.
927 5877 1254 5939 LXXVIII.
1733 5897 1736 5899 λ
3062 5869 3094 5927 7,
