3924 6416
491 344 589 409 107
1583 331 2145 396 PHOLEGOMENA
2182 330 2385 390 EDIT.
2417 329 2659 389 PARIS.
3640 324 3731 391 108

489 458 699 528 reipub.
732 465 787 511 et
822 453 1078 511 Ecclesia:
1120 452 1403 515 educatur,
1430 449 1643 520 aliquos
1681 446 1898 518 pristini
1942 444 2153 500 ardoris
2185 443 2455 514 igniculos
2490 441 2839 505 resuscitare,
2870 441 2984 497 sive
3017 451 3077 497 ut
3109 442 3423 498 Grmcorum
3450 442 3732 513 elegantis-

489 555 628 608 simo
664 563 786 608 utar
810 552 1001 615 verbo,
1034 548 1384 618 ἀναζωπυρεῖ
1411 546 1705 617 possimus.
1734 542 1808 596 De
1856 555 1981 596 meo
2022 555 2149 611 erga
2191 540 2322 594 istas
2347 539 2580 603 litteras,
2611 538 2811 607 quibus
2839 536 3150 592 humanitas
3188 538 3367 593 omnis
3415 546 3733 601 continetur,

490 661 675 700 amore
720 653 986 715 perpetuo
1032 643 1211 698 dicam
1259 641 1495 711 parcius.
1541 632 1978 698 Multum‘volui;
2032 648 2223 702 parum
2258 630 2410 701 potui
2438 630 2503 685 ad
2532 630 2744 684 illarum
2779 628 3219 699 propagationem
3249 628 3519 683 conferre.
3548 628 3735 683 Partim

500 742 644 796 enim
680 740 879 811 ingenii
915 749 970 793 et
995 737 1322 794 valetudinis
1347 733 1716 797 mediocritas,
1750 731 1836 786 vel
1870 729 2053 800 potius
2082 728 2366 797 utriusque
2397 728 2655 789 tenuitas,
2683 726 2970 780 conatibus
3009 725 3252 779 honestis
3295 725 3526 789 obstitit,
3556 725 3737 793 partim

502 833 819 890 occasiones
844 831 1158 892 defuerunt,
1188 827 1383 899 partim
1419 824 1652 893 denique
1672 822 1775 876 alia
1809 822 2008 885 studia,
2042 821 2110 875 ab
2156 820 2262 873 illis
2290 836 2401 873 non
2429 835 2618 889 parum
2646 827 2853 872 remota
2880 827 3043 887 atque
3089 834 3275 871 aversa
3324 833 3412 871 me
3445 816 3589 870 velut
3624 816 3741 871 abs-

492 932 798 983 traxerunt.
822 922 891 979 Et
912 923 989 977 vel
1022 922 1102 977 sic
1127 930 1309 975 tamen
1329 933 1437 972 non
1456 916 1687 987 paenitet
1712 922 2233 985 prorsus,quantum
2267 913 2357 968 hic
2384 928 2567 982 operte
2595 911 2776 981 posui,
2800 911 2973 965 sinon
3004 919 3057 965 et
3078 926 3257 979 opera:
3272 911 3506 980 pretium
3538 912 3740 981 aliquod

493 1019 615 1075 feci.
635 1017 879 1073 Isidorus
909 1013 1211 1069 Pelusiotes
1242 1010 1461 1081 quidem
1490 1008 1621 1079 quid
1643 1016 1979 1077 quantumve
2016 1007 2177 1061 nobis
2196 1006 2414 1068 debeat,
2440 1005 2554 1074 ipse
2588 1004 2773 1076 potius
2803 1005 3077 1073 loquatur.
3107 1005 3172 1058 Et
3200 1004 3452 1074 loquetur
3481 1020 3610 1060 sane
3649 1005 3744 1062 hoc

491 1109 670 1179 ipsum
721 1107 944 1165 diserte.
975 1106 1018 1159 si
1052 1105 1169 1158 haec
1194 1110 1380 1156 nostra
1411 1100 1579 1154 editio
1612 1114 1735 1153 cum
1771 1097 2015 1153 Parisina
2046 1097 2333 1153 clarissimi
2360 1096 2497 1150 Billii
2528 1095 2859 1151 conferatur.
2892 1097 3048 1152 Dicet
3080 1096 3248 1161 enim,
3281 1111 3341 1151 se
3367 1113 3484 1151 mea
3516 1096 3740 1166 primum

493 1200 829 1272 benignitate
858 1198 979 1269 plus
1005 1212 1166 1267 quam
1195 1192 1450 1250 ducentis
1477 1192 1666 1262 viginti
1698 1192 2183 1261 epistolis'prodire
2210 1189 2538 1254 auctiorem;
2573 1189 2736 1254 dicet,
2765 1188 3013 1259 plurimis
3038 1189 3279 1259 priorum
3302 1188 3464 1242 etiam
3495 1186 3743 1241 librorum

492 1291 626 1347 locis
661 1293 863 1347 factum
896 1288 1323 1345 emendatiorem
1371 1295 1531 1355 atque
1564 1284 1944 1353 integriorem;
1974 1284 2137 1347 dicet,
2165 1282 2619 1352 interpretatione
2652 1283 2845 1337 Latina
2880 1291 2934 1336 et
2980 1281 3125 1336 notis
3159 1296 3377 1351 quoque
3419 1295 3482 1334 ac
3507 1280 3744 1349 perochis

492 1389 764 1444 redditum
787 1386 1092 1458 planiorem
1125 1384 1189 1438 ad
1212 1381 1654 1452 intelligendum;
1682 1378 1845 1442 dicet,
1875 1379 2148 1433 indicibus
2178 1379 2381 1435 nostris
2412 1379 2533 1433 usui
2562 1378 2765 1433 factum
2806 1377 3070 1448 aptiorem
3106 1386 3162 1430 et
3198 1374 3541 1430 habiliorem.
3571 1373 3647 1426 Ac
3680 1387 3743 1426 ne

491 1483 615 1549 quis
649 1497 747 1551 per
772 1496 873 1534 nos
899 1495 994 1534 sua
1016 1478 1177 1532 laude
1212 1486 1268 1531 ct
1294 1474 1463 1546 gloria
1497 1472 1869 1536 defraudetur,
1906 1487 2007 1526 nec
2037 1472 2111 1526 illi
2152 1472 2241 1526 hic
2281 1473 2545 1528 reticendi
2586 1482 2736 1535 sunt,
2788 1489 3017 1543 quorum
3059 1470 3326 1525 beneﬁcio
3359 1465 3745 1533 manuscriptus

494 1573 584 1632 ille
632 1573 806 1628 codex
850 1570 1196 1626 bibliotheca:
1226 1566 1459 1638 princip.
1497 1564 1691 1619 Bavar.
1738 1563 1941 1618 nostris
1971 1563 2160 1618 usibus
2205 1562 2527 1633 impetratos
2574 1575 2676 1619 est.
2708 1566 2759 1619 Id
2801 1574 2859 1618 tu
2893 1564 3131 1634 quidem,
3160 1562 3393 1617 Grutere
3440 1558 3743 1615 clarissime.

492 1667 604 1735 jam
629 1663 792 1728 nosti,
842 1668 1048 1716 norunt
1080 1660 1247 1714 etiam
1275 1658 1585 1727 complures
1614 1655 1775 1709 amici
1811 1654 1922 1709 alii.
1950 1654 2054 1709 Sed
2098 1655 2315 1724 quando
2357 1655 2472 1710 haec
2500 1657 2749 1727 epistola,
2782 1671 2904 1725 qua
2929 1664 2985 1709 et
3028 1653 3280 1708 amicitiae
3312 1660 3513 1707 nostra:
3540 1658 3595 1704 et
3621 1648 3748 1719 grati

498 1771 623 1829 erga
655 1753 941 1825 εὐεργέται
979 1751 1150 1806 animi
1182 1749 1289 1804 mei
1325 1748 1478 1803 testis
1502 1762 1623 1803 esse
1645 1746 1826 1808 debet.
1866 1762 1896 1800 a
1928 1747 2196 1817 pluribus,
2226 1748 2686 1817 quemadmodum
2740 1764 2919 1818 spero,
2952 1750 3160 1818 legetur
3203 1762 3311 1800 una
3343 1760 3466 1800 cum
3499 1743 3615 1813 ipso
3655 1741 3745 1796 Isi-

493 1848 660 1912 doro;
689 1846 867 1900 sciant
901 1845 975 1899 illi
1011 1858 1247 1913 quoque,
1277 1840 1368 1910 qui
1393 1850 1553 1894 antea
1596 1840 1934 1906 nesciebant,
1970 1841 2114 1909 quod
2141 1856 2236 1896 eos
2266 1841 2406 1897 scire
2441 1842 2669 1898 interest
2703 1859 2838 1897 meae
2864 1842 2987 1896 ﬁdei
3013 1849 3068 1896 et
3090 1837 3539 1911 εὐγνωμοσύνης,
3575 1833 3747 1890 deberi

493 1942 654 1996 istius
685 1939 938 1995 beneficii
964 1938 1191 2010 gratiam
1222 1937 1356 1992 viris
1386 1936 1689 2008 magniﬁcis
1716 1945 1877 2005 atque
1904 1937 2283 2006 amplissimis,
2314 1936 2496 1992 Marco
2530 1938 2772 2001 Velsero.
2802 1939 2938 2009 reip.
2963 1938 3194 2009 August.
3224 1936 3293 2001 ll,
3324 1935 3466 1997 viro,
3494 1942 3547 1987 et
3566 1929 3747 1987 Joanni

493 2033 726 2104 Georgio
752 2032 1060 2086 Ilervnarto
1093 2031 1161 2085 ab
1191 2029 1552 2100 IIohenburg,
1584 2029 1911 2084 cancellario
1935 2028 2212 2097 Bavarico,
2247 2032 2341 2102 qui
2371 2041 2427 2087 et
2454 2048 2554 2103 per
2594 2033 2803 2088 litteras
2831 2041 2887 2087 et
2919 2047 3017 2101 per
3048 2031 3409 2099 interpretem
3455 2042 3519 2081 ac
3565 2038 3750 2094 proxe-

497 2134 679 2182 netam
707 2132 821 2194 opt.
853 2139 917 2177 ac
947 2123 1251 2195 gratiosiss.
1277 2122 1538 2177 Davidem
1591 2122 1964 2177 Hccschelium
2024 2133 2269 2177 nostrum
2323 2140 2355 2179 a
2409 2141 2496 2180 me
2545 2124 2718 2196 rogati
2761 2140 2918 2178 usum
2970 2121 3327 2193 pulcherrimi
3359 2119 3505 2174 illius
3535 2115 3748 2178 codicis,

494 2236 657 2291 quem
693 2217 902 2273 Monaci
956 2224 1172 2270 exstare
1228 2214 1627 2281 inaudiveram,
1674 2230 1784 2269 non
1815 2213 2061 2269 difﬁciles
2086 2228 2205 2267 sese
2236 2215 2369 2269 mihi
2402 2215 2774 2285 prmhuerunt,
2811 2213 2944 2283 quin
2985 2228 3110 2266 eum
3145 2210 3278 2265 mihi
3311 2210 3381 2264 ab
3412 2208 3662 2263 sereniss.
3702 2212 3753 2260 et

494 2311 706 2365 celsiss.
738 2309 933 2363 Bavar.
971 2306 1206 2378 princip.
1238 2306 1616 2375 impetrarent,
1665 2304 1874 2375 μεγάλη
1921 2304 2043 2375 χάρι

2199 2308 2334 2370 τοῖς,
2363 2314 2423 2359 ut
2452 2305 2730 2361 Theocriti
2761 2306 2926 2360 verba
2966 2306 3058 2360 hic
3088 2305 3283 2359 faciam
3322 2317 3462 2356 mea.
3500 2299 3640 2353 Idem
3669 2297 3746 2350 di-

496 2413 646 2457 ctum
670 2401 793 2455 volo
818 2410 873 2455 et
907 2398 1233 2470 prothymias
1264 2397 1472 2453 clariss.
1509 2406 1564 2451 et
1587 2397 1833 2452 nobiliss.
1867 2398 1971 2452 viri
2003 2397 2173 2467 Marq.
2206 2397 2430 2453 Freheri
2463 2417 2477 2453 :
2510 2399 2603 2468 qui
2632 2414 2755 2453 cum
2783 2398 3157 2461 intellexisset,
3187 2412 3216 2449 a
3246 2410 3336 2449 me
3353 2395 3579 2448 alterum
3601 2390 3753 2445 etiam

492 2496 795 2553 desiderari
825 2494 1103 2564 exemplar
1134 2492 1390 2547 editionis
1410 2491 1694 2557 Parisinae,
1721 2493 2233 2562 quod'variantibus
2279 2493 2608 2549 lectionibus
2635 2510 2666 2548 a
2706 2510 2794 2549 me
2845 2494 3306 2549 conscribillatum
3348 2506 3507 2545 nova:
3538 2488 3755 2558 impres-

495 2589 635 2646 sioni
670 2586 982 2644 subservire
1014 2585 1268 2655 juberem
1288 2624 1305 2648 ,
1340 2584 1483 2638 ultro
1517 2582 1592 2647 id,
1623 2599 1729 2653 qua
1765 2593 1849 2638 est
1873 2584 1957 2639 vir
1982 2583 2179 2638 eximia
2208 2584 2570 2655 benignitate,
2602 2584 2917 2654 prolixeque
2949 2584 3083 2638 mihi
3114 2584 3315 2639 obtulit
3352 2592 3516 2652 atque
3542 2595 3754 2636 conces-

495 2684 567 2737 sit
600 2682 790 2737 usibus
819 2680 978 2733 meis.
1006 2678 1145 2732 Sunt
1174 2677 1337 2732 etiam
1374 2676 1463 2747 qui
1500 2676 1715 2748 signum
1758 2676 1920 2730 nobis
1950 2684 2139 2745 postea
2166 2675 2514 2730 subtulerunt
2547 2677 2613 2730 ad
2645 2676 2786 2730 bene
2812 2677 3143 2745 sperandum
3171 2677 3237 2730 de
3272 2674 3432 2729 novis
3462 2673 3669 2728 auxiliis
3695 2686 3756 2724 ex

495 2774 754 2829 Vaticana
787 2771 1117 2827 bibliotheca
1152 2768 1654 2823 subministrandis.
1685 2765 1763 2822 Ibi
1788 2767 1934 2823 enim
1960 2768 2225 2831 plurimas
2267 2768 2431 2821 etiam
2474 2769 2799 2833 ἀνεκδότους
2832 2769 3004 2823 nostri
3035 2768 3275 2823 auctoris
3305 2768 3565 2837 epistolas
3603 2767 3758 2822 latere

495 2870 791 2940 perhibent
815 2866 1106 2930 αὐτόπται,
1130 2880 1233 2919 nec
1262 2880 1457 2919 vanam
1490 2864 1698 2919 faciunt
1725 2863 1907 2918 ﬁdem.
1939 2861 2058 2917 Jam
2080 2863 2225 2917 enim
2260 2863 2614 2931 quarumdam
2638 2863 2871 2918 vidimus
2897 2863 3074 2926 initia,
3103 2879 3225 2933 qua:
3249 2863 3381 2917 inde
3400 2863 3543 2917 And.
3572 2862 3756 2916 Schot-

498 2971 609 3024 tus,
642 2960 726 3015 vir
755 2959 1005 3021 doctiss.,
1038 2958 1105 3012 de
1129 2957 1455 3027 antiquitate
1490 2958 1639 3011 omni
1674 2966 1731 3011 et
1764 2957 1832 3011 de
1862 2956 2026 3011 rectis
2055 2956 2251 3011 studiis
2285 2965 2399 3025 opt.
2432 2972 2570 3011 mer.
2631 2957 2937 3027 (notissima
2976 2958 3070 3011 tibi
3102 2957 3361 3027 praedico)
3392 2955 3758 3026 exscripserat.

498 3052 581 3107 Illi
609 3067 846 3122 quoque,
879 3050 972 3105 ubi
1009 3050 1276 3119 promissa
1308 3049 1680 3118 impleverim,
1717 3049 1796 3103 uti
1828 3064 2112 3118 speramus
2137 3048 2455 3119 propediem
2490 3047 2750 3111 facturos,
2782 3059 2838 3103 et
2872 3065 3005 3103 vero
3036 3066 3159 3104 cum
3192 3049 3316 3103 ﬁdei
3349 3064 3463 3104 suae
3488 3056 3597 3101 tum
3640 3045 3758 3101 boni

498 3148 700 3218 publici
733 3163 897 3202 causa
929 3145 1111 3200 facere
1146 3145 1370 3207 debent,
1406 3144 1588 3199 debita
1631 3144 1787 3199 laude
1817 3144 2098 3215 gratiaque
2132 3143 2359 3197 minime
2386 3143 2805 3199 fraudabuntur.
2838 3144 3027 3216 Neque
3072 3145 3219 3215 ipsos
3248 3145 3368 3199 haec
3391 3144 3578 3209 editio,
3609 3155 3759 3213 quam

497 3239 914 3295 Commeliniani
942 3238 1062 3292 sine
1090 3253 1285 3309 magno
1311 3252 1411 3291 suo
1441 3237 1807 3303 incommodo,
1839 3245 1900 3292 ut
1939 3239 2063 3300 scis,
2096 3238 2306 3293 diutius
2350 3237 2575 3293 differre
2620 3254 2729 3293 non
2774 3246 3091 3309 potuerunt,
3119 3240 3419 3305 retardare,
3455 3238 3550 3293 sed
3591 3236 3761 3307 potius

500 3337 732 3392 invitare
761 3336 944 3395 debet,
974 3343 1034 3388 ut
1065 3349 1186 3403 quae
1214 3332 1357 3387 ultro
1388 3333 1721 3404 perbenigne
1757 3342 1887 3388 sunt
1928 3334 2179 3404 polliciti,
2204 3350 2316 3389 non
2347 3342 2456 3388 tam
2500 3334 2659 3389 nobis
2688 3349 2851 3403 quam
2884 3334 3093 3404 reipub.
3122 3334 3450 3388 Christiana:
3476 3344 3762 3402 repraesen-

503 3439 640 3484 tent.
666 3428 919 3498 Accipies
951 3443 1073 3481 cum
1114 3427 1199 3481 his
1218 3425 1417 3479 litteris
1436 3433 1493 3479 et
1515 3426 1694 3494 operis
1725 3426 1966 3480 universi
2010 3426 2225 3481 titulum
2250 3466 2264 3489 ,
2299 3435 2354 3481 et
2382 3426 2589 3497 aliquot
2624 3427 3011 3481 encomiastica
3046 3428 3242 3496 partim
3268 3426 3512 3480 carmina
3538 3465 3552 3490 ,
3579 3422 3762 3494 partim

501 3518 755 3589 epistolia
787 3518 1056 3572 clarorum
1087 3516 1352 3581 virorum,
1384 3531 1505 3585 qua:
1532 3532 1690 3571 suum
1723 3516 1777 3569 in
1802 3516 1982 3571 locum
2019 3517 2087 3571 ab
2110 3517 2291 3587 operis
2315 3518 2718 3590 typographicis
2745 3518 2937 3573 referri
2959 3519 3203 3588 jubehis.

574 3610 784 3666 Caetera
812 3626 934 3680 quae
962 3610 1029 3664 ad
1060 3609 1326 3664 Isidorum
1360 3610 1559 3665 idoneo
1589 3611 2058 3665 cohonestandum
2092 3613 2358 3682 prommio
2386 3614 2693 3683 pertinent,
2717 3614 2873 3668 vobis
2902 3630 3047 3668 curae
3076 3624 3257 3668 erunt.
3293 3615 3587 3671 Meministi
3615 3631 3763 3671 nam-

506 3723 615 3779 que
650 3722 817 3761 omne
870 3706 1216 3777 pontiﬁcium
1242 3708 1686 3777 προσφωνήσεως
1720 3706 2170 3762 Commelinianis
2208 3724 2239 3762 a
2269 3724 2358 3763 me
2389 3710 2784 3778 transcriptum
2820 3724 2960 3764 esse.
2990 3708 3177 3763 Errata
3214 3711 3471 3782 colligere
3508 3720 3565 3765 et
3604 3709 3764 3765 corri-

507 3821 636 3877 gere
664 3805 719 3859 in
741 3804 886 3858 foliis
921 3803 1276 3867 transmissis,
1307 3818 1617 3873 quanquam
1656 3804 1837 3858 statim
1869 3804 2051 3873 aliqua
2076 3805 2292 3875 agnovi,
2332 3820 2441 3858 non
2466 3804 2704 3870 libebat,
2733 3820 2858 3859 cum
2881 3805 3181 3875 praesertim
3213 3822 3324 3859 non
3358 3808 3542 3862 omnia
3570 3808 3633 3861 ad
3656 3822 3763 3860 ma—

508 3914 639 3953 num
685 3898 965 3951 haberem.
1004 3896 1192 3965 Itaque
1238 3895 1594 3968 ἀναγνώστης
1625 3907 1681 3951 et
1706 3896 2057 3967 ὲπανορθωτὴ

2212 3932 2215 3952 ι
2247 3897 2485 3953 viderint
2512 3914 2620 3967 quo
2654 3908 2813 3968 pacto
2842 3902 3208 3954 emendentur
3230 3943 3244 3964 ,
3279 3910 3336 3955 et
3367 3918 3520 3957 more
3550 3900 3761 3957 solemni

509 3989 578 4044 ad
607 3989 811 4044 calcem
844 3989 1025 4058 operis
1053 3988 1388 4057 rejiciantur.
1412 3988 1522 4045 Nec
1541 3989 1717 4058 plura,
1754 4004 1901 4042 nunc
1925 3989 2147 4058 quidem
2171 4030 2185 4052 ,
2215 3990 2283 4044 de
2308 3988 2514 4045 Isidoro
2542 3998 2752 4045 nostro.
2785 3990 3020 4045 Tantum
3050 3992 3211 4045 bonis
3232 3992 3427 4047 avibus
3453 3994 3686 4062 prodeat,
3714 4001 3765 4045 et

510 4083 657 4137 bono
688 4083 907 4153 publico
935 4082 1141 4152 pariter
1169 4096 1235 4135 ac
1277 4081 1523 4137 Bonutiis
1551 4083 1803 4152 privatim
1839 4084 2012 4152 prosit
2051 4082 2364 4152 plurimum.
2395 4084 2692 4152 Exspectas
2719 4083 2908 4152 procul
2936 4084 3101 4138 dubio
3132 4084 3260 4137 dum
3293 4086 3528 4140 scribam
3560 4085 3762 4139 tandem

513 4174 677 4227 etiam
702 4174 769 4228 de
799 4174 1089 4244 suppetiis,
1123 4188 1261 4243 quas
1290 4174 1359 4228 ad
1388 4184 1572 4228 vetera
1601 4174 1930 4228 numismata
1963 4184 2167 4237 vestra,
2192 4176 2389 4245 quibus
2414 4175 2606 4246 ingens
2630 4176 2759 4231 illud
2790 4186 2845 4230 et
2891 4178 3198 4232 immortale
3249 4193 3391 4248 opus
3426 4180 3763 4247 Antiquarum

514 4269 912 4336 inscriptionum
952 4267 1286 4339 locupletare
1336 4268 1577 4338 cogitas,
1609 4269 1899 4337 aliquando
1938 4286 2027 4325 me
2067 4270 2166 4324 tibi
2209 4270 2580 4340 Norimberga:
2618 4280 3036 4339 procuratorum
3064 4272 3309 4341 promisi.
3350 4272 3467 4339 Qua
3512 4273 3580 4328 de
3607 4286 3663 4326 re
3691 4270 3763 4325 sic

514 4360 716 4413 habeto
742 4361 904 4425 serio,
938 4369 1153 4415 exstare
1192 4359 1297 4413 sibi
1331 4358 1473 4428 apud
1508 4358 1657 4412 illum
1689 4376 1853 4429 quem
1886 4376 2051 4430 supra
2087 4361 2302 4415 laudavi
2347 4360 2635 4430 patricium
2677 4361 2853 4414 virum
2888 4361 3206 4415 thesaurum
3237 4362 3468 4418 minime
3499 4363 3761 4433 vulgarem

514 4452 909 4506 numismatum
964 4463 1214 4508 veterum
1267 4452 1447 4507 omnis
1503 4452 1718 4522 generis
1771 4452 2146 4517 Hebraeorum,
2186 4453 2519 4516 Graecorum,
2548 4452 2885 4515 Latinorum,
2910 4453 3219 4519 consulum,
3245 4469 3557 4519 censorum,
3589 4453 3765 4507 trium-

514 4545 779 4611 virorum,
814 4546 1228 4615 imperatorum,
1260 4546 1572 4610 Caesarum;
1602 4546 1839 4615 denique
1871 4560 2161 4601 aureorum
2182 4587 2196 4609 ,
2224 4556 2603 4616 argenteorum
2625 4586 2639 4608 ,
2672 4560 2966 4599 aeneorum.
2999 4545 3245 4613 Cumque
3284 4547 3657 4617 superioribus
3689 4544 3763 4599 fe-

517 4637 613 4691 riis
642 4636 847 4691 nostris
879 4637 947 4692 ad
973 4637 1139 4691 ﬁnem
1168 4637 1523 4708 vergentibus
1554 4637 1964 4710 Norimbergam
1996 4653 2083 4692 me
2120 4638 2473 4692 contulissem
2497 4678 2512 4701 ,
2554 4646 2611 4693 et
2639 4639 2784 4692 ultro
2810 4639 3018 4709 aliquot
3045 4639 3238 4694 diebus
3265 4639 3497 4710 (decem,
3529 4638 3630 4693 nisi
3664 4635 3759 4690 fal—

518 4728 620 4797 lor)
654 4743 741 4781 me
764 4728 917 4798 quasi
960 4729 1235 4798 captivum
1267 4729 1322 4781 in
1348 4728 1493 4782 illam
1528 4728 2008 4784 instructissimam
2062 4728 2451 4783 bibliothecam
2481 4730 2777 4800 benigniss.
2802 4730 2918 4784 heri
2950 4730 3069 4801 ejus
3096 4734 3369 4800 permissu
3415 4730 3762 4790 inclusissent,

518 4830 644 4892 post
679 4820 821 4875 hanc
854 4820 1268 4890 perlustratam,
1296 4820 1386 4874 illa
1416 4820 1578 4874 etiam
1610 4820 1866 4890 pleraque
1895 4821 2076 4875 omnia
2106 4821 2163 4875 in
2189 4835 2385 4875 manus
2409 4821 2615 4890 sumpsi
2645 4830 2699 4875 et
2722 4821 2965 4891 inspexi;
3010 4821 3312 4891 periculum
3346 4838 3561 4894 quoque
3588 4820 3686 4876 feci
3714 4818 3763 4871 in

520 4914 894 4970 describendis
938 4916 1330 4966 numismatum
1381 4912 1719 4984 singulorum
1755 4913 2091 4984 epigraphis,
2120 4912 2189 4968 ad
2217 4929 2342 4968 eum
2369 4913 2483 4968 fere
2508 4913 2750 4977 modum,
2778 4930 2940 4983 quem
2970 4914 3039 4970 cl.
3068 4913 3132 4968 V.
3163 4915 3445 4985 Adolphus
3470 4914 3611 4971 Occo
3636 4910 3762 4967 Med.

527 5008 663 5077 Aug.
694 5006 903 5060 amicus
932 5014 1120 5059 noster
1162 5004 1220 5058 in
1258 5019 1357 5059 suo
1386 5004 1479 5059 illo
1518 5004 1852 5059 celebratiss.
1883 5020 2050 5076 opere
2095 5006 2351 5060 servavit.
2378 5006 2723 5076 Deprehendi
2764 5016 2944 5060 autem
2982 5005 3219 5060 laborem
3258 5008 3426 5073 hunc,
3473 5008 3516 5062 si
3539 5006 3656 5076 quis
3687 5013 3764 5058 to—

525 5110 659 5163 tum,
688 5107 748 5152 ut
772 5113 871 5167 par
893 5102 997 5160 est,
1037 5096 1323 5149 absolvere
1357 5096 1506 5160 velit,
1535 5112 1647 5149 non
1675 5111 1971 5165 paucorum
2003 5096 2235 5163 dierum,
2273 5095 2369 5151 sed
2396 5096 2602 5165 aliquot
2627 5097 2896 5151 mensium
2925 5095 3061 5151 fore.
3091 5095 3203 5150 Nec
3226 5097 3419 5152 inutile
3447 5097 3625 5161 fuerit,
3651 5106 3765 5149 meo

523 5194 750 5267 judicio,
782 5192 1017 5261 aliquem
1049 5189 1308 5259 pingendi
1341 5190 1604 5244 artiﬁcem
1630 5190 1909 5254 adhibere,
1931 5190 2024 5260 qui
2054 5190 2382 5245 numismata
2406 5191 2615 5262 singula
2650 5190 2790 5261 (quae
2821 5190 3041 5259 quidem
3085 5191 3323 5244 nondum
3346 5191 3415 5245 ab
3435 5192 3553 5245 aliis
3583 5202 3765 5244 excusa

528 5287 677 5357 sunt)
710 5285 779 5339 ad
809 5284 1015 5349 vivum,
1050 5290 1460 5353 quantaquanta
1490 5290 1639 5347 sunt,
1669 5282 1968 5337 delinearet
1991 5292 2155 5353 atque
2197 5284 2547 5355 exprimeret.
2585 5282 2757 5349 Quam
2791 5281 3007 5352 quidem
3038 5282 3106 5337 ad
3147 5298 3262 5336 rem
3292 5291 3347 5336 et
3382 5292 3629 5353 sumptus
3665 5293 3767 5333 non

542 5394 763 5450 parvus,
790 5385 846 5431 et
875 5386 1092 5446 tempus
1118 5389 1229 5428 non
1256 5374 1535 5445 exiguum.
1567 5382 1623 5429 et
1652 5384 1817 5442 totus,
1841 5384 1903 5430 ut
1933 5376 2013 5431 sic
2051 5376 2226 5432 dicam
2250 5417 2267 5441 ,
2291 5377 2455 5431 homo
2480 5376 2867 5445 requireretur.
2900 5372 3029 5427 Mihi
3067 5388 3198 5428 vero
3225 5390 3328 5428 nec
3368 5373 3669 5428 consultum
3693 5368 3770 5421 vi-

549 5472 778 5527 debatur
802 5513 817 5537 ,
855 5469 976 5524 sine
998 5467 1255 5523 mandato
1276 5476 1461 5522 vestro
1488 5467 1544 5521 in
1582 5468 1637 5523 id
1666 5478 1941 5539 sumptum
1966 5469 2166 5539 facere,
2201 5480 2257 5527 et
2282 5472 2348 5527 ad
2368 5470 2621 5525 familiam
2643 5477 2804 5539 atque
2830 5483 3024 5538 operas
3044 5468 3379 5523 academicas
3404 5465 3769 5523 revertendum

528 5538 671 5619 erat.
702 5561 760 5616 Si
783 5562 911 5630 quid
940 5570 1120 5616 tamen
1151 5560 1207 5613 in
1234 5568 1513 5630 posterum
1546 5559 1632 5614 vel
1661 5538 1805 5631 apud
1837 5561 1989 5616 illum
2020 5538 2291 5633 hospitem
2322 5577 2504 5617 meum
2548 5538 2859 5621 lmhoﬁum,
2884 5559 2971 5615 vel
3001 5560 3143 5630 apud
3166 5559 3367 5614 Bened.
3397 5558 3768 5618 Ammannum,

534 5658 740 5714 aliosve
766 5657 915 5729 (sunt
939 5656 1085 5712 enim
1122 5656 1309 5726 plures
1341 5654 1397 5709 in
1434 5654 1859 5726 locupletissima
1889 5656 2110 5712 civitate
2138 5657 2330 5712 talium
2359 5655 2659 5728 κειμηλίων
2685 5670 3048 5725 possessores,
3082 5654 3334 5724 quamvis
3363 5655 3503 5708 alius
3532 5654 3634 5707 alio
3680 5664 3769 5720 pe-

536 5750 855 5822 cuniosior),
881 5760 973 5807 tuo
992 5750 1244 5807 instituto
1264 5749 1576 5808 subservire
1606 5758 1800 5823 potero
1826 5750 1990 5808 etiam
2018 5752 2238 5819 absens,
2265 5767 2374 5809 non
2398 5765 2622 5822 parcam
2649 5765 2830 5821 opera:
2859 5763 3024 5813 meae;
3052 5762 3153 5802 nec
3174 5762 3348 5815 suam,
3377 5746 3592 5818 opinor,
3616 5743 3773 5798 dene'
