3924 6416
194 384 287 448 109
1298 388 1865 450 PROLEGOMENA
1901 386 2101 447 EDIT.
2142 386 2388 446 PARIS.
3357 382 3463 446 110

193 496 324 567 gabit
375 496 669 565 prtrtorius
721 505 931 561 noster,
979 514 1139 567 quem
1176 496 1352 552 virum
1395 509 1451 552 et
1499 498 1579 553 tui
1617 513 1742 551 cum
1787 496 1980 567 primis
2014 496 2319 549 studiosum
2357 501 2521 563 atque
2566 501 2864 554 amantem,
2898 501 2954 546 et
2996 492 3235 563 alioquin
3278 494 3459 548 omnis

194 589 339 643 cilicii
379 589 619 659 ﬁdeique
652 590 877 661 plenum
899 591 1148 662 cognovi.
1185 592 1315 647 Vale
1336 632 1351 654 .
1380 600 1437 646 et
1466 592 1638 646 saluta
1668 590 1850 645 verbis
1898 590 2035 644 meis
2076 589 2368 643 Bonulium
2399 595 2454 641 et
2480 584 2973 651 Commelinianos,
3001 585 3318 657 amicosque
3354 600 3460 641 cae-

194 693 345 736 ωτος.

257 771 459 825 Altorlii
485 772 541 825 in
558 772 713 827 acad.
742 773 1211 843 Norimbergensi,
1241 789 1433 829 mense
1449 774 1695 844 Augusto
1727 774 1855 829 anni
1880 790 2037 828 uocv.

204 973 494 988 p.—

198 1114 631 1187 lllustr'issimo,
691 1110 1312 1192 clementissimoque
1368 1109 1515 1173 duci
1560 1127 1634 1172 ac
1704 1109 1990 1184 domino,
2043 1110 2385 1171 anmuco
2432 1110 2702 1185 Juniori,
2762 1111 2977 1172 comiti
3032 1112 3315 1175 Palatino
3376 1113 3454 1178 ad

865 1211 1182 1285 Rhenum,
1208 1211 1382 1271 bono
1411 1207 1687 1289 reipubl.
1719 1214 1890 1281 nato,
1914 1206 2264 1287 juventutis
2292 1205 2566 1288 principi
2587 1208 2801 1272 unico.

255 1378 561 1447 Opportune
595 1377 799 1431 Isidoro
843 1376 1088 1429 ultimam
1141 1375 1417 1444 imponunt
1447 1389 1667 1426 manum
1697 1372 2029 1443 topographi,
2064 1386 2167 1440 quo
2209 1380 2325 1437 post
2364 1371 2560 1425 biennii
2595 1388 2869 1437 secessum,
2899 1389 2927 1426 e
2950 1372 3140 1441 ﬁnibus
3168 1372 3358 1429 Galliae
3389 1391 3457 1429 aa

194 1483 293 1525 tuos
338 1473 503 1535 redis,
550 1471 998 1526 desideratissime
1042 1467 1360 1537 principum.
1414 1463 1619 1534 Nempe
1664 1481 1784 1519 cum
1819 1464 1989 1517 omnis
2016 1473 2169 1528 celas,
2191 1465 2362 1517 omnis
2388 1466 2517 1518 ordo
2546 1466 2601 1519 in
2649 1466 2913 1534 publicum
2940 1468 3148 1536 effusus,
3178 1469 3460 1523 adventum

188 1576 343 1627 tuum,
376 1574 637 1635 tanquam
668 1564 801 1617 clari
834 1580 898 1617 ac
937 1561 1191 1615 salutaris
1211 1560 1418 1623 sideris,
1450 1560 1576 1612 bene
1605 1558 1856 1611 ominatis
1878 1556 2324 1627 gratulationibus
2356 1567 2514 1627 atque
2537 1558 3009 1615 declamationibus
3044 1562 3305 1630 excipiat,
3332 1563 3459 1631 jure

186 1667 228 1708 et
253 1674 339 1709 nos
359 1674 570 1727 quoque
591 1656 949 1710 submittimus
978 1654 1144 1707 animi
1164 1654 1329 1706 nostri
1358 1652 1658 1721 laetitiaeque
1692 1652 1940 1717 indicem,
1973 1650 2293 1705 Pelusiotam
2326 1653 2463 1706 hunc
2493 1655 2824 1723 episcopum;
2867 1656 2957 1727 qui
2995 1656 3115 1725 jam
3160 1672 3298 1710 nunc
3344 1659 3461 1727 pri-

188 1768 314 1803 unum
352 1761 510 1818 parte
555 1752 639 1804 sui
681 1759 876 1821 quarta
908 1750 1181 1819 integrior,
1209 1755 1418 1800 tantum
1448 1762 1552 1797 non
1576 1744 1851 1807 vocaliter,
1888 1755 1935 1798 et
1967 1745 2403 1814 ﬂorentissimum
2426 1746 2719 1815 juventutis
2746 1749 3033 1818 principem
3062 1750 3251 1818 faustis
3278 1766 3459 1818 prose-

186 1858 367 1904 Μωυ-
395 1824 685 1911 ominibus,
724 1856 774 1899 et
804 1845 988 1901 Graeca
1039 1855 1295 1914 praeterea
1326 1841 1645 1905 vernilitate,
1681 1840 1903 1909 desuper
1930 1840 1989 1893 in
2033 1839 2265 1908 lepidum
2317 1850 2477 1910 caput
2520 1840 2634 1910 ejus
2664 1858 2729 1895 ac
2768 1844 2944 1896 sinum
2971 1844 3208 1914 invergat
3250 1846 3461 1899 uberem

186 1951 667 1995 coronamcntorum
700 1939 929 2006 copiam.
961 1935 1229 1989 Nimirum
1258 1934 1369 1987 viso
1400 1941 1615 1986 cwteros
1646 1931 1940 2001 (occasione
1964 1934 2112 1986 verni
2142 1933 2387 2003 auspicii)
2423 1935 2561 1989 inter
2600 1936 2711 1989 alia
2753 1943 2951 1991 devota:
2980 1939 3169 1991 mentis
3215 1955 3458 2005 munera,

184 2052 417 2106 oggerere
446 2036 614 2088 etiam
643 2034 947 2101 ephemeras
973 2032 1164 2100 ﬂorum
1190 2028 1432 2091 delicias,
1494 2028 1680 2080 merito
1711 2026 2008 2081 arbitratur
2036 2039 2215 2098 gratos
2251 2029 2344 2082 tibi
2384 2029 2505 2083 item
2534 2040 2873 2101 acceptosque
2893 2031 3004 2101 fore
3036 2032 3230 2084 colores
3250 2032 3462 2085 odores-

188 2143 270 2197 que
312 2132 657 2195 depromptos
700 2142 727 2178 e
750 2140 920 2178 sacra:
956 2122 1231 2191 sapientia:
1260 2121 1424 2174 hortis
1449 2162 1464 2186 ,
1497 2121 1792 2189 prazsertim
1826 2137 1946 2174 cum
1979 2123 2093 2191 ejus
2118 2123 2223 2176 sint
2250 2124 2412 2193 genii,
2443 2134 2499 2177 ut
2540 2141 2643 2177 non
2670 2125 2824 2178 modo
2858 2141 2961 2178 non
2991 2124 3317 2194 obsolefiant,
3357 2141 3463 2179 non

186 2226 523 2283 marcescant,
558 2226 654 2269 aut
684 2233 780 2269 usu
811 2225 905 2269 aut
929 2226 1181 2284 tempore,
1212 2214 1303 2267 sed
1332 2213 1454 2267 inde
1478 2212 1810 2283 potissimum
1856 2223 2070 2267 sumant
2120 2205 2310 2270 colorii
2358 2217 2636 2287 odorisque
2675 2219 3052 2289 fragrantioris
3082 2229 3461 2290 augmentum;

182 2309 379 2380 ejusque
418 2319 683 2380 prwterea
722 2310 941 2379 ingenii,
989 2317 1044 2361 ut
1090 2324 1195 2360 non
1245 2307 1556 2375 simpliciter
1586 2315 1797 2361 tantum
1826 2306 2175 2362 blandiantur
2203 2310 2388 2373 oculis,
2422 2310 2783 2365 lenocinentur
2810 2314 3049 2377 naribus,
3073 2329 3249 2367 verum
3274 2323 3322 2367 et
3360 2309 3462 2384 ipsi

181 2404 346 2455 animo
378 2413 428 2455 et
461 2403 567 2470 ipsi
592 2404 790 2469 pectori
815 2401 1112 2455 salutarem
1140 2400 1247 2453 vim
1280 2400 1705 2463 communicent,
1730 2415 1836 2469 quo
1866 2400 2019 2455 citius
2046 2402 2163 2472 quis
2197 2419 2261 2455 ac
2301 2404 2465 2457 tutius
2499 2414 2785 2474 grassetur,
2816 2422 2910 2473 per
2936 2406 3148 2459 virtutis
3179 2416 3338 2477 atque
3364 2408 3461 2459 ho-

181 2500 308 2552 noris
332 2498 559 2568 templa,
578 2505 651 2551 ad
674 2498 1024 2551 aeternitatem
1054 2512 1073 2549 :
1102 2512 1220 2565 qua:
1239 2496 1379 2564 ipsa,
1404 2495 1656 2564 quoniam
1682 2492 1815 2548 nulli
1836 2510 1938 2547 non
1953 2496 2099 2550 artati
2116 2506 2363 2565 perpetuo
2383 2514 2494 2551 esse
2520 2498 2667 2550 debet
2688 2508 2811 2551 ante
2832 2498 3037 2563 oculos;
3064 2500 3262 2570 fecerit,
3286 2516 3459 2569 spero,

180 2609 319 2645 senex
338 2593 439 2643 iste
469 2599 651 2643 noster
681 2588 912 2658 pretium
930 2601 1040 2639 sum
1065 2601 1236 2653 opera:
1266 2600 1284 2637 :
1318 2592 1466 2637 tanto
1498 2584 1709 2653 quidem
1736 2583 1927 2653 magis,
1963 2584 2102 2653 quod
2124 2593 2173 2637 et
2212 2586 2256 2637 is
2283 2585 2497 2653 insuper
2527 2601 2583 2638 se
2605 2593 2772 2639 totum
2802 2586 2895 2638 tibi
2925 2596 3105 2641 voveat
3133 2588 3459 2658 dedicetque,

182 2688 321 2740 unius
352 2688 433 2740 tui
460 2683 806 2738 contubernio
853 2682 1208 2735 adhaerescere
1251 2680 1493 2748 deinceps
1532 2679 1922 2747 cupidissimus.
1955 2678 2123 2749 quue
2173 2696 2233 2732 eo
2279 2681 2407 2749 facit
2438 2681 2799 2750 confidentius,
2837 2684 2976 2752 quod
3013 2684 3308 2738 meminerit
3339 2694 3463 2739 ante

180 2800 365 2850 paucas
395 2797 667 2834 annorum
691 2777 1066 2837 hebdomadas,
1093 2774 1236 2828 haud
1258 2776 1458 2845 frustra
1490 2775 1912 2827 commendatum
1935 2774 2097 2845 fuisse
2128 2775 2425 2843 patrocinio
2450 2777 2631 2846 magni
2665 2777 2813 2831 illius
2846 2780 3128 2848 propatrui
3183 2782 3262 2833 tui
3301 2780 3463 2835 Joan-

182 2895 253 2930 nis
278 2876 555 2936 Casimiri,
584 2873 838 2944 principis
868 2871 1135 2924 memoria:
1158 2885 1431 2939 nunquam
1466 2868 1764 2922 interitura:
1785 2908 1799 2930 ,
1830 2877 2207 2935 prteceptorem
2246 2883 2402 2921 suum
2440 2867 2508 2921 υ.
2542 2871 2986 2941 Chrysostomum.
3018 2871 3240 2941 Quippe,
3272 2875 3319 2927 si
3356 2891 3461 2929 non

181 2968 465 3020 indecenter
496 2974 706 3035 patrem
748 2962 997 3032 sequitur
1032 2976 1129 3014 sua
1167 2960 1367 3030 proles,
1400 2959 1585 3013 decore
1615 2959 1778 3012 etiam
1820 2958 2093 3013 allubescit
2140 2960 2361 3030 familia:
2406 2962 2455 3013 ei
2487 2963 2795 3031 discipulus,
2828 2964 2882 3016 in
2913 2980 3016 3034 qua
3047 2974 3096 3017 et
3128 2964 3461 3033 splendorem

176 3059 356 3111 interiit
390 3066 438 3110 et
469 3056 694 3110 tutelam
728 3055 982 3124 magister
1005 3068 1151 3105 suus.
1176 3049 1341 3114 Quem
1372 3057 1430 3102 ut
1460 3058 1508 3102 et
1538 3050 1650 3119 ipse
1698 3047 1929 3117 alicujus
1974 3049 2168 3102 habeas
2192 3050 2460 3113 momenti,
2488 3052 2727 3120 princeps
2757 3053 3134 3120 illustrissime,
3165 3056 3303 3110 scias
3332 3073 3457 3126 pro-

176 3149 252 3203 cal
271 3150 449 3202 abesse
470 3165 504 3199 a
540 3157 761 3215 contage
791 3153 840 3197 et
876 3143 959 3197 sui
986 3142 1113 3194 olim
1142 3139 1341 3202 steculi,
1371 3147 1420 3192 et
1448 3138 1600 3192 istius
1630 3138 1825 3198 nostri;
1865 3136 2025 3191 talem
2074 3138 2271 3192 scilicet
2310 3139 2399 3209 qui
2446 3140 2586 3192 dicta
2614 3158 2711 3194 sua
2742 3144 2920 3196 omnia
2949 3145 3105 3213 factis
3136 3145 3455 3221 cohonestet,

175 3260 327 3315 neque
360 3242 530 3295 aliter
549 3242 689 3293 vivat
720 3254 879 3305 quam
908 3236 1182 3305 loquatur;
1215 3235 1304 3304 qui
1338 3242 1609 3286 aversatus
1640 3230 1852 3285 inutiles
1882 3248 2057 3286 omnes
2090 3249 2247 3301 super
2267 3233 2519 3304 religione
2540 3236 2970 3305 quaestiunculas,
3000 3240 3071 3291 ad
3112 3239 3281 3293 solam
3308 3244 3458 3295 auri-

174 3353 312 3411 getur
337 3341 597 3410 pietatem
618 3353 682 3389 ac
702 3336 979 3397 virtutem;
1010 3333 1100 3403 qui
1130 3347 1406 3385 sacrarum
1440 3329 1768 3383 Litterarum
1818 3327 1931 3381 loca
1963 3328 2263 3382 obscuriora
2297 3330 2531 3398 inﬁnita,
2563 3330 2737 3386 sobria
2768 3332 2917 3386 bona?
2945 3336 3132 3389 mentis
3162 3347 3209 3389 et
3234 3338 3455 3393 rationis

172 3435 277 3489 lace
302 3434 572 3488 uberrime
596 3430 916 3501 perfundat;
945 3429 1138 3498 quique
1170 3428 1286 3480 ideo
1318 3426 1617 3495 longissime
1646 3424 1899 3478 dissideat
1936 3425 2001 3477 ab
2028 3426 2124 3488 eis,
2156 3426 2245 3490 qui
2279 3426 2451 3479 nescio
2480 3426 2666 3496 quibus
2689 3430 3081 3484 contentionum
3106 3434 3332 3501 strophis
3361 3435 3455 3488 de-

171 3527 280 3592 diti,
304 3542 475 3596 neque
509 3523 740 3577 contenti
770 3521 949 3575 ludere
977 3520 1039 3573 de
1067 3535 1161 3573 suo
1187 3519 1347 3581 corio,
1384 3518 1463 3570 ita
1498 3533 1642 3587 reges
1668 3529 1713 3570 et
1736 3516 1998 3586 principes
2020 3517 2158 3568 inter
2174 3531 2227 3568 se
2260 3517 2611 3582 committunt,
2645 3519 2885 3572 nationes
2918 3529 2969 3572 et
2997 3521 3314 3588 respublicas
3334 3540 3455 3594 per-

170 3630 392 3684 vertunt,
418 3631 477 3671 ut
513 3618 576 3671 de
600 3632 705 3669 uno
740 3614 932 3684 populo
965 3628 1087 3666 mox
1117 3612 1220 3665 duo
1254 3620 1347 3664 aut
1378 3611 1510 3663 adeo
1538 3609 1694 3679 plura
1716 3610 1846 3679 ﬁant
1864 3626 2105 3678 corpora,
2138 3618 2187 3662 et
2218 3610 2282 3661 ab
2317 3610 2544 3662 externis
2589 3610 2644 3663 in
2672 3620 2927 3665 wternum
2958 3611 3249 3667 Christiani
3279 3618 3453 3671 nomi-

172 3717 242 3767 ris
285 3715 495 3767 hostem
546 3710 716 3773 bellis,
747 3710 805 3761 in
854 3724 952 3761 sua
985 3706 1181 3760 viscera
1212 3713 1507 3769 armentur,
1539 3703 1927 3774 furentiumque
1970 3702 2206 3770 exemplo
2248 3719 2435 3755 manus
2485 3712 2534 3755 et
2592 3704 2824 3757 membra
2855 3722 2951 3757 sua
2993 3706 3095 3775 ipsi
3124 3708 3328 3759 caedant
3353 3725 3370 3761 :
3396 3712 3454 3763 in

170 3825 395 3870 summa,
438 3806 534 3876 qui
557 3804 689 3857 nihil
711 3818 984 3856 commune
1022 3816 1174 3870 geras
1207 3814 1324 3851 cum
1355 3796 1488 3861 istis,
1522 3797 1612 3867 qui
1640 3797 1715 3849 sic
1748 3812 1781 3849 a
1809 3812 1867 3848 se
1894 3807 2223 3864 segregatum
2248 3795 2437 3847 habent
2475 3799 2776 3859 candorem,
2808 3798 2986 3867 ﬁdem,
3025 3804 3356 3867 modestiam,
3393 3812 3452 3858 ut

168 3907 208 3959 si
244 3922 271 3958 e
328 3912 440 3956 toto
484 3899 607 3953 orbe
650 3898 916 3968 diligenda
952 3897 1187 3949 venirent
1216 3902 1446 3946 monstra
1477 3891 1749 3944 hominum
1789 3890 2020 3959 conflata
2063 3906 2089 3943 e
2124 3890 2468 3954 contentione,
2511 3890 2825 3958 pervicacia,
2863 3890 3253 3957 maledicentia,
3278 3898 3454 3965 suspi-

170 4002 331 4061 cione,
365 3996 623 4060 avaritia,
648 3995 827 4053 livore,
856 3990 1121 4059 superbia,
1154 3989 1395 4054 lascivia,
1439 4004 1504 4041 ea:
1536 3987 1727 4041 horum
1776 3987 2107 4056 potissimum
2129 3988 2312 4041 ordine
2358 3996 2524 4041 essent
2568 3989 2858 4056 promenda
2894 4005 2957 4042 ac
3000 3992 3359 4059 producenda.
3406 3994 3451 4049 0

170 4092 369 4146 mm!
396 4089 442 4144 Ο
466 4087 673 4141 mores!
697 4084 755 4139 Si
788 4085 928 4138 enim
958 4084 1079 4136 huic
1113 4093 1286 4136 nostro
1314 4081 1444 4150 ﬁdes
1465 4119 1480 4145 ,
1514 4089 1727 4135 tantum
1756 4080 1900 4135 inter
1929 4080 2266 4137 sacerdotem
2299 4092 2354 4135 et
2382 4081 2680 4150 quemlibet
2707 4082 2936 4152 probum
2967 4085 3147 4139 virum
3178 4086 3451 4141 interesse

168 4188 348 4251 debet,
372 4192 641 4256 quantum
668 4182 812 4235 inter
848 4180 1046 4235 malum
1073 4188 1128 4234 et
1159 4186 1360 4234 terram
1390 4176 1722 4233 discriminis
1765 4186 1868 4243 est,
1908 4178 2065 4248 plura
2096 4193 2361 4246 possemus
2395 4193 2490 4246 pro
2538 4177 2675 4243 isto;
2714 4179 2804 4231 sed
2848 4195 2913 4232 ea;
2950 4195 3295 4249 supervacuo,
3320 4180 3449 4234 illu-

166 4286 417 4337 ηνίεείηιε
441 4279 703 4349 princeps,
739 4274 870 4327 adeo
918 4273 1100 4326 statim
1124 4273 1380 4342 optimum
1408 4288 1582 4326 senem
1611 4281 1834 4341 utraque
1881 4271 2124 4324 invasisti
2148 4286 2332 4334 manu,
2365 4286 2429 4323 ac
2465 4269 2601 4324 serio
2633 4270 2914 4339 polliceris,
2942 4272 3031 4325 ubi
3078 4280 3237 4326 aetate
3282 4276 3449 4345 fueris

168 4380 417 4439 adultior,
451 4374 758 4428 habiturum
784 4371 840 4423 in
864 4369 1154 4421 amicorum
1177 4370 1383 4421 cohorte
1409 4368 1584 4437 prima
1606 4368 1858 4437 primum,
1890 4366 2121 4437 nihilque
2154 4382 2258 4420 non
2286 4364 2351 4419 de
2381 4366 2495 4435 ejus
2522 4368 2780 4420 sententia
2807 4368 3075 4435 facturum
3101 4369 3304 4440 publice
3331 4374 3447 4441 pri-

166 4475 452 4541 miraque.
492 4466 667 4520 Macte
690 4466 790 4518 hac
816 4462 1009 4525 indole,
1044 4464 1137 4515 hoc
1164 4463 1449 4531 proposito,
1481 4461 1730 4515 maximae
1759 4459 2162 4529 exspectationis
2194 4460 2464 4529 princeps,
2492 4468 2662 4512 certus
2705 4459 2761 4512 id
2786 4460 2959 4529 ipsum
2983 4477 3315 4516 accessurum
3342 4479 3448 4518 non

168 4568 329 4619 solum
361 4562 660 4617 incredibili
690 4558 911 4631 familia:
934 4558 1202 4611 Palatina:
1233 4558 1573 4622 incremento,
1596 4568 1644 4610 et
1674 4572 1880 4610 summo
1911 4554 2036 4624 Opt.
2071 4556 2224 4611 Mam.
2269 4564 2552 4625 parentum
2579 4555 2772 4625 gaudio
2791 4594 2807 4619 ,
2836 4558 2930 4609 sed
2953 4563 3003 4609 et
3040 4557 3449 4629 incomparabili

167 4660 468 4729 reipublicae
494 4656 812 4710 Christiana:
834 4654 986 4717 bono,
1028 4661 1219 4723 tuoque
1247 4652 1431 4705 honori
1471 4668 1536 4705 ac
1565 4651 1748 4722 gloriae
1783 4651 2139 4719 sempiternae.
2169 4647 2297 4714 Quae
2332 4657 2389 4702 ut
2435 4648 2575 4702 brevi
2607 4649 2962 4718 consequaris,
2990 4665 3297 4720 supremum
3322 4649 3445 4705 Nu.

166 4772 273 4808 mea
302 4752 569 4823 supplices
597 4766 929 4815 veneramur,
957 4749 1247 4802 clementiae
1275 4764 1385 4801 sure
1413 4747 1515 4801 alis
1544 4756 1593 4801 te
1620 4756 1890 4817 perpetuo,
1919 4762 2013 4799 ceu
2044 4744 2345 4801 Germania:
2381 4744 2541 4798 totius
2561 4743 2808 4797 delicium
2837 4752 2886 4797 et
2905 4760 3111 4798 amores
3163 4759 3320 4813 porro
3348 4744 3445 4800 ob-

166 4849 408 4900 umbrare
436 4845 705 4914 dignetur.

374 4938 657 4995 Neostadii
687 4950 800 4990 xm
831 4934 1130 4999 Februarii,
1154 4937 1287 4990 veris
1311 4936 1477 5006 ipsius
1506 4937 1592 4991 die
1617 4936 1899 5005 auspicalt.

2074 5029 2350 5084 Illustriss.
2378 5028 2569 5082 Vestra:
2592 5028 2896 5084 Clementia
2920 5030 3192 5084 addictiss.

2250 5119 2627 5177 Conuummi
2659 5130 2715 5175 et
2737 5120 3052 5177 Bonorum.

171 5319 2348 5348 ΜΨ

166 5458 733 5527 Reverendissimis
766 5455 1055 5518 Patribus
1100 5455 1173 5516 P.
1212 5451 1477 5513 Andreas
1528 5451 1849 5517 Scno'r'ro,
1908 5455 1970 5509 et
2027 5450 2094 5508 P.
2144 5447 2480 5509 Heriberto
2514 5450 2875 5524 Roswemo,
2919 5447 3235 5511 societatis
3283 5450 3436 5513 Jesu

999 5553 1382 5635 presbyteris
1415 5553 1483 5613 in
1515 5550 1785 5628 collegio
1818 5549 2283 5629 Antwerpiano,
2311 5552 2373 5611 S.
2421 5552 2487 5612 P.
2521 5552 2592 5611 D.

226 5728 388 5785 Redit
420 5727 488 5783 ad
516 5737 591 5791 te,
615 5724 777 5780 Pater
799 5723 1050 5787 Scbotte,
1072 5720 1316 5777 Isidorus
1349 5727 1475 5773 tuus
1502 5725 1629 5788 post
1670 5715 1811 5771 bene
1854 5714 2071 5785 longam
2114 5714 2513 5784 captivitatem,
2548 5714 2601 5767 in
2634 5730 2737 5784 qua
2768 5729 2892 5769 eum
2924 5729 3109 5769 carcer
3144 5714 3264 5770 Jani
3298 5714 3436 5771 Gru-

164 5826 282 5893 teri,
303 5824 472 5880 veluti
506 5821 846 5892 mancipium
879 5817 1171 5889 quoddam,
1204 5831 1329 5872 cum
1362 5814 1482 5871 aliis
1512 5813 1565 5870 id
1595 5828 1768 5885 genus
1796 5810 2037 5869 liberalis
2080 5817 2225 5866 notas
2249 5810 2638 5878 monumentis,
2673 5819 2869 5879 praeter
2906 5819 3086 5866 votum
3121 5818 3272 5865 tuum
3302 5810 3433 5866 bac-
