3924 6416
492 368 588 433 111
1608 366 2172 430 PROLEGOMENA
2207 367 2407 431 EDIT.
2448 371 2694 432 PARIS.
3621 381 3708 443 112

490 495 649 541 tenus
685 486 1011 542 detinuerat.
1055 485 1255 542 Verum
1285 485 1555 541 Suﬂ‘ridus
1582 486 1829 541 Sixtinus
1858 485 2460 553 Ambstelrodamensis,
2493 490 2586 559 qui
2622 488 2881 558 optimam
2915 489 3232 545 Gruterana:
3259 485 3584 542 bibliothecae
3604 503 3711 557 par-

488 586 599 633 tem
630 579 691 633 in
729 596 885 635 usum
918 595 982 634 ac
1009 580 1411 650 possessionem
1433 595 1587 633 suam
1621 579 1846 649 redegit,
1876 595 1988 633 non
2021 589 2105 634 est
2138 596 2331 650 passus
2356 591 2463 635 tam
2501 591 2769 647 sanctum,
2798 592 2908 637 tam
2934 582 3105 650 pium,
3145 590 3250 635 tam
3278 581 3582 648 sapientem,
3615 588 3712 633 tam

487 674 751 729 disertum
781 674 1103 744 scriptorem
1131 676 1337 730 diutius
1370 676 1426 729 in
1456 676 1631 730 isthoc
1658 676 1948 729 tenebroso
1977 690 2193 730 carcere
2220 677 2572 739 delitescere;
2621 679 2718 733 sed
2743 678 2870 733 inde
2898 687 3198 733 extractum
3229 676 3430 730 liberali
3464 691 3614 729 manu
3639 690 3713 729 as-

486 764 679 828 seruit,
703 764 956 833 baudque
989 764 1247 834 gravatim
1278 764 1583 828 consensit,
1629 773 1689 818 ut
1722 764 1776 819 in
1812 764 1928 819 dias
1972 764 2196 819 luminis
2237 782 2381 831 oras,
2414 777 2506 822 tuo
2543 767 2773 823 vestitus
2820 784 2885 824 ac
2913 769 3206 839 splendens
3233 775 3444 831 ornatu,
3477 781 3505 819 a
3527 764 3713 818 Fitzeto

487 868 679 912 nostro
706 858 1118 928 produceretur,
1151 867 1207 913 et
1228 859 1332 912 hoc
1361 868 1518 928 pacto
1541 858 1594 911 in
1626 858 1931 913 libertatem
1960 875 2112 913 suam
2144 862 2455 917 restitutum
2485 863 2563 917 ire
2588 865 2806 934 juberet
2835 880 2943 934 quo
2972 864 3156 919 vellet.
3189 863 3303 929 Qua
3333 863 3385 916 in
3435 878 3491 915 re
3540 869 3591 914 et
3629 859 3715 915 tibi

487 959 550 1003 ut
574 949 968 1020 gratiﬁcaretur
992 949 1209 1019 sategit,
1238 959 1293 1003 et
1315 950 1494 1013 simul,
1526 965 1596 1004 ne
1626 958 1735 1003 tam
1773 951 2029 1019 praeclara
2058 966 2218 1020 opera
2248 955 2455 1008 auctori
2489 971 2589 1009 suo
2632 957 2924 1027 deperiret,
2950 971 3256 1026 praecavere
3280 954 3460 1009 voluit.
3494 953 3625 1007 Sane
3666 959 3717 1005 ut

486 1043 633 1097 bono
661 1042 983 1097 Christianae
1013 1042 1340 1111 reipublicae,
1386 1043 1474 1097 cui
1524 1044 1765 1112 juvando
1813 1044 2309 1115 promovendoque,
2356 1048 2409 1101 in
2465 1050 2788 1104 exulceratis
2822 1049 3107 1103 hominum
3140 1046 3492 1116 quorumdam
3521 1042 3719 1113 judiciis

486 1138 849 1205 persanandis
891 1148 949 1192 et
982 1138 1111 1192 feris
1146 1138 1389 1193 moribus
1439 1138 1768 1208 mitigandis,
1802 1139 1959 1193 unice
2005 1139 2182 1194 facere
2238 1140 2328 1196 hic
2382 1143 2615 1212 scriptor
2642 1154 2697 1199 et
2740 1153 2919 1214 potest
2953 1150 3006 1196 et
3044 1141 3226 1206 debet,
3257 1138 3341 1193 vel
3374 1139 3470 1191 hac
3501 1137 3552 1189 in
3580 1143 3719 1203 parte

485 1228 799 1283 consultum
827 1229 943 1283 ivit.
974 1229 1160 1300 Neque
1196 1244 1296 1300 ego
1346 1229 1565 1284 interim
1597 1229 1772 1283 ofﬁcio
1822 1244 1945 1283 meo
1980 1230 2147 1292 defui,
2180 1232 2386 1286 veritus
2415 1249 2481 1287 ne
2515 1244 2609 1288 aut
2640 1234 3073 1303 manuscriptum
3104 1232 3159 1285 in
3198 1229 3511 1284 aemulorum
3544 1241 3720 1280 manus

489 1323 704 1377 invidas
729 1322 1027 1387 deveniret,
1057 1329 1152 1376 aut
1179 1338 1267 1376 res
1298 1338 1512 1376 rursum
1542 1321 1937 1391 procrastinata
1981 1338 2184 1376 novum
2215 1324 2269 1377 in
2318 1325 2619 1393 periculum
2669 1342 2734 1381 ex
2791 1336 3099 1380 transverso
3145 1322 3427 1377 incideret.
3454 1318 3565 1371 Non
3611 1332 3718 1370 sum

490 1421 727 1485 ignarus,
770 1413 866 1469 sed
909 1414 1055 1468 domi
1086 1414 1280 1468 doctus
1322 1422 1539 1482 meOpte
1571 1413 1818 1482 exemplo
1850 1414 2037 1481 didici,
2060 1397 2297 1485 quaan
2323 1416 2479 1470 molis
2526 1416 2595 1472 sit
2643 1418 2803 1472 talem
2837 1426 3053 1487 partum
3083 1414 3423 1485 progignere,
3472 1419 3722 1478 quantave

488 1505 689 1561 dividia
720 1514 959 1559 mentem
987 1511 1200 1573 premat
1227 1512 1284 1558 et
1318 1502 1572 1556 conﬁciat
1597 1503 1667 1556 ob
1700 1502 2010 1572 deperditas
2054 1503 2193 1558 forte
2228 1513 2322 1558 aut
2366 1504 2745 1561 manticulatas
2784 1506 3091 1577 vigiliarum
3141 1511 3451 1556 nostrarum
3482 1498 3720 1552 lucubra-

490 1596 688 1650 tiones.
717 1594 829 1648 Nec
856 1594 1044 1648 dubito
1095 1593 1226 1662 quin
1280 1592 1436 1661 plura
1482 1591 1536 1646 id
1583 1606 1754 1662 genus
1804 1602 2155 1646 monumenta
2184 1608 2353 1662 penes
2384 1602 2437 1647 te
2461 1602 2697 1662 exstent,
2729 1596 2817 1649 vel
2857 1596 2954 1649 abs
3000 1604 3053 1649 te
3087 1594 3205 1664 ipso
3245 1592 3439 1646 aflecta
3480 1599 3533 1643 et
3558 1589 3724 1658 profe-

490 1697 576 1743 cta
601 1727 617 1751 ,
650 1686 736 1741 vel
768 1686 837 1741 ab
866 1685 1054 1740 amicis
1095 1695 1201 1740 tua:
1227 1684 1350 1738 ﬁdei
1398 1684 1779 1738 commendata
1805 1725 1819 1748 ,
1853 1700 1973 1754 qua:
2005 1686 2192 1754 cupias
2228 1700 2350 1739 cum
2392 1684 2675 1746 industriis
2712 1697 2768 1741 et
2810 1687 3043 1743 assiduis
3086 1685 3395 1754 bibliopolis
3439 1680 3724 1736 communi-

490 1794 638 1835 care.
665 1779 745 1832 Ad
789 1793 912 1832 eam
944 1793 1059 1832 rem
1104 1776 1148 1832 si
1198 1776 1295 1831 tibi
1339 1791 1504 1846 opera
1531 1791 1649 1831 mea
1691 1776 1841 1831 utilis
1866 1786 1922 1831 et
1961 1777 2199 1847 proﬁcua
2233 1792 2355 1833 esse
2381 1778 2601 1848 poterit,
2636 1780 2938 1845 mandabis,
2967 1780 3097 1850 quid
3124 1779 3241 1834 fieri
3268 1779 3422 1843 velis,
3455 1790 3508 1832 et
3538 1776 3723 1830 factum

494 1880 706 1943 putato.

559 1966 642 2020 Ad
678 1974 731 2019 te
759 1979 996 2034 quoque,
1026 1962 1187 2017 Pater
1216 1961 1536 2033 Bosweyde,
1562 1978 1671 2017 non
1703 1978 1883 2017 minus
1919 1963 2128 2018 curatio
2170 1964 2334 2034 hujus
2358 1964 2689 2020 sanctissimi
2736 1964 2914 2020 Patris
2949 1966 3137 2021 lsidori
3168 1976 3417 2036 spectare
3450 1965 3641 2029 debet,
3671 1975 3726 2018 ut

491 2076 652 2129 quem
682 2059 843 2115 Pater
873 2058 1133 2114 Schottus
1167 2057 1401 2127 eleganti
1430 2056 1730 2127 festivoque
1772 2058 2048 2112 schemate
2076 2066 2186 2112 tam
2226 2059 2520 2114 liberaliter
2544 2060 2851 2116 honestavit
2872 2102 2886 2127 ,
2920 2061 2969 2116 ei
2997 2069 3056 2116 tu
3083 2061 3246 2116 vitam
3279 2060 3451 2130 ipsam
3480 2059 3725 2114 redonare

492 2172 602 2210 non
630 2140 978 2226 neglecturus
1006 2155 1083 2208 sis
1114 2152 1169 2207 in
1195 2152 1300 2206 illis
1326 2152 1393 2207 de
1434 2151 1752 2206 Sanctorum
1794 2154 2028 2208 historiis
2074 2154 2590 2209 commentariorum
2623 2156 2797 2211 libris.
2824 2156 2903 2210 lta
2927 2172 3052 2225 spes
3081 2172 3183 2212 nos
3204 2157 3351 2212 bona
3381 2156 3546 2221 fovet,
3573 2170 3725 2224 quam

493 2253 562 2307 de
590 2262 645 2307 te
668 2266 859 2305 omnes
880 2251 1079 2305 eruditi
1106 2258 1159 2303 et
1188 2251 1450 2303 bonarum
1476 2249 1779 2304 litterarum
1820 2250 2047 2305 studiosi
2088 2259 2475 2320 conceperunt.
2513 2250 2701 2320 Neque
2732 2267 2834 2307 nos
2862 2252 2971 2305 falli
3002 2261 3096 2307 aut
3121 2268 3216 2322 spe
3243 2259 3437 2307 nostra
3461 2251 3570 2320 jam
3590 2248 3730 2303 diur-

491 2354 658 2401 nante
684 2343 933 2399 frustrari
964 2342 1206 2413 patieris,
1234 2342 1279 2398 si
1326 2342 1619 2412 ingenuum
1649 2342 1924 2413 ingenium
1958 2350 2109 2396 tuum
2144 2351 2289 2396 recte
2318 2344 2588 2406 novimus,
2625 2352 2681 2398 et
2707 2352 3150 2414 perseverantem
3181 2343 3354 2398 animi
3388 2343 3729 2404 voluntatem,

493 2453 655 2510 quam
688 2435 965 2507 sapientes
992 2435 1350 2489 constantiam
1382 2432 1438 2486 in
1462 2433 1744 2502 promissis
1773 2433 2077 2503 appellant,
2107 2432 2211 2487 rite
2236 2434 2631 2503 perspeximus.

565 2533 701 2587 Cum
727 2546 856 2601 ergo
885 2537 1177 2598 utrumque
1200 2537 1443 2583 vestrum
1478 2526 1747 2585 Pelusiota
1783 2538 1982 2593 vester,
2029 2528 2140 2582 imo
2169 2544 2232 2582 ex
2264 2538 2419 2598 parte
2443 2537 2498 2583 et
2527 2538 2731 2594 noster,
2766 2537 2947 2600 tangat
2970 2570 2985 2593 ,
3017 2536 3162 2584 recte
3199 2538 3367 2599 atque
3394 2527 3583 2583 ordine
3608 2526 3734 2582 mihi

496 2623 741 2679 facturus
766 2622 1011 2685 videbar,
1042 2621 1088 2675 si
1123 2636 1249 2675 eum
1279 2620 1347 2675 ad
1382 2629 1671 2689 utrumque
1700 2620 1903 2689 pariter
1931 2620 2281 2684 destinarem,
2313 2620 2407 2689 qui
2435 2635 2623 2675 aurem
2650 2621 2806 2675 vobis
2843 2621 3085 2687 velleret,
3120 2630 3179 2676 ut
3210 2622 3526 2692 conjunctis
3555 2620 3737 2690 Opibus

493 2728 661 2791 atque
699 2717 985 2774 industriis
1025 2717 1291 2787 integram
1319 2715 1609 2785 aliquando
1630 2724 1687 2770 et
1715 2715 1968 2770 omnibus
1995 2716 2240 2770 numeris
2270 2715 2573 2770 absolutam
2604 2714 2797 2770 lsidori
2827 2730 3053 2784 operum
3078 2716 3382 2771 editionem
3412 2714 3739 2771 adornaretis

492 2824 551 2871 et
578 2814 963 2886 procuraretis.
992 2812 1354 2883 Dignissimus
1380 2826 1510 2866 sane
1541 2810 1792 2881 scriptor,
1826 2811 1883 2864 in
1912 2824 2020 2880 quo
2053 2826 2274 2881 operam
2329 2811 2472 2865 hanc
2520 2818 2774 2865 cunctam
2803 2811 3161 2877 collocaretis,
3192 2810 3281 2865 vel
3314 2810 3535 2882 egregio
3568 2808 3730 2876 reiva

493 2905 670 2971 blicae,
707 2906 764 2960 in
792 2921 899 2975 qua
928 2913 983 2959 et
1015 2904 1116 2959 sub
1166 2919 1272 2973 qua
1314 2905 1480 2959 vitam
1525 2916 1869 2957 communem
1911 2901 2116 2971 degunt
2141 2900 2380 2972 religiosi
2419 2916 2544 2956 cum
2574 2900 2838 2969 profanis,
2890 2902 3142 2971 catholici
3191 2916 3322 2955 cum
3356 2897 3735 2958 schismaticis,

492 2996 622 3052 boni
655 3010 776 3050 cum
812 2994 986 3048 malis.
1020 2992 1205 3062 Neque
1227 2993 1371 3047 enim
1406 2992 1750 3047 sanctissimo
1773 2991 1901 3047 huic
1930 2989 2075 3045 Patri
2113 2992 2339 3056 Isidoro,
2377 2992 2464 3045 vel
2485 2991 2743 3062 magistro
2777 2993 2894 3062 ejus
2936 2992 2996 3046 B.
3027 2993 3438 3063 Chrysostomo,
3471 2998 3562 3045 aut
3590 2997 3743 3043 ciete-

493 3091 568 3144 ris
594 3090 713 3159 ejus
732 3088 830 3141 arvi
853 3088 1055 3144 sanctis
1081 3096 1135 3140 et
1153 3086 1434 3141 catholicis
1462 3086 1732 3151 Patribus,
1767 3084 1961 3139 Basilio
1985 3085 2196 3155 Magno,
2216 3085 2478 3154 Gregorio
2511 3083 2877 3149 Nazianzeno,
2910 3082 3167 3148 Ctesario,
3204 3094 3340 3146 etc.,
3378 3098 3499 3137 mos
3534 3081 3619 3135 ille
3640 3093 3740 3148 quo

501 3196 651 3236 nunc
666 3181 827 3251 vulgo
853 3182 1052 3235 vivitur
1076 3181 1323 3252 cognitus
1343 3189 1479 3243 erat,
1510 3187 1567 3233 at
1591 3179 1838 3233 homines
1873 3193 2045 3247 aeque,
2076 3193 2139 3231 ac
2162 3179 2279 3247 ipsa
2309 3176 2460 3239 vitia,
2489 3177 2793 3231 odissemus
2821 3185 2877 3232 et
2908 3178 3226 3231 vitaremus.
3252 3177 3462 3231 Contra
3496 3190 3556 3229 ea
3580 3170 3740 3227 sancti

496 3272 571 3326 illi
605 3272 795 3328 Patres
811 3273 937 3328 vitia
962 3274 1245 3328 hominum
1267 3272 1453 3343 fugere
1488 3286 1553 3326 ac
1580 3271 1837 3326 detestari
1864 3286 1965 3325 nos
1990 3270 2273 3341 jubebant.
2302 3283 2412 3322 non
2441 3268 2855 3339 bominesipsos
2876 3269 2969 3324 Dei
3003 3268 3293 3339 imaginem
3323 3276 3598 3339 gerentes,
3616 3278 3742 3332 quos

496 3364 759 3419 Dominus
783 3375 970 3421 noster
998 3367 1157 3423 Jesus
1179 3364 1430 3422 Christus
1462 3364 1741 3436 proximos
1771 3374 1985 3420 nostros
2011 3380 2131 3422 esse
2161 3366 2364 3430 docuit,
2399 3372 2454 3420 et
2480 3365 2703 3436 diligere
2730 3365 3009 3435 praecepit.
3038 3365 3144 3419 Sed
3172 3365 3292 3419 haec
3325 3372 3411 3419 est
3436 3360 3617 3417 saeculi
3652 3374 3746 3413 no-

495 3455 592 3509 stri
620 3456 765 3511 haud
808 3457 921 3511 scio
950 3456 1258 3522 infelicitas,
1293 3457 1489 3520 dicam,
1522 3472 1591 3510 an
1616 3455 1869 3522 fatalitas,
1902 3472 1971 3511 an
1996 3457 2177 3527 potius
2208 3456 2540 3521 immanitas,
2575 3471 2737 3525 quam
2769 3463 3048 3525 tantopere
3086 3455 3367 3524 quondam
3402 3447 3745 3506 illustrissimi

495 3545 798 3603 cardinales
819 3548 1055 3602 Bembus
1075 3557 1130 3603 et
1153 3547 1438 3602 Sadoletus
1465 3546 1836 3616 deplorabant.
1874 3545 2043 3601 Dicite
2072 3547 2238 3610 mihi,
2263 3547 2355 3601 sed
2381 3555 2559 3601 vestra
2592 3545 2729 3611 ﬁde,
2768 3545 2811 3599 si
2852 3544 3009 3599 istam
3056 3560 3272 3598 morum
3324 3542 3656 3613 rigiditatem
3694 3539 3746 3593 in

495 3636 867 3705 expungendis
896 3636 1336 3690 dissentientium
1381 3634 1693 3689 nominibus
1739 3651 1848 3689 non
1890 3636 2051 3691 modo
2080 3651 2145 3691 ex
2176 3636 2447 3707 diptychis
2488 3634 2762 3701 Ecclesiae,
2796 3650 2985 3690 verum
3018 3650 3083 3689 ex
3130 3635 3252 3704 ipso
3292 3636 3464 3689 etiam
3508 3633 3630 3687 albo
3655 3634 3749 3700 τῆς

498 3723 603 3789 ἔξω
634 3727 815 3794 φιλίας
838 3729 933 3782 καὶ
955 3729 1173 3799 ὁμιλίας
1202 3727 1580 3782 indifferenter
1614 3727 1963 3782 admittemus
1983 3767 1998 3792 ,
2024 3745 2047 3783 ῐ

2201 3745 2307 3783 iam
2332 3729 2420 3782 vel
2465 3727 2927 3782 sanctissimorum
2975 3725 3198 3781 Patrum
3233 3734 3517 3781 exsortem
3546 3724 3613 3779 ab
3655 3723 3750 3776 hac

498 3817 701 3873 invidia
730 3820 1108 3889 praestabimus
1126 3822 1150 3874 Υ
1199 3819 1317 3874 Non
1349 3829 1495 3875 certe
1524 3835 1620 3875 vos
1654 3819 1820 3873 istum
1854 3820 2032 3890 ipsum
2086 3821 2349 3876 lsidorum
2378 3830 2619 3875 vestrum
2640 3862 2655 3886 ,
2688 3835 2798 3874 non
2854 3820 2973 3890 ejus
3020 3819 3340 3888 magiSIrum
3392 3818 3455 3872 B.
3492 3817 3750 3871 Joannem

497 3911 944 3983 Chrysostomum
968 3952 983 3976 ,
1017 3929 1125 3970 non
1156 3914 1412 3984 Magnum
1452 3911 1710 3966 Basilium
1733 3953 1747 3977 ,
1774 3927 1885 3965 non
1912 3912 2375 3984 Thaumaturgum
2432 3912 2853 3976 Nazianzenum,
2889 3926 3001 3966 non
3030 3909 3371 3983 Theologum
3429 3910 3753 3981 Nyssenum,

505 4023 617 4062 non
650 4005 902 4076 Ephraem
928 4005 1381 4069 Theodidactum,
1403 4020 1514 4058 non
1548 4002 1852 4076 Syncsium,
1876 4020 1988 4058 non
2029 4002 2414 4077 Epiphanium,
2439 4004 2864 4071 Theoderetum,
2911 4020 3021 4059 non
3052 4004 3222 4058 ul-lum
3280 4005 3407 4073 ejus
3438 4002 3619 4058 aetatis
3647 4013 3753 4056 tra-

499 4108 765 4154 ctatorem
813 4108 1065 4154 sanctum
1108 4098 1176 4153 ab
1226 4097 1442 4168 injuriae
1488 4097 1655 4167 hujus
1693 4113 1836 4152 nexu
1880 4097 2173 4154 defendere
2201 4100 2335 4154 mihi
2367 4114 2604 4169 unquam
2638 4097 2911 4168 poteritis,
2943 4105 3039 4150 aut
3068 4096 3122 4149 in
3158 4106 3276 4150 tuto
3308 4097 3612 4151 collocare.
3644 4092 3755 4145 Viri

498 4193 706 4248 cordati
751 4195 941 4248 beatos
984 4209 1082 4248 vos
1124 4208 1244 4247 esse
1284 4193 1603 4263 praedicant,
1651 4191 1848 4261 quibus
1894 4191 2077 4246 datum
2112 4203 2274 4263 atque
2318 4207 2637 4247 concessum
2670 4190 2803 4244 site
2837 4199 2943 4242 tam
2975 4188 3145 4260 rigido
3182 4203 3403 4255 eorum,
3448 4203 3591 4258 quos
3626 4185 3753 4247 dixi,

501 4282 752 4339 instituto
796 4283 1029 4338 seorsim
1068 4282 1293 4336 sentire.
1343 4280 1432 4335 Sic
1476 4282 1621 4335 enim
1666 4281 1896 4335 alienam
1938 4282 2273 4353 religionem,
2305 4290 2360 4335 et
2385 4282 2656 4335 humanos
2687 4279 2999 4333 mortalium
3044 4280 3206 4334 laasus
3256 4280 3390 4333 odio
3433 4278 3675 4341 habetis,
3704 4283 3763 4329 ut

502 4382 685 4429 tamen
716 4375 873 4429 dotes
900 4375 1244 4442 ingeniorum
1277 4374 1660 4437 humanorum,
1693 4390 1893 4442 easque
1923 4384 2087 4439 artes,
2123 4391 2257 4445 quas
2279 4375 2358 4430 eis
2379 4374 2609 4445 praebuit
2638 4371 2877 4428 Phoebus
2902 4373 3116 4443 Apollo,
3148 4381 3208 4426 ut
3234 4373 3555 4427 Homericis
3584 4369 3765 4425 verbis

498 4467 817 4537 exprimam,
850 4467 1117 4519 aestimare
1143 4477 1197 4519 et
1223 4464 1476 4519 admirari
1510 4464 1828 4519 didiceritis.
1860 4463 2030 4519 Macte
2062 4466 2164 4519 hac
2195 4466 2399 4520 virtute
2419 4505 2433 4527 ,
2475 4482 2509 4520 o
2543 4463 2843 4521 venerandi
2882 4463 3127 4518 seniores
3150 4502 3165 4524 ,
3194 4478 3304 4531 qua
3342 4462 3400 4516 in
3437 4463 3576 4517 orbe
3604 4461 3762 4516 Chri-

501 4555 677 4611 stiano
728 4552 950 4607 nomina
980 4561 1162 4607 vestra
1214 4552 1531 4621 prteclivent
1562 4567 1627 4606 ac
1673 4553 2041 4609 celebrantur.
2079 4553 2246 4609 Vobis
2272 4556 2373 4625 ipsi
2402 4557 2567 4610 etiam
2614 4555 2911 4610 adversarii
2956 4554 3097 4608 hanc
3120 4553 3501 4623 justissimam
3552 4554 3765 4608 laudem

499 4647 644 4701 veris
673 4644 895 4699 calculis
933 4643 1229 4714 assignant,
1257 4643 1401 4711 quod
1448 4642 1570 4713 plus
1611 4642 1986 4698 moderatione
2018 4653 2196 4699 vestra
2236 4646 2378 4715 apud
2408 4645 2796 4701 dissentientes
2822 4643 3135 4714 proﬁciatis,
3169 4659 3337 4713 quam
3366 4645 3470 4709 illi,
3499 4659 3640 4715 quos
3670 4645 3767 4698 mi-

501 4750 605 4790 nus
628 4732 831 4789 dudum
865 4732 1180 4798 memoravi,
1222 4748 1345 4786 cum
1372 4734 1627 4787 omnibus
1676 4734 1789 4787 suis
1822 4735 2048 4789 armatis
2081 4736 2252 4806 copiis
2281 4737 2347 4791 ad
2394 4737 2588 4808 rigoris
2615 4746 2796 4791 cotem
2825 4736 3112 4801 sanciatis,
3141 4735 3346 4804 quibus
3386 4737 3662 4808 smpeﬁeri
3693 4737 3771 4791 af-

502 4827 739 4889 ﬁrmant,
762 4834 823 4879 ut
859 4824 1031 4891 magis
1056 4825 1374 4890 destruant,
1406 4840 1568 4894 quam
1597 4826 1886 4891 aedificent,
1913 4828 2148 4893 cadant,
2172 4844 2335 4897 quam
2365 4828 2608 4883 vincant.
2637 4828 2824 4883 Valete
2845 4869 2860 4893 ,
2892 4836 2948 4883 et
2977 4826 3292 4882 comitatem
3327 4844 3520 4883 meam
3540 4872 3554 4895 ,
3605 4843 3767 4899 quam

500 4916 708 4972 Isidoro
726 4925 906 4971 vestro
939 4914 1226 4977 servando,
1254 4924 1309 4968 et
1335 4915 1488 4969 vobis
1512 4917 1569 4969 in
1598 4915 1703 4971 hoc
1728 4917 2004 4972 schemate
2032 4919 2476 4987 repraesentanda
2504 4919 2738 4974 libenter
2766 4919 3028 4988 impendi,
3059 4919 3189 4974 boni
3218 4921 3538 4988 consulite;
3566 4924 3771 4992 majora

500 5026 531 5064 a
559 5024 645 5064 me
676 5008 1057 5078 praestolaturi,
1088 5008 1134 5063 si
1150 5007 1306 5062 vobis
1333 5009 1574 5063 studium
1620 5017 1784 5078 atque
1826 5010 2061 5066 cilicium
2096 5027 2277 5066 meum
2327 5012 2382 5065 in
2408 5012 2569 5066 rebus
2601 5012 2798 5067 vestris
2825 5012 3102 5068 litterariis
3127 5012 3414 5083 juvandis,
3450 5025 3509 5070 et
3547 5030 3649 5086 pro
3686 5030 3771 5081 ea,

499 5119 605 5174 qua
628 5103 809 5158 valere
839 5111 1000 5171 atque
1025 5115 1185 5171 posse
1213 5101 1515 5170 existimor,
1550 5104 1874 5158 auctoritate
1900 5104 2306 5172 promovendis.
2336 5104 2554 5173 placere
2585 5105 2920 5159 intellexero.

578 5196 894 5252 Scribebam
928 5195 1330 5251 Francofordiae
1362 5210 1392 5248 a
1421 5196 1477 5250 d.
1507 5212 1591 5250 xvi
1620 5196 1738 5250 Kal.
1779 5196 2017 5251 Martiar.
2050 5198 2115 5250 A.
2144 5197 2209 5253 C.
2239 5197 2303 5250 N.
2343 5217 2403 5251 oo
2440 5214 2669 5252 mcxxrx.

524 5370 3761 5410 p————————-—-—-———————————.——-—_.—__—_____—

1306 5497 1815 5555 TYPOCRAPHUS
1860 5500 2198 5566 ΑΝΤΙΩΠΑΞ
2244 5501 2615 5560 EDITIONIS
2664 5505 2861 5561 LIBRI
2890 5508 2927 5562 V

1922 5594 2217 5650 LECTORI
2262 5596 2320 5651 S.

576 5749 719 5805 Duos
745 5768 947 5823 quium
977 5752 1205 5808 Isidoro:
1235 5752 1363 5808 locis
1393 5754 1807 5824 temporibusque
1839 5754 2070 5823 dissitas,
2112 5761 2287 5824 patria
2314 5776 2517 5831 quoque
2551 5762 2795 5829 diversos,
2826 5763 2914 5817 sed
2940 5765 3289 5820 sanctimonia
3329 5769 3511 5823 socios
3535 5771 3778 5838 junctis:
