3924 6416
456 308 483 371 1
496 306 558 373 19
1585 314 2005 374 PROLEGOM]

2180 316 2378 376 EDIT.
2419 316 2660 378 PARIS.
3602 312 3721 377 ΔῙΞ)

1048 688 1335 747 ISAACUS
1367 690 1814 748 CASAUBONUS
1849 693 2178 749 CUNRADO
2210 693 2773 750 RITTIIERSIIUSIO
2802 694 2887 750 lC.
2932 695 2990 750 S.
3038 697 3107 749 Ι).

525 868 762 924 Avebam
806 870 967 934 scire,
1004 880 1065 924 ut
1113 872 1342 935 valeres,
1391 881 1445 924 et
1486 871 1615 940 quid
1646 887 1854 942 ageres,
1897 873 2198 927 clarissime
2235 872 2585 937 Itittershusi,
2618 873 2963 943 mirabarque
2984 873 3132 927 binis
3158 872 3294 927 meis
3332 870 3719 942 superioribus

450 960 659 1015 nullum
680 977 710 1014 a
741 969 795 1014 te
825 976 1144 1029 responsum
1175 975 1295 1015 esse
1320 961 1524 1023 datum,
1560 970 1619 1015 ut
1663 978 1763 1016 nec
1791 978 1821 1015 a
1852 962 2107 1032 Scipione
2153 962 2350 1017 Gentili
2375 1004 2390 1028 ,
2440 964 2733 1019 academize
2772 976 2970 1020 vestra:
3001 966 3205 1019 lumine
3238 965 3529 1034 quidquam
3562 963 3718 1017 litte-

452 1068 635 1106 rarum
664 1054 867 1121 accepi,
895 1059 1178 1121 postquam
1212 1068 1275 1105 ex
1302 1052 1495 1105 itinere
1529 1052 1733 1107 Gallico
1768 1054 1947 1108 isthuc
1979 1063 2063 1109 est
2098 1070 2371 1119 reversus,
2404 1071 2661 1126 eramque
2695 1058 2831 1111 adeo
2871 1058 2939 1112 de
2978 1056 3262 1125 utriusque
3288 1067 3530 1112 vestrum
3561 1054 3720 1109 vale-

453 1144 640 1198 tudine
670 1159 733 1198 ac
764 1154 907 1199 statu
937 1145 1218 1209 sollicitus,
1242 1160 1365 1197 cum
1409 1144 1560 1198 misit
1603 1145 1665 1198 ad
1715 1162 1801 1200 me
1832 1146 2002 1217 Bonga

2168 1189 2181 1208 .
2207 1151 2235 1201 ὁ
2273 1148 2381 1201 τῶν
2408 1148 2555 1218 ἐμῶν
2595 1148 2766 1218 φίλων
2801 1150 2995 1213 ἄωτος,
3041 1150 3331 1218 epistolam
3378 1149 3525 1202 illam
3560 1155 3716 1199 tuam

453 1250 613 1303 quam
647 1235 861 1304 utrique
890 1243 1135 1288 nostrum
1165 1251 1509 1291 communem
1530 1236 1661 1291 'esse
1692 1237 1927 1291 voluisti.
1980 1238 2212 1293 Gavisus
2242 1254 2361 1292 sum
2393 1254 2503 1292 non
2548 1240 2922 1302 mediocriter,
2955 1248 3011 1292 et
3044 1239 3188 1307 quod
3222 1239 3498 1293 valentem
3544 1246 3597 1289 te
3627 1235 3722 1287 in-

454 1328 655 1390 tellexi,
684 1338 738 1382 et
773 1328 914 1398 quod
948 1328 1020 1382 ita
1055 1328 1109 1382 in
1143 1329 1349 1383 litteras
1375 1329 1692 1393 animatum,
1734 1337 1792 1383 ut
1822 1331 1963 1384 bene
1991 1330 2059 1385 de
2081 1330 2186 1385 illis
2227 1330 2472 1384 merendi
2519 1331 2681 1385 ﬁnem
2716 1332 2926 1385 nullum
2964 1331 3149 1385 facias.
3181 1329 3315 1385 Nam
3344 1330 3489 1400 quod
3516 1326 3727 1382 scribis

452 1420 522 1475 de
556 1422 785 1491 repertis
815 1422 875 1475 Β.
902 1422 1077 1477 Patris
1103 1422 1294 1477 Isidori
1323 1421 1612 1478 Pelusiotae
1633 1423 1897 1493 epistolis,
1939 1434 1997 1480 et
2027 1434 2118 1479 tua
2157 1441 2285 1480 cura
2311 1426 2598 1496 descriptis
2633 1435 2799 1495 atque
2835 1426 2902 1479 ad
2941 1426 3213 1481 edendum
3252 1425 3455 1496 paratis
3481 1443 3494 1477 :
3526 1418 3717 1476 beasti

453 1531 563 1581 me,
606 1517 680 1571 mi
726 1516 1075 1586 Rittershusi,
1122 1520 1226 1575 hoc
1274 1520 1574 1591 evangelio.
1610 1521 1780 1576 Macte
1815 1522 1921 1577 boc
1971 1523 2151 1578 studio
2196 1533 2358 1593 atque
2398 1524 2637 1579 hermaeo
2666 1524 2791 1577 isto.
2824 1523 2988 1577 Multa
3021 1525 3241 1593 quidem
3274 1523 3367 1578 tibi
3408 1524 3520 1592 jam
3562 1537 3719 1590 resp.

453 1608 711 1664 litteraria
745 1612 929 1677 debet,
951 1624 1174 1685 propter
1194 1615 1405 1686 egregia
1424 1615 1626 1685 ingenii
1652 1617 1731 1671 tui
1771 1617 2126 1684 monimenta,
2161 1619 2358 1689 quibus
2396 1619 2538 1673 illam
2568 1619 2788 1685 auxisti,
2824 1620 3065 1684 ornasti;
3106 1620 3203 1674 sed
3232 1634 3489 1689 magnum
3515 1632 3724 1672 cumu-

456 1703 572 1760 lum
612 1708 879 1776 prioribus
909 1709 1015 1764 tuis
1037 1711 1248 1766 meritis
1269 1711 1555 1780 adieceris,
1580 1712 1625 1765 si
1661 1721 1768 1766 tam
1804 1714 1953 1783 pium
1970 1725 2041 1786 _et
2077 1716 2352 1769 eruditum
2389 1714 2709 1784 scriptorem
2741 1713 2801 1777 ἐξ
2838 1714 2964 1784 ᾅδου
3004 1713 3329 1783 παλίνορσον
3356 1711 3514 1765 nobis
3546 1711 3724 1765 dede-

454 1800 550 1863 ris,
578 1801 721 1869 quod
758 1802 976 1871 quidem
1002 1813 1061 1857 ut
1097 1803 1282 1866 facias,
1320 1818 1426 1857 non
1462 1803 1649 1857 hortor
1684 1813 1734 1858 te
1764 1806 1963 1871 solum,
2009 1807 2100 1860 sed
2134 1806 2296 1861 etiam
2346 1821 2475 1875 rogo
2524 1814 2685 1874 atque
2732 1806 3013 1859 obtestor:
3046 1820 3112 1860 eo
3150 1804 3370 1874 quidem
3410 1803 3720 1857 vehemen-

454 1892 584 1956 tius,
618 1908 727 1962 quo
756 1893 1039 1963 pauciores
1069 1895 1232 1950 hodie
1279 1905 1403 1949 sunt
1438 1911 1671 1964 quorum
1711 1896 1891 1965 palato
1925 1896 2094 1965 dapes
2138 1896 2258 1950 istae
2307 1896 2539 1965 sapiant.
2586 1895 2693 1949 Sed
2744 1896 2885 1949 male
2932 1910 3192 1949 sanorum
3236 1894 3517 1948 hominum
3549 1908 3727 1947 voces

462 1991 702 2053 insanas,
736 1992 827 2060 qui
880 1992 1087 2048 litteras
1139 1992 1355 2049 Graecas
1384 1994 1591 2049 faciunt
1621 2008 1732 2047 non
1761 1994 1943 2063 pauci,
1981 2010 2082 2063 pro
2134 2003 2226 2049 tua
2255 1993 2545 2064 prudentia
2593 1992 2749 2047 facile
2799 1991 3055 2061 intelligis
3084 2004 3204 2044 esse
3244 1985 3721 2053 contemnendas;

455 2095 620 2155 atque
678 2088 806 2142 illud
872 2089 1054 2158 potius
1114 2090 1289 2147 nobis.
1344 2089 1435 2159 qui
1492 2089 1710 2143 illarum
1766 2089 2135 2159 praestantiam
2191 2105 2255 2144 ac
2298 2088 2682 2143 necessitatem
2733 2086 3119 2157 intelligimus,
3189 2098 3311 2139 esse
3361 2080 3716 2147 enitendum,

456 2193 517 2237 ut
538 2183 873 2253 fugientibus
910 2198 1130 2237 manum
1158 2183 1488 2253 injiciamus,
1521 2193 1595 2247 et,
1628 2184 1673 2239 si
1707 2199 2000 2253 possumus
2021 2223 2036 2248 ,
2070 2199 2225 2237 suam
2258 2182 2674 2238 aestimationem
2702 2197 2766 2235 ac
2790 2182 3024 2251 pretium
3051 2181 3159 2235 illis
3176 2182 3319 2249 apud
3337 2184 3467 2248 τοὺς
3487 2185 3721 2253 εὐφυεῖς

457 2280 587 2349 γοῦν
615 2279 725 2332 τῶν
747 2280 880 2333 νέων
916 2278 1275 2335 vindicamus.
1303 2279 1457 2345 Quod
1488 2288 1670 2334 autem
1692 2280 1779 2334 edi
1818 2280 1975 2349 cupis
2002 2278 2231 2334 Lutetiae
2264 2294 2401 2348 opus
2435 2286 2585 2331 tuum
2630 2277 2778 2347 (vere
2801 2276 2947 2329 enim
2979 2286 3133 2329 tuum
3164 2276 3439 2345 dixerim),
3464 2278 3530 2332 de
3555 2294 3617 2331 ea
3655 2293 3723 2331 re

458 2372 588 2441 quid
632 2371 767 2425 certi
797 2370 1092 2439 spondeam
1124 2370 1245 2435 tibi,
1277 2386 1387 2424 non
1418 2371 1591 2425 habeo
1628 2390 1641 2426 :
1686 2386 1813 2424 nam
1855 2371 2002 2425 lente
2032 2371 2121 2425 hic
2157 2369 2471 2425 Graecorum
2500 2367 2665 2421 editio
2710 2367 2955 2436 procedit
2982 2383 2997 2421 :
3029 2365 3131 2420 etsi
3160 2382 3267 2420 non
3299 2366 3451 2421 deest
3480 2368 3725 2436 quibus-

460 2470 583 2524 dam
612 2478 920 2522 nostrorum
944 2469 1398 2538 typograpborum
1427 2468 1642 2522 animus
1667 2478 1723 2522 et
1741 2468 2008 2522 Isidorum
2030 2477 2086 2522 et
2114 2467 2357 2536 reliquos
2387 2465 2578 2519 Patres
2604 2463 2824 2519 Graecos
2864 2462 3082 2517 edendi.
3111 2462 3298 2531 Itaque
3325 2478 3450 2517 cum
3472 2464 3661 2517 omnia
3688 2479 3721 2517 a

461 2574 515 2619 te
540 2564 743 2619 fuerint
767 2572 972 2634 parata,
1013 2564 1097 2619 fac
1138 2580 1223 2618 me
1268 2574 1325 2619 ut
1355 2565 1557 2629 sciam;
1604 2574 1660 2619 et
1686 2564 1919 2626 conﬁde,
1948 2565 2065 2634 pari
2106 2564 2385 2635 diligentia
2424 2562 2480 2615 in
2515 2577 2580 2616 eo
2609 2560 2827 2632 negotio
2871 2566 3214 2613 versaturum
3240 2602 3254 2626 ,
3289 2573 3353 2613 ac
3383 2557 3429 2613 si
3456 2573 3575 2612 mea
3621 2572 3723 2613 res

461 2666 731 2728 ageretur.
773 2656 919 2713 Vale.
962 2657 1187 2714 Madridi
1219 2659 1287 2714 ad
1314 2660 1527 2726 urbem,
1560 2677 1619 2714 ιιι
1658 2659 1841 2715 Nonas
1873 2659 2156 2730 Septemb.
2190 2659 2321 2731 Clg).
2356 2658 2443 2730 13.
2474 2655 2633 2713 CIIII.

484 2890 2199 2916 _—-——————————‘——————__—____'

1484 3041 1647 3102 Phil.
1680 3042 2016 3103 Seherbius
2056 3060 2133 3103 ex
2161 3042 2372 3103 animo
2405 3047 2574 3102 tuus.
2615 3043 2679 3101 S.

536 3159 794 3215 Libenter
816 3163 918 3233 legi
948 3163 1216 3219 Isidorum
1245 3175 1419 3229 tuum,
1450 3174 1524 3229 et,
1557 3175 1618 3219 ut
1644 3175 1798 3236 puto,
1827 3182 1937 3220 non
1967 3165 2085 3221 sine
2109 3165 2311 3220 fructu.
2344 3165 2570 3221 Miratus
2605 3181 2726 3221 sum
2764 3164 3163 3220 immanitatem
3196 3163 3293 3236 (ita
3317 3165 3466 3219 enim
3494 3174 3721 3234 oportet

465 3254 637 3324 loqui)
666 3255 913 3311 laborum
946 3268 1184 3313 tuorum.
1215 3258 1379 3314 Feres
1406 3259 1661 3313 fructum.
1686 3260 1857 3325 Quem
1882 3262 2030 3314 illum
2051 3262 2074 3313 ?
2092 3261 2336 3316 Placebis
2356 3261 2691 3315 melioribus.
2716 3260 2827 3315 Sed
2855 3270 2912 3314 et
2935 3258 3183 3314 fortassis
3213 3258 3426 3314 auferes
3452 3258 3723 3313 invidiam

466 3346 609 3414 apud
637 3362 753 3412 eos,
787 3348 986 3416 quibus
1015 3350 1300 3404 molestum
1327 3350 1449 3414 erit,
1477 3359 1529 3404 te
1565 3350 1631 3405 ad
1660 3366 1930 3405 summam
1968 3351 2107 3422 juris
2134 3351 2311 3407 civilis
2367 3351 2619 3422 peritiam
2656 3360 2863 3406 tantam
2904 3366 3087 3405 rerum
3127 3365 3402 3405 sacrarum
3445 3348 3723 3420 cognitio-

465 3451 593 3493 nem
619 3440 947 3511 adiunxisse.
981 3441 1133 3497 Nosti
1166 3443 1444 3515 ingenium
1474 3446 1794 3501 humanum.
1832 3446 1892 3499 Β.
1926 3446 1990 3502 ν.

474 3662 3687 3695 MM

1630 3806 2515 3923 ARGUMENTA

918 4054 1762 4148 EPISTOLARUM
1828 4058 1929 4146 .S.
2011 4056 2469 4150 ISIDOBI
2548 4054 3260 4148 PELUSIOTJE

1150 4245 1439 4308 Breviter
1470 4248 1909 4326 comprehensa
1952 4246 2387 4328 descriptaque
2430 4268 2468 4308 a
2506 4250 2577 4312 Ο.
2611 4249 3059 4312 Rittershusio.

2059 4438 2129 4451 .—

799 4564 1232 4660 AUFUMENTA
1269 4565 1453 4660 LIBRI
1496 4566 1707 4621 PRIML
2157 4658 2176 4660 _
2212 4589 2280 4660 10
2306 4588 2945 4660 Charitatisiencomium
2971 4630 2987 4655 ,
3037 4606 3168 4660 qua,
3201 4590 3333 4643 niln.
3385 4602 3464 4644 est
3514 4592 3712 4660 majus.

544 4658 727 4713 EPIST.
764 4658 815 4712 1.
858 4658 1055 4713 Vocum
1074 4658 1483 4713 monasticam":
1515 4660 1799 4733 ἀποταγὴς
1822 4670 1870 4715 et
1902 4663 2039 4715 ὑπο-

544 4729 641 4782 γής
667 4730 988 4782 explanatio.

2165 4658 2335 4729 Ionfer
2393 4660 2545 4715 Beati
2607 4659 2834 4715 Maximi
2887 4658 3249 4725 ἑκατοντάδας
3305 4662 3348 4713 δ’
3394 4662 3522 4733 περὶ
3572 4658 3714 4731 ἁγά-

2165 4746 2268 4782 mc.

471 4744 641 4799 ταγης
667 4744 988 4797 explanatio.

697 4744 988 4797 :rptanauo.
2139 4746 2246 4799 πης

606 4798 792 4853 Sancti
815 4809 935 4853 sunt
962 4800 1211 4855 carbones
1242 4799 1360 4868 igne
1387 4800 1563 4854 divino
1588 4803 1844 4858 succensi.
2212 4799 2271 4851 Η
2316 4798 2552 4867 Injurias
2594 4809 2645 4854 et
2698 4801 3045 4856 contumelias
3077 4816 3180 4855 non
3204 4815 3315 4856 esse
3342 4801 3712 4868 vindicandas,

542 4870 578 4943 ὃ
623 4868 815 4943 Opinio
861 4887 892 4923 a
936 4887 992 4924 re
1024 4873 1272 4943 immane
1316 4882 1573 4939 quantum
1623 4873 1945 4943 discrepat:
1990 4882 2041 4926 et
2140 4870 2233 4943 sed
2252 4871 2517 4943 patientia
2550 4872 2897 4943 superandus.

472 4940 810 5011 cerbafactis
840 4942 1147 4996 concedunt.
1330 4938 1335 4939 ⁷
1795 4938 1805 4943 ⁷
2212 4940 2281 5011 Ιὲ
2308 4938 2454 4993 Elui
2480 4942 2647 4994 animi
2675 4943 3025 5011 reprehensio.

543 5010 578 5063 4
628 5008 759 5083 Vita,
792 5015 1066 5081 prwsentis
1113 5020 1210 5072 ωυί
1236 5030 1310 5073 est
1340 5015 1596 5079 stadium,
1648 5013 1701 5064 in
1742 5029 1843 5080 quo
1884 5013 2033 5067 nobis
2213 5010 2282 5083 ᾗ
2308 5010 2611 5083 ᾼάηιοηὶιὶο
2638 5012 2702 5065 de
2726 5008 2898 5065 reditu
2923 5014 2992 5065 ad
3023 5014 3248 5083 officium
3274 5013 3563 5067 desertum.

472 5091 683 5134 strenue
707 5079 1099 5156 decertandum
1140 5099 1249 5156 est,
1299 5087 1345 5142 si
1378 5084 1545 5156 futuri
1584 5079 1765 5137 surculi
1813 5083 2034 5150 praemia
2216 5081 2283 5135 14
2315 5079 2546 5156 ξηεδιαι
2580 5083 2704 5137 bene
2726 5084 2891 5137 vivere
2916 5093 2965 5137 et
3001 5079 3173 5155 abere,
3202 5099 3362 5154 quam
3390 5084 3514 5137 bene
3542 5093 3590 5136 et
3622 5100 3712 5136 or-

474 5151 719 5218 consequi
755 5151 992 5209 volumus
1005 5194 1018 5207 .
1235 5151 1245 5156 ⁷
1378 5151 1388 5156 ⁷
2139 5162 2262 5205 nate
2291 5152 2481 5205 dicere.

543 5222 577 5275 5
613 5221 689 5274 De
734 5224 1021 5290 asperitate
1065 5236 1113 5281 et
1138 5226 1458 5281 continentia
1490 5224 1612 5278 vita:
1636 5223 1960 5278 monasticis.
2214 5222 2282 5275 15
2307 5222 2617 5275 Cohortatio
2647 5223 2717 5276 ad
2739 5222 2981 5276 studium
3001 5223 3319 5279 humilitatis
3345 5234 3395 5277 et
3419 5223 3712 5288 modestia,

541 5292 579 5368 ρ
609 5290 767 5368 galia;
798 5294 953 5368 apud
1000 5297 1252 5351 Davidem
1275 5297 1400 5368 quid
1431 5296 1709 5368 significet.
2142 5292 2716 5368 depositaarrogantia
2745 5305 2900 5361 atque
2930 5295 3197 5363 superbia.

547 5360 1175 5437 7_Cltri_sti_'genealogia
1233 5360 1675 5420 materna'simul
1713 5381 1776 5417 ac
1813 5374 2033 5435 paterna
2215 5360 2412 5437 16_Sal_
2437 5360 2723 5430 fecundans
2778 5360 2942 5432 aquas
2990 5360 3205 5431 sparsus
3244 5364 3309 5417 ab
3345 5362 3546 5427 Eliseo,
3581 5362 3711 5433 quid

473 5444 539 5484 ea:
576 5431 781 5501 familia
817 5431 1037 5491 Davidis
1076 5431 1374 5491 deducitur.
1813 5431 1823 5435 ⁷
2141 5433 2356 5501 mystice
2381 5434 2612 5485 denotet.

544 5502 579 5575 ξ
612 5500 689 5575 l_)e
723 5519 852 5557 cura
878 5508 1083 5575 corpori
1114 5517 1161 5561 et
1179 5510 1370 5561 anima:
1389 5504 1754 5575 impendenda.
2200 5500 2287 5575 ’17_
2314 5500 2489 5575 Quare
2531 5502 2770 5557 Christus
2817 5504 2873 5556 in
2917 5500 3202 5573 Evangelia
3239 5504 3520 5574 quemdam
3553 5503 3618 5557 ab
3654 5518 3713 5557 se

545 5570 579 5625 9
612 5571 702 5647 De
726 5570 1107 5647 somniis,'qua:
1129 5594 1193 5631 ea:
1225 5570 1490 5647 diuturnis
1520 5573 1813 5647 actionibus
1830 5591 2038 5628 earum-
2141 5572 2405 5647 reppulerit.
2441 5624 2446 5633 ,
2567 5640 2587 5647 _
2652 5643 2663 5647 _
2977 5643 2987 5647 _
3071 5570 3085 5573 ⁷
3124 5644 3135 5647 _
3244 5570 3261 5647 _'
3474 5580 3558 5647 -ρ

475 5657 575 5719 que
608 5642 850 5719 reliquiis
868 5640 1023 5719 noctu
1060 5665 1152 5718 per
1187 5642 1595 5719 quietem‘nobis
1628 5644 1920 5713 offeruntur
1944 5660 1961 5707 ;
1988 5654 2036 5699 et
2166 5640 2283 5719 ’⁷18
2310 5641 2519 5719 Contra
2553 5640 2866 5719 Judworum
2889 5643 3197 5719 calumnias
3221 5642 3283 5697 de
3312 5654 3433 5697 ortu
3461 5643 3710 5719 Christi:

474 5715 537 5765 de
574 5710 750 5769 studio
772 5710 1089 5775 sobrietatis,
1199 5710 1211 5719 '
1662 5710 1687 5713 ⁷⁷
2143 5713 2305 5783 deque
2345 5712 2729 5783 signiﬁcatione
2759 5714 3036 5785 particula:
3057 5714 3252 5779 donec,
3286 5731 3443 5768 auam
3473 5715 3603 5767 habe
3649 5710 3710 5768 in
