3924 6416
232 333 322 397 121
1288 382 1293 387 τ
1361 339 1929 400 PROLEGOMENA
1966 341 2166 400 EDIT.
2206 341 2449 400 PABIS.

228 448 390 501 sacris
421 447 687 522 Litteris,
712 449 865 519 Virgo
911 460 1081 505 mater
1113 452 1302 521 virgini
1340 454 1604 522 discipulo
1635 455 1787 507 auasi

231 530 531 572 testamento
561 519 761 574 Christi
796 523 1183 575 commendata.

300 590 365 642 19
391 587 601 642 Salutio
627 593 930 657 quas-tionis
958 606 976 643 :
1008 591 1117 646 Cur
1143 609 1243 645 non
1265 594 1424 646 etiam
1462 593 1649 647 Daniel
1678 610 1797 647 cum

230 659 394 730 tribus
416 662 579 730 sociis
620 663 779 712 simul
803 663 859 713 in
889 662 1157 729 fornacem
1183 664 1251 715 sit
1279 663 1563 730 conjectus.

296 729 368 780 20
400 728 504 792 Qui
543 729 759 783 Christo
790 728 895 784 non
930 733 1113 794 credit,
1140 735 1184 787 ei
1214 749 1305 785 nos
1334 728 1535 800 frustra
1576 732 1797 785 conabi-

228 815 346 849 mur
378 802 695 863 persuadere
725 817 803 853 res
832 817 1059 855 arcanas
1080 812 1129 855 et
1154 804 1404 856 calestes.

297 869 361 920 ‘31
408 867 612 922 Veteris
640 882 689 923 et
722 869 858 923 Novi
897 870 1214 925 Testamenti
1254 872 1467 925 collatio
1504 888 1625 925 cum
1657 873 1798 925 scri-

224 938 327 1008 ptis
366 940 669 1007 gentilium,
702 956 818 1008 qua
847 946 911 994 de
936 952 1129 994 natura
1159 945 1372 995 deorum
1398 952 1632 997 exstant.

292 1007 362 1059 22
389 1007 759 1078 Dehortatioa
788 1011 1071 1063 sacerdotii
1100 1012 1408 1078 cupiditate.

289 1078 361 1151 22)
390 1076 773 1151 interpretatio
804 1081 995 1134 locide
1024 1076 1383 1151 Primogenito
1412 1094 1617 1136 sancto.

287 1147 359 1220 ἓξ
385 1146 572 1220 S_acra
602 1150 821 1204 Littera
849 1146 1233 1220 religiose~sunt
1269 1154 1580 1206 tractanda.

290 1216 363 1271 25
395 1216 908 1293 Con_tra_solitaria
950 1216 1082 1293 fuitat
1121 1232 1453 1286 sectatorem,
1503 1223 1593 1293 qui
1622 1231 1797 1275 tamen

224 1289 707 1353 perturbationibus
730 1290 1042 1343 succumbit.

289 1356 359 1410 26
385 1358 699 1412 Admonitio
725 1361 789 1413 de
817 1362 1036 1413 crimine
1066 1358 1318 1416 Simonia
1345 1361 1580 1416 vitando.

290 1426 358 1478 27
388 1426 710 1501 Objurgatio
737 1430 1158 1501 hominisavari,
1182 1432 1306 1487 bene
1336 1432 1576 1501 alioquin
1601 1430 1796 1485 versati

227 1498 278 1548 in
298 1513 575 1551 sacrarum
608 1498 935 1553 Litterarum
962 1500 1199 1557 lectione.

291 1566 359 1639 ξε
387 1566 769 1621 Sacerdotium
809 1579 1047 1636 appetere
1084 1587 1186 1623 non
1213 1580 1290 1624 est
1326 1570 1582 1639 cujusvis.

288 1636 356 1689 29
380 1639 695 1692 Admonitio
720 1640 788 1692 de
816 1641 1048 1692 cavenda
1078 1640 1340 1695 Simonia.

295 1707 362 1780 ξς)
394 1708 707 1780 ᾼιιηιοηίιὶο
733 1710 796 1780 de
830 1709 993 1777 ofﬁcio
1024 1712 1332 1780 episcopali.

294 1776 351 1849 ξι
392 1778 707 1831 Admonitio
744 1779 808 1833 de
840 1776 1093 1833 brevitate
1141 1776 1509 1849 magistratus,
1558 1780 1790 1847 adeoque

234 1847 378 1899 totius
408 1850 659 1901 humana
683 1849 826 1911 vita,
855 1849 1085 1902 honestis
1109 1847 1403 1903 actionibus
1439 1853 1792 1903 extendendo.

292 1916 356 1967 52
382 1914 623 1970 Lucerna
652 1920 709 1970 in
732 1918 1048 1972 candelabro
1074 1929 1149 1973 est
1176 1922 1421 1974 sacerdos
1441 1922 1493 1972 in
1516 1920 1794 1973 cathedra.

292 1984 356 2038 33
377 1985 617 2040 Joannes
644 1986 895 2055 Baptista
926 1989 1111 2057 quibus
1144 1991 1294 2043 rebus
1318 1994 1660 2058 prastantior
1679 1988 1795 2057 fue-

232 2056 293 2108 rit
329 2057 617 2124 prophetis.

288 2125 612 2199 l’piJoannes
656 2126 906 2199 Baptista
952 2144 1054 2196 quo
1108 2129 1334 2182 consilio
1376 2129 1689 2199 legationem
1724 2125 1793 2179 ad

231 2193 486 2248 Christum
517 2193 745 2249 miserit.

294 2266 360 2320 35
389 2268 701 2318 Admonitio
738 2268 1073 2336 imperatoris
1117 2267 1398 2321 Theodosii
1438 2270 1500 2322 de
1544 2284 1787 2323 mansue-

233 2338 394 2407 tudine
430 2349 478 2390 et
509 2336 853 2407 eleemosynis
884 2339 1204 2390 exercendis.

296 2406 360 2458 56
396 2407 711 2459 Admonitio
747 2408 809 2460 de
832 2408 997 2476 ofﬁcio
1031 2408 1215 2461 aulici.

292 2476 355 2530 37
385 2476 697 2530 Oratorium
722 2492 787 2529 ex
816 2478 1019 2542 rapinis
1046 2494 1146 2529 non
1182 2478 1579 2544 adiﬁcandum.

293 2546 358 2618 58
385 2549 699 2599 Admonitio
733 2547 798 2601 de
835 2546 1067 2600 cavenda
1102 2547 1499 2618 abjiciendaque
1525 2547 1790 2601 sacerdoti

236 2615 438 2682 feritate.
473 2627 523 2669 et
560 2618 880 2669 assumenda
906 2618 1234 2670 humanitate
1274 2628 1323 2671 et
1363 2615 1785 2671 mansuetudine.

289 2687 350 2737 39
380 2686 559 2739 Etiam
588 2696 734 2750 tunc,
771 2688 983 2755 quando
1008 2688 1069 2739 ob
1098 2704 1261 2739 unum
1291 2689 1512 2757 irapium
1534 2697 1644 2741 tota
1674 2687 1788 2754 ple-

234 2757 375 2829 ctitur
398 2757 609 2829 civitas,
651 2773 750 2829 non
787 2758 848 2823 ﬁt
887 2757 1090 2825 injuria
1129 2760 1353 2824 cateris,
1390 2760 1542 2828 quasi
1574 2760 1787 2811 omnino

232 2828 509 2879 innocentes
546 2827 884 2893 punirentur.

290 2896 353 2947 40
379 2895 443 2966 In
470 2897 735 2949 hominem
764 2894 1132 2966 θρασύδειλοι).

292 2966 348 3018 41
385 2965 704 3035 Objurgatio
734 2965 979 3039 monachi
1015 2967 1327 3039 vagiuatque
1343 2966 1632 3039 instabilis,
1657 2985 1772 3039 pro-

228 3040 385 3103 posita
412 3039 608 3104 leporis
642 3045 690 3088 et
711 3036 818 3088 veri
845 3036 1085 3088 monachi
1118 3036 1571 3089 dissimilitudine.

287 3105 354 3158 42
380 3105 683 3174 Ine/rabilis
710 3109 835 3159 unio
859 3107 1189 3174 hypostatica
1219 3108 1446 3158 duarum
1473 3108 1528 3158 in
1562 3106 1778 3160 Christo

226 3184 528 3229 naturarum
589 3177 935 3245 praeﬁgurata
1004 3177 1111 3228 viso
1170 3176 1472 3246 prophetico
1536 3179 1778 3231 carbonis

227 3248 366 3315 igniti
394 3248 595 3315 forcipe
628 3246 1007 3312 comprehensi.

294 3317 358 3369 43
399 3316 581 3380 Quare
604 3317 941 3369 Abrahamus
979 3332 1184 3368 servum
1216 3332 1371 3368 suum
1398 3318 1616 3369 voluerit
1640 3317 1789 3384 jure-

223 3386 435 3452 futrando
465 3387 569 3440 sibi
592 3386 884 3455 astringere
903 3401 1065 3437 manu
1092 3387 1278 3452 femori
1303 3387 1572 3455 imposita.

284 3458 350 3509 44
386 3456 752 3524 Eleemosyna
780 3472 898 3507 cum
924 3456 1131 3523 judicio
1159 3460 1457 3523 eroganda.

283 3527 352 3597 45
380 3528 691 3580 Admonitio
724 3526 787 3578 de
824 3526 989 3597 officio
1012 3524 1315 3593 episcopali,
1342 3536 1391 3579 et
1415 3526 1539 3597 quid
1567 3526 1788 3578 denota-

224 3598 283 3649 rit
304 3596 530 3665 abjectio
556 3597 834 3649 laneorum
860 3596 1303 3648 vestimentorum.

282 3670 349 3720 46
374 3668 624 3720 Actiones
652 3666 885 3719 orationi
910 3665 1219 3733 copulanda
1252 3681 1315 3718 ac
1345 3665 1485 3720 velut
1521 3666 1786 3720 maritan-

220 3737 295 3791 δι’
311 3748 455 3791 sunt.

280 3809 344 3860 47
375 3807 687 3859 Admonitio
714 3806 780 3859 de
805 3815 1039 3874 pratum
1068 3813 1209 3857 recte
1247 3806 1496 3874 gerenda.

283 3878 351 3930 48
383 3877 670 3931 Tributum
727 3892 791 3929 ne
841 3875 1021 3929 clerici
1068 3874 1279 3944 quidem
1339 3879 1562 3945 pendere
1620 3883 1791 3935 detre—

221 3956 411 4001 etanta.

280 4021 349 4072 49
381 4016 635 4093 Monachi
662 4016 775 4093 suis
799 4014 1061 4093 _manibus
1104 4026 1383 4093 operantes
1423 4020 1618 4093 victum
1646 4038 1789 4093 quae-

221 4099 367 4142 rsnto
398 4086 639 4155 exentplo
668 4085 831 4138 Pauli
861 4096 911 4139 et
934 4100 1000 4138 ex
1024 4096 1285 4155 pracepto
1320 4087 1542 4143 Christi.

285 4160 351 4215 50
390 4157 557 4228 Virga
590 4172 755 4209 nucea
779 4156 912 4228 quid
942 4159 1148 4228 denotet
1168 4158 1308 4225 apud
1341 4156 1651 4214 Jeiemiam.

283 4230 344 4283 51
379 4229 457 4283 De
478 4225 604 4296 typo
644 4228 778 4300 ficus
806 4225 1100 4300 maledicta
1125 4243 1157 4279 a
1179 4228 1392 4300 Christo
1416 4240 1466 4283 et
1510 4232 1782 4300 arefacta.

283 4300 351 4354 52
380 4298 730 4351 Abstinentia
752 4313 787 4348 a
815 4297 944 4349 cibis
971 4312 1147 4350 causa
1166 4298 1485 4365 complures.

285 4370 352 4424 55
381 4368 642 4439 Mundam
660 4367 836 4435 fugere
858 4367 984 4435 quid
998 4369 1252 4439 sin-apud
1275 4368 1433 4421 Amos
1456 4370 1782 4439 prophetam.

284 4440 353 4495 54
384 4439 538 4493 Inter
567 4437 799 4490 Mariam
828 4446 1059 4510 matrem
1073 4435 1288 4510 Domini
1318 4448 1364 4490 et
1398 4435 1641 4510 Cybelem
1668 4458 1785 4495 ma-

222 4520 341 4564 trem
364 4513 587 4563 deorum
622 4516 882 4577 quantum
911 4507 981 4559 sit
1005 4508 1314 4564 discrimen.

277 4580 346 4635 55
370 4580 451 4634 De
480 4576 679 4632 honore
703 4576 940 4629 habendo
971 4577 1204 4647 reliquiis
1237 4587 1564 4643 sanctorum,
1606 4590 1664 4633 ut
1690 4595 1782 4647 per

220 4667 343 4720 quas
372 4651 518 4704 Deus
548 4648 718 4702 multa
749 4645 1067 4699 admiranda
1097 4664 1255 4716 opera
1292 4658 1485 4717 patret.
1512 4648 1671 4721 Conf.
1691 4645 1779 4719 ep.

222 4724 304 4775 lib.
338 4737 401 4775 ll.

276 4791 341 4846 56
363 4789 529 4843 Iuda
562 4787 831 4860 proditio_,_
851 4786 975 4839 licet
1015 4786 1256 4860 pravisa»
1284 4788 1664 4860 pradictaque,
1702 4790 1774 4843 ιε.

220 4861 335 4915 hera
362 4855 735 4930 tamen'fuit._
778 4855 922 4910 Nam
961 4858 1296 4930 prascientia
1347 4857 1446 4913 Dei
1500 4855 1781 4930 nona/fert

218 4933 482 4985 hominum
516 4927 814 4982 actionibus
845 4928 1225 4982 necessitatem.

282 5002 349 5056 57
377 5000 537 5053 Utres
570 4998 1023 5071 veteresﬂuinam
1053 4997 1178 5071 sint.
1226 4996 1447 5051 Piorum
1488 5008 1537 5052 et
1588 5000 1782 5071 impio-

220 5088 325 5125 rum
353 5071 650 5125 discrimen
679 5068 732 5121 in
763 5064 971 5134 Gaipha
992 5076 1041 5138 et
1075 5066 1234 5121 Petro
1263 5070 1625 5138 conspicuum.

278 5142 348 5196 58
370 5139 749 5210 Frugalitatisi
766 5137 1169 5210 commendatio.

281 5214 349 5267 59
382 5211 460 5264 De
485 5205 700 5271 peccato
732 5209 787 5261 in
831 5205 1089 5275 Spiritum
1126 5218 1369 5260 sanctum
1401 5208 1776 5265 irremissibili.

279 5284 349 5339 66
373 5282 616 5350 Spiritus
647 5289 862 5334 sanctus
884 5284 963 5331 est
990 5275 1131 5331 Deus
1158 5294 1176 5331 :
1207 5278 1345 5332 unde
1371 5288 1419 5331 et
1447 5279 1545 5334 Dei
1576 5281 1781 5352 digitus

219 5362 447 5408 vocatur.

284 5424 344 5478 61
384 5420 709 5489 Objurgatio
752 5415 1233 5489 hominis_ebriosi.
1282 5416 1355 5471 Et
1394 5419 1533 5487 quod
1577 5437 1679 5474 non
1712 5424 1781 5475 sit

224 5496 363 5552 satis,
400 5486 609 5559 scripta
649 5498 951 5543 sanctorum
988 5486 1175 5561 legere,
1212 5490 1316 5541 nisi
1354 5486 1463 5543 vita
1490 5507 1692 5561 quoque
1727 5502 1776 5546 et

226 5563 444 5618 moribus
470 5557 843 5629 exprimantur
866 5573 984 5629 qua
1013 5557 1313 5629 legerimus.

285 5634 351 5688 62
384 5627 743 5687 Inter—veram
784 5639 833 5683 et
882 5627 1077 5696 falsam
1129 5628 1479 5699 eloquentiam
1523 5640 1780 5701 quantum

229 5705 436 5760 intersit.

289 5772 580 5828 63Conlra
625 5771 845 5827 nimium
893 5769 1131 5822 studium
1171 5769 1445 5839 gentilium
1490 5771 1769 5828 historico-

3386 334 3485 400 122

1902 471 2018 507 rum
2078 466 2127 508 et
2183 465 2487 524 poetarum,
2557 451 2861 507 Christiano
2918 451 3127 505 homine
3184 450 3480 524 indignum.

1971 525 2041 578 64
2078 526 2155 578 De
2184 522 2532 592 ‘infrugiferis
2557 524 2833 576 arboribus
2877 525 3048 576 securi
3090 522 3479 577 exscindendis.

1974 594 2044 648 65
2076 600 2233 657 Area,
2260 594 2631 657 ventilabrum,
2674 595 2998 662 frumentum
3037 603 3083 646 et
3116 594 3357 644 horreum
3386 593 3469 644 al-

1900 663 2121 732 legorice
2152 666 2277 733 quid
2305 665 2573 733 denotent.

1972 735 2041 787 66
2072 734 2144 787 De
2164 732 2383 788 Christo
2412 751 2443 785 a
2464 732 2671 786 Joanne
2710 734 3003 801 baptizata.

1975 805 2040 857 67
2077 804 2153 856 De
2197 805 2397 856 illustri
2445 804 2798 873 patefactione
2837 801 3119 855 Trinitatis
3182 803 3239 853 in
3305 800 3480 871 bapti-

1898 883 2065 929 smate
2090 874 2306 927 Christi.

1965 943 2035 996 68
2088 943 2223 997 Vera
2256 943 2515 1005 expositio
2555 942 2687 996 dicti
2734 940 2934 997 Christi
2988 942 3052 995 de
3118 939 3326 994 Joanne
3367 938 3478 993 Bau

1935 1016 2082 1067 tista.

1897 1028 2373 1157 pugSIJaDehortatio
2404 1102 2436 1137 a
2472 1084 2619 1157 gula,
2665 1091 2727 1157 et‘
2757 1082 3061 1157 adhortatio
3106 1081 3175 1133 ad
3209 1079 3476 1157 jejunium

1896 1154 2186 1224 propositis
2216 1151 2494 1224 utriusque
2530 1155 2604 1207 rei
2626 1153 2958 1224 etfructibus
2992 1160 3041 1204 et
3061 1151 3335 1224 exemplis.

1974 1225 2040 1278 70
2074 1223 2142 1276 Et
2180 1226 2354 1277 ventri
2393 1222 2441 1278 et
2483 1223 2967 1295 perturbationibus
2998 1222 3163 1273 animi
3203 1222 3475 1289 imperan-

1899 1293 2047 1346 dunu

1973 1364 2031 1414 τί
2070 1362 2145 1415 De
2184 1363 2604 1429 sanctificatione
2653 1361 2912 1423 Sabbati,
2963 1370 3012 1414 et
3056 1375 3173 1429 qua
3214 1374 3373 1427 opera
3414 1358 3473 1412 in

1900 1432 2135 1488 Sabbato
2182 1433 2289 1485 sint
2337 1433 2607 1501 facienda,
2640 1450 2819 1502 nempe
2857 1448 2973 1501 qua
3017 1432 3211 1484 anima
3250 1431 3357 1483 sint
3387 1429 3472 1482 lu-

1898 1521 2069 1557 ενοδα.

1971 1573 2039 1625 72
2073 1572 2145 1625 De
2169 1587 2322 1640 opere
2353 1587 2628 1635 manuum,
2652 1581 2907 1641 quatenus
2953 1586 3045 1638 per
3070 1568 3124 1622 id
3173 1566 3467 1621 Sabbatum

1936 1655 2224 1695 rotanetur.

1897 1644 2224 1713 profanetur.

1965 1714 2033 1765 75
2061 1711 2171 1766 Cur
2222 1710 2359 1764 Dens
2416 1712 2577 1764 etiam
2624 1708 2818 1777 templa
2864 1726 2961 1762 sua
3012 1707 3233 1777 fulmine
3281 1707 3463 1776 feriat.

1976 1781 2046 1834 74
2082 1782 2156 1834 De
2177 1782 2599 1834 indumentorunt
2634 1780 2855 1832 vilitate.

1974 1852 2043 1905 75
2067 1850 2375 1905 Consolatio
2408 1850 2783 1903 tentationibus
2823 1852 3152 1917 opponenda.

1967 1922 2033 1975 76
2067 1922 2175 1973 Cur
2218 1921 2458 1975 Christus
2495 1921 2693 1989 lapides
2728 1921 2784 1972 in
2822 1935 2983 1989 panes
3035 1926 3332 1971 convertere
3366 1932 3467 1972 no-

1899 1993 2075 2046 luerit.

1969 2062 2036 2115 77
2072 2062 2146 2113 De
2172 2059 2475 2113 solitudinis
2508 2060 2662 2111 bono.

1967 2133 2034 2184 78
2061 2130 2138 2182 De
2173 2142 2375 2183 terrena
2398 2131 2590 2181 militia
2617 2145 2733 2181 cum
2765 2127 3032 2194 spirituali
3060 2125 3462 2181 commutanda.

1965 2201 2034 2255 79
2066 2200 2202 2252 Mali
2239 2201 2533 2253 sacerdotes
2572 2199 2959 2251 I’Itarisaorum
2982 2198 3202 2250 similes.

1958 2272 2027 2326 80
2066 2271 2211 2323 Dieti
2254 2270 2537 2338 evangelici
2584 2271 2647 2321 de
2678 2270 2983 2321 adversario
3012 2280 3058 2321 et
3090 2269 3195 2333 via,
3222 2278 3271 2320 et
3304 2284 3469 2338 expo-

1892 2342 2015 2395 sitio
2051 2357 2182 2392 nova
2218 2350 2265 2391 et
2298 2340 2450 2392 mira.
2754 2406 2757 2407 7
2984 2402 2989 2407 ξ

1965 2413 2026 2465 8|
2065 2410 2339 2477 Expositio
2381 2410 2511 2461 dicti
2542 2424 2607 2461 ex
2642 2406 2847 2476 psalmo
2891 2404 3016 2462 scin
3061 2424 3073 2461 :
3108 2426 3126 2457 ‹
3172 2404 3253 2459 Ne
3284 2408 3467 2463 adha-

1892 2490 2005 2533 reat
2046 2482 2139 2533 tibi
2187 2481 2331 2533 sedes
2365 2480 2661 2548 iniquitatis
2702 2479 2901 2547 [ingens
2953 2477 3188 2530 laborem
3231 2478 3288 2530 in
3326 2493 3469 2545 pra-

1862 2592 1870 2607 .
1891 2561 2057 2619 cepto.
2104 2570 2121 2599 ι

1954 2616 2021 2674 82
2047 2619 2253 2673 Salutio
2304 2618 2657 2671 dubitationis
2704 2633 2798 2669 cur
2831 2616 3100 2670 Israelita
3131 2616 3470 2685 Benjamini-

1892 2700 2067 2742 tarum
2094 2690 2466 2742 scortationem
2495 2690 2667 2739 ultum
2691 2697 2870 2739 euntes
2893 2689 2950 2740 in
2992 2686 3175 2739 Gabaa
3197 2690 3301 2739 sint
3332 2687 3464 2741 casi

1913 2759 2036 2813 Jml.
2076 2760 2189 2824 xx).
2580 2768 2593 2783 '
3162 2811 3169 2820 .

1891 2764 2036 2883 (“8%
2064 2764 2337 2895 iii-2222mm
2368 2826 2635 2895 allegoria
2664 2827 2726 2878 de
2751 2826 2902 2879 oculo
2939 2811 3169 2879 eruenda
3212 2836 3264 2879 et
3302 2842 3467 2880 manu

1888 2899 2075 2952 dextra
2104 2898 2456 2950 abscindenda
2487 2896 2909 2965 abjiciendaque.

1957 2970 2027 3022 84
2072 2968 2343 3035 Expositio
2393 2968 2635 3033 pracepti
2684 2964 2966 3036 evangelici
3006 2966 3070 3019 de
3116 2965 3265 3018 inani
3292 2964 3466 3035 gloria

1889 3056 1944 3092 in
1977 3040 2124 3091 bonis
2151 3038 2445 3090 actionibus
2482 3036 2730 3089 cavenda.

1953 3109 2025 3162 85
2058 3109 2338 3176 Expositio
2380 3109 2549 3159 tertia
2575 3106 2841 3175 petitionis
2882 3108 2937 3158 in
2975 3106 3214 3159 oratione
3264 3104 3458 3160 Domi—

1887 3196 2025 3232 nica.

1953 3249 2022 3301 86
2061 3247 2193 3300 Vera
2232 3248 2479 3300 nobilitas
2524 3256 2573 3298 et
2624 3246 2851 3314 felicitas
2884 3246 2935 3299 in
2970 3246 3163 3299 virtute
3189 3247 3460 3301 consistit.

1960 3320 2026 3372 87
2065 3318 2330 3385 Exemplis
2371 3318 2605 3378 docetur,
2661 3320 2821 3369 etiam
2872 3317 3098 3384 feminas
3134 3333 3286 3383 posse
3328 3316 3466 3385 affe-

1889 3398 2002 3442 ctus
2041 3405 2163 3441 suos
2210 3390 2426 3440 vincere.
2474 3388 2651 3450 Quare
2685 3387 2953 3439 muliebris
2999 3401 3154 3439 sexus
3182 3386 3465 3440 imbecilli-

1892 3469 1972 3511 tas
2008 3460 2231 3525 feminas
2265 3458 2375 3510 illis
2403 3456 2796 3510 succumbentes
2827 3473 2930 3509 non
2955 3467 3196 3510 excusat.

1960 3532 2028 3581 88
2056 3528 2254 3581 Contra
2275 3528 2555 3594 jactantia
2580 3528 2886 3579 vanitatent.

1961 3598 2029 3651 89
2058 3599 2129 3650 De
2168 3597 2447 3650 mulierum
2472 3596 2859 3665 congressibus,
2890 3606 2983 3649 aut
3018 3594 3463 3665 contemplatione

1890 3678 2026 3721 certe
2051 3668 2286 3721 vitanda.

1966 3741 2036 3792 90
2069 3738 2270 3793 Cantus
2296 3738 2618 3805 feminarum
2649 3738 2705 3789 in
2732 3736 2954 3790 ecclesia
2981 3753 3051 3789 an
3077 3735 3461 3805 permittendus

1889 3820 1980 3861 Sil.

1961 3877 2023 3932 9|
2055 3876 2395 3932 Collaudatio
2424 3876 2651 3930 hominis
2697 3877 3042 3942 continentis,
3074 3886 3123 3931 et
3166 3876 3237 3929 ad
3285 3890 3458 3944 perse-

1889 3950 2179 4002 verantiam
2211 3948 2533 4002 exhortatio.

1961 4018 2030 4071 92
2065 4018 2136 4070 De
2164 4020 2296 4070 veris
2323 4028 2371 4071 et
2405 4018 2558 4088 falsis
2598 4018 2889 4088 monachis.

1955 4089 2350 4163 93‘Admonitio
2393 4086 2798 4163 monachorum,
2850 4086 2934 4141 Ne
2974 4086 3128 4140 multi
3165 4087 3299 4155 ﬁant
3342 4101 3462 4139 ma-

1925 4171 2065 4214 ιδιη.

1891 4176 2065 4281 91892.
2091 4226 2364 4295 Expositio
2418 4226 2546 4279 dicti
2599 4226 2912 4294 Scriptura,
2995 4224 3160 4280 Hebr.
3210 4241 3284 4291 Iv,
3341 4226 3457 4280 15:

1900 4316 1917 4350 ι
1962 4298 2153 4351 Omnia
2178 4299 2321 4349 nuda
2342 4306 2390 4349 et
2412 4307 2591 4363 aperta
2622 4298 2785 4349 oculis
2812 4297 2944 4364 ejus.
2984 4316 3003 4347 ι

1964 4368 2033 4421 95
2062 4367 2137 4419 De
2160 4370 2338 4433 spinea
2369 4383 2583 4430 corona,
2612 4384 2711 4436 quo
2734 4368 3003 4435 spectarit.

1962 4439 2031 4492 96
2056 4437 2310 4490 Invitatio
2341 4437 2635 4506 philosophi
2669 4436 2899 4506 gentilis,
2928 4447 2985 4506 ut
3008 4452 3183 4490 veram
3226 4435 3461 4506 philoso-

1893 4510 2093 4576 phiam,
2134 4509 2189 4560 id
2237 4518 2314 4560 est
2344 4505 2830 4561 Christianismum
2854 4545 2869 4570 ,
2902 4505 3121 4575 abiectis
3170 4505 3459 4568 erroribus.

1887 4578 2260 4647 amplectatur.

1958 4644 2027 4703 97
2054 4648 2132 4700 De
2178 4648 2410 4714 Spiritus
2440 4648 2613 4700 sancti
2648 4663 2765 4699 cum
2813 4644 2976 4698 Patre
3005 4656 3053 4699 et
3090 4644 3235 4698 Filio
3272 4647 3466 4699 arctis-

1885 4719 2022 4771 sima
2056 4718 2440 4786 conjunctione,
2477 4734 2592 4785 qua
2628 4717 2706 4770 vel
2743 4732 2806 4768 ex
2849 4716 3016 4769 verbis
3042 4732 3303 4770 concessa
3333 4733 3464 4785 upo-

1885 4789 2034 4841 stolis
2065 4789 2291 4841 clavium
2330 4789 2603 4853 potestatis
2632 4797 2852 4856 apparet
2883 4789 3038 4840 satis.

1958 4862 2027 4913 98
2050 4858 2126 4911 De
2158 4858 2369 4926 injuriis
2401 4856 2706 4910 Christiano
2737 4858 2996 4924 patienter
3027 4856 3282 4925 ferendis.

1955 4930 2023 4984 99
2052 4929 2253 4983 Contra
2299 4944 2416 4980 eum
2467 4928 2558 4996 qui
2592 4928 2847 4994 superbit,
2884 4944 3001 4981 cum
3034 4926 3239 4979 nullam
3270 4926 3463 4980 habeat

1884 4998 2217 5067 superbiendi
2245 4998 2546 5051 materiam.

1956 5068 2063 5124 100
2095 5068 2369 5135 Refutatio
2396 5067 2649 5123 hareseos
2692 5066 2909 5121 Novati.

1954 5139 2049 5193 101
2108 5138 2448 5192 Collaudatio
2485 5139 2711 5190 hominis
2749 5140 2839 5206 qui
2877 5138 3001 5191 bene
3050 5137 3250 5205 capit;
3303 5146 3354 5189 et
3394 5136 3465 5187 ad

1884 5211 2333 5280 perseverantiam
2362 5210 2416 5259 in
2448 5210 2580 5280 bono
2612 5211 2929 5262 cohortatio.

1957 5280 2058 5333 102
2090 5278 2291 5332 Contra
2335 5279 2559 5331 haresin
2603 5280 2828 5331 .ilanetis
2862 5289 2909 5330 et
2942 5276 3172 5330 aliorum
3202 5277 3294 5345 qui
3325 5274 3465 5328 male

1881 5353 1945 5403 de
1971 5350 2175 5403 duabus
2211 5350 2266 5400 in
2295 5349 2508 5403 Christo
2548 5352 2753 5401 naturis
2786 5349 3039 5402 sentiunt.
3076 5346 3465 5400 liareticorunt

1882 5437 2002 5473 cum
2029 5418 2382 5488 piscatoribus
2410 5421 2756 5488 comparatio.

1954 5484 2059 5543 103
2092 5488 2268 5542 Trina
2307 5484 2642 5558 αὺηεθαίτοηὶ
2683 5488 2830 5542 Petri
2874 5487 3118 5556 opposita
3156 5486 3300 5539 trina
3356 5484 3467 5539 Do-

1881 5561 2011 5614 mini
2038 5561 2383 5628 interrogatio
2403 5571 2452 5613 et
2484 5559 2637 5613 Petri
2674 5559 2934 5612 assensio.

1954 5630 2055 5683 104
2085 5626 2468 5698 Episcopatum
2500 5641 2742 5699 appetere
2779 5644 2883 5682 non
2912 5636 2987 5699 est
3019 5626 3271 5699 cujusvis.

1951 5701 2053 5754 105
2097 5695 2177 5752 De
2224 5695 2385 5766 partu
2432 5695 2688 5768 viperino,
2725 5700 2811 5753 cui
2890 5716 2923 5753 α
2954 5696 3164 5752 Joanne
3221 5695 3471 5767 Baptista

1879 5769 2055 5827 Judai
2085 5780 2480 5841 comparantur.
