3924 6416
277 334 385 399 125

339 442 459 507 184
481 450 783 523 Admonitio
812 451 1039 523 hominis
1063 451 1235 521 impii,
1264 460 1324 505 ut
1353 454 1649 523 resipiscat,
1682 455 1727 509 si
1754 472 1856 509 non

269 519 401 585 Dei,
429 522 620 575 saltem
650 522 886 590 infamia:
915 532 1074 575 metu.

345 593 459 647 185
492 593 801 660 Objurgntio
834 592 1012 645 vitiosi
1043 592 1292 661 episcopi.

344 664 455 716 186
488 663 792 719 Cohortatio
838 664 907 716 ad
958 662 1333 717 liberalitatem
1381 665 1495 718 sine
1544 664 1859 717 curiositate

264 736 648 787 mrcendam.

349 805 458 858 187
491 802 571 857 Ob
609 802 939 855 sacerdotum
979 803 1379 874 improbitatem
1429 815 1583 874 atque
1632 802 1858 874 abusum

269 891 456 927 rerum
482 875 777 927 divinarum
805 889 909 927 non
952 872 1197 927 debemus
1219 876 1472 929 exercitia
1499 872 1856 928 liberalitatis

266 948 545 998 oaiittere.

345 1015 452 1068 188
482 1013 558 1067 De
586 1024 814 1067 extremo
834 1010 1063 1080 judicio,
1087 1015 1225 1080 quod
1253 1016 1368 1080 eius
1400 1024 1632 1084 respectu
1664 1014 1855 1067 debea-

266 1101 391 1139 mus
418 1101 517 1137 nos
541 1090 607 1137 ad
639 1085 862 1136 rationes
886 1084 1004 1154 vitta
1035 1095 1228 1136 nostra:
1257 1085 1364 1139 Deo
1404 1085 1694 1139 reddendas
1717 1102 1857 1154 pra:-

269 1172 622 1225 pararetnec
648 1153 1201 1225 paenitentiamnimis
1228 1155 1321 1207 diu
1346 1157 1628 1221 protelare.

346 1225 453 1279 189
494 1224 792 1294 Martyrum
828 1238 977 1275 verus
1016 1223 1181 1276 honor
1217 1235 1266 1276 et
1315 1226 1487 1279 cultus
1533 1246 1635 1281 non
1670 1229 1856 1283 tamin

272 1295 633 1349 oblationibus
676 1308 975 1356 munerum,
1004 1310 1161 1357 quam
1207 1295 1261 1347 in
1293 1312 1497 1350 morum
1550 1300 1857 1355 imitatione

275 1366 540 1420 consistit.

342 1436 449 1489 190
484 1434 885 1503 σοηψιεηάαιίο
921 1434 1057 1486 servi
1083 1433 1327 1504 fugitivi,
1358 1447 1475 1490 uta
1514 1439 1726 1493 domino
1760 1454 1855 1492 suo

280 1508 330 1560 in
356 1507 589 1573 gratiam
614 1506 920 1573 recipiatur.

379 1576 439 1629 91
476 1572 795 1643 Imploratio
833 1572 1027 1626 auxilii
1072 1585 1257 1627 contra
1290 1575 1550 1630 tumultus
1581 1578 1636 1630 in
1662 1579 1853 1631 solitu-

283 1648 392 1701 dine
416 1649 701 1699 excitatos.

351 1715 447 1769 192
484 1714 861 1787 Supplantatio
903 1712 1051 1768 Esau
1081 1734 1114 1769 a
1143 1714 1346 1769 Jacobo
1387 1716 1533 1785 facta
1556 1716 1683 1787 quid
1713 1717 1851 1771 alle-

283 1788 445 1859 ςοτίςς
468 1786 749 1859 signiﬁcet.

348 1856 445 1909 195
476 1856 711 1909 Jacobus
750 1857 974 1911 hasdinis
1012 1856 1234 1924 pellibus
1271 1865 1538 1909 contectus
1580 1856 1852 1911 Christum

284 1928 650 1997 prteﬁguravit,
689 1928 920 1980 huntana
939 1944 1096 1980 carne
1127 1926 1330 1996 peccati
1356 1938 1565 1995 experte
1584 1929 1849 1988 indutum,

284 2000 363 2067 qui
386 1998 526 2063 patri
554 2006 769 2064 gratum
799 1998 968 2050 orbum
996 1997 1206 2049 obtulit.

346 2067 462 2121 194.
497 2067 629 2132 Qui:
658 2069 730 2119 sit
762 2084 928 2121 causa
973 2068 1303 2121 zizaniorum
1338 2069 1442 2122 sive
1476 2068 1738 2121 malarum
1764 2086 1854 2121 co-

284 2138 585 2208 gitationum
619 2139 673 2190 in
708 2140 863 2191 corde
882 2138 1107 2191 hominis
1145 2140 1527 2192 exsistentium.

348 2209 443 2263 195
473 2208 585 2263 Cur
622 2208 761 2261 Deus
798 2211 987 2276 impios
1020 2225 1123 2260 non
1166 2211 1350 2262 statim
1387 2210 1572 2278 perdat
1599 2218 1647 2262 et
1671 2210 1849 2262 erudi-

283 2290 373 2342 cet,
405 2289 451 2332 et
479 2280 621 2348 quod
653 2281 830 2346 angeli
855 2280 1037 2348 futura
1062 2280 1321 2347 ignorent.

350 2350 443 2402 196
487 2349 564 2401 De
598 2350 750 2401 rebus
776 2351 841 2401 ab
870 2348 1160 2418 .tEgyptiis.
1195 2367 1284 2417 per
1324 2348 1600 2404 Israelitas
1635 2349 1849 2402 ablatis.

348 2420 438 2472 197
475 2418 779 2473 Ostentatio
801 2422 858 2472 in
894 2429 1028 2471 recte
1057 2420 1215 2487 factis
1244 2421 1459 2473 vitanda
1480 2430 1577 2473 est.

345 2490 441 2543 198
466 2489 577 2542 Cur
594 2488 973 2559 Egyptiorum
998 2506 1168 2543 mares
1196 2492 1251 2543 in
1276 2492 1410 2543 mari
1433 2491 1691 2543 submersi
1709 2490 1845 2543 sint:

282 2576 444 2628 nempe
471 2570 529 2631 ut
554 2560 667 2631 ha’c
698 2577 848 2627 poena
872 2570 1005 2613 esset
1046 2562 1283 2626 talionis,
1313 2560 1451 2631 quod
1480 2570 1529 2614 et
1563 2562 1663 2629 ipsi
1694 2571 1851 2613 antea

281 2647 436 2682 mares
466 2628 841 2683 lsraelitnrum
873 2631 1210 2682 occidissent.

342 2700 437 2754 199
464 2700 543 2754 De
566 2702 963 2769 comparatione
994 2701 1138 2769 regni
1167 2699 1417 2754 caelorum
1438 2716 1557 2752 cum
1585 2716 1750 2767 grano
1782 2700 1851 2752 si-

278 2788 437 2836 napis.

337 2841 437 2894 200
471 2840 548 2893 De
576 2840 695 2894 loco
726 2840 992 2910 propheta:
1016 2839 1298 2893 Malachia:
1328 2856 1388 2906 ιι,
1444 2841 1533 2904 15,
1589 2851 1643 2892 ut
1704 2840 1849 2893 acci-

272 2913 481 2979 piendas
509 2912 603 2964 sit.

334 2981 430 3034 201
468 2981 707 3050 Regnum
737 2979 833 3033 Dei
859 2978 1029 3033 simile
1054 2980 1327 3048 fermento.

331 3052 438 3105 202
479 3052 792 3105 Αάηιοηίιίο
837 3053 902 3101 de
938 3050 1317 3114 intempestivis
1354 3060 1511 3121 atque
1546 3052 1843 3105 immodicis

268 3122 643 3187 discipulorum
673 3121 917 3173 laudibus
946 3122 1191 3177 vitandis.

332 3192 439 3247 205
483 3193 793 3245 Dehortatio
824 3194 888 3243 ab
914 3192 1183 3244 ebrietate.

330 3264 439 3315 204
468 3262 704 3331 Regnum
738 3262 833 3314 Dei
874 3276 992 3312 cum
1024 3278 1218 3329 sagena
1242 3275 1627 3331 comparatum.

329 3332 440 3388 205
470 3333 712 3403 Regnum
750 3331 847 3403 Dei
878 3348 1084 3399 sugente
1109 3334 1304 3386 simile.

326 3404 435 3457 206
460 3402 775 3457 θείιεαιενε
802 3402 857 3453 in
888 3417 976 3453 ore
996 3404 1156 3471 piscis
1185 3417 1382 3470 reperto
1405 3421 1436 3456 a
1470 3403 1648 3468 Petro,
1667 3413 1715 3458 et
1749 3421 1849 3473 pro
1880 3440 1883 3447 -

258 3472 475 3528 Christo
506 3476 755 3541 depensa.

328 3546 437 3597 207
472 3542 793 3596 Similitudo
818 3558 1121 3610 puerorum,
1155 3544 1223 3597 ad
1268 3560 1427 3614 quant
1468 3542 1709 3598 Christus
1756 3561 1849 3599 nos

260 3625 433 3676 uocat.
464 3632 573 3683 qua
604 3615 661 3665 in
682 3630 735 3666 re
765 3616 1038 3667 consistat.

329 3686 441 3737 208
464 3685 775 3754 Admonitio
798 3685 861 3736 de
892 3685 1057 3753 oﬁicio
1088 3686 1451 3754 magistratus.

331 3755 441 3808 209
487 3753 556 3807 Ut
589 3755 791 3806 malum
814 3764 890 3809 est
920 3772 953 3806 a
981 3753 1213 3820 diabolo,
1243 3757 1317 3808 sic
1348 3754 1539 3808 bonum
1569 3771 1720 3808 omne
1745 3755 1850 3809 Deo

260 3835 541 3893 acceptum
573 3826 711 3892 ferre
741 3824 1007 3877 debemus.

332 3897 443 3949 210
474 3894 778 3963 Allegorica
801 3896 1062 3963 expositio
1096 3895 1298 3964 aliquot
1339 3897 1597 3949 dictorum
1650 3896 1850 3951 Christi

260 3968 319 4019 in
350 3966 606 4019 vaticinia
643 3968 707 4018 de
733 3975 966 4018 extremo
998 3966 1080 4018 die
1104 3967 1456 4034 prolatorum.

334 4038 437 4091 211
471 4034 744 4106 Quidnam
792 4036 1088 4105 significent
1130 4036 1409 4105 allegorice
1447 4046 1774 4106 praegnantes
1801 4046 1851 4091 et

262 4106 551 4174 lactantes,
576 4105 764 4174 quibus
787 4122 862 4159 rce
887 4123 919 4157 a
950 4106 1161 4160 Christo
1186 4106 1549 4159 denuntiatur.

334 4177 443 4230 212
477 4173 718 4229 Prii-mia
740 4189 875 4229 recte
893 4176 1159 4246 factorum
1198 4177 1256 4230 in
1284 4178 1450 4230 sacris
1486 4175 1701 4230 Litteris
1726 4194 1851 4246 pro-

265 4265 432 4301 missa
443 4288 457 4301 .

339 4318 448 4371 215
504 4316 756 4371 Monetur
803 4316 1016 4379 viduus,
1056 4326 1111 4368 ut
1157 4316 1258 4369 sibi
1298 4334 1329 4369 a
1366 4316 1605 4369 secundis
1654 4318 1851 4387 nuptiis

267 4398 473 4449 carent,
505 4399 553 4441 et
583 4388 932 4439 monasticam
960 4389 1135 4454 potius
1170 4388 1331 4440 vitam
1356 4388 1727 4455 amplectatur.

338 4458 444 4513 214
476 4456 720 4522 Imperiti
761 4459 825 4509 de
874 4457 1025 4509 rebus
1074 4457 1267 4510 divinis
1314 4459 1587 4525 disputare
1614 4475 1717 4510 non
1757 4459 1849 4512 de-

281 4528 417 4591 bent,
444 4545 507 4581 ne
538 4528 723 4595 religio
745 4528 799 4579 in
819 4537 1168 4595 eontemptum
1200 4544 1292 4595 per
1320 4543 1406 4579 eos
1436 4529 1755 4582 adducatur.

348 4599 456 4653 215
483 4598 790 4651 Αόιηοηίιὶο
822 4599 968 4650 avari
1011 4599 1258 4667 episcopi,
1293 4607 1351 4650 ut
1382 4598 1755 4652 liberalitatem
1799 4599 1853 4652 in

279 4684 531 4736 pauperes
562 4676 822 4720 exerceat.

340 4738 772 4862 2:6dRespondet
808 4738 857 4791 ei
885 4739 977 4807 qui
1009 4738 1254 4806 petierat,
1304 4737 1540 4791 tunicam
1574 4737 1673 4792 sibi
1715 4739 1857 4792 mitti

403 4828 448 4862 ει
493 4825 609 4861 oro.

272 4810 338 4861 ab
370 4809 609 4862 Isidoro.

339 4880 446 4933 217
470 4878 786 4933 Gratiarum
818 4879 956 4931 actio
986 4893 1081 4946 pro
1114 4877 1340 4931 vestibus
1375 4878 1608 4932 donatis.

341 4950 447 5005 218
502 4948 749 5013 Quatuor
798 4964 1003 5001 summa
1046 4950 1269 5017 imperia
1303 4949 1507 5002 Danieli
1567 4950 1623 5001 in
1658 4950 1859 5004 visione

273 5034 480 5075 ostensa
488 5061 501 5072 .

340 5090 448 5143 2I9
477 5089 554 5144 De
578 5104 715 5160 agno
733 5087 993 5156 paschali,
1026 5104 1121 5141 cur
1152 5086 1334 5141 Judtvi
1361 5090 1480 5158 igne
1510 5105 1691 5143 assum
1716 5106 1857 5142 com-

268 5161 507 5216 derunt.

341 5231 448 5285 220
474 5230 782 5283 Admonitio
815 5228 879 5281 de
903 5229 1068 5296 officio
1100 5229 1358 5282 monachi.

338 5301 440 5355 221
476 5298 621 5365 Quid
641 5301 739 5369 sit,
768 5315 862 5366 pro
893 5299 1129 5369 mortuis_
1144 5297 1427 5363 baptizari.
1464 5298 1740 5369 Expositio
1769 5301 1854 5353 di-

278 5374 347 5425 cti
382 5371 627 5431 Paulini,
652 5369 683 5423 Ι
711 5368 1069 5432 Corinth.xv,
1104 5367 1197 5421 29.

342 5442 452 5495 222
485 5440 567 5493 De
587 5441 796 5509 judicio
826 5440 881 5491 in
904 5442 1044 5493 vivos
1070 5448 1119 5491 et
1144 5449 1376 5492 mortuos
1407 5442 1713 5495 exercendo.
1742 5441 1854 5495 Viri

281 5521 323 5565 et
353 5512 551 5565 mortui
588 5511 759 5582 tribus
788 5510 956 5582 modis
981 5510 1169 5582 _a_ccipi
1222 5520 1458 5582 possunt.
1505 5510 1699 5582 Confer
1736 5511 1855 5566 Me-

282 5583 494 5636 Iliadum
524 5584 581 5634 in
610 5580 937 5633 Bibliotheca
968 5578 1167 5642 Photii,
1200 5578 1319 5650 pag.
1338 5580 1464 5637 495.

345 5653 450 5708 225
481 5650 789 5718 lncrepatio
818 5651 1088 5703 hominum
1110 5650 1523 5717 deploratorum.

345 5723 452 5778 224
480 5722 861 5778 Convalescens
891 5730 943 5774 et
970 5721 1026 5774 in
1049 5721 1155 5793 vita
1176 5722 1378 5793 diutius
1415 5738 1622 5779 manere
1639 5723 1848 5793 jussus,

288 5794 407 5861 petit
435 5811 489 5849 se
521 5795 682 5848 amici
714 5792 953 5863 precibus
980 5793 1049 5845 ad
1077 5790 1241 5845 Deum
1260 5791 1461 5860 juvari.

1412 342 1976 407 PROLEGOMENA
2016 348 2216 408 EDIT.
2262 350 2505 411 PARIS.

3432 348 3534 415 126

2034 458 2143 512 225
2172 458 2475 514 Cratulatio
2506 460 2849 529 magistratus
2878 462 2987 513 viro
3016 457 3149 513 bono
3181 459 3365 515 delati.

2034 529 2141 582 226
2174 529 2310 583 Boni
2328 529 2571 597 prtetoris
2602 531 3003 582 commendatio.

2031 599 2137 670 227
2166 598 2467 667 lncrepatio
2518 600 2791 653 insolentis
2848 611 3004 668 atque
3046 599 3172 653 elati
3209 599 3529 670 philosophi,

1959 669 2050 739 qui
2078 671 2281 722 Christi
2315 671 2473 739 fidem
2510 670 2682 737 fuerat
2707 670 2999 737 amplexus.

2027 738 2134 793 228
2166 738 2505 793 Eucharistia
2532 755 2693 807 quare
2715 740 2927 792 dicatur
2954 740 3282 794 Communia.

2027 810 2132 863 229
2172 810 2377 863 Salutio
2418 810 2744 881 quaestionis,
2801 826 2896 863 cur
2938 826 3038 863 non
3089 812 3285 881 quaevis
3333 811 3531 864 oblatio

1957 894 2233 931 munerum
2258 882 2423 947 prosit
2455 880 2717 947 offerenti.

2028 950 2133 1019 250
2157 950 2313 1003 Caini
2344 950 2540 1004 oblatio
2568 965 2661 1001 cur
2698 948 2800 1002 Deo
2829 949 2987 1016 fuerit
3020 950 3255 1019 ingrata.

2027 1018 2125 1073 251
2171 1019 2482 1090 Objurgatio
2516 1019 2740 1072 hominis
2765 1021 3051 1081 temerarii,
3076 1031 3122 1072 et
3152 1021 3220 1072 ad
3255 1019 3526 1072 meliorem

1956 1088 2159 1157 frugem
2189 1088 2465 1145 revocatio.

2025 1158 2132 1213 252
2164 1159 2469 1213 Admonitio
2494 1161 2557 1213 de
2580 1160 2757 1229 ofﬁcio
2788 1158 3127 1213 sacerdotali.

2024 1229 2133 1299 255
2165 1229 2476 1299 Objurgatio
2499 1232 2723 1283 hominis
2752 1230 2981 1283 crudelis
3019 1240 3068 1282 et
3099 1230 3456 1299 sanguinarii.

2025 1298 2133 1353 254
2156 1298 2470 1370 ijurgatio
2496 1301 2719 1353 hominis
2750 1300 3038 1353 libidinosi.

2024 1370 2132 1422 255
2170 1368 2411 1423 I’ettide
2441 1371 2649 1423 Christo
2680 1371 2937 1437 confessio
2975 1379 3049 1422 est
3082 1368 3225 1421 basis
3254 1378 3301 1421 et
3331 1368 3528 1437 funda-

1956 1450 2184 1491 mentum
2216 1440 2482 1494 Ecclesice.

2024 1510 2127 1562 256
2161 1508 2296 1562 Unio
2353 1516 2576 1564 duarum
2634 1520 2947 1563 naturarum
2996 1510 3051 1563 in
3116 1507 3331 1562 Christo
3382 1508 3529 1562 Petri

1956 1581 2279 1646 confessione
2306 1582 2694 1649 comprehensa.

2024 1650 2128 1702 257
2167 1650 2366 1703 lnvidis
2396 1662 2585 1718 parata
2618 1650 2879 1720 supplicia
2904 1660 2951 1703 et
2987 1651 3041 1702 in
3062 1650 3158 1702 hac
3186 1658 3234 1702 et
3262 1649 3317 1702 in
3352 1648 3527 1703 altera

1955 1720 2083 1773 vita.

2022 1789 2127 1843 258
2162 1788 2410 1843 Ecclesia:
2438 1800 2685 1858 perpetua
2713 1790 3057 1843 conservatio.

2024 1860 2130 1913 259
2166 1860 2238 1913 De
2264 1860 2460 1914 Christi
2498 1862 2548 1912 in
2580 1875 2753 1912 monte
2785 1860 3273 1927 trans/ﬁguratione.

2024 1930 2130 1982 240
2164 1928 2361 1997 Impias
2412 1932 2500 1982 diu
2543 1930 2730 1982 tolerat
2777 1930 2914 1982 Deus
2948 1930 3015 1980 ad
3053 1929 3411 1997 ptenitentiam
3439 1943 3525 1982 eos

1953 2001 2211 2066 patientia
2229 2017 2324 2053 sua
2359 2012 2663 2068 exspectans
2693 2009 2741 2051 et
2768 2002 3017 2052 invitans.

2024 2070 2122 2122 241
2156 2068 2327 2122 Filius
2359 2070 2450 2122 Dei
2478 2080 2765 2123 cowternus
2798 2068 2972 2132 Patri,
2995 2078 3181 2121 contra
3206 2070 3454 2123 Arianos.

2024 2138 2130 2191 242
2165 2140 2239 2193 De
2271 2143 2453 2194 lueresi
2483 2140 2743 2204 Montani,
2772 2156 2927 2208 quant
2951 2139 3089 2207 foeda
3108 2156 3169 2192 ac
3201 2136 3529 2193 detestabilis

1982 2210 2136 2262 uerit.

1955 2209 2136 2333 [⁸2⁷45
2161 2277 2449 2332 Montanus
2474 2280 2700 2331 mtrchns
2726 2279 3140 2349 manifestarius,
3168 2280 3354 2349 dignus
3381 2277 3527 2331 scili-

1955 2360 2033 2402 cet
2062 2350 2273 2402 habitus
2292 2391 2305 2411 ,
2335 2350 2483 2417 cujus
2526 2350 2771 2419 beneﬁcio
2816 2348 3047 2419 Spiritus
3082 2360 3296 2403 sanctus
3324 2359 3527 2401 morta-

1952 2421 2083 2473 lium
2118 2422 2291 2489 generi
2327 2421 2671 2487 conferretur.

2023 2490 2128 2543 244
2161 2490 2282 2542 Non
2310 2492 2528 2558 quodvis
2546 2490 2813 2559 jejunium
2836 2489 3067 2557 prodest.

2020 2560 2129 2613 245
2168 2560 2581 2614 Manichworum
2624 2562 2783 2629 juxta
2830 2576 2948 2613 cum
2992 2559 3334 2613 Montanistis
3386 2561 3528 2612 dete-

1954 2631 2139 2684 statio.

2022 2700 2127 2752 246
2156 2700 2441 2753 Detestotio
2463 2700 2723 2754 litereseon
2753 2700 2870 2753 Arii
2896 2708 2944 2754 et
2973 2698 3239 2754 Eunomii.

2027 2771 2131 2823 247
2168 2770 2364 2824 Contra
2399 2772 2637 2825 hwresim
2670 2770 2910 2824 Sabellii.

2020 2840 2126 2894 248
2152 2839 2357 2895 Salutio
2394 2842 2700 2910 quazstionis
2734 2842 2796 2894 de
2823 2843 3022 2895 oriente
3056 2850 3103 2895 et
3142 2856 3354 2893 occasu.

1993 2910 2128 2991 _249
2167 2910 2325 2966 Calis:
2358 2907 2690 2981 aﬂiictionem
2723 2912 2988 2981 signiﬁcat
3040 2914 3094 2965 in
3140 2911 3311 2964 sacris
3356 2907 3527 2963 Litte-

1956 2997 2054 3035 H8.

1955 3121 1984 3174 ὁ
2024 3050 2131 3105 250
2164 3051 2392 3117 Querela
2439 3052 2503 3105 de
2547 3051 2858 3121 corruptelis
2885 3053 2938 3105 in
2974 3052 3212 3107 Ecclesia
3231 3048 3528 3121 grassanti-

1992 3139 2071 3174 us.

1992 3139 2071 3175 us.

2024 3192 2121 3245 251
2165 3191 2237 3245 De
2270 3200 2403 3245 veste
2438 3191 2661 3245 Christi.

2023 3262 2130 3317 252
2162 3262 2235 3315 De
2256 3265 2367 3317 velo
2398 3264 2573 3328 templi
2599 3264 2654 3315 in
2680 3264 2924 3330 passione
2960 3262 3171 3315 Domini
3194 3262 3383 3314 scisso.

2024 3333 2129 3387 255
2164 3331 2538 3403 Demiraculis
2583 3329 2918 3403 quibusdam,
2944 3350 3060 3403 qua:
3090 3335 3142 3386 in
3188 3329 3528 3399 cruciﬁxione

1951 3411 2000 3457 et
2030 3414 2195 3456 morte
2218 3402 2419 3457 Christi
2441 3402 2735 3457 evenerunt.

2022 3473 2129 3528 254
2165 3472 2370 3527 Salutio
2404 3473 2711 3543 quaestionis
2734 3516 2750 3539 ,
2779 3490 2872 3526 cur
2892 3483 3053 3540 petrae
3084 3490 3165 3526 res
3197 3471 3525 3533 inanimatw,

1951 3559 2101 3598 eteste
2131 3546 2405 3613 scissteque
2426 3545 2533 3597 sint
2574 3545 2627 3597 in
2665 3546 2906 3613 passione
2926 3543 3145 3598 Christi.

2022 3613 2129 3667 255
2161 3609 2414 3667 Latrones
2454 3614 2558 3667 duo
2592 3609 2697 3667 una
2725 3630 2843 3666 cum
2878 3613 3088 3669 Christo
3126 3610 3372 3682 cruciﬁxi
3400 3609 3526 3680 quid

1954 3686 2183 3753 mystice
2199 3685 2521 3738 denotarint.

2021 3747 2128 3808 256
2167 3747 2277 3809 Cur
2311 3755 2513 3807 medius
2553 3754 2689 3807 inter
2721 3754 2853 3807 duos
2903 3753 3133 3808 latrones
3167 3752 3387 3822 pendere
3436 3767 3527 3803 vo-

1952 3824 2108 3877 luerit
2136 3824 2403 3879 Christus.

2023 3894 2130 3949 257
2164 3894 2231 3949 Ut
2262 3897 2356 3948 luti:
2388 3895 2559 3963 major
2597 3896 2842 3949 obscurat
2883 3896 3159 3958 minorem,
3201 3893 3275 3945 sic
3322 3889 3529 3963 Zacha—

1953 3966 2065 4018 rias
2098 3966 2165 4018 ad
2196 3966 2441 4017 nuntium
2472 3962 2537 4019 de
2566 3969 2845 4033 prodromo
2875 3966 3075 4021 Christi
3102 3962 3386 4018 obmutuit.

2022 4036 2127 4089 258
2170 4035 2447 4088 Moderata
2491 4036 2671 4089 labore
2711 4037 2983 4090 exercendi
3036 4046 3156 4089 sunt
3204 4043 3431 4102 tyrones,
3480 4039 3528 4083 et

1950 4105 2211 4174 paulatim
2244 4106 2313 4158 ad
2337 4106 2581 4176 graviora
2609 4108 2822 4176 ferenda
2848 4106 3259 4176 assuefacientli.

2023 4176 2304 4247 2597Dicti
2333 4175 2560 4231 Joannis
2584 4175 2913 4247 evangelista:
2944 4194 3057 4244 cap.
3088 4175 3188 4229 ult.
3219 4189 3350 4226 nova
3371 4185 3530 4239 expo-

1951 4247 2098 4300 sitio.
2133 4246 2303 4300 llomo
2334 4246 2728 4302 microcosmus.

2020 4316 2127 4371 260
2163 4317 2465 4369 Admonitio
2496 4336 2557 4371 ne
2582 4318 2885 4371 adolescens
2928 4332 3021 4369 sno
3065 4314 3333 4368 arbitratu
3365 4313 3528 4373 vivat,

1951 4387 2039 4442 sed
2063 4387 2352 4440 senioribus
2381 4405 2434 4441 se
2464 4392 2738 4441 submittat
2768 4388 3187 4457 gubernandum.

2035 4457 2134 4510 261
2174 4457 2490 4527 Improbitas
2534 4452 2788 4529 fugienda
2807 4461 2853 4511 ei
2893 4459 2982 4528 qui
3012 4457 3118 4509 Deo
3151 4464 3199 4508 et
3232 4452 3530 4507 hominibus

1956 4528 2148 4582 chorus
2180 4544 2288 4581 esse
2310 4529 2449 4582 velit.

2028 4598 2134 4651 262
2166 4596 2388 4661 Querela
2418 4600 2480 4653 de
2512 4599 2653 4652 mala
2680 4599 2905 4665 episcopi
2943 4596 3423 4649 administratione.

2028 4669 2135 4723 265
2168 4669 2483 4739 Ubjnrgatio
2513 4670 2737 4739 improbi
2766 4670 2998 4722 diaconi.

2031 4740 2134 4791 264
2186 4736 2493 4793 Admonitio
2549 4736 2612 4794 de
2676 4741 2871 4793 caelesti
2942 4748 3218 4791 armatura
3281 4736 3531 4789 adversus

1958 4810 2159 4863 hostem
2201 4809 2467 4863 diabolum
2499 4810 3145 4879 comparanda,.avari:ia
3171 4819 3231 4866 £1
3270 4807 3534 4882 119413433

1957 4882 2146 4934 vitata.

2028 4950 2135 5003 265
2171 4948 2471 5019 lncrepatio
2501 4950 2843 5020 superbientis
2885 4951 2947 5006 ob
2979 4953 3211 5022 corporis
3245 4954 3535 5017 procerita-

1960 5030 2082 5075 tem.

2028 5090 2132 5144 266
2157 5089 2449 5144 Consilium
2479 5091 2540 5143 de
2565 5090 2889 5161 assequenda
2911 5092 3249 5160 perfectione.

2028 5161 2130 5212 267
2162 5161 2235 5214 De
2261 5161 2462 5228 duplici
2494 5170 2639 5214 statu
2668 5166 2863 5216 animt?
2892 5175 3009 5230 post
3042 5174 3281 5216 mortem.

2029 5231 2136 5284 268
2174 5230 2432 5299 Discipuli
2463 5231 2662 5286 Christi
2705 5233 2895 5302 quibus
2928 5234 3092 5287 armis
3130 5232 3405 5285 victoriam
3448 5249 3533 5286 re-

1994 5302 2244 5355 ortarint.

1955 5318 2483 5424 Ροὲἕᾶυὲξίιηοηὶιὶο
2518 5370 2582 5423 de
2627 5371 2842 5425 vitanda
2876 5372 3106 5424 avaritia
3138 5372 3532 5441 rapacitateque

1957 5440 2211 5494 bonorum
2240 5441 2712 5494 ecclesiasticarum
2735 5482 2748 5504 ,
2782 5455 2829 5495 et
2870 5458 3001 5494 cura
3034 5458 3322 5510 pauperum
3358 5440 3526 5496 susci-

1953 5513 2146 5582 pienda
2172 5512 2242 5564 ad
2264 5528 2392 5582 quos
2425 5512 2559 5564 bona
2585 5513 2943 5582 ecclesiastica
2979 5517 3262 5579 pertinent.
3352 5538 3353 5543 η

2024 5581 2130 5636 270
2163 5579 2492 5635 Ethnicismo
2528 5582 2725 5635 abolito
2766 5579 3205 5636 Christianismus
3247 5598 3337 5650 per
3360 5591 3529 5636 totum

1954 5652 2131 5705 orbem
2187 5663 2448 5706 terrarum
2500 5652 2799 5719 praevaluit.
2846 5650 3205 5721 Conferendus
3267 5651 3527 5706 Minatius

1954 5722 2114 5776 Felix
2142 5723 2196 5775 in
2235 5720 2475 5783 Octavio.
2506 5732 2555 5775 et
2594 5722 2943 5777 Theodoretus
2964 5720 2969 5721 ν
2991 5723 3064 5777 De
3092 5722 3413 5778 Crwcanicis
3443 5724 3532 5793 af-

1956 5793 2268 5864 fectionibus
2292 5793 2562 5847 curandis.
