  <div class='ocr_page' id='page_1' title='image "/cluster/home/n/w/nwhite01/storage/ocr_20150623/78/nnc1.0046980008/079.png"; bbox 0 0 3924 6416; ppageno 0'>
   <div class='ocr_carea' id='block_1_1' title="bbox 454 331 557 395">
    <p class='ocr_par' dir='ltr' id='par_1_1' title="bbox 454 331 557 395">
     <span class='ocr_line' id='line_1_1' title="bbox 454 331 557 395; baseline 0 0"><span class='ocrx_word' id='word_1_1' title='bbox 454 331 557 395; x_wconf 86' lang='grc'><strong><em>127</em></strong></span> 
     </span>
    </p>
   </div>
   <div class='ocr_carea' id='block_1_2' title="bbox 523 441 2021 513">
    <p class='ocr_par' dir='ltr' id='par_1_2' title="bbox 523 441 2021 513">
     <span class='ocr_line' id='line_1_2' title="bbox 523 441 2021 513; baseline 0.001 -18"><span class='ocrx_word' id='word_1_2' title='bbox 523 442 646 513; x_wconf 82' lang='grc'>271.</span> <span class='ocrx_word' id='word_1_3' title='bbox 684 441 824 498; x_wconf 80' lang='lat' dir='ltr'><strong><em>Vitia</em></strong></span> <span class='ocrx_word' id='word_1_4' title='bbox 845 443 1047 497; x_wconf 89' lang='lat' dir='ltr'><strong><em>homini</em></strong></span> <span class='ocrx_word' id='word_1_5' title='bbox 1067 458 1170 496; x_wconf 93' lang='lat' dir='ltr'><strong><em>non</em></strong></span> <span class='ocrx_word' id='word_1_6' title='bbox 1198 442 1366 513; x_wconf 88' lang='lat' dir='ltr'><strong><em>inesse</em></strong></span> <span class='ocrx_word' id='word_1_7' title='bbox 1387 459 1476 510; x_wconf 90' lang='lat' dir='ltr'><strong><em>per</em></strong></span> <span class='ocrx_word' id='word_1_8' title='bbox 1505 452 1774 499; x_wconf 80' lang='lat' dir='ltr'><strong><em>naturam.</em></strong></span> <span class='ocrx_word' id='word_1_9' title='bbox 1827 444 2021 513; x_wconf 80' lang='lat' dir='ltr'><strong><em>Confer</em></strong></span> 
     </span>
    </p>
   </div>
   <div class='ocr_carea' id='block_1_3' title="bbox 452 512 2025 583">
    <p class='ocr_par' dir='ltr' id='par_1_3' title="bbox 452 512 2025 583">
     <span class='ocr_line' id='line_1_3' title="bbox 452 512 2025 583; baseline 0.003 -19"><span class='ocrx_word' id='word_1_10' title='bbox 452 512 600 579; x_wconf 87' lang='lat' dir='ltr'><strong><em>infra</em></strong></span> <span class='ocrx_word' id='word_1_11' title='bbox 632 530 712 581; x_wconf 88' lang='lat' dir='ltr'><strong><em>ep.</em></strong></span> <span class='ocrx_word' id='word_1_12' title='bbox 758 513 883 577; x_wconf 89' lang='lat'><strong>505,</strong></span> <span class='ocrx_word' id='word_1_13' title='bbox 926 530 1042 583; x_wconf 79' lang='lat' dir='ltr'><strong><em>qua:</em></strong></span> <span class='ocrx_word' id='word_1_14' title='bbox 1079 514 1178 565; x_wconf 91' lang='lat' dir='ltr'><strong><em>hac</em></strong></span> <span class='ocrx_word' id='word_1_15' title='bbox 1213 523 1288 566; x_wconf 91' lang='lat' dir='ltr'><strong><em>est</em></strong></span> <span class='ocrx_word' id='word_1_16' title='bbox 1315 512 1516 579; x_wconf 80' lang='lat' dir='ltr'><strong><em>plenior</em></strong></span> <span class='ocrx_word' id='word_1_17' title='bbox 1546 516 1722 583; x_wconf 90' lang='lat' dir='ltr'><strong><em>:sicut</em></strong></span> <span class='ocrx_word' id='word_1_18' title='bbox 1754 517 1915 568; x_wconf 89' lang='lat' dir='ltr'><strong><em>etiam</em></strong></span> <span class='ocrx_word' id='word_1_19' title='bbox 1943 512 2025 568; x_wconf 12' lang='lat' dir='ltr'><strong><em>fin</em></strong></span> 
     </span>
    </p>
   </div>
   <div class='ocr_carea' id='block_1_4' title="bbox 458 582 1799 652">
    <p class='ocr_par' dir='ltr' id='par_1_4' title="bbox 458 582 1799 652">
     <span class='ocr_line' id='line_1_4' title="bbox 458 582 1799 652; baseline 0.001 -18"><span class='ocrx_word' id='word_1_20' title='bbox 458 599 557 636; x_wconf 87' lang='lat' dir='ltr'><strong><em>ms.</em></strong></span> <span class='ocrx_word' id='word_1_21' title='bbox 593 584 709 635; x_wconf 91' lang='lat' dir='ltr'><strong><em>cod.</em></strong></span> <span class='ocrx_word' id='word_1_22' title='bbox 742 582 943 637; x_wconf 81' lang='lat' dir='ltr'><strong><em>Bavar.</em></strong></span> <span class='ocrx_word' id='word_1_23' title='bbox 968 584 1077 637; x_wconf 65' lang='lat' dir='ltr'><strong><em>haec</em></strong></span> <span class='ocrx_word' id='word_1_24' title='bbox 1105 583 1273 636; x_wconf 89' lang='lat' dir='ltr'><strong><em>altero</em></strong></span> <span class='ocrx_word' id='word_1_25' title='bbox 1299 592 1445 635; x_wconf 90' lang='lat' dir='ltr'><strong><em>tanto</em></strong></span> <span class='ocrx_word' id='word_1_26' title='bbox 1466 593 1540 635; x_wconf 90' lang='lat' dir='ltr'><strong><em>est</em></strong></span> <span class='ocrx_word' id='word_1_27' title='bbox 1571 582 1799 652; x_wconf 82' lang='lat' dir='ltr'><strong><em>longior.</em></strong></span> 
     </span>
    </p>
   </div>
   <div class='ocr_carea' id='block_1_5' title="bbox 525 652 2023 722">
    <p class='ocr_par' dir='ltr' id='par_1_5' title="bbox 525 652 2023 722">
     <span class='ocr_line' id='line_1_5' title="bbox 525 652 2023 722; baseline 0.003 -17"><span class='ocrx_word' id='word_1_28' title='bbox 525 653 631 705; x_wconf 89' lang='lat'><strong>272</strong></span> <span class='ocrx_word' id='word_1_29' title='bbox 667 653 818 718; x_wconf 86' lang='lat' dir='ltr'><strong><em>Quod</em></strong></span> <span class='ocrx_word' id='word_1_30' title='bbox 856 654 1054 722; x_wconf 89' lang='lat' dir='ltr'><strong><em>primus</em></strong></span> <span class='ocrx_word' id='word_1_31' title='bbox 1092 653 1265 706; x_wconf 85' lang='lat' dir='ltr'><strong><em>Adam</em></strong></span> <span class='ocrx_word' id='word_1_32' title='bbox 1295 652 1547 722; x_wconf 82' lang='lat' dir='ltr'><strong><em>perdidit,</em></strong></span> <span class='ocrx_word' id='word_1_33' title='bbox 1582 653 1841 707; x_wconf 87' lang='lat' dir='ltr'><strong><em>secundus</em></strong></span> <span class='ocrx_word' id='word_1_34' title='bbox 1870 656 2023 710; x_wconf 85' lang='lat' dir='ltr'><strong><em>resti-</em></strong></span> 
     </span>
    </p>
   </div>
   <div class='ocr_carea' id='block_1_6' title="bbox 456 724 578 779">
    <p class='ocr_par' dir='ltr' id='par_1_6' title="bbox 456 724 578 779">
     <span class='ocr_line' id='line_1_6' title="bbox 456 724 578 779; baseline -0.041 0"><span class='ocrx_word' id='word_1_35' title='bbox 456 724 578 779; x_wconf 87' lang='lat' dir='ltr'><strong><em>tuit.</em></strong></span> 
     </span>
    </p>
   </div>
   <div class='ocr_carea' id='block_1_7' title="bbox 524 790 1206 847">
    <p class='ocr_par' dir='ltr' id='par_1_7' title="bbox 524 790 1206 847">
     <span class='ocr_line' id='line_1_7' title="bbox 524 790 1206 847; baseline -0.004 -1"><span class='ocrx_word' id='word_1_36' title='bbox 524 793 631 847; x_wconf 80' lang='lat'><strong><em>275</em></strong></span> <span class='ocrx_word' id='word_1_37' title='bbox 661 793 738 846; x_wconf 92' lang='lat' dir='ltr'><strong><em>De</em></strong></span> <span class='ocrx_word' id='word_1_38' title='bbox 765 810 883 847; x_wconf 91' lang='lat' dir='ltr'><strong><em>vero</em></strong></span> <span class='ocrx_word' id='word_1_39' title='bbox 912 793 1008 847; x_wconf 98' lang='lat' dir='ltr'><strong><em>Dei</em></strong></span> <span class='ocrx_word' id='word_1_40' title='bbox 1040 790 1206 844; x_wconf 84' lang='lat' dir='ltr'><strong><em>cultu.</em></strong></span> 
     </span>
    </p>
   </div>
   <div class='ocr_carea' id='block_1_8' title="bbox 522 860 1842 930">
    <p class='ocr_par' dir='ltr' id='par_1_8' title="bbox 522 860 1842 930">
     <span class='ocr_line' id='line_1_8' title="bbox 522 860 1842 930; baseline -0.002 -13"><span class='ocrx_word' id='word_1_41' title='bbox 522 864 628 917; x_wconf 82' lang='grc'><strong><em>274</em></strong></span> <span class='ocrx_word' id='word_1_42' title='bbox 660 864 857 917; x_wconf 88' lang='lat' dir='ltr'><strong><em>Contra</em></strong></span> <span class='ocrx_word' id='word_1_43' title='bbox 882 880 1066 917; x_wconf 87' lang='lat' dir='ltr'><strong><em>vanam</em></strong></span> <span class='ocrx_word' id='word_1_44' title='bbox 1096 862 1363 930; x_wconf 83' lang='lat' dir='ltr'><strong><em>fugacium</em></strong></span> <span class='ocrx_word' id='word_1_45' title='bbox 1386 877 1540 929; x_wconf 91' lang='lat' dir='ltr'><strong><em>opum</em></strong></span> <span class='ocrx_word' id='word_1_46' title='bbox 1570 860 1842 930; x_wconf 81' lang='lat' dir='ltr'><strong><em>fiduciam.</em></strong></span> 
     </span>
    </p>
   </div>
   <div class='ocr_carea' id='block_1_9' title="bbox 524 931 2019 1002">
    <p class='ocr_par' dir='ltr' id='par_1_9' title="bbox 524 931 2019 1002">
     <span class='ocr_line' id='line_1_9' title="bbox 524 931 2019 1002; baseline -0.001 -16"><span class='ocrx_word' id='word_1_47' title='bbox 524 932 631 986; x_wconf 89' lang='lat'><strong><em>275</em></strong></span> <span class='ocrx_word' id='word_1_48' title='bbox 665 933 863 987; x_wconf 90' lang='lat' dir='ltr'><strong><em>Contra</em></strong></span> <span class='ocrx_word' id='word_1_49' title='bbox 894 935 1168 1002; x_wconf 85' lang='lat' dir='ltr'><strong><em>ingratum</em></strong></span> <span class='ocrx_word' id='word_1_50' title='bbox 1197 948 1258 984; x_wconf 91' lang='lat' dir='ltr'><strong><em>ac</em></strong></span> <span class='ocrx_word' id='word_1_51' title='bbox 1275 932 1575 1000; x_wconf 87' lang='lat' dir='ltr'><strong><em>degenerem</em></strong></span> <span class='ocrx_word' id='word_1_52' title='bbox 1597 931 1795 1001; x_wconf 86' lang='lat' dir='ltr'><strong><em>reipub.</em></strong></span> <span class='ocrx_word' id='word_1_53' title='bbox 1837 931 2019 986; x_wconf 86' lang='lat' dir='ltr'><strong><em>alum—</em></strong></span> 
     </span>
    </p>
   </div>
   <div class='ocr_carea' id='block_1_10' title="bbox 454 1020 601 1059">
    <p class='ocr_par' dir='ltr' id='par_1_10' title="bbox 454 1020 601 1059">
     <span class='ocr_line' id='line_1_10' title="bbox 454 1020 601 1059; baseline -0.007 -1"><span class='ocrx_word' id='word_1_54' title='bbox 454 1020 601 1059; x_wconf 86' lang='lat' dir='ltr'><strong><em>num.</em></strong></span> 
     </span>
    </p>
   </div>
   <div class='ocr_carea' id='block_1_11' title="bbox 523 1067 1821 1142">
    <p class='ocr_par' dir='ltr' id='par_1_11' title="bbox 523 1067 1821 1142">
     <span class='ocr_line' id='line_1_11' title="bbox 523 1067 1821 1142; baseline -0.002 -14"><span class='ocrx_word' id='word_1_55' title='bbox 523 1073 628 1128; x_wconf 72' lang='grc'><strong><em>276</em></strong></span> <span class='ocrx_word' id='word_1_56' title='bbox 654 1074 853 1127; x_wconf 89' lang='lat' dir='ltr'><strong><em>Contra</em></strong></span> <span class='ocrx_word' id='word_1_57' title='bbox 888 1088 1045 1142; x_wconf 92' lang='lat' dir='ltr'><strong><em>opum</em></strong></span> <span class='ocrx_word' id='word_1_58' title='bbox 1075 1079 1124 1123; x_wconf 94' lang='lat' dir='ltr'><strong><em>et</em></strong></span> <span class='ocrx_word' id='word_1_59' title='bbox 1158 1069 1328 1137; x_wconf 86' lang='lat' dir='ltr'><strong><em>inanis</em></strong></span> <span class='ocrx_word' id='word_1_60' title='bbox 1362 1067 1541 1142; x_wconf 69' lang='lat' dir='ltr'><strong><em>gloriae</em></strong></span> <span class='ocrx_word' id='word_1_61' title='bbox 1563 1070 1821 1126; x_wconf 88' lang='lat' dir='ltr'><strong><em>studium.</em></strong></span> 
     </span>
    </p>
   </div>
   <div class='ocr_carea' id='block_1_12' title="bbox 523 1139 1596 1209">
    <p class='ocr_par' dir='ltr' id='par_1_12' title="bbox 523 1139 1596 1209">
     <span class='ocr_line' id='line_1_12' title="bbox 523 1139 1596 1209; baseline -0.004 -11"><span class='ocrx_word' id='word_1_62' title='bbox 523 1144 630 1198; x_wconf 92' lang='lat'><strong>277</strong></span> <span class='ocrx_word' id='word_1_63' title='bbox 661 1142 859 1198; x_wconf 90' lang='lat' dir='ltr'><strong><em>Contra</em></strong></span> <span class='ocrx_word' id='word_1_64' title='bbox 891 1139 1195 1196; x_wconf 76' lang='lat' dir='ltr'><strong><em>ebrietatem</em></strong></span> <span class='ocrx_word' id='word_1_65' title='bbox 1222 1150 1271 1192; x_wconf 90' lang='lat' dir='ltr'><strong><em>et</em></strong></span> <span class='ocrx_word' id='word_1_66' title='bbox 1297 1139 1596 1209; x_wconf 85' lang='lat' dir='ltr'><strong><em>crapulam.</em></strong></span> 
     </span>
    </p>
   </div>
   <div class='ocr_carea' id='block_1_13' title="bbox 522 1212 1279 1267">
    <p class='ocr_par' dir='ltr' id='par_1_13' title="bbox 522 1212 1279 1267">
     <span class='ocr_line' id='line_1_13' title="bbox 522 1212 1279 1267; baseline -0.007 0"><span class='ocrx_word' id='word_1_67' title='bbox 522 1214 630 1267; x_wconf 90' lang='lat'><strong>278</strong></span> <span class='ocrx_word' id='word_1_68' title='bbox 654 1212 795 1266; x_wconf 91' lang='lat' dir='ltr'><strong><em>Laus</em></strong></span> <span class='ocrx_word' id='word_1_69' title='bbox 816 1213 932 1266; x_wconf 80' lang='lat' dir='ltr'><strong><em>vitte</em></strong></span> <span class='ocrx_word' id='word_1_70' title='bbox 959 1212 1279 1263; x_wconf 78' lang='lat' dir='ltr'><strong><em>monasticw.</em></strong></span> 
     </span>
    </p>
   </div>
   <div class='ocr_carea' id='block_1_14' title="bbox 522 1280 1203 1338">
    <p class='ocr_par' dir='ltr' id='par_1_14' title="bbox 522 1280 1203 1338">
     <span class='ocr_line' id='line_1_14' title="bbox 522 1280 1203 1338; baseline -0.007 -1"><span class='ocrx_word' id='word_1_71' title='bbox 522 1280 629 1338; x_wconf 85' lang='lat'><strong>279</strong></span> <span class='ocrx_word' id='word_1_72' title='bbox 657 1282 852 1337; x_wconf 89' lang='lat' dir='ltr'><strong><em>Contra</em></strong></span> <span class='ocrx_word' id='word_1_73' title='bbox 882 1282 1203 1335; x_wconf 84' lang='lat' dir='ltr'><strong><em>ebrietatem.</em></strong></span> 
     </span>
    </p>
   </div>
   <div class='ocr_carea' id='block_1_15' title="bbox 521 1353 1228 1406">
    <p class='ocr_par' dir='ltr' id='par_1_15' title="bbox 521 1353 1228 1406">
     <span class='ocr_line' id='line_1_15' title="bbox 521 1353 1228 1406; baseline -0.007 0"><span class='ocrx_word' id='word_1_74' title='bbox 521 1353 628 1406; x_wconf 82' lang='lat'><strong>280</strong></span> <span class='ocrx_word' id='word_1_75' title='bbox 658 1353 852 1406; x_wconf 84' lang='lat' dir='ltr'><strong><em>Contra</em></strong></span> <span class='ocrx_word' id='word_1_76' title='bbox 876 1353 1228 1405; x_wconf 80' lang='lat' dir='ltr'><strong><em>iracundiam.</em></strong></span> 
     </span>
    </p>
   </div>
   <div class='ocr_carea' id='block_1_16' title="bbox 451 1420 2018 1547">
    <p class='ocr_par' dir='ltr' id='par_1_16' title="bbox 451 1420 2018 1547">
     <span class='ocr_line' id='line_1_16' title="bbox 451 1420 2018 1547; baseline -0.001 -70"><span class='ocrx_word' id='word_1_77' title='bbox 451 1493 488 1547; x_wconf 62' lang='grc' dir='ltr'><em>ά</em></span> <span class='ocrx_word' id='word_1_78' title='bbox 520 1422 621 1545; x_wconf 63' lang='lat'><strong>[281</strong></span> <span class='ocrx_word' id='word_1_79' title='bbox 655 1422 730 1476; x_wconf 81' lang='lat' dir='ltr'><strong><em>De</em></strong></span> <span class='ocrx_word' id='word_1_80' title='bbox 752 1420 1123 1491; x_wconf 88' lang='lat' dir='ltr'><strong><em>Cappadocum</em></strong></span> <span class='ocrx_word' id='word_1_81' title='bbox 1151 1421 1377 1490; x_wconf 90' lang='lat' dir='ltr'><strong><em>pessima</em></strong></span> <span class='ocrx_word' id='word_1_82' title='bbox 1412 1422 1906 1493; x_wconf 86' lang='lat' dir='ltr'><strong><em>perversissimaque</em></strong></span> <span class='ocrx_word' id='word_1_83' title='bbox 1933 1422 2018 1476; x_wconf 90' lang='lat' dir='ltr'><strong><em>in-</em></strong></span> 
     </span>
     <span class='ocr_line' id='line_1_17' title="bbox 491 1509 590 1547; baseline -0.02 0"><span class='ocrx_word' id='word_1_84' title='bbox 491 1509 520 1547; x_wconf 92' lang='lat' dir='ltr'><strong><em>o</em></strong></span> <span class='ocrx_word' id='word_1_85' title='bbox 545 1509 590 1546; x_wconf 92' lang='lat' dir='ltr'><strong><em>e.</em></strong></span> 
     </span>
    </p>
   </div>
   <div class='ocr_carea' id='block_1_17' title="bbox 491 1509 590 1547">
    <p class='ocr_par' dir='ltr' id='par_1_17' title="bbox 491 1509 590 1547">
     <span class='ocr_line' id='line_1_18' title="bbox 491 1509 590 1547; baseline -0.01 0"><span class='ocrx_word' id='word_1_86' title='bbox 491 1509 590 1547; x_wconf 78' lang='lat' dir='ltr'><strong><em>Ole.</em></strong></span> 
     </span>
    </p>
   </div>
   <div class='ocr_carea' id='block_1_18' title="bbox 526 1559 2017 1630">
    <p class='ocr_par' dir='ltr' id='par_1_18' title="bbox 526 1559 2017 1630">
     <span class='ocr_line' id='line_1_19' title="bbox 526 1559 2017 1630; baseline 0 -15"><span class='ocrx_word' id='word_1_87' title='bbox 526 1562 634 1617; x_wconf 89' lang='lat'><strong><em>282</em></strong></span> <span class='ocrx_word' id='word_1_88' title='bbox 658 1560 735 1614; x_wconf 91' lang='lat' dir='ltr'><strong><em>De</em></strong></span> <span class='ocrx_word' id='word_1_89' title='bbox 770 1561 1073 1630; x_wconf 74' lang='lat' dir='ltr'><strong><em>expulsione</em></strong></span> <span class='ocrx_word' id='word_1_90' title='bbox 1099 1576 1163 1612; x_wconf 74' lang='lat' dir='ltr'><strong><em>ea:</em></strong></span> <span class='ocrx_word' id='word_1_91' title='bbox 1190 1559 1464 1630; x_wconf 80' lang='lat' dir='ltr'><strong><em>paradiso,</em></strong></span> <span class='ocrx_word' id='word_1_92' title='bbox 1497 1570 1545 1614; x_wconf 91' lang='lat' dir='ltr'><strong><em>et</em></strong></span> <span class='ocrx_word' id='word_1_93' title='bbox 1584 1563 1637 1614; x_wconf 92' lang='lat' dir='ltr'><strong><em>in</em></strong></span> <span class='ocrx_word' id='word_1_94' title='bbox 1677 1560 1914 1627; x_wconf 81' lang='lat' dir='ltr'><strong><em>eumdem</em></strong></span> <span class='ocrx_word' id='word_1_95' title='bbox 1937 1578 2017 1615; x_wconf 89' lang='lat' dir='ltr'><strong><em>re-</em></strong></span> 
     </span>
    </p>
   </div>
   <div class='ocr_carea' id='block_1_19' title="bbox 449 1628 2013 1699">
    <p class='ocr_par' dir='ltr' id='par_1_19' title="bbox 449 1628 2013 1699">
     <span class='ocr_line' id='line_1_20' title="bbox 449 1628 2013 1699; baseline -0.004 -10"><span class='ocrx_word' id='word_1_96' title='bbox 449 1633 741 1689; x_wconf 89' lang='lat' dir='ltr'><strong><em>stitutione.</em></strong></span> <span class='ocrx_word' id='word_1_97' title='bbox 794 1628 1164 1699; x_wconf 84' lang='lat' dir='ltr'><strong><em>Interpretatio</em></strong></span> <span class='ocrx_word' id='word_1_98' title='bbox 1198 1630 1326 1681; x_wconf 82' lang='lat' dir='ltr'><strong><em>dicti</em></strong></span> <span class='ocrx_word' id='word_1_99' title='bbox 1376 1628 1595 1691; x_wconf 81' lang='lat' dir='ltr'><strong><em>Christi,</em></strong></span> <span class='ocrx_word' id='word_1_100' title='bbox 1635 1630 1833 1683; x_wconf 83' lang='lat' dir='ltr'><strong><em>Matth.</em></strong></span> <span class='ocrx_word' id='word_1_101' title='bbox 1882 1646 2013 1685; x_wconf 78' lang='lat' dir='ltr'><strong><em>xxv.</em></strong></span> 
     </span>
    </p>
   </div>
   <div class='ocr_carea' id='block_1_20' title="bbox 520 1700 1806 1771">
    <p class='ocr_par' dir='ltr' id='par_1_20' title="bbox 520 1700 1806 1771">
     <span class='ocr_line' id='line_1_21' title="bbox 520 1700 1806 1771; baseline -0.002 -16"><span class='ocrx_word' id='word_1_102' title='bbox 520 1702 627 1756; x_wconf 86' lang='lat'><strong><em>285</em></strong></span> <span class='ocrx_word' id='word_1_103' title='bbox 656 1701 730 1755; x_wconf 89' lang='lat' dir='ltr'><strong><em>De</em></strong></span> <span class='ocrx_word' id='word_1_104' title='bbox 763 1702 1078 1771; x_wconf 87' lang='lat' dir='ltr'><strong><em>disparitate</em></strong></span> <span class='ocrx_word' id='word_1_105' title='bbox 1112 1700 1463 1752; x_wconf 88' lang='lat' dir='ltr'><strong><em>humanorum</em></strong></span> <span class='ocrx_word' id='word_1_106' title='bbox 1490 1702 1806 1753; x_wconf 88' lang='lat' dir='ltr'><strong><em>studiorum.</em></strong></span> 
     </span>
    </p>
   </div>
   <div class='ocr_carea' id='block_1_21' title="bbox 517 1770 2011 1838">
    <p class='ocr_par' dir='ltr' id='par_1_21' title="bbox 517 1770 2011 1838">
     <span class='ocr_line' id='line_1_22' title="bbox 517 1770 2011 1838; baseline -0.001 -12"><span class='ocrx_word' id='word_1_107' title='bbox 517 1771 623 1826; x_wconf 84' lang='grc'><strong><em>284</em></strong></span> <span class='ocrx_word' id='word_1_108' title='bbox 657 1772 728 1825; x_wconf 89' lang='lat' dir='ltr'><strong><em>De</em></strong></span> <span class='ocrx_word' id='word_1_109' title='bbox 754 1770 1125 1825; x_wconf 84' lang='lat' dir='ltr'><strong><em>resurrectione</em></strong></span> <span class='ocrx_word' id='word_1_110' title='bbox 1146 1780 1470 1822; x_wconf 88' lang='lat' dir='ltr'><strong><em>mortuorum</em></strong></span> <span class='ocrx_word' id='word_1_111' title='bbox 1504 1787 1662 1824; x_wconf 82' lang='lat' dir='ltr'><strong><em>etiam</em></strong></span> <span class='ocrx_word' id='word_1_112' title='bbox 1686 1771 1737 1823; x_wconf 91' lang='lat' dir='ltr'><strong><em>in</em></strong></span> <span class='ocrx_word' id='word_1_113' title='bbox 1765 1770 2011 1838; x_wconf 85' lang='lat' dir='ltr'><strong><em>stirpibus</em></strong></span> 
     </span>
    </p>
   </div>
   <div class='ocr_carea' id='block_1_22' title="bbox 447 1842 809 1911">
    <p class='ocr_par' dir='ltr' id='par_1_22' title="bbox 447 1842 809 1911">
     <span class='ocr_line' id='line_1_23' title="bbox 447 1842 809 1911; baseline 0.003 -17"><span class='ocrx_word' id='word_1_114' title='bbox 447 1842 809 1911; x_wconf 66' lang='lat' dir='ltr'><strong><em>praeﬁgurata.</em></strong></span> 
     </span>
    </p>
   </div>
   <div class='ocr_carea' id='block_1_23' title="bbox 520 1907 2007 1981">
    <p class='ocr_par' dir='ltr' id='par_1_23' title="bbox 520 1907 2007 1981">
     <span class='ocr_line' id='line_1_24' title="bbox 520 1907 2007 1981; baseline -0.001 -16"><span class='ocrx_word' id='word_1_115' title='bbox 520 1907 627 1965; x_wconf 86' lang='lat'><strong><em>285</em></strong></span> <span class='ocrx_word' id='word_1_116' title='bbox 655 1911 928 1981; x_wconf 77' lang='lat' dir='ltr'><strong><em>Expositio</em></strong></span> <span class='ocrx_word' id='word_1_117' title='bbox 960 1911 1088 1964; x_wconf 87' lang='lat' dir='ltr'><strong><em>dicti</em></strong></span> <span class='ocrx_word' id='word_1_118' title='bbox 1122 1908 1319 1962; x_wconf 82' lang='lat' dir='ltr'><strong><em>Christi</em></strong></span> <span class='ocrx_word' id='word_1_119' title='bbox 1347 1907 1409 1961; x_wconf 88' lang='lat' dir='ltr'><strong><em>de</em></strong></span> <span class='ocrx_word' id='word_1_120' title='bbox 1431 1908 1636 1964; x_wconf 86' lang='lat' dir='ltr'><strong><em>duabus</em></strong></span> <span class='ocrx_word' id='word_1_121' title='bbox 1672 1907 2007 1963; x_wconf 88' lang='lat' dir='ltr'><strong><em>molentibus.</em></strong></span> 
     </span>
    </p>
   </div>
   <div class='ocr_carea' id='block_1_24' title="bbox 456 1978 1145 2049">
    <p class='ocr_par' dir='ltr' id='par_1_24' title="bbox 456 1978 1145 2049">
     <span class='ocr_line' id='line_1_25' title="bbox 456 1978 1145 2049; baseline -0.004 -14"><span class='ocrx_word' id='word_1_122' title='bbox 456 1978 580 2035; x_wconf 84' lang='lat' dir='ltr'><strong><em>Vita</em></strong></span> <span class='ocrx_word' id='word_1_123' title='bbox 601 1982 709 2035; x_wconf 84' lang='lat' dir='ltr'><strong><em>hth</em></strong></span> <span class='ocrx_word' id='word_1_124' title='bbox 739 1978 815 2034; x_wconf 85' lang='lat' dir='ltr'><strong><em>est</em></strong></span> <span class='ocrx_word' id='word_1_125' title='bbox 844 1982 1145 2049; x_wconf 82' lang='lat' dir='ltr'><strong><em>pistrinum.</em></strong></span> 
     </span>
    </p>
   </div>
   <div class='ocr_carea' id='block_1_25' title="bbox 518 2047 2013 2119">
    <p class='ocr_par' dir='ltr' id='par_1_25' title="bbox 518 2047 2013 2119">
     <span class='ocr_line' id='line_1_26' title="bbox 518 2047 2013 2119; baseline -0.002 -14"><span class='ocrx_word' id='word_1_126' title='bbox 518 2052 623 2105; x_wconf 88' lang='lat'><strong><em>286</em></strong></span> <span class='ocrx_word' id='word_1_127' title='bbox 658 2047 855 2106; x_wconf 84' lang='lat' dir='ltr'><strong><em>Contra</em></strong></span> <span class='ocrx_word' id='word_1_128' title='bbox 885 2069 990 2113; x_wconf 86' lang='lat' dir='ltr'><strong><em>eos,</em></strong></span> <span class='ocrx_word' id='word_1_129' title='bbox 1028 2050 1116 2119; x_wconf 79' lang='lat' dir='ltr'><strong><em>qui</em></strong></span> <span class='ocrx_word' id='word_1_130' title='bbox 1148 2047 1261 2101; x_wconf 91' lang='lat' dir='ltr'><strong><em>sola</em></strong></span> <span class='ocrx_word' id='word_1_131' title='bbox 1296 2048 1612 2117; x_wconf 88' lang='lat' dir='ltr'><strong><em>virginitatis</em></strong></span> <span class='ocrx_word' id='word_1_132' title='bbox 1657 2048 2013 2102; x_wconf 77' lang='lat' dir='ltr'><strong><em>observatione</em></strong></span> 
     </span>
    </p>
   </div>
   <div class='ocr_carea' id='block_1_26' title="bbox 448 2119 2011 2191">
    <p class='ocr_par' dir='ltr' id='par_1_26' title="bbox 448 2119 2011 2191">
     <span class='ocr_line' id='line_1_27' title="bbox 448 2119 2011 2191; baseline -0.001 -17"><span class='ocrx_word' id='word_1_133' title='bbox 448 2120 766 2191; x_wconf 85' lang='lat' dir='ltr'><strong><em>gloriantur,</em></strong></span> <span class='ocrx_word' id='word_1_134' title='bbox 816 2138 932 2173; x_wconf 88' lang='lat' dir='ltr'><strong><em>cum</em></strong></span> <span class='ocrx_word' id='word_1_135' title='bbox 983 2123 1180 2173; x_wconf 88' lang='lat' dir='ltr'><strong><em>interea</em></strong></span> <span class='ocrx_word' id='word_1_136' title='bbox 1226 2119 1475 2191; x_wconf 83' lang='lat' dir='ltr'><strong><em>virtutum</em></strong></span> <span class='ocrx_word' id='word_1_137' title='bbox 1526 2120 1818 2181; x_wconf 86' lang='lat' dir='ltr'><strong><em>variarum,</em></strong></span> <span class='ocrx_word' id='word_1_138' title='bbox 1850 2129 1902 2172; x_wconf 92' lang='lat' dir='ltr'><strong><em>et</em></strong></span> <span class='ocrx_word' id='word_1_139' title='bbox 1956 2120 2011 2172; x_wconf 92' lang='lat' dir='ltr'><strong><em>in</em></strong></span> 
     </span>
    </p>
   </div>
   <div class='ocr_carea' id='block_1_27' title="bbox 447 2189 1588 2260">
    <p class='ocr_par' dir='ltr' id='par_1_27' title="bbox 447 2189 1588 2260">
     <span class='ocr_line' id='line_1_28' title="bbox 447 2189 1588 2260; baseline -0.002 -16"><span class='ocrx_word' id='word_1_140' title='bbox 447 2189 633 2260; x_wconf 78' lang='lat' dir='ltr'><strong><em>primis</em></strong></span> <span class='ocrx_word' id='word_1_141' title='bbox 658 2192 973 2244; x_wconf 85' lang='lat' dir='ltr'><strong><em>humilitatis</em></strong></span> <span class='ocrx_word' id='word_1_142' title='bbox 1004 2190 1180 2260; x_wconf 87' lang='lat' dir='ltr'><strong><em>studio</em></strong></span> <span class='ocrx_word' id='word_1_143' title='bbox 1213 2189 1588 2260; x_wconf 82' lang='lat' dir='ltr'><strong><em>destituuntur.</em></strong></span> 
     </span>
    </p>
   </div>
   <div class='ocr_carea' id='block_1_28' title="bbox 517 2258 1828 2326">
    <p class='ocr_par' dir='ltr' id='par_1_28' title="bbox 517 2258 1828 2326">
     <span class='ocr_line' id='line_1_29' title="bbox 517 2258 1828 2326; baseline -0.002 -11"><span class='ocrx_word' id='word_1_144' title='bbox 517 2261 622 2315; x_wconf 91' lang='lat'><strong>287</strong></span> <span class='ocrx_word' id='word_1_145' title='bbox 659 2261 864 2314; x_wconf 86' lang='lat' dir='ltr'><strong><em>Talenti</em></strong></span> <span class='ocrx_word' id='word_1_146' title='bbox 889 2261 1011 2315; x_wconf 90' lang='lat' dir='ltr'><strong><em>bene</em></strong></span> <span class='ocrx_word' id='word_1_147' title='bbox 1033 2259 1272 2312; x_wconf 87' lang='lat' dir='ltr'><strong><em>collocati</em></strong></span> <span class='ocrx_word' id='word_1_148' title='bbox 1306 2259 1575 2326; x_wconf 78' lang='lat' dir='ltr'><strong><em>prtmnium</em></strong></span> <span class='ocrx_word' id='word_1_149' title='bbox 1607 2258 1828 2312; x_wconf 73' lang='lat' dir='ltr'><strong><em>caeleste.</em></strong></span> 
     </span>
    </p>
   </div>
   <div class='ocr_carea' id='block_1_29' title="bbox 511 2328 2005 2396">
    <p class='ocr_par' dir='ltr' id='par_1_29' title="bbox 511 2328 2005 2396">
     <span class='ocr_line' id='line_1_30' title="bbox 511 2328 2005 2396; baseline -0.003 -11"><span class='ocrx_word' id='word_1_150' title='bbox 511 2331 617 2384; x_wconf 85' lang='lat'><strong><em>288</em></strong></span> <span class='ocrx_word' id='word_1_151' title='bbox 648 2330 835 2384; x_wconf 79' lang='lat' dir='ltr'><strong><em>Ovium</em></strong></span> <span class='ocrx_word' id='word_1_152' title='bbox 860 2340 907 2383; x_wconf 93' lang='lat' dir='ltr'><strong><em>et</em></strong></span> <span class='ocrx_word' id='word_1_153' title='bbox 937 2332 1203 2382; x_wconf 88' lang='lat' dir='ltr'><strong><em>hircorum</em></strong></span> <span class='ocrx_word' id='word_1_154' title='bbox 1247 2329 1298 2379; x_wconf 89' lang='lat' dir='ltr'><strong><em>in</em></strong></span> <span class='ocrx_word' id='word_1_155' title='bbox 1342 2338 1571 2380; x_wconf 74' lang='lat' dir='ltr'><strong><em>extremo</em></strong></span> <span class='ocrx_word' id='word_1_156' title='bbox 1607 2330 1689 2381; x_wconf 80' lang='lat' dir='ltr'><strong><em>die</em></strong></span> <span class='ocrx_word' id='word_1_157' title='bbox 1720 2328 2005 2396; x_wconf 88' lang='lat' dir='ltr'><strong><em>separatio.</em></strong></span> 
     </span>
    </p>
   </div>
   <div class='ocr_carea' id='block_1_30' title="bbox 515 2398 2009 2467">
    <p class='ocr_par' dir='ltr' id='par_1_30' title="bbox 515 2398 2009 2467">
     <span class='ocr_line' id='line_1_31' title="bbox 515 2398 2009 2467; baseline -0.001 -15"><span class='ocrx_word' id='word_1_158' title='bbox 515 2400 621 2454; x_wconf 78' lang='lat'><strong>289</strong></span> <span class='ocrx_word' id='word_1_159' title='bbox 645 2400 720 2454; x_wconf 90' lang='lat' dir='ltr'><strong><em>De</em></strong></span> <span class='ocrx_word' id='word_1_160' title='bbox 756 2401 954 2455; x_wconf 86' lang='lat' dir='ltr'><strong><em>Christi</em></strong></span> <span class='ocrx_word' id='word_1_161' title='bbox 988 2416 1107 2453; x_wconf 91' lang='lat' dir='ltr'><strong><em>vera</em></strong></span> <span class='ocrx_word' id='word_1_162' title='bbox 1131 2399 1456 2451; x_wconf 79' lang='lat' dir='ltr'><strong><em>humanitate</em></strong></span> <span class='ocrx_word' id='word_1_163' title='bbox 1478 2439 1491 2458; x_wconf 91' lang='lat'><strong><em>,</em></strong></span> <span class='ocrx_word' id='word_1_164' title='bbox 1523 2399 1751 2451; x_wconf 88' lang='lat' dir='ltr'><strong><em>etiamin</em></strong></span> <span class='ocrx_word' id='word_1_165' title='bbox 1781 2398 2009 2467; x_wconf 83' lang='lat' dir='ltr'><strong><em>infirmi-</em></strong></span> 
     </span>
    </p>
   </div>
   <div class='ocr_carea' id='block_1_31' title="bbox 449 2467 1636 2535">
    <p class='ocr_par' dir='ltr' id='par_1_31' title="bbox 449 2467 1636 2535">
     <span class='ocr_line' id='line_1_32' title="bbox 449 2467 1636 2535; baseline -0.003 -11"><span class='ocrx_word' id='word_1_166' title='bbox 449 2480 622 2524; x_wconf 88' lang='lat' dir='ltr'><strong><em>tatum</em></strong></span> <span class='ocrx_word' id='word_1_167' title='bbox 654 2481 954 2523; x_wconf 88' lang='lat' dir='ltr'><strong><em>nostrarum</em></strong></span> <span class='ocrx_word' id='word_1_168' title='bbox 990 2470 1313 2535; x_wconf 82' lang='lat' dir='ltr'><strong><em>susceptione</em></strong></span> <span class='ocrx_word' id='word_1_169' title='bbox 1340 2467 1636 2520; x_wconf 88' lang='lat' dir='ltr'><strong><em>declarata.</em></strong></span> 
     </span>
    </p>
   </div>
   <div class='ocr_carea' id='block_1_32' title="bbox 446 2537 2007 2660">
    <p class='ocr_par' dir='ltr' id='par_1_32' title="bbox 446 2537 2007 2660">
     <span class='ocr_line' id='line_1_33' title="bbox 446 2537 2007 2660; baseline -0.003 -66"><span class='ocrx_word' id='word_1_170' title='bbox 446 2607 495 2660; x_wconf 66' lang='grc' dir='ltr'><em>Β</em></span> <span class='ocrx_word' id='word_1_171' title='bbox 517 2542 622 2596; x_wconf 81' lang='grc'><strong><em>290</em></strong></span> <span class='ocrx_word' id='word_1_172' title='bbox 658 2540 1075 2593; x_wconf 79' lang='lat' dir='ltr'><strong><em>Firmamentum</em></strong></span> <span class='ocrx_word' id='word_1_173' title='bbox 1105 2540 1441 2606; x_wconf 87' lang='lat' dir='ltr'><strong><em>imperiorum</em></strong></span> <span class='ocrx_word' id='word_1_174' title='bbox 1489 2547 1565 2589; x_wconf 89' lang='lat' dir='ltr'><strong><em>est</em></strong></span> <span class='ocrx_word' id='word_1_175' title='bbox 1617 2537 1856 2590; x_wconf 86' lang='lat' dir='ltr'><strong><em>amicitia</em></strong></span> <span class='ocrx_word' id='word_1_176' title='bbox 1891 2553 2007 2591; x_wconf 90' lang='lat' dir='ltr'><strong><em>cum</em></strong></span> 
     </span>
     <span class='ocr_line' id='line_1_34' title="bbox 496 2627 574 2660; baseline 0 0"><span class='ocrx_word' id='word_1_177' title='bbox 496 2627 574 2660; x_wconf 91' lang='lat' dir='ltr'><strong><em>eo.</em></strong></span> 
     </span>
    </p>
   </div>
   <div class='ocr_carea' id='block_1_33' title="bbox 496 2627 574 2663">
    <p class='ocr_par' dir='ltr' id='par_1_33' title="bbox 496 2627 574 2663">
     <span class='ocr_line' id='line_1_35' title="bbox 496 2627 574 2663; baseline -0.026 0"><span class='ocrx_word' id='word_1_178' title='bbox 496 2627 574 2663; x_wconf 92' lang='lat' dir='ltr'><strong><em>eo.</em></strong></span> 
     </span>
    </p>
   </div>
   <div class='ocr_carea' id='block_1_34' title="bbox 514 2676 2009 2733">
    <p class='ocr_par' dir='ltr' id='par_1_34' title="bbox 514 2676 2009 2733">
     <span class='ocr_line' id='line_1_36' title="bbox 514 2676 2009 2733; baseline -0.003 -1"><span class='ocrx_word' id='word_1_179' title='bbox 514 2680 609 2733; x_wconf 88' lang='grc'><strong><em>291</em></strong></span> <span class='ocrx_word' id='word_1_180' title='bbox 652 2679 838 2732; x_wconf 89' lang='lat' dir='ltr'><strong><em>Petrus</em></strong></span> <span class='ocrx_word' id='word_1_181' title='bbox 884 2694 1028 2733; x_wconf 87' lang='lat' dir='ltr'><strong><em>servo</em></strong></span> <span class='ocrx_word' id='word_1_182' title='bbox 1068 2678 1259 2730; x_wconf 87' lang='lat' dir='ltr'><strong><em>summi</em></strong></span> <span class='ocrx_word' id='word_1_183' title='bbox 1300 2676 1587 2730; x_wconf 87' lang='lat' dir='ltr'><strong><em>sacerdotis</em></strong></span> <span class='ocrx_word' id='word_1_184' title='bbox 1620 2676 1832 2729; x_wconf 86' lang='lat' dir='ltr'><strong><em>Malcho</em></strong></span> <span class='ocrx_word' id='word_1_185' title='bbox 1860 2676 2009 2729; x_wconf 89' lang='lat' dir='ltr'><strong><em>auri-</em></strong></span> 
     </span>
    </p>
   </div>
   <div class='ocr_carea' id='block_1_35' title="bbox 445 2747 1603 2817">
    <p class='ocr_par' dir='ltr' id='par_1_35' title="bbox 445 2747 1603 2817">
     <span class='ocr_line' id='line_1_37' title="bbox 445 2747 1603 2817; baseline 0.002 -18"><span class='ocrx_word' id='word_1_186' title='bbox 445 2753 620 2801; x_wconf 89' lang='lat' dir='ltr'><strong><em>culam</em></strong></span> <span class='ocrx_word' id='word_1_187' title='bbox 647 2760 946 2817; x_wconf 83' lang='lat' dir='ltr'><strong><em>amputans,</em></strong></span> <span class='ocrx_word' id='word_1_188' title='bbox 975 2748 1100 2816; x_wconf 84' lang='lat' dir='ltr'><strong><em>quid</em></strong></span> <span class='ocrx_word' id='word_1_189' title='bbox 1130 2750 1345 2814; x_wconf 83' lang='lat' dir='ltr'><strong><em>mystice</em></strong></span> <span class='ocrx_word' id='word_1_190' title='bbox 1375 2747 1603 2801; x_wconf 86' lang='lat' dir='ltr'><strong><em>denotet.</em></strong></span> 
     </span>
    </p>
   </div>
   <div class='ocr_carea' id='block_1_36' title="bbox 513 2817 2008 2882">
    <p class='ocr_par' dir='ltr' id='par_1_36' title="bbox 513 2817 2008 2882">
     <span class='ocr_line' id='line_1_38' title="bbox 513 2817 2008 2882; baseline -0.002 -12"><span class='ocrx_word' id='word_1_191' title='bbox 513 2817 617 2873; x_wconf 80' lang='lat' dir='ltr'><strong><em>2J2</em></strong></span> <span class='ocrx_word' id='word_1_192' title='bbox 644 2818 915 2872; x_wconf 89' lang='lat' dir='ltr'><strong><em>Barrabas</em></strong></span> <span class='ocrx_word' id='word_1_193' title='bbox 945 2818 1072 2871; x_wconf 77' lang='lat' dir='ltr'><strong><em>liber</em></strong></span> <span class='ocrx_word' id='word_1_194' title='bbox 1104 2818 1414 2882; x_wconf 84' lang='lat' dir='ltr'><strong><em>dimittitur,</em></strong></span> <span class='ocrx_word' id='word_1_195' title='bbox 1440 2818 1678 2870; x_wconf 79' lang='lat' dir='ltr'><strong><em>Christus</em></strong></span> <span class='ocrx_word' id='word_1_196' title='bbox 1710 2819 1779 2869; x_wconf 86' lang='lat' dir='ltr'><strong><em>ad</em></strong></span> <span class='ocrx_word' id='word_1_197' title='bbox 1803 2832 2008 2868; x_wconf 89' lang='lat' dir='ltr'><strong><em>crucem</em></strong></span> 
     </span>
    </p>
   </div>
   <div class='ocr_carea' id='block_1_37' title="bbox 441 2887 748 2941">
    <p class='ocr_par' dir='ltr' id='par_1_37' title="bbox 441 2887 748 2941">
     <span class='ocr_line' id='line_1_39' title="bbox 441 2887 748 2941; baseline 0.003 -1"><span class='ocrx_word' id='word_1_198' title='bbox 441 2887 748 2941; x_wconf 86' lang='lat' dir='ltr'><strong><em>damnatur.</em></strong></span> 
     </span>
    </p>
   </div>
   <div class='ocr_carea' id='block_1_38' title="bbox 509 2955 2005 3027">
    <p class='ocr_par' dir='ltr' id='par_1_38' title="bbox 509 2955 2005 3027">
     <span class='ocr_line' id='line_1_40' title="bbox 509 2955 2005 3027; baseline -0.002 -17"><span class='ocrx_word' id='word_1_199' title='bbox 509 2957 614 3011; x_wconf 90' lang='lat'><strong>295</strong></span> <span class='ocrx_word' id='word_1_200' title='bbox 650 2958 827 3012; x_wconf 80' lang='lat' dir='ltr'><strong><em>Judtei</em></strong></span> <span class='ocrx_word' id='word_1_201' title='bbox 860 2956 1128 3013; x_wconf 87' lang='lat' dir='ltr'><strong><em>Christum</em></strong></span> <span class='ocrx_word' id='word_1_202' title='bbox 1175 2955 1297 3027; x_wconf 80' lang='lat' dir='ltr'><strong><em>felle</em></strong></span> <span class='ocrx_word' id='word_1_203' title='bbox 1345 2967 1589 3025; x_wconf 84' lang='lat' dir='ltr'><strong><em>potantes</em></strong></span> <span class='ocrx_word' id='word_1_204' title='bbox 1636 2955 1763 3025; x_wconf 83' lang='lat' dir='ltr'><strong><em>quid</em></strong></span> <span class='ocrx_word' id='word_1_205' title='bbox 1791 2955 2005 3023; x_wconf 85' lang='lat' dir='ltr'><strong><em>mystice</em></strong></span> 
     </span>
    </p>
   </div>
   <div class='ocr_carea' id='block_1_39' title="bbox 442 3026 708 3082">
    <p class='ocr_par' dir='ltr' id='par_1_39' title="bbox 442 3026 708 3082">
     <span class='ocr_line' id='line_1_41' title="bbox 442 3026 708 3082; baseline 0.011 -3"><span class='ocrx_word' id='word_1_206' title='bbox 442 3026 708 3082; x_wconf 75' lang='lat' dir='ltr'><strong><em>denotant.</em></strong></span> 
     </span>
    </p>
   </div>
   <div class='ocr_carea' id='block_1_40' title="bbox 512 3095 2009 3150">
    <p class='ocr_par' dir='ltr' id='par_1_40' title="bbox 512 3095 2009 3150">
     <span class='ocr_line' id='line_1_42' title="bbox 512 3095 2009 3150; baseline -0.003 -1"><span class='ocrx_word' id='word_1_207' title='bbox 512 3095 617 3150; x_wconf 83' lang='grc'><strong><em>294</em></strong></span> <span class='ocrx_word' id='word_1_208' title='bbox 646 3096 948 3150; x_wconf 82' lang='lat' dir='ltr'><strong><em>Admonitio</em></strong></span> <span class='ocrx_word' id='word_1_209' title='bbox 990 3096 1051 3149; x_wconf 89' lang='lat' dir='ltr'><strong><em>de</em></strong></span> <span class='ocrx_word' id='word_1_210' title='bbox 1100 3095 1375 3148; x_wconf 84' lang='lat' dir='ltr'><strong><em>virtutibus</em></strong></span> <span class='ocrx_word' id='word_1_211' title='bbox 1401 3095 1524 3147; x_wconf 88' lang='lat' dir='ltr'><strong><em>duci</em></strong></span> <span class='ocrx_word' id='word_1_212' title='bbox 1554 3096 1811 3147; x_wconf 79' lang='lat' dir='ltr'><strong><em>exercitus</em></strong></span> <span class='ocrx_word' id='word_1_213' title='bbox 1836 3109 2009 3147; x_wconf 88' lang='lat' dir='ltr'><strong><em>neces-</em></strong></span> 
     </span>
    </p>
   </div>
   <div class='ocr_carea' id='block_1_41' title="bbox 443 3163 2010 3234">
    <p class='ocr_par' dir='ltr' id='par_1_41' title="bbox 443 3163 2010 3234">
     <span class='ocr_line' id='line_1_43' title="bbox 443 3163 2010 3234; baseline -0.003 -14"><span class='ocrx_word' id='word_1_214' title='bbox 443 3170 622 3227; x_wconf 83' lang='lat' dir='ltr'><strong><em>sariis,</em></strong></span> <span class='ocrx_word' id='word_1_215' title='bbox 648 3177 786 3221; x_wconf 90' lang='lat' dir='ltr'><strong><em>metu</em></strong></span> <span class='ocrx_word' id='word_1_216' title='bbox 808 3168 904 3221; x_wconf 90' lang='lat' dir='ltr'><strong><em>Dei</em></strong></span> <span class='ocrx_word' id='word_1_217' title='bbox 930 3177 976 3219; x_wconf 90' lang='lat' dir='ltr'><strong><em>et</em></strong></span> <span class='ocrx_word' id='word_1_218' title='bbox 996 3166 1213 3234; x_wconf 86' lang='lat' dir='ltr'><strong><em>justitia</em></strong></span> <span class='ocrx_word' id='word_1_219' title='bbox 1236 3188 1248 3219; x_wconf 84' lang='lat'><strong>:</strong></span> <span class='ocrx_word' id='word_1_220' title='bbox 1275 3166 1460 3233; x_wconf 84' lang='lat' dir='ltr'><strong><em>quibus</em></strong></span> <span class='ocrx_word' id='word_1_221' title='bbox 1490 3166 1701 3217; x_wconf 87' lang='lat' dir='ltr'><strong><em>remotis</em></strong></span> <span class='ocrx_word' id='word_1_222' title='bbox 1731 3163 2010 3232; x_wconf 80' lang='lat' dir='ltr'><strong><em>infeliciter</em></strong></span> 
     </span>
    </p>
   </div>
   <div class='ocr_carea' id='block_1_42' title="bbox 441 3238 1028 3305">
    <p class='ocr_par' dir='ltr' id='par_1_42' title="bbox 441 3238 1028 3305">
     <span class='ocr_line' id='line_1_44' title="bbox 441 3238 1028 3305; baseline -0.002 -17"><span class='ocrx_word' id='word_1_223' title='bbox 441 3253 558 3289; x_wconf 91' lang='lat' dir='ltr'><strong><em>cum</em></strong></span> <span class='ocrx_word' id='word_1_224' title='bbox 588 3238 728 3290; x_wconf 77' lang='lat' dir='ltr'><strong><em>hoste</em></strong></span> <span class='ocrx_word' id='word_1_225' title='bbox 744 3246 1028 3305; x_wconf 84' lang='lat' dir='ltr'><strong><em>pugnatur.</em></strong></span> 
     </span>
    </p>
   </div>
   <div class='ocr_carea' id='block_1_43' title="bbox 506 3302 1899 3373">
    <p class='ocr_par' dir='ltr' id='par_1_43' title="bbox 506 3302 1899 3373">
     <span class='ocr_line' id='line_1_45' title="bbox 506 3302 1899 3373; baseline -0.003 -15"><span class='ocrx_word' id='word_1_226' title='bbox 506 3306 612 3359; x_wconf 83' lang='lat'><strong>295</strong></span> <span class='ocrx_word' id='word_1_227' title='bbox 652 3328 670 3358; x_wconf 76' lang='lat' dir='ltr'><strong><em>t</em></strong></span> <span class='ocrx_word' id='word_1_228' title='bbox 711 3302 945 3361; x_wconf 73' lang='lat' dir='ltr'><strong><em>Oderunt</em></strong></span> <span class='ocrx_word' id='word_1_229' title='bbox 976 3321 1188 3372; x_wconf 84' lang='lat' dir='ltr'><strong><em>peccare</em></strong></span> <span class='ocrx_word' id='word_1_230' title='bbox 1212 3304 1337 3357; x_wconf 90' lang='lat' dir='ltr'><strong><em>mali</em></strong></span> <span class='ocrx_word' id='word_1_231' title='bbox 1359 3302 1641 3372; x_wconf 83' lang='lat' dir='ltr'><strong><em>formidine</em></strong></span> <span class='ocrx_word' id='word_1_232' title='bbox 1662 3318 1846 3373; x_wconf 62' lang='lat' dir='ltr'><strong><em>patum.</em></strong></span> <span class='ocrx_word' id='word_1_233' title='bbox 1880 3321 1899 3354; x_wconf 75' lang='grc' dir='ltr'><strong><em>ι</em></strong></span> 
     </span>
    </p>
   </div>
   <div class='ocr_carea' id='block_1_44' title="bbox 508 3374 1131 3431">
    <p class='ocr_par' dir='ltr' id='par_1_44' title="bbox 508 3374 1131 3431">
     <span class='ocr_line' id='line_1_46' title="bbox 508 3374 1131 3431; baseline -0.002 -4"><span class='ocrx_word' id='word_1_234' title='bbox 508 3374 616 3428; x_wconf 87' lang='grc'><strong><em>296</em></strong></span> <span class='ocrx_word' id='word_1_235' title='bbox 640 3377 841 3431; x_wconf 90' lang='lat' dir='ltr'><strong><em>Contra</em></strong></span> <span class='ocrx_word' id='word_1_236' title='bbox 867 3375 1131 3428; x_wconf 82' lang='lat' dir='ltr'><strong><em>libidines.</em></strong></span> 
     </span>
    </p>
   </div>
   <div class='ocr_carea' id='block_1_45' title="bbox 513 3442 1493 3514">
    <p class='ocr_par' dir='ltr' id='par_1_45' title="bbox 513 3442 1493 3514">
     <span class='ocr_line' id='line_1_47' title="bbox 513 3442 1493 3514; baseline -0.005 -15"><span class='ocrx_word' id='word_1_237' title='bbox 513 3447 619 3499; x_wconf 79' lang='lat'><strong>297</strong></span> <span class='ocrx_word' id='word_1_238' title='bbox 653 3446 947 3514; x_wconf 86' lang='lat' dir='ltr'><strong><em>Increpatio</em></strong></span> <span class='ocrx_word' id='word_1_239' title='bbox 967 3444 1242 3497; x_wconf 66' lang='lat' dir='ltr'><strong><em>homicida:</em></strong></span> <span class='ocrx_word' id='word_1_240' title='bbox 1269 3442 1493 3507; x_wconf 83' lang='lat' dir='ltr'><strong><em>superbi.</em></strong></span> 
     </span>
    </p>
   </div>
   <div class='ocr_carea' id='block_1_46' title="bbox 512 3512 2009 3569">
    <p class='ocr_par' dir='ltr' id='par_1_46' title="bbox 512 3512 2009 3569">
     <span class='ocr_line' id='line_1_48' title="bbox 512 3512 2009 3569; baseline -0.001 -3"><span class='ocrx_word' id='word_1_241' title='bbox 512 3514 618 3569; x_wconf 89' lang='lat'><strong>298</strong></span> <span class='ocrx_word' id='word_1_242' title='bbox 656 3515 734 3569; x_wconf 92' lang='lat' dir='ltr'><strong><em>De</em></strong></span> <span class='ocrx_word' id='word_1_243' title='bbox 775 3512 952 3568; x_wconf 87' lang='lat' dir='ltr'><strong><em>inutili</em></strong></span> <span class='ocrx_word' id='word_1_244' title='bbox 992 3521 1038 3566; x_wconf 88' lang='lat' dir='ltr'><strong><em>et</em></strong></span> <span class='ocrx_word' id='word_1_245' title='bbox 1085 3524 1255 3566; x_wconf 78' lang='lat' dir='ltr'><strong><em>otiosa</em></strong></span> <span class='ocrx_word' id='word_1_246' title='bbox 1294 3514 1666 3564; x_wconf 89' lang='lat' dir='ltr'><strong><em>monachorum</em></strong></span> <span class='ocrx_word' id='word_1_247' title='bbox 1713 3512 1864 3565; x_wconf 86' lang='lat' dir='ltr'><strong><em>turba</em></strong></span> <span class='ocrx_word' id='word_1_248' title='bbox 1908 3517 2009 3565; x_wconf 83' lang='lat' dir='ltr'><strong><em>nti-</em></strong></span> 
     </span>
    </p>
   </div>
   <div class='ocr_carea' id='block_1_47' title="bbox 444 3588 673 3639">
    <p class='ocr_par' dir='ltr' id='par_1_47' title="bbox 444 3588 673 3639">
     <span class='ocr_line' id='line_1_49' title="bbox 444 3588 673 3639; baseline -0.004 0"><span class='ocrx_word' id='word_1_249' title='bbox 444 3588 673 3639; x_wconf 73' lang='lat' dir='ltr'><strong><em>uisenda.</em></strong></span> 
     </span>
    </p>
   </div>
   <div class='ocr_carea' id='block_1_48' title="bbox 508 3651 1727 3724">
    <p class='ocr_par' dir='ltr' id='par_1_48' title="bbox 508 3651 1727 3724">
     <span class='ocr_line' id='line_1_50' title="bbox 508 3651 1727 3724; baseline -0.002 -18"><span class='ocrx_word' id='word_1_250' title='bbox 508 3654 613 3724; x_wconf 73' lang='lat'><strong><em>299</em></strong></span> <span class='ocrx_word' id='word_1_251' title='bbox 640 3655 947 3724; x_wconf 81' lang='lat' dir='ltr'><strong><em>Deprecatio</em></strong></span> <span class='ocrx_word' id='word_1_252' title='bbox 970 3671 1064 3724; x_wconf 92' lang='lat' dir='ltr'><strong><em>pro</em></strong></span> <span class='ocrx_word' id='word_1_253' title='bbox 1099 3653 1359 3724; x_wconf 90' lang='lat' dir='ltr'><strong><em>naufrago</em></strong></span> <span class='ocrx_word' id='word_1_254' title='bbox 1396 3651 1727 3721; x_wconf 86' lang='lat' dir='ltr'><strong><em>reliquatore.</em></strong></span> 
     </span>
    </p>
   </div>
   <div class='ocr_carea' id='block_1_49' title="bbox 512 3723 1396 3793">
    <p class='ocr_par' dir='ltr' id='par_1_49' title="bbox 512 3723 1396 3793">
     <span class='ocr_line' id='line_1_51' title="bbox 512 3723 1396 3793; baseline -0.005 -16"><span class='ocrx_word' id='word_1_255' title='bbox 512 3723 619 3777; x_wconf 87' lang='lat'><strong>500</strong></span> <span class='ocrx_word' id='word_1_256' title='bbox 661 3723 968 3791; x_wconf 82' lang='lat' dir='ltr'><strong><em>Deprecatio</em></strong></span> <span class='ocrx_word' id='word_1_257' title='bbox 990 3740 1083 3793; x_wconf 93' lang='lat' dir='ltr'><strong><em>pro</em></strong></span> <span class='ocrx_word' id='word_1_258' title='bbox 1113 3723 1396 3791; x_wconf 88' lang='lat' dir='ltr'><strong><em>naufrago.</em></strong></span> 
     </span>
    </p>
   </div>
   <div class='ocr_carea' id='block_1_50' title="bbox 508 3790 2009 3861">
    <p class='ocr_par' dir='ltr' id='par_1_50' title="bbox 508 3790 2009 3861">
     <span class='ocr_line' id='line_1_52' title="bbox 508 3790 2009 3861; baseline -0.001 -15"><span class='ocrx_word' id='word_1_259' title='bbox 508 3793 604 3846; x_wconf 88' lang='lat'><strong>501</strong></span> <span class='ocrx_word' id='word_1_260' title='bbox 662 3790 1027 3861; x_wconf 87' lang='lat' dir='ltr'><strong><em>Interpretatio</em></strong></span> <span class='ocrx_word' id='word_1_261' title='bbox 1066 3795 1195 3846; x_wconf 86' lang='lat' dir='ltr'><strong><em>dicti</em></strong></span> <span class='ocrx_word' id='word_1_262' title='bbox 1224 3790 1301 3844; x_wconf 81' lang='lat' dir='ltr'><strong><em>ea:</em></strong></span> <span class='ocrx_word' id='word_1_263' title='bbox 1344 3790 1549 3861; x_wconf 88' lang='lat' dir='ltr'><strong><em>psalmo</em></strong></span> <span class='ocrx_word' id='word_1_264' title='bbox 1588 3805 1750 3855; x_wconf 68' lang='grc' dir='ltr'>χχιιι,</span> <span class='ocrx_word' id='word_1_265' title='bbox 1784 3808 1803 3842; x_wconf 78' lang='lat' dir='ltr'><strong><em>t</em></strong></span> <span class='ocrx_word' id='word_1_266' title='bbox 1852 3790 2009 3861; x_wconf 87' lang='lat' dir='ltr'><strong><em>Virga</em></strong></span> 
     </span>
    </p>
   </div>
   <div class='ocr_carea' id='block_1_51' title="bbox 444 3864 1232 3926">
    <p class='ocr_par' dir='ltr' id='par_1_51' title="bbox 444 3864 1232 3926">
     <span class='ocr_line' id='line_1_53' title="bbox 444 3864 1232 3926; baseline 0 -11"><span class='ocrx_word' id='word_1_267' title='bbox 444 3872 536 3915; x_wconf 89' lang='lat' dir='ltr'><strong><em>tua</em></strong></span> <span class='ocrx_word' id='word_1_268' title='bbox 558 3874 606 3915; x_wconf 92' lang='lat' dir='ltr'><strong><em>et</em></strong></span> <span class='ocrx_word' id='word_1_269' title='bbox 633 3864 849 3917; x_wconf 89' lang='lat' dir='ltr'><strong><em>baculus</em></strong></span> <span class='ocrx_word' id='word_1_270' title='bbox 886 3874 1029 3926; x_wconf 91' lang='lat' dir='ltr'><strong><em>tuus,</em></strong></span> <span class='ocrx_word' id='word_1_271' title='bbox 1074 3883 1091 3915; x_wconf 83' lang='grc' dir='ltr'><strong><em>ι</em></strong></span> <span class='ocrx_word' id='word_1_272' title='bbox 1128 3872 1232 3916; x_wconf 85' lang='lat' dir='ltr'><strong><em>etc.</em></strong></span> 
     </span>
    </p>
   </div>
   <div class='ocr_carea' id='block_1_52' title="bbox 514 3929 2008 4002">
    <p class='ocr_par' dir='ltr' id='par_1_52' title="bbox 514 3929 2008 4002">
     <span class='ocr_line' id='line_1_54' title="bbox 514 3929 2008 4002; baseline -0.002 -16"><span class='ocrx_word' id='word_1_273' title='bbox 514 3933 620 3987; x_wconf 85' lang='lat'><strong>502</strong></span> <span class='ocrx_word' id='word_1_274' title='bbox 669 3932 998 4002; x_wconf 80' lang='lat' dir='ltr'><strong><em>Prteceptum</em></strong></span> <span class='ocrx_word' id='word_1_275' title='bbox 1049 3931 1397 3985; x_wconf 80' lang='lat' dir='ltr'><strong><em>monasticam</em></strong></span> <span class='ocrx_word' id='word_1_276' title='bbox 1443 3929 1507 3983; x_wconf 90' lang='lat' dir='ltr'><strong><em>de</em></strong></span> <span class='ocrx_word' id='word_1_277' title='bbox 1545 3931 1920 3984; x_wconf 73' lang='lat' dir='ltr'><strong><em>exercitatione</em></strong></span> <span class='ocrx_word' id='word_1_278' title='bbox 1960 3941 2008 3985; x_wconf 90' lang='lat' dir='ltr'><strong><em>et</em></strong></span> 
     </span>
    </p>
   </div>
   <div class='ocr_carea' id='block_1_53' title="bbox 444 4002 1501 4068">
    <p class='ocr_par' dir='ltr' id='par_1_53' title="bbox 444 4002 1501 4068">
     <span class='ocr_line' id='line_1_55' title="bbox 444 4002 1501 4068; baseline -0.002 -13"><span class='ocrx_word' id='word_1_279' title='bbox 444 4005 726 4057; x_wconf 87' lang='lat' dir='ltr'><strong><em>certamine</em></strong></span> <span class='ocrx_word' id='word_1_280' title='bbox 760 4014 881 4056; x_wconf 88' lang='lat' dir='ltr'><strong><em>ante</em></strong></span> <span class='ocrx_word' id='word_1_281' title='bbox 910 4020 1128 4056; x_wconf 87' lang='lat' dir='ltr'><strong><em>coronas</em></strong></span> <span class='ocrx_word' id='word_1_282' title='bbox 1153 4002 1501 4068; x_wconf 85' lang='lat' dir='ltr'><strong><em>suscipiendo.</em></strong></span> 
     </span>
    </p>
   </div>
   <div class='ocr_carea' id='block_1_54' title="bbox 514 4067 2008 4139">
    <p class='ocr_par' dir='ltr' id='par_1_54' title="bbox 514 4067 2008 4139">
     <span class='ocr_line' id='line_1_56' title="bbox 514 4067 2008 4139; baseline -0.003 -12"><span class='ocrx_word' id='word_1_283' title='bbox 514 4072 619 4127; x_wconf 90' lang='lat'><strong>505</strong></span> <span class='ocrx_word' id='word_1_284' title='bbox 654 4073 794 4127; x_wconf 86' lang='lat' dir='ltr'><strong><em>Vitia</em></strong></span> <span class='ocrx_word' id='word_1_285' title='bbox 824 4075 1021 4127; x_wconf 92' lang='lat' dir='ltr'><strong><em>homini</em></strong></span> <span class='ocrx_word' id='word_1_286' title='bbox 1052 4076 1217 4126; x_wconf 91' lang='lat' dir='ltr'><strong><em>inesse</em></strong></span> <span class='ocrx_word' id='word_1_287' title='bbox 1242 4067 1334 4139; x_wconf 84' lang='lat' dir='ltr'><strong><em>per</em></strong></span> <span class='ocrx_word' id='word_1_288' title='bbox 1356 4079 1600 4123; x_wconf 89' lang='lat' dir='ltr'><strong><em>naturam</em></strong></span> <span class='ocrx_word' id='word_1_289' title='bbox 1620 4085 1639 4123; x_wconf 89' lang='lat'><strong><em>:</em></strong></span> <span class='ocrx_word' id='word_1_290' title='bbox 1663 4085 1819 4139; x_wconf 90' lang='lat' dir='ltr'><strong><em>quam</em></strong></span> <span class='ocrx_word' id='word_1_291' title='bbox 1852 4067 2008 4123; x_wconf 90' lang='lat' dir='ltr'><strong><em>Chri-</em></strong></span> 
     </span>
    </p>
   </div>
   <div class='ocr_carea' id='block_1_55' title="bbox 442 4141 2012 4211">
    <p class='ocr_par' dir='ltr' id='par_1_55' title="bbox 442 4141 2012 4211">
     <span class='ocr_line' id='line_1_57' title="bbox 442 4141 2012 4211; baseline -0.001 -18"><span class='ocrx_word' id='word_1_292' title='bbox 442 4150 555 4196; x_wconf 90' lang='lat' dir='ltr'><strong><em>stus</em></strong></span> <span class='ocrx_word' id='word_1_293' title='bbox 586 4145 639 4197; x_wconf 87' lang='lat' dir='ltr'><strong><em>in</em></strong></span> <span class='ocrx_word' id='word_1_294' title='bbox 664 4146 919 4198; x_wconf 90' lang='lat' dir='ltr'><strong><em>unitatem</em></strong></span> <span class='ocrx_word' id='word_1_295' title='bbox 963 4158 1199 4211; x_wconf 73' lang='lat' dir='ltr'><strong><em>persona:</em></strong></span> <span class='ocrx_word' id='word_1_296' title='bbox 1236 4152 1561 4211; x_wconf 84' lang='lat' dir='ltr'><strong><em>assumptum</em></strong></span> <span class='ocrx_word' id='word_1_297' title='bbox 1599 4141 1763 4192; x_wconf 89' lang='lat' dir='ltr'><strong><em>saluti</em></strong></span> <span class='ocrx_word' id='word_1_298' title='bbox 1792 4141 2012 4206; x_wconf 79' lang='lat' dir='ltr'><strong><em>integri-</em></strong></span> 
     </span>
    </p>
   </div>
   <div class='ocr_carea' id='block_1_56' title="bbox 445 4210 2010 4281">
    <p class='ocr_par' dir='ltr' id='par_1_56' title="bbox 445 4210 2010 4281">
     <span class='ocr_line' id='line_1_58' title="bbox 445 4210 2010 4281; baseline 0 -18"><span class='ocrx_word' id='word_1_299' title='bbox 445 4214 641 4281; x_wconf 87' lang='lat' dir='ltr'><strong><em>totique</em></strong></span> <span class='ocrx_word' id='word_1_300' title='bbox 673 4214 917 4267; x_wconf 85' lang='lat' dir='ltr'><strong><em>asseruit.</em></strong></span> <span class='ocrx_word' id='word_1_301' title='bbox 964 4210 1209 4269; x_wconf 80' lang='lat' dir='ltr'><strong><em>Christus</em></strong></span> <span class='ocrx_word' id='word_1_302' title='bbox 1248 4212 1387 4265; x_wconf 87' lang='lat' dir='ltr'><strong><em>Deus</em></strong></span> <span class='ocrx_word' id='word_1_303' title='bbox 1421 4221 1467 4265; x_wconf 92' lang='lat' dir='ltr'><strong><em>et</em></strong></span> <span class='ocrx_word' id='word_1_304' title='bbox 1501 4210 1654 4263; x_wconf 90' lang='lat' dir='ltr'><strong><em>homo</em></strong></span> <span class='ocrx_word' id='word_1_305' title='bbox 1692 4211 1748 4263; x_wconf 92' lang='lat' dir='ltr'><strong><em>in</em></strong></span> <span class='ocrx_word' id='word_1_306' title='bbox 1800 4212 2010 4263; x_wconf 89' lang='lat' dir='ltr'><strong><em>unitate</em></strong></span> 
     </span>
    </p>
   </div>
   <div class='ocr_carea' id='block_1_57' title="bbox 441 4283 1170 4351">
    <p class='ocr_par' dir='ltr' id='par_1_57' title="bbox 441 4283 1170 4351">
     <span class='ocr_line' id='line_1_59' title="bbox 441 4283 1170 4351; baseline 0.001 -17"><span class='ocrx_word' id='word_1_307' title='bbox 441 4298 677 4351; x_wconf 76' lang='lat' dir='ltr'><strong><em>persona:</em></strong></span> <span class='ocrx_word' id='word_1_308' title='bbox 706 4283 1170 4338; x_wconf 86' lang='lat' dir='ltr'><strong><em>incommutabilis.</em></strong></span> 
     </span>
    </p>
   </div>
   <div class='ocr_carea' id='block_1_58' title="bbox 512 4347 2008 4421">
    <p class='ocr_par' dir='ltr' id='par_1_58' title="bbox 512 4347 2008 4421">
     <span class='ocr_line' id='line_1_60' title="bbox 512 4347 2008 4421; baseline -0.003 -15"><span class='ocrx_word' id='word_1_309' title='bbox 512 4351 636 4408; x_wconf 87' lang='grc'>504.</span> <span class='ocrx_word' id='word_1_310' title='bbox 668 4354 939 4421; x_wconf 85' lang='lat' dir='ltr'><strong><em>Impurum</em></strong></span> <span class='ocrx_word' id='word_1_311' title='bbox 964 4363 1184 4407; x_wconf 90' lang='lat' dir='ltr'><strong><em>mentem</em></strong></span> <span class='ocrx_word' id='word_1_312' title='bbox 1217 4367 1322 4421; x_wconf 91' lang='lat' dir='ltr'><strong><em>non</em></strong></span> <span class='ocrx_word' id='word_1_313' title='bbox 1352 4364 1462 4402; x_wconf 89' lang='lat' dir='ltr'><strong><em>esse</em></strong></span> <span class='ocrx_word' id='word_1_314' title='bbox 1488 4347 1709 4402; x_wconf 75' lang='lat' dir='ltr'><strong><em>caelestis</em></strong></span> <span class='ocrx_word' id='word_1_315' title='bbox 1736 4350 2008 4421; x_wconf 84' lang='lat' dir='ltr'><strong><em>sapientite</em></strong></span> 
     </span>
    </p>
   </div>
   <div class='ocr_carea' id='block_1_59' title="bbox 442 4420 2008 4490">
    <p class='ocr_par' dir='ltr' id='par_1_59' title="bbox 442 4420 2008 4490">
     <span class='ocr_line' id='line_1_61' title="bbox 442 4420 2008 4490; baseline -0.001 -17"><span class='ocrx_word' id='word_1_316' title='bbox 442 4435 689 4489; x_wconf 88' lang='lat' dir='ltr'><strong><em>capacem</em></strong></span> <span class='ocrx_word' id='word_1_317' title='bbox 721 4420 814 4477; x_wconf 87' lang='lat' dir='ltr'><strong><em>aut</em></strong></span> <span class='ocrx_word' id='word_1_318' title='bbox 852 4425 1110 4487; x_wconf 88' lang='lat' dir='ltr'><strong><em>docilem,</em></strong></span> <span class='ocrx_word' id='word_1_319' title='bbox 1147 4432 1202 4475; x_wconf 89' lang='lat' dir='ltr'><strong><em>ut</em></strong></span> <span class='ocrx_word' id='word_1_320' title='bbox 1244 4420 1418 4490; x_wconf 88' lang='lat' dir='ltr'><strong><em>lippus</em></strong></span> <span class='ocrx_word' id='word_1_321' title='bbox 1467 4421 1648 4472; x_wconf 90' lang='lat' dir='ltr'><strong><em>oculus</em></strong></span> <span class='ocrx_word' id='word_1_322' title='bbox 1682 4420 2008 4487; x_wconf 87' lang='lat' dir='ltr'><strong><em>splendorem</em></strong></span> 
     </span>
    </p>
   </div>
   <div class='ocr_carea' id='block_1_60' title="bbox 442 4492 1018 4563">
    <p class='ocr_par' dir='ltr' id='par_1_60' title="bbox 442 4492 1018 4563">
     <span class='ocr_line' id='line_1_62' title="bbox 442 4492 1018 4563; baseline 0.009 -20"><span class='ocrx_word' id='word_1_323' title='bbox 442 4492 573 4563; x_wconf 82' lang='lat' dir='ltr'><strong><em>solis</em></strong></span> <span class='ocrx_word' id='word_1_324' title='bbox 594 4498 790 4563; x_wconf 78' lang='lat' dir='ltr'><strong><em>intueri</em></strong></span> <span class='ocrx_word' id='word_1_325' title='bbox 821 4496 1018 4563; x_wconf 88' lang='lat' dir='ltr'><strong><em>nequit.</em></strong></span> 
     </span>
    </p>
   </div>
   <div class='ocr_carea' id='block_1_61' title="bbox 513 4556 2004 4632">
    <p class='ocr_par' dir='ltr' id='par_1_61' title="bbox 513 4556 2004 4632">
     <span class='ocr_line' id='line_1_63' title="bbox 513 4556 2004 4632; baseline -0.005 -17"><span class='ocrx_word' id='word_1_326' title='bbox 513 4561 619 4616; x_wconf 85' lang='lat'><strong>505</strong></span> <span class='ocrx_word' id='word_1_327' title='bbox 650 4563 799 4616; x_wconf 89' lang='lat' dir='ltr'><strong><em>Nova</em></strong></span> <span class='ocrx_word' id='word_1_328' title='bbox 828 4556 1190 4631; x_wconf 78' lang='lat' dir='ltr'><strong><em>interpretatio</em></strong></span> <span class='ocrx_word' id='word_1_329' title='bbox 1224 4556 1389 4632; x_wconf 78' lang='grc' dir='ltr'><strong><em>ῥητοῦ</em></strong></span> <span class='ocrx_word' id='word_1_330' title='bbox 1422 4556 1614 4627; x_wconf 90' lang='lat' dir='ltr'><strong><em>psalmi</em></strong></span> <span class='ocrx_word' id='word_1_331' title='bbox 1640 4573 1767 4611; x_wconf 75' lang='lat' dir='ltr'><strong><em>CXIX</em></strong></span> <span class='ocrx_word' id='word_1_332' title='bbox 1796 4575 1810 4611; x_wconf 88' lang='lat'><strong>:</strong></span> <span class='ocrx_word' id='word_1_333' title='bbox 1848 4577 1866 4610; x_wconf 75' lang='grc' dir='ltr'><strong>ε</strong></span> <span class='ocrx_word' id='word_1_334' title='bbox 1894 4556 2004 4609; x_wconf 82' lang='lat' dir='ltr'><strong><em>Ad-</em></strong></span> 
     </span>
    </p>
   </div>
   <div class='ocr_carea' id='block_1_62' title="bbox 443 4630 1343 4697">
    <p class='ocr_par' dir='ltr' id='par_1_62' title="bbox 443 4630 1343 4697">
     <span class='ocr_line' id='line_1_64' title="bbox 443 4630 1343 4697; baseline -0.001 -14"><span class='ocrx_word' id='word_1_335' title='bbox 443 4630 594 4687; x_wconf 78' lang='lat' dir='ltr'><strong><em>htesit</em></strong></span> <span class='ocrx_word' id='word_1_336' title='bbox 622 4635 912 4697; x_wconf 86' lang='lat' dir='ltr'><strong><em>pavimento</em></strong></span> <span class='ocrx_word' id='word_1_337' title='bbox 942 4630 1119 4686; x_wconf 88' lang='lat' dir='ltr'><strong><em>anima</em></strong></span> <span class='ocrx_word' id='word_1_338' title='bbox 1148 4630 1282 4685; x_wconf 82' lang='lat' dir='ltr'><strong><em>meo.</em></strong></span> <span class='ocrx_word' id='word_1_339' title='bbox 1325 4650 1343 4682; x_wconf 71' lang='grc' dir='ltr'><strong><em>ι</em></strong></span> 
     </span>
    </p>
   </div>
   <div class='ocr_carea' id='block_1_63' title="bbox 516 4696 2006 4768">
    <p class='ocr_par' dir='ltr' id='par_1_63' title="bbox 516 4696 2006 4768">
     <span class='ocr_line' id='line_1_65' title="bbox 516 4696 2006 4768; baseline -0.002 -13"><span class='ocrx_word' id='word_1_340' title='bbox 516 4696 629 4755; x_wconf 90' lang='grc'><strong><em>506</em></strong></span> <span class='ocrx_word' id='word_1_341' title='bbox 653 4701 829 4755; x_wconf 85' lang='lat' dir='ltr'><strong><em>Etiam</em></strong></span> <span class='ocrx_word' id='word_1_342' title='bbox 874 4706 927 4755; x_wconf 90' lang='lat' dir='ltr'><strong><em>in</em></strong></span> <span class='ocrx_word' id='word_1_343' title='bbox 967 4703 1143 4756; x_wconf 87' lang='lat' dir='ltr'><strong><em>servili</em></strong></span> <span class='ocrx_word' id='word_1_344' title='bbox 1180 4700 1477 4754; x_wconf 87' lang='lat' dir='ltr'><strong><em>conditione</em></strong></span> <span class='ocrx_word' id='word_1_345' title='bbox 1515 4699 1835 4768; x_wconf 17' lang='lat' dir='ltr'><strong><em>potestiquis</em></strong></span> <span class='ocrx_word' id='word_1_346' title='bbox 1876 4696 2006 4752; x_wconf 89' lang='lat' dir='ltr'><strong><em>libe-</em></strong></span> 
     </span>
    </p>
   </div>
   <div class='ocr_carea' id='block_1_64' title="bbox 442 4767 2004 4842">
    <p class='ocr_par' dir='ltr' id='par_1_64' title="bbox 442 4767 2004 4842">
     <span class='ocr_line' id='line_1_66' title="bbox 442 4767 2004 4842; baseline 0 -20"><span class='ocrx_word' id='word_1_347' title='bbox 442 4786 559 4842; x_wconf 88' lang='lat' dir='ltr'><strong><em>rum</em></strong></span> <span class='ocrx_word' id='word_1_348' title='bbox 602 4781 756 4841; x_wconf 91' lang='lat' dir='ltr'><strong><em>atque</em></strong></span> <span class='ocrx_word' id='word_1_349' title='bbox 804 4773 1085 4842; x_wconf 88' lang='lat' dir='ltr'><strong><em>ingenuum</em></strong></span> <span class='ocrx_word' id='word_1_350' title='bbox 1130 4773 1365 4842; x_wconf 83' lang='lat' dir='ltr'><strong><em>animum</em></strong></span> <span class='ocrx_word' id='word_1_351' title='bbox 1408 4785 1608 4842; x_wconf 79' lang='lat' dir='ltr'><strong><em>gerere.</em></strong></span> <span class='ocrx_word' id='word_1_352' title='bbox 1670 4767 1737 4821; x_wconf 90' lang='lat' dir='ltr'><strong><em>In</em></strong></span> <span class='ocrx_word' id='word_1_353' title='bbox 1793 4767 2004 4842; x_wconf 80' lang='lat' dir='ltr'><strong><em>Christo</em></strong></span> 
     </span>
    </p>
   </div>
   <div class='ocr_carea' id='block_1_65' title="bbox 440 4840 1878 4910">
    <p class='ocr_par' dir='ltr' id='par_1_65' title="bbox 440 4840 1878 4910">
     <span class='ocr_line' id='line_1_67' title="bbox 440 4840 1878 4910; baseline -0.001 -17"><span class='ocrx_word' id='word_1_354' title='bbox 440 4841 580 4893; x_wconf 85' lang='lat' dir='ltr'><strong><em>enim</em></strong></span> <span class='ocrx_word' id='word_1_355' title='bbox 614 4840 761 4894; x_wconf 88' lang='lat' dir='ltr'><strong><em>nulla</em></strong></span> <span class='ocrx_word' id='word_1_356' title='bbox 791 4840 873 4895; x_wconf 83' lang='lat' dir='ltr'><strong><em>est</em></strong></span> <span class='ocrx_word' id='word_1_357' title='bbox 891 4844 1190 4910; x_wconf 66' lang='lat' dir='ltr'><strong><em>differentia</em></strong></span> <span class='ocrx_word' id='word_1_358' title='bbox 1224 4840 1375 4893; x_wconf 86' lang='lat' dir='ltr'><strong><em>liberi</em></strong></span> <span class='ocrx_word' id='word_1_359' title='bbox 1396 4840 1623 4891; x_wconf 88' lang='lat' dir='ltr'><strong><em>hominis</em></strong></span> <span class='ocrx_word' id='word_1_360' title='bbox 1651 4848 1701 4891; x_wconf 92' lang='lat' dir='ltr'><strong><em>et</em></strong></span> <span class='ocrx_word' id='word_1_361' title='bbox 1722 4840 1878 4891; x_wconf 85' lang='lat' dir='ltr'><strong><em>servi.</em></strong></span> 
     </span>
    </p>
   </div>
   <div class='ocr_carea' id='block_1_66' title="bbox 511 4910 1829 4980">
    <p class='ocr_par' dir='ltr' id='par_1_66' title="bbox 511 4910 1829 4980">
     <span class='ocr_line' id='line_1_68' title="bbox 511 4910 1829 4980; baseline -0.002 -17"><span class='ocrx_word' id='word_1_362' title='bbox 511 4911 615 4963; x_wconf 89' lang='lat'><strong>507</strong></span> <span class='ocrx_word' id='word_1_363' title='bbox 651 4911 954 4965; x_wconf 88' lang='lat' dir='ltr'><strong><em>Cratulatio</em></strong></span> <span class='ocrx_word' id='word_1_364' title='bbox 983 4914 1221 4980; x_wconf 90' lang='lat' dir='ltr'><strong><em>episcopo</em></strong></span> <span class='ocrx_word' id='word_1_365' title='bbox 1247 4926 1309 4962; x_wconf 75' lang='lat' dir='ltr'><strong><em>ea:</em></strong></span> <span class='ocrx_word' id='word_1_366' title='bbox 1338 4910 1569 4977; x_wconf 87' lang='lat' dir='ltr'><strong><em>periculo</em></strong></span> <span class='ocrx_word' id='word_1_367' title='bbox 1603 4917 1829 4962; x_wconf 87' lang='lat' dir='ltr'><strong><em>servato.</em></strong></span> 
     </span>
    </p>
   </div>
   <div class='ocr_carea' id='block_1_67' title="bbox 513 4980 1445 5037">
    <p class='ocr_par' dir='ltr' id='par_1_67' title="bbox 513 4980 1445 5037">
     <span class='ocr_line' id='line_1_69' title="bbox 513 4980 1445 5037; baseline -0.001 -3"><span class='ocrx_word' id='word_1_368' title='bbox 513 4980 619 5037; x_wconf 87' lang='grc'>508</span> <span class='ocrx_word' id='word_1_369' title='bbox 652 4981 776 5036; x_wconf 83' lang='lat' dir='ltr'><strong><em>Vita</em></strong></span> <span class='ocrx_word' id='word_1_370' title='bbox 806 4983 1099 5036; x_wconf 88' lang='lat' dir='ltr'><strong><em>monastica</em></strong></span> <span class='ocrx_word' id='word_1_371' title='bbox 1124 4991 1199 5034; x_wconf 92' lang='lat' dir='ltr'><strong><em>est</em></strong></span> <span class='ocrx_word' id='word_1_372' title='bbox 1228 4980 1445 5033; x_wconf 84' lang='lat' dir='ltr'><strong><em>militia.</em></strong></span> 
     </span>
    </p>
   </div>
   <div class='ocr_carea' id='block_1_68' title="bbox 512 5046 2000 5121">
    <p class='ocr_par' dir='ltr' id='par_1_68' title="bbox 512 5046 2000 5121">
     <span class='ocr_line' id='line_1_70' title="bbox 512 5046 2000 5121; baseline -0.002 -16"><span class='ocrx_word' id='word_1_373' title='bbox 512 5053 618 5121; x_wconf 85' lang='lat'><strong>509</strong></span> <span class='ocrx_word' id='word_1_374' title='bbox 650 5052 965 5105; x_wconf 77' lang='lat' dir='ltr'><strong><em>Exhortatio</em></strong></span> <span class='ocrx_word' id='word_1_375' title='bbox 986 5053 1053 5104; x_wconf 91' lang='lat' dir='ltr'><strong><em>ad</em></strong></span> <span class='ocrx_word' id='word_1_376' title='bbox 1070 5051 1264 5121; x_wconf 65' lang='lat' dir='ltr'><strong><em>linguae</em></strong></span> <span class='ocrx_word' id='word_1_377' title='bbox 1280 5049 1628 5121; x_wconf 79' lang='lat' dir='ltr'><strong><em>petulantiam</em></strong></span> <span class='ocrx_word' id='word_1_378' title='bbox 1646 5046 2000 5121; x_wconf 84' lang='lat' dir='ltr'><strong><em>coercendam.</em></strong></span> 
     </span>
    </p>
   </div>
   <div class='ocr_carea' id='block_1_69' title="bbox 507 5117 2007 5187">
    <p class='ocr_par' dir='ltr' id='par_1_69' title="bbox 507 5117 2007 5187">
     <span class='ocr_line' id='line_1_71' title="bbox 507 5117 2007 5187; baseline -0.003 -12"><span class='ocrx_word' id='word_1_379' title='bbox 507 5120 612 5175; x_wconf 86' lang='lat'><strong>510</strong></span> <span class='ocrx_word' id='word_1_380' title='bbox 643 5123 944 5175; x_wconf 78' lang='lat' dir='ltr'><strong><em>Admonitio</em></strong></span> <span class='ocrx_word' id='word_1_381' title='bbox 988 5117 1282 5175; x_wconf 74' lang='lat' dir='ltr'><strong><em>necessaria</em></strong></span> <span class='ocrx_word' id='word_1_382' title='bbox 1313 5120 1375 5171; x_wconf 89' lang='lat' dir='ltr'><strong><em>de</em></strong></span> <span class='ocrx_word' id='word_1_383' title='bbox 1414 5117 1690 5187; x_wconf 68' lang='lat' dir='ltr'><strong><em>affectibus</em></strong></span> <span class='ocrx_word' id='word_1_384' title='bbox 1727 5129 1773 5169; x_wconf 89' lang='lat' dir='ltr'><strong><em>et</em></strong></span> <span class='ocrx_word' id='word_1_385' title='bbox 1806 5118 2007 5187; x_wconf 81' lang='lat' dir='ltr'><strong><em>prteju-</em></strong></span> 
     </span>
    </p>
   </div>
   <div class='ocr_carea' id='block_1_70' title="bbox 443 5188 2007 5261">
    <p class='ocr_par' dir='ltr' id='par_1_70' title="bbox 443 5188 2007 5261">
     <span class='ocr_line' id='line_1_72' title="bbox 443 5188 2007 5261; baseline -0.001 -19"><span class='ocrx_word' id='word_1_386' title='bbox 443 5190 599 5261; x_wconf 71' lang='lat' dir='ltr'><strong><em>diciis</em></strong></span> <span class='ocrx_word' id='word_1_387' title='bbox 651 5192 914 5247; x_wconf 87' lang='lat' dir='ltr'><strong><em>cavendis.</em></strong></span> <span class='ocrx_word' id='word_1_388' title='bbox 972 5192 1143 5261; x_wconf 90' lang='lat' dir='ltr'><strong><em>Deque</em></strong></span> <span class='ocrx_word' id='word_1_389' title='bbox 1197 5190 1478 5256; x_wconf 87' lang='lat' dir='ltr'><strong><em>Theophila</em></strong></span> <span class='ocrx_word' id='word_1_390' title='bbox 1520 5188 1709 5257; x_wconf 85' lang='lat' dir='ltr'><strong><em>Cyrilli</em></strong></span> <span class='ocrx_word' id='word_1_391' title='bbox 1750 5188 2007 5242; x_wconf 90' lang='lat' dir='ltr'><strong><em>avunculo</em></strong></span> 
     </span>
    </p>
   </div>
   <div class='ocr_carea' id='block_1_71' title="bbox 442 5258 1408 5332">
    <p class='ocr_par' dir='ltr' id='par_1_71' title="bbox 442 5258 1408 5332">
     <span class='ocr_line' id='line_1_73' title="bbox 442 5258 1408 5332; baseline 0 -20"><span class='ocrx_word' id='word_1_392' title='bbox 442 5258 667 5332; x_wconf 77' lang='lat' dir='ltr'><strong><em>Joannis</em></strong></span> <span class='ocrx_word' id='word_1_393' title='bbox 696 5258 1067 5332; x_wconf 78' lang='lat' dir='ltr'><strong><em>Chrysostomi</em></strong></span> <span class='ocrx_word' id='word_1_394' title='bbox 1086 5263 1408 5332; x_wconf 82' lang='lat' dir='ltr'><strong><em>adversario.</em></strong></span> 
     </span>
    </p>
   </div>
   <div class='ocr_carea' id='block_1_72' title="bbox 509 5327 2007 5401">
    <p class='ocr_par' dir='ltr' id='par_1_72' title="bbox 509 5327 2007 5401">
     <span class='ocr_line' id='line_1_74' title="bbox 509 5327 2007 5401; baseline -0.001 -17"><span class='ocrx_word' id='word_1_395' title='bbox 509 5330 605 5401; x_wconf 82' lang='lat'><strong><em>511</em></strong></span> <span class='ocrx_word' id='word_1_396' title='bbox 645 5332 717 5385; x_wconf 91' lang='lat' dir='ltr'><strong><em>De</em></strong></span> <span class='ocrx_word' id='word_1_397' title='bbox 745 5327 968 5387; x_wconf 73' lang='lat' dir='ltr'><strong><em>concilio</em></strong></span> <span class='ocrx_word' id='word_1_398' title='bbox 994 5332 1183 5401; x_wconf 86' lang='lat' dir='ltr'><strong><em>Ephes.</em></strong></span> <span class='ocrx_word' id='word_1_399' title='bbox 1217 5340 1350 5386; x_wconf 90' lang='lat' dir='ltr'><strong><em>recte</em></strong></span> <span class='ocrx_word' id='word_1_400' title='bbox 1374 5327 1695 5382; x_wconf 87' lang='lat' dir='ltr'><strong><em>instituendo</em></strong></span> <span class='ocrx_word' id='word_1_401' title='bbox 1717 5329 1788 5381; x_wconf 92' lang='lat' dir='ltr'><strong><em>ad</em></strong></span> <span class='ocrx_word' id='word_1_402' title='bbox 1821 5331 2007 5398; x_wconf 88' lang='lat' dir='ltr'><strong><em>imper.</em></strong></span> 
     </span>
    </p>
   </div>
   <div class='ocr_carea' id='block_1_73' title="bbox 448 5397 1763 5459">
    <p class='ocr_par' dir='ltr' id='par_1_73' title="bbox 448 5397 1763 5459">
     <span class='ocr_line' id='line_1_75' title="bbox 448 5397 1763 5459; baseline 0 -7"><span class='ocrx_word' id='word_1_403' title='bbox 448 5397 818 5459; x_wconf 86' lang='lat' dir='ltr'><strong><em>Theodosium.</em></strong></span> <span class='ocrx_word' id='word_1_404' title='bbox 1041 5397 1050 5401; x_wconf 73' lang='grc'><em>’</em></span> <span class='ocrx_word' id='word_1_405' title='bbox 1758 5422 1763 5429; x_wconf 92' lang='grc'>·</span> 
     </span>
    </p>
   </div>
   <div class='ocr_carea' id='block_1_74' title="bbox 514 5468 1438 5528">
    <p class='ocr_par' dir='ltr' id='par_1_74' title="bbox 514 5468 1438 5528">
     <span class='ocr_line' id='line_1_76' title="bbox 514 5468 1438 5528; baseline -0.001 -4"><span class='ocrx_word' id='word_1_406' title='bbox 514 5472 617 5525; x_wconf 83' lang='grc'><strong><em>512</em></strong></span> <span class='ocrx_word' id='word_1_407' title='bbox 655 5472 816 5527; x_wconf 88' lang='lat' dir='ltr'><strong><em>Ficus</em></strong></span> <span class='ocrx_word' id='word_1_408' title='bbox 843 5474 1035 5527; x_wconf 87' lang='lat' dir='ltr'><strong><em>sterilis</em></strong></span> <span class='ocrx_word' id='word_1_409' title='bbox 1064 5468 1438 5528; x_wconf 73' lang='lat' dir='ltr'><strong><em>exscindenda.</em></strong></span> 
     </span>
    </p>
   </div>
   <div class='ocr_carea' id='block_1_75' title="bbox 514 5537 2012 5608">
    <p class='ocr_par' dir='ltr' id='par_1_75' title="bbox 514 5537 2012 5608">
     <span class='ocr_line' id='line_1_77' title="bbox 514 5537 2012 5608; baseline 0 -14"><span class='ocrx_word' id='word_1_410' title='bbox 514 5541 619 5595; x_wconf 88' lang='grc'><strong><em>515</em></strong></span> <span class='ocrx_word' id='word_1_411' title='bbox 646 5542 950 5597; x_wconf 88' lang='lat' dir='ltr'><strong><em>Deltortatio</em></strong></span> <span class='ocrx_word' id='word_1_412' title='bbox 977 5544 1040 5597; x_wconf 91' lang='lat' dir='ltr'><strong><em>ab</em></strong></span> <span class='ocrx_word' id='word_1_413' title='bbox 1066 5547 1316 5599; x_wconf 88' lang='lat' dir='ltr'><strong><em>ebrietate</em></strong></span> <span class='ocrx_word' id='word_1_414' title='bbox 1345 5549 1393 5592; x_wconf 93' lang='lat' dir='ltr'><strong><em>et</em></strong></span> <span class='ocrx_word' id='word_1_415' title='bbox 1424 5537 1593 5589; x_wconf 69' lang='lat' dir='ltr'><strong><em>abusa</em></strong></span> <span class='ocrx_word' id='word_1_416' title='bbox 1625 5539 1752 5601; x_wconf 90' lang='lat' dir='ltr'><strong><em>vini,</em></strong></span> <span class='ocrx_word' id='word_1_417' title='bbox 1780 5556 1843 5593; x_wconf 76' lang='lat' dir='ltr'><strong><em>ex</em></strong></span> <span class='ocrx_word' id='word_1_418' title='bbox 1863 5556 2012 5608; x_wconf 67' lang='lat' dir='ltr'><strong><em>cujus</em></strong></span> 
     </span>
    </p>
   </div>
   <div class='ocr_carea' id='block_1_76' title="bbox 445 5609 2011 5680">
    <p class='ocr_par' dir='ltr' id='par_1_76' title="bbox 445 5609 2011 5680">
     <span class='ocr_line' id='line_1_78' title="bbox 445 5609 2011 5680; baseline 0.001 -18"><span class='ocrx_word' id='word_1_419' title='bbox 445 5612 693 5677; x_wconf 84' lang='lat' dir='ltr'><strong><em>primitiis</em></strong></span> <span class='ocrx_word' id='word_1_420' title='bbox 740 5612 969 5680; x_wconf 85' lang='lat' dir='ltr'><strong><em>Spiritus</em></strong></span> <span class='ocrx_word' id='word_1_421' title='bbox 1016 5616 1226 5669; x_wconf 88' lang='lat' dir='ltr'><strong><em>divinus</em></strong></span> <span class='ocrx_word' id='word_1_422' title='bbox 1268 5609 1580 5680; x_wconf 82' lang='lat' dir='ltr'><strong><em>sanguinem</em></strong></span> <span class='ocrx_word' id='word_1_423' title='bbox 1609 5609 1806 5664; x_wconf 88' lang='lat' dir='ltr'><strong><em>Christi</em></strong></span> <span class='ocrx_word' id='word_1_424' title='bbox 1838 5610 2011 5677; x_wconf 69' lang='lat' dir='ltr'><strong><em>efﬁcit.</em></strong></span> 
     </span>
    </p>
   </div>
   <div class='ocr_carea' id='block_1_77' title="bbox 467 5678 2013 5763">
    <p class='ocr_par' dir='ltr' id='par_1_77' title="bbox 467 5678 2013 5763">
     <span class='ocr_line' id='line_1_79' title="bbox 467 5678 2013 5763; baseline -0.001 -29"><span class='ocrx_word' id='word_1_425' title='bbox 467 5752 480 5763; x_wconf 46' lang='lat'><strong>&#39;</strong></span> <span class='ocrx_word' id='word_1_426' title='bbox 518 5681 621 5734; x_wconf 82' lang='grc'><strong><em>514</em></strong></span> <span class='ocrx_word' id='word_1_427' title='bbox 652 5678 965 5763; x_wconf 68' lang='lat' dir='ltr'><strong><em>objurgatio</em></strong></span> <span class='ocrx_word' id='word_1_428' title='bbox 1006 5685 1249 5741; x_wconf 88' lang='lat' dir='ltr'><strong><em>monachi</em></strong></span> <span class='ocrx_word' id='word_1_429' title='bbox 1287 5678 1458 5754; x_wconf 80' lang='lat' dir='ltr'><strong><em>gulosi</em></strong></span> <span class='ocrx_word' id='word_1_430' title='bbox 1494 5693 1556 5731; x_wconf 87' lang='lat' dir='ltr'><strong><em>ac</em></strong></span> <span class='ocrx_word' id='word_1_431' title='bbox 1603 5682 1737 5752; x_wconf 86' lang='lat' dir='ltr'><strong><em>vagi,</em></strong></span> <span class='ocrx_word' id='word_1_432' title='bbox 1778 5682 2013 5750; x_wconf 81' lang='lat' dir='ltr'><strong><em>quamvis</em></strong></span> 
     </span>
    </p>
   </div>
   <div class='ocr_carea' id='block_1_78' title="bbox 460 5756 981 5823">
    <p class='ocr_par' dir='ltr' id='par_1_78' title="bbox 460 5756 981 5823">
     <span class='ocr_line' id='line_1_80' title="bbox 460 5756 981 5823; baseline 0.006 -18"><span class='ocrx_word' id='word_1_433' title='bbox 460 5756 573 5805; x_wconf 87' lang='lat' dir='ltr'><strong><em>iam</em></strong></span> <span class='ocrx_word' id='word_1_434' title='bbox 607 5756 760 5805; x_wconf 88' lang='lat' dir='ltr'><strong><em>annis</em></strong></span> <span class='ocrx_word' id='word_1_435' title='bbox 787 5756 981 5823; x_wconf 89' lang='lat' dir='ltr'><strong><em>gravis.</em></strong></span> 
     </span>
    </p>
   </div>
   <div class='ocr_carea' id='block_1_79' title="bbox 1580 332 2667 420">
    <p class='ocr_par' dir='ltr' id='par_1_79' title="bbox 1580 332 2667 420">
     <span class='ocr_line' id='line_1_81' title="bbox 1580 332 2667 420; baseline 0.001 -30"><span class='ocrx_word' id='word_1_436' title='bbox 1580 332 2144 420; x_wconf 23' lang='lat' dir='ltr'><strong><em>PROL‘EGOMENA</em></strong></span> <span class='ocrx_word' id='word_1_437' title='bbox 2180 333 2382 394; x_wconf 90' lang='lat' dir='ltr'><strong><em>EDIT.</em></strong></span> <span class='ocrx_word' id='word_1_438' title='bbox 2422 332 2667 392; x_wconf 83' lang='lat' dir='ltr'><strong><em>PARIS.</em></strong></span> 
     </span>
    </p>
   </div>
   <div class='ocr_carea' id='block_1_80' title="bbox 3594 327 3710 393">
    <p class='ocr_par' dir='ltr' id='par_1_80' title="bbox 3594 327 3710 393">
     <span class='ocr_line' id='line_1_82' title="bbox 3594 327 3710 393; baseline 0 0"><span class='ocrx_word' id='word_1_439' title='bbox 3594 327 3710 393; x_wconf 87' lang='lat'><strong><em>128</em></strong></span> 
     </span>
    </p>
   </div>
   <div class='ocr_carea' id='block_1_81' title="bbox 2203 438 3289 512">
    <p class='ocr_par' dir='ltr' id='par_1_81' title="bbox 2203 438 3289 512">
     <span class='ocr_line' id='line_1_83' title="bbox 2203 438 3289 512; baseline -0.004 -14"><span class='ocrx_word' id='word_1_440' title='bbox 2203 444 2322 498; x_wconf 84' lang='lat'><strong>515-</strong></span> <span class='ocrx_word' id='word_1_441' title='bbox 2342 443 2540 496; x_wconf 88' lang='lat' dir='ltr'><strong><em>Contra</em></strong></span> <span class='ocrx_word' id='word_1_442' title='bbox 2571 444 2869 512; x_wconf 83' lang='lat' dir='ltr'><strong><em>episcopum</em></strong></span> <span class='ocrx_word' id='word_1_443' title='bbox 2905 438 3289 494; x_wconf 86' lang='lat' dir='ltr'><strong><em>Simoniacum.</em></strong></span> 
     </span>
    </p>
   </div>
   <div class='ocr_carea' id='block_1_82' title="bbox 2197 509 3703 567">
    <p class='ocr_par' dir='ltr' id='par_1_82' title="bbox 2197 509 3703 567">
     <span class='ocr_line' id='line_1_84' title="bbox 2197 509 3703 567; baseline -0.001 0"><span class='ocrx_word' id='word_1_444' title='bbox 2197 514 2300 567; x_wconf 88' lang='lat'><strong><em>516</em></strong></span> <span class='ocrx_word' id='word_1_445' title='bbox 2342 513 2413 565; x_wconf 92' lang='lat' dir='ltr'><strong><em>De</em></strong></span> <span class='ocrx_word' id='word_1_446' title='bbox 2437 524 2580 567; x_wconf 90' lang='lat' dir='ltr'><strong><em>recta</em></strong></span> <span class='ocrx_word' id='word_1_447' title='bbox 2598 509 2905 566; x_wconf 64' lang='lat' dir='ltr'><strong><em>liberorum</em></strong></span> <span class='ocrx_word' id='word_1_448' title='bbox 2930 512 3240 565; x_wconf 89' lang='lat' dir='ltr'><strong><em>educatione</em></strong></span> <span class='ocrx_word' id='word_1_449' title='bbox 3264 520 3313 563; x_wconf 85' lang='lat' dir='ltr'><strong><em>et</em></strong></span> <span class='ocrx_word' id='word_1_450' title='bbox 3345 509 3703 566; x_wconf 85' lang='lat' dir='ltr'><strong><em>institutione.</em></strong></span> 
     </span>
    </p>
   </div>
   <div class='ocr_carea' id='block_1_83' title="bbox 2196 589 3703 660">
    <p class='ocr_par' dir='ltr' id='par_1_83' title="bbox 2196 589 3703 660">
     <span class='ocr_line' id='line_1_85' title="bbox 2196 589 3703 660; baseline -0.003 -12"><span class='ocrx_word' id='word_1_451' title='bbox 2196 594 2298 648; x_wconf 86' lang='lat'><strong><em>517</em></strong></span> <span class='ocrx_word' id='word_1_452' title='bbox 2336 593 2677 647; x_wconf 88' lang='lat' dir='ltr'><strong><em>Collaudatio</em></strong></span> <span class='ocrx_word' id='word_1_453' title='bbox 2740 591 2988 647; x_wconf 86' lang='lat' dir='ltr'><strong><em>solventis</em></strong></span> <span class='ocrx_word' id='word_1_454' title='bbox 3048 591 3317 660; x_wconf 89' lang='lat' dir='ltr'><strong><em>primitias</em></strong></span> <span class='ocrx_word' id='word_1_455' title='bbox 3366 600 3416 644; x_wconf 90' lang='lat' dir='ltr'><strong><em>et</em></strong></span> <span class='ocrx_word' id='word_1_456' title='bbox 3465 589 3703 644; x_wconf 84' lang='lat' dir='ltr'><strong><em>decimas</em></strong></span> 
     </span>
    </p>
   </div>
   <div class='ocr_carea' id='block_1_84' title="bbox 2126 664 2418 733">
    <p class='ocr_par' dir='ltr' id='par_1_84' title="bbox 2126 664 2418 733">
     <span class='ocr_line' id='line_1_86' title="bbox 2126 664 2418 733; baseline 0 -18"><span class='ocrx_word' id='word_1_457' title='bbox 2126 664 2418 733; x_wconf 86' lang='lat' dir='ltr'><strong><em>fructuum.</em></strong></span> 
     </span>
    </p>
   </div>
   <div class='ocr_carea' id='block_1_85' title="bbox 2197 729 3329 799">
    <p class='ocr_par' dir='ltr' id='par_1_85' title="bbox 2197 729 3329 799">
     <span class='ocr_line' id='line_1_87' title="bbox 2197 729 3329 799; baseline -0.003 -13"><span class='ocrx_word' id='word_1_458' title='bbox 2197 734 2299 786; x_wconf 91' lang='grc'>518</span> <span class='ocrx_word' id='word_1_459' title='bbox 2334 731 2640 798; x_wconf 84' lang='lat' dir='ltr'><strong><em>Deprecatio</em></strong></span> <span class='ocrx_word' id='word_1_460' title='bbox 2670 747 2764 799; x_wconf 90' lang='lat' dir='ltr'><strong><em>pro</em></strong></span> <span class='ocrx_word' id='word_1_461' title='bbox 2800 730 3055 783; x_wconf 84' lang='lat' dir='ltr'><strong><em>monacho</em></strong></span> <span class='ocrx_word' id='word_1_462' title='bbox 3086 729 3329 799; x_wconf 87' lang='lat' dir='ltr'><strong><em>fugitivo.</em></strong></span> 
     </span>
    </p>
   </div>
   <div class='ocr_carea' id='block_1_86' title="bbox 2196 797 3709 884">
    <p class='ocr_par' dir='ltr' id='par_1_86' title="bbox 2196 797 3709 884">
     <span class='ocr_line' id='line_1_88' title="bbox 2196 797 3709 884; baseline -0.004 -27"><span class='ocrx_word' id='word_1_463' title='bbox 2196 803 2300 884; x_wconf 73' lang='lat'><strong>519</strong></span> <span class='ocrx_word' id='word_1_464' title='bbox 2328 797 2678 867; x_wconf 32' lang='lat' dir='ltr'><strong><em>Admonitiop</em></strong></span> <span class='ocrx_word' id='word_1_465' title='bbox 2717 810 2773 855; x_wconf 92' lang='lat' dir='ltr'><strong><em>ut</em></strong></span> <span class='ocrx_word' id='word_1_466' title='bbox 2831 797 3094 854; x_wconf 81' lang='lat' dir='ltr'><strong><em>sacerdos</em></strong></span> <span class='ocrx_word' id='word_1_467' title='bbox 3132 810 3315 869; x_wconf 88' lang='lat' dir='ltr'><strong><em>typum</em></strong></span> <span class='ocrx_word' id='word_1_468' title='bbox 3367 814 3420 851; x_wconf 92' lang='lat' dir='ltr'><strong><em>se</em></strong></span> <span class='ocrx_word' id='word_1_469' title='bbox 3467 797 3709 868; x_wconf 77' lang='lat' dir='ltr'><strong><em>praebeat</em></strong></span> 
     </span>
    </p>
   </div>
   <div class='ocr_carea' id='block_1_87' title="bbox 2121 889 3527 1009">
    <p class='ocr_par' dir='ltr' id='par_1_87' title="bbox 2121 889 3527 1009">
     <span class='ocr_line' id='line_1_89' title="bbox 2121 889 3527 1009; baseline -0.002 -14"><span class='ocrx_word' id='word_1_470' title='bbox 2121 889 2465 997; x_wconf 43' lang='lat' dir='ltr'><strong><em>grggi‘i&#39;Cula</em></strong></span> <span class='ocrx_word' id='word_1_471' title='bbox 2485 953 2559 996; x_wconf 90' lang='lat' dir='ltr'><strong><em>est</em></strong></span> <span class='ocrx_word' id='word_1_472' title='bbox 2587 958 2737 996; x_wconf 91' lang='lat' dir='ltr'><strong><em>soror</em></strong></span> <span class='ocrx_word' id='word_1_473' title='bbox 2765 940 2842 994; x_wconf 89' lang='lat' dir='ltr'><strong><em>vel</em></strong></span> <span class='ocrx_word' id='word_1_474' title='bbox 2879 942 3052 1009; x_wconf 89' lang='lat' dir='ltr'><strong><em>potius</em></strong></span> <span class='ocrx_word' id='word_1_475' title='bbox 3080 948 3250 992; x_wconf 88' lang='lat' dir='ltr'><strong><em>mater</em></strong></span> <span class='ocrx_word' id='word_1_476' title='bbox 3271 936 3527 1009; x_wconf 77' lang='lat' dir='ltr'><strong><em>libidinis.</em></strong></span> 
     </span>
    </p>
   </div>
   <div class='ocr_carea' id='block_1_88' title="bbox 2194 1005 3704 1082">
    <p class='ocr_par' dir='ltr' id='par_1_88' title="bbox 2194 1005 3704 1082">
     <span class='ocr_line' id='line_1_90' title="bbox 2194 1005 3704 1082; baseline -0.003 -16"><span class='ocrx_word' id='word_1_477' title='bbox 2194 1013 2292 1067; x_wconf 91' lang='grc'><strong><em>521</em></strong></span> <span class='ocrx_word' id='word_1_478' title='bbox 2340 1014 2553 1068; x_wconf 90' lang='lat' dir='ltr'><strong><em>Dictum</em></strong></span> <span class='ocrx_word' id='word_1_479' title='bbox 2618 1011 2811 1082; x_wconf 86' lang='lat' dir='ltr'><strong><em>psalmi</em></strong></span> <span class='ocrx_word' id='word_1_480' title='bbox 2842 1005 2892 1065; x_wconf 83' lang='lat' dir='ltr'><strong><em>ci</em></strong></span> <span class='ocrx_word' id='word_1_481' title='bbox 2937 1012 3305 1081; x_wconf 64' lang='lat' dir='ltr'><strong><em>exponituru</em></strong></span> <span class='ocrx_word' id='word_1_482' title='bbox 3357 1005 3423 1060; x_wconf 87' lang='lat' dir='ltr'><strong><em>In</em></strong></span> <span class='ocrx_word' id='word_1_483' title='bbox 3467 1011 3704 1062; x_wconf 89' lang='lat' dir='ltr'><strong><em>matuti-</em></strong></span> 
     </span>
    </p>
   </div>
   <div class='ocr_carea' id='block_1_89' title="bbox 2124 1094 3704 1220">
    <p class='ocr_par' dir='ltr' id='par_1_89' title="bbox 2124 1094 3704 1220">
     <span class='ocr_line' id='line_1_91' title="bbox 2124 1094 2403 1138; baseline 0.007 -1"><span class='ocrx_word' id='word_1_484' title='bbox 2124 1099 2191 1137; x_wconf 88' lang='lat' dir='ltr'><strong><em>no</em></strong></span> <span class='ocrx_word' id='word_1_485' title='bbox 2246 1101 2264 1133; x_wconf 87' lang='grc'><strong>›</strong></span> <span class='ocrx_word' id='word_1_486' title='bbox 2298 1094 2403 1138; x_wconf 78' lang='lat' dir='ltr'><strong><em>etc.</em></strong></span> 
     </span>
     <span class='ocr_line' id='line_1_92' title="bbox 2192 1123 3704 1220; baseline -0.003 -7"><span class='ocrx_word' id='word_1_487' title='bbox 2192 1123 2300 1213; x_wconf 80' lang='lat'><strong><em>522</em></strong></span> <span class='ocrx_word' id='word_1_488' title='bbox 2333 1161 2405 1215; x_wconf 88' lang='lat' dir='ltr'><strong><em>De</em></strong></span> <span class='ocrx_word' id='word_1_489' title='bbox 2431 1159 2727 1213; x_wconf 89' lang='lat' dir='ltr'><strong><em>hominibus</em></strong></span> <span class='ocrx_word' id='word_1_490' title='bbox 2781 1158 3031 1220; x_wconf 89' lang='lat' dir='ltr'><strong><em>indoctis,</em></strong></span> <span class='ocrx_word' id='word_1_491' title='bbox 3062 1157 3278 1211; x_wconf 89' lang='lat' dir='ltr'><strong><em>insulsis</em></strong></span> <span class='ocrx_word' id='word_1_492' title='bbox 3303 1169 3347 1208; x_wconf 90' lang='lat' dir='ltr'><strong><em>et</em></strong></span> <span class='ocrx_word' id='word_1_493' title='bbox 3380 1157 3704 1220; x_wconf 85' lang='lat' dir='ltr'><strong><em>temerariis,</em></strong></span> 
     </span>
    </p>
   </div>
   <div class='ocr_carea' id='block_1_90' title="bbox 2118 1226 3690 1298">
    <p class='ocr_par' dir='ltr' id='par_1_90' title="bbox 2118 1226 3690 1298">
     <span class='ocr_line' id='line_1_93' title="bbox 2118 1226 3690 1298; baseline -0.002 -16"><span class='ocrx_word' id='word_1_494' title='bbox 2118 1231 2208 1298; x_wconf 87' lang='lat' dir='ltr'><strong><em>qui</em></strong></span> <span class='ocrx_word' id='word_1_495' title='bbox 2232 1232 2410 1283; x_wconf 90' lang='lat' dir='ltr'><strong><em>omnia</em></strong></span> <span class='ocrx_word' id='word_1_496' title='bbox 2449 1234 2504 1283; x_wconf 89' lang='lat' dir='ltr'><strong><em>in</em></strong></span> <span class='ocrx_word' id='word_1_497' title='bbox 2556 1229 2813 1291; x_wconf 86' lang='lat' dir='ltr'><strong><em>Ecclesia,</em></strong></span> <span class='ocrx_word' id='word_1_498' title='bbox 2845 1230 3023 1296; x_wconf 89' lang='lat' dir='ltr'><strong><em>repub.</em></strong></span> <span class='ocrx_word' id='word_1_499' title='bbox 3065 1240 3114 1281; x_wconf 91' lang='lat' dir='ltr'><strong><em>et</em></strong></span> <span class='ocrx_word' id='word_1_500' title='bbox 3152 1226 3359 1296; x_wconf 88' lang='lat' dir='ltr'><strong><em>imperii</em></strong></span> <span class='ocrx_word' id='word_1_501' title='bbox 3393 1234 3536 1279; x_wconf 88' lang='lat' dir='ltr'><strong><em>statu</em></strong></span> <span class='ocrx_word' id='word_1_502' title='bbox 3561 1244 3690 1295; x_wconf 71' lang='lat' dir='ltr'><strong><em>per~</em></strong></span> 
     </span>
    </p>
   </div>
   <div class='ocr_carea' id='block_1_91' title="bbox 2122 1300 3009 1368">
    <p class='ocr_par' dir='ltr' id='par_1_91' title="bbox 2122 1300 3009 1368">
     <span class='ocr_line' id='line_1_94' title="bbox 2122 1300 3009 1368; baseline -0.001 -16"><span class='ocrx_word' id='word_1_503' title='bbox 2122 1300 2437 1362; x_wconf 87' lang='lat' dir='ltr'><strong><em>turbarunt,</em></strong></span> <span class='ocrx_word' id='word_1_504' title='bbox 2471 1302 2731 1368; x_wconf 89' lang='lat' dir='ltr'><strong><em>patienter</em></strong></span> <span class='ocrx_word' id='word_1_505' title='bbox 2759 1300 3009 1367; x_wconf 85' lang='lat' dir='ltr'><strong><em>ferendis.</em></strong></span> 
     </span>
    </p>
   </div>
   <div class='ocr_carea' id='block_1_92' title="bbox 2186 1373 3703 1431">
    <p class='ocr_par' dir='ltr' id='par_1_92' title="bbox 2186 1373 3703 1431">
     <span class='ocr_line' id='line_1_95' title="bbox 2186 1373 3703 1431; baseline -0.001 0"><span class='ocrx_word' id='word_1_506' title='bbox 2186 1378 2292 1431; x_wconf 89' lang='grc'><strong><em>525</em></strong></span> <span class='ocrx_word' id='word_1_507' title='bbox 2318 1378 2392 1431; x_wconf 93' lang='lat' dir='ltr'><strong><em>De</em></strong></span> <span class='ocrx_word' id='word_1_508' title='bbox 2431 1377 2584 1431; x_wconf 83' lang='lat' dir='ltr'><strong><em>Verbi</em></strong></span> <span class='ocrx_word' id='word_1_509' title='bbox 2626 1377 2724 1429; x_wconf 92' lang='lat' dir='ltr'><strong><em>Dei</em></strong></span> <span class='ocrx_word' id='word_1_510' title='bbox 2770 1378 3153 1429; x_wconf 81' lang='lat' dir='ltr'><strong><em>incarnatione.</em></strong></span> <span class='ocrx_word' id='word_1_511' title='bbox 3202 1373 3344 1427; x_wconf 89' lang='lat' dir='ltr'><strong><em>Laus</em></strong></span> <span class='ocrx_word' id='word_1_512' title='bbox 3389 1376 3703 1429; x_wconf 82' lang='lat' dir='ltr'><strong><em>Athanasii.</em></strong></span> 
     </span>
    </p>
   </div>
   <div class='ocr_carea' id='block_1_93' title="bbox 2187 1445 3554 1515">
    <p class='ocr_par' dir='ltr' id='par_1_93' title="bbox 2187 1445 3554 1515">
     <span class='ocr_line' id='line_1_96' title="bbox 2187 1445 3554 1515; baseline -0.001 -14"><span class='ocrx_word' id='word_1_513' title='bbox 2187 1446 2294 1501; x_wconf 81' lang='grc'><strong><em>524</em></strong></span> <span class='ocrx_word' id='word_1_514' title='bbox 2325 1446 2694 1501; x_wconf 85' lang='lat' dir='ltr'><strong><em>Inconstantia</em></strong></span> <span class='ocrx_word' id='word_1_515' title='bbox 2715 1456 2764 1500; x_wconf 91' lang='lat' dir='ltr'><strong><em>et</em></strong></span> <span class='ocrx_word' id='word_1_516' title='bbox 2797 1446 3069 1511; x_wconf 79' lang='grc' dir='ltr'>κενοδοξία</span> <span class='ocrx_word' id='word_1_517' title='bbox 3095 1445 3285 1515; x_wconf 86' lang='lat' dir='ltr'><strong><em>Cyrilli</em></strong></span> <span class='ocrx_word' id='word_1_518' title='bbox 3317 1455 3554 1515; x_wconf 74' lang='lat' dir='ltr'><strong><em>taxatur.</em></strong></span> 
     </span>
    </p>
   </div>
   <div class='ocr_carea' id='block_1_94' title="bbox 2191 1511 3365 1585">
    <p class='ocr_par' dir='ltr' id='par_1_94' title="bbox 2191 1511 3365 1585">
     <span class='ocr_line' id='line_1_97' title="bbox 2191 1511 3365 1585; baseline 0.005 -16"><span class='ocrx_word' id='word_1_519' title='bbox 2191 1517 2298 1570; x_wconf 89' lang='lat'><strong><em>525</em></strong></span> <span class='ocrx_word' id='word_1_520' title='bbox 2325 1517 2533 1585; x_wconf 88' lang='lat' dir='ltr'><strong><em>Lingua</em></strong></span> <span class='ocrx_word' id='word_1_521' title='bbox 2564 1517 2904 1585; x_wconf 88' lang='lat' dir='ltr'><strong><em>refrenanda.</em></strong></span> <span class='ocrx_word' id='word_1_522' title='bbox 3142 1511 3158 1515; x_wconf 48' lang='grc'><strong>⁷</strong></span> <span class='ocrx_word' id='word_1_523' title='bbox 3339 1511 3365 1585; x_wconf 19' lang='grc' dir='ltr'><em>γ’</em></span> 
     </span>
    </p>
   </div>
   <div class='ocr_carea' id='block_1_95' title="bbox 2185 1584 3537 1653">
    <p class='ocr_par' dir='ltr' id='par_1_95' title="bbox 2185 1584 3537 1653">
     <span class='ocr_line' id='line_1_98' title="bbox 2185 1584 3537 1653; baseline -0.001 -14"><span class='ocrx_word' id='word_1_524' title='bbox 2185 1587 2291 1639; x_wconf 81' lang='grc'><strong><em>526</em></strong></span> <span class='ocrx_word' id='word_1_525' title='bbox 2317 1584 2570 1640; x_wconf 75' lang='lat' dir='ltr'><strong><em>Militaris</em></strong></span> <span class='ocrx_word' id='word_1_526' title='bbox 2598 1584 2879 1639; x_wconf 89' lang='lat' dir='ltr'><strong><em>insolentia</em></strong></span> <span class='ocrx_word' id='word_1_527' title='bbox 2905 1586 2959 1638; x_wconf 90' lang='lat' dir='ltr'><strong><em>in</em></strong></span> <span class='ocrx_word' id='word_1_528' title='bbox 2988 1586 3227 1638; x_wconf 90' lang='lat' dir='ltr'><strong><em>ordinem</em></strong></span> <span class='ocrx_word' id='word_1_529' title='bbox 3255 1584 3537 1653; x_wconf 86' lang='lat' dir='ltr'><strong><em>redigitur.</em></strong></span> 
     </span>
    </p>
   </div>
   <div class='ocr_carea' id='block_1_96' title="bbox 2185 1655 3031 1710">
    <p class='ocr_par' dir='ltr' id='par_1_96' title="bbox 2185 1655 3031 1710">
     <span class='ocr_line' id='line_1_99' title="bbox 2185 1655 3031 1710; baseline -0.001 -2"><span class='ocrx_word' id='word_1_530' title='bbox 2185 1656 2290 1709; x_wconf 89' lang='lat'><strong><em>527</em></strong></span> <span class='ocrx_word' id='word_1_531' title='bbox 2320 1655 2398 1709; x_wconf 92' lang='lat' dir='ltr'><strong><em>De</em></strong></span> <span class='ocrx_word' id='word_1_532' title='bbox 2418 1658 2760 1710; x_wconf 86' lang='lat' dir='ltr'><strong><em>concussione</em></strong></span> <span class='ocrx_word' id='word_1_533' title='bbox 2786 1656 3031 1707; x_wconf 89' lang='lat' dir='ltr'><strong><em>militari.</em></strong></span> 
     </span>
    </p>
   </div>
   <div class='ocr_carea' id='block_1_97' title="bbox 2191 1725 3025 1796">
    <p class='ocr_par' dir='ltr' id='par_1_97' title="bbox 2191 1725 3025 1796">
     <span class='ocr_line' id='line_1_100' title="bbox 2191 1725 3025 1796; baseline -0.002 -19"><span class='ocrx_word' id='word_1_534' title='bbox 2191 1725 2297 1796; x_wconf 86' lang='lat'><strong><em>528</em></strong></span> <span class='ocrx_word' id='word_1_535' title='bbox 2324 1725 2418 1779; x_wconf 88' lang='lat' dir='ltr'><strong><em>Ira</em></strong></span> <span class='ocrx_word' id='word_1_536' title='bbox 2446 1728 2657 1796; x_wconf 91' lang='lat' dir='ltr'><strong><em>gravior</em></strong></span> <span class='ocrx_word' id='word_1_537' title='bbox 2682 1725 3025 1796; x_wconf 82' lang='lat' dir='ltr'><strong><em>blasphemia.</em></strong></span> 
     </span>
    </p>
   </div>
   <div class='ocr_carea' id='block_1_98' title="bbox 2187 1792 3395 1865">
    <p class='ocr_par' dir='ltr' id='par_1_98' title="bbox 2187 1792 3395 1865">
     <span class='ocr_line' id='line_1_101' title="bbox 2187 1792 3395 1865; baseline -0.001 -18"><span class='ocrx_word' id='word_1_538' title='bbox 2187 1795 2292 1849; x_wconf 88' lang='lat'><strong>529</strong></span> <span class='ocrx_word' id='word_1_539' title='bbox 2324 1796 2401 1848; x_wconf 91' lang='lat' dir='ltr'><strong><em>De</em></strong></span> <span class='ocrx_word' id='word_1_540' title='bbox 2428 1792 2836 1865; x_wconf 72' lang='lat' dir='ltr'><strong><em>intemperantia</em></strong></span> <span class='ocrx_word' id='word_1_541' title='bbox 2866 1794 3059 1865; x_wconf 76' lang='lat' dir='ltr'><strong><em>lingua:</em></strong></span> <span class='ocrx_word' id='word_1_542' title='bbox 3089 1792 3395 1865; x_wconf 86' lang='lat' dir='ltr'><strong><em>coercenda.</em></strong></span> 
     </span>
    </p>
   </div>
   <div class='ocr_carea' id='block_1_99' title="bbox 2183 1864 3691 1933">
    <p class='ocr_par' dir='ltr' id='par_1_99' title="bbox 2183 1864 3691 1933">
     <span class='ocr_line' id='line_1_102' title="bbox 2183 1864 3691 1933; baseline -0.003 -15"><span class='ocrx_word' id='word_1_543' title='bbox 2183 1866 2289 1919; x_wconf 86' lang='lat'><strong>550</strong></span> <span class='ocrx_word' id='word_1_544' title='bbox 2321 1866 2461 1918; x_wconf 89' lang='lat' dir='ltr'><strong><em>Dicti</em></strong></span> <span class='ocrx_word' id='word_1_545' title='bbox 2485 1864 2621 1933; x_wconf 89' lang='lat' dir='ltr'><strong><em>psal.</em></strong></span> <span class='ocrx_word' id='word_1_546' title='bbox 2671 1881 2818 1929; x_wconf 81' lang='lat' dir='ltr'><strong><em>cxIx,</em></strong></span> <span class='ocrx_word' id='word_1_547' title='bbox 2849 1881 2868 1915; x_wconf 71' lang='grc' dir='ltr'><strong>α</strong></span> <span class='ocrx_word' id='word_1_548' title='bbox 2900 1864 3021 1917; x_wconf 86' lang='grc' dir='ltr'><strong><em>Νοη</em></strong></span> <span class='ocrx_word' id='word_1_549' title='bbox 3040 1873 3115 1917; x_wconf 89' lang='lat' dir='ltr'><strong><em>est</em></strong></span> <span class='ocrx_word' id='word_1_550' title='bbox 3148 1864 3524 1927; x_wconf 63' lang='lat' dir='ltr'><strong><em>occultatum,»</em></strong></span> <span class='ocrx_word' id='word_1_551' title='bbox 3553 1874 3691 1927; x_wconf 83' lang='lat' dir='ltr'><strong><em>etc.,</em></strong></span> 
     </span>
    </p>
   </div>
   <div class='ocr_carea' id='block_1_100' title="bbox 2112 1935 2810 2004">
    <p class='ocr_par' dir='ltr' id='par_1_100' title="bbox 2112 1935 2810 2004">
     <span class='ocr_line' id='line_1_103' title="bbox 2112 1935 2810 2004; baseline -0.001 -15"><span class='ocrx_word' id='word_1_552' title='bbox 2112 1935 2373 2004; x_wconf 76' lang='lat' dir='ltr'><strong><em>expositio</em></strong></span> <span class='ocrx_word' id='word_1_553' title='bbox 2407 1953 2540 1989; x_wconf 87' lang='lat' dir='ltr'><strong><em>nova</em></strong></span> <span class='ocrx_word' id='word_1_554' title='bbox 2574 1944 2624 1990; x_wconf 90' lang='lat' dir='ltr'><strong><em>et</em></strong></span> <span class='ocrx_word' id='word_1_555' title='bbox 2652 1936 2810 1988; x_wconf 89' lang='lat' dir='ltr'><strong><em>mira.</em></strong></span> 
     </span>
    </p>
   </div>
   <div class='ocr_carea' id='block_1_101' title="bbox 2182 2012 3260 2085">
    <p class='ocr_par' dir='ltr' id='par_1_101' title="bbox 2182 2012 3260 2085">
     <span class='ocr_line' id='line_1_104' title="bbox 2182 2012 3260 2085; baseline -0.004 -16"><span class='ocrx_word' id='word_1_556' title='bbox 2182 2016 2280 2069; x_wconf 88' lang='grc'><strong><em>551</em></strong></span> <span class='ocrx_word' id='word_1_557' title='bbox 2314 2014 2593 2085; x_wconf 74' lang='lat' dir='ltr'><strong><em>Expositio</em></strong></span> <span class='ocrx_word' id='word_1_558' title='bbox 2622 2016 2753 2069; x_wconf 89' lang='lat' dir='ltr'><strong><em>dicti</em></strong></span> <span class='ocrx_word' id='word_1_559' title='bbox 2781 2015 3015 2083; x_wconf 88' lang='lat' dir='ltr'><strong><em>ejusdem</em></strong></span> <span class='ocrx_word' id='word_1_560' title='bbox 3041 2012 3260 2085; x_wconf 83' lang='lat' dir='ltr'><strong><em>psalmi.</em></strong></span> 
     </span>
    </p>
   </div>
   <div class='ocr_carea' id='block_1_102' title="bbox 2182 2082 3577 2155">
    <p class='ocr_par' dir='ltr' id='par_1_102' title="bbox 2182 2082 3577 2155">
     <span class='ocr_line' id='line_1_105' title="bbox 2182 2082 3577 2155; baseline -0.001 -17"><span class='ocrx_word' id='word_1_561' title='bbox 2182 2086 2287 2139; x_wconf 89' lang='lat'><strong><em>552</em></strong></span> <span class='ocrx_word' id='word_1_562' title='bbox 2318 2082 2619 2155; x_wconf 86' lang='lat' dir='ltr'><strong><em>Increpatio</em></strong></span> <span class='ocrx_word' id='word_1_563' title='bbox 2642 2082 2851 2154; x_wconf 86' lang='lat' dir='ltr'><strong><em>imperii</em></strong></span> <span class='ocrx_word' id='word_1_564' title='bbox 2886 2083 3272 2153; x_wconf 88' lang='lat' dir='ltr'><strong><em>perturbatoris</em></strong></span> <span class='ocrx_word' id='word_1_565' title='bbox 3305 2082 3577 2137; x_wconf 67' lang='lat' dir='ltr'><strong><em>Ecclesiai.</em></strong></span> 
     </span>
    </p>
   </div>
   <div class='ocr_carea' id='block_1_103' title="bbox 2179 2160 3694 2232">
    <p class='ocr_par' dir='ltr' id='par_1_103' title="bbox 2179 2160 3694 2232">
     <span class='ocr_line' id='line_1_106' title="bbox 2179 2160 3694 2232; baseline -0.003 -15"><span class='ocrx_word' id='word_1_566' title='bbox 2179 2165 2285 2217; x_wconf 89' lang='grc'><strong><em>555</em></strong></span> <span class='ocrx_word' id='word_1_567' title='bbox 2311 2164 2611 2217; x_wconf 80' lang='lat' dir='ltr'><strong><em>Admonitio</em></strong></span> <span class='ocrx_word' id='word_1_568' title='bbox 2639 2165 2702 2217; x_wconf 93' lang='lat' dir='ltr'><strong><em>de</em></strong></span> <span class='ocrx_word' id='word_1_569' title='bbox 2728 2163 3146 2232; x_wconf 72' lang='lat' dir='ltr'><strong><em>futurOJudicio,</em></strong></span> <span class='ocrx_word' id='word_1_570' title='bbox 3178 2163 3228 2213; x_wconf 91' lang='lat' dir='ltr'><strong><em>in</em></strong></span> <span class='ocrx_word' id='word_1_571' title='bbox 3256 2178 3358 2230; x_wconf 90' lang='lat' dir='ltr'><strong><em>quo</em></strong></span> <span class='ocrx_word' id='word_1_572' title='bbox 3408 2160 3694 2214; x_wconf 67' lang='lat' dir='ltr'><strong><em>reddendi:</em></strong></span> 
     </span>
    </p>
   </div>
   <div class='ocr_carea' id='block_1_104' title="bbox 2114 2232 3689 2299">
    <p class='ocr_par' dir='ltr' id='par_1_104' title="bbox 2114 2232 3689 2299">
     <span class='ocr_line' id='line_1_107' title="bbox 2114 2232 3689 2299; baseline -0.002 -13"><span class='ocrx_word' id='word_1_573' title='bbox 2114 2244 2238 2286; x_wconf 87' lang='lat' dir='ltr'><strong><em>sunt</em></strong></span> <span class='ocrx_word' id='word_1_574' title='bbox 2294 2236 2526 2288; x_wconf 86' lang='lat' dir='ltr'><strong><em>rationes</em></strong></span> <span class='ocrx_word' id='word_1_575' title='bbox 2564 2250 2744 2288; x_wconf 91' lang='lat' dir='ltr'><strong><em>corum</em></strong></span> <span class='ocrx_word' id='word_1_576' title='bbox 2777 2233 3017 2285; x_wconf 90' lang='lat' dir='ltr'><strong><em>omnibus</em></strong></span> <span class='ocrx_word' id='word_1_577' title='bbox 3058 2232 3257 2299; x_wconf 86' lang='lat' dir='ltr'><strong><em>angelis</em></strong></span> <span class='ocrx_word' id='word_1_578' title='bbox 3286 2240 3337 2284; x_wconf 93' lang='lat' dir='ltr'><strong><em>et</em></strong></span> <span class='ocrx_word' id='word_1_579' title='bbox 3369 2232 3689 2284; x_wconf 83' lang='lat' dir='ltr'><strong><em>hominibus.</em></strong></span> 
     </span>
    </p>
   </div>
   <div class='ocr_carea' id='block_1_105' title="bbox 2176 2308 3703 2380">
    <p class='ocr_par' dir='ltr' id='par_1_105' title="bbox 2176 2308 3703 2380">
     <span class='ocr_line' id='line_1_108' title="bbox 2176 2308 3703 2380; baseline -0.001 -15"><span class='ocrx_word' id='word_1_580' title='bbox 2176 2313 2279 2365; x_wconf 76' lang='grc'><strong><em>554</em></strong></span> <span class='ocrx_word' id='word_1_581' title='bbox 2304 2311 2531 2376; x_wconf 83' lang='lat' dir='ltr'><strong><em>Quinam</em></strong></span> <span class='ocrx_word' id='word_1_582' title='bbox 2572 2314 2767 2366; x_wconf 86' lang='lat' dir='ltr'><strong><em>mortui</em></strong></span> <span class='ocrx_word' id='word_1_583' title='bbox 2797 2313 2901 2365; x_wconf 89' lang='lat' dir='ltr'><strong><em>sint</em></strong></span> <span class='ocrx_word' id='word_1_584' title='bbox 2943 2311 3177 2380; x_wconf 89' lang='lat' dir='ltr'><strong><em>lugendi.</em></strong></span> <span class='ocrx_word' id='word_1_585' title='bbox 3218 2308 3372 2363; x_wconf 88' lang='lat' dir='ltr'><strong><em>Nova</em></strong></span> <span class='ocrx_word' id='word_1_586' title='bbox 3423 2311 3703 2379; x_wconf 79' lang='lat' dir='ltr'><strong><em>expositio</em></strong></span> 
     </span>
    </p>
   </div>
   <div class='ocr_carea' id='block_1_106' title="bbox 2110 2380 3224 2450">
    <p class='ocr_par' dir='ltr' id='par_1_106' title="bbox 2110 2380 3224 2450">
     <span class='ocr_line' id='line_1_109' title="bbox 2110 2380 3224 2450; baseline -0.004 -17"><span class='ocrx_word' id='word_1_587' title='bbox 2110 2383 2237 2434; x_wconf 87' lang='lat' dir='ltr'><strong><em>dicti</em></strong></span> <span class='ocrx_word' id='word_1_588' title='bbox 2264 2398 2281 2435; x_wconf 92' lang='lat'><em>:</em></span> <span class='ocrx_word' id='word_1_589' title='bbox 2319 2402 2336 2432; x_wconf 86' lang='grc'><strong><em>‹</em></strong></span> <span class='ocrx_word' id='word_1_590' title='bbox 2364 2381 2533 2450; x_wconf 89' lang='lat' dir='ltr'><strong><em>Super</em></strong></span> <span class='ocrx_word' id='word_1_591' title='bbox 2560 2392 2822 2435; x_wconf 86' lang='lat' dir='ltr'><strong><em>mortuum</em></strong></span> <span class='ocrx_word' id='word_1_592' title='bbox 2851 2380 3024 2449; x_wconf 90' lang='lat' dir='ltr'><strong><em>plora,</em></strong></span> <span class='ocrx_word' id='word_1_593' title='bbox 3066 2400 3085 2431; x_wconf 72' lang='grc' dir='ltr'><strong><em>ι</em></strong></span> <span class='ocrx_word' id='word_1_594' title='bbox 3120 2388 3224 2433; x_wconf 81' lang='lat' dir='ltr'><strong><em>etc.</em></strong></span> 
     </span>
    </p>
   </div>
   <div class='ocr_carea' id='block_1_107' title="bbox 2182 2449 3693 2506">
    <p class='ocr_par' dir='ltr' id='par_1_107' title="bbox 2182 2449 3693 2506">
     <span class='ocr_line' id='line_1_110' title="bbox 2182 2449 3693 2506; baseline -0.001 -2"><span class='ocrx_word' id='word_1_595' title='bbox 2182 2452 2286 2505; x_wconf 87' lang='lat'><strong><em>555</em></strong></span> <span class='ocrx_word' id='word_1_596' title='bbox 2341 2449 2580 2505; x_wconf 87' lang='lat' dir='ltr'><strong><em>Consilia</em></strong></span> <span class='ocrx_word' id='word_1_597' title='bbox 2627 2469 2730 2506; x_wconf 90' lang='lat' dir='ltr'><strong><em>non</em></strong></span> <span class='ocrx_word' id='word_1_598' title='bbox 2779 2460 2906 2505; x_wconf 90' lang='lat' dir='ltr'><strong><em>sunt</em></strong></span> <span class='ocrx_word' id='word_1_599' title='bbox 2951 2466 3016 2504; x_wconf 80' lang='lat' dir='ltr'><strong><em>ea:</em></strong></span> <span class='ocrx_word' id='word_1_600' title='bbox 3053 2450 3244 2503; x_wconf 88' lang='lat' dir='ltr'><strong><em>eventis</em></strong></span> <span class='ocrx_word' id='word_1_601' title='bbox 3296 2449 3557 2503; x_wconf 90' lang='lat' dir='ltr'><strong><em>metienda</em></strong></span> <span class='ocrx_word' id='word_1_602' title='bbox 3591 2459 3693 2502; x_wconf 86' lang='lat' dir='ltr'><strong><em>aut</em></strong></span> 
     </span>
    </p>
   </div>
   <div class='ocr_carea' id='block_1_108' title="bbox 2109 2522 2471 2589">
    <p class='ocr_par' dir='ltr' id='par_1_108' title="bbox 2109 2522 2471 2589">
     <span class='ocr_line' id='line_1_111' title="bbox 2109 2522 2471 2589; baseline 0.014 -17"><span class='ocrx_word' id='word_1_603' title='bbox 2109 2522 2471 2589; x_wconf 88' lang='lat' dir='ltr'><strong><em>ponderanda.</em></strong></span> 
     </span>
    </p>
   </div>
   <div class='ocr_carea' id='block_1_109' title="bbox 2178 2589 3683 2659">
    <p class='ocr_par' dir='ltr' id='par_1_109' title="bbox 2178 2589 3683 2659">
     <span class='ocr_line' id='line_1_112' title="bbox 2178 2589 3683 2659; baseline 0 -17"><span class='ocrx_word' id='word_1_604' title='bbox 2178 2590 2281 2643; x_wconf 88' lang='grc'><strong><em>556</em></strong></span> <span class='ocrx_word' id='word_1_605' title='bbox 2305 2591 2607 2644; x_wconf 79' lang='lat' dir='ltr'><strong><em>Admonitio</em></strong></span> <span class='ocrx_word' id='word_1_606' title='bbox 2634 2590 2861 2643; x_wconf 90' lang='lat' dir='ltr'><strong><em>hominis</em></strong></span> <span class='ocrx_word' id='word_1_607' title='bbox 2891 2589 3061 2659; x_wconf 85' lang='lat' dir='ltr'><strong><em>gulosi</em></strong></span> <span class='ocrx_word' id='word_1_608' title='bbox 3082 2600 3309 2643; x_wconf 88' lang='lat' dir='ltr'><strong><em>ventrem</em></strong></span> <span class='ocrx_word' id='word_1_609' title='bbox 3339 2605 3434 2658; x_wconf 91' lang='lat' dir='ltr'><strong><em>pro</em></strong></span> <span class='ocrx_word' id='word_1_610' title='bbox 3461 2590 3683 2643; x_wconf 84' lang='lat' dir='ltr'><strong><em>numine</em></strong></span> 
     </span>
    </p>
   </div>
   <div class='ocr_carea' id='block_1_110' title="bbox 2110 2668 2749 2737">
    <p class='ocr_par' dir='ltr' id='par_1_110' title="bbox 2110 2668 2749 2737">
     <span class='ocr_line' id='line_1_113' title="bbox 2110 2668 2749 2737; baseline 0.003 -18"><span class='ocrx_word' id='word_1_611' title='bbox 2110 2668 2347 2730; x_wconf 88' lang='lat' dir='ltr'><strong><em>colentis,</em></strong></span> <span class='ocrx_word' id='word_1_612' title='bbox 2375 2679 2430 2721; x_wconf 91' lang='lat' dir='ltr'><strong><em>ut</em></strong></span> <span class='ocrx_word' id='word_1_613' title='bbox 2458 2671 2749 2737; x_wconf 83' lang='lat' dir='ltr'><strong><em>resipiscat.</em></strong></span> 
     </span>
    </p>
   </div>
   <div class='ocr_carea' id='block_1_111' title="bbox 2180 2736 3695 2808">
    <p class='ocr_par' dir='ltr' id='par_1_111' title="bbox 2180 2736 3695 2808">
     <span class='ocr_line' id='line_1_114' title="bbox 2180 2736 3695 2808; baseline 0.001 -18"><span class='ocrx_word' id='word_1_614' title='bbox 2180 2739 2281 2791; x_wconf 86' lang='lat'><strong><em>557</em></strong></span> <span class='ocrx_word' id='word_1_615' title='bbox 2320 2739 2596 2806; x_wconf 70' lang='lat' dir='ltr'><strong><em>Expositio</em></strong></span> <span class='ocrx_word' id='word_1_616' title='bbox 2645 2738 3012 2808; x_wconf 72' lang='lat' dir='ltr'><strong><em>grammatica:</em></strong></span> <span class='ocrx_word' id='word_1_617' title='bbox 3056 2737 3161 2790; x_wconf 88' lang='lat' dir='ltr'><strong><em>loci</em></strong></span> <span class='ocrx_word' id='word_1_618' title='bbox 3199 2753 3263 2790; x_wconf 75' lang='lat' dir='ltr'><strong><em>ea:</em></strong></span> <span class='ocrx_word' id='word_1_619' title='bbox 3308 2736 3453 2790; x_wconf 78' lang='lat' dir='ltr'><strong><em>Actis</em></strong></span> <span class='ocrx_word' id='word_1_620' title='bbox 3515 2750 3695 2802; x_wconf 79' lang='lat' dir='ltr'><strong><em>apost.</em></strong></span> 
     </span>
    </p>
   </div>
   <div class='ocr_carea' id='block_1_112' title="bbox 2110 2808 3691 2878">
    <p class='ocr_par' dir='ltr' id='par_1_112' title="bbox 2110 2808 3691 2878">
     <span class='ocr_line' id='line_1_115' title="bbox 2110 2808 3691 2878; baseline 0.002 -19"><span class='ocrx_word' id='word_1_621' title='bbox 2110 2822 2227 2872; x_wconf 87' lang='lat' dir='ltr'><strong><em>cap.</em></strong></span> <span class='ocrx_word' id='word_1_622' title='bbox 2279 2825 2473 2870; x_wconf 72' lang='lat' dir='ltr'><strong><em>xxvm,</em></strong></span> <span class='ocrx_word' id='word_1_623' title='bbox 2526 2810 2613 2875; x_wconf 88' lang='lat'><strong>15,</strong></span> <span class='ocrx_word' id='word_1_624' title='bbox 2653 2824 2815 2878; x_wconf 88' lang='lat' dir='ltr'><strong><em>usque</em></strong></span> <span class='ocrx_word' id='word_1_625' title='bbox 2847 2809 2916 2861; x_wconf 87' lang='lat' dir='ltr'><strong><em>ad</em></strong></span> <span class='ocrx_word' id='word_1_626' title='bbox 2952 2826 2970 2858; x_wconf 74' lang='grc' dir='ltr'><strong><em>ι</em></strong></span> <span class='ocrx_word' id='word_1_627' title='bbox 3012 2808 3171 2876; x_wconf 82' lang='lat' dir='ltr'><strong><em>Appii</em></strong></span> <span class='ocrx_word' id='word_1_628' title='bbox 3230 2808 3425 2877; x_wconf 90' lang='lat' dir='ltr'><strong><em>forum,</em></strong></span> <span class='ocrx_word' id='word_1_629' title='bbox 3476 2818 3523 2862; x_wconf 88' lang='lat' dir='ltr'><strong><em>et</em></strong></span> <span class='ocrx_word' id='word_1_630' title='bbox 3578 2819 3691 2862; x_wconf 88' lang='lat' dir='ltr'><strong><em>tres</em></strong></span> 
     </span>
    </p>
   </div>
   <div class='ocr_carea' id='block_1_113' title="bbox 2112 2878 2439 2932">
    <p class='ocr_par' dir='ltr' id='par_1_113' title="bbox 2112 2878 2439 2932">
     <span class='ocr_line' id='line_1_116' title="bbox 2112 2878 2439 2932; baseline 0.003 -4"><span class='ocrx_word' id='word_1_631' title='bbox 2112 2878 2375 2932; x_wconf 89' lang='lat' dir='ltr'><strong><em>tabernas.</em></strong></span> <span class='ocrx_word' id='word_1_632' title='bbox 2420 2898 2439 2929; x_wconf 71' lang='grc' dir='ltr'><strong><em>ι</em></strong></span> 
     </span>
    </p>
   </div>
   <div class='ocr_carea' id='block_1_114' title="bbox 2178 2954 3691 3020">
    <p class='ocr_par' dir='ltr' id='par_1_114' title="bbox 2178 2954 3691 3020">
     <span class='ocr_line' id='line_1_117' title="bbox 2178 2954 3691 3020; baseline 0.003 -13"><span class='ocrx_word' id='word_1_633' title='bbox 2178 2956 2282 3010; x_wconf 85' lang='grc'><strong><em>558</em></strong></span> <span class='ocrx_word' id='word_1_634' title='bbox 2318 2957 2391 3010; x_wconf 92' lang='lat' dir='ltr'><strong><em>De</em></strong></span> <span class='ocrx_word' id='word_1_635' title='bbox 2418 2958 2723 3011; x_wconf 87' lang='lat' dir='ltr'><strong><em>remissione</em></strong></span> <span class='ocrx_word' id='word_1_636' title='bbox 2750 2964 3085 3020; x_wconf 87' lang='lat' dir='ltr'><strong><em>peccatorum</em></strong></span> <span class='ocrx_word' id='word_1_637' title='bbox 3109 2965 3291 3009; x_wconf 91' lang='lat' dir='ltr'><strong><em>contra</em></strong></span> <span class='ocrx_word' id='word_1_638' title='bbox 3330 2954 3691 3011; x_wconf 82' lang='lat' dir='ltr'><strong><em>Novatianos.</em></strong></span> 
     </span>
    </p>
   </div>
   <div class='ocr_carea' id='block_1_115' title="bbox 2185 3025 2849 3080">
    <p class='ocr_par' dir='ltr' id='par_1_115' title="bbox 2185 3025 2849 3080">
     <span class='ocr_line' id='line_1_118' title="bbox 2185 3025 2849 3080; baseline 0.003 -2"><span class='ocrx_word' id='word_1_639' title='bbox 2185 3025 2288 3080; x_wconf 87' lang='lat'><strong>559</strong></span> <span class='ocrx_word' id='word_1_640' title='bbox 2324 3026 2527 3080; x_wconf 87' lang='lat' dir='ltr'><strong><em>Rursus</em></strong></span> <span class='ocrx_word' id='word_1_641' title='bbox 2558 3028 2621 3080; x_wconf 91' lang='lat' dir='ltr'><strong><em>de</em></strong></span> <span class='ocrx_word' id='word_1_642' title='bbox 2649 3027 2849 3080; x_wconf 87' lang='lat' dir='ltr'><strong><em>eadem.</em></strong></span> 
     </span>
    </p>
   </div>
   <div class='ocr_carea' id='block_1_116' title="bbox 2184 3094 3691 3151">
    <p class='ocr_par' dir='ltr' id='par_1_116' title="bbox 2184 3094 3691 3151">
     <span class='ocr_line' id='line_1_119' title="bbox 2184 3094 3691 3151; baseline -0.001 -3"><span class='ocrx_word' id='word_1_643' title='bbox 2184 3094 2290 3148; x_wconf 81' lang='grc'><strong><em>540</em></strong></span> <span class='ocrx_word' id='word_1_644' title='bbox 2320 3095 2396 3149; x_wconf 92' lang='lat' dir='ltr'><strong><em>De</em></strong></span> <span class='ocrx_word' id='word_1_645' title='bbox 2431 3105 2625 3150; x_wconf 83' lang='lat' dir='ltr'><strong><em>teterno</em></strong></span> <span class='ocrx_word' id='word_1_646' title='bbox 2672 3112 2951 3149; x_wconf 90' lang='lat' dir='ltr'><strong><em>avarorum</em></strong></span> <span class='ocrx_word' id='word_1_647' title='bbox 2994 3108 3041 3151; x_wconf 92' lang='lat' dir='ltr'><strong><em>et</em></strong></span> <span class='ocrx_word' id='word_1_648' title='bbox 3085 3095 3377 3148; x_wconf 90' lang='lat' dir='ltr'><strong><em>crudelium</em></strong></span> <span class='ocrx_word' id='word_1_649' title='bbox 3416 3095 3691 3147; x_wconf 88' lang='lat' dir='ltr'><strong><em>hominum</em></strong></span> 
     </span>
    </p>
   </div>
   <div class='ocr_carea' id='block_1_117' title="bbox 2119 3166 2397 3233">
    <p class='ocr_par' dir='ltr' id='par_1_117' title="bbox 2119 3166 2397 3233">
     <span class='ocr_line' id='line_1_120' title="bbox 2119 3166 2397 3233; baseline 0 -16"><span class='ocrx_word' id='word_1_650' title='bbox 2119 3166 2270 3233; x_wconf 90' lang='lat' dir='ltr'><strong><em>suppl</em></strong></span> <span class='ocrx_word' id='word_1_651' title='bbox 2276 3168 2397 3218; x_wconf 88' lang='lat' dir='ltr'><strong><em>icio.</em></strong></span> 
     </span>
    </p>
   </div>
   <div class='ocr_carea' id='block_1_118' title="bbox 2191 3233 3133 3305">
    <p class='ocr_par' dir='ltr' id='par_1_118' title="bbox 2191 3233 3133 3305">
     <span class='ocr_line' id='line_1_121' title="bbox 2191 3233 3133 3305; baseline 0 -18"><span class='ocrx_word' id='word_1_652' title='bbox 2191 3235 2288 3288; x_wconf 89' lang='grc'><strong><em>541</em></strong></span> <span class='ocrx_word' id='word_1_653' title='bbox 2324 3234 2626 3305; x_wconf 69' lang='grc' dir='ltr'><strong><em>ιηενεραιὶο</em></strong></span> <span class='ocrx_word' id='word_1_654' title='bbox 2662 3233 2888 3288; x_wconf 89' lang='lat' dir='ltr'><strong><em>hominis</em></strong></span> <span class='ocrx_word' id='word_1_655' title='bbox 2919 3236 3133 3305; x_wconf 90' lang='lat' dir='ltr'><strong><em>perditi.</em></strong></span> 
     </span>
    </p>
   </div>
   <div class='ocr_carea' id='block_1_119' title="bbox 2184 3302 3542 3374">
    <p class='ocr_par' dir='ltr' id='par_1_119' title="bbox 2184 3302 3542 3374">
     <span class='ocr_line' id='line_1_122' title="bbox 2184 3302 3542 3374; baseline 0 -17"><span class='ocrx_word' id='word_1_656' title='bbox 2184 3305 2289 3357; x_wconf 79' lang='grc'><strong><em>542</em></strong></span> <span class='ocrx_word' id='word_1_657' title='bbox 2312 3304 2385 3358; x_wconf 85' lang='lat' dir='ltr'><strong><em>Re</em></strong></span> <span class='ocrx_word' id='word_1_658' title='bbox 2404 3302 2581 3374; x_wconf 89' lang='lat' dir='ltr'><strong><em>potius</em></strong></span> <span class='ocrx_word' id='word_1_659' title='bbox 2608 3322 2765 3374; x_wconf 90' lang='lat' dir='ltr'><strong><em>quam</em></strong></span> <span class='ocrx_word' id='word_1_660' title='bbox 2788 3302 3022 3359; x_wconf 86' lang='lat' dir='ltr'><strong><em>sermone</em></strong></span> <span class='ocrx_word' id='word_1_661' title='bbox 3046 3302 3542 3374; x_wconf 89' lang='lat' dir='ltr'><strong><em>philosophandum.</em></strong></span> 
     </span>
    </p>
   </div>
   <div class='ocr_carea' id='block_1_120' title="bbox 2181 3374 3176 3444">
    <p class='ocr_par' dir='ltr' id='par_1_120' title="bbox 2181 3374 3176 3444">
     <span class='ocr_line' id='line_1_123' title="bbox 2181 3374 3176 3444; baseline 0.001 -17"><span class='ocrx_word' id='word_1_662' title='bbox 2181 3375 2285 3427; x_wconf 80' lang='lat'><strong>5-15</strong></span> <span class='ocrx_word' id='word_1_663' title='bbox 2315 3374 2388 3428; x_wconf 88' lang='lat' dir='ltr'><strong><em>De</em></strong></span> <span class='ocrx_word' id='word_1_664' title='bbox 2417 3376 2721 3444; x_wconf 87' lang='lat' dir='ltr'><strong><em>angelorum</em></strong></span> <span class='ocrx_word' id='word_1_665' title='bbox 2751 3377 3034 3439; x_wconf 86' lang='lat' dir='ltr'><strong><em>creatione,</em></strong></span> <span class='ocrx_word' id='word_1_666' title='bbox 3071 3386 3176 3429; x_wconf 86' lang='lat' dir='ltr'><strong><em>etc.</em></strong></span> 
     </span>
    </p>
   </div>
   <div class='ocr_carea' id='block_1_121' title="bbox 2184 3442 3695 3513">
    <p class='ocr_par' dir='ltr' id='par_1_121' title="bbox 2184 3442 3695 3513">
     <span class='ocr_line' id='line_1_124' title="bbox 2184 3442 3695 3513; baseline 0.001 -17"><span class='ocrx_word' id='word_1_667' title='bbox 2184 3444 2291 3496; x_wconf 80' lang='grc'><strong><em>544</em></strong></span> <span class='ocrx_word' id='word_1_668' title='bbox 2325 3444 2395 3497; x_wconf 86' lang='lat' dir='ltr'><strong><em>De</em></strong></span> <span class='ocrx_word' id='word_1_669' title='bbox 2426 3442 2876 3499; x_wconf 81' lang='lat' dir='ltr'><strong><em>animadversione</em></strong></span> <span class='ocrx_word' id='word_1_670' title='bbox 2898 3446 3098 3510; x_wconf 89' lang='lat' dir='ltr'><strong><em>divina,</em></strong></span> <span class='ocrx_word' id='word_1_671' title='bbox 3130 3443 3269 3513; x_wconf 87' lang='lat' dir='ltr'><strong><em>quod</em></strong></span> <span class='ocrx_word' id='word_1_672' title='bbox 3290 3443 3360 3496; x_wconf 90' lang='lat' dir='ltr'><strong><em>sit</em></strong></span> <span class='ocrx_word' id='word_1_673' title='bbox 3392 3442 3695 3497; x_wconf 85' lang='lat' dir='ltr'><strong><em>admonitio</em></strong></span> 
     </span>
    </p>
   </div>
   <div class='ocr_carea' id='block_1_122' title="bbox 2110 3514 3697 3583">
    <p class='ocr_par' dir='ltr' id='par_1_122' title="bbox 2110 3514 3697 3583">
     <span class='ocr_line' id='line_1_125' title="bbox 2110 3514 3697 3583; baseline 0.003 -18"><span class='ocrx_word' id='word_1_674' title='bbox 2110 3514 2287 3579; x_wconf 88' lang='lat' dir='ltr'><strong><em>potius</em></strong></span> <span class='ocrx_word' id='word_1_675' title='bbox 2321 3516 2631 3568; x_wconf 87' lang='lat' dir='ltr'><strong><em>emendandi</em></strong></span> <span class='ocrx_word' id='word_1_676' title='bbox 2678 3516 2846 3567; x_wconf 88' lang='lat' dir='ltr'><strong><em>nostri</em></strong></span> <span class='ocrx_word' id='word_1_677' title='bbox 2886 3531 3051 3568; x_wconf 91' lang='lat' dir='ltr'><strong><em>causa</em></strong></span> <span class='ocrx_word' id='word_1_678' title='bbox 3086 3523 3350 3583; x_wconf 88' lang='lat' dir='ltr'><strong><em>suscepta,</em></strong></span> <span class='ocrx_word' id='word_1_679' title='bbox 3395 3530 3551 3583; x_wconf 90' lang='lat' dir='ltr'><strong><em>quam</em></strong></span> <span class='ocrx_word' id='word_1_680' title='bbox 3588 3516 3697 3569; x_wconf 57' lang='lat' dir='ltr'><strong><em>ira:</em></strong></span> 
     </span>
    </p>
   </div>
   <div class='ocr_carea' id='block_1_123' title="bbox 2111 3583 2964 3654">
    <p class='ocr_par' dir='ltr' id='par_1_123' title="bbox 2111 3583 2964 3654">
     <span class='ocr_line' id='line_1_126' title="bbox 2111 3583 2964 3654; baseline 0.005 -19"><span class='ocrx_word' id='word_1_681' title='bbox 2111 3584 2190 3654; x_wconf 86' lang='lat' dir='ltr'><strong><em>vel</em></strong></span> <span class='ocrx_word' id='word_1_682' title='bbox 2222 3583 2598 3654; x_wconf 83' lang='lat' dir='ltr'><strong><em>indignationis</em></strong></span> <span class='ocrx_word' id='word_1_683' title='bbox 2624 3584 2964 3654; x_wconf 81' lang='lat' dir='ltr'><strong><em>signiﬁcatio.</em></strong></span> 
     </span>
    </p>
   </div>
   <div class='ocr_carea' id='block_1_124' title="bbox 2183 3653 3099 3724">
    <p class='ocr_par' dir='ltr' id='par_1_124' title="bbox 2183 3653 3099 3724">
     <span class='ocr_line' id='line_1_127' title="bbox 2183 3653 3099 3724; baseline 0.002 -18"><span class='ocrx_word' id='word_1_684' title='bbox 2183 3653 2287 3706; x_wconf 81' lang='grc'><strong><em>545</em></strong></span> <span class='ocrx_word' id='word_1_685' title='bbox 2315 3654 2627 3724; x_wconf 82' lang='lat' dir='ltr'><strong><em>Objurgatio</em></strong></span> <span class='ocrx_word' id='word_1_686' title='bbox 2654 3653 2878 3707; x_wconf 88' lang='lat' dir='ltr'><strong><em>hominis</em></strong></span> <span class='ocrx_word' id='word_1_687' title='bbox 2909 3654 3099 3724; x_wconf 87' lang='lat' dir='ltr'><strong><em>gulosi.</em></strong></span> 
     </span>
    </p>
   </div>
   <div class='ocr_carea' id='block_1_125' title="bbox 2182 3723 2953 3777">
    <p class='ocr_par' dir='ltr' id='par_1_125' title="bbox 2182 3723 2953 3777">
     <span class='ocr_line' id='line_1_128' title="bbox 2182 3723 2953 3777; baseline -0.003 0"><span class='ocrx_word' id='word_1_688' title='bbox 2182 3724 2287 3777; x_wconf 79' lang='grc'><strong><em>546</em></strong></span> <span class='ocrx_word' id='word_1_689' title='bbox 2315 3724 2391 3777; x_wconf 91' lang='lat' dir='ltr'><strong><em>De</em></strong></span> <span class='ocrx_word' id='word_1_690' title='bbox 2421 3723 2583 3776; x_wconf 88' lang='lat' dir='ltr'><strong><em>Pauli</em></strong></span> <span class='ocrx_word' id='word_1_691' title='bbox 2608 3725 2953 3777; x_wconf 89' lang='lat' dir='ltr'><strong><em>conversione.</em></strong></span> 
     </span>
    </p>
   </div>
   <div class='ocr_carea' id='block_1_126' title="bbox 2185 3793 3690 3865">
    <p class='ocr_par' dir='ltr' id='par_1_126' title="bbox 2185 3793 3690 3865">
     <span class='ocr_line' id='line_1_129' title="bbox 2185 3793 3690 3865; baseline 0.001 -18"><span class='ocrx_word' id='word_1_692' title='bbox 2185 3793 2289 3847; x_wconf 87' lang='grc'><strong><em>547</em></strong></span> <span class='ocrx_word' id='word_1_693' title='bbox 2318 3795 2623 3847; x_wconf 80' lang='lat' dir='ltr'><strong><em>Admonitio</em></strong></span> <span class='ocrx_word' id='word_1_694' title='bbox 2657 3794 2927 3847; x_wconf 91' lang='lat' dir='ltr'><strong><em>hominum</em></strong></span> <span class='ocrx_word' id='word_1_695' title='bbox 2951 3793 3365 3865; x_wconf 86' lang='lat' dir='ltr'><strong><em>flagitiosarum,</em></strong></span> <span class='ocrx_word' id='word_1_696' title='bbox 3391 3804 3449 3850; x_wconf 92' lang='lat' dir='ltr'><strong><em>ut</em></strong></span> <span class='ocrx_word' id='word_1_697' title='bbox 3479 3796 3547 3849; x_wconf 77' lang='lat' dir='ltr'><strong><em>ad</em></strong></span> <span class='ocrx_word' id='word_1_698' title='bbox 3575 3796 3690 3865; x_wconf 75' lang='lat' dir='ltr'><strong><em>ofﬁ-</em></strong></span> 
     </span>
    </p>
   </div>
   <div class='ocr_carea' id='block_1_127' title="bbox 2112 3864 2517 3917">
    <p class='ocr_par' dir='ltr' id='par_1_127' title="bbox 2112 3864 2517 3917">
     <span class='ocr_line' id='line_1_130' title="bbox 2112 3864 2517 3917; baseline 0.002 -2"><span class='ocrx_word' id='word_1_699' title='bbox 2112 3864 2249 3916; x_wconf 88' lang='lat' dir='ltr'><strong><em>cium</em></strong></span> <span class='ocrx_word' id='word_1_700' title='bbox 2278 3865 2517 3917; x_wconf 87' lang='lat' dir='ltr'><strong><em>redeant.</em></strong></span> 
     </span>
    </p>
   </div>
   <div class='ocr_carea' id='block_1_128' title="bbox 2184 3933 3573 4005">
    <p class='ocr_par' dir='ltr' id='par_1_128' title="bbox 2184 3933 3573 4005">
     <span class='ocr_line' id='line_1_131' title="bbox 2184 3933 3573 4005; baseline -0.001 -18"><span class='ocrx_word' id='word_1_701' title='bbox 2184 3933 2289 4005; x_wconf 61' lang='grc'><strong><em>548</em></strong></span> <span class='ocrx_word' id='word_1_702' title='bbox 2323 3933 2555 4005; x_wconf 72' lang='lat' dir='ltr'><strong><em>Donaria</em></strong></span> <span class='ocrx_word' id='word_1_703' title='bbox 2586 3934 2699 3987; x_wconf 88' lang='lat' dir='ltr'><strong><em>sine</em></strong></span> <span class='ocrx_word' id='word_1_704' title='bbox 2724 3934 2918 4002; x_wconf 89' lang='lat' dir='ltr'><strong><em>pietate</em></strong></span> <span class='ocrx_word' id='word_1_705' title='bbox 2953 3933 3134 4005; x_wconf 91' lang='lat' dir='ltr'><strong><em>oblata</em></strong></span> <span class='ocrx_word' id='word_1_706' title='bbox 3168 3935 3300 3989; x_wconf 90' lang='lat' dir='ltr'><strong><em>nihil</em></strong></span> <span class='ocrx_word' id='word_1_707' title='bbox 3333 3942 3573 4005; x_wconf 87' lang='lat' dir='ltr'><strong><em>prosunt.</em></strong></span> 
     </span>
    </p>
   </div>
   <div class='ocr_carea' id='block_1_129' title="bbox 2178 4000 3685 4075">
    <p class='ocr_par' dir='ltr' id='par_1_129' title="bbox 2178 4000 3685 4075">
     <span class='ocr_line' id='line_1_132' title="bbox 2178 4000 3685 4075; baseline 0.001 -20"><span class='ocrx_word' id='word_1_708' title='bbox 2178 4003 2281 4075; x_wconf 80' lang='grc'><strong><em>549</em></strong></span> <span class='ocrx_word' id='word_1_709' title='bbox 2312 4000 2569 4075; x_wconf 89' lang='lat' dir='ltr'><strong><em>Sacerdos</em></strong></span> <span class='ocrx_word' id='word_1_710' title='bbox 2592 4000 2751 4075; x_wconf 68' lang='lat' dir='ltr'><strong><em>etiam</em></strong></span> <span class='ocrx_word' id='word_1_711' title='bbox 2780 4004 3047 4071; x_wconf 87' lang='lat' dir='ltr'><strong><em>improbus</em></strong></span> <span class='ocrx_word' id='word_1_712' title='bbox 3078 4020 3179 4058; x_wconf 91' lang='lat' dir='ltr'><strong><em>non</em></strong></span> <span class='ocrx_word' id='word_1_713' title='bbox 3197 4015 3275 4058; x_wconf 89' lang='lat' dir='ltr'><strong><em>est</em></strong></span> <span class='ocrx_word' id='word_1_714' title='bbox 3299 4000 3685 4075; x_wconf 83' lang='lat' dir='ltr'><strong><em>aspernandus,</em></strong></span> 
     </span>
    </p>
   </div>
   <div class='ocr_carea' id='block_1_130' title="bbox 2110 4072 3141 4142">
    <p class='ocr_par' dir='ltr' id='par_1_130' title="bbox 2110 4072 3141 4142">
     <span class='ocr_line' id='line_1_133' title="bbox 2110 4072 3141 4142; baseline 0.003 -18"><span class='ocrx_word' id='word_1_715' title='bbox 2110 4074 2236 4126; x_wconf 88' lang='lat' dir='ltr'><strong><em>auia</em></strong></span> <span class='ocrx_word' id='word_1_716' title='bbox 2265 4082 2341 4125; x_wconf 91' lang='lat' dir='ltr'><strong><em>est</em></strong></span> <span class='ocrx_word' id='word_1_717' title='bbox 2372 4074 2589 4141; x_wconf 89' lang='lat' dir='ltr'><strong><em>angelus</em></strong></span> <span class='ocrx_word' id='word_1_718' title='bbox 2622 4072 2718 4125; x_wconf 90' lang='lat' dir='ltr'><strong><em>Dei</em></strong></span> <span class='ocrx_word' id='word_1_719' title='bbox 2749 4075 3141 4142; x_wconf 85' lang='lat' dir='ltr'><strong><em>omnipotentis.</em></strong></span> 
     </span>
    </p>
   </div>
   <div class='ocr_carea' id='block_1_131' title="bbox 2178 4142 3686 4213">
    <p class='ocr_par' dir='ltr' id='par_1_131' title="bbox 2178 4142 3686 4213">
     <span class='ocr_line' id='line_1_134' title="bbox 2178 4142 3686 4213; baseline 0.001 -17"><span class='ocrx_word' id='word_1_720' title='bbox 2178 4143 2284 4213; x_wconf 79' lang='lat'><strong>550</strong></span> <span class='ocrx_word' id='word_1_721' title='bbox 2318 4144 2620 4213; x_wconf 80' lang='lat' dir='ltr'><strong><em>Admonitio</em></strong></span> <span class='ocrx_word' id='word_1_722' title='bbox 2646 4142 2871 4195; x_wconf 87' lang='lat' dir='ltr'><strong><em>hominis</em></strong></span> <span class='ocrx_word' id='word_1_723' title='bbox 2902 4143 3243 4211; x_wconf 88' lang='lat' dir='ltr'><strong><em>voluptuarii,</em></strong></span> <span class='ocrx_word' id='word_1_724' title='bbox 3290 4154 3347 4197; x_wconf 89' lang='lat' dir='ltr'><strong><em>ut</em></strong></span> <span class='ocrx_word' id='word_1_725' title='bbox 3386 4145 3686 4213; x_wconf 89' lang='lat' dir='ltr'><strong><em>resipiscat.</em></strong></span> 
     </span>
    </p>
   </div>
   <div class='ocr_carea' id='block_1_132' title="bbox 2177 4212 3680 4285">
    <p class='ocr_par' dir='ltr' id='par_1_132' title="bbox 2177 4212 3680 4285">
     <span class='ocr_line' id='line_1_135' title="bbox 2177 4212 3680 4285; baseline 0.001 -20"><span class='ocrx_word' id='word_1_726' title='bbox 2317 4212 2629 4285; x_wconf 75' lang='lat' dir='ltr'><strong><em>ijurgatio</em></strong></span> <span class='ocrx_word' id='word_1_727' title='bbox 2653 4213 2879 4285; x_wconf 72' lang='lat' dir='ltr'><strong><em>hominis</em></strong></span> <span class='ocrx_word' id='word_1_728' title='bbox 2907 4214 3350 4285; x_wconf 15' lang='lat' dir='ltr'><strong><em>pravoisodalitio</em></strong></span> <span class='ocrx_word' id='word_1_729' title='bbox 3382 4212 3680 4285; x_wconf 75' lang='lat' dir='ltr'><strong><em>gaudentis.</em></strong></span> 
     </span>
    </p>
   </div>
   <div class='ocr_carea' id='block_1_133' title="bbox 2181 4281 3685 4353">
    <p class='ocr_par' dir='ltr' id='par_1_133' title="bbox 2181 4281 3685 4353">
     <span class='ocr_line' id='line_1_136' title="bbox 2181 4281 3685 4353; baseline 0.001 -17"><span class='ocrx_word' id='word_1_730' title='bbox 2181 4282 2286 4336; x_wconf 89' lang='grc'><strong><em>552</em></strong></span> <span class='ocrx_word' id='word_1_731' title='bbox 2317 4282 2389 4334; x_wconf 91' lang='lat' dir='ltr'><strong><em>De</em></strong></span> <span class='ocrx_word' id='word_1_732' title='bbox 2424 4284 2628 4353; x_wconf 77' lang='lat' dir='ltr'><strong><em>sanctis</em></strong></span> <span class='ocrx_word' id='word_1_733' title='bbox 2674 4281 2947 4346; x_wconf 90' lang='lat' dir='ltr'><strong><em>Patribus,</em></strong></span> <span class='ocrx_word' id='word_1_734' title='bbox 2990 4284 3080 4352; x_wconf 90' lang='lat' dir='ltr'><strong><em>qui</em></strong></span> <span class='ocrx_word' id='word_1_735' title='bbox 3103 4300 3166 4336; x_wconf 77' lang='lat' dir='ltr'><strong><em>ea:</em></strong></span> <span class='ocrx_word' id='word_1_736' title='bbox 3207 4281 3546 4353; x_wconf 80' lang='lat' dir='ltr'><strong><em>Cappadocia</em></strong></span> <span class='ocrx_word' id='word_1_737' title='bbox 3566 4283 3685 4353; x_wconf 85' lang='lat' dir='ltr'><strong><em>fue-</em></strong></span> 
     </span>
    </p>
   </div>
   <div class='ocr_carea' id='block_1_134' title="bbox 2110 4352 3691 4422">
    <p class='ocr_par' dir='ltr' id='par_1_134' title="bbox 2110 4352 3691 4422">
     <span class='ocr_line' id='line_1_137' title="bbox 2110 4352 3691 4422; baseline 0 -17"><span class='ocrx_word' id='word_1_738' title='bbox 2110 4353 2217 4405; x_wconf 86' lang='lat' dir='ltr'><strong><em>rint</em></strong></span> <span class='ocrx_word' id='word_1_739' title='bbox 2241 4352 2474 4405; x_wconf 92' lang='lat' dir='ltr'><strong><em>oriundi.</em></strong></span> <span class='ocrx_word' id='word_1_740' title='bbox 2513 4352 2581 4406; x_wconf 88' lang='lat' dir='ltr'><strong><em>Et</em></strong></span> <span class='ocrx_word' id='word_1_741' title='bbox 2623 4352 2771 4422; x_wconf 86' lang='lat' dir='ltr'><strong><em>quod</em></strong></span> <span class='ocrx_word' id='word_1_742' title='bbox 2792 4353 2976 4405; x_wconf 89' lang='lat' dir='ltr'><strong><em>vitium</em></strong></span> <span class='ocrx_word' id='word_1_743' title='bbox 3027 4362 3183 4422; x_wconf 90' lang='lat' dir='ltr'><strong><em>atque</em></strong></span> <span class='ocrx_word' id='word_1_744' title='bbox 3226 4355 3535 4421; x_wconf 87' lang='lat' dir='ltr'><strong><em>improbitas</em></strong></span> <span class='ocrx_word' id='word_1_745' title='bbox 3568 4352 3691 4406; x_wconf 82' lang='lat' dir='ltr'><strong><em>non</em></strong></span> 
     </span>
    </p>
   </div>
   <div class='ocr_carea' id='block_1_135' title="bbox 2110 4421 3527 4485">
    <p class='ocr_par' dir='ltr' id='par_1_135' title="bbox 2110 4421 3527 4485">
     <span class='ocr_line' id='line_1_138' title="bbox 2110 4421 3527 4485; baseline 0.001 -9"><span class='ocrx_word' id='word_1_746' title='bbox 2110 4424 2181 4476; x_wconf 89' lang='lat' dir='ltr'><strong><em>sit</em></strong></span> <span class='ocrx_word' id='word_1_747' title='bbox 2209 4441 2241 4475; x_wconf 92' lang='lat' dir='ltr'><strong><em>a</em></strong></span> <span class='ocrx_word' id='word_1_748' title='bbox 2271 4433 2485 4485; x_wconf 84' lang='lat' dir='ltr'><strong><em>natura,</em></strong></span> <span class='ocrx_word' id='word_1_749' title='bbox 2517 4422 2607 4475; x_wconf 89' lang='lat' dir='ltr'><strong><em>sed</em></strong></span> <span class='ocrx_word' id='word_1_750' title='bbox 2635 4438 2665 4472; x_wconf 90' lang='lat' dir='ltr'><strong><em>a</em></strong></span> <span class='ocrx_word' id='word_1_751' title='bbox 2692 4421 2957 4475; x_wconf 90' lang='lat' dir='ltr'><strong><em>voluntate</em></strong></span> <span class='ocrx_word' id='word_1_752' title='bbox 2991 4432 3037 4475; x_wconf 89' lang='lat' dir='ltr'><strong><em>et</em></strong></span> <span class='ocrx_word' id='word_1_753' title='bbox 3069 4421 3234 4475; x_wconf 85' lang='lat' dir='ltr'><strong><em>animi</em></strong></span> <span class='ocrx_word' id='word_1_754' title='bbox 3263 4426 3527 4478; x_wconf 88' lang='lat' dir='ltr'><strong><em>instituto.</em></strong></span> 
     </span>
    </p>
   </div>
   <div class='ocr_carea' id='block_1_136' title="bbox 2174 4488 3689 4614">
    <p class='ocr_par' dir='ltr' id='par_1_136' title="bbox 2174 4488 3689 4614">
     <span class='ocr_line' id='line_1_139' title="bbox 2174 4488 3689 4614; baseline 0.002 -69"><span class='ocrx_word' id='word_1_755' title='bbox 2174 4492 2286 4614; x_wconf 53' lang='lat'><strong>[555</strong></span> <span class='ocrx_word' id='word_1_756' title='bbox 2312 4491 2493 4546; x_wconf 91' lang='lat' dir='ltr'><strong><em>Patris</em></strong></span> <span class='ocrx_word' id='word_1_757' title='bbox 2532 4500 2583 4545; x_wconf 86' lang='lat' dir='ltr'><strong><em>et</em></strong></span> <span class='ocrx_word' id='word_1_758' title='bbox 2614 4488 2747 4544; x_wconf 83' lang='lat' dir='ltr'><strong><em>Filii</em></strong></span> <span class='ocrx_word' id='word_1_759' title='bbox 2782 4493 2919 4545; x_wconf 90' lang='lat' dir='ltr'><strong><em>sicut</em></strong></span> <span class='ocrx_word' id='word_1_760' title='bbox 2956 4508 3063 4545; x_wconf 89' lang='lat' dir='ltr'><strong><em>una</em></strong></span> <span class='ocrx_word' id='word_1_761' title='bbox 3092 4502 3167 4547; x_wconf 91' lang='lat' dir='ltr'><strong><em>est</em></strong></span> <span class='ocrx_word' id='word_1_762' title='bbox 3217 4494 3464 4561; x_wconf 89' lang='lat' dir='ltr'><strong><em>essentia,</em></strong></span> <span class='ocrx_word' id='word_1_763' title='bbox 3510 4494 3587 4548; x_wconf 89' lang='lat' dir='ltr'><strong><em>sic</em></strong></span> <span class='ocrx_word' id='word_1_764' title='bbox 3633 4503 3689 4548; x_wconf 82' lang='lat' dir='ltr'><strong><em>et</em></strong></span> 
     </span>
     <span class='ocr_line' id='line_1_140' title="bbox 2197 4572 2374 4614; baseline 0 0"><span class='ocrx_word' id='word_1_765' title='bbox 2197 4572 2374 4614; x_wconf 87' lang='lat' dir='ltr'><strong><em>untas.</em></strong></span> 
     </span>
    </p>
   </div>
   <div class='ocr_carea' id='block_1_137' title="bbox 2109 4572 2374 4616">
    <p class='ocr_par' dir='ltr' id='par_1_137' title="bbox 2109 4572 2374 4616">
     <span class='ocr_line' id='line_1_141' title="bbox 2109 4572 2374 4616; baseline 0 0"><span class='ocrx_word' id='word_1_766' title='bbox 2109 4572 2374 4616; x_wconf 83' lang='lat' dir='ltr'><strong><em>voluntas.</em></strong></span> 
     </span>
    </p>
   </div>
   <div class='ocr_carea' id='block_1_138' title="bbox 2184 4630 3691 4702">
    <p class='ocr_par' dir='ltr' id='par_1_138' title="bbox 2184 4630 3691 4702">
     <span class='ocr_line' id='line_1_142' title="bbox 2184 4630 3691 4702; baseline 0 -17"><span class='ocrx_word' id='word_1_767' title='bbox 2184 4633 2289 4685; x_wconf 78' lang='grc'><strong><em>554</em></strong></span> <span class='ocrx_word' id='word_1_768' title='bbox 2317 4632 2431 4696; x_wconf 84' lang='lat' dir='ltr'><strong><em>Quo</em></strong></span> <span class='ocrx_word' id='word_1_769' title='bbox 2460 4633 2564 4701; x_wconf 85' lang='lat' dir='ltr'><strong><em>ﬁne</em></strong></span> <span class='ocrx_word' id='word_1_770' title='bbox 2585 4647 2805 4699; x_wconf 85' lang='lat' dir='ltr'><strong><em>magnus</em></strong></span> <span class='ocrx_word' id='word_1_771' title='bbox 2844 4630 3050 4685; x_wconf 86' lang='lat' dir='ltr'><strong><em>Elimas</em></strong></span> <span class='ocrx_word' id='word_1_772' title='bbox 3074 4634 3129 4685; x_wconf 91' lang='lat' dir='ltr'><strong><em>in</em></strong></span> <span class='ocrx_word' id='word_1_773' title='bbox 3153 4631 3302 4686; x_wconf 88' lang='lat' dir='ltr'><strong><em>Actis</em></strong></span> <span class='ocrx_word' id='word_1_774' title='bbox 3325 4632 3691 4702; x_wconf 85' lang='lat' dir='ltr'><strong><em>apostolorum</em></strong></span> 
     </span>
    </p>
   </div>
   <div class='ocr_carea' id='block_1_139' title="bbox 2109 4702 2809 4769">
    <p class='ocr_par' dir='ltr' id='par_1_139' title="bbox 2109 4702 2809 4769">
     <span class='ocr_line' id='line_1_143' title="bbox 2109 4702 2809 4769; baseline -0.001 -13"><span class='ocrx_word' id='word_1_775' title='bbox 2109 4704 2347 4756; x_wconf 77' lang='lat' dir='ltr'><strong><em>ca&#39;citate</em></strong></span> <span class='ocrx_word' id='word_1_776' title='bbox 2382 4702 2543 4769; x_wconf 91' lang='lat' dir='ltr'><strong><em>fuerit</em></strong></span> <span class='ocrx_word' id='word_1_777' title='bbox 2574 4703 2809 4769; x_wconf 89' lang='lat' dir='ltr'><strong><em>punitus.</em></strong></span> 
     </span>
    </p>
   </div>
   <div class='ocr_carea' id='block_1_140' title="bbox 2180 4771 3691 4840">
    <p class='ocr_par' dir='ltr' id='par_1_140' title="bbox 2180 4771 3691 4840">
     <span class='ocr_line' id='line_1_144' title="bbox 2180 4771 3691 4840; baseline 0.002 -15"><span class='ocrx_word' id='word_1_778' title='bbox 2180 4773 2285 4827; x_wconf 83' lang='lat'><strong><em>555</em></strong></span> <span class='ocrx_word' id='word_1_779' title='bbox 2348 4771 2647 4840; x_wconf 79' lang='lat' dir='ltr'><strong><em>Allegorica</em></strong></span> <span class='ocrx_word' id='word_1_780' title='bbox 2696 4772 3061 4838; x_wconf 87' lang='lat' dir='ltr'><strong><em>interpretatio</em></strong></span> <span class='ocrx_word' id='word_1_781' title='bbox 3122 4773 3255 4825; x_wconf 86' lang='lat' dir='ltr'><strong><em>dicti</em></strong></span> <span class='ocrx_word' id='word_1_782' title='bbox 3318 4772 3492 4826; x_wconf 72' lang='lat' dir='ltr'><strong><em>Exod.</em></strong></span> <span class='ocrx_word' id='word_1_783' title='bbox 3562 4788 3691 4839; x_wconf 73' lang='lat' dir='ltr'><strong><em>xu,</em></strong></span> 
     </span>
    </p>
   </div>
   <div class='ocr_carea' id='block_1_141' title="bbox 2109 4842 3388 4907">
    <p class='ocr_par' dir='ltr' id='par_1_141' title="bbox 2109 4842 3388 4907">
     <span class='ocr_line' id='line_1_145' title="bbox 2109 4842 3388 4907; baseline -0.004 -10"><span class='ocrx_word' id='word_1_784' title='bbox 2109 4842 2175 4897; x_wconf 90' lang='lat'><strong>10</strong></span> <span class='ocrx_word' id='word_1_785' title='bbox 2206 4860 2218 4895; x_wconf 90' lang='lat'><strong>:</strong></span> <span class='ocrx_word' id='word_1_786' title='bbox 2260 4862 2278 4893; x_wconf 83' lang='lat' dir='ltr'><strong><em>t</em></strong></span> <span class='ocrx_word' id='word_1_787' title='bbox 2318 4842 2546 4894; x_wconf 84' lang='lat' dir='ltr'><strong><em>Abluant</em></strong></span> <span class='ocrx_word' id='word_1_788' title='bbox 2571 4842 2875 4893; x_wconf 87' lang='lat' dir='ltr'><strong><em>vestimenta</em></strong></span> <span class='ocrx_word' id='word_1_789' title='bbox 2894 4858 2991 4894; x_wconf 90' lang='lat' dir='ltr'><strong><em>sua</em></strong></span> <span class='ocrx_word' id='word_1_790' title='bbox 3014 4842 3188 4907; x_wconf 89' lang='lat' dir='ltr'><strong><em>hodie,</em></strong></span> <span class='ocrx_word' id='word_1_791' title='bbox 3233 4861 3250 4893; x_wconf 74' lang='grc' dir='ltr'><strong><em>ι</em></strong></span> <span class='ocrx_word' id='word_1_792' title='bbox 3283 4852 3388 4896; x_wconf 84' lang='lat' dir='ltr'><strong><em>etc.</em></strong></span> 
     </span>
    </p>
   </div>
   <div class='ocr_carea' id='block_1_142' title="bbox 2177 4909 3689 4981">
    <p class='ocr_par' dir='ltr' id='par_1_142' title="bbox 2177 4909 3689 4981">
     <span class='ocr_line' id='line_1_146' title="bbox 2177 4909 3689 4981; baseline -0.001 -14"><span class='ocrx_word' id='word_1_793' title='bbox 2177 4913 2283 4967; x_wconf 87' lang='lat'><strong><em>556</em></strong></span> <span class='ocrx_word' id='word_1_794' title='bbox 2317 4911 2559 4981; x_wconf 20' lang='lat' dir='ltr'><strong><em>Deitrina</em></strong></span> <span class='ocrx_word' id='word_1_795' title='bbox 2583 4912 2924 4981; x_wconf 87' lang='lat' dir='ltr'><strong><em>abnegatione</em></strong></span> <span class='ocrx_word' id='word_1_796' title='bbox 2976 4909 3145 4977; x_wconf 90' lang='lat' dir='ltr'><strong><em>Petri,</em></strong></span> <span class='ocrx_word' id='word_1_797' title='bbox 3171 4922 3221 4966; x_wconf 92' lang='lat' dir='ltr'><strong><em>et</em></strong></span> <span class='ocrx_word' id='word_1_798' title='bbox 3246 4916 3387 4966; x_wconf 88' lang='lat' dir='ltr'><strong><em>trina</em></strong></span> <span class='ocrx_word' id='word_1_799' title='bbox 3412 4913 3535 4965; x_wconf 85' lang='lat' dir='ltr'><strong><em>item</em></strong></span> <span class='ocrx_word' id='word_1_800' title='bbox 3558 4927 3689 4966; x_wconf 84' lang='lat' dir='ltr'><strong><em>con-</em></strong></span> 
     </span>
    </p>
   </div>
   <div class='ocr_carea' id='block_1_143' title="bbox 2109 4980 2592 5052">
    <p class='ocr_par' dir='ltr' id='par_1_143' title="bbox 2109 4980 2592 5052">
     <span class='ocr_line' id='line_1_147' title="bbox 2109 4980 2592 5052; baseline -0.002 -18"><span class='ocrx_word' id='word_1_801' title='bbox 2109 4983 2346 5052; x_wconf 71' lang='lat' dir='ltr'><strong><em>fessione</em></strong></span> <span class='ocrx_word' id='word_1_802' title='bbox 2367 4980 2592 5052; x_wconf 75' lang='lat' dir='ltr'><strong><em>Christi.</em></strong></span> 
     </span>
    </p>
   </div>
   <div class='ocr_carea' id='block_1_144' title="bbox 2178 5050 3688 5122">
    <p class='ocr_par' dir='ltr' id='par_1_144' title="bbox 2178 5050 3688 5122">
     <span class='ocr_line' id='line_1_148' title="bbox 2178 5050 3688 5122; baseline -0.001 -16"><span class='ocrx_word' id='word_1_803' title='bbox 2178 5053 2278 5106; x_wconf 92' lang='lat'><strong><em>557</em></strong></span> <span class='ocrx_word' id='word_1_804' title='bbox 2320 5051 2396 5104; x_wconf 88' lang='lat' dir='ltr'><strong><em>De</em></strong></span> <span class='ocrx_word' id='word_1_805' title='bbox 2427 5050 2576 5105; x_wconf 90' lang='lat' dir='ltr'><strong><em>Petri</em></strong></span> <span class='ocrx_word' id='word_1_806' title='bbox 2602 5052 2932 5104; x_wconf 89' lang='lat' dir='ltr'><strong><em>conversione</em></strong></span> <span class='ocrx_word' id='word_1_807' title='bbox 2958 5059 3009 5104; x_wconf 90' lang='lat' dir='ltr'><strong><em>et</em></strong></span> <span class='ocrx_word' id='word_1_808' title='bbox 3048 5053 3414 5122; x_wconf 88' lang='lat' dir='ltr'><strong><em>resipiscentia</em></strong></span> <span class='ocrx_word' id='word_1_809' title='bbox 3457 5052 3529 5106; x_wconf 88' lang='lat' dir='ltr'><strong><em>ad</em></strong></span> <span class='ocrx_word' id='word_1_810' title='bbox 3563 5051 3688 5122; x_wconf 86' lang='lat' dir='ltr'><strong><em>gal-</em></strong></span> 
     </span>
    </p>
   </div>
   <div class='ocr_carea' id='block_1_145' title="bbox 2100 5122 2372 5175">
    <p class='ocr_par' dir='ltr' id='par_1_145' title="bbox 2100 5122 2372 5175">
     <span class='ocr_line' id='line_1_149' title="bbox 2100 5122 2372 5175; baseline -0.004 -1"><span class='ocrx_word' id='word_1_811' title='bbox 2100 5122 2372 5175; x_wconf 90' lang='lat' dir='ltr'><strong><em>licinium.</em></strong></span> 
     </span>
    </p>
   </div>
   <div class='ocr_carea' id='block_1_146' title="bbox 2181 5189 3688 5262">
    <p class='ocr_par' dir='ltr' id='par_1_146' title="bbox 2181 5189 3688 5262">
     <span class='ocr_line' id='line_1_150' title="bbox 2181 5189 3688 5262; baseline 0 -17"><span class='ocrx_word' id='word_1_812' title='bbox 2181 5192 2286 5246; x_wconf 88' lang='lat'><strong><em>558</em></strong></span> <span class='ocrx_word' id='word_1_813' title='bbox 2340 5190 2418 5243; x_wconf 92' lang='lat' dir='ltr'><strong><em>De</em></strong></span> <span class='ocrx_word' id='word_1_814' title='bbox 2470 5190 2573 5256; x_wconf 84' lang='lat' dir='ltr'><strong><em>ﬁcu</em></strong></span> <span class='ocrx_word' id='word_1_815' title='bbox 2610 5207 2642 5243; x_wconf 92' lang='lat' dir='ltr'><strong><em>a</em></strong></span> <span class='ocrx_word' id='word_1_816' title='bbox 2684 5189 2895 5245; x_wconf 87' lang='lat' dir='ltr'><strong><em>Christo</em></strong></span> <span class='ocrx_word' id='word_1_817' title='bbox 2948 5189 3256 5258; x_wconf 91' lang='lat' dir='ltr'><strong><em>maledicta,</em></strong></span> <span class='ocrx_word' id='word_1_818' title='bbox 3294 5191 3424 5261; x_wconf 89' lang='lat' dir='ltr'><strong><em>quid</em></strong></span> <span class='ocrx_word' id='word_1_819' title='bbox 3460 5191 3688 5262; x_wconf 78' lang='lat' dir='ltr'><strong><em>mystica</em></strong></span> 
     </span>
    </p>
   </div>
   <div class='ocr_carea' id='block_1_147' title="bbox 2112 5262 2629 5315">
    <p class='ocr_par' dir='ltr' id='par_1_147' title="bbox 2112 5262 2629 5315">
     <span class='ocr_line' id='line_1_151' title="bbox 2112 5262 2629 5315; baseline -0.004 0"><span class='ocrx_word' id='word_1_820' title='bbox 2112 5264 2316 5315; x_wconf 86' lang='lat' dir='ltr'><strong><em>ratione</em></strong></span> <span class='ocrx_word' id='word_1_821' title='bbox 2345 5262 2629 5313; x_wconf 84' lang='lat' dir='ltr'><strong><em>denotarit.</em></strong></span> 
     </span>
    </p>
   </div>
   <div class='ocr_carea' id='block_1_148' title="bbox 2182 5328 3687 5399">
    <p class='ocr_par' dir='ltr' id='par_1_148' title="bbox 2182 5328 3687 5399">
     <span class='ocr_line' id='line_1_152' title="bbox 2182 5328 3687 5399; baseline -0.001 -13"><span class='ocrx_word' id='word_1_822' title='bbox 2182 5332 2287 5386; x_wconf 88' lang='lat'><strong>559</strong></span> <span class='ocrx_word' id='word_1_823' title='bbox 2325 5328 2489 5383; x_wconf 90' lang='lat' dir='ltr'><strong><em>Trina</em></strong></span> <span class='ocrx_word' id='word_1_824' title='bbox 2523 5330 2755 5399; x_wconf 87' lang='lat' dir='ltr'><strong><em>rejectio,</em></strong></span> <span class='ocrx_word' id='word_1_825' title='bbox 2802 5345 2923 5399; x_wconf 14' lang='lat' dir='ltr'><strong><em>qua,</em></strong></span> <span class='ocrx_word' id='word_1_826' title='bbox 2946 5345 3066 5398; x_wconf 87' lang='lat' dir='ltr'><strong><em>gens</em></strong></span> <span class='ocrx_word' id='word_1_827' title='bbox 3109 5329 3367 5395; x_wconf 74' lang='lat' dir='ltr'><strong><em>Iudaica,</em></strong></span> <span class='ocrx_word' id='word_1_828' title='bbox 3417 5338 3687 5399; x_wconf 79' lang='lat' dir='ltr'><strong><em>totumque</em></strong></span> 
     </span>
    </p>
   </div>
   <div class='ocr_carea' id='block_1_149' title="bbox 2114 5398 3324 5470">
    <p class='ocr_par' dir='ltr' id='par_1_149' title="bbox 2114 5398 3324 5470">
     <span class='ocr_line' id='line_1_153' title="bbox 2114 5398 3324 5470; baseline -0.001 -15"><span class='ocrx_word' id='word_1_829' title='bbox 2114 5403 2244 5455; x_wconf 89' lang='lat' dir='ltr'><strong><em>adeo</em></strong></span> <span class='ocrx_word' id='word_1_830' title='bbox 2271 5416 2429 5470; x_wconf 88' lang='lat' dir='ltr'><strong><em>genus</em></strong></span> <span class='ocrx_word' id='word_1_831' title='bbox 2454 5398 2738 5470; x_wconf 81' lang='lat' dir='ltr'><strong><em>humanum</em></strong></span> <span class='ocrx_word' id='word_1_832' title='bbox 2764 5398 3057 5467; x_wconf 90' lang='lat' dir='ltr'><strong><em>repudiavit</em></strong></span> <span class='ocrx_word' id='word_1_833' title='bbox 3078 5401 3324 5454; x_wconf 86' lang='lat' dir='ltr'><strong><em>salutem.</em></strong></span> 
     </span>
    </p>
   </div>
   <div class='ocr_carea' id='block_1_150' title="bbox 2187 5469 3381 5539">
    <p class='ocr_par' dir='ltr' id='par_1_150' title="bbox 2187 5469 3381 5539">
     <span class='ocr_line' id='line_1_154' title="bbox 2187 5469 3381 5539; baseline -0.001 -13"><span class='ocrx_word' id='word_1_834' title='bbox 2187 5469 2291 5527; x_wconf 87' lang='lat'><strong>560</strong></span> <span class='ocrx_word' id='word_1_835' title='bbox 2326 5469 2436 5523; x_wconf 91' lang='lat' dir='ltr'><strong><em>Cur</em></strong></span> <span class='ocrx_word' id='word_1_836' title='bbox 2463 5469 2705 5524; x_wconf 89' lang='lat' dir='ltr'><strong><em>Christus</em></strong></span> <span class='ocrx_word' id='word_1_837' title='bbox 2737 5485 2845 5522; x_wconf 89' lang='lat' dir='ltr'><strong><em>sese</em></strong></span> <span class='ocrx_word' id='word_1_838' title='bbox 2866 5484 3053 5536; x_wconf 89' lang='lat' dir='ltr'><strong><em>panem</em></strong></span> <span class='ocrx_word' id='word_1_839' title='bbox 3076 5470 3381 5539; x_wconf 91' lang='lat' dir='ltr'><strong><em>appellarit.</em></strong></span> 
     </span>
    </p>
   </div>
   <div class='ocr_carea' id='block_1_151' title="bbox 2143 5539 3015 5608">
    <p class='ocr_par' dir='ltr' id='par_1_151' title="bbox 2143 5539 3015 5608">
     <span class='ocr_line' id='line_1_155' title="bbox 2143 5539 3015 5608; baseline -0.005 -13"><span class='ocrx_word' id='word_1_840' title='bbox 2143 5539 2147 5543; x_wconf 77' lang='grc'><strong>’</strong></span> <span class='ocrx_word' id='word_1_841' title='bbox 2188 5542 2286 5595; x_wconf 82' lang='grc'><strong><em>561</em></strong></span> <span class='ocrx_word' id='word_1_842' title='bbox 2318 5539 2623 5592; x_wconf 90' lang='lat' dir='ltr'><strong><em>Dehortatio</em></strong></span> <span class='ocrx_word' id='word_1_843' title='bbox 2653 5557 2685 5592; x_wconf 91' lang='lat' dir='ltr'><strong><em>a</em></strong></span> <span class='ocrx_word' id='word_1_844' title='bbox 2713 5539 3015 5608; x_wconf 66' lang='lat' dir='ltr'><strong><em>gulositate.</em></strong></span> 
     </span>
    </p>
   </div>
   <div class='ocr_carea' id='block_1_152' title="bbox 2182 5607 3491 5678">
    <p class='ocr_par' dir='ltr' id='par_1_152' title="bbox 2182 5607 3491 5678">
     <span class='ocr_line' id='line_1_156' title="bbox 2182 5607 3491 5678; baseline 0.005 -15"><span class='ocrx_word' id='word_1_845' title='bbox 2182 5611 2289 5666; x_wconf 86' lang='lat'><strong><em>562</em></strong></span> <span class='ocrx_word' id='word_1_846' title='bbox 2318 5609 2512 5678; x_wconf 86' lang='lat' dir='ltr'><strong><em>Typica</em></strong></span> <span class='ocrx_word' id='word_1_847' title='bbox 2543 5607 2829 5663; x_wconf 87' lang='lat' dir='ltr'><strong><em>benedictio</em></strong></span> <span class='ocrx_word' id='word_1_848' title='bbox 2869 5607 3122 5678; x_wconf 83' lang='lat' dir='ltr'><strong><em>Ephraim</em></strong></span> <span class='ocrx_word' id='word_1_849' title='bbox 3148 5619 3198 5663; x_wconf 90' lang='lat' dir='ltr'><strong><em>et</em></strong></span> <span class='ocrx_word' id='word_1_850' title='bbox 3222 5610 3491 5669; x_wconf 76' lang='lat' dir='ltr'><strong><em>Manasse.</em></strong></span> 
     </span>
    </p>
   </div>
   <div class='ocr_carea' id='block_1_153' title="bbox 2187 5677 3683 5751">
    <p class='ocr_par' dir='ltr' id='par_1_153' title="bbox 2187 5677 3683 5751">
     <span class='ocr_line' id='line_1_157' title="bbox 2187 5677 3683 5751; baseline 0.004 -18"><span class='ocrx_word' id='word_1_851' title='bbox 2187 5682 2293 5735; x_wconf 86' lang='lat'><strong><em>565</em></strong></span> <span class='ocrx_word' id='word_1_852' title='bbox 2322 5677 2397 5751; x_wconf 70' lang='lat' dir='ltr'><strong><em>De</em></strong></span> <span class='ocrx_word' id='word_1_853' title='bbox 2422 5680 2671 5751; x_wconf 83' lang='lat' dir='ltr'><strong><em>vaticinia</em></strong></span> <span class='ocrx_word' id='word_1_854' title='bbox 2725 5677 3066 5751; x_wconf 71' lang='lat' dir='ltr'><strong><em>Etizabethaa,</em></strong></span> <span class='ocrx_word' id='word_1_855' title='bbox 3088 5750 3091 5751; x_wconf 15' lang='grc' dir='ltr'><em>ν</em></span> <span class='ocrx_word' id='word_1_856' title='bbox 3111 5683 3300 5735; x_wconf 89' lang='lat' dir='ltr'><strong><em>matris</em></strong></span> <span class='ocrx_word' id='word_1_857' title='bbox 3341 5682 3501 5740; x_wconf 83' lang='lat' dir='ltr'><strong><em>Joan.</em></strong></span> <span class='ocrx_word' id='word_1_858' title='bbox 3524 5683 3683 5751; x_wconf 86' lang='lat' dir='ltr'><strong><em>Bapt.</em></strong></span> 
     </span>
    </p>
   </div>
   <div class='ocr_carea' id='block_1_154' title="bbox 2187 5747 3689 5824">
    <p class='ocr_par' dir='ltr' id='par_1_154' title="bbox 2187 5747 3689 5824">
     <span class='ocr_line' id='line_1_158' title="bbox 2187 5747 3689 5824; baseline 0.003 -18"><span class='ocrx_word' id='word_1_859' title='bbox 2187 5752 2290 5806; x_wconf 83' lang='grc'><strong><em>564</em></strong></span> <span class='ocrx_word' id='word_1_860' title='bbox 2324 5747 2476 5802; x_wconf 85' lang='lat' dir='ltr'><strong><em>Nova</em></strong></span> <span class='ocrx_word' id='word_1_861' title='bbox 2516 5760 2564 5802; x_wconf 91' lang='lat' dir='ltr'><strong><em>et</em></strong></span> <span class='ocrx_word' id='word_1_862' title='bbox 2597 5749 2882 5819; x_wconf 83' lang='lat' dir='ltr'><strong><em>allegorica</em></strong></span> <span class='ocrx_word' id='word_1_863' title='bbox 2914 5750 3174 5818; x_wconf 69' lang='lat' dir='ltr'><strong><em>expositio</em></strong></span> <span class='ocrx_word' id='word_1_864' title='bbox 3202 5752 3332 5807; x_wconf 88' lang='lat' dir='ltr'><strong><em>dicti</em></strong></span> <span class='ocrx_word' id='word_1_865' title='bbox 3352 5756 3546 5824; x_wconf 85' lang='lat' dir='ltr'><strong><em>psalmi</em></strong></span> <span class='ocrx_word' id='word_1_866' title='bbox 3578 5747 3645 5810; x_wconf 65' lang='lat' dir='ltr'><strong><em>cs.</em></strong></span> <span class='ocrx_word' id='word_1_867' title='bbox 3668 5772 3689 5809; x_wconf 88' lang='lat'><strong>:</strong></span> 
     </span>
    </p>
   </div>
  </div>
