3924 6416
254 346 355 411 129

310 455 564 510 Laudate
590 467 705 507 eum
733 450 785 504 in
810 458 1056 519 tympano
1081 456 1133 519 gl
1163 448 1344 509 choro,
1384 467 1404 500 s
1435 457 1545 502 etc.

318 527 431 581 565
460 524 541 578 De
561 522 803 577 vaticinia
830 514 1039 581 Iacobi,
1066 514 1250 572 Cenes.
1286 534 1434 572 χιιι.

314 597 425 651 566
450 595 595 647 Dicti
619 592 797 657 Isaia’,
836 588 948 643 «Ne
984 590 1153 647 dicas,
1183 587 1349 641 Iacob
1382 604 1399 640 :
1424 587 1492 641 Et
1522 588 1649 658 quid
1673 587 1823 640 locu-

243 677 329 719 tus
352 665 582 728 Israel,s
616 674 749 723 etc..
784 678 915 714 nova
946 659 1221 727 expositio,
1246 670 1295 711 et
1321 659 1734 712 accommodatio
1757 662 1825 712 ad

239 738 591 804 quiestionem
618 735 671 785 in
694 730 1007 804 pra-cedenti
1025 728 1259 804 epistola
1288 730 1540 782 decisam.

314 805 427 860 567
463 802 768 857 Dehortatio
812 798 1150 853 acrebritate
1192 814 1564 868 congressuum
1612 798 1825 851 urbico-

243 892 389 929 rum.

307 943 743 1000 568Admonitio
779 940 1039 1004 monachi,
1102 949 1158 993 ut
1209 940 1332 991 vitet
1375 940 1594 1006 fastum,
1638 939 1826 1006 quippe

243 1033 276 1067 a
303 1032 411 1084 quo
464 1016 638 1082 ipsius
673 1011 929 1080 professio
952 1020 1001 1063 et
1045 1012 1164 1065 vita?
1211 1010 1517 1062 institutum
1556 1008 1706 1077 longe
1755 1010 1826 1061 sit

249 1086 660 1138 alienissimum.

309 1156 419 1208 569
449 1153 868 1207 Commendatio
901 1166 1068 1204 sacra:
1108 1149 1406 1219 Scriptura:
1438 1164 1550 1216 prce
1584 1146 1824 1201 omnibus

246 1224 442 1277 litteris
469 1222 836 1276 secutoribus.

316 1295 424 1347 370
447 1292 754 1345 Admonitio
786 1292 850 1346 de
878 1292 1054 1345 studio
1078 1288 1466 1344 contentionum
1489 1297 1536 1340 et
1564 1286 1823 1340 dissidio-

262 1380 375 1415 rant
412 1367 662 1416 cavendo.

315 1433 411 1487 571
450 1431 537 1485 De
582 1432 806 1485 crimine
862 1430 1013 1499 falsi.
1062 1444 1166 1500 quo
1218 1427 1552 1482 Marcionitte
1614 1424 1823 1479 Novum

255 1502 639 1557 Testamentum
668 1512 1035 1569 corruperunt.

312 1572 413 1626 37?.
434 1570 515 1623 De
546 1573 937 1638 perseverantia
958 1574 1013 1623 in
1038 1572 1189 1621 bono.

317 1642 417 1696 575
450 1635 857 1694 Tetitationibus
880 1642 1107 1708 ﬁrmiter
1139 1635 1510 1708 resistendum.

316 1713 413 1765 574
448 1710 605 1765 Verte
631 1728 694 1763 ac
720 1707 907 1764 εοιὶάάι
933 1710 1117 1780 gloria:
1144 1707 1491 1780 stridentium.

311 1782 412 1836 575
448 1780 752 1848 Paupertas
787 1777 949 1846 tequo'
968 1781 1143 1831 animo
1176 1777 1414 1846 ferenda.

308 1851 410 1906 576
437 1850 510 1903 De
531 1846 743 1919 dispari
776 1852 986 1919 piorum
1028 1858 1076 1902 et
1110 1850 1391 1917 impiorum
1436 1846 1734 1900 conditione
1762 1846 1820 1900 in

254 1923 340 1974 hac
359 1931 405 1973 et
434 1920 611 1973 altera
634 1922 766 1975 vita.

312 1992 406 2045 577
440 1989 518 2043 De
544 1990 871 2043 miraCalosa
893 1988 1094 2042 Christi
1123 1989 1418 2044 nativitate.

311 2060 411 2114 3'78
439 2058 518 2112 De
538 2061 714 2114 stellae
742 2060 914 2129 Magis
941 2061 1065 2113 viso:
1090 2061 1392 2123 acprtevia:
1412 2061 1613 2112 insueto
1635 2075 1816 2112 cursu.

313 2132 415 2195 379
447 2129 525 2183 De
558 2140 795 2183 extremo
816 2130 1043 2194 judicio,
1065 2140 1113 2183 et
1147 2130 1353 2183 aeternis
1388 2130 1671 2197 impiorum
1694 2146 1819 2197 sup-

248 2200 431 2269 pliciis,
461 2216 581 2268 qui:
605 2202 768 2253 etiam
799 2203 1022 2253 ethnicis
1065 2217 1168 2252 non
1199 2201 1411 2267 fuerunt
1436 2201 1635 2269 ignota.
1680 2200 1819 2253 Con-

249 2274 337 2338 fer.
363 2271 588 2339 eptult.
619 2272 717 2323 tib.
752 2286 831 2323 Ill.

313 2338 411 2393 580
436 2338 685 2392 Peccatis
708 2339 987 2403 irascitur,
1022 2351 1070 2394 et
1098 2356 1278 2405 poenas
1310 2340 1505 2407 inﬂigit
1536 2338 1695 2392 Deus.

312 2410 404 2462 581
439 2410 765 2462 Exhortatio
790 2421 838 2461 et
865 2412 1127 2464 revocatio
1159 2411 1225 2461 ad
1255 2410 1637 2478 pwttitentiam.

310 2478 408 2534 582
456 2481 565 2543 Qui
626 2481 921 2546 improbum
977 2483 1226 2549 castigat,
1283 2490 1359 2532 est
1387 2481 1433 2532 ei
1485 2480 1619 2532 idem
1676 2479 1814 2549 quod

252 2549 501 2617 speculum
525 2550 757 2616 deformi
785 2562 831 2601 et
860 2553 1093 2603 medicus
1128 2560 1345 2619 wgroto.

307 2620 407 2673 585
431 2619 639 2689 Contra
672 2620 1036 2689 gulositatem.

308 2689 407 2769 ἑθέν
440 2688 518 2769 De
544 2690 930 2769 gastrimargia
954 2692 1060 2769 sive
1081 2691 1268 2769 insano
1292 2689 1486 2769 ventris
1510 2688 1709 2745 studio.

306 2758 408 2811 585
432 2758 509 2811 De
542 2758 954 2826 intemperantia
984 2762 1036 2812 in
1060 2762 1177 2813 vino
1205 2759 1441 2810 vitanda.

306 2828 407 2882 586
434 2826 625 2882 Oratio
664 2830 852 2898 quibus
883 2832 1034 2882 rebus
1067 2832 1134 2881 sit
1162 2829 1484 2895 adjuvanda.

306 2899 405 2952 587
434 2898 642 2952 Rursus
672 2901 734 2951 de
756 2898 938 2951 eodem
969 2910 1295 2967 argumento.

304 2968 405 3021 588
437 2971 641 3022 Contra
676 2979 1065 3037 persecutorem
1094 2968 1407 3021 sacerdotis.

301 3039 403 3092 589
440 3036 691 3093 Ostendit
722 3050 857 3093 recte
886 3042 952 3092 ab
978 3057 1031 3092 se
1060 3040 1279 3108 factum,
1301 3036 1739 3107 quandoArianis
1756 3054 1809 3091 se

302 3120 489 3174 posuit.

242 3123 841 3233 wggsiimjt-dolescentem
866 3180 1166 3232 litterarum
1194 3177 1387 3231 studiis
1415 3189 1593 3244 aptum
1622 3185 1804 3228 natum

243 3264 337 3301 non
396 3259 601 3317 oportet
658 3251 726 3301 ad
793 3250 1040 3301 militiam
1102 3248 1394 3299 traducere.
1435 3247 1575 3311 Quin
1627 3247 1801 3313 potius

240 3327 441 3371 natura:
466 3317 553 3371 fas
588 3329 675 3372 est
710 3321 919 3373 semina
951 3334 1223 3386 quemque
1246 3319 1421 3384 sequi.

297 3388 398 3441 591
426 3390 567 3442 Aliis
592 3390 908 3442 medicinam
948 3389 1118 3452 facere
1152 3388 1346 3452 volens,
1388 3388 1615 3455 seipsum
1658 3386 1805 3455 prius

237 3468 392 3510 curet.

298 3527 407 3580 592
438 3528 670 3583 Occasio
696 3530 868 3596 furem
899 3528 1051 3597 facit.

299 3597 409 3650 595
434 3595 805 3654 Christuscur
826 3595 1017 3665 aquam
1041 3598 1095 3649 in
1124 3596 1301 3649 vinum
1334 3595 1664 3649 converterit.

294 3667 403 3737 594
424 3669 743 3737 Objurgatio
777 3669 1026 3735 discipuli
1062 3668 1193 3719 nihil
1220 3666 1564 3737 proﬁcientis.

291 3736 401 3791 595
439 3736 721 3791 Pra'clara
764 3738 1008 3807 facinora
1048 3746 1255 3789 manent
1304 3736 1459 3803 ltujus
1500 3746 1548 3787 et
1594 3742 1805 3787 (eterna:

233 3806 360 3857 vitae
390 3810 643 3875 praemia.

297 3876 403 3931 596
432 3878 840 3931 Commendatio
868 3877 1046 3929 amicz.

291 3946 398 4001 597
421 3947 678 4001 Humana
701 3950 908 4000 inventa
934 3948 1124 4015 absque
1146 3944 1325 3997 divina
1351 3945 1526 4014 gratia
1550 3960 1655 3996 non
1682 3954 1805 3997 sunt

228 4014 509 4070 diuturna.

302 4088 410 4141 598
438 4089 515 4141 De
543 4086 874 4140 Philostrato
905 4084 1185 4155 Thganteo.

302 4158 409 4211 399
432 4158 539 4222 Qui
574 4158 766 4209 multos
820 4152 1167 4209 bonos'libros
1194 4152 1444 4222 possidet,
1470 4169 1532 4206 ne
1563 4154 1627 4206 sit
1658 4155 1803 4207 canis

232 4243 287 4279 tl
319 4244 566 4281 ιπιτδευι.

294 4244 695 4366 4Ροἲ1ωὲξεῖιιᾶεξιὶο
713 4296 839 4348 dicti
860 4294 1052 4365 psalmi
1070 4308 1235 4348 vam
1253 4310 1298 4348 ξ(
1311 4291 1584 4358 Captivam
1600 4292 1802 4347 duxisti

231 4369 617 4437 captivitatem.
655 4385 674 4417 ι

300 4432 398 4491 401
460 4436 735 4505 Refutatio
793 4432 992 4500 Judaei,
1052 4434 1143 4503 qui
1203 4440 1592 4488 sacramentum
1647 4448 1806 4485 ctena:

236 4505 449 4559 Domini
476 4524 537 4560 ca
545 4514 765 4574 rpserat.

305 4577 410 4631 402
428 4576 573 4630 Laus
590 4578 710 4629 vita:
741 4574 1016 4627 solitaria.

303 4648 409 4700 405
456 4646 532 4700 De
562 4662 681 4699 vero
706 4645 933 4714 jejunio,
973 4642 1111 4713 quod
1131 4642 1369 4696 omnibus
1414 4639 1798 4695 sensibussuis

238 4714 388 4768 homo
418 4718 631 4770 indicit.

304 4786 409 4839 404
443 4787 518 4838 De
548 4783 908 4853 penetratione
936 4783 1170 4846 corporis
1197 4781 1397 4853 Christi
1417 4796 1527 4853 ‘per
1561 4778 1799 4833 clausum

238 4856 467 4925 virginal
491 4850 790 4925 maternum
818 4863 865 4906 et
893 4862 1282 4925 monumentum
1315 4850 1668 4925 obsignatum.

304 4920 410 4980 405
445 4926 511 4979 1η
534 4926 689 4979 rebus
720 4924 910 4977 divinis
942 4936 1099 4975 cesset
1132 4924 1402 4976 rationum
1430 4920 1737 4988 indagatio.l

309 4996 417 5049 406
438 4997 513 5049 De
538 4994 713 5063 angeli
733 4994 1058 5062 apparitione
1078 4993 1133 5045 in
1163 4992 1540 5063 resurrectione
1563 4990 1799 5063 Domini.

301 5066 404 5119 407
432 5065 598 5119 Pauli
616 5061 1033 5131 ’συγκατάϐασις
1070 5074 1119 5116 et
1157 5061 1571 5116 accommodatio
1603 5061 1671 5112 ad
1717 5076 1804 5112 ca-

232 5145 378 5204 ptum
408 5136 769 5205 infirmorum.

289 5206 398 5260 408
430 5201 691 5260 [inritatio
725 5205 793 5257 ad
817 5205 1011 5257 seriam
1036 5201 1471 5271 resipiscentiam.

299 5276 412 5330 409
442 5276 558 5331 Cur
596 5275 837 5331 Christus
883 5274 1111 5328 Paulum
1138 5269 1442 5342 apostolum
1487 5285 1514 5323 e
1550 5269 1678 5323 coelo
1730 5270 1801 5323 sit

236 5346 525 5401 allocutus.

306 5416 415 5470 410
458 5416 546 5470 Ad
592 5423 807 5484 peccata
868 5429 1047 5467 eorum
1104 5414 1195 5481 qui
1244 5414 1369 5483 ﬁdei
1428 5422 1623 5466 nostra:
1680 5419 1801 5464 sunt

239 5488 501 5556 commissi
528 5500 856 5556 nequaquam
881 5484 1277 5556 connivendum.

305 5557 402 5610 411
436 5553 760 5609 Exhortatio
781 5554 852 5606 ad
878 5554 1325 5621 eleemosynarum
1352 5553 1700 5623 largitionem.

308 5626 411 5679 412
438 5626 642 5682 Contra
680 5642 768 5679 eos
811 5629 899 5694 qui
954 5626 1253 5677 litterarum
1301 5626 1482 5678 studia
1528 5624 1586 5675 in
1629 5637 1803 5674 meras

247 5700 588 5751 contentiones
619 5705 942 5761 convertunt,
973 5694 1112 5755 quod
1149 5710 1327 5764 graves
1356 5694 1464 5750 Deo
1496 5710 1614 5749 vero
1638 5694 1805 5746 ratio-

250 5780 332 5819 nes
359 5767 572 5822 reddere
607 5774 897 5823 teneantur.

1390 338 1948 401 PROLEGOMENA
1982 341 2183 403 EDIT.
2223 342 2466 403 PARIS.

2000 450 2107 504 415
2138 450 2440 520 Επριίεαιίο
2470 452 2600 505 dicti
2632 452 2849 507 Paulini
2875 454 2939 506 de
2974 453 3208 523 legitimo
3236 472 3338 510 usu
3374 475 3502 513 con-

1925 520 2112 590 jugum
2146 531 2195 591 et
2225 532 2534 576 cwterarum
2566 540 2740 576 rerum
2771 524 2926 591 hujus
2961 520 3100 578 vitta.

1999 592 2103 643 414
2132 590 2411 659 Expositio
2442 592 2573 668 dicti
2607 595 2799 668 psalmi
2822 590 3060 648 CXXVIII:
3092 614 3110 646 ι
3137 593 3365 651 Labores
3387 598 3504 668 fru-

1927 668 2105 713 ctuum
2130 671 2340 713 tuorum
2368 664 2735 715 manducabis.
2772 681 2791 713 ι

2000 732 2105 784 415
2139 731 2361 784 Recusat
2394 734 2702 799 respondere
2721 733 2801 785 'ad
2834 733 3059 800 quaesita
3090 735 3153 787 de
3173 734 3313 789 dicto
3342 736 3502 792 Sala-

1938 802 2129 871 ntonis,
2154 802 2361 871 quibus
2386 811 2557 854 tamen
2588 819 2692 871 seq.
2719 804 2869 870 epist.
2895 805 3182 871 satisfacil.

2004 870 2108 923 416
2140 870 2291 924 Nova
2327 872 2584 938 expositio
2612 870 2994 941 arithmologia:
3022 870 3299 940 cujusdam
3342 875 3503 931 Salo

1926 956 2165 994 montca’.
3033 974 3045 986 .

1995 1012 2097 1063 417
2142 1010 2289 1063 Nova
2330 1012 2586 1079 expositio
2640 1012 2771 1063 dicti
2818 1012 3117 1065 Salomonis
3150 1029 3168 1065 :
3202 1032 3221 1064 ι
3273 1012 3362 1068 Sic
3403 1015 3491 1069 via

1926 1081 2165 1154 mulieris
2198 1080 2629 1154 adulterte,_etc.
2651 1100 2693 1154 _s
2726 1082 3061 1135 Adulterium
3106 1085 3231 1154 quid
3283 1086 3501 1153 mystice

1926 1152 2182 1221 signiﬁcet
2218 1152 2270 1202 in
2289 1154 2453 1203 sacris
2478 1148 2708 1204 Litteris.
3115 1148 3127 1154 ’
3335 1148 3355 1153 ⁷

1997 1220 2102 1273 418
2127 1219 2283 1273 Zelus
2307 1236 2401 1287 pro
2430 1221 2601 1289 gloria
2630 1218 2729 1272 Dei
2745 1221 3016 1274 decertans
3041 1222 3093 1273 in
3118 1223 3245 1275 viris
3274 1225 3495 1278 sanctis.

2002 1290 2107 1344 419
2148 1291 2483 1361 Arundineus
2518 1290 3029 1361 _lvaculusA/Eggpti
3079 1293 3205 1359 quid
3237 1293 3498 1361 signiﬁcet

1924 1362 2066 1429 apud
2114 1359 2420 1427 prophetam
2462 1375 2479 1411 .·
2510 1358 2555 1411 F
2562 1361 2711 1411 ilium
2760 1359 2855 1412 Dei
2888 1358 3024 1427 past
3080 1358 3497 1416 incarnationem

1926 1432 2183 1484 mansisse
2209 1431 2670 1492 incommutatum,
2699 1431 3057 1497 inconfusum,
3105 1440 3154 1481 et
3191 1432 3493 1486 indivisum.

1924 1498 2119 1569 Confer
2163 1501 2365 1568 scripta
2416 1500 2719 1563 Athanasii,
2786 1500 3026 1569 dialogos
3078 1500 3404 1567 Theodoreti,
3445 1512 3495 1556 et

1923 1571 2172 1622 aliorum.

1994 1642 2101 1760 4ἓο
2135 1638 2454 1695 Exhortatio
2484 1640 2551 1693 ad
2578 1637 2947 1694 liberalitatem
2972 1640 3030 1693 in
3055 1656 3308 1710 pauperes
3348 1656 3497 1695 exer—

1994 1727 2014 1760 ἰ
2057 1726 2142 1760 ant

1924 1725 2142 1761 centiam

2006 1780 2101 1832 421
2148 1777 2383 1835 Excusat
2407 1780 2780 1837 vehementiam
2812 1781 3100 1845 superioris
3126 1783 3281 1845 epist.

1986 1848 2093 1901 422
2109 1849 2309 1920 Contra
2327 1852 2578 1915 Arianos,
2596 1848 3061 1911 dicentes,Patrem
3076 1849 3218 1904 Filia
3237 1852 3493 1920 majorem

1920 1918 2426 1992 esse._Camparatio
2444 1924 2579 1976 inter
2599 1936 2827 1992 quas_res
2846 1920 3017 1972 locum
3040 1924 3246 1992 habeat,
3269 1918 3345 1992 vel
3365 1938 3487 1976 non.

2117 1990 2427 2062 Dehortatio
2457 2010 2487 2044 a
2517 1990 2663 2062 gula,
2695 1990 2908 2058 ejusque
2930 1991 3115 2042 comite
3148 1991 3384 2044 libidine.

1978 2057 2084 2111 424
2128 2060 2205 2113 De
2259 2057 2617 2116 moderatione
2652 2057 2860 2114 inrciba
2907 2068 2957 2113 et
2996 2070 3121 2127 potu
3159 2078 3191 2113 a
3237 2061 3491 2114 monacho

1920 2128 2236 2183 adhibenda.

1988 2197 2093 2269 425
2119 2199 2419 2269 Increpatio
2442 2200 2674 2269 episcopi
2700 2199 3017 2254 Simoniaci.

1984 2268 2089 2323 426
2115 2268 2355 2325 Christus
2378 2268 2490 2325 vere
2513 2273 2711 2323 dicitur
2740 2286 2910 2321 semen
2938 2270 3195 2321 mulieris.

1994 2338 2098 2390 427
2130 2341 2330 2394 Contra
2372 2358 2456 2395 eos
2483 2344 2571 2411 qui
2597 2342 2708 2393 solo
2735 2340 2919 2391 habitu
2948 2341 3325 2407 professionem
3350 2358 3491 2395 men-

1922 2409 2151 2479 tiuntur,
2178 2421 2427 2479 tanquam
2454 2409 2736 2465 histriones
2760 2411 2813 2460 in
2850 2426 3024 2461 scena.

1991 2478 2096 2549 428
2125 2478 2398 2545 Quomodo
2421 2484 2586 2534 virtus
2610 2480 2706 2533 Dei
2736 2481 2791 2531 in
2813 2480 3126 2546 inﬁrmitate
3157 2482 3487 2549 perﬁciatur.

1987 2547 2091 2603 429
2118 2552 2391 2614 Quomodo
2436 2552 2575 2605 Deus
2606 2550 2922 2619 sapientiam
2946 2550 3105 2617 hujus
3142 2547 3324 2605 mundi
3352 2555 3493 2606 stul-

1918 2626 2025 2670 tam
2056 2621 2363 2674 reddiderit.

1980 2688 2084 2761 450
2104 2692 2413 2761 Admonitio
2433 2690 2802 2761 quorumdam,
2826 2704 2888 2741 ne
2910 2688 3145 2757 patriam
3170 2690 3401 2757 diripere
3425 2708 3489 2746 ac

1919 2758 2131 2813 turbare
2166 2760 2339 2813 velint.

1997 2827 2095 2881 451
2126 2827 2353 2883 Pietatis
2378 2830 2579 2884 semina
2599 2830 2653 2883 in
2682 2837 2874 2882 natura
2898 2844 3083 2897 sparsa
3108 2838 3253 2880 sunt.

1991 2897 2098 2951 452
2130 2898 2446 2954 Exhortatio
2476 2901 2543 2952 ad
2572 2900 2910 2966 exstirpanda
2949 2900 3100 2950 vitia.

1986 2969 2091 3020 453
2118 2970 2377 3023 Adversus
2404 2971 2644 3023 incendia
2663 2971 2939 3021 libidinum
2966 2967 3311 3020 utilissimum
3331 2970 3488 3036 phar-

1916 3052 2143 3109 macum,
2179 3050 2235 3092 ut
2266 3042 2465 3094 scilicet
2510 3041 2869 3093 recordatione
2907 3038 3209 3105 sempiterni
3248 3040 3381 3109 ignis
3422 3058 3485 3096 ea

1915 3108 2324 3177 restinguamus.

1985 3179 2091 3231 454
2122 3179 2420 3232 Amuletum
2452 3189 2637 3234 contra
2667 3179 2967 3232 avaritiam.

1984 3247 2090 3301 455
2119 3247 2193 3299 De
2225 3249 2599 3302 monachorum
2624 3250 2906 3302 institutis.

1982 3317 2087 3369 456
2118 3317 2418 3388 Increpatio
2446 3321 2671 3372 hominis
2704 3318 2986 3387 deplorati.

1980 3387 2083 3457 457
2122 3408 2140 3438 t
2181 3387 2397 3455 Medice,
2430 3406 2557 3442 cura
2590 3390 2830 3457 teipsunt.
2870 3410 2887 3439 ι

1980 3456 2086 3531 458
2136 3458 2247 3531 Par
2308 3468 2573 3531 turturum
2614 3456 2667 3511 et
2701 3475 2799 3526 par
2852 3458 3213 3517 columbarum
3265 3476 3329 3515 ex
3376 3458 3485 3531 lege

1912 3527 2233 3595 oﬁ'erendum
2260 3529 2384 3597 quid
2412 3531 2582 3597 typice
2611 3532 2832 3581 notarit.

1983 3597 2087 3668 459
2120 3598 2391 3662 Quomodo
2415 3599 2913 3668 intelligendumsit
2945 3604 3081 3668 quod
3125 3604 3262 3658 Deus
3292 3604 3355 3657 de
3385 3620 3483 3658 sua

1910 3667 2211 3736 ptrnitentia
2234 3684 2390 3735 super
2420 3670 2663 3721 unctione
2694 3667 2875 3721 Saulis
2906 3667 3056 3725 dicit.

1980 3736 2553 3811 440__E:rpos_itiodicti
2580 3737 2800 3801 Christi,
2830 3740 2966 3807 quod
2998 3746 3173 3811 pueris
3204 3744 3479 3798 debeamus

1912 3807 2226 3871 assimilart,
2268 3807 2454 3859 Matth.
2496 3822 2649 3860 XVIII.

1981 3877 2081 3928 441
2116 3876 2399 3945 Responsio
2430 3878 2498 3929 ad
2532 3879 2844 3931 instantiam
2870 3894 2934 3931 ex
2961 3885 3228 3950 superiore
3255 3884 3479 3953 epistola

1911 3956 2106 3999 natam.

1992 4016 2098 4067 442
2126 4014 2405 4083 Responsio
2428 4017 2497 4068 ad
2529 4015 2691 4068 aliam
2724 4018 3055 4073 instantiam.

1981 4086 2088 4157 445
2120 4085 2332 4157 Dictum
2355 4085 2514 4139 Pauli
2546 4088 2802 4154 quomodo
2831 4090 3211 4157 accipiendum.

1980 4156 2085 4207 444
2120 4154 2184 4230 In
2231 4156 2340 4230 lege
2373 4157 2559 4208 umbra
2592 4157 2695 4224 fuit.
2735 4154 3066 4224 futurorum;
3098 4161 3150 4212 in
3182 4160 3473 4230 Evangelia

1911 4226 2026 4293 ipsa
2048 4235 2121 4276 est
2154 4226 2313 4293 facies
2341 4241 2535 4278 rerum.

1980 4295 2083 4347 445
2118 4296 2189 4369 De
2219 4295 2408 4362 puerili
2459 4294 2789 4348 institutione
2832 4304 2939 4348 tam
2973 4297 3026 4350 in
3078 4299 3187 4369 lege
3223 4315 3380 4368 quam
3418 4300 3474 4354 in

1912 4364 2215 4449 ιζυςιμιρείξρ⁸
2234 4377 2507 4449 usurpata.

1918 4504 1929 4515 .
1970 4433 2083 4514 .446
2114 4433 2422 4513 Objurgatio
2467 4434 2689 4488 hominis
2727 4434 2991 4502 maledici,
3028 4454 3131 4491 non
3169 4447 3227 4491 ut
3272 4450 3473 4507 oportet

1901 4516 2213 4572 jejunantts.

1969 4573 2073 4625 447
2106 4573 2177 4647 De
2220 4575 2636 4647 contentionibus
2688 4585 2736 4647 et
2788 4579 3153 4647 controversiis
3208 4578 3474 4647 theologo-

1903 4659 2040 4714 rum,
2070 4644 2137 4695 ad
2165 4645 2422 4711 stipendia
2455 4654 2657 4697 tantum
2693 4645 3040 4714 luculentiora
3066 4644 3472 4714 respicientium.

1900 4712 2187 4787 Responsio
2218 4714 2286 4787 ad
2340 4715 2677 4787 qttcestionent
2714 4715 2778 4765 de
2822 4712 3089 4787 Philippo,
3128 4712 3216 4787 qui
3244 4720 3295 4771 in
3326 4720 3473 4771 Actis

1903 4793 2076 4852 apost.
2114 4784 2409 4852 baptizasse
2436 4784 2686 4852 scribitur
2706 4784 3019 4838 eunuchum.

1976 4850 2303 4927 448_Probat
2338 4853 2581 4927 ulterius
2611 4851 2911 4927 Philippum
2943 4856 3131 4927 illum,
3176 4858 3266 4927 qui
3308 4872 3476 4910 eunu-

1903 4922 2055 4975 chum
2086 4922 2391 4989 baptizavit,
2427 4940 2529 4976 non
2554 4923 2717 4991 fuisse
2747 4925 3062 4991 apostolum.
3153 4949 3163 4957 -

1976 4992 2084 5045 449
2118 4992 2321 5045 Rursus
2353 4994 2414 5044 de
2443 4998 2619 5046 eodem
2656 4991 2900 5061 Philippo
2927 4996 3260 5049 Cwsariensi.

1975 5061 2081 5135 450
2111 5063 2235 5115 Alia
2276 5063 2540 5135 probatio,
2585 5064 2723 5132 quod
2770 5063 3047 5135 Philippus
3092 5065 3181 5118 ille
3219 5066 3471 5134 baptistes

1904 5148 2008 5185 non
2039 5132 2197 5199 fuerit
2234 5134 2522 5201 apostolus.

1972 5202 2071 5275 451
2110 5201 2231 5254 Non
2245 5219 2450 5275 semper
2470 5202 2768 5275 cedendum
2796 5206 2959 5259 ventis
2983 5215 3032 5260 et
3055 5204 3469 5275 tempestatibus,

1903 5272 1993 5325 sed
2019 5287 2153 5340 scepe
2183 5272 2343 5324 etiam
2377 5273 2739 5327 resistendum.

2114 5343 2297 5415 fotum
2322 5344 2640 5415 pacis,quod
2660 5345 2784 5415 fecit
2808 5343 3082 5409 Ezechias,
3107 5343 3262 5415 quale
3289 5344 3471 5413 fuerit.

2104 5412 2202 5485 Dei
2224 5428 2407 5485 nomen
2440 5411 2848 5485 nullum..lesus
2882 5417 3005 5484 quid
3037 5411 3315 5485 signiﬁcet.

1978 5481 2081 5536 454
2108 5480 2293 5535 Patris
2319 5484 2587 5537 accusatio
2615 5484 2771 5536 etiam
2794 5480 2915 5537 vera
2938 5480 3222 5556 parricida:
3245 5484 3472 5539 exitiosa

1906 5561 2005 5605 est.
3113 5560 3117 5564 ”

1971 5620 2078 5674 455
2104 5621 2303 5685 Quales
2332 5638 2452 5691 opes
2477 5624 2581 5676 sint
2613 5621 2930 5679 Christianis
2958 5628 3150 5680 noxiae.

1973 5691 2080 5744 456
2101 5693 2427 5747 Comessalio
2449 5694 2597 5763 quid,
2620 5702 2668 5746 et
2695 5708 2853 5763 quam
2877 5698 2981 5750 vim
3010 5696 3198 5751 habeat
3219 5695 3271 5749 in
3294 5696 3361 5751 iis
3380 5695 3470 5766 qui

1904 5771 2179 5830 usurpant.
