3924 6416
469 303 565 369 131

531 421 643 477 457
675 419 828 474 Νουα
869 419 1130 491 expositio
1158 419 1353 490 psalmi
1406 419 1600 474 ultimi.
1635 417 1831 472 Confer
1884 418 2040 487 epist.

466 490 591 555 564,
627 508 808 555 supra.

539 527 545 537 -
627 509 685 544 su
729 509 808 546 ra.

539 508 645 615 1’58
687 508 793 614 Lex
847 562 1125 625 actionem,
1178 559 1521 630 Evangelium
1575 560 1738 630 etiam
1788 559 2038 628 affectum

468 636 717 754 vitiosum
738 630 1004 754 ’prqhgbet.
1040 630 1233 701 Confer
1257 633 1410 700 epist.
1445 632 1546 685 154
1574 629 1666 682 lib.
1704 646 1776 692 ιν,
1805 641 1854 684 et
1883 633 2035 699 epist.

479 719 496 754 ι
545 745 558 754 .
591 719 708 754 suo.
777 741 790 754 .
847 719 860 754 ι
905 741 918 753 .

471 703 558 766 79,
591 719 708 766 sup.
738 705 790 755 h.
824 702 918 754 lib.

540 719 1102 842 ngpLiiiguglapsus
1132 787 1288 841 quam
1307 771 1707 840 diligentissime
1730 771 2010 842 cavendus.

540 844 646 897 460
696 841 975 896 Revocatia
1016 842 1240 894 hominis
1287 842 1530 909 Epicurei
1576 847 1644 896 ad
1685 841 2045 910 paenitentiam

472 915 771 981 tempestive
805 916 1084 982 agendam,
1122 923 1355 980 respectu
1406 914 1626 965 extremi
1661 913 1859 982 judicii
1905 920 2046 964 certo

499 995 665 1037 amri.

473 986 665 1108 (“ibi
691 1051 992 1122 Increpatio
1031 1051 1256 1104 hominis
1287 1051 1448 1104 nimio
1479 1052 1712 1120 corporis
1747 1051 1961 1104 ornatui
1997 1058 2046 1103 et

473 1125 647 1178 studio
669 1123 852 1176 dediti.

545 1193 650 1247 462
672 1190 1118 1259 Commonefactio
1142 1200 1192 1242 et
1211 1192 1507 1246 consolatio
1527 1192 1816 1262 profecturi
1847 1191 1902 1244 in
1930 1191 2046 1244 loca

473 1265 846 1333 periculosatet
877 1261 1200 1333 turbulenta.

547 1333 652 1388 465
684 1332 998 1400 Objurgatio
1025 1331 1370 1386 adolescentis
1405 1333 1536 1386 luxu
1575 1332 1736 1385 nimio
1767 1332 1963 1385 utentis
1991 1332 2048 1384 in

473 1420 530 1457 se
553 1403 880 1456 muliebriter
909 1402 1186 1455 comaudo.

552 1473 658 1526 464
693 1473 768 1525 De
788 1473 961 1539 stupri
984 1482 1032 1524 et
1056 1472 1305 1542 adulterii
1327 1473 1660 1540 differentia;
1698 1482 1746 1525 et
1773 1471 1912 1542 quod
1931 1482 2041 1525 stu-

474 1560 627 1613 prum
649 1558 784 1610 scepe
808 1558 914 1613 non,
939 1542 1142 1594 minora
1172 1541 1312 1594 mala
1342 1560 1499 1613 quam
1529 1544 1700 1611 ipsum
1728 1542 2050 1596 adulterium

474 1612 670 1684 pariat,
708 1612 916 1684 tametsi
938 1628 996 1684 ea
1013 1613 1176 1684 levius
1210 1629 1320 1665 esse
1346 1612 1596 1684 videatur.

549 1683 658 1737 465
692 1682 1006 1750 Objurgatio
1038 1681 1262 1752 hominis
1289 1683 1479 1752 gulusi.

549 1754 654 1807 466
680 1753 997 1805 Exhortatio
1021 1751 1087 1802 ad
1115 1751 1528 1821 beneﬁcentiam.

543 1823 648 1877 467
671 1823 849 1888 Quare
878 1823 1113 1890 exempla
1142 1838 1414 1891 pwnarum
1440 1825 1493 1877 in
1517 1825 1685 1879 sacris
1705 1821 1923 1877 Litteris
1943 1825 2047 1876 sint

475 1894 761 1948 descripta.

549 1910 945 2018 ἵέέρὶῖδάεεῑία
970 1952 1280 2016 monastij
1303 1963 1424 2017 vitae
1447 1965 1771 2017 necessaria.

539 2034 645 2089 469
679 2034 779 2086 Per
806 2033 940 2084 bona
973 2031 1132 2100 hujus
1159 2035 1279 2087 vitta
1314 2034 1452 2087 Deus
1499 2051 1592 2088 nos
1624 2050 1783 2087 manu
1813 2033 1959 2086 ducit
1983 2032 2052 2086 ad

477 2105 709 2158 coelestia
738 2115 783 2156 et
817 2112 1035 2156 (eterna.

545 2176 650 2229 470
687 2193 703 2224 ε
741 2172 884 2226 Nulli
916 2188 1054 2241 opus
1081 2182 1168 2229 est
1193 2174 1425 2244 probro;
1453 2174 1708 2242 probrum
1733 2173 1827 2228 sed
1861 2173 2052 2227 inertia

478 2246 684 2314 grande
721 2254 823 2298 est.
859 2262 876 2293 ι
914 2244 1236 2298 Historiade
1252 2244 1462 2298 Pittaco
1486 2261 1602 2315 rege
1633 2245 1919 2316 pistrinum
1940 2245 2052 2298 suis

480 2316 721 2368 manibus
744 2323 1063 2368 exstruente.

551 2385 650 2438 471
684 2385 757 2438 De
788 2385 977 2449 servis,
1008 2395 1066 2436 ut
1095 2385 1504 2439 sinttractandi.

538 2455 644 2508 472
686 2455 770 2526 _De
804 2455 966 2526 poenis
998 2464 1445 2526 transgressorum
1482 2465 1603 2509 ante
1644 2465 1692 2508 et
1731 2466 1847 2525 post
1887 2456 2054 2509 latam

479 2525 644 2596 legem
676 2524 792 2589 Dei,
823 2525 1062 2596 quodque
1089 2524 1182 2580 hos
1205 2527 1446 2595 graviora
1491 2524 1738 2580 maneant
1770 2527 2052 2595 supplicia,

479 2595 569 2665 qui
595 2604 709 2662 post
733 2597 962 2665 gratiam
1001 2595 1198 2665 Evang.
1226 2597 1393 2649 Deum
1420 2597 1634 2649 irritare
1660 2613 1758 2649 non
1787 2608 2049 2650 verentur.

549 2666 656 2719 475
677 2672 874 2720 Contra
893 2666 1118 2719 Arianos
1138 2669 1202 2719 de
1220 2666 1362 2720 Filio
1380 2667 1478 2718 Dei
1497 2666 1631 2718 male
1647 2669 1943 2720 sentientes.

557 2737 662 2806 Πνᾶ
687 2735 912 2789 Prtestat
941 2751 1125 2789 carnes
1146 2737 1297 2790 edere
1314 2753 1472 2806 quam
1489 2737 1697 2804 jejunio
1722 2739 2050 2792 insolescere.

483 2802 640 2874 Canf.
670 2822 752 2876 ep.
777 2807 902 2871 ⁸244,
933 2815 981 2858 et
1006 2806 1131 2869 405,
1154 2823 1270 2876 sup.
1301 2802 1355 2864 Ii.
1379 2808 1473 2860 lib.

548 2877 654 2930 475
683 2874 1081 2931 Commendatio
1098 2874 1326 2931 hominis
1349 2879 1500 2942 nudi,
1537 2886 1594 2930 ut
1627 2879 1885 2931 vestiatur
1905 2881 1970 2932 ab
1993 2893 2054 2932 eo

516 2947 570 2999 ui
601 2957 788 3001 potest.

479 2962 569 3019 qui
600 2962 788 3013 polest.

565 3016 672 3088 476
701 3016 773 3088 De
795 3015 900 3069 Deo
920 3033 1021 3070 non
1043 3027 1243 3088 oportet
1265 3034 1496 3088 qucerere
1522 3032 1540 3070 :
1568 3017 1840 3083 Quomodo
1858 3021 1884 3073 ?

555 3087 660 3160 477
683 3086 903 3160 Car-oin
925 3089 1092 3140 sacris
1124 3086 1346 3160 Litteris
1373 3105 1530 3156 quam
1565 3090 1708 3141 varie
1736 3091 2053 3160 accipiatur.

553 3156 658 3211 478
679 3156 754 3209 De
773 3157 981 3211 Christo
1006 3173 1070 3210 ex
1092 3160 1288 3211 semine
1315 3159 1536 3212 Davidis
1563 3160 1803 3211 oriundo.

555 3227 660 3281 479
702 3226 1265 3301 Contraebrietatem
1289 3241 1338 3282 et
1378 3231 1539 3287 iram.
1585 3245 1810 3298 quarum
1836 3238 2056 3301 utraque

483 3308 707 3351 mentem
730 3297 956 3350 hominis
979 3300 1041 3350 de
1061 3313 1155 3350 sua
1177 3299 1295 3350 sede
1315 3301 1560 3352 dimovet.

526 3436 529 3438 _
573 3377 677 3432 480
713 3375 1011 3431 Correctori
1044 3379 1288 3432 vitiorum
1325 3390 1628 3433 nostrorum
1671 3395 1774 3433 non
1802 3391 1912 3434 tam
1939 3399 2062 3436 suc-

483 3463 691 3503 censere
719 3463 874 3511 quam
909 3451 1110 3516 gratias
1136 3465 1287 3516 agere
1314 3450 1579 3504 debemus.

555 3518 654 3589 48!
679 3517 986 3589 Admonitio
1020 3519 1085 3570 de
1120 3517 1270 3572 libris
1304 3537 1424 3572 cum
1475 3522 1650 3588 fructu
1664 3522 1912 3589 legendis.

554 3587 680 3664 L82__
696 3587 1009 3664 Ubjurgatia
1031 3593 1357 3644 concussoris
1383 3587 1590 3656 militis,
1623 3587 1932 3664 qui—stolide
1952 3611 2062 3650 sese

487 3676 609 3713 cum
643 3657 840 3710 Davide
874 3659 1109 3727 conferre
1133 3672 1562 3730 prwsumpserat.

555 3737 663 3792 485
695 3737 775 3815 De_
807 3735 1056 3815 Cigantio
1097 3738 1406 3815 Cappadoce
1464 3752 1663 3810 votum,
1692 3760 1793 3815 quo
1829 3755 1975 3814 optat
1998 3762 2060 3799 ne

487 3808 707 3883 iterum_
737 3808 834 3883 fiat
883 3808 1620 3883 prtefectus;Pelusiotarum,
1649 3808 1756 3868 sed
1791 3808 1966 3883 potius
2003 3826 2060 3868 ut

489 3877 887 3950 Cappadotcibus
915 3879 1127 3947 imperet
1156 3879 1462 3950 Cappadox.

559 3947 665 4024 «ᾆεᾴ
690 3948 958 4024 “Ejusdem
991 3947 1404 4024 cuni_sitperiore
1426 3956 1746 4024 argumenti.

558 4019 663 4072 485
680 4016 882 4094 Rursus
906 4030 1087 4072 contra
1107 4021 1409 4090 Cigantium
1438 4016 1824 4094 Cdppadocem,
1843 4042 1905 4080 ne
1920 4042 2064 4088 prce-

491 4088 698 4158 fectura
728 4091 775 4141 ei
805 4090 996 4142 iterum
1029 4088 1436 4146 commendetur.

559 4158 662 4212 486
698 4158 875 4211 Denuo
904 4160 966 4212 de
995 4161 1191 4215 eodem.

559 4230 662 4307 487
695 4229 1490 4302 ContraeumdemGignntium,
1517 4251 1580 4290 ne
1611 4237 1804 4290 iterum
1822 4238 2063 4307 potiatur

486 4300 824 4368 magistratu.

545 4370 658 4444 488
685 4389 728 4444 ιΔ
748 4368 904 4444 Levat
934 4370 1136 4425 labores
1174 4373 1442 4442 fructuum
1481 4378 1819 4444 exspectatio.
1861 4397 1879 4430 ι

559 4439 664 4491 489
689 4437 983 4514 Consilium
1025 4437 1272 4512 prceférto
1325 4437 1584 4514 praetorio
1638 4449 1824 4502 datum
1865 4457 2051 4502 eontra

487 4507 845 4578 Cappadoces.

557 4581 662 4658 4.90
688 4579 762 4658 De
815 4579 1146 4658 impedienda
1207 4581 1439 4654 Gigantii
1483 4587 1653 4641 denuo
1685 4589 2057 4658 prtefecturam

486 4650 768 4714 ambientis
787 4651 1054 4717 petitione.

697 4720 985 4800 inscriptio
1015 4723 1186 4800 crucis
1223 4722 1424 4800 Christi
1450 4728 1575 4796 quid
1607 4729 1947 4800 signiﬁcarit.

481 4788 660 4914 Γιιὲθὲ
677 4787 980 4844 Admonitio
1004 4793 1066 4845 de
1086 4795 1375 4849 exercenda
1401 4787 1767 4855 misericordia
1786 4811 1833 4856 et
1862 4796 2056 4855 libera-

506 4875 522 4914 t
549 4875 580 4912 a
607 4875 655 4912 e.

506 4875 655 4914 uate.

687 4926 989 5006 increpatio
1003 4932 1227 5006 superbi
1259 4937 1626 5006 magistratus.

551 4998 919 5085 494nCollat‘io
956 4998 1142 5057 veteris
1189 4998 1522 5064 Pentecostes
1557 5027 1676 5064 cum
1736 5026 1890 5078 nova,
1922 5011 2052 5085 legis

482 5085 602 5123 cum
635 5068 939 5139 Evangelia.

546 5141 654 5213 4νρ
683 5140 762 5213 De
778 5143 1010 5196 cavenda
1032 5144 1435 5213 intemperantia
1459 5149 1514 5202 in
1538 5152 1676 5204 vino.

548 5210 654 5263 496
685 5209 992 5292 increpatio
1020 5209 1369 5292 persecutoris
1386 5220 1618 5288 piorum,
1649 5225 1740 5292 qui
1762 5224 1825 5277 de
1851 5221 2052 5279 Christi

481 5279 853 5335 incarnatione?
866 5282 1006 5336 male
1020 5279 1303 5341 sentiebat.

549 5350 654 5428 497
684 5350 925 5428 Christus
955 5355 1234 5428 verelapis
1261 5359 1536 5428 angularis
1579 5361 1832 5420 Ecclesia:
1853 5381 1918 5420 ex
1944 5364 2048 5420 Ju-

436 5494 451 5507 .
478 5419 948 5507 deliinet‘gentibus
987 5419 1235 5507 collectiv.

545 5491 649 5572 .498
673 5491 976 5572 Admonitio
1026 5497 1090 5572 de
1137 5507 1379 5552 sectanea
1408 5500 1740 5572 frugalitate,
1770 5515 1818 5558 et
1846 5507 2048 5561 insanis

477 5559 953 5617 substructionibus
987 5568 1238 5623 vitandis.

549 5628 651 5685 499
679 5630 878 5712 contra
907 5633 1150 5712 heresim
1206 5637 1471 5712 Montani,
1497 5643 1588 5712 qui
1629 5643 1893 5712 Spiritum
1925 5665 2050 5704 san-

477 5709 620 5752 ctum
644 5707 754 5755 suis
779 5707 1129 5761 sectatoribus
1160 5707 1528 5778 pollicebatur.

1604 299 2168 363 PROLEGOMENA
2206 302 2399 362 EDIT.
2438 303 2684 363 PARIS.

3621 301 3712 368 132

2223 415 2330 470 500
2363 415 2635 485 Refutatio
2666 413 2931 487 Montani,
2961 424 3010 487 et
3028 413 3429 487 demonstratio,
3447 415 3580 486 quod
3597 416 3711 487 Spi-

2150 486 2287 539 ritus
2319 483 2533 540 sarictus
2555 485 2811 556 apostolis
2854 501 2920 539 ex
2973 483 3174 540 Christi
3222 483 3566 554 promissione
3608 483 3714 542 vere

2149 559 2307 610 datus
2341 559 2412 610 sit
2442 558 2498 610 in
2530 557 2857 610 Pentecoste.

2391 652 2853 710 ARCUMENTA
2891 651 3111 708 LIBRI
3141 653 3493 710 SECUNDI.

2223 748 2409 822 Eels'r.
2453 747 2496 802 1.
2527 748 2668 822 Quid
2692 749 2776 822 sit
2813 750 2958 820 loqui
2986 750 3055 822 ad
3091 761 3209 822 cor.
3238 745 3306 799 Ἥ
3333 751 3408 822 μὴ
3435 749 3714 822 διδάσκειν,

2154 819 2462 890 ἣδιδάσκειν
2518 821 2631 882 τοῖς
2683 819 2927 891 τρόποις,
2953 821 3043 875 Vel
3077 836 3146 873 ne
3179 819 3406 884 docete,
3430 821 3509 875 vel
3533 821 3715 875 doceto

2148 891 2413 943 moribus.

2219 959 2254 1012 2
2308 959 2509 1012 Dii-ina:
2539 959 2726 1028 gratiae
2770 959 3058 1012 humanam
3106 955 3428 1013 industriam
3489 962 3717 1015 accedere

2148 1038 2371 1096 oportet,
2412 1030 2549 1082 sicut
2566 1040 2832 1082 ventorum
2848 1029 3091 1082 secundis
3127 1029 3565 1098 ﬂatibuslabares
3593 1047 3718 1084 nau-

2150 1108 2348 1152 tarum.

2227 1170 2261 1222 3
2306 1167 2706 1222 Commendatia
2763 1185 3039 1222 sacrarum
3079 1166 3428 1236 Litterarum,
3466 1178 3514 1223 et
3557 1171 3718 1223 consi-

2149 1239 2302 1310 lium.
2349 1249 2607 1310 quatenus
2659 1241 2890 1293 eruditio
2945 1241 3221 1292 stecularis
3279 1241 3588 1310 attingenda
3629 1243 3712 1294 sit.

2150 1309 2271 1373 Qua
2311 1307 2516 1363 ratione
2547 1307 2823 1379 Sapientia
2845 1310 3024 1363 vinum
3063 1325 3219 1362 suum
3257 1307 3531 1366 miscuisse
3573 1311 3716 1363 dica-

2151 1389 2257 1432 ιω.

2214 1446 2498 1523 4Duplex
2534 1450 2792 1523 expositio
2838 1450 2970 1523 dicti
3015 1455 3344 1523 apostolici:
3392 1471 3411 1504 σ
3460 1451 3717 1511 Habemus

2152 1519 2457 1573 thesaurum
2481 1521 2538 1574 in
2580 1523 2721 1575 vasis
2742 1519 3099 1590 ﬁctilibus.)
3145 1524 3347 1580 Contra
3383 1523 3567 1578 laudes
3621 1529 3718 1579 im-

2149 1590 2405 1642 modicas.

2227 1660 2258 1714 ii
2281 1658 2659 1734 Ejusdemfere
2687 1676 2807 1734 cum
2826 1663 3092 1726 superiore
3112 1665 3435 1734 argumenti,
3452 1673 3500 1717 et
3523 1666 3720 1720 uberior

2151 1729 2266 1798 ejus
2298 1731 2582 1798 explicatio
2613 1747 2631 1784 :
2662 1731 2824 1800 deque
2869 1750 3146 1787 sacrarum
3179 1729 3522 1787 'Litterarum
3549 1737 3602 1790 in
3631 1739 3720 1790 hu-

2155 1800 2384 1853 militate
2408 1802 2664 1874 sermonis
2710 1802 2925 1874 sublimi
2959 1821 3113 1858 sensu
3139 1822 3157 1868 ,'
3197 1814 3246 1857 et
3277 1803 3344 1857 de
3366 1807 3714 1874 apostolorum

2151 1886 2361 1946 summa
2422 1869 2708 1946 dignitate
2724 1873 2778 1924 in
2818 1889 3038 1946 summa
3079 1869 3440 1946 inﬁrmitate;
3475 1887 3522 1929 et
3558 1893 3712 1946 quare

2154 1939 2295 2014 Deus
2314 1956 2405 2009 per
2426 1939 2853 2014 qbyuaxéﬁacw,
2873 1954 2981 1996 tam
2997 1939 3227 2014 simplici
3242 1961 3482 2000 sermone
3507 1939 3584 2000 res
3602 1948 3720 2000 sub-

2156 2010 2305 2064 limes
2337 2010 2600 2078 explicare
2630 2011 2848 2066 voluerit
2873 2010 3195 2070 hominibus.

2227 2079 2265 2158 6.
2308 2079 2628 2158 Exhortatio
2693 2082 2762 2158 ad
2814 2085 3125 2158 patientiam
3181 2082 3568 2158 Christianam,
3609 2104 3718 2158 qua:

2155 2151 2322 2203 multo
2361 2153 2587 2227 antistat
2639 2151 3034 2227 philosophiae.
3084 2154 3278 2227 Confer
3295 2158 3456 2227 epist.
3485 2151 3721 2225 i81,'lib.

2156 2236 2255 2292 ιιιζ
2275 2232 2323 2292 et
2363 2220 2750 2274 Tertullianum
2783 2220 2860 2276 De
2885 2225 3166 2292 patientia.

2229 2290 2258 2342 7
2291 2291 2363 2361 De
2388 2308 2567 2345 amore
2593 2290 2974 2361 temperantiae.

2229 2361 2261 2439 ξς
2309 2360 2760 2439 lfirgitiitasmon
2809 2364 3072 2439 solumin
3121 2368 3363 2438 corporis
3415 2367 3720 2439 integritate,

2155 2431 2249 2504 sed
2273 2432 2431 2504 etiam
2457 2432 2514 2484 in
2532 2433 2709 2504 animi
2735 2434 3123 2504 tranquillitate
3151 2431 3416 2493 consistit.

2226 2501 2259 2556 9
2288 2499 2410 2554 Non
2435 2503 2569 2557 satis
2604 2513 2682 2556 est
2729 2499 2898 2574 speete
2939 2516 3089 2560 tenus
3133 2509 3385 2561 virtutem
3421 2507 3602 2574 calere,
3627 2509 3722 2564 nisi

2154 2572 2525 2695 iggnirq’evera
2554 2589 2616 2626 ac
2633 2573 2770 2626 serio
2799 2575 2983 2629 virtuti
3005 2575 3093 2630 des
3123 2594 3360 2646 operam.
3382 2578 3538 2648 Conf.
3574 2572 3718 2649 epist.

2267 2683 2284 2695 .
2332 2657 2348 2693 ι
2388 2658 2466 2695 ,1.

2193 2642 2284 2708 68,
2311 2642 2404 2694 lib.
2428 2658 2466 2696 ι.

2221 2711 2288 2787 1-0
2310 2710 2620 2766 Dehortatio
2657 2712 2720 2766 ab
2753 2713 3089 2787 improbitate
3121 2726 3170 2770 et
3202 2716 3563 2787 Epicurismo,
3589 2717 3722 2773 bonis

2155 2783 2285 2856 viris
2299 2795 2600 2856 perpetuam
2631 2786 2866 2837 maeroris
2894 2801 3110 2839 causam
3137 2783 3416 2856 afferente.

2229 2851 2289 2929 tt
2321 2853 2766 2929 A_t_iorum_rectort
2791 2856 3018 2929 seipsum
3042 2851 3196 2929 priuis
3237 2869 3410 2928 regat,
3451 2875 3607 2929 neque
3638 2875 3724 2912 cu-

2155 2921 2472 2998 piditatibus
2496 2923 2607 2998 suis
2633 2921 2947 2998 serviatqui
2979 2921 3089 2980 vult
3113 2921 3534 2998 aliisin'iperare;

2231 2992 2299 3046 12
2328 3011 2347 3044 ‹
2397 2992 2576 3046 lmbre
2598 2995 2736 3048 velut
2784 2992 3002 3064 planae,
3042 2999 3120 3051 sic
3143 2997 3262 3053 laus
3279 2992 3474 3054 sudore
3513 3001 3722 3071 riganda

2157 3072 2256 3117 est.
2284 3081 2302 3113 ι

2231 3131 2412 3210 i.'5__Ad
2457 3134 2669 3210 virtutis
2703 3138 3058 3210 constantiam
3117 3138 3445 3206 exhortatio,
3465 3157 3617 3210 quam
3651 3142 3720 3196 ait

2162 3204 2400 3257 omnibus
2439 3220 2548 3258 esse
2569 3205 2931 3260 admirationi.

2237 3273 2304 3348 i4
2328 3273 2943 3348 Exhortaturpuganum
2992 3278 3369 3348 magistratum
3399 3280 3469 3333 ad
3503 3295 3720 3336 amorem

2163 3344 2463 3413 cultumque
2501 3346 2730 3398 virtutis.

2238 3414 2302 3468 15
2327 3415 2410 3492 Att
2446 3416 2829 3492 humanitatem
2846 3425 2900 3492 et
2915 3417 3245 3492 clementiam
3264 3419 3584 3489 exhortatio,
3613 3439 3721 3492 qute

2163 3485 2230 3539 iis
2253 3486 2480 3538 maxime
2532 3487 2769 3563 convenit
2809 3489 2900 3563 qui
2929 3489 2984 3540 in
3021 3491 3342 3563 magistratu
3369 3485 3580 3557 sunt,et
3624 3485 3719 3563 qua

2163 3571 2292 3630 una_
2319 3571 2374 3630 re
2416 3557 2655 3630 proxime
2697 3555 2966 3630 ad_D_eum
3019 3555 3261 3612 accedere
3302 3555 3526 3630 possunt
3594 3555 3718 3616 sicut

2163 3625 2473 3678 crudelitate
2496 3626 2564 3677 ad
2597 3626 2737 3694 feras
2767 3626 2989 3682 belluas.

2235 3694 2302 3771 16
2330 3696 2473 3760 Quia
2501 3699 2567 3748 de
2594 3698 3086 3771 nemine,tquandiu
3113 3699 3327 3768 quidem
3349 3701 3722 3771 spirat,despe-

2163 3765 2389 3818 randum
2410 3775 2510 3828 est,
2538 3776 2586 3818 et
2603 3769 2778 3820 crebro
2799 3765 2943 3836 [it‘ut
2966 3765 3200 3823 homines
3226 3772 3282 3823 in
3313 3765 3500 3825 melius
3530 3765 3720 3826 muten-

2165 3845 2271 3901 tur,
2303 3837 2493 3908 iterum
2517 3836 2760 3908 hortatur
2803 3838 3122 3892 dissolutum
3148 3849 3197 3893 et
3231 3842 3536 3908 improbum
3565 3846 3722 3895 homi-

2163 3923 2301 3978 nent,
2323 3915 2380 3978 u_t
2408 3907 2476 3958 ad
2512 3907 2699 3959 bonam
2721 3908 2925 3977 frugem
2963 3926 3072 3963 sese
3106 3907 3346 3978 recipiat.

2234 3976 2297 4050 17
2332 3974 2677 4050 Exhortatio,
2708 3974 2765 4029 ut
2804 3974 2872 4030 ad
2894 3995 3038 4050 spem
3061 3981 3115 4033 in
3145 3974 3313 4034 Deum
3345 3979 3488 4035 velut
3522 3998 3720 4036 sacram

2164 4047 2451 4116 anchoram
2470 4048 2854 4116 confugiamus.

2235 4117 2302 4189 _1_8
2328 4115 2740 4189 ammendatio
2760 4118 3032 4189 Hesychii.

2221 4185 2288 4240 19
2315 4185 2630 4258 Exhortatio
2671 4189 2740 4241 ad
2776 4185 3127 4258 conlemptum
3171 4192 3719 4255 rerumhumanarum,

2161 4265 2211 4310 et
2235 4255 2475 4330 studium
2503 4274 2680 4330 rerum
2710 4255 3011 4315 divinarum
3039 4270 3196 4330 atque
3223 4264 3530 4318 ctelestium.

2230 4326 2300 4379 20
2318 4325 2714 4402 ammendatio
2731 4325 3180 4402 ἀπραγμοσύνής,
3199 4348 3287 4385 seu
3317 4335 3506 4402 quieta:
3528 4333 3659 4399 vita,
3673 4340 3721 4386 et

2162 4412 2194 4449 a
2218 4399 2529 4451 curiositate
2555 4414 2726 4451 rerum
2780 4399 3075 4454 alienarum
3095 4399 3416 4457 dehortatio.

2231 4467 2296 4518 21
2331 4466 2669 4544 Demonstrat
2714 4485 2798 4544 se_
2831 4472 3037 4544 muneri
3065 4487 3164 4544 suo
3212 4472 3266 4528 in
3316 4471 3720 4544 reprehendendo

2161 4535 2401 4612 impron
2445 4540 2686 4612 episcopo
2717 4540 2942 4612 minime
2982 4541 3230 4611 defuisse,
3252 4535 3576 4612 proi'ndeque
3621 4558 3718 4595 non

2159 4616 2296 4677 recte
2322 4609 2478 4677 ofﬁcii
2509 4609 2833 4663 insimulari.

2224 4676 2295 4759 22
2327 4676 2693 4745 Epicurismus
2723 4696 2843 4733 cum
2882 4680 3287 4738 Christianismo
3318 4701 3424 4739 non
3455 4685 3575 4739 bene
3601 4700 3718 4738 con-

2159 4759 2313 4800 venit.

2219 4817 2722 4896 25nCommendatio
2745 4821 3094 4893 αὐταρκείας.
3118 4822 3290 4878 Nulla
3309 4842 3363 4880 re
3392 4843 3539 4896 egere
3562 4823 3717 4896 solius

2154 4887 2375 5009 Stal-td
2396 4905 2416 4954 ;
2440 4898 2494 4942 at
2515 4892 2811 4960 sapientum
2830 4887 2988 4962 quam
3027 4896 3390 4964 paucissimis,
3415 4887 3464 4951 ξι
3487 4893 3718 4967 ὀλιγοδεῆ

2224 4997 2506 5106 24⁶¹ξξίνεμιε
2543 5031 2733 5106 sudore
2761 5041 3004 5100 paratur,
3049 5034 3293 5089 virtutem
3310 5037 3484 5106 gloria
3507 5035 3719 5090 comita-

2156 5098 2487 5175 tu[._I(-'_loria
2515 5103 2721 5175 virtutis
2749 5098 2940 5165 comes,
2973 5115 3049 5157 est
3075 5107 3264 5159 sudore
3278 5098 3539 5175 paranda.

2327 5168 2642 5247 intercessio
2655 5181 2704 5225 et
2731 5176 3029 5247 deprecatio
3053 5191 3148 5244 pro
3165 5165 3396 5246 quodam
3413 5178 3635 5247 captivo.

2317 5238 2714 5316 Discipulorum
2736 5238 2961 5316 officium
2987 5238 3111 5315 erga
3135 5238 3436 5316 magistros.

2222 5306 2293 5358 27
2317 5307 2444 5388 Non
2457 5306 2586 5365 satis
2625 5323 2698 5388 est
2716 5306 2940 5367 salutem
2969 5306 3167 5382 am'are,
3188 5306 3290 5369 nisi
3314 5320 3476 5372 etiam
3513 5324 3716 5388 prastes

2150 5391 2267 5446 qua
2297 5379 2366 5430 ad
2384 5379 2534 5434 illam
2559 5383 2878 5436 conducunt.

2219 5448 2291 5502 28
2317 5447 2526 5530 .ifitio‘se
2554 5454 2840 5530 viventium
2867 5453 3214 5530 diaconorum
3240 5459 3588 5530 reprehensio,
3606 5467 3653 5511 et
3685 5472 3718 5508 a

2150 5519 2396 5600 superbia
2419 5521 2748 5594 aliorumque
2788 5523 3167 5580 obtrectatione
3192 5528 3264 5582 ad
3294 5519 3600 5583 modestiam
3639 5543 3717 5580 re—

2150 5598 2627 5738 1iugl‘ig'xhortatia
2652 5664 2723 5718 ad
2769 5664 3120 5737 eleemosynas
3151 5668 3448 5738 faciendas,
3467 5669 3716 5737 vitamque

2154 5726 2262 5783 Deo
2306 5730 2750 5801 impendendam;
2779 5744 2831 5790 et
2877 5745 2934 5790 ut
2978 5726 3118 5808 ἅμα,
3149 5726 3268 5810 qua:
3299 5726 3447 5795 nobii
3478 5726 3714 5810 aliquis»-
