3924 6416
227 342 316 406 133
1339 340 1906 405 PROLEGOMENA
1944 342 2144 404 EDIT.
2185 342 2429 403 PARIS.

223 458 286 511 do
309 455 525 511 velimus
572 454 800 509 nolimus
854 450 1210 523 relinquenda:
1251 462 1398 515 sunt,
1451 448 1675 504 libenter
1719 468 1799 504 re-

221 527 513 597 linquamus
556 536 769 595 propter
830 524 1018 591 Deum,
1060 533 1110 576 et
1174 523 1233 576 in
1286 536 1537 590 pauperes
1613 537 1797 592 eroge-

283 668 354 721 50
384 666 459 720 De
514 675 813 734 contemptu
860 682 1037 720 rerum
1092 664 1450 719 humanarum
1493 681 1604 734 pra:
1636 677 1795 733 regno

215 738 482 790 telorum.

281 809 341 860 51
380 807 640 860 Desiderii
673 807 837 860 amici
861 807 1018 877 plena
1061 804 1304 873 epistola,
1330 804 1483 873 cujus
1512 807 1801 859 adventum

342 887 444 931 tat.

212 893 693 1069 wgﬁglgdmonitio
714 947 778 1001 de
808 964 936 1001 cura
978 956 1030 1001 et
1079 948 1367 1003 sedulitate
1398 947 1553 1017 ofﬁcii
1593 948 1801 1017 episco-

212 1035 272 1069 να
298 1036 366 1069 is-

298 1036 366 1075 ιε.

210 1035 713 1144 μέἕθϐοηαιιάαιὶο
744 1099 879 1143 recte
905 1089 1189 1157 factorum.

271 1160 596 1215 “Virtutis
622 1162 860 1215 studium
898 1178 1002 1213 non
1042 1172 1119 1213 est
1166 1159 1419 1213 oblivioni
1457 1158 1795 1212 tradendum.

276 1231 349 1284 55
384 1232 751 1285 Calamitosus
787 1248 849 1283 ac
879 1232 1039 1284 miser
1082 1231 1273 1283 desinit
1310 1246 1421 1284 esse
1451 1230 1793 1291 nuserabilis,

213 1311 255 1355 et
278 1304 495 1355 odiosus
536 1319 649 1355 esse
696 1302 905 1366 incipit,
932 1302 978 1354 si
1008 1302 1061 1353 in
1094 1302 1225 1369 ipsis
1273 1302 1501 1354 miseriis
1548 1303 1658 1353 suis
1693 1316 1799 1353 non

216 1372 471 1425 abstineat
502 1390 534 1425 a
570 1372 967 1425 calumniandis
990 1372 1133 1424 aliis.

272 1443 338 1496 56
368 1442 652 1509 Expositio
684 1443 814 1495 dicti
834 1443 1124 1511 prophetici
1158 1442 1220 1495 de
1242 1443 1291 1495 vi
1320 1450 1367 1494 et
1411 1442 1639 1511 efficacia
1668 1456 1796 1510 prte-

219 1514 493 1566 dicationis
516 1512 743 1568 Christi.

278 1584 342 1637 57
370 1584 681 1653 lndignitas
731 1583 1026 1639 sacerdotis
1083 1581 1218 1636 nihil
1277 1583 1497 1652 derogat
1548 1583 1793 1652 efficacia:

221 1657 578 1723 mysteriorum
633 1656 957 1719 divinorum,
1006 1654 1111 1707 sive
1160 1655 1519 1721 symbolarum
1576 1655 1788 1706 salutis.

223 1726 342 1778 Deus
368 1728 511 1779 enim
550 1727 1068 1794 etiaminttignorum
1101 1732 1467 1787 malorumque
1492 1724 1788 1776 ministerio

225 1796 271 1847 in
294 1795 479 1849 bonum
507 1800 589 1849 uti
633 1808 823 1863 potest,
843 1806 893 1848 et
916 1796 1140 1863 peridin
1160 1796 1353 1846 animis
1381 1811 1562 1847 eorum
1588 1795 1678 1862 qui
1706 1811 1793 1843 sa-

219 1882 298 1936 cra
321 1868 648 1935 participant
686 1868 970 1936 efﬁcaciter
1008 1875 1276 1933 operatur.
1315 1864 1510 1935 Confer
1542 1882 1626 1933 cp.
1662 1864 1789 1927 120,

219 1935 299 1989 lib.
329 1949 436 2001 t,et
462 1954 545 2005 ep.
566 1937 675 1990 5όῦ
690 1935 787 1991 lib.
813 1954 894 1991 ιιι.

277 2008 339 2061 58
360 2004 688 2078 Objurgatio
708 2008 839 2061 mali
859 2006 1151 2061 sacerdotis
1175 2004 1489 2059 scandalose
1506 2006 1745 2078 viventis.

276 2078 338 2131 59
384 2075 508 2131 Non
538 2075 773 2132 'tantum
813 2078 1213 2146 reprehensione
1262 2092 1464 2140 carere,
1498 2077 1587 2129 sed
1634 2075 1792 2129 laude

212 2163 399 2215 quoque
431 2151 712 2202 abundare
733 2160 961 2214 oportet.

268 2221 334 2273 40
366 2219 551 2273 Ventri
580 2237 686 2288 quo
702 2231 858 2288 pacto
881 2216 1270 2283 imperandum.

272 2292 329 2361 Η
364 2291 547 2361 Parua:
572 2293 803 2361 tarditas
822 2291 1083 2361 gravitate
1104 2297 1380 2356 pensatur.

272 2360 584 2415 Hloannis
600 2357 965 2431 Chrysos'tomi
976 2360 1233 2431 elogium,
1253 2360 1572 2431 auctoritate
1584 2357 1795 2413 Libanii

209 2439 449 2505 sophistae
502 2430 934 2505 comprobatum.
961 2430 1038 2484 De
1081 2430 1397 2496 differentiis
1438 2446 1685 2505 generum
1706 2431 1793 2483 di-

208 2499 366 2561 ccidi.
392 2504 594 2571 Confer
620 2499 717 2557 lib.
751 2520 805 2556 ιν
848 2517 930 2566 ep.
970 2540 985 2554 .
1029 2540 1044 2554 .
1091 2539 1107 2554 .
1356 2570 1359 2571 ν
1476 2499 1480 2505 ’

272 2576 337 2630 45
361 2571 470 2627 Pro
504 2576 895 2626 resurrectione
939 2586 1219 2640 corporum
1254 2570 1691 2628 ratiocinationes
1741 2583 1792 2627 et

208 2646 677 2701 demonstrationes
695 2644 1092 2712 philosophiae.

264 2718 329 2770 k4
368 2715 697 2768 Exhortatio
721 2715 793 2767 ad
820 2715 1204 2783 eleemosynas,
1244 2725 1293 2769 et
1324 2715 1621 2770 dehortatio
1657 2732 1688 2767 a
1712 2733 1795 2769 ra-

202 2788 332 2853 pinis
360 2796 412 2839 et
440 2786 767 2853 spoliatione
808 2801 1122 2854 pauperunt.
1143 2785 1308 2855 Rape,
1342 2802 1583 2855 congere,
1616 2787 1790 2855 aufer,

200 2858 428 2925 posside,
461 2857 872 2925 relinquendum
908 2864 1006 2909 est.

259 2928 329 2982 45
354 2926 539 2980 Etiam
572 2928 628 2978 in
656 2927 871 2979 virtutis
914 2927 1181 2979 exercitiis
1224 2927 1410 2979 modus
1458 2926 1789 2980 adhibendus

201 3007 291 3061 est,
315 2999 377 3051 τὸ
409 2999 546 3066 γὰρ,
577 2998 745 3065 μηδὲν
788 2998 950 3063 ἄγαν,
993 2997 1061 3065 μὲ
1081 2999 1296 3067 τέρπει.

266 3070 337 3122 46
377 3068 525 3132 Quid
555 3068 625 3121 sit
657 3067 1074 3136 respondendum
1109 3068 1199 3131 iis,
1224 3069 1313 3137 qui
1334 3069 1621 3121 novitatem
1653 3068 1790 3136 obji-

200 3141 341 3193 ciunt
399 3139 848 3205 reformatoribus
908 3138 1204 3206 religionis.
1237 3137 1508 3190 Notabilis
1548 3139 1790 3205 epistola,

199 3226 312 3263 cum
342 3226 451 3279 qua
506 3209 742 3279 conferri
779 3218 998 3277 possunt
1040 3209 1182 3279 dicta
1227 3207 1286 3263 S.
1319 3208 1575 3279 Cypriani
1608 3219 1654 3261 et
1684 3212 1795 3261 Au-

196 3277 398 3349 gustini
442 3280 501 3331 in
545 3277 640 3346 jus
693 3293 1008 3349 canonicum
1046 3278 1216 3349 relata
1267 3296 1300 3332 a
1358 3278 1636 3331 Gratiano.
1673 3279 1792 3331 Vid.

196 3348 333 3404 Dist.
363 3350 421 3411 8,
462 3354 520 3401 in
578 3359 721 3417 part.
782 3348 1227 3417 DecretisConf.
1286 3351 1449 3401 etiam
1506 3349 1798 3401 Arnobinm

193 3421 284 3475 lib.
322 3437 340 3474 ι
371 3416 658 3474 Adversus
684 3428 906 3488 gentes“
932 3430 979 3471 et
1008 3416 1325 3473 Clementem
1359 3419 1795 3473 Alexandrinum.

256 3492 329 3546 47
361 3491 650 3556 Quomodo
703 3489 1108 3556 intelligendum
1136 3491 1224 3555 sit,
1258 3491 1396 3559 quod
1449 3489 1594 3541 Esau
1630 3488 1796 3541 Jacob

188 3562 357 3631 fratri
414 3561 854 3629 primogeniturw
870 3560 963 3628 jus
1002 3559 1296 3631 vendidisse
1343 3561 1617 3613 scribitur.

254 3634 332 3688 48
375 3631 735 3701 Primogeniti
767 3631 983 3699 quidam
1014 3629 1217 3697 rejecti,
1248 3631 1372 3683 aliis
1424 3632 1480 3682 in
1505 3646 1686 3683 eorum
1714 3629 1797 3682 lo-

188 3721 308 3757 cum
348 3703 615 3770 suﬂ'ectis.
1348 3718 1351 3721 ί

253 3775 332 3829 49
358 3771 585 3841 Josephi
610 3773 828 3825 virtutes
853 3780 1208 3834 recensentur,
1224 3770 1286 3824 ob
1311 3787 1442 3840 quas
1467 3779 1514 3823 et
1535 3771 1794 3840 patrisuo

183 3856 231 3897 et
266 3842 681 3914 regii/Egyptio
705 3843 898 3894 charus
933 3842 1056 3914 fuit.

253 3911 348 3969 5U-
375 3911 512 3967 Non
537 3911 542 3912 ⁷
568 3911 819 3967 debemus
879 3911 1077 3979 offendi
1129 3911 1491 3979 improborum
1540 3911 1794 3966 Ecclesia:

182 3988 503 4039 antistitum
540 3998 787 4051 perversa
819 3983 1019 4035 vivendi
1048 3983 1268 4035 ratione.

249 4059 323 4111 51
363 4055 717 4114 Adhortatio,
762 4062 820 4104 ut
848 4053 940 4123 qui
980 4052 1169 4123 virtuti
1211 4051 1423 4105 studere
1467 4054 1643 4121 carpit,
1674 4070 1793 4122 per-

182 4138 274 4195 gat
329 4128 599 4180 bonorum
642 4138 849 4177 morum
904 4123 1101 4176 retibus
1136 4122 1408 4175 hominum
1462 4139 1667 4177 amores
1702 4141 1791 4177 ve-

182 4215 331 4250 ΜΠ.

252 4269 331 4322 52
366 4265 691 4322 Sacerdotio
726 4264 872 4318 salva
912 4271 1088 4317 manet
1123 4280 1222 4316 sua
1252 4264 1509 4334 dignitas,
1535 4274 1593 4317 ut
1615 4266 1792 4318 mami-

182 4355 263 4390 me
299 4338 605 4407 aliquando
658 4336 716 4388 in
747 4337 994 4403 indignos
1024 4336 1269 4407 inciderit
1325 4335 1641 4389 sacerdotes.
1677 4335 1791 4388 Ne-

180 4425 283 4476 que
315 4405 463 4463 enim
496 4408 631 4461 vitia
662 4421 1011 4475 personarum
1060 4405 1165 4473 ipsi
1199 4415 1322 4458 sunt
1383 4406 1561 4459 ordini
1615 4407 1789 4477 impu-

185 4482 376 4533 tanda.

253 4551 334 4603 55
364 4550 572 4604 Contra
618 4547 843 4599 nimium
877 4545 1081 4599 cultum
1132 4555 1182 4600 et
1227 4549 1407 4615 fucum
1443 4546 1784 4615 feminarum,

184 4636 289 4687 quo
320 4621 538 4673 libidini
564 4617 1137 4686 prtebentincendium.
1166 4615 1435 4669 Notabilis
1457 4618 1788 4682 historia,de

184 4701 308 4743 astu
332 4702 383 4744 et
412 4691 543 4742 dolo
596 4688 731 4741 bono
783 4688 1065 4755 cujusdam
1109 4687 1319 4756 puellm,
1347 4703 1464 4755 qua:
1498 4700 1789 4741 amatorem

183 4776 299 4814 suc
329 4761 619 4829 pudicitia:
638 4758 865 4811 insidias
900 4766 1189 4810 struentem
1231 4756 1504 4829 eleganter
1532 4758 1687 4829 elusit
1722 4776 1788 4829 ac

180 4826 411 4899 decepit.
454 4830 658 4898 Confer
693 4844 813 4881 cum
856 4829 956 4880 hac
1015 4829 1172 4896 epist.
1227 4826 1543 4881 Tertullian.
1577 4828 1668 4880 lib.
1716 4828 1791 4883 De

180 4903 332 4955 cultu
374 4902 580 4956 l'elnin.

252 4975 326 5027 54
353 4971 491 5026 Non
545 4968 997 5023 succumbendum
1027 4967 1084 5021 in
1138 4968 1373 5022 adversis
1427 4984 1543 5036 qua:
1566 4984 1661 5036 pro
1696 4967 1788 5022 Dei

178 5042 357 5111 gloria
397 5043 769 5103 sustinemus;
794 5040 885 5093 sed
925 5039 1135 5092 animus
1165 5042 1402 5108 exemplo
1423 5039 1788 5107 apostolorum

177 5114 585 5182 “ﬁrmandus.

246 5179 321 5237 55
368 5182 683 5236 Detestatio
732 5179 1067 5234 crudelitatis
1115 5181 1367 5232 adversus
1421 5180 1706 5249 supplices,
1737 5189 1787 5233 et

177 5255 593 5307 commendatio
621 5252 972 5303 humanitatis
1007 5265 1069 5302 ac
1105 5251 1504 5303 misericordite.

246 5325 321 5378 56
364 5323 488 5379 Cur
519 5322 668 5375 Deus
696 5338 799 5374 non
830 5323 1008 5374 omnia
1037 5319 1185 5389 plene
1215 5320 1269 5373 in
1310 5323 1410 5374 hac
1438 5322 1547 5373 vita
1575 5336 1669 5374 nos
1693 5336 1786 5374 co—

176 5410 438 5461 gmcere
464 5394 691 5447 voluerit

257 5466 328 5519 57
391 5463 808 5519 Commendatio
854 5460 1161 5516 sobrietatis
1215 5460 1271 5515 in
1329 5460 1490 5529 victu,
1524 5470 1575 5515 et
1627 5460 1786 5515 luxus

181 5536 539 5603 vituperatio.

252 5601 324 5659 58
356 5607 438 5659 De
462 5604 644 5659 Paulo
670 5601 906 5672 apostolo
931 5602 1173 5672 cupiente
1200 5601 1320 5670 fieri
1345 5601 1630 5656 anathema
1677 5601 1786 5656 sive

190 5676 324 5729 diris
350 5677 544 5747 deﬁgi,
579 5671 711 5727 dum
741 5674 933 5747 fratres
962 5674 1048 5727 sui
1080 5671 1259 5747 Iudici
1281 5682 1638 5747 servarentur.

261 5747 333 5800 58
361 5742 679 5800 Admonitio
710 5745 941 5800 hominis
994 5742 1214 5813 perditi,
1245 5759 1381 5799 sana
1429 5742 1658 5800 consilia
1701 5759 1786 5797 re-

199 5818 455 5883 ﬂuentis.

3382 342 3487 408 134

1975 453 2045 505 60
2090 451 2437 506 Sacerdotum
2471 467 2753 505 avarorum
2779 451 3100 522 objurgatio.

1975 523 2038 575 61
2081 524 2161 574 Ad
2195 528 2425 592 gratiam
2464 522 2661 576 Christi
2702 520 2997 577 Saluatoris
3058 520 3303 577 accedere
3333 522 3483 579 debet

1902 593 2171 647 industria
2206 596 2461 647 humana.

1989 664 2058 716 b2
2088 666 2388 717 Admonitio
2414 664 2478 717 de
2507 662 2768 716 servanda
2814 664 3140 735 continentia
3185 668 3482 735 oculorum,

1904 744 1951 787 et
1983 735 2191 805 vitando
2207 751 2486 803 congressu
2510 744 2559 787 et
2590 747 2800 805 aspectu
2825 734 3109 787 libidinoso
3141 736 3482 805 feminarum.

1905 804 2098 872 Confer
2134 822 2215 872 ep.
2249 808 2316 858 89
2348 806 2440 857 lib.
2478 821 2515 870 ι,
2548 817 2594 856 et
2622 820 2701 871 ep.
2741 804 2847 857 278
2876 822 2938 857 ac
2973 805 3098 872 284,
3138 808 3268 871 infr.
3296 811 3349 867 h.
3386 814 3481 868 lib.

1904 891 1967 939 ιι,
1992 886 2041 928 et
2062 893 2143 944 ep.
2169 877 2256 939 65',
2290 876 2383 930 lib.
2422 892 2503 928 ιιι.
2542 913 2555 927 .
2596 914 2610 928 .
2653 914 2665 926 .
2706 913 2721 929 .
3223 899 3227 905 ·

1974 946 2044 999 65
2081 948 2154 999 De
2185 946 2375 999 divinis
2409 946 2666 1009 oraculis,
2699 954 2749 1000 et
2802 946 2967 1014 ofﬁcio
3023 948 3323 1018 interpretis
3360 953 3484 1007 illo-

1904 1032 2043 1077 rum,
2076 1033 2137 1069 ne
2163 1018 2265 1069 vim
2298 1018 2423 1084 ipsis
2460 1018 2671 1084 afferat.

1974 1090 2043 1139 64
2075 1087 2277 1163 Contra
2302 1103 2387 1139 eos
2410 1090 2499 1157 qui
2522 1086 2845 1156 professione
2874 1085 3181 1143 Christiana
3208 1092 3482 1163 indignam

1900 1155 2092 1226 degunt
2118 1160 2299 1209 vitam.
2422 1155 2430 1157 _
2524 1155 2530 1156 ί
2805 1163 2811 1166 ’

2072 1226 2387 1296 Objurgatio
2445 1227 2735 1302 sacerdotis
2794 1229 3157 1297 improbi,sua
3213 1233 3482 1302 impietate

1900 1298 2092 1351 multos
2127 1300 2528 1367 corrumpentis.

1974 1368 2043 1422 66
2077 1368 2540 1438 Exponiturlocus
2561 1366 2957 1437 psalmiLxxm,
2981 1371 3190 1425 ν.15;‹
3220 1371 3297 1426 Tu
3314 1374 3483 1428 sicca-

1899 1438 1969 1490 sti
1997 1440 2190 1506 ﬂuvios
2241 1438 2455 1492 lit/tam.
2501 1459 2518 1488 ι

1972 1512 2037 1564 ()7
2077 1510 2275 1563 Contra
2302 1510 2544 1563 vindicta:
2571 1509 2937 1575 cupiditatem.

1972 1582 2040 1636 68
2073 1579 2392 1655 Exhortatio
2428 1581 2495 1632 ad
2513 1583 2747 1655 seipsum
2778 1583 2827 1634 in
2876 1584 3085 1637 virtutis
3120 1585 3297 1639 studio
3324 1602 3481 1655 supe-

1898 1656 2145 1715 randum,
2170 1664 2216 1703 et
2255 1652 2322 1702 ad
2365 1667 2483 1703 vera
2504 1653 2635 1703 bona
2663 1655 3091 1706 consectandum.

1967 1723 2035 1776 69
2066 1724 2139 1774 De
2170 1722 2374 1773 duobus
2433 1723 2744 1794 vitiosarum
2797 1726 3131 1794 sacerdotum
3182 1727 3475 1794 generibus.

1970 1795 2037 1847 70
2072 1793 2144 1866 l/e
2181 1793 2578 1866 prceparatione
2626 1793 2790 1844 animi
2840 1793 2908 1845 ad
2964 1793 3198 1849 divinam
3247 1800 3480 1866 gratiam

1893 1862 2299 1933 suscipiendam.

1968 1937 2029 1988 7|
2070 1933 2339 1998 liefutatio
2364 1933 2567 2001 frivola:
2592 1933 2971 2006 excusationis,
3005 1951 3109 2004 qua
3134 1937 3401 2006 improbus
3426 1948 3477 1996 ει

1897 2004 2233 2061 Simoniacus
2261 2006 2535 2072 episcopus
2571 2005 2746 2072 fuerat
2780 2022 2925 2057 usus.

1960 2076 2029 2129 7'2
2062 2075 2239 2132 Docet,
2275 2076 2457 2126 vitium
2486 2092 2590 2128 non
2619 2093 2729 2129 esse
2771 2074 2970 2127 homini
2994 2092 3087 2143 per
3117 2088 3370 2133 naturam
3395 2080 3480 2134 in-

1894 2149 2076 2211 situm,
2105 2145 2194 2197 sed
2245 2146 2488 2217 contrahi
2534 2147 2957 2215 assuefactione;
3004 2147 3221 2217 ideoque
3260 2166 3325 2203 ea:
3374 2151 3477 2203 im-

1894 2218 2056 2288 probo
2087 2219 2255 2269 virum
2280 2216 2473 2269 bonum
2501 2218 2619 2286 ﬁeri
2648 2232 2799 2285 posse
2826 2231 2845 2269 :
2874 2216 3014 2285 quod
3049 2220 3301 2289 exemplis
3326 2235 3473 2273 com-

1932 2289 2099 2341 robat.

1959 2308 2099 2341 ovat.

1893 2308 2023 2414 Ρ’.75
2054 2358 2126 2411 De
2152 2359 2387 2411 utilitate
2418 2356 2660 2409 lectionis
2695 2374 2974 2410 sacrarum
3002 2357 3352 2415 Litterarum.

1957 2431 2023 2484 74
2067 2428 2285 2483 Utilitas
2338 2430 2662 2488 morborum,
2718 2430 3054 2499 aliarumque
3109 2432 3478 2486 calamitatum

1895 2519 1997 2555 non
2027 2511 2293 2569 postrema
2310 2508 2407 2563 est,
2428 2500 2564 2572 quod
2590 2500 2823 2572 reprimit
2856 2512 3009 2567 atque
3035 2503 3261 2571 castigat
3288 2519 3478 2572 super-

1895 2574 2057 2635 biam,
2088 2587 2263 2623 rerum
2296 2570 2649 2623 secundarum
2679 2570 2940 2622 comitem.

1956 2643 2024 2696 75
2045 2642 2363 2709 Objurgatio
2392 2640 2618 2707 improbi
2655 2650 2703 2691 et
2735 2639 2981 2705 lz‘p'icurei
3012 2642 3329 2698 sacerdotis.

1945 2714 2013 2766 76
2044 2713 2118 2765 De
2148 2713 2569 2775 calamitatibus,
2601 2726 2731 2777 quas
2758 2726 2904 2761 nemo
2933 2711 3205 2764 hominum
3249 2715 3478 2783 effugere

1894 2794 2084 2853 potest,
2115 2784 2323 2851 fortiter
2343 2783 2688 2851 perferendis,
2720 2797 2783 2832 ne
2826 2783 3200 2834 tentationibus
3239 2802 3480 2838 succum-

1896 2860 2103 2907 bamus.

1953 2925 2017 2976 77
2062 2923 2432 2990 Secpenumero
2488 2924 2661 2991 fatum
2705 2936 2766 2972 ne
2816 2922 3025 2992 quidem
3058 2927 3479 2989 praenuntiatum

1897 2995 2123 3064 e/fugere
2150 2996 2381 3047 homines
2411 3005 2649 3061 possunt.

1955 3067 2023 3119 78
2060 3065 2345 3118 Extraneis
2376 3075 2531 3133 atque
2588 3067 2783 3133 ignotis
2837 3064 3132 3132 benefacere
3174 3065 3350 3133 major
3398 3078 3478 3121 est

1900 3136 2064 3189 virtus
2095 3152 2255 3205 quam
2286 3138 2341 3187 in
2370 3136 2689 3205 propinquos
2718 3151 2767 3191 et
2812 3145 2963 3190 notos
3017 3151 3145 3205 esse,
3170 3135 3468 3190 liberalem.

1959 3207 2024 3258 79
2057 3203 2232 3258 Monet
2274 3203 2592 3273 episcopum,
2628 3224 2693 3261 ne
2741 3216 2899 3261 cesset
2956 3203 3250 3273 improbum
3289 3208 3477 3277 objur-

1901 3293 2027 3348 gare
2060 3287 2109 3329 et
2141 3278 2208 3328 ad
2241 3277 2502 3348 meliorem
2537 3277 2741 3347 frugem
2769 3292 3030 3331 revocare.

1962 3347 2030 3400 80
2053 3348 2359 3399 Admonitio
2390 3357 2437 3398 et
2467 3346 2759 3412 increpatio
2796 3348 3020 3414 improbi
3075 3361 3138 3397 ac
3163 3348 3358 3410 perditi
3385 3348 3480 3403 ho-

1901 3418 2080 3477 minis,
2110 3434 2175 3469 ne
2208 3435 2310 3469 una
2334 3419 2581 3483 eumipsa
2607 3419 2704 3471 alii
2734 3434 2935 3488 quoque
2952 3417 3262 3485 perdantur.

1963 3489 2025 3541 81
2060 3488 2171 3540 Cur
2207 3488 2425 3555 quidam
2473 3489 2634 3540 etiam
2673 3489 3047 3542 involuntariis
3102 3488 3289 3542 morbis
3326 3489 3478 3544 labo-

1900 3570 2078 3680 rqntes
2120 3574 2153 3610 a
2204 3559 2396 3629 templo
2445 3572 2535 3625 per
2590 3560 2928 3613 interdictum
2955 3559 3083 3628 legis
3132 3558 3328 3627 fuerint
3381 3579 3478 3615 ea:-

1900 3645 1925 3679 c
1953 3643 2052 3680 usi.

1899 3643 2052 3681 ctus’t.

1954 3698 2023 3752 8‘2
2057 3697 2257 3770 Contra
2285 3698 2498 3770 specula
2525 3699 2978 3770 androgynorum.

1956 3770 2026 3823 85
2082 3768 2322 3823 Conatur
2391 3768 2979 3840 dissidentes—pmicos
3026 3770 3081 3820 in
3141 3773 3479 3827 concerdiam

1898 3842 1987 3893 red
1994 3842 2150 3906 igere.

1965 3911 2032 3964 84
2064 3910 2249 3963 Hostes
2284 3928 2387 3963 non
2408 3921 2531 3964 sunt
2566 3914 2908 3967 concludendi
2965 3915 3020 3966 in
3077 3928 3341 3968 extremas
3378 3932 3479 3968 an-

1895 3983 2099 4055 gustias
2134 3998 2195 4034 ne
2228 3982 2429 4034 irritati
2487 3986 2766 4037 consilium
2790 4003 2821 4037 a
2855 3986 3158 4039 necessitate
3195 3995 3398 4055 petant,
3427 3996 3477 4039 et

1894 4050 2180 4119 plurimum
2218 4056 2364 4105 nobis
2400 4065 2637 4108 noceant.

1950 4124 2019 4175 85
2036 4122 2105 4174 Dt
2152 4123 2380 4175 duorum
2412 4125 2721 4193 angelorum
2744 4140 2898 4192 super
2924 4125 3132 4180 Judceis
3150 4142 3214 4180 ex
3246 4124 3479 4195 Babylo-

1895 4193 2015 4245 nica
2040 4195 2336 4258 captivitate
2362 4195 2672 4248 reducendis
2708 4198 3060 4260 contentione,
3096 4199 3146 4250 in
3181 4193 3403 4249 historia
3425 4208 3476 4251 et

1894 4265 2090 4335 visione
2120 4262 2355 4318 Danielis
2385 4265 2670 4335 prophette.

1956 4336 2024 4387 86
2058 4333 2235 4398 Quare
2277 4333 2411 4389 Deus
2443 4333 2546 4389 non
2586 4337 2765 4390 omnia
2816 4349 3033 4405 peccata
3084 4338 3270 4392 iisdem
3315 4339 3477 4405 poenis

1891 4420 2097 4472 semper
2122 4406 2372 4472 punierit.

1949 4476 2017 4547 87
2043 4474 2367 4547 Exhortatio
2396 4475 2663 4531 Laconica
2719 4478 2788 4530 ad
2828 4478 3073 4546 pietatem
3103 4488 3150 4531 et
3179 4479 3474 4547 justitiam.

1947 4546 2016 4598 88
2044 4548 2152 4597 Cur
2168 4545 2430 4619 Christus
2463 4548 2699 4601 laudarit
2729 4545 2981 4615 feminam
3010 4545 3331 4619 unguentum
3361 4569 3479 4619 pre-

1896 4615 2087 4667 tiosum
2118 4617 2492 4685 effundentem,
2515 4628 2564 4672 et
2604 4619 2665 4671 ob
2702 4620 2757 4671 id
2794 4619 2857 4671 ab
2893 4615 3147 4687 apostolis
3201 4615 3479 4692 reprehen-

1893 4702 2029 4739 sam.

1943 4756 2011 4810 89
2048 4755 2363 4829 Exhortatio
2417 4758 2486 4811 ad
2539 4759 2742 4813 cultum
2804 4761 3181 4829 capessendum
3239 4763 3475 4829 virtutis,

1893 4836 2101 4879 ostensa
2129 4828 2242 4897 ejus
2259 4829 2677 4896 pulchritudine,
2705 4846 2821 4896 qua:
2845 4828 3001 4884 vincit
3030 4833 3231 4885 omnia.

1947 4898 2016 4950 90
2035 4898 2345 4951 Admonitio
2368 4900 2429 4952 de
2463 4902 2705 4952 cavendis
2735 4902 3018 4954 ha'resibus
3037 4919 3068 4954 a
3097 4902 3311 4956 diabolo
3340 4906 3479 4959 exci-

1894 4970 2019 5038 tatis
2045 4969 2097 5020 in
2124 4972 2409 5038 perniciem
2434 4971 2643 5023 invich
2675 4973 2934 5024 veritatis.

1955 5037 2015 5109 9i
2053 5038 2124 5109 De
2157 5041 2451 5107 Areopago,
2474 5043 2610 5093 unde
2639 5059 2825 5093 nomen
2858 5042 3135 5109 acoeperit.

1953 5108 2021 5160 99.
2056 5108 2199 5161 Mars
2224 5112 2283 5162 ob
2303 5112 2635 5176 inter/cetum
2671 5110 3034 5164 Halirrhothtu
3048 5129 3094 5162 ιιι
3122 5121 3477 5179 stupratorem

1891 5178 2020 5253 ﬁlitc
2049 5179 2314 5248 Alcippes.
2343 5199 2505 5250 quam
2553 5197 2616 5232 ea:
2655 5184 2893 5253 Agraula
2937 5183 3182 5253 Cecropis
3210 5178 3341 5250 ﬁlia
3383 5200 3477 5253 per

1892 5250 1995 5301 vim
2046 5266 2343 5315 compressa
2400 5262 2722 5320 susceperat,
2749 5270 2780 5305 a
2825 5252 3071 5320 Neptuno
3116 5250 3477 5308 Halirrhothii

1891 5320 2004 5388 ﬁlio
2025 5320 2215 5392 capitis
2258 5335 2560 5382 accusatus,
2588 5322 2651 5373 ab
2703 5324 3040 5392 Areopagitis
3096 5324 3474 5379 condemnatus

1890 5402 1986 5443 est.
2026 5389 2263 5463 indeque
2304 5392 2521 5463 ’Ἄρειος
2553 5389 2890 5463 πάγοςᾳιιιιζςί
2915 5389 3101 5463 Martis
3135 5394 3287 5445 vicus
3302 5396 3475 5448 dictus

1890 5470 1988 5513 est.
2014 5457 2186 5528 Con].
2208 5457 2541 5515 Pausaniam
2573 5465 2627 5515 in
2644 5457 2871 5529 'Atticis,
2893 5474 2939 5516 et
2970 5462 3198 5517 Suidam
3226 5464 3281 5515 in
3324 5466 3476 5520 verbo

1894 5531 2113 5599 ’Ἄρειος
2145 5534 2340 5600 πάγος.

1961 5603 2032 5655 95
2065 5602 2262 5655 Contra
2292 5604 2528 5681 curiosas
2559 5605 2873 5681 quastiones
2890 5602 3129 5681 de_r_e_bus
3149 5619 3360 5681 captum
3378 5608 3476 5660 hu-

1891 5688 2121 5750 rn_a_num_
2163 5674 2557 5750 superantibus.
2599 5674 2800 5750 Confer
2831 5692 2913 5745 ep.
2948 5674 3073 5750 ιρι),
3105 5674 3231 5750 ἱηῙιί.
3260 5720 3277 5742 ,
3309 5692 3355 5734 et
3387 5696 3470 5748 ep.

1889 5743 1997 5797 275
2024 5743 2143 5796 eod.
2178 5742 2270 5797 lib.
2306 5760 2365 5809 ιι,
2392 5754 2443 5798 et
2468 5761 2549 5812 ep.
2598 5746 2666 5800 57
2709 5742 2805 5801 lib.
2839 5742 2920 5802 tit.
2956 5742 3172 5803 Similes
3199 5742 3475 5805 senzentia:

1892 5822 2014 5867 sunt
2044 5813 2185 5884 apud
2221 5812 2540 5870 Siracidem.
