1962 3208
213 161 265 194 135

239 219 275 246 91
289 218 430 246 Rationem
460 217 557 248 reddit,
571 225 619 244 cur
644 224 695 243 non
711 215 826 250 amplius
848 215 949 242 scribat
972 214 1006 241 ad

212 254 343 282 hominem
358 254 526 289 deploratum
539 257 564 279 et
576 251 769 286 incorrigibilis
789 251 942 286 pravitatis.

245 294 281 321 95
297 293 335 329 De
351 294 385 320 iis
405 293 451 329 qui
475 292 583 329 lenitate
601 292 640 329 vel
665 291 787 329 meliores
808 290 1010 329 vel_deterio_res

212 330 289 364 fiunt.
300 325 459 356 Exhortatio
470 328 504 354 ad
517 328 661 354 audaciam
678 325 862 361 interrogandi
877 325 908 352 de
929 326 1007 352 rebus

212 373 307 391 sacris.

247 404 282 432 96
298 404 336 432 De
348 409 426 439 capta
453 403 599 439 Babylone,
623 411 673 439 quo
691 407 778 439 pacto
798 410 881 439 sacris
901 401 1011 429 Litteris

213 441 349 467 conveniat
363 437 422 466 cum
439 437 571 467 historicis
588 437 721 472 profanis,
738 437 885 470 Herodoto,
901 442 956 464 etc.

249 479 285 506 97
301 479 343 506 Ex
358 479 498 514 confessis.
510 486 561 505 non
571 485 603 504 ea:
616 477 801 509 controversis,
819 476 854 504 ad
866 484 1011 503 causarum

213 515 371 542 decisionem
385 514 588 548 procedendum.

248 551 283 577 98
295 549 454 577 Exhortatio
466 550 500 575 ad
516 549 653 575 virtutem.

244 585 279 613 99
299 585 338 612 De
353 585 424 611 dicto
456 583 593 618 Evangelii
608 582 734 618 Joannis.
750 583 796 616 qui
821 582 920 618 librum
942 581 1014 608 obsi-

215 625 299 655 gnat:
314 620 463 654 disputatio
488 617 621 655 adversus
643 617 1014 655 criminationeschjusdam

215 653 324 687 Judtei;
338 655 407 681 liber
423 655 537 689 apostoli
549 653 623 680 Petri
636 653 668 679 de
680 653 818 689 suisoctis
830 654 973 688 allegatur.

245 690 297 718 100
309 687 461 717 Dehortatio
470 698 486 716 a
497 689 653 716 curiositate
664 687 804 714 inutilium
815 687 994 723 quteitionum
1004 695 1014 715 :

215 735 240 758 et
254 730 424 765 philosophitv
445 737 518 757 vana:
528 728 711 765 insectatione.

253 762 300 792 101
325 762 361 792 De
374 765 505 800 felicitate
527 766 630 795 eorum,
652 763 697 797 qui
718 762 781 800 bene
798 762 944 800 imperanti
963 771 1014 797 pa-

217 805 285 832 rent,
314 805 338 827 et
346 797 438 827 contra
450 800 481 826 de
491 799 604 826 miseriis
615 797 818 833 eorum,quibus
831 799 946 833 injustas
958 806 1016 824 cott-

218 837 276 871 tigit
296 837 478 871 magistratus.

250 871 301 897 102
313 868 395 897 Antor
411 870 548 897 hominum
559 869 591 896 ab
609 876 699 895 artiore
715 868 764 895 Dei
775 869 974 903 temperandus.

249 907 300 932 105
314 907 402 938 Quare
415 906 537 933 Christus
553 904 628 931 nobis
645 912 692 930 suo
702 903 815 930 adventu
828 904 935 939 facilem
950 903 1015 938 effe-

218 942 282 968 cerit
297 942 415 968 victoria:
437 941 578 967 rationem.

246 977 298 1004 101
316 976 347 1003 In
364 976 479 1003 victoria
494 975 639 1002 cavendum
663 980 701 1001 est
715 975 877 1009 arrogantiae
888 978 913 1000 et
928 981 1017 1001 socor-

219 1012 273 1039 diae
289 1014 399 1038 malum.

254 1047 306 1074 105
331 1047 451 1073 Modesta
468 1046 522 1078 sit,
544 1053 595 1072 non
616 1053 749 1080 arrogans
775 1045 898 1080 victoria.
916 1043 1015 1080 Confer

218 1083 295 1117 epist.
310 1082 362 1109 547
381 1087 406 1117 et
420 1081 483 1113 570,
496 1081 542 1117 lib.
563 1088 604 1109 nt.
618 1089 715 1117 necnon
731 1079 935 1117 AutLCuevarw
945 1079 1015 1107 Ora-

220 1115 317 1145 tionem
328 1117 362 1144 ad
374 1116 501 1144 Carolum
517 1115 548 1148 γ,
560 1116 662 1142 devicto
677 1115 774 1142 Frauc.
792 1115 824 1141 Ιῖ.

252 1152 304 1179 106
318 1153 385 1179 Cum
400 1152 489 1179 labore
503 1157 527 1178 et
546 1151 668 1186 precibus
702 1150 906 1178 incumbentium
926 1149 1017 1177 studio

220 1196 363 1214 sacrarum
381 1187 558 1215 Litterarum.

328 1222 408 1263 [Latio
435 1221 553 1263 sensibus
566 1224 635 1263 velut
649 1223 740 1263 regina
752 1222 842 1263 prcesit
854 1224 879 1261 et
892 1220 1015 1261 imperet.

267 1258 318 1285 108
338 1257 495 1293 Objurgatio
530 1257 644 1284 hominis
676 1255 898 1291 impudentissimi
929 1255 1018 1281 omni-

222 1294 319 1328 busque
336 1293 478 1320 sceleribus
494 1294 620 1327 cooperti.

257 1333 309 1361 109
326 1332 429 1360 Salutio
447 1333 599 1367 quwstionis
621 1332 736 1367 physicte
757 1331 789 1358 de
814 1330 937 1367 efﬁcacia
954 1329 1014 1367 pini

221 1368 251 1430 in
267 1369 384 1395 moribus
415 1365 553 1394 hominum
579 1365 740 1403 detegendis.
769 1366 879 1401 Confer.
894 1373 935 1399 ep.
952 1365 1017 1398 205,

235 1423 242 1430 .
258 1411 299 1430 ιιι.

235 1423 242 1430 .
258 1411 299 1430 111.

261 1438 312 1465 110
327 1437 361 1465 In
384 1446 427 1465 eos
441 1438 552 1473 quisuis
571 1438 689 1472 ipsorum
705 1437 818 1472 peccatis
835 1435 978 1473 praeteritis
991 1435 1019 1473 in

223 1473 312 1500 aliena
323 1474 427 1500 curiose
439 1470 589 1507 inquirunt,
601 1474 628 1499 in
638 1473 693 1499 illis
705 1470 796 1507 talpas,
806 1473 832 1498 in
842 1472 899 1498 istis
911 1470 1018 1506 Lyncei,

295 1523 456 1551 Erratorum
478 1524 632 1551 alienorum
649 1524 803 1559 exagitator
821 1522 947 1555 acerbus,

311 1559 340 1586 In
360 1560 438 1594 culpa
457 1560 563 1586 veniam
584 1559 631 1586 dat
644 1559 694 1586 sibi
713 1559 831 1594 quisque
851 1565 912 1598 sua.

261 1619 310 1646 111
326 1618 366 1645 De
377 1618 475 1645 semine
489 1617 560 1645 verbi
577 1618 662 1645 divini
677 1617 853 1644 dissimilibus
869 1616 940 1650 agris
959 1623 1020 1642 cor-

225 1654 301 1681 dium
317 1658 434 1687 excepto.

263 1689 314 1716 112
329 1685 482 1715 Admonitio
504 1687 536 1714 de
559 1689 649 1723 ofﬁcio
667 1687 797 1714 antistitis
822 1685 1020 1723 Ecclesiwpqni

226 1724 255 1751 id
271 1732 326 1751 esse
340 1724 424 1754 debet,
445 1723 514 1757 quod
531 1729 569 1750 est
584 1723 623 1749 sol
638 1726 749 1753 mundo,
766 1722 858 1748 oculus
870 1722 986 1754 corpori.

267 1759 320 1786 115
335 1758 490 1785 Admonitio
508 1759 539 1784 de
555 1759 671 1785 cavenda
694 1758 809 1784 avaritia
829 1761 854 1783 et
871 1757 1025 1790 rapacitate.

227 1794 376 1821 alienorum
393 1793 522 1819 bonorum
540 1800 563 1819 et
581 1794 721 1820 imitandis
737 1793 787 1824 iis,
808 1793 852 1827 qui
870 1792 926 1818 suis
945 1793 1020 1818 rebus

228 1830 336 1857 honesto
353 1829 442 1855 labore
464 1830 549 1863 partis
566 1832 626 1855 sunt
645 1828 771 1855 contenti.

266 1865 317 1891 114
332 1863 365 1890 1η
383 1864 514 1890 hominem
540 1863 688 1898 improbum
712 1864 773 1890 bene
793 1863 900 1890 meritos
917 1866 941 1889 et
961 1862 1021 1888 lau-

227 1900 305 1927 datos
319 1900 380 1926 odio
396 1904 421 1925 et
438 1899 562 1925 conviciis
579 1897 786 1933 prosequentem.

265 1934 318 1961 115
347 1933 447 1962 Contra
473 1932 599 1967 Judazos,
628 1934 855 1960 circumcisionem
885 1933 967 1960 etiam
994 1932 1021 1958 in

230 1970 304 1997 Λουο
333 1969 500 1996 Testamento
532 1970 644 1996 retinere
673 1968 796 1995 volentes.
828 1968 863 1995 Et
888 1967 1021 2003 quomodo

229 2005 396 2032 circumcisio
414 2004 493 2037 fuerit
511 2005 629 2039 σφραγὶς
643 2005 696 2030 sive
713 2004 843 2038 sigillum.

267 2040 319 2067 116
335 2040 374 2066 De
396 2040 493 2066 virtute
511 2037 599 2073 potius
622 2047 703 2074 quam
725 2037 851 2072 felicitate
866 2037 1022 2065 honoranda

230 2075 313 2111 deque
329 2076 457 2110 festorum
473 2076 575 2101 tlierum
591 2083 640 2101 usu
654 2081 678 2101 et
694 2074 787 2100 abusa.

266 2115 318 2142 117
330 2115 368 2141 De
384 2115 576 2148 omnipotentia
598 2113 657 2142 Dei.
675 2114 752 2147 Quod
775 2114 846 2141 Deus
867 2121 918 2140 non
938 2117 1022 2148 potest

231 2151 314 2182 mala,
341 2158 392 2176 non
418 2154 456 2175 est
484 2150 609 2176 idoncum
639 2155 824 2184 argumentum
850 2154 943 2176 contra
965 2149 1022 2182 ejus

231 2186 459 2219 omnipotentiam.
480 2184 592 2211 Peccata
608 2191 668 2210 sunt
683 2185 862 2219 inﬁrmitates.

268 2222 319 2248 118
334 2220 485 2254 lncrcpatio
509 2220 621 2253 improbi
647 2220 773 2249 hominis.
801 2220 846 2254 qui
873 2227 919 2254 per
941 2219 1022 2245 dissi-

231 2256 403 2283 mulationem
421 2256 575 2289 prudentem
593 2263 620 2281 se
636 2256 734 2290 corrigi
749 2263 800 2281 non
818 2263 925 2289 passus,
939 2255 1020 2281 etiam

232 2291 346 2318 deterior
359 2295 451 2317 evasit.

270 2326 321 2352 119
337 2325 372 2352 De
394 2325 544 2359 differentia
560 2325 750 2357 animantium,
772 2324 843 2360 quod
867 2325 901 2360 sit
921 2329 1021 2360 certum

233 2361 331 2387 divinte
351 2360 522 2394 providentite
541 2365 736 2395 argumentum.
759 2359 857 2395 Confer
877 2359 1023 2386 Theodore-

235 2402 291 2423 tum
304 2395 341 2423 De
360 2395 541 2422 Providentia.

272 2432 322 2458 120
341 2430 478 2465 Oppressis
493 2439 524 2456 ac
537 2430 722 2457 circumventis
742 2431 902 2464 aperienda,
919 2430 1007 2458 calum
1017 2444 1023 2449 -

235 2467 383 2494 uiatoribus
396 2465 550 2492 claudenda:
564 2474 650 2492 aures.

274 2503 322 2528 121
339 2501 397 2527 Duo
417 2509 475 2526 cum
499 2501 601 2534 faciunt
625 2501 705 2527 idem.
725 2499 824 2527 Laicus
843 2506 868 2527 et
888 2500 1023 2532 sacerdos,

235 2546 288 2564 non
308 2542 346 2564 est
370 2536 451 2562 idem.
479 2535 609 2562 Croviora
624 2537 693 2562 enim
711 2542 772 2562 sunt
787 2537 954 2563 sacerdotum
965 2543 1026 2569 pec-

236 2577 296 2599 cata
313 2579 391 2606 quam
409 2571 550 2597 laicorum.

275 2605 326 2634 122
344 2606 480 2633 Patienter
504 2606 613 2639 ferenda
634 2610 673 2632 est
697 2606 870 2641 prn'latorum
898 2605 1026 2633 Ecclesia:

236 2642 371 2676 impietas,
399 2641 502 2675 Deoque
524 2646 552 2667 ut
570 2641 645 2675 justo
670 2647 748 2676 atque
773 2643 925 2677 incorrupto
937 2641 1026 2676 judici

236 2677 423 2713 permittenda.
527 2711 532 2713 _
702 2711 706 2713 Δ
848 2697 850 2699 ,

274 2713 326 2739 125
341 2711 403 2738 Non
418 2711 578 2745 peccandum
593 2719 637 2745 spe
651 2711 743 2738 veniat.

273 2747 335 2775 124.
349 2747 501 2773 Admonitio
524 2747 558 2773 ad
582 2747 665 2772 malos
686 2747 813 2775 Ecclesia:
832 2748 981 2779 antistites,
998 2750 1027 2773 ut

237 2784 272 2809 ad
286 2783 388 2818 frugem
402 2782 519 2813 redeant,
535 2787 558 2808 et
575 2782 636 2808 bene
652 2783 772 2816 prwsint.

274 2822 326 2849 125
347 2821 527 2858 Episcopatus
543 2830 650 2853 munus,
675 2828 703 2848 ut
725 2824 910 2857 gravissimum
926 2831 956 2849 ac
970 2823 1027 2858 dif-

239 2857 399 2893 ficillimum,
421 2857 574 2891 fugiendum
589 2859 678 2891 potius
692 2866 773 2892 quam
787 2859 960 2893 expetendum
976 2864 1025 2885 est.

276 2892 327 2920 126
342 2891 494 2919 Admonitio
511 2893 542 2919 dc
555 2892 669 2919 vitandis
683 2891 827 2921 scandulis.

786 158 1070 189 PBOLEGOMENA
1089 157 1190 188 EDIT.
1210 157 1335 188 PARIS.

1803 150 1856 185 136

1102 214 1152 241 127
1170 213 1299 248 Deplorat
1312 211 1439 240 Ecclesia!
1454 208 1614 248 Pelusiensis
1624 209 1856 248 depecttlationem

1062 258 1079 276 α
1100 245 1266 276 Martiniano
1287 248 1398 283 factam,
1422 246 1580 283 quem‘petit
1594 246 1667 281 adigi
1687 246 1721 272 ad
1737 245 1856 283 ratione!

1065 284 1213 311 reddendas
1228 280 1442 317 restituendaque
1464 280 1565 311 ablata.
1581 287 1606 308 et
1618 280 1855 317 excommunicari.

1098 320 1150 346 128
1164 320 1326 346 Adulatores
1348 316 1403 345 non
1424 318 1512 344 minus
1529 325 1609 352 quam
1623 317 1697 351 plani
1712 321 1790 351 atque
1803 316 1857 342 im-

1061 360 1180 390 postores
1197 354 1306 381 cavendi
1320 358 1392 380 sunt.

1099 390 1149 416 129
1165 389 1251 416 Judas
1266 389 1388 415 libertate
1402 387 1508 414 arbitrii
1518 387 1560 413 stti
1575 395 1639 414 usus
1659 386 1756 421 sprevit
1766 393 1857 412 omnes

1063 425 1163 452 Christi
1178 425 1213 451 ad
1230 426 1353 451 virtutem
1367 423 1576 450 exhortationes.
1595 421 1680 448 Nemo
1697 422 1794 447 invitas
1811 428 1860 455 per

1063 461 1115 487 vim
1129 460 1259 487 salivatur.

1099 496 1150 522 150
1166 495 1325 521 Exhortatio
1340 494 1375 520 ad
1390 492 1612 526 misericordiam,
1627 500 1644 518 a
1654 499 1705 527 quo
1717 499 1794 518 omne
1809 490 1859 517 bo-

1065 539 1158 557 norum
1171 539 1251 565 genus
1264 530 1452 565 proﬁciscitur.

1171 559 1303 605 Yirtutem
1314 559 1433 605 sequere,
1445 563 1539 605 vitium
1552 562 1622 598 fuge.

1102 600 1155 628 152
1171 601 1208 627 De
1225 597 1374 635 petulantia
1392 598 1584 635 improborum»
1597 597 1732 635 moderate
1753 597 1862 635 patien-

1067 641 1156 671 terque
1182 632 1291 670 ferenda
1318 632 1439 669 respectu
1464 633 1598 668 passionis
1622 632 1734 660 Christi.
1761 632 1863 667 Confer

1067 672 1143 696 enisi.
1166 671 1228 696 179.
1244 671 1291 696 lib.
1306 679 1343 696 Iv.

1065 672 1143 702 epist.
1166 671 1228 702 179,
1244 671 1291 697 lib.
1306 679 1343 697 Iv.

1079 680 1143 706 pm.
1166 680 1176 696 ι
1188 680 1228 702 tu,
1244 680 1291 697 tto.
1306 680 1343 697 tv.

1101 706 1155 733 155
1170 706 1300 733 Redditur
1313 705 1384 732 ratio
1400 704 1432 731 de
1448 704 1502 739 lege
1518 703 1627 739 talionis
1644 703 1673 729 in
1692 701 1750 730 Vet.
1762 701 1862 729 Testa-

1071 746 1159 769 mento
1176 743 1280 768 sancito
1296 746 1321 768 et
1335 740 1447 767 solvitur
1462 738 1668 773 ὲναντιοφάνεια
1680 738 1749 764 inter
1757 739 1863 764 dictum

1069 777 1134 812 legis
1147 781 1173 804 et
1183 776 1321 811 Evangelii
1339 776 1370 802 de
1383 775 1511 812 vindicta.
1525 773 1625 812 Confer
1636 774 1751 812 ep_._155,
1766 773 1861 812 lib._tt.

1068 808 1237 846 comparatio
1253 808 1364 846 majoris
1386 815 1410 837 et
1433 808 1637 846 minoris__inter
1652 809 1700 835 illa
1712 809 1799 846 locum
1809 808 1864 846 ha-

1069 849 1110 874 bet
1131 844 1190 882 quia
1206 844 1325 882 ejusdem
1341 845 1523 882 6111117498815.
1546 844 1642 871 Melior
1665 849 1704 870 est
1719 844 1863 878 virginitas

1067 879 1248 909 matrimonio.
1258 882 1337 916 Conf.
1351 890 1392 915 ep.
1406 880 1469 913 551,
1490 879 1538 906 lib.
1553 888 1594 916 ιιι.

1107 917 1160 944 151
1175 918 1243 951 Spes
1256 914 1432 944 inco‘ncessas
1444 920 1472 942 et
1485 915 1578 942 inania
1590 920 1655 942 vota
1669 914 1804 951 relinque.

1104 953 1157 980 155
1173 950 1261 980 Homo
1278 960 1347 987 scepe
1369 959 1421 978 non
1442 950 1528 987 solum
1539 950 1637 977 similis
1650 950 1804 987 estrbestite,
1818 957 1866 976 ve-

1067 995 1126 1015 rum
1138 989 1220 1014 etiam
1232 986 1324 1023 quavis
1338 987 1394 1022 fera
1411 986 1497 1013 bellua
1508 986 1624 1023 deterior
1637 986 1736 1023 evadit.

1104 1023 1155 1050 156
1170 1024 1206 1049 De
1221 1020 1381 1058 magistratu
1398 1026 1467 1058 recte
1480 1020 1706 1058 administrando.

1104 1058 1156 1085 157
1171 1058 1238 1086 Cum
1253 1055 1288 1085 sit
1308 1057 1490 1088 Providentia,
1507 1056 1552 1090 qui
1572 1056 1632 1090 ﬁat,
1646 1055 1716 1090 quod
1729 1063 1798 1089 ηερε
1811 1055 1862 1081 bo-

1067 1094 1108 1121 nis
1127 1094 1207 1126 male,
1216 1099 1240 1120 et
1256 1093 1335 1120 malis
1348 1093 1410 1119 bene
1423 1092 1467 1119 sit.
1481 1090 1578 1125 Confer
1591 1091 1719 1126 Senecam
1734 1090 1771 1117 De
1788 1090 1863 1117 Pro-

1067 1129 1187 1156 videntia
1201 1125 1231 1155 Vc.
1247 1129 1257 1155 1
1278 1133 1303 1155 et
1317 1129 1335 1155 2
1349 1137 1357 1161 ;
1374 1127 1518 1162 Augustin.
1542 1126 1580 1153 De
1597 1127 1673 1155 civil.
1690 1125 1736 1152 Dei
1750 1126 1795 1152 lib.
1811 1134 1863 1159 x‘x,

1068 1172 1127 1199 cap.
1140 1165 1150 1190 1
1165 1172 1172 1193 '.
1190 1163 1309 1191 Satvian.
1327 1163 1375 1191 lib.
1395 1161 1452 1199 ipe
1464 1161 1573 1199 Provid.

1105 1200 1156 1226 158
1171 1199 1308 1232 Ea'positio
1327 1199 1392 1225 dicti
1405 1196 1515 1223 Paulini
1535 1196 1549 1222 I
1574 1196 1637 1224 Cor.
1668 1204 1707 1228 Ix,
1735 1196 1770 1223 20
1782 1205 1789 1222 :
1802 1205 1812 1221 ι
1826 1195 1865 1222 Et

1069 1240 1111 1261 ter
1128 1234 1297 1268 Erant/alium
1311 1234 1430 1260 eumdem
1446 1232 1523 1268 habet
1540 1238 1686 1259 auctorem.
1706 1241 1714 1257 ι

1109 1271 1156 1295 159
1177 1266 1290 1301 Qitereln
1311 1269 1344 1296 de
1362 1268 1471 1296 interitu
1495 1266 1638 1294 charitatis
1653 1273 1679 1294 et
1695 1266 1864 1293 abundantia

1069 1311 1228 1339 ιιιιίμιιῖηίιε.

1107 1342 1157 1367 110
1173 1340 1323 1374 lncrepatio
1338 1339 1396 1374 ejus
1406 1339 1451 1374 qui
1462 1339 1576 1366 alterum
1589 1338 1748 1374 criminatur
1763 1345 1793 1363 ac
1805 1341 1869 1374 tra-

1070 1375 1143 1402 ducit
1159 1375 1189 1402 ob
1205 1372 1315 1407 scelera,
1329 1372 1534 1410 quibusiisdem
1548 1375 1656 1409 ipsemet
1670 1378 1709 1400 est
1721 1372 1867 1400 obnoxius.

1071 1410 1169 1444 Confer
1180 1418 1220 1443 ep.
1236 1410 1288 1437 590
1301 1415 1326 1436 et
1343 1410 1406 1441 157,
1422 1409 1469 1436 lib.
1486 1418 1504 1436 ι.

1110 1443 1159 1472 111
1181 1445 1318 1478 Quantum
1342 1446 1376 1472 sit
1400 1445 1557 1479 periculum,
1578 1443 1658 1470 aliter
1676 1444 1759 1470 vivere
1782 1450 1869 1478 quam

1073 1480 1178 1514 doceas,
1194 1486 1217 1507 et
1234 1489 1294 1507 cum
1309 1489 1325 1506 a
1340 1488 1457 1506 sermone
1471 1481 1524 1507 vita
1535 1481 1678 1513 discrepat.

1113 1517 1165 1543 142
1182 1516 1219 1543 De
1237 1516 1292 1543 Deo
1311 1524 1363 1542 uno
1379 1516 1407 1541 in
1419 1516 1542 1547 essentia,
1558 1519 1582 1541 et
1598 1515 1668 1540 trino
1688 1515 1715 1540 in
1732 1514 1868 1549 personis.

1110 1552 1162 1579 145
1178 1551 1213 1578 De
1229 1552 1354 1586 mysterio
1371 1557 1548 1586 sacrosanctae
1563 1550 1702 1586 Trinitatis
1717 1557 1747 1586 ne
1756 1549 1869 1586 quidem

1081 1585 1137 1613 Vel.
1156 1584 1324 1613 Testamento
1341 1591 1364 1612 et
1384 1585 1491 1612 Phi/oni
1514 1585 1609 1612 .ludteo
1624 1584 1702 1620 plane
1716 1584 1867 1619 incognito.

1076 1622 1174 1654 Confer
1189 1621 1353 1648 Ludovicum
1368 1620 1567 1647 Granntenscm.

1111 1658 1162 1684 144
1175 1657 1314 1691 Expositio
1337 1657 1402 1683 dicti
1426 1656 1525 1683 Christi
1544 1655 1642 1682 Matth.
1664 1663 1714 1682 ml
1729 1664 1736 1681 :
1754 1664 1763 1680 ι
1785 1654 1869 1681 Alius

1073 1698 1187 1725 centum,
1200 1693 1270 1718 alius
1282 1692 1432 1726 sexaginta,
1447 1691 1516 1717 alius
1535 1692 1656 1725 triginta,
1677 1700 1686 1715 ι
1701 1695 1753 1717 etc.

1106 1728 1158 1754 145
1174 1728 1286 1754 I’eccata
1300 1725 1353 1753 non
1370 1726 1492 1753 debemus
1506 1727 1632 1761 inﬁciari,
1650 1727 1695 1752 sed
1707 1725 1869 1759 paenitentia

1072 1771 1176 1789 curare.

1110 1799 1159 1825 146
1173 1797 1272 1824 Contra
1290 1806 1367 1831 opum
1380 1797 1464 1827 sitim,
1481 1797 1534 1823 sive
1548 1797 1613 1832 περὶ
1629 1796 1740 1831 ἀρετῆς,
1757 1795 1805 1822 καὶ
1817 1794 1870 1821 τοῦ

1074 1832 1111 1868 μὴ
1125 1834 1178 1860 ὀεῖν
1198 1834 1264 1868 ὲρᾷν
1277 1833 1437 1868 χρημάτων.
1457 1832 1596 1867 Expositio
1612 1832 1718 1866 elegans
1729 1832 1872 1858 sententite

1074 1861 1378 1902 Dentostlteiticteyqiiod
1395 1861 1506 1894 omnino'
1519 1875 1585 1902 opus
1604 1861 1744 1902 smiropes,
1759 1871 1788 1892 ut
1808 1874 1871 1893 sine

1072 1904 1166 1938 quibus
1184 1904 1252 1930 nihil
1266 1901 1335 1938 quod
1350 1911 1413 1937 opus
1426 1904 1460 1929 sit
1475 1904 1533 1937 fieri
1544 1903 1637 1936 possit.
1652 1901 1729 1936 Conf.
1745 1910 1786 1936 ep.
1800 1902 1869 1934 M9,

1073 1940 1122 1973 inf.
1140 1940 1167 1965 h.
1181 1939 1227 1965 tib.
1242 1947 1273 1970 It,
1293 1943 1317 1965 et
1331 1946 1372 1972 ep.
1387 1938 1440 1965 217
1457 1944 1481 1965 et
1494 1938 1558 1968 412,
1572 1938 1620 1963 lib.
1636 1945 1676 1964 ιιι.

1105 1974 1156 2002 147
1172 1974 1315 2001 Atttithcsis
1336 1974 1463 2000 bonorum
1485 1978 1510 2000 et
1535 1972 1716 2007 improborum
1734 1972 1871 2004 virorum.

1074 2015 1152 2044 atque
1166 2010 1199 2036 ad
1218 2010 1325 2035 illarum
1350 2009 1526 2035 imitationem
1549 2008 1710 2034 exhortatio.
1725 2007 1803 2042 Conf.
1823 2016 1869 2040 ep.

1073 2045 1138 2071 240.
1156 2045 1217 2071 νέα.
1231 2045 1281 2078 inf.
1299 2044 1345 2071 lib.
1364 2052 1391 2070 ll.

1112 2081 1163 2107 148
1178 2080 1260 2106 Bonis
1280 2079 1439 2106 studendum
1458 2078 1587 2110 moribus,
1603 2082 1631 2104 ut
1645 2078 1690 2113 qui
1705 2079 1758 2105 sint
1773 2079 1871 2113 quani:

1069 2116 1246 2152 jurejurando
1257 2115 1419 2149 efﬁcaciores
1433 2115 1467 2141 ad
1482 2115 1633 2149 faciendam
1646 2114 1735 2148 fidem,
1748 2118 1773 2140 et
1786 2122 1871 2140 amo-

1074 2159 1129 2179 rem
1145 2151 1352 2177 conciliandum.

1109 2185 1160 2214 149
1171 2186 1273 2212 Gaudet
1284 2185 1424 2220 epistolam
1438 2193 1514 2212 suam
1527 2187 1641 2220 priorem
1653 2185 1735 2219 fuisse
1748 2188 1869 2218 gratam.

1075 2221 1207 2256 Intelligit
1230 2221 1306 2247 illam
1325 2220 1386 2247 bene
1405 2221 1510 2255 [origani
1526 2219 1585 2256 sup.
1602 2229 1628 2247 tt.
1646 2221 1708 2251 146,
1726 2220 1753 2245 Ιι.
1767 2219 1815 2245 lib.
1834 2226 1870 2246 II.

1112 2255 1323 2291 150’Expositio
1337 2256 1403 2282 dicti
1419 2256 1519 2283 Christi
1539 2258 1571 2283 de
1586 2256 1762 2283 ostentatione
1774 2255 1871 2289 phari-

1073 2301 1156 2320 satca.

1110 2327 1159 2354 151
1186 2326 1341 2354 Consolatio
1370 2326 1397 2352 in
1411 2331 1494 2353 morte
1521 2326 1626 2361 fratris,
1654 2325 1728 2360 cujus
1753 2325 1869 2361 virtutes

1075 2363 1151 2432 orqnli'
1174 2362 1253 2423 llazde
1275 2362 1389 2395 majores
1419 2362 1610 2396 praldicantur.
1635 2361 1713 2396 Conf.
1737 2368 1777 2395 ep.
1801 2360 1870 2392 155,

1075 2406 1101 2424 tn
1118 2418 1124 2424 .
1154 2417 1162 2424 .
1194 2406 1201 2423 t
1222 2415 1230 2423 .

1074 2406 1124 2424 ml.
1136 2406 1162 2424 ΙΙ.
1183 2406 1230 2423 ιιυ.

1112 2433 1163 2460 152
1176 2432 1213 2458 De
1228 2431 1378 2458 vulneribus
1395 2432 1478 2458 animi
1493 2439 1560 2459 recte
1577 2431 1714 2459 curandis.

1113 2468 1165 2494 155
1181 2467 1327 2494 Hominum
1344 2467 1507 2501 perditorum
1522 2469 1556 2494 ad
1578 2469 1638 2495 vita:
1657 2465 1873 2494 emendationem

1076 2503 1217 2530 revocatio.
1228 2502 1325 2536 Confer
1336 2510 1377 2533 ep.
1391 2502 1508 2534 247,1ib.
1525 2510 1565 2529 III.

1115 2539 1167 2565 154
1180 2537 1251 2564 Laus
1262 2543 1286 2564 et
1298 2539 1381 2564 virtus
1397 2538 1602 2572 perspicuitatis.

1114 2574 1166 2601 155
1185 2573 1257 2599 Laus
1274 2573 1414 2599 Timothei.
1432 2572 1529 2607 Confer
1543 2582 1584 2607 ep.
1597 2573 1659 2604 151,
1675 2573 1702 2599 h.
1719 2573 1766 2599 lib.
1780 2580 1823 2599 ιιι.

1115 2609 1166 2636 156
1180 2609 1280 2636 Contra
1295 2616 1349 2640 eos,
1368 2608 1413 2642 qui
1426 2608 1453 2634 in
1468 2609 1569 2635 aedibus
1590 2609 1718 2635 ornandis
1739 2615 1874 2641 occupan-

1080 2649 1133 2675 tur,
1146 2645 1244 2678 totique
1257 2648 1318 2669 sunt
1330 2651 1339 2674 ,'
1357 2644 1453 2670 animce
1464 2651 1520 2670 saw
1537 2652 1601 2670 cura
1614 2645 1740 2678 neglecta.

1116 2680 1165 2706 157
1178 2677 1243 2706 Cum
1256 2678 1323 2704 nihil
1340 2687 1391 2704 non
1411 2687 1510 2712 eorum,
1530 2687 1589 2714 qua:
1608 2680 1766 2713 prredixerat
1787 2677 1874 2705 Chri-

1081 2720 1151 2746 stus,
1167 2719 1287 2741 eventum
1305 2713 1437 2745 hobuerit,
1455 2722 1507 2740 non
1535 2721 1573 2741 est
1597 2715 1678 2741 etiam
1697 2715 1730 2740 de
1748 2719 1872 2740 extremo

1075 2750 1181 2785 judicio
1195 2749 1386 2781 dubitandum,
1405 2750 1467 2784 quin
1487 2755 1557 2776 certo
1573 2751 1600 2775 id
1615 2750 1735 2784 futurum
1751 2752 1782 2775 sit
1798 2757 1874 2782 prte-

1080 2787 1170 2812 sertim
1188 2792 1248 2811 cum
1259 2786 1307 2810 hoc
1320 2785 1400 2810 etiam
1418 2785 1517 2811 rationi
1531 2790 1556 2811 et
1573 2785 1716 2811 multorum
1730 2785 1872 2810 hominum

1080 2826 1157 2847 extra
1172 2820 1321 2846 Ecclesium
1346 2820 1516 2853 opinionibus
1542 2825 1745 2847 consentaneum
1770 2820 1824 2850 sit,
1853 2828 1872 2845 ιι

1080 2856 1175 2908 quibuls
1195 2856 1243 2916 illi:
1262 2858 1336 2880 erant
1358 2856 1501 2882 remotiora
1524 2863 1583 2889 quin
1600 2860 1749 2882 evenerunt.
1771 2853 1874 2889 Confer

1081 2900 1122 2916 en.
1138 2896 1187 2916 u.t.
1213 2898 1221 2916 ι
1242 2910 1248 2915 .
1267 2897 1305 2916 ιΙΙ.

1081 2900 1122 2926 ep.
1138 2893 1187 2917 uit.
1203 2891 1248 2916 lib.
1267 2897 1305 2916 ιιι.
