3924 6416
206 380 289 448 137
1296 356 1861 440 PROLEGOMENA
1900 373 2100 437 EDIT.
2140 378 2384 437 PARIS.

260 491 355 547 158
380 488 681 543 Admonitio
707 489 774 542 de
802 489 983 559 lingua
1014 488 1356 559 refrenanda,
1400 504 1561 558 quam
1597 490 1764 557 negat'

197 566 293 633 regi
331 563 455 629 fato.
490 560 735 633 {emptis
782 558 912 633 ratio
959 558 1151 633 simile,
1204 568 1255 610 et
1299 575 1472 633 annus
1517 574 1746 611 coronte.

198 628 339 700 conf.
368 649 448 698 ep.
480 632 503 684 1
540 631 632 682 lib.
671 646 743 689 ιν.
772 631 861 681 ubi
887 631 982 680 hoc
1007 628 1171 680 latius
1189 628 1506 700 explicatur.

262 699 356 756 159
385 700 724 756 Collaudatio
755 700 981 751 hominis
1012 700 1080 749 ad
1114 709 1255 750 recta
1282 699 1460 750 studia
1495 699 1749 751 conversi.

256 775 352 825 160
382 771 583 825 Contra
618 786 705 823 eos
746 772 837 836 qui
879 769 974 821 Dei
1010 768 1227 821 lenitate
1257 777 1305 820 et
1339 769 1617 821 clementia
1660 769 1754 819 ab-

195 853 418 906 utuntur,
450 852 506 894 ut
538 841 661 893 inde
692 856 795 891 non
823 839 1081 899 meliores,
1118 838 1206 890 sed
1244 840 1427 906 seipsis
1469 839 1752 891 deteriores

229 923 328 966 ant.

191 915 343 1036 ﬂagitii
375 979 617 1033 Athletas
654 978 944 1032 Christiani
972 978 1157 1031 debent
1189 977 1392 1030 imitari
1422 978 1476 1031 in
1506 977 1755 1030 certami-

192 1055 327 1106 nibus
380 1052 479 1104 rite
524 1049 803 1103 adeundis.
856 1048 1052 1117 Confer
1103 1050 1389 1118 Augustin.
1458 1047 1535 1102 De
1579 1064 1754 1117 agone

189 1123 372 1177 Christi
412 1136 530 1188 cap.
566 1120 618 1173 6.

247 1193 342 1245 162
374 1185 555 1242 Etiam
599 1190 666 1243 de
714 1189 873 1242 malis
925 1187 1288 1241 sacerdotibus
1342 1202 1443 1239 non
1482 1196 1558 1240 est
1615 1185 1755 1239 male

189 1263 505 1332 loquendum.

249 1333 342 1386 165
372 1328 683 1382 Admonitio
751 1330 815 1382 de
873 1328 1177 1381 adversario
1238 1327 1293 1379 in
1327 1326 1751 1395 reprehensione,

190 1399 750 1471 quamvisipt'ornerita,
786 1401 1054 1471 moderate
1088 1397 1395 1471 tractando.

246 1472 341 1524 164
372 1467 673 1523 Hominum
715 1470 964 1522 socordia
1010 1468 1071 1537 ﬁt
1116 1476 1174 1531 ut
1213 1467 1480 1528 diabolus,
1516 1468 1753 1538 quamvis

186 1545 328 1594 rictus
380 1551 547 1609 atque
600 1551 903 1602 prostratus
957 1556 988 1605 α
1034 1538 1270 1601 Christo,
1326 1550 1499 1589 tamen
1557 1538 1752 1609 multos

185 1612 409 1664 mortales
435 1607 636 1669 vincat,
668 1625 941 1680 secumque
972 1611 1029 1661 in
1059 1609 1259 1661 exitum
1289 1610 1584 1680 pertrahat.
1616 1607 1757 1660 Con-

185 1685 250 1747 fer
280 1682 562 1750 epistolam
592 1681 698 1734 228
741 1677 864 1732 ηυξ
903 1695 986 1743 ιιι,
1032 1688 1082 1732 et
1140 1679 1425 1747 Augustin.
1477 1677 1548 1731 De
1593 1686 1750 1746 temp.

183 1768 317 1805 scrin.
354 1753 481 1805 157.

241 1822 337 1873 165
379 1822 455 1875 De
488 1822 614 1873 vita:
645 1820 894 1872 humana:
926 1818 1161 1871 vanitate
1190 1825 1240 1869 et
1272 1815 1525 1869 miseriis.

242 1893 339 1945 166
373 1893 487 1945 Cur
552 1890 797 1945 Christus
848 1889 1237 1957 reprehenderit
1296 1887 1578 1949 mulieres,
1637 1902 1756 1955 qute

182 1964 334 2030 ipsum
384 1960 847 2015 commiseratione
880 1959 1342 2030 prosequebantur
1376 1972 1496 2030 cum
1523 1957 1593 2009 ad
1630 1973 1757 2010 cru-

182 2027 275 2085 an.
295 2034 741 2100 proﬁcisceretur.
772 2030 968 2097 Confer
988 2030 1151 2100 epist.
1183 2027 1290 2081 285
1322 2028 1375 2079 h.
1409 2027 1501 2080 lib.
1536 2043 1596 2081 ιι.

243 2102 337 2155 167
366 2099 571 2165 Quales
596 2115 888 2161 sermones,
918 2099 1048 2151 tales
1080 2113 1271 2150 mores.

242 2173 334 2225 168
367 2164 751 2238 Paupertatem
772 2186 876 2222 non
892 2185 1001 2223 esse
1031 2172 1365 2237 probrosam.
1382 2164 1577 2236 Confer
1592 2164 1754 2222 Joan.

184 2241 507 2296 Stobaaum...

248 2314 337 2365 169
368 2313 707 2368 Coronarum
748 2310 1141 2375 mundanorum
1186 2317 1240 2361 et
1290 2307 1582 2362 ctelestium
1607 2308 1757 2379 longe

184 2384 348 2449 dispar
371 2393 449 2435 est
488 2384 657 2435 ratio.

252 2448 348 2506 170
381 2452 699 2507 Cohortatio
738 2450 809 2503 ad
836 2449 1283 2520 perseverantiam
1309 2448 1368 2501 in
1401 2449 1555 2504 bono.

248 2524 332 2577 171
369 2522 682 2591 Iucrepatio
704 2519 1099 2589 ﬂagitiosorum
1141 2519 1436 2585 hominum,
1475 2528 1523 2573 et
1553 2519 1622 2571 ad
1652 2535 1760 2572 me-

186 2595 347 2645 liorem
378 2594 587 2662 frugem
618 2593 904 2662 revocatio.

247 2664 340 2717 172
368 2659 531 2718 Catia:
559 2664 617 2715 in
646 2662 818 2714 sacris
847 2660 1065 2714 Litteris
1090 2674 1226 2722 saepe
1260 2659 1525 2728 signiﬁcat
1551 2675 1759 2727 pinnam

185 2737 353 2801 cuique
392 2733 587 2787 delicto
628 2743 1057 2799 attemperatam.
1096 2728 1289 2797 Confer
1314 2729 1457 2801 ep._6
1484 2729 1579 2782 lib.
1610 2748 1647 2783 ι.

246 2797 342 2858 175
374 2803 625 2858 Christus
658 2797 824 2871 quare
853 2801 1055 2870 ﬂeverit
1087 2816 1204 2851 cum
1234 2811 1367 2871 esset
1388 2797 1671 2871 _Lazarum
1703 2800 1760 2852 in

183 2875 327 2927 ritum
365 2869 737 2936 revocaturus,
761 2869 913 2941 quem
956 2880 1129 2923 tamen
1165 2884 1269 2922 non
1302 2869 1579 2937 deﬂeverat
1612 2886 1757 2923 mor-

182 2959 334 2997 tuum.

249 3016 345 3069 174
379 3013 491 3079 Qui
530 3014 631 3083 ﬁat
673 3011 835 3081 quod,
863 3027 983 3065 cum
1010 3025 1188 3083 omnes
1222 3008 1444 3083 probent
1488 3010 1758 3083 virtutem.

178 3097 223 3136 et
258 3080 555 3153 improbent
609 3080 818 3146 vitium,
884 3085 1048 3135 etiam
1104 3080 1353 3148 improbi,
1405 3089 1581 3133 tanien
1636 3082 1760 3134 huic

178 3155 341 3221 plures
369 3156 477 3207 sint
506 3155 693 3208 dediti.

239 3227 339 3279 175
370 3224 637 3292 Exempla
666 3234 716 3278 et
760 3222 1135 3278 similituindes
1175 3232 1433 3290 quatenus
1460 3222 1567 3275 sint
1598 3219 1756 3274 intel-

178 3295 412 3363 ligendte,
468 3295 551 3349 vel
602 3294 967 3363 repudiandae.
1012 3294 1207 3364 Confer
1245 3298 1402 3360 epist.
1437 3293 1536 3347 107
1570 3301 1619 3345 et
1649 3293 1754 3345 267

176 3366 261 3417 lib.
291 3381 373 3420 ιιι.

238 3436 337 3489 176
364 3435 595 3489 Musicte
614 3436 691 3489 vis
719 3446 876 3504 atque
895 3434 1142 3503 efficacia
1167 3434 1218 3487 in
1246 3434 1439 3487 animis
1460 3432 1751 3487 hominum.

235 3508 338 3559 177
372 3505 663 3575 Expositio
694 3505 798 3575 loci
836 3504 1075 3559 Danielis
1107 3506 1292 3575 proph.
1317 3520 1446 3572 cap-
1469 3519 1540 3575 tv.

239 3577 343 3629 178
379 3572 746 3644 Conﬁrmatio
773 3574 864 3628 Pii
896 3572 1123 3645 episcopi
1150 3577 1203 3627 in
1239 3590 1336 3628 suo
1376 3574 1621 3627 instituto
1654 3572 1756 3627 im-

168 3646 354 3714 probos
383 3648 713 3715 corrigendi.

236 3718 345 3770 179
374 3716 457 3769 De
479 3710 900 3777 ca'tamitatibus,
937 3730 1054 3784 qua:
1078 3728 1432 3781 saepenumero
1471 3712 1634 3766 etiam
1662 3710 1755 3765 bo-

167 3788 245 3839 nis
276 3789 407 3840 virts
446 3788 733 3851 accedunt,
762 3786 901 3856 quod
944 3801 1045 3837 nan
1084 3790 1303 3838 debeant
1332 3784 1501 3856 accipi
1538 3797 1634 3856 pro
1663 3799 1753 3856 ar-

165 3857 433 3925 gumentis
500 3852 803 3919 scelerum,
845 3855 934 3910 sed
983 3870 1079 3921 pro
1128 3854 1490 3923 exploratione
1520 3852 1751 3906 virtutis.

164 3928 361 3995 confer
394 3926 497 3979 lib.
532 3944 545 3981 ι
578 3943 662 3995 ep.
691 3926 817 3991 555,
843 3936 892 3979 et
920 3925 1027 3979 205
1055 3926 1147 3977 lib.
1187 3941 1269 3979 ιιι.

235 3992 344 4049 180
372 3999 463 4049 Sit
490 3992 618 4051 vita'
637 3997 906 4051 sermonis
929 4011 1113 4050 comes
1140 3995 1268 4047 boni
1298 3992 1487 4063 proba.

234 4068 331 4121 181
372 4067 703 4137 Objurgatio
733 4067 867 4135 ejus,
909 4068 1000 4137 qui
1028 4062 1350 4119 monitorum
1396 4065 1671 4117 immemor
1698 4062 1756 4115 in

166 4140 365 4189 amicos
398 4138 638 4205 injurias
666 4137 864 4204 fuerat.

236 4207 345 4260 182
368 4207 544 4260 Elicit
575 4208 956 4275 confessionem
978 4205 1250 4275 di/famati
1279 4205 1342 4257 de
1366 4204 1611 4275 flagitiis.

230 4278 342 4331 185
366 4278 449 4331 De
505 4279 703 4330 virtute
746 4279 887 4344 loqui
935 4276 1096 4345 facile
1138 4287 1252 4339 est;
1291 4286 1343 4327 at
1382 4278 1549 4329 vivere
1590 4283 1753 4337 recte,

170 4348 259 4399 hoc
287 4364 450 4417 opus,
480 4348 567 4400 hic
596 4348 748 4400 labor
769 4358 867 4402 est.

240 4413 343 4473 181
376 4417 817 4486 Haudquaquam
876 4425 960 4472 est
1022 4415 1231 4471 homini
1276 4416 1453 4471 virtus
1499 4413 1750 4469 mercede

170 4489 425 4542 colenda.
463 4488 729 4542 Mercedis
761 4488 872 4542 sola
901 4496 987 4541 est
1011 4502 1134 4539 nam
1165 4487 1300 4542 satis
1331 4488 1448 4557 ipsa
1479 4486 1606 4540 sibi.

240 4559 347 4613 185
378 4557 707 4628 Objurgatio
739 4557 964 4626 improbi
987 4557 1296 4610 sacerdotis.

240 4629 346 4682 186
378 4626 823 4699 Deum—quamvis
874 4626 1541 4699 incomprehensibilissit,
1579 4633 1755 4678 tamen

167 4712 221 4750 ιι
244 4710 421 4751 mente
455 4696 611 4751 casta
640 4710 689 4751 et
720 4714 855 4767 pura
884 4698 1058 4751 sedem
1082 4697 1268 4749 habere
1296 4696 1509 4767 gaudet.

162 4838 197 4889 Δ
237 4770 339 4823 187
374 4766 965 4824 Remediumvulneris
1007 4768 1072 4820 ab
1113 4767 1319 4820 auxilio
1360 4766 1539 4820 divino
1577 4776 1757 4835 peten-

196 4856 290 4889 ιιιι
321 4850 431 4889 est.

196 4856 290 4891 uas
321 4850 431 4892 εει.

239 4910 341 4964 188
372 4910 662 4974 Quantum
699 4908 838 4961 inter
880 4906 1015 4978 leges
1058 4907 1266 4960 divinas
1303 4915 1353 4960 et
1383 4906 1643 4960 humanas
1673 4905 1756 4959 in-

158 4982 333 5034 tersit.

234 5052 342 5105 189
379 5048 702 5102 Remedium
729 5056 913 5100 contra
943 5047 1102 5101 iram.

231 5124 340 5177 190
379 5120 693 5188 Castigatio
715 5119 881 5188 animi
906 5117 1035 5171 elati
1058 5119 1113 5170 in
1142 5115 1293 5171 rebus
1320 5115 1579 5170 secundis.

232 5194 257 5243 1
270 5193 331 5243 91
376 5187 593 5244 Contra
615 5187 933 5255 superbiam.

224 5262 332 5314 192
366 5260 457 5314 De
484 5254 739 5328 mysterio
764 5257 1158 5310 Incarnationis
1192 5256 1327 5310 Filii
1358 5254 1477 5309 Dei.

227 5333 338 5387 195
370 5324 758 5399 Turpitudinis
795 5328 1047 5397 suspicio,
1065 5329 1336 5397 judicatio
1378 5338 1427 5380 et
1474 5324 1760 5393 deprehen-

156 5403 451 5477 det-qualis
477 5402 598 5477 sit._
663 5470 675 5477 _
739 5470 750 5477 _
1050 5470 1061 5477 _
1367 5468 1397 5477 ,,
1611 5465 1623 5477 .
1715 5465 1727 5476 .

228 5468 340 5529 194
375 5470 750 5541 Ingratissimi
775 5477 896 5522 sunt
918 5470 1152 5541 omnium
1182 5468 1509 5541 mortalium,
1529 5468 1623 5541 qui
1649 5468 1758 5518 cri-

154 5536 569 5597 uiuntur'eos
590 5543 779 5609 quibus
804 5542 1031 5609 gratiam
1061 5539 1248 5609 habere
1276 5536 1629 5609 conveniebat.

228 5614 341 5667 195
376 5614 570 5682 Neque
598 5605 779 5663 omnia
804 5605 967 5682 neque
995 5609 1142 5661 nulla
1193 5606 1390 5682 Vete_ris
1419 5605 1758 5682 ⁸Τεηςιιιηιςιξιί

164 5682 311 5735 dicta
347 5685 419 5737 de
463 5676 685 5737 Christo
735 5676 970 5734 accivere
1027 5689 1250 5749 oportet.
1287 5679 1483 5747 Confer
1527 5694 1609 5746 ep.
1654 5676 1758 5729 55!)

169 5752 263 5805 lib.
286 5769 348 5806 ιιι
375 5764 424 5807 et
455 5753 553 5805 lib.
585 5768 663 5805 ιγ.

250 5822 351 5876 196
386 5823 780 5878 Testamentum
843 5823 896 5873 in
962 5821 1128 5873 sacris
1197 5819 1413 5876 Litteris
1491 5819 1756 5890 significat

492 5918 767 5979 PsmOL.
795 5905 926 5976 'Gn.
973 5914 1290 5975 LXXVIII.

3334 375 3436 447 138

1857 498 2075 562 pactam
2098 488 2202 541 sive
2235 487 2669 562 promissionem,
2702 497 2759 562 et
2789 503 2975 558 quare,
3018 490 3125 545 sive
3162 491 3227 544 de
3275 491 3438 562 diffe-

1857 558 2027 611 rentia
2059 558 2199 609 intcr
2231 557 2504 625 συνθήκας
2533 569 2581 610 et
2608 557 2891 626 διαθήκας.

1930 627 2035 681 197
2068 627 2485 695 Dejudiciorum
2514 629 2855 694 perversitate
2880 638 2927 682 et
2963 632 3230 685 socordia.

1930 698 2034 751 198
2064 696 2293 768 Regnum
2324 697 2523 749 Christi
2560 698 2733 750 simile
2760 716 2926 768 grano
2951 702 3175 768 sinapis.

1922 768 2027 821 199
2057 766 2409 842 Comminatio
2442 784 2738 842 poenarum,
2764 766 2886 837 qua:
2926 766 3163 839 improbo
3193 774 3437 842 episcopo

1857 838 2215 918 impendeant.
2261 838 2506 907 indignos
2540 840 2611 890 ad
2654 854 2867 892 sacrum
2916 838 3269 895 ministerium
3316 838 3441 911 pro-

1856 918 2102 960 moventi.

1927 978 2033 1053 200
2062 976 2265 1053 impius
2288 979 2535 1053 sacerdos
2557 996 2661 1032 non
2690 988 2803 1053 tam,
2827 981 3125 1036 sacerdotio
3155 999 3252 1035 suo
3271 1001 3439 1053 quam

1857 1048 1957 1120 sibi
1991 1048 2093 1116 ipsi
2139 1057 2308 1100 nocet.
2353 1049 2466 1102 Nec
2510 1063 2721 1117 propter
2760 1052 2889 1103 vitia
2941 1048 3291 1120 personarum
3328 1055 3438 1120 ipse

1856 1118 1987 1169 ordo
2018 1134 2107 1170 seu
2147 1134 2335 1170 munus
2378 1121 2431 1172 in
2479 1121 2675 1173 crimen
2715 1123 2893 1174 vocari
2941 1118 3118 1176 debet.
3172 1118 3440 1177 Sacerdou

1857 1188 1988 1239 tium
2016 1190 2184 1262 magis
2222 1201 2298 1240 est
2344 1189 2657 1260 λειτουργία
2686 1208 2845 1262 quant
2885 1192 3046 1259 ἀξία,
3089 1196 3259 1262 magis
3303 1211 3437 1250 onus

1854 1274 2014 1326 quam
2039 1257 2221 1311 honos.

1926 1327 2025 1406 201
2075 1327 2252 1406 Ilii-tus
2293 1338 2369 1406 est
2414 1330 2588 1383 instar
2638 1330 3008 1398 fundamenti;
3052 1333 3224 1401 logica
3270 1351 3435 1387 orna-

1857 1399 2017 1471 menti
2048 1398 2379 1471 philosophia
2425 1417 2515 1471 seu
2557 1417 2733 1471 rerum
2767 1398 3139 1471 contemplatio
3168 1406 3436 1458 coronidis

1857 1467 1971 1549 loco
2012 1478 2067 1548 et.
2098 1468 2302 1549 fastigii
2344 1470 2571 1525 accedit.
2613 1466 2743 1525 Sola
2791 1466 2981 1526 autent
3011 1476 3180 1543 pietas
3227 1478 3439 1545 proprie

1855 1548 1930 1589 est
1953 1548 2217 1605 sapientia
2242 1555 2386 1593 vera.

1927 1607 2033 1682 202
2070 1607 2233 1682 Venia
2273 1617 2350 1661 est
2390 1621 2725 1677 peccatorum
2749 1633 2769 1680 ,-
2818 1611 2937 1665 laus
2981 1622 3032 1665 et
3074 1612 3248 1682 gloria
3298 1624 3438 1669 recte

1858 1676 2015 1746 factis
2044 1678 2279 1731 debetur.

1931 1748 2038 1801 205
2066 1747 2367 1816 lucrepatio
2417 1748 2648 1818 hominis
2709 1750 2972 1818 improbi,
3026 1754 3440 1809 comminatione

1862 1819 2028 1891 divini
2053 1818 2268 1891 judicii,
2300 1818 2438 1891 quod
2460 1817 2628 1891 VPlato
2662 1817 2863 1890 quoque
2892 1825 3130 1891 agnovit.

1933 1887 2039 1941 204
2070 1889 2429 1959 Curjucunda
2449 1888 2698 1942 libentius
2725 1887 2883 1959 quam
2907 1887 3096 1945 idonea
3121 1893 3434 1947 audiantur.

2063 1958 2378 2035 Obiurgatio
2417 1958 2641 2035 improbi
2674 1958 2743 2013 ac
2767 1963 2962 2035 perditi
2997 1964 3313 2030 sacerdotis,
3347 1965 3440 2035 qui

1860 2028 2061 2084 nullam
2086 2046 2195 2081 sua:
2220 2030 2495 2098 dignitatis
2528 2028 2787 2083 rationem
2816 2032 2990 2085 habet.

1929 2098 2035 2152 206
2068 2098 2259 2151 Rerum
2290 2098 2767 2165 pulcherrimarum
2792 2100 3055 2157 laudatio.

1925 2168 2029 2222 207
2055 2168 2228 2222 Justis
2251 2168 2422 2236 judex
2456 2170 2573 2238 quis
2601 2173 2686 2224 sit.

1927 2239 2031 2293 208
2057 2239 2255 2292 Contra
2276 2240 2581 2312 sacerdotes
2618 2241 2708 2308 qui
2751 2242 2911 2295 aliter
2934 2243 3113 2297 vivunt
3142 2259 3305 2312 quam
3336 2244 3436 2298 do-

1861 2323 1998 2371 cent,
2031 2318 2244 2379 quanta:
2269 2309 2388 2361 illos
2421 2325 2587 2377 paena:
2615 2324 2885 2367 maneant.

1931 2379 2046 2457 209_
2074 2379 2343 2457 Quantum
2371 2396 2403 2431 a
2437 2381 2641 2433 vitiosis
2668 2382 3027 2443 sacerdotibus
3064 2383 3196 2436 mali
3231 2384 3437 2457 impar.

1859 2460 1999 2504 tetur
2028 2451 2082 2503 in
2110 2451 2267 2502 vitam
2294 2448 2601 2504 humanam.

1931 2519 2037 2573 210
2073 2518 2309 2572 Modesto
2359 2531 2565 2596 recusat
2592 2521 2806 2596 _nimias
2854 2522 3072 2592 laudes,
3129 2541 3248 2596 qua:
3288 2525 3437 2580 oneri

1858 2607 1970 2645 esse
1993 2598 2366 2642 consueverunt
2398 2589 2651 2646 laudatis.

1920 2661 1983 2715 21
1997 2661 2019 2734 _I
2066 2659 2254 2734 Divina
2297 2663 2547 2728 mysteria
2585 2677 2703 2714 cum
2734 2663 2970 2734 indignis
3000 2681 3104 2718 non
3126 2674 3252 2719 sunt
3289 2682 3436 2720 cont-

1860 2730 2201 2782 municanda.

1931 2801 2037 2852 212
2071 2799 2147 2852 De
2187 2809 2415 2868 tempore
2458 2802 2861 2855 resurrectionis
2907 2801 3113 2859 Christi
3162 2805 3439 2860 triduano.

1860 2869 2165 2989 Conferl'fp.
2199 2869 2297 2921 114
2321 2871 2413 2924 lib.
2447 2887 2485 2952 ι.

1930 2941 2033 2989 215
2116 2939 2243 2989 alsit:
2268 2951 2422 2989 ataue
2448 2957 2485 2989 ιι

1930 2941 2033 2993 215
2067 2939 2243 2991 Falsa:
2268 2951 2422 3009 atque
2448 2941 2621 2993 inanis
2646 2942 2920 3009 sapientia:
2962 2943 3291 2997 ethnicorum
3316 2955 3439 2997 cum

1860 3026 1980 3073 vera
2007 3026 2069 3062 ac
2084 3011 2319 3081 simplici
2346 3010 2771 3065 Christianorum
2799 3015 3147 3081 comparatio.

1933 3081 2037 3133 214
2072 3079 2415 3151 [ξιεεηιοδμηα
2440 3082 2705 3151 quomodo
2739 3079 2938 3135 danda.

1932 3151 2039 3222 215
2067 3150 2291 3222 Gravius
2334 3150 2545 3218 peccat,
2596 3153 2688 3222 qui
2741 3152 3173 3219 persuasionibus
3230 3152 3440 3207 inducit

1863 3220 2094 3289 puellam
2126 3221 2261 3293 utin
2289 3233 2532 3290 stuprum
2565 3220 2878 3287 censentiat,
2908 3240 3067 3293 quam
3096 3224 3187 3293 qui
3230 3225 3280 3278 vi
3318 3240 3439 3278 eant

1855 3292 2238 3359 compresserit.

1924 3360 2031 3415 216
2059 3359 2221 3420 Deum
2260 3360 2464 3432 politici
2511 3360 2717 3415 ordinis
2761 3362 2815 3415 in
2851 3378 3033 3432 genere
3071 3362 3302 3416 humano
3335 3379 3437 3415 ana

1855 3439 2051 3483 ctorent
2086 3446 2216 3492 esse,
2248 3430 2457 3484 tametsi
2480 3430 3049 3503 nonnunquamimalos
3085 3432 3437 3500 magistratus

1860 3517 1964 3556 non
1998 3510 2102 3552 tam
2133 3502 2337 3555 ordinet
2372 3517 2530 3570 quant
2561 3506 2852 3569 permittat.

1927 3570 2031 3623 217
2058 3572 2361 3624 Admonitio
2397 3572 2460 3623 de
2504 3572 2719 3625 vitanda
2768 3572 3034 3641 injustitia
3084 3579 3225 3629 metu
3256 3588 3423 3641 paena:

1855 3641 2108 3695 divinitus
2139 3641 2459 3710 inﬂigendte.

1922 3712 2031 3783 218
2065 3710 2258 3783 Omnia
2299 3712 2432 3763 bona
2474 3713 2662 3767 divince
2701 3714 2890 3783 gratia:
2931 3716 3242 3779 ascribenrta
3292 3727 3435 3771 sunt.

1929 3781 2035 3854 219
2065 3781 2374 3854 Admonitio
2403 3783 2467 3854 de
2494 3800 2597 3836 non
2626 3781 2940 3854 ulciscendis
2969 3787 3204 3854 injuriis,
3225 3788 3439 3841 etiamsi

1858 3851 2101 3973 faculzltplz
2140 3852 2282 3904 adsit
2322 3853 2647 3908 vindicandi.
2691 3853 2887 3924 Confer
2916 3851 3066 3923 epist.
3107 3858 3163 3910 11
3194 3858 3287 3911 lib.
3324 3873 3361 3922 I,
3388 3866 3439 3910 et

1858 3938 1937 3973 eo.
2053 3940 2067 3973 i
2109 3960 2124 3973 .
2161 3937 2243 3973 ιιι.
2754 3966 2757 3967 ν

1856 3938 1937 3990 ep.
1980 3937 1997 3973 ι
2028 3937 2124 3973 tio.
2161 3937 2243 3975 ιιι.
2754 3966 2757 3967 ,

1926 3993 2032 4064 220
2062 3990 2148 4064 Ex
2216 3992 2488 4064 laudibus,
2543 4010 2660 4064 qua:
2693 3995 2820 4048 viris
2867 3997 3015 4049 bonis
3061 3995 3434 4060 ascribuntur,

1858 4063 2051 4128 triplex
2085 4063 2193 4128 fere
2222 4063 2431 4116 utilitas
2464 4063 2653 4118 oritur.

1927 4132 2031 4205 221
2069 4132 2144 4205 De
2185 4133 2519 4205 improbitate
2567 4132 2782 4189 Eusebii
2838 4153 2930 4205 per
2972 4136 3311 4202 antiphrasin
3357 4138 3437 4192 sic

1857 4202 2133 4277 appellati,
2156 4203 2306 4277 Aquod
2329 4220 2433 4256 non
2463 4217 2713 4277 perpetuo
2744 4202 2953 4274 impune
2977 4208 3024 4259 ei
3056 4211 3123 4260 sit
3151 4207 3358 4277 futura.

1887 4273 2033 4353 .222
2072 4273 2393 4353 Qeilenitas
2434 4273 2504 4329 ad
2542 4273 2901 4345 pamitentiant
2935 4287 2985 4331 et
3022 4273 3161 4335 vittc'
3187 4277 3439 4331 emenda-

1858 4345 2047 4395 tionem
2082 4345 2290 4395 invitat.

1926 4412 2033 4465 225
2062 4412 2418 4486 Exaggeratio
2459 4415 2841 4486 suppliciorum
2877 4418 2934 4470 in
2969 4427 3201 4472 extremo
3225 4415 3435 4486 judicio

1857 4483 2261 4560 irrogandorum
2313 4503 2347 4539 a
2405 4483 2746 4540 multitudine
2805 4499 3163 4557 spectatorum
3210 4483 3261 4542 et
3307 4504 3435 4541 cou-

1856 4569 2103 4606 διίοηιηι.

1929 4622 2036 4676 224
2065 4623 2142 4677 De
2179 4624 2381 4677 invidia
2412 4625 2608 4679 viribus
2645 4627 2931 4692 prudenter
2957 4627 3254 4683 toleranda.

1927 4691 2033 4746 225
2067 4694 2173 4747 Deo
2200 4698 2373 4748 omnis
2414 4708 2551 4750 recte
2591 4691 2849 4764 factorum
2880 4698 2998 4752 laus
3032 4699 3435 4757 transcribenda

1858 4771 1955 4835 est,
1980 4780 2074 4835 nec
2103 4766 2330 4834 propriis
2348 4766 2543 4819 viribus
2582 4768 2973 4835 conﬁdendum.

1932 4834 2037 4910 226
2068 4836 2143 4910 Ab
2174 4836 2427 4903 improbis
2455 4834 2743 4908 vituperari
2771 4849 2821 4893 et
2850 4841 3095 4910 infestari
3123 4856 3324 4900 certum
3355 4858 3434 4906 est

1860 4904 2140 4974 probitatis
2164 4904 2575 4974 argumentumﬁ
2854 4904 2855 4907 1
2908 4904 2919 4910 ⁷
3124 4961 3134 4973 ,
3354 4912 3355 4915 ¹

2071 4973 2341 5051 _Vt'rtuten_t_
2366 4977 2616 5051 honorari
2638 4980 2889 5034 lattantur
2908 4985 3078 5051 probi.

1930 5043 2038 5125 228
2060 5045 2259 5125 Contra
2286 5046 2684 5115 divinationem,
2716 5067 2835 5120 qua:
2865 5043 3058 5123 magno
3088 5055 3229 5125 apud
3256 5058 3435 5119 ethnir-

1862 5131 1947 5195 eos
1974 5117 2029 5195 in
2051 5117 2217 5195 pretio
2243 5127 2380 5195 erat,
2422 5134 2541 5171 cum
2581 5117 2757 5195 tamen
2790 5134 2921 5195 esset
2940 5117 3425 5195 rvplena'nugarum.

1792 5206 1795 5207 ν
1865 5184 2240 5258 Testimonium
2271 5186 2334 5239 ab
2361 5188 2507 5243 hoste
2535 5190 2823 5258 plurimum
2854 5184 3006 5248 habet
3030 5184 3390 5253 auctoritatis.

2075 5254 2329 5331 _Veritatis_
2348 5254 2582 5331 desertor
2610 5260 2809 5331 malum
2840 5264 2970 5331 facit
2991 5268 3215 5322 exitum.

2063 5325 2363 5399 increpatio
2396 5330 2663 5383 hominum
2698 5324 3098 5399 Epicureorum.

2063 5395 2400 5473 Collaudatio
2432 5399 2667 5473 hominis
2686 5394 2878 5458 virtute
2899 5407 3135 5473 praediti.

2062 5467 2135 5539 De
2160 5485 2281 5521 vera
2303 5468 2528 5539 ﬁctaque
2551 5472 2824 5527 modestia.

1930 5535 2328 5612 255Αιιανίιέιῂ
2373 5535 2672 5607 descriptio,
2717 5552 2967 5612 tanquam
3020 5545 3344 5603 insatiabilis
3378 5555 3430 5603 et

1860 5607 2212 5686 crudelissimi
2235 5610 2520 5686 cujusdam
2558 5614 2800 5678 monstri,
2821 5607 2905 5668 "vel
2929 5616 3132 5686 hydra’,
3162 5618 3240 5673 vel
3271 5618 3434 5673 Bria‘

1862 5678 1956 5748 rei.
2009 5679 2086 5730 vel
2122 5673 2333 5748 δξυιιτὲ.

1931 5746 2265 5873 251(Coptra
2314 5768 2424 5824 eos,
2464 5753 2553 5823 qui
2601 5752 2954 5810 sacerdotium
3000 5757 3053 5810 in
3102 5759 3434 5829 tyrannidem

1931 5834 2045 5872 ttt‘t’t'
2069 5837 2134 5873 un
2169 5861 2183 5873 .

1861 5834 2183 5876 convertunt.

3039 5923 3079 5984 ὅ
