3924 6416
232 377 312 443 ut
987 362 996 375 ‘
1334 364 2138 439 PROLEGOMENA'EDIT.
2182 374 2427 435 PARIS.

284 494 373 548 297
398 492 701 561 Increpatio
729 492 958 547 hominis
978 508 1133 562 super
1156 491 1325 545 illatis
1361 490 1688 544 contumeliis
1714 504 1779 543 ea:

225 565 479 618 intervallo
508 564 863 633 indignantis,
906 579 1035 632 quos
1074 573 1248 633 tamen
1270 561 1396 614 dum
1432 561 1777 633 inferrentur,

224 636 459 703 patienter
512 631 681 687 tulit:
716 641 767 686 et
796 631 1097 687 exhortatio
1133 632 1202 684 ad
1240 631 1686 703 perseverantiam
1726 631 1781 683 in

224 701 473 773 patienter,
490 704 724 772 ferendis
755 704 1112 771 improborum
1141 701 1497 755 contumeliis.

294 774 391 827 298
426 770 677 827 Hominis
721 770 978 841 ﬂagitiosi
1010 773 1336 842 objurgatio,
1363 780 1413 824 et
1443 770 1513 823 ad
1534 771 1784 824 virtutem

231 843 483 898 colendam
514 845 796 897 revocatio.

283 913 382 968 299
410 914 605 978 Qualis
631 914 694 966 de
720 913 829 966 Deo
850 912 1095 967 doctrina
1125 921 1173 965 et
1202 910 1333 980 ﬁdes
1361 908 1660 965 necessaria
1694 908 1782 973 sit,

220 995 263 1038 et
282 985 330 1035 in
354 986 525 1037 sacris
550 982 767 1037 Litteris
794 984 987 1052 ubique
1014 982 1330 1052 inculcetur.

279 1054 380 1108 500
410 1052 480 1105 Et
520 1054 691 1106 omnis
720 1052 833 1105 alia
860 1048 949 1106 ars
987 1062 1035 1105 et
1064 1052 1119 1104 in
1146 1051 1331 1120 primis
1376 1050 1542 1102 virtus
1566 1048 1784 1120 crebris

220 1123 466 1179 exercitiis
500 1134 616 1176 tum
667 1132 910 1191 paratur,
958 1131 1067 1174 tum
1098 1130 1363 1191 servatur,
1389 1119 1631 1191 socordia
1668 1133 1786 1171 vero

221 1194 620 1265 uegligentiaque
647 1188 937 1246 amittitur.
972 1190 1189 1260 Confer.
1231 1206 1313 1259 ep.
1344 1188 1412 1244 96
1433 1188 1527 1242 lib.
1560 1203 1643 1242 ιιι.

481 1302 944 1358 ΑΒΟΗΜΕΝΤΑ
982 1301 1187 1356 LIBRI
1225 1299 1503 1355 TERTII.

280 1398 462 1453 EPIST.
499 1399 527 1451 1
574 1397 881 1450 Admonitio
914 1396 1140 1449 hominis
1184 1394 1455 1462 proﬂigati
1484 1409 1546 1445 ac
1572 1394 1785 1462 perditi.

217 1480 267 1522 et
285 1470 359 1523 vel
379 1468 658 1522 hominum
685 1482 851 1521 causa
876 1468 924 1521 si
956 1481 1059 1519 non
1088 1465 1186 1519 Dei
1212 1473 1468 1532 respectu,
1493 1463 1561 1517 ad
1584 1464 1788 1533 frugem

216 1541 402 1594 redeat.

276 1610 309 1662 2
342 1606 590 1662 Extremi
614 1606 816 1674 judicii
831 1604 1105 1659 meditatio
1133 1621 1164 1657 a
1196 1604 1418 1675 ﬂagitiis
1444 1618 1789 1674 unumquem-

214 1694 300 1747 que
323 1679 625 1732 absterrere
648 1677 816 1729 debet.

275 1750 306 1804 5
338 1747 523 1813 Etiam
554 1762 676 1800 eum
709 1747 800 1816 qui
828 1762 934 1799 non
967 1754 1144 1815 aperte
1182 1744 1252 1798 sit
1301 1742 1659 1808 adversarius,
1690 1759 1785 1813 pro

214 1820 371 1872 amico
396 1816 721 1871 habendum.

274 1889 305 1941 4
338 1886 524 1943 Stella
547 1887 695 1953 apud
735 1884 1009 1939 Danielem
1033 1892 1083 1939 et
1116 1883 1249 1939 alibi
1284 1883 1342 1938 in
1377 1883 1545 1937 sacris
1566 1880 1784 1937 Litteris

213 1959 326 2023 quid
341 1957 679 2028 significent.

274 2029 306 2081 5
332 2023 581 2081 Ecclesia
614 2028 867 2078 adversus
894 2041 1071 2078 omnes
1099 2024 1274 2077 hostes
1300 2030 1474 2077 manet
1496 2023 1712 2077 invicta.

274 2099 308 2151 6
335 2097 534 2149 Divina
580 2095 879 2149 auctoritas
918 2094 1161 2148 omnibus
1193 2091 1662 2163 probabilitatibus
1689 2109 1786 2148 su-

214 2169 377 2237 perior
409 2176 514 2220 est.

274 2234 303 2291 7
334 2235 565 2306 lnjuria
611 2234 879 2305 quomodo
926 2245 1049 2289 sunt
1090 2232 1341 2304 ferenda.
1375 2232 1571 2303 Confer
1600 2250 1683 2304 ep.
1720 2234 1783 2289 11

216 2307 299 2360 lib.
330 2323 368 2360 ι.

276 2378 308 2431 8
332 2375 562 2430 Mamre
583 2375 767 2443 affecti
789 2374 1031 2428 nonnihil
1058 2374 1318 2433 levantur.
1338 2374 1385 2426 si
1404 2373 1628 2441 querelis
1646 2373 1787 2443 apud

216 2449 397 2500 amicos
430 2462 562 2500 suas
590 2444 947 2509 calamitates,
982 2444 1170 2515 quibus
1216 2453 1505 2513 anguntur,
1541 2453 1788 2513 egerant;

218 2519 425 2584 ideoque
446 2517 717 2584 patienter
738 2515 989 2568 audiendi
1013 2525 1159 2568 sunt.

221 2587 305 2707 ὕδει
334 2582 400 2639 In
428 2582 625 2656 judice
676 2585 805 2654 quid
860 2586 1175 2654 requiratur.
1223 2582 1381 2651 Conf.
1433 2598 1517 2651 ep.
1576 2582 1681 2637 175
1734 2584 1788 2637 h.

326 2673 405 2707 Ill.

282 2727 347 2780 10
384 2724 539 2781 Urim
566 2732 620 2778 et
654 2722 898 2785 thumim,
939 2725 1047 2779 sive
1074 2719 1305 2794 δήλωσις
1344 2723 1437 2774 καὶ
1465 2720 1691 2793 ἀλήθεια
1738 2724 1794 2778 in

220 2806 398 2849 ornatu
429 2795 634 2849 summi
658 2794 952 2864 sacerdotis
981 2794 1109 2864 quid
1136 2794 1422 2864 denotarit:

222 2866 343 2988 ubi!
382 2866 456 2919 De
496 2864 783 2918 mulierum
823 2855 1075 2934 fugiendo
1120 2873 1351 2932 aspectu.
1381 2855 1532 2931 Conf.
1574 2878 1657 2931 ep.
1687 2862 1795 2916 278

288 2977 301 2988 .
334 2953 394 2988 ιι.

288 2977 301 2989 .
334 2953 394 2990 ll.

287 3006 349 3060 i2
378 3005 461 3058 An
492 3005 653 3058 etiam
685 3004 877 3057 mulier
911 3010 1082 3071 peccet
1118 3001 1401 3071 libidinoso
1429 3002 1531 3054 viri
1554 3011 1790 3071 aspectu.

232 3073 360 3129 Viris
381 3077 513 3128 data
540 3085 806 3143 pracepta
822 3088 978 3142 sape,
1002 3083 1049 3125 et
1078 3070 1393 3142 regulariter
1409 3071 1616 3140 quidem
1631 3074 1795 3127 etiam

225 3145 287 3197 ad
312 3146 554 3198 mulieres
590 3146 871 3212 pertinent.

290 3216 355 3269 15
378 3215 453 3268 De
490 3208 692 3281 legibus
727 3213 919 3267 divinis
954 3212 1154 3282 partim
1189 3208 1551 3265 communibus
1586 3210 1793 3281 utrique

225 3286 386 3349 sexui,
424 3286 627 3348 partim
658 3284 888 3353 propriis
922 3282 1193 3353 alterutri.

290 3355 356 3425 14
385 3353 526 3425 Περὶ
550 3350 892 3425 ὀνείρωὴμοῦ
929 3352 1161 3425 βαρείας
1193 3350 1478 3425 ἀπολογία.

286 3424 355 3477 15
389 3423 681 3477 Peccatum
712 3423 1052 3493 exdignitate
1076 3423 1341 3490 peccantis
1369 3429 1590 3491 augetur
1614 3437 1800 3475 secun-

221 3492 338 3546 dum
370 3494 509 3547 illud
541 3504 711 3561 poeta
732 3509 751 3547 :

283 3583 458 3640 Omne
488 3585 661 3639 animi
695 3584 892 3638 vitium
922 3590 1078 3638 tanto
1100 3582 1450 3651 conspectius
1479 3582 1532 3636 in
1566 3598 1625 3638 se

280 3656 506 3711 Crimen
543 3657 730 3720 habet,
761 3664 972 3724 quanto
994 3654 1171 3724 major
1196 3655 1291 3722 qui
1328 3662 1517 3722 peccat
1547 3652 1795 3708 habetur.

281 3746 449 3816 Conf.
478 3764 564 3817 ep.
590 3748 688 3802 121
726 3748 817 3805 lib.
857 3767 897 3804 ι.

281 3818 352 3871 16
380 3814 617 3873 Pietatis
674 3835 982 3875 mensuram
1022 3818 1289 3872 continent
1334 3814 1547 3870 animus
1588 3824 1638 3869 et
1664 3816 1798 3870 vires

214 3888 405 3956 aferen
415 3892 509 3941 tis.

212 3954 351 4081 ὦ
385 3958 459 4080 1::
486 3975 577 4012 eos
622 3960 715 4029 qui
743 3958 1043 4013 sacerdotia
1088 3959 1323 4028 pecuniis
1355 3959 1435 4011 vel
1493 3963 1669 4010 emunt
1720 3954 1801 4009 vel

342 4045 415 4080 un
447 4066 465 4081 .

342 4039 465 4081 unt.

281 4098 348 4168 l8
379 4096 449 4150 in
480 4098 681 4153 deitate
718 4097 852 4152 nihil
877 4098 1025 4167 prius
1056 4107 1148 4151 aut
1180 4096 1442 4168 posterius
1476 4104 1573 4150 est.
1604 4093 1801 4165 Confer

206 4182 289 4234 ep.
322 4166 397 4240 _65_
418 4168 487 4240 h.‘
512 4168 607 4221 lib.
628 4180 680 4222 et
708 4168 1015 4240 Symbolum
1042 4168 1338 4240 Athanasii.

278 4238 348 4291 19
367 4237 557 4291 Judai
587 4253 652 4291 es:
684 4234 1025 4304 ips'orummet
1063 4238 1407 4304 scriptoribus
1427 4277 1443 4299 ,
1485 4234 1711 4304 Philone
1750 4243 1800 4288 et

206 4305 471 4377 {osephm
499 4307 881 4375 refutandin
915 4308 1055 4377 quod
1085 4310 1339 4377 praclare
1358 4306 1604 4377 prastitit
1634 4303 1796 4358 Joan.

209 4372 631 4447 Chrysostomus
666 4380 723 4432 in
748 4378 898 4432 libris
927 4372 1132 4433 Contra
1167 4372 1407 4431 Judaos.
1440 4376 1632 4445 Confer
1645 4376 1797 4441 epist.

210 4444 419 4501 Isidori
455 4448 549 4501 lib.
588 4461 661 4500 tv.

277 4515 685 4571 EOSacerdotii
732 4533 941 4571 summa
1004 4516 1255 4587 dignitas.
1288 4515 1483 4585 Confer
1524 4514 1797 4585 Ignatium

206 4601 390 4641 φη...

282 4656 345 4726 ei
393 4653 581 4725 Major
607 4671 765 4726 seges
788 4666 917 4711 sunt
940 4656 1127 4725 gloria:
1150 4656 1409 4723 pericula.

279 4720 587 4778 22Anima
631 4720 751 4794 jam
784 4726 878 4779 diu
920 4720 1073 4781 salva
1114 4720 1215 4789 est,
1264 4725 1502 4795 quandiu
1547 4720 1799 4791 prasidio

207 4794 393 4848 dicina
421 4796 642 4864 inunita
666 4797 849 4864 fuerit.

282 4864 356 4917 25
397 4863 609 4919 Contra
663 4862 1027 4932 corruptorem
1054 4881 1116 4917 ac
1141 4863 1540 4918 sollicitatorem
1572 4862 1758 4915 animi.

280 4935 355 5016 ἣ
386 4936 643 5016 Avaritia
669 4938 725 4988 in
752 4935 912 5016 herba
934 4934 1316 5016 exstinguenda
1350 4943 1450 4997 est,
1472 4943 1521 4986 et
1543 4933 1800 4986 radicitus

206 5004 573 5071 exstirpanda
593 5006 705 5058 hac
730 5009 993 5058 malorum
1014 5004 1191 5058 radix.

288 5070 389 5128 ‘25
429 5074 630 5128 Omnia
675 5074 744 5127 ad
784 5074 1037 5128 Ecclesia
1086 5072 1491 5143 adiﬁcationem
1524 5070 1801 5141 dirigenda

207 5153 337 5195 sunt
354 5145 542 5211 potius
572 5160 735 5211 quam
761 5145 828 5197 ad
861 5153 1097 5199 nostram
1123 5144 1367 5211 gloriam.

282 5209 364 5267 26—
386 5209 739 5267 Providentia
772 5217 1031 5269 asseritur
1061 5230 1080 5267 :
1106 5209 1276 5282 fatum
1328 5212 1610 5282 refellitur.
1639 5209 1797 5277 Conf.

212 5281 309 5336 lib.
352 5299 396 5338 ιι
421 5284 583 5353 epist.
610 5281 732 5338 157.

282 5352 359 5409 27
386 5347 469 5407 De
495 5361 841 5408 sacrosancta
870 5363 920 5408 et
940 5353 1215 5408 individua
1241 5352 1519 5407 Trinitate.
1552 5347 1603 5403 Ν
1608 5359 1698 5403 ota
1721 5349 1803 5401 hic

219 5424 468 5491 regulam
522 5424 840 5477 catholicam
908 5434 1096 5477 contra
1176 5425 1349 5478 varios
1413 5422 1686 5475 hareticos
1752 5427 1802 5471 et

219 5490 467 5563 Judaos.
498 5493 701 5562 Confer
735 5510 816 5563 ep.
851 5494 956 5547 “2
981 5494 1191 5563 infrah.
1224 5494 1316 5546 lib.

291 5562 368 5615 28
398 5563 486 5616 Ea:
514 5558 677 5618 cert—is
700 5558 961 5633 judicium
993 5558 1263 5632 ferendum
1300 5563 1365 5618 de
1395 5562 1629 5616 incertis.
1663 5558 1805 5613 Nota

229 5634 615 5758 opggrgqultgn
638 5634 854 5756 iudicii,
880 5634 1101 5758 :tdc‘onf‘.
1122 5650 1203 5703 ep.
1227 5634 1297 5688 97
1323 5633 1416 5687 lib.
1451 5648 1509 5685 ιι.

298 5742 329 5754 -
466 5719 539 5756 mi
619 5720 876 5758 stmtiaa
952 5720 1076 5758 e.e

298 5719 368 5756 zu
404 5719 592 5758 mmue
619 5719 784 5757 stmm
811 5719 1025 5775 gaudet,
1050 5720 1076 5758 e

340 5789 595 5853 Nascitur
621 5811 689 5853 es
716 5797 867 5855 socio
899 5796 991 5867 qui
1018 5812 1128 5853 non
1160 5796 1505 5869 cognoscitur
1526 5812 1590 5853 ex
1620 5811 1695 5852 se.

3355 373 3455 442 142

1952 487 2023 542 50
2051 486 2195 568 .Vere
2224 488 2459 558 gloriosa
2496 486 2717 540 victoria
2739 495 2837 551 est,
2867 486 3053 539 virtute
3072 491 3458 553 prastantissi-

1888 574 1999 611 mos
2014 573 2231 611 υιηεετε.

1948 628 2008 681 51
2048 626 2200 691 Quod
2233 625 2408 679 Filius
2454 624 2551 679 Dei
2583 642 2685 679 non
2721 626 2789 677 sit
2815 634 3061 678 creatura
3089 635 3275 680 contra
3300 628 3459 685 Aria-

1883 714 2000 752 nos.
2028 696 2225 765 Confer
2243 696 2408 763 ep.58
2436 697 2484 748 h.
2507 694 2624 758 lib.,
2644 705 2693 748 et
2725 695 3003 763 Augustini
3035 712 3117 763 ep.
3148 696 3273 749 174.
3308 697 3459 754 Nota

1883 769 1967 849 hic
2003 767 2091 889 dad
2159 782 2311 837 quem
2347 766 2585 835 judicem
2629 766 3103 819 controversiarum
3146 768 3216 819 sit
3267 770 3457 839 confu-

1884 854 1999 889 aien
2043 854 2150 889 um.

1920 854 2150 891 tenaum.

1884 855 2349 961 g'eggﬁmdinonitio
2362 903 2796 979 saluberrimade
2814 905 3112 979 deponendo
3131 902 3460 979 cavendoque

1885 987 2051 1044 fastu,
2076 984 2311 1059 respectu
2336 984 2384 1059 et
2409 974 2826 1028 consideratione
2850 976 3169 1043 fragilitatis
3211 974 3461 1035 humana

1885 1056 1935 1100 et
1973 1047 2221 1112 potentia
2250 1047 2459 1098 divina.

1924 1117 2029 1198 .53
2066 1114 2278 1198 Peccati
2308 1114 2542 1198 gravitas
2589 1114 2832 1180 plumbea
2866 1116 3014 1198 gpud
3046 1114 3367 1173 Zachariam
3402 1120 3461 1174 in

1886 1187 2084 1241 visione
2115 1183 2417 1254 prophetica
2443 1194 2675 1247 ostensa,
2711 1201 2756 1237 c.
2790 1201 2840 1244 ν.
2866 1183 2915 1236 7.

1953 1255 2024 1309 5b
2042 1256 2269 1326 Ambitio
2290 1256 2506 1326 vitanda
2530 1263 2629 1318 est,
2654 1263 2704 1308 et
2740 1254 2839 1307 Dei
2867 1255 3042 1321 potius
3078 1273 3233 1326 quam
3264 1268 3462 1314 nostra

1885 1324 2411 1397 gloria_studendum
2432 1332 2531 1397 est.

1957 1396 2025 1449 55
2057 1394 2135 1449 De
2160 1394 2541 1466 Charemonis,
2564 1390 2765 1447 Zosimi
2791 1402 2839 1447 et
2862 1391 3102 1450 Maronis
3125 1396 3462 1466 improbitate

1888 1464 2261 1533 propemodum
2290 1464 2588 1532 deplorata.

1960 1532 2172 1605 36lpsa
2218 1534 2439 1605 quidem
2489 1543 2575 1589 est
2612 1532 2787 1589 virtus
2831 1533 3049 1588 sibimet
3096 1535 3464 1605 pulcherrima

3211 1622 3422 1663 merces
3444 1621 3460 1662 2

1960 1673 2214 1747 Magnum
2239 1682 2418 1747 autem
2452 1672 3123 1747 improbitasusuppiicium
3151 1605 3423 1747 ibgz‘iegﬁfis.

1960 1689 2214 1799 magnum
2239 1689 2418 1728 autem
2452 1689 2770 1742 Impromtas
2800 1689 3123 1743 supplicium
3151 1692 3267 1747 Ipsa
3296 1689 3423 1732 sum.

1960 1746 2029 1800 57
2096 1745 2326 1815 ocratica
2353 1743 2656 1815 insectatio
2693 1742 3118 1815 philosophorum
3144 1785 3160 1812 ,
3210 1747 3321 1815 qui,
3375 1763 3467 1801 ne-

1892 1814 2079 1886 glectis
2124 1812 2481 1883 dogmatibus,
2524 1813 2753 1886 quand
2812 1830 2980 1886 mores
3020 1813 3179 1869 bonos
3220 1812 3467 1886 faciunt;

1892 1883 2005 1939 iota
2034 1885 2139 1938 vita
2187 1892 2515 1952 occupantur
2550 1883 2605 1936 in
2657 1883 2725 1936 iis
2778 1883 3182 1939 obscuritatibus
3220 1883 3464 1952 natura,

1886 1970 2142 2025 quarnec
2182 1954 2352 2025 ullum
2400 1953 2601 2025 exitum
2638 1962 2872 2025 et_usum
2938 1955 3188 2025 exiguum
3250 1955 3463 2011 habent.

1889 2020 2087 2092 Confer
2111 2025 2263 2092 epist.
2284 2024 2355 2079 9'5
2384 2022 2572 2086 ει100,
2608 2031 2658 2076 et
2685 2020 2981 2077 Philonem.
3027 2020 3047 2063 '-

1954 2092 2025 2149 58
2060 2093 2134 2148 De
2163 2093 2309 2147 luctu
2340 2095 2397 2147 in
2433 2092 2656 2159 publicis
2691 2093 3012 2163 privatisque
3041 2093 3462 2152 calamitatibus.

1957 2165 2026 2221 59
2064 2163 2322 2219 Homines
2372 2163 2567 2231 impuri
2598 2172 2647 2216 et
2690 2161 2935 2231 improbi
2962 2164 3025 2217 de
3070 2163 3222 2219 rebus
3270 2167 3466 2222 divinis

1888 2232 2143 2357 dtislstlz’rcre
2166 2250 2269 2289 non
2296 2233 2501 2287 debent.
2539 2232 2733 2302 Confer
2758 2247 2839 2301 ep.
2872 2232 2962 2298 49,
2993 2234 3162 2302 infra,
3188 2236 3241 2288 h.
3276 2236 3370 2290 lib.
3404 2254 3466 2292 ιιι

1888 2321 1917 2357 ε
1983 2321 1999 2357 ι
2044 2346 2057 2357 .
2092 2322 2166 2357 ιν.

1888 2315 1938 2358 et
1961 2315 2057 2359 HD.
2092 2322 2166 2359 IV.

1961 2374 2035 2446 40
2053 2373 2615 2446 _lntegritas__morum
2648 2372 2842 2446 anteitA
2858 2372 3238 2446 eloquentiam.
3270 2372 3467 2446 Confer

1891 2461 1986 2515 ep.
2012 2444 2124 2515 275
2149 2441 2332 2515 εῐ295
2363 2442 2453 2497 lib.
2491 2459 2551 2515 ιι,
2578 2452 2628 2495 et
2657 2458 2739 2515 ep.
2784 2441 2906 2506 120,
2935 2441 3080 2513 infra
3116 2446 3168 2498 It.
3201 2444 3293 2499 lib.

1965 2513 2021 2567 41
2060 2513 2383 2583 Eloquentia
2400 2511 2756 2582 conjungenda
2773 2522 2852 2567 est
2875 2511 3134 2581 suavitas,
3157 2517 3378 2572 comitas
3401 2534 3466 2572 ac

1894 2584 2133 2654 facilitas
2159 2598 2385 2654 morum.
2932 2653 2938 2654 γ
3106 2599 3119 2608 ·

1963 2652 2386 2726 ᾧὲᾲΕιοᾳιιεηιὶα
2429 2668 2553 2726 vera
2608 2653 2988 2726 quanam)“,
3049 2654 3289 2708 videlicet
3348 2668 3468 2726 qua

1895 2724 2061 2777 animi
2088 2738 2241 2778 sensa
2294 2724 2584 2793 perspicuis
2614 2723 2781 2776 verbis
2810 2722 3114 2790 effert;non
3152 2740 3270 2793 qua
3297 2722 3468 2780 subli-

1894 2795 2088 2855 mibus,
2119 2802 2169 2847 et
2195 2791 2392 2861 grande
2414 2791 2601 2861 sophos
2632 2793 2973 2862 spirantibus,
3001 2791 3171 2848 verbis.
3188 2795 3349 2850 etiam
3382 2812 3466 2852 res

1893 2878 1986 2933 per
2015 2862 2354 2933 seidilucidas
2383 2862 2650 2933 obscurat.

1961 2933 2032 2987 45
2060 2932 2285 3002 Invidia
2322 2931 2525 2985 malum
2576 2948 2639 2985 ne
2663 2932 2924 3002 beneﬁciis
2971 2932 3180 3002 quidem
3214 2936 3462 2992 mitescit.

1967 3003 2038 3056 44
2061 3001 2332 3073 Mitigatio
2355 3018 2417 3054 ac
2442 3001 2726 3073 refrenatio
2762 3003 2856 3056 ira
2890 3013 2939 3056 et
2964 3001 3343 3073 indignationis
3369 3008 3469 3062 eid-

1897 3089 2075 3128 versus
2104 3071 2368 3138 improbos
2392 3080 2546 3140 atque
2576 3072 2811 3140 ingratos
2846 3071 3127 3142 concepta.

1968 3143 2040 3197 «i5
2067 3142 2241 3195 Amici
2272 3142 2377 3195 veri
2406 3157 2468 3193 ac
2496 3141 2688 3194 sinceri
2718 3141 2908 3197 imaao.

2117 3157 2240 3195 ιηιει
2272 3158 2377 3195 veri
2406 3157 2468 3193 ac
2496 3157 2688 3194 sinceri
2718 3158 2908 3197 ιηιαιιο.

1971 3158 2040 3197 4:)
2067 3158 2240 3195 amici
2272 3158 2377 3195 veri
2406 3158 2468 3193 ac
2496 3158 2688 3194 sinceri
2718 3158 2908 3211 imago.

1971 3212 2041 3266 46
2074 3210 2208 3266 Cum
2266 3210 2485 3264 muliere
2526 3221 2791 3264 menstruo
2838 3212 2988 3278 fluxu
3036 3209 3310 3268 laborante
3364 3232 3470 3269 non

1900 3280 2596 3351 congrediendum.Confer,
2619 3295 2699 3349 ep.
2722 3280 2817 3333 lib.
2851 3297 2913 3347 ιι,
2941 3290 2990 3335 et
3017 3298 3098 3351 ep.
3130 3283 3229 3337 411
3263 3284 3317 3338 Ιι.
3347 3285 3467 3349 lib.,

1899 3362 1947 3406 et
1976 3350 2157 3420 lib._Iv
2185 3368 2265 3420 ep.
2298 3350 2402 3403 117
2428 3361 2477 3404 et
2508 3350 2629 3403 141.

1960 3422 2030 3474 47
2066 3418 2337 3491 Fugienda
2374 3429 2451 3473 est
2500 3419 3233 3491 improborum‘consuetudo,
3278 3440 3343 3479 ne
3376 3437 3470 3479 aut

1902 3507 1995 3545 nos
2013 3489 2285 3565 ipsisodio
2308 3491 2494 3553 simus,
2533 3500 2623 3543 aut
2652 3491 2754 3559 ipsi
2787 3489 2934 3544 nobis
2968 3494 3245 3549 seandalo.
3276 3495 3470 3565 Confer

1899 3559 2441 3712 epb§9D2.sé‘r'lbanda
2469 3628 2737 3712 modestia
2771 3638 2821 3683 et
2844 3629 3174 3696 humilitate,
3213 3633 3471 3689 cavenda-

1900 3717 1997 3771 que
2030 3699 2273 3771 superbia
2300 3709 2355 3771 et
2374 3699 2537 3771 fastu.

2072 3769 2244 3822 Homo
2266 3770 2483 3844 vitiosus
2506 3769 2569 3822 de
2587 3769 2775 3844 virtute
2802 3786 2866 3844 ne
2876 3771 3136 3844 disputet,
3156 3773 3282 3844 quia
3297 3772 3369 3844 μῦ

1970 3790 2039 3842 ευ
2072 3790 2244 3822 nomo
2266 3790 2483 3822 vitiosus
2506 3790 2569 3822 ae
2587 3790 2775 3824 virtute
2802 3790 3136 3840 neatsputet,
3156 3790 3279 3840 qum
3297 3791 3369 3844 μυ

1899 3840 2101 3909 δοχεϊον
2138 3839 2346 3908 σαπρὸν
2372 3839 2435 3891 οὐ
2463 3838 2797 3893 πιστευέτω.
2826 3838 3021 3908 Confer
3049 3857 3130 3909 ep.
3169 3842 3237 3897 29
3263 3842 3315 3896 It.

1971 3908 2041 3964 50
2066 3908 2328 3983 Adversus
2355 3909 2695 3983 insolentiam
2704 3919 2755 3961 et
2778 3911 2943 3983 animi
2959 3908 3240 3965 elationem
3262 3924 3471 3983 προφυ-

1900 3978 2176 4049 λακτικὺν.
2200 3976 2412 4049 Mortis
2453 3977 2727 4031 meditatio
2759 3979 3057 4033 antidotum
3090 3990 3167 4035 est
3193 3976 3469 4049 superbia.

1970 4050 2033 4102 51
2073 4046 2277 4117 Duplex
2329 4048 2693 4115 interpretatio
2738 4050 2842 4101 loci
2903 4064 2967 4102 ea:
3011 4051 3200 4115 psalm.
3245 4046 3468 4107 eum.

1907 4117 2226 4241 «‘Quomodo
2261 4118 2590 4171 cantabimus
2650 4118 2913 4172 canticum
2967 4117 3180 4174 Domini
3233 4121 3290 4174 in
3330 4132 3473 4177 terra

1907 4205 2104 4241 arena.
2153 4206 2171 4237 ι

1900 4205 2074 4241 auena
2092 4205 2117 4240 .’
2153 4206 2171 4237 ι

1972 4258 2041 4311 52
2073 4256 2381 4329 ᾼάηιοηὶιὶρ
2405 4255 2469 4310 de
2498 4257 2727 4310 cavenda
2756 4258 3000 4327 superbia
3034 4268 3268 4329 respectu
3297 4271 3472 4315 muta-

1902 4327 2126 4380 bilitatis
2159 4343 2331 4381 rerum
2363 4327 2736 4379 humanarum.

1972 4397 2041 4451 55
2082 4395 2389 4467 Evangelica
2425 4397 2674 4467 dgqmata
2716 4396 2983 4467 legalibus
3006 4398 3279 4467 praceptis
3304 4400 3475 4454 multo

1903 4468 2403 4591 pgrfectiorasunt.
2450 4466 2729 4535 Expositio
2772 4467 2901 4519 dicti
2949 4466 3186 4521 Paulini.
3233 4466 3371 4538 Eph.
3412 4487 3474 4534 ιι,

1973 4606 2042 4659 51
2071 4605 2374 4659 Admonitio
2406 4606 2470 4658 de
2495 4607 2858 4675 resipiscentia
2875 4607 2953 4659 vel
2968 4608 3249 4661 senectutis
3276 4608 3476 4663 intuitu

1900 4675 2226 4745 prastanda.

1938 4747 2007 4800 55
2036 4747 2338 4799 Admonitio
2368 4747 2430 4798 de
2461 4761 2639 4798 errore
2670 4747 2997 4816 corrigendo,
3038 4755 3087 4799 et
3114 4748 3331 4802 veritate
3361 4765 3477 4802 am-

1902 4816 2193 4883 plectenda.

1943 4956 1954 4966 .
1976 4885 2054 4966 56.
2074 4884 2151 4937 De
2173 4885 2429 4954 supplice,
2463 4902 2494 4938 a
2515 4902 2616 4954 quo
2644 4886 3039 4953 lasisumus,in
3072 4890 3301 4957 gratiam
3340 4889 3475 4941 reci-

1943 4957 1954 4966 '
1986 4957 2054 5006 nd
2097 4995 2111 5007 .

1900 4970 2041 5078 ’,1857
2059 4971 2152 5077 oDe
2178 5024 2436 5106 orationis
2459 5024 2706 5106 brevitate
2738 5035 2830 5079 aut
2856 5024 3182 5096 prolixitate,
3219 5029 3477 5098 quomodo

1904 5105 2128 5163 utraque
2152 5097 2466 5148 astimanda
2493 5098 2582 5148 sit.
3234 5097 3237 5098 ⁷

1904 5233 1921 5245 ‘
1950 5165 2043 5245 .58
2070 5164 2147 5245 Die.
2168 5180 2368 5245 arcana
2387 5174 2448 5245 ,ει
2477 5165 2733 5245 ineffabili
2758 5168 3238 5245 generatiOnejf
3275 5166 3478 5245 Deira?»

1904 5233 2084 5308 λόγοι).
2104 5233 2298 5302 Confer
2318 5235 2469 5308 epist.
2490 5237 2548 5308 51
2574 5238 2623 5308 h.
2652 5233 2776 5298 litt,
2792 5249 2839 5291 et
2861 5239 2957 5307 inf.
2974 5254 3059 5308 ep.
3085 5241 3208 5301 555,
3227 5254 3341 5307 qua
3359 5237 3480 5290 huic

1904 5304 2110 5381 gemina
2148 5312 2197 5356 et
2235 5303 2395 5381 paulo
2448 5306 2650 5381 plenior
2685 5317 2797 5381 est):
2840 5320 2890 5362 et
2920 5303 3210 5381 ’Au'gustin.
3239 5303 3477 5381 'sernton.

1904 5373 2303 5510 ἒὲρῳιῗεβξεηιω
2335 5375 2458 5429 item
2497 5375 2713 5444 Gregor.
2750 5373 3136 5434 Nazianz.'1i'ov
3155 5379 3482 5450 ἁπορῤἡτων

1977 5460 2400 5587 53.5bjurgatio
2427 5515 2652 5570 hominis
2683 5514 2931 5572 adversus
2968 5517 3320 5587 benefactores
3356 5533 3479 5572 suos

1906 5585 2155 5653 scelerate
2180 5584 2399 5653 ingrati.

1973 5652 2048 5735 .60
2080 5651 2538 5738 Oppp‘titunitat'ept
2575 5658 2841 5738 “cujusque
2886 5657 2959 5738 rei
2993 5673 3097 5738 non
3133 5669 3333 5738 oportet
3362 5672 3481 5738 ’ρε-

2294 5723 2663 5797 ἁγοράζεσθαί
2690 5723 2782 5783 τὸὲν
2810 5726 3020 5799 καιρὸν.
3040 5723 3231 5799 Confer
3247 5744 3327 5798 ep.
3357 5729 3480 5793 170,
