3924 6416
501 349 602 414 147

498 461 766 516 Lucianus
821 460 1208 530 in’definitione
1264 458 1396 513 artis
1451 468 1596 526 ponit
1653 459 1792 530 πρός
1833 475 1888 511 τι
1937 457 2081 521 τίλος

497 529 799 602 εὖχρησῖρν
824 530 932 582 τῶν
960 534 1018 583 ἐν
1050 529 1130 600 τῷ
1160 530 1278 600 βίῳ.

574 598 677 656 1⁷86
705 599 770 653 Et
796 617 876 653 res
899 617 1059 668 supra
1082 598 1335 654 mundum
1371 599 1568 665 positas
1586 598 1762 652 animo
1789 599 2082 669 agitare,et

499 683 674 725 tamen
707 687 808 723 non
831 671 937 723 alta
975 687 1178 736 sapere,
1220 671 1310 724 sed
1353 669 1639 722 humilibus
1680 687 1773 723 nos
1799 685 2087 722 accommo-

499 745 630 794 dare
658 751 703 792 et
723 756 997 806 possumus
1029 754 1074 793 et
1107 742 1371 794 debemus.
1410 738 1605 808 Confer
1641 756 1723 807 ep.
1745 739 1851 793 276
1880 740 1934 792 li.
1964 739 2082 803 lib.,

501 821 552 866 et
578 811 855 877 Augustin.
882 811 958 863 De
990 820 1146 874 temp.
1175 827 1331 864 serm.
1367 809 1491 863 175.

572 880 676 934 187
697 879 1002 952 Diﬂerentia
1020 882 1153 933 inter
1170 880 1423 952 φρόνημα
1438 891 1484 934 et
1501 879 1783 950 φρόνησιν,
1795 888 1844 932 et
1866 879 1934 933 ad
1951 879 2086 932 hanc

504 951 804 1005 exhortatio
837 952 902 1003 ab
931 952 1022 1003 illo
1049 952 1370 1004 dehortatio.

586 1019 689 1073 188
719 1018 786 1072 Ut
816 1021 1090 1074 humilitas
1123 1022 1297 1074 animo
1335 1036 1526 1089 magna
1553 1031 1709 1088 atque
1740 1017 1974 1083 excelso,
2007 1017 2085 1070 sic

505 1091 754 1158 superbia
782 1107 814 1142 a
847 1108 1008 1158 parvo
1041 1091 1343 1158 abjeetoque
1362 1093 1550 1142 oritur.

565 1160 666 1214 189
698 1158 874 1214 Mores
901 1161 1134 1214 docentis
1160 1161 1387 1214 orationi
1429 1169 1551 1213 sunt
1599 1160 1891 1214 astruendi.
1926 1157 2081 1226 Conf.

505 1247 590 1300 ep.
620 1229 725 1283 542
763 1240 813 1284 et
844 1247 926 1300 ep.
962 1232 1063 1286 158
1092 1243 1138 1284 et
1169 1230 1271 1284 317
1309 1230 1465 1298 hujus
1497 1230 1583 1282 lib.
1622 1244 1699 1284 Ill.

567 1301 672 1356 190
702 1299 879 1354 Mores
895 1302 1092 1371 placidi
1151 1317 1399 1370 magnum
1421 1308 1469 1354 et
1495 1307 1821 1354 constantem
1851 1299 2084 1352 animum

508 1380 758 1424 arauunt.

603 1440 666 1494 91
704 1439 1009 1510 Disputatio
1038 1452 1223 1510 contra
1253 1441 1474 1509 fatalem
1516 1455 1689 1493 rerum
1736 1439 1968 1510 omnium
1994 1454 2084 1491 ne-

507 1508 820 1582 cessitatem,
841 1522 888 1564 et
908 1528 1132 1582 geneses.
1159 1508 1310 1564 Unde
1331 1513 1544 1582 exsistat
1573 1508 2084 1582 tanta‘judiciorum,

507 1579 736 1650 uarietas
760 1577 926 1650 atque
955 1584 1287 1649 perversitas.
1321 1579 1516 1648 Confer
1537 1596 1618 1647 ep.
1654 1578 1752 1632 155
1775 1590 1822 1631 et
1858 1577 1960 1632 154
1986 1579 2035 1629 Ιι.
2067 1616 2080 1639 ,

507 1659 556 1702 et
581 1647 892 1703 Nemesium
915 1647 992 1706 De
1029 1661 1219 1704 natura
1249 1647 1518 1704 “laminis.

587 1719 694 1775 193'
718 1717 991 1775 Revocatio
1027 1738 1059 1774 a
1088 1721 1303 1774 luxuria
1332 1729 1382 1773 et
1410 1719 1532 1789 gula
1559 1720 1627 1772 ad
1659 1718 2084 1788 temperantiam,

506 1790 791 1860 pronasitis
821 1795 1106 1860 utriusque
1127 1789 1383 1859 fructibus
1415 1808 1476 1842 ac
1498 1791 1750 1857 prtemiis.

586 1858 689 1914 193
720 1859 793 1912 De
820 1858 1017 1914 vitiosis
1061 1858 1314 1914 ECclesite
1344 1862 1586 1913 membris
1615 1871 1707 1912 aut
1737 1860 2081 1929 corrigendis,

511 1938 608 2000 aut
632 1930 1000 2000 prqcidendis,
1038 1948 1100 1985 ne
1121 1947 1246 2000 pars
1277 1931 1482 2000 sincera
1509 1930 1771 2000 trahatur.

588 1997 691 2052 194
719 1997 888 2069 ζέεῃηί
913 2012 959 2054 et
992 1997 1290 2069 tyrannidis
1315 1999 1618 2069 discrimen.
1643 1997 1841 2068 Confer
1869 1999 2026 2068 epist.

584 2069 688 2123 195
718 2067 1126 2134 Ρώάοὺαριῖειιιὶ
1180 2070 1257 2122 vis
1300 2078 1348 2122 et
1410 2068 1684 2136 efﬁcacia,
1727 2067 1832 2123 non
1883 2081 2088 2121 tantum

511 2140 570 2190 in
602 2139 855 2209 abolendo
884 2155 1092 2209 peccato
1118 2140 1356 2208 originis,
1385 2140 1472 2192 sed
1504 2141 1660 2192 etiam
1688 2138 1744 2192 in
1767 2139 2086 2207 conferenda

511 2208 795 2269 multiplici
817 2208 1010 2271 gratia.

590 2276 693 2333 196
725 2277 823 2348 Dei
857 2279 1074 2332 lenitate
1113 2295 1216 2332 non
1255 2277 1595 2332 abutendum.
1631 2278 1826 2348 Confer
1849 2296 1931 2344 ep.
1977 2277 2085 2333 290

513 2347 555 2400 ι.
588 2363 626 2409 ι,
658 2356 708 2399 et
738 2347 844 2401 222
876 2349 968 2402 lib.
999 2365 1054 2404 ιι.

590 2417 689 2473 197
726 2418 798 2470 De
824 2419 937 2471 viro
966 2419 1120 2483 bono,
1162 2417 1313 2486 cujus
1362 2418 1430 2469 ad
1478 2417 1720 2472 virtutem
1765 2419 1985 2484 impetus
2023 2421 2088 2471 ab

512 2487 766 2549 improbis
801 2491 1122 2542 retardatur.

588 2557 690 2612 198
718 2555 858 2612 Dicti
891 2557 1052 2612 Isaia:
1095 2575 1208 2626 cap.
1246 2573 1287 2619 ι,
1338 2555 1421 2618 18,
1452 2573 1584 2611 nova
1607 2559 1884 2625 expositio.

590 2627 694 2681 199
717 2626 804 2697 De
823 2628 1141 2682 continentia
1167 2627 1442 2680 servanda.
1477 2626 1673 2697 Confer
1694 2645 1774 2697 ep.
1805 2629 1875 2683 89
1911 2629 1946 2681 l.
1977 2646 2017 2693 ι,
2039 2637 2090 2682 et

514 2714 596 2764 ep.
631 2696 738 2751 278
776 2697 813 2750 ι.
841 2713 903 2759 ιι,
935 2710 981 2750 et
1007 2712 1083 2764 ep.
1116 2698 1185 2752 65
1217 2698 1269 2750 h.
1303 2697 1341 2748 l.
1375 2712 1458 2750 ιιι.

452 2819 456 2824 .
589 2767 694 2822 200
722 2766 798 2821 De
822 2767 1144 2822 moderando
1195 2768 1375 2821 dolore
1413 2783 1572 2834 super
1617 2769 1848 2823 aliorum
1891 2769 2090 2838 impro-

456 2854 464 2860 ‘
516 2839 700 2891 bitate.

591 2907 691 2962 201
732 2906 838 2963 Cur
872 2924 976 2961 non
1006 2923 1182 2978 omnes
1211 2908 1436 2973 improbi
1471 2911 1556 2963 hic
1584 2926 1759 2978 pmnas
1783 2909 1904 2963 dent
1931 2908 2091 2962 scele-

513 2993 658 3040 rum,
695 2993 857 3046 neque
888 2994 1062 3030 omnes
1100 2977 1220 3048 boni
1247 2977 1818 3048 affligantur.’Similia
1852 2981 1931 3031 his
1963 2997 2088 3044 pas-

514 3049 615 3100 sim
644 3058 924 3100 occurrunt
961 3049 1099 3114 apud
1136 3047 1588 3117 Chrysostomum.
1643 3047 1708 3100 Et
1748 3051 1802 3101 in
1843 3049 1934 3102 lib.
1966 3048 2091 3103 Sal-

516 3117 662 3174 viani
694 3117 768 3187 De
791 3119 1081 3186 gubernat.
1115 3117 1229 3187 Dei.
1259 3117 1455 3187 Confer
1482 3121 1641 3173 etiam
1671 3135 1751 3185 ep.
1784 3118 1890 3173 203
1924 3119 2084 3171 Ii.lib.

585 3187 693 3241 202
720 3185 868 3259 Quid
904 3190 971 3259 sit
1018 3185 1428 3259 apudqlsaiam,
1475 3190 1620 3259 loqui
1657 3189 1735 3259 ad
1779 3205 1906 3253 cor;
1958 3205 2089 3242 nova

516 3259 794 3327 erositio.
828 3255 1023 3325 Confer
1045 3273 1125 3325 ep.
1165 3257 1190 3309 1
1229 3259 1264 3314 Ι.
1300 3275 1361 3318 ιι,
1391 3270 1437 3311 et
1460 3255 1678 3327 ep.'238
1705 3260 1758 3312 lt.
1783 3259 1876 3312 lib.

591 3327 699 3381 203
728 3325 806 3380 De
835 3330 998 3394 panis
1032 3335 1366 3394 peccatorum
1416 3325 1611 3382 in'ltac
1653 3327 1731 3381 vel
1775 3329 1944 3382 altera
1983 3329 2093 3381 vita

518 3396 864 3452 sustinendis.
951 3433 956 3440 -

594 3465 703 3522 204
730 3466 982 3537 gaudere
1006 3480 1178 3537 parce,
1195 3475 1429 3534 oportet,
1458 3477 1513 3522 et
1545 3467 1746 3522 sensim
1772 3470 1939 3537 quaeri
1970 3486 1982 3521 :

736 3535 927 3606 [Ιξοιιιιιι
966 3535 1092 3604 quia
1132 3535 1299 3606 vitam
1332 3538 1522 3590 miscet
1553 3539 1703 3592 dolor
1736 3535 2092 3606 et‘galulium.

592 3605 702 3677 205
726 3602 848 3677 Non
874 3602 1094 3677 eventis.
1119 3605 1209 3677 sed
1235 3607 1465 3660 consiliis
1493 3625 1571 3660 res
1596 3602 2098 3677 qua'qae'metienda

520 3687 618 3736 est.
657 3675 855 3740 Confer
879 3693 959 3742 ep.
993 3675 1100 3736 555
1131 3676 1170 3728 ι.
1205 3691 1242 3738 ι,
1276 3686 1324 3728 et
1347 3693 1428 3744 ep.
1458 3677 1559 3733 179
1581 3675 1670 3730 lib.
1703 3675 1763 3731 li.

595 3746 702 3801 206
731 3745 964 3816 Regnum
987 3745 1086 3800 Dei
1106 3764 1174 3798 an
1207 3745 1345 3799 idem
1373 3748 1439 3800 sit
1472 3764 1589 3801 cum
1626 3763 1784 3816 regno
1821 3749 2094 3812 caelorum,

523 3818 580 3870 in
608 3816 777 3888 medio
811 3815 1055 3888 relinquit
1089 3825 1293 3888 auctor.
1321 3816 1452 3888 _Sup.
1484 3828 1656 3871 tamen
1681 3815 1774 3870 lib.
1820 3833 1942 3888 tep.
1971 3817 2095 3883 129,

523 3888 582 3942 id
603 3886 758 3940 dixit.
797 3885 1093 3957 μοναχικὴν
1126 3885 1422 3942 πολιτείαν.

596 3974 701 4029 907
725 3973 967 4027 Ειετητε
997 3973 1263 4042 felicitatis
1293 3974 1513 4028 dulcedo
1547 3973 1702 4042 facile
1737 3991 1911 4028 omnes
1939 3975 2099 4043 hujus

524 4047 648 4100 vitte
667 4059 935 4115 aerumnas
963 4057 1116 4115 atque
1145 4043 1410 4097 molestias
1449 4046 1719 4115 abstergit.
1765 4045 1960 4114 Confer
1995 4045 2098 4114 (Ιν-

524 4116 771 4185 prianum
804 4130 884 4180 ep.
911 4113 944 4167 6
974 4114 1065 4167 lib.
1101 4130 1172 4177 ιν.

597 4184 704 4238 208
732 4182 1035 4254 Remedium
1077 4185 1712 4254 adversusjracundiam.
1772 4183 1965 4254 Confer
2015 4201 2096 4250 ep.

527 4254 633 4308 189
661 4265 707 4306 et
750 4253 856 4308 259
895 4253 990 4308 lib.
1037 4270 1098 4308 ιι.
1141 4253 1275 4307 Item
1321 4252 1546 4323 Gregor.
1595 4253 1778 4325 Magn.
1840 4252 1990 4323 epist.
2032 4256 2096 4310 51

527 4327 622 4380 lib.
652 4340 769 4380 vm.

599 4393 708 4449 209
729 4394 1204 4463 Decrescitpietas,
1226 4395 1614 4463 quantumipsa
1630 4395 1854 4463 pecunia
1872 4396 2100 4450 crescit:

529 4464 718 4533 Caecus
734 4479 886 4533 anior
901 4463 1139 4528 nummi;
1167 4479 1286 4518 nam
1306 4463 1507 4518 Christi
1525 4466 1818 4533 exstinguit
1835 4481 2096 4521 amorem.

603 4532 710 4588 210
742 4531 1021 4587 Revocatio
1052 4551 1082 4584 a
1111 4535 1220 4588 vita
1249 4533 1533 4587 libidinosa
1558 4531 1976 4603 atqueﬁimpura.
2006 4535 2101 4588 Deo

531 4603 753 4672 plorata:
794 4605 1181 4673 desperatceque
1229 4605 1474 4673 sanitatis
1527 4606 1737 4669 wgrotis
1781 4608 1957 4657 omnia
1983 4621 2100 4673 qua:

531 4673 923 4742 concupiscunt,
955 4672 1182 4740 permitti
1209 4674 1393 4725 solent.
1432 4672 1626 4742 Confer
1657 4691 1737 4742 ep.
1764 4675 1871 4728 258
1902 4676 1955 4728 h.
1986 4672 2025 4730 l.

602 4743 703 4795 211
754 4740 913 4806 Vitia,
945 4759 1048 4795 non
1071 4742 1304 4795 homines
1335 4744 1506 4796 odisse
1546 4740 1768 4806 oportet.

602 4811 711 4865 212
739 4810 908 4878 Opum
959 4822 1008 4864 et
1055 4813 1259 4879 imperii
1306 4814 1568 4880 cupiditas
1611 4825 1684 4865 est
1719 4815 1834 4882 fons
1869 4816 2101 4867 omnium

531 4883 780 4935 vitiorum
807 4892 856 4934 et
887 4883 1051 4934 animi
1081 4882 1556 4947 perturbationum,
1583 4885 1771 4952 quibus
1810 4887 1865 4938 in
1898 4887 2102 4951 princi-

533 4954 622 5021 pio
655 4955 893 5005 resistere
921 4953 1222 5004 consultiss.
1252 4962 1350 5006 est.

606 5022 714 5076 213
751 5022 1049 5075 Luxuriam
1080 5022 1246 5074 animi
1290 5024 1450 5076 rebus
1477 5022 1793 5091 plerumque
1825 5024 2099 5078 secundis.

605 5093 714 5147 214
752 5093 848 5145 Dei
877 5103 1124 5144 naturam
1150 5108 1282 5151 esse,
1320 5108 1386 5144 ea:
1415 5094 1654 5158 operibus
1683 5094 1797 5160 ejus
1827 5094 2102 5161 cognosci-

536 5180 690 5225 mus;
726 5172 783 5216 at
824 5177 928 5213 non
967 5162 1126 5232 etiam
1153 5161 1277 5229 quid
1321 5163 1389 5215 sit
1422 5163 1769 5232 pervestigare
1803 5179 2105 5232 possumus.

540 5234 735 5300 Confer
764 5249 846 5296 ep.
881 5247 998 5298 pen.
1027 5231 1122 5286 lib.
1156 5246 1194 5282 ιι
1229 5240 1279 5283 et
1301 5247 1381 5297 ep.
1411 5231 1519 5286 232
1543 5232 1597 5284 h.
1624 5232 1716 5286 lib.

612 5302 720 5356 215
747 5301 940 5357 Contra
974 5316 1081 5362 eos,
1110 5301 1200 5369 qui
1236 5302 1444 5353 veritati
1479 5303 1543 5354 de
1587 5303 1851 5356 industria
1893 5302 2108 5355 nebulas

541 5373 843 5439 offundunt,
879 5371 1016 5438 quod
1049 5371 1347 5422 miseriores
1383 5371 1485 5422 sint
1511 5371 1575 5423 iis
1608 5374 1696 5439 qui
1719 5375 1985 5426 veritatem
2006 5389 2110 5424 non

543 5453 912 5508 assequuntur,
953 5443 1014 5493 ob
1048 5440 1243 5509 ingenii
1272 5440 1658 5493 hebetudinem.

615 5512 720 5565 216
755 5511 826 5564 De
871 5512 1105 5562 muneris
1140 5510 1483 5562 sacerdotalis
1517 5527 1721 5564 summa
1773 5512 2108 5581 difﬁcultate.

545 5580 615 5643 Et
641 5598 798 5649 quam
838 5582 990 5648 pauci
1019 5582 1124 5652 sint
1143 5582 1265 5652 veri
1305 5584 1620 5634 sacerdotes.
1663 5580 1860 5650 Confer
1894 5600 1975 5652 ep.
2013 5583 2112 5637 104

546 5652 636 5703 lib.
667 5669 708 5712 ι,
728 5661 776 5703 et
801 5652 890 5704 lib.
916 5665 968 5701 Iv
994 5667 1072 5716 ep.
1098 5649 1226 5702 220.

616 5720 721 5773 217
756 5719 964 5792 Divitias
993 5731 1112 5772 sunt
1147 5721 1217 5792 ad
1241 5720 1403 5792 legem
1436 5731 1639 5775 natura:
1667 5723 1950 5792 composita
1977 5739 2108 5791 pauc

550 5800 739 5867 pertus.
771 5789 961 5867 Confer
1004 5808 1083 5861 ep.
1125 5790 1224 5848 106
1250 5791 1341 5845 tib.
1375 5807 1434 5848 ιι.

1634 347 2199 409 PROLEGOMENA
2237 350 2438 411 EDIT.
2477 350 2723 411 PARIS.
3641 351 3726 419 148

2262 460 2368 514 218
2396 459 2712 530 Objurgatio
2746 456 2972 510 hominis
3005 457 3344 530 voluptuarit'

2255 531 2362 586 219
2407 527 2484 585 De
2513 527 2704 598 ptenis,
2734 543 2852 597 qua:
2894 538 3012 598 tum
3039 527 3328 598 infamilia
3377 528 3598 593 Davidis,
3632 542 3725 585 tum

2184 603 2238 654 in
2267 603 2459 666 p0pulo
2498 596 2756 668 grassatte
2794 608 2936 651 sunt.
2974 596 3168 668 Confer
3193 613 3277 660 ep.
3311 599 3378 652 59
3411 599 3448 652 ι.
3484 615 3520 658 ι,
3555 611 3598 651 et
3633 601 3729 654 Eu-

2184 671 2378 739 logium
2422 671 2563 734 apud
2613 668 2860 722 Photium
2908 668 2965 720 in
3016 667 3429 739 Bibliotli.rpag.
3456 669 3576 721 462.
3616 670 3728 734 Qua-

2183 738 2380 794 idcirco
2413 740 2694 808 diligenter
2723 739 2956 791 notanda
2987 747 3129 800 sunt,
3159 753 3219 808 ne
3243 738 3382 808 plebs
3405 739 3574 790 insons
3594 752 3730 808 atque

2183 811 2405 864 innoxia
2425 807 2608 880 punita
2631 826 2740 862 esse
2768 810 3027 871 videatur,
3058 807 3198 876 quod
3225 825 3257 861 a
3283 807 3380 861 Dei
3402 808 3604 875 justitia
3628 807 3733 878 pos-

2185 879 2254 932 sit
2277 880 2508 932 alienum
2540 879 2852 932 existimari.

2185 891 2254 932 ιιι
2277 891 2508 933 alienum
2540 891 2852 932 existimari.

2257 950 2364 1003 220
2394 950 2576 1003 Miseri
2603 967 2632 1002 a
2665 949 2959 1017 potentibus
2991 947 3296 1001 sublevandi
3328 957 3472 1004 sunt.

2253 1019 2352 1072 221
2390 1020 2692 1087 Increpatio
2726 1019 2995 1071 hominum
3027 1018 3405 1084 improborum.

2256 1089 2364 1143 222
2398 1091 2715 1160 Exhortatio
2737 1089 2805 1140 ad
2838 1090 2999 1140 animi
3030 1090 3440 1144 moderationem
3460 1129 3474 1156 ,
3511 1101 3557 1144 et
3587 1108 3732 1160 expo-

2185 1160 2329 1220 sitio,
2371 1161 2556 1229 quibus
2587 1159 2680 1210 illa
2713 1161 2862 1210 rebus
2887 1160 3237 1229 contineatur.

2252 1230 2361 1284 223
2386 1228 2725 1284 Collaudatio
2758 1229 2905 1296 ejus,
2948 1229 3038 1292 qui
3082 1228 3432 1295 episcopatum
3469 1231 3564 1283 sibi
3603 1231 3736 1284 dela-

2187 1311 2298 1353 tum
2333 1301 2560 1368 fugerat.
2617 1297 2861 1368 Veterum
2895 1299 3256 1368 episcoporum
3289 1314 3408 1350 cum
3446 1304 3735 1353 recentiori-

2187 1370 2282 1422 bus
2318 1367 2550 1422 collatio.
2586 1367 2781 1436 Confer
2821 1369 3155 1421 Bernardum
3202 1367 3279 1421 De
3313 1370 3736 1427 consideratione

2186 1442 2252 1494 ad
2280 1439 2602 1508 Eugenium.

2255 1507 2704 1577 221’0bjurgatio
2751 1507 2978 1561 hominis
3026 1507 3256 1574 superbi,
3301 1525 3420 1562 cum
3462 1519 3627 1564 tamen
3650 1513 3738 1563 ltu-

2187 1579 2298 1632 mili
2339 1595 2521 1639 genere
2547 1588 2699 1630 natus
2729 1589 2878 1633 esset.

2224 1649 2364 1772 9ἓ215
2397 1649 2472 1769 [De
2498 1649 2822 1718 injuriarum
2868 1648 3169 1702 tolerantia.
3211 1647 3409 1717 Confer
3454 1666 3532 1718 ep.
3563 1649 3659 1705 100
3695 1659 3737 1704 et

2335 1737 2371 1772 t.
2422 1759 2435 1772 .
2467 1735 2527 1772 ιι.

2186 1721 2292 1776 590
2321 1722 2371 1772 li.
2397 1721 2435 1772 l.
2467 1735 2527 1772 ιι.

2261 1790 2367 1842 226
2397 1789 2642 1841 Laudare
2685 1789 2976 1841 orationem
3023 1788 3246 1842 dicentis
3285 1799 3638 1859 argumentum
3672 1799 3740 1843 est

2190 1859 2566 1927 persuasionis.
3457 1877 3462 1882 ·

2252 1929 2357 1983 227
2380 1928 2678 1996 Aﬂ'ectuum
2703 1927 3044 1996 mortiﬁcatio
3069 1928 3293 1980 materia
3327 1937 3402 1980 est
3442 1927 3587 1980 beata
3611 1929 3735 1982 vitte.

2257 1999 2364 2054 228
2401 1997 2624 2050 lnsidiaz
2647 1997 2848 2050 diaboli
2875 1999 3034 2050 varice
3055 2013 3118 2049 ac
3150 1997 3463 2063 multiplices
3489 1998 3743 2066 diligenter

2187 2069 2428 2123 cavenda:
2454 2078 2595 2120 sunt.
2615 2066 2950 2138 Vigilantiam
2979 2075 3053 2119 est
3081 2082 3280 2132 semper
3303 2084 3322 2132 ;
3355 2067 3530 2138 multa:
3552 2068 3742 2138 insidia:

2187 2149 2307 2192 sunt
2333 2140 2502 2200 bonis;
2527 2135 2889 2207 usquequaque
2917 2147 3352 2207 sapereoportet.
3395 2135 3460 2188 Id
3489 2138 3582 2190 erit
3604 2137 3745 2190 telum

2189 2212 2529 2261 acerrimum.
2558 2205 2755 2275 Confer
2779 2205 2932 2267 epist.
2971 2206 3074 2260 164
3103 2205 3141 2258 ι.
3174 2222 3232 2258 ιι.
3259 2206 3328 2259 Et
3357 2207 3577 2274 August.
3600 2223 3743 2262 serm.

2191 2278 2293 2331 157
2329 2277 2404 2330 De
2441 2291 2602 2345 temp.
2641 2276 2706 2329 In
2750 2276 2846 2329 hac
2890 2288 2998 2328 tam
3041 2276 3341 2344 periculosa
3375 2287 3422 2329 et
3468 2277 3744 2329 tentationis
3778 2329 3780 2332 .

2193 2349 2348 2414 plena
2383 2349 2541 2416 hujus
2567 2347 2746 2398 stvculi
2767 2357 2912 2416 nocte
2942 2349 3078 2416 quis,
3097 2362 3204 2416 non
3231 2347 3454 2401 timeat?
3480 2357 3582 2401 etc.
3601 2346 3749 2400 Simi-

2191 2419 2266 2470 lia
2293 2415 2458 2469 multa
2491 2417 2603 2469 vide
2623 2416 2766 2483 apud
2790 2415 3015 2469 Leonem
3056 2415 3134 2467 Μ.

2259 2487 2364 2541 229
2407 2485 2601 2556 Ἐσθλρι
2630 2484 2808 2554 λέγειν
2839 2485 3196 2556 αἰεὶίπάντες
3236 2486 3424 2549 καλὸν,
3473 2486 3661 2556 αἰσχρά
3698 2484 3748 2537 δὲ

2191 2555 2382 2627 δεινρν,
2426 2557 2527 2609 κᾶν
2549 2551 2919 2627 ὧσινίτούτων
2948 2555 3109 2622 ἄξιοι,
3144 2551 3221 2608 ὧν
3267 2556 3525 2627 λέγομεν.

2262 2625 2386 2678 Νοη
2415 2637 2522 2680 tam
2564 2626 2691 2693 quid
2735 2627 2962 2694 improbi
3005 2627 3193 2680 audire
3239 2625 3560 2689 mereantur,
3599 2642 3746 2695 quam

2228 2697 2316 2748 uid
2368 2699 2528 2750 bonos
2570 2697 2677 2749 illis
2720 2697 2892 2749 dicere
2943 2699 3214 2749 conveniat
3272 2697 3610 2766 spectandum
3653 2706 3743 2752 est.

2228 2715 2314 2748 uia
2368 2715 2528 2750 oonos
2570 2715 2677 2749 suis
2720 2715 2892 2749 arcere
2943 2715 3214 2749 conveniat

2190 2715 2400 2830 Lugua
2421 2782 2530 2835 esse
2556 2767 2703 2820 debet
2732 2768 2968 2820 veritatis
2992 2780 3272 2835 organum.

2263 2836 2368 2892 250
2402 2834 2666 2904 Confessis
2699 2838 2846 2890 venia
2877 2834 3067 2888 danda,
3089 2847 3444 2903 peccatorum,
3483 2853 3579 2888 non
3602 2837 3651 2888 in
3675 2852 3749 2888 se-

2196 2907 2512 2962 ctationibus
2556 2906 2934 2976 intempestivis
2975 2905 3346 2959 insultandum
3377 2915 3425 2960 et
3461 2907 3745 2960 instandum

2195 2988 2293 3032 est.

2267 3047 2366 3101 231
2409 3045 2520 3101 Cur
2565 3046 2702 3102 Deus
2740 3046 3013 3100 obstinatis
3053 3048 3414 3114 peccatoribus
3461 3045 3750 3115 implacabi-

2198 3119 2316 3172 liter
2346 3118 2629 3170 irascatur.

2268 3188 2374 3242 252
2412 3187 2584 3240 Homo
2633 3189 2877 3255 impurus
2921 3197 2970 3240 et
3015 3186 3212 3254 impius
3257 3189 3323 3242 de
3365 3187 3472 3242 Deo
3521 3187 3752 3254 rebusque

2194 3259 2386 3312 divinis
2419 3258 2674 3311 disserere
2710 3274 2812 3310 non
2849 3257 3018 3311 debet.
3056 3255 3254 3326 Confer
3295 3275 3383 3327 ep.
3424 3257 3529 3312 214
3565 3257 3602 3310 l.
3636 3272 3672 3320 ι,
3709 3264 3751 3308 et

2194 3329 2503 3520 “23:32:12.
2531 3343 2692 3467 Iflatsis
2741 3397 3014 3466 principiis
3069 3413 3172 3451 non
3209 3408 3381 3467 potest
3418 3399 3602 3468 conﬁci
3648 3409 3752 3450 vera

2197 3484 2321 3520 COMC
2351 3483 2486 3520 11810.

2197 3483 2486 3522 (0116111810.

2261 3539 2369 3593 254
2401 3537 2588 3590 Dirum
2622 3537 2788 3592 animi
2835 3538 3075 3592 morbum
3113 3538 3216 3604 (res
3252 3538 3415 3609 mira)
3445 3537 3584 3592 haud
3613 3535 3752 3590 sentit

2197 3624 2408 3661 αυαγιιε.

2267 3679 2374 3732 255
2400 3677 2640 3731 Hominis
2683 3676 2931 3742 Epicurei
2983 3677 3047 3730 ab
3093 3676 3437 3743 improbitate
3485 3675 3751 3747 revocatio.

2199 3747 2405 3801 Anima:
2451 3747 2864 3801 immortalitatis
2903 3747 3281 3816 comprobatio.
3332 3747 3526 3816 Confer
3556 3763 3636 3815 ep.
3661 3744 3755 3799 295

2200 3819 2252 3872 h.
2286 3819 2322 3870 l.
2353 3831 2408 3871 ιιι
2440 3828 2486 3870 et
2521 3819 2559 3871 l.
2593 3833 2666 3870 iv.

2267 3888 2373 3941 236
2403 3887 2658 3956 Exempla
2686 3896 2916 3952 quatuor
2951 3903 3130 3941 eorum
3179 3903 3298 3957 qua:
3344 3904 3439 3959 per
3471 3885 3757 3941 ἀναδίπλω-

2202 3974 2286 4010 σιν
2312 3960 2453 4009 dicta
2489 3967 2631 4011 sunt.

2271 4027 2375 4082 257
2405 4025 2570 4080 Falsa
2606 4038 2681 4080 est
2719 4026 3054 4096 perfectionis
3084 4043 3303 4090 norma,
3349 4029 3396 4082 si
3435 4029 3552 4098 quis
3583 4042 3634 4080 se
3665 4040 3756 4077 non

2201 4102 2271 4151 ad
2303 4109 2622 4167 prwceptum
2654 4098 2803 4166 legis,
2832 4099 2922 4150 sed
2954 4114 3072 4150 cum
3100 4099 3450 4152 deterioribus
3483 4104 3751 4166 comparet.

2273 4184 2377 4240 258
2407 4185 2667 4241 Sacerdos
2695 4202 2796 4255 non
2822 4195 2931 4238 tam
2961 4186 3124 4237 verbis
3151 4202 3308 4253 quam
3341 4185 3497 4255 factis
3525 4183 3759 4253 populant

2203 4257 2388 4325 docere
2408 4257 2572 4310 debet.
2596 4255 2685 4310 Sic
2713 4253 3071 4308 Tertullianus
3093 4255 3242 4308 initio
3265 4253 3361 4308 libi.
3388 4256 3460 4311 De
3486 4256 3756 4325 patientia:

2207 4324 2428 4393 Oportet
2473 4326 2972 4379 commendationem
3027 4334 3075 4378 et
3119 4324 3615 4379 demonstrationem
3673 4325 3759 4374 alio

2205 4398 2359 4460 cuius
2381 4395 2457 4448 rei
2485 4396 2697 4449 adortos
2731 4395 2873 4464 ipsos
2906 4396 3054 4464 prius
3087 4395 3141 4448 in
3175 4397 3630 4448 administratione
3657 4408 3757 4460 ejus

2208 4469 2280 4518 rei
2313 4465 2755 4534 deprehendendi,
2806 4473 2856 4518 et
2900 4466 3248 4517 constantiam
3301 4466 3614 4520 admonendi
3653 4479 3760 4534 pro-

2208 4537 2343 4606 pria:
2393 4534 2800 4590 conversationis
2857 4536 3176 4606 auctoritate
3225 4534 3492 4606 dirigere,
3535 4552 3594 4590 ne
3632 4533 3761 4585 dicta

2205 4604 2360 4674 factis
2389 4606 2752 4671 deficientibus
2773 4605 3101 4657 erubescant.

2272 4676 2380 4729 259
2403 4674 2682 4728 Revocatio
2713 4675 2776 4725 ab
2808 4689 2985 4726 errore
3018 4685 3062 4726 et
3093 4675 3302 4728 hteresi.

2273 4746 2381 4800 240
2415 4745 2487 4814 De
2519 4745 2872 4810 improborum
2897 4744 3228 4797 sacerdotum
3257 4746 3445 4814 patriis.

2279 4817 2379 4870 241
2420 4813 2738 4868 Extenuatio
2777 4815 2860 4866 sui
2889 4815 3076 4879 ipsius.

2280 4887 2386 4940 242
2415 4883 2545 4938 Vere
2589 4884 2652 4937 de
2679 4882 2829 4955 rebus
2868 4882 3218 4950 judicandum
3263 4901 3364 4952 est,
3408 4904 3570 4955 neque
3600 4899 3764 4953 perso-

2208 4973 2399 5011 narum
2425 4953 2777 5023 quarumdam
2813 4955 2937 5006 vitia
2979 4955 3031 5005 in
3069 4957 3273 5010 ordinis
3305 4953 3762 5025 totius—reprehen-

2207 5031 2405 5082 sionem
2441 5025 2696 5077 trahenda
2720 5033 2862 5075 sunt.

2279 5097 2386 5150 245
2412 5092 2654 5158 Epistula
2691 5093 3056 5167 etymologica,
3091 5097 3228 5167 γυνὴ
3260 5101 3402 5152 unde
3432 5098 3612 5150 dicta:
3642 5093 3767 5167 unde

2211 5169 2334 5220 item
2380 5167 2556 5233 γονεῖς
2577 5204 2592 5229 ,
2623 5168 2778 5234 _undc
2811 5163 2972 5234 ᾁνὴρ.
3008 5161 3176 5219 Aliter
3213 5161 3388 5220 lamen
3419 5169 3482 5221 de
3510 5167 3587 5219 his
3620 5161 3768 5232 origi-

2212 5247 2377 5306 natur
2394 5231 2586 5306 auctor
2615 5231 2966 5301 Etgmologici
2999 5237 3200 5303 magni,
3232 5254 3386 5306 quem
3415 5237 3550 5291 vide.

2281 5305 2388 5360 244
2417 5304 2523 5357 Deo
2557 5300 2771 5375 agenda:
2803 5306 2989 5370 gratia:
3034 5300 3142 5358 tam
3189 5300 3284 5375 pro
3325 5309 3476 5360 bonis
3518 5300 3768 5374 privativis

2210 5391 2492 5446 quampro
2525 5374 2780 5446 positivis.

2284 5441 2404 5500 245
2427 5445 2502 5498 De
2549 5443 2784 5510 improbo
2833 5442 3110 5510 episcOpo,
3167 5447 3255 5515 qui
3313 5446 3448 5500 bono
3497 5441 3767 5515 successit,

2215 5528 2410 5580 quanta
2455 5517 2576 5567 inde
2627 5523 2806 5564 secuta
2851 5515 2918 5564 sit
2968 5528 3139 5566 rerum
3179 5513 3420 5569 amnium
3459 5517 3513 5568 in
3557 5513 3768 5567 deterius

2217 5585 2501 5639 conversio.
2539 5581 2734 5649 Confer
2765 5598 2845 5647 ep.
2873 5581 2979 5636 270
3009 5585 3061 5634 Ιι.
3100 5585 3189 5638 lib.
3222 5600 3304 5638 ιιι.

2286 5654 2390 5709 246
2417 5652 2535 5705 Pax
2574 5668 2693 5704 vera
2731 5667 2971 5718 quamam
2999 5657 3090 5716 sit,
3123 5672 3302 5724 nempe
3326 5671 3444 5722 qua:
3479 5671 3592 5706 cum
3621 5651 3770 5721 justi-

2219 5726 2293 5778 tia
2326 5724 2609 5792 conjuncta
2642 5731 2750 5782 est,
2797 5737 2896 5771 non
2935 5740 3049 5789 qua:
3095 5743 3210 5780 cum
3260 5727 3420 5782 vittis.
3470 5725 3661 5793 Confer
3691 5736 3770 5789 ep.

2219 5795 2322 5862 284
2351 5795 2399 5850 Ιι.
2435 5794 2525 5849 lib.
2564 5807 2648 5857 ιιι,
2676 5803 2717 5845 et
2748 5807 2796 5845 n'
2818 5807 2897 5860 ep.
2923 5793 3011 5848 36.
