3924 6416
525 370 630 436 155

583 479 650 537 19
681 476 861 547 Turpe
907 490 1128 533 manere
1177 474 1270 532 diu
1317 487 1543 544 peregre
1589 482 1694 534 est,
1741 484 2081 611 sacuuiipgue

1817 559 1844 591 ε
1884 557 1942 594 er
1971 557 2006 592 I.

1817 557 2006 594 everti.

582 661 756 715 Amici
777 661 949 728 patria
984 662 1165 724 procul
1197 676 1303 714 rem
1331 655 1586 728 pratclare
1628 655 1854 725 gerentis
1885 652 2086 706 deside-

510 733 647 786 rium
668 742 812 785 tanto
839 731 1052 800 facilius
1082 731 1272 799 fertur.

580 843 653 898 20
687 843 954 898 Doctrina:
983 845 1188 898 veritati
1223 839 1556 910 adjungenda
1588 847 1664 892 est
1694 837 1933 905 probitas
1960 837 2086 890 vitat

511 931 573 968 ac
598 931 826 977 morum,
856 918 968 968 sine
999 932 1100 979 qua
1131 914 1209 966 illi
1238 913 1366 981 fides
1396 911 1697 981 derogatur.

579 984 644 1037 2i
682 984 932 1038 Orationi
955 977 1056 1038 vita
1078 985 1224 1037 debet
1238 977 1354 1035 esse
1374 996 1488 1048 par.
1519 977 1668 1032 Nihil
1690 977 1903 1047 facilius
1928 991 2085 1048 quam

511 1053 614 1134 sibi
650 1055 748 1109 insi
787 1056 1071 1123 imponere.
1117 1052 1185 1107 Se
1206 1055 1338 1106 scire
1376 1047 1610 1119 rapinari,
1644 1047 1862 1116 impedit
1914 1047 2085 1100 scien-

512 1135 662 1177 tiam.

585 1194 654 1264 βξ
703 1191 956 1264 Exemplo
996 1192 1216 1264 Christi,
1256 1190 1345 1259 qui
1379 1189 1532 1264 _ultro_
1572 1203 1626 1264 se
1670 1184 1964 1238 humiliavit
2014 1201 2078 1237 ac

513 1262 750 1317 submisit
785 1257 955 1327 Patri,
978 1263 1240 1316 modestite
1267 1257 1474 1314 studere
1499 1257 1759 1310 debemus.

584 1331 655 1385 25
699 1331 867 1384 Multa
907 1325 1047 1385 noris
1088 1342 1307 1397 Oportet,
1349 1338 1404 1382 ut
1432 1327 1605 1397 fallas
1625 1325 2002 1397 providentiam
2031 1331 2082 1374 et

515 1402 1018 1454 animadversionem
1070 1394 1328 1456 divinam.
1376 1397 1540 1452 Multi
1581 1395 1829 1465 fugiendo
1883 1394 2079 1462 fatum,

517 1471 575 1524 in
607 1472 776 1534 ipsum
802 1471 1060 1524 incidunt.

586 1531 658 1593 24
706 1538 1034 1594 Precationis
1081 1540 1371 1594 Dominica:
1410 1531 2080 1606 sapientissimeubrevitas

517 1609 809 1672 explicatur
847 1621 892 1662 et
930 1612 1245 1662 ostenditur.
1283 1602 1554 1673 Quomodo
1587 1615 1633 1658 et
1669 1620 1702 1656 a
1728 1602 1915 1671 quibus
1946 1609 2082 1654 recte

518 1679 788 1748 reticetur,
829 1697 862 1733 a
894 1681 1080 1741 quibus
1103 1693 1393 1748 perperam.

589 1747 659 1801 25
699 1747 990 1802 Precautes
1036 1747 1171 1803 alios
1205 1759 1389 1800 taxare
1423 1755 1478 1800 et
1511 1757 1733 1813 carpere
1775 1749 2078 1813 promptus.

781 1817 838 1872 In
873 1818 1046 1886 culpis
1070 1819 1286 1872 veniam
1327 1817 1418 1870 dat
1460 1815 1561 1870 sibi
1596 1809 1820 1886 Quisque
1848 1809 1978 1886 suis.

584 1886 656 1940 26
694 1887 840 1940 Esau
889 1878 1094 1942 inutilis
1140 1888 1440 1956 paenitentia
1482 1895 1593 1953 post
1615 1878 1846 1956 vendita
1878 1878 2079 1932 Jacobo

519 1956 678 2023 fratri
719 1951 1149 2024 primogenitum?
1177 1960 1329 2026 jura,
1364 1951 1489 2025 qua!
1522 1953 1702 2007 virtuti
1740 1951 1910 2026 potius
1956 1957 2077 2000 tan-

519 2022 674 2096 quam
711 2022 924 2096 premia
953 2022 1220 2087 debentur,
1251 2022 1410 2096 quam
1435 2028 1567 2077 sorti
1595 2022 1863 2076 nascendi.

589 2095 658 2148 27
705 2095 914 2150 Ethnici
957 2099 1213 2163 sapientes
1260 2092 1386 2149 dum
1429 2101 1712 2148 extenuant
1750 2102 1798 2144 et
1841 2092 2080 2147 derident

516 2163 876 2220 Christianam
920 2167 1219 2234 religionem
1269 2180 1378 2234 pra:
1423 2181 1544 2225 sua,
1599 2178 1715 2234 non,
1743 2165 2080 2234 animadver-

515 2245 634 2288 tunt
674 2236 812 2303 quod
864 2232 1162 2302 semetipsos
1208 2232 1447 2304 refellant
1499 2249 1561 2287 ac
1607 2233 1914 2304 deridendos
1947 2232 2082 2304 aliis

516 2301 810 2373 propinent,
836 2321 985 2357 suam
1015 2301 1314 2376 religionem
1348 2313 1652 2368 evertentes,
1683 2313 1730 2355 et
1762 2301 2082 2356 Christiani-

513 2390 686 2429 smum
709 2376 1029 2428 extollentes.

585 2445 658 2498 28
697 2444 948 2512 Ejusdem
991 2462 1108 2498 eam
1153 2443 1420 2513 superiore
1451 2442 1763 2508 argumenti.
1791 2441 2081 2513 Scriptura:

517 2529 686 2569 sacra:
717 2510 936 2580 simplex
963 2525 1009 2567 et
1033 2517 1181 2568 rudis
1206 2510 1281 2583 (ut
1305 2514 1622 2583 sapientibus
1645 2514 1825 2583 mundi
1854 2510 2078 2578 videtur)

517 2586 709 2636 veritas
747 2585 1004 2648 potentior
1033 2581 1234 2639 exsistit
1267 2584 1448 2653 quavis
1481 2582 1739 2650 sapientia
1768 2581 2000 2633 humana
2029 2588 2081 2634 et

517 2653 692 2706 Attica
720 2653 1033 2722 eloquentia.

587 2723 657 2776 29
705 2719 902 2777 Christi
944 2725 1155 2790 passio,
1206 2737 1340 2776 crux
1382 2731 1432 2776 et
1481 2736 1624 2774 mors
1671 2735 1734 2772 ac
1785 2719 2080 2789 sepulcrum

521 2802 766 2862 quantum
796 2795 894 2862 vim
920 2792 1182 2846 habuerit.

587 2862 658 2916 50
693 2861 770 2916 De
780 2861 956 2932 divina
972 2865 1018 2914 vi
1031 2874 1077 2916 et
1091 2862 1314 2932 efficacia
1331 2861 1580 2930 prteconii
1595 2856 1884 2932 Evangelii,
1901 2873 2082 2932 quam-

517 2932 592 2984 vis
617 2928 1176 3001 calamistriscompt'ie
1195 2941 1244 2986 et
1273 2928 1522 3001 elegantis
1547 2930 1796 3001 orationis
1823 2928 2079 2982 destituti.

523 3001 901 3056 Testimonium
933 2997 1183 3054 laudatur
1214 2997 1457 3055 Platonis
1487 3011 1534 3052 et
1568 2997 1808 3051 Homeri.

589 3071 654 3125 51
698 3069 966 3136 Refutatio
986 3072 1178 3124 ethnici
1205 3073 1428 3124 hominis
1451 3085 1656 3123 crucem
1677 3065 1873 3122 Christi
1897 3066 2083 3137 exagi-

521 3141 684 3194 tantis
729 3139 922 3193 omissa
972 3156 1036 3192 ac
1081 3151 1254 3210 spreta
1285 3142 1550 3210 mentione
1585 3139 1982 3210 resurrectionis
2027 3145 2077 3210 et

517 3211 838 3264 ascensionis
881 3207 1139 3279 ejusdem,
1175 3227 1292 3280 qua:
1323 3223 1493 3263 tamen
1512 3209 1701 3280 iisdem
1732 3207 2078 3258 monumentis

517 3280 832 3348 evangelicis
877 3278 1196 3334 continetur.
1245 3279 1351 3343 Qui
1391 3278 1630 3347 producit
1678 3278 2084 3348 instrumentum

519 3365 615 3418 pro
647 3345 702 3403 se
730 3351 784 3403 in
817 3365 920 3401 uno
947 3351 1136 3417 capite,
1165 3351 1312 3404 debet
1339 3345 1476 3402 idem
1503 3348 1662 3400 etiant
1694 3346 1748 3398 in
1777 3345 1898 3396 aliis
1933 3346 2082 3412 capi-

520 3419 661 3473 tibus
695 3433 964 3487 contra_se
992 3423 1268 3473 admittere
1297 3427 1346 3472 et
1378 3431 1676 3487 agnoscere.

591 3489 664 3542 52
698 3487 845 3542 Crux
869 3485 1063 3556 Christi
1089 3489 1312 3556 fulcrum
1336 3499 1383 3542 et
1408 3482 1582 3555 fulgor
1603 3495 1675 3537 est
1701 3482 1815 3536 caeli
1837 3493 1883 3536 et
1907 3493 2082 3537 terrm.

590 3559 661 3614 55
697 3559 875 3613 Sacrte
908 3555 1208 3624 'Scripturte
1265 3559 1472 3612 lectioni
1511 3556 1717 3608 deditus
1759 3558 1914 3606 etiam
1958 3557 2084 3606 calo

520 3627 733 3694 dignam
765 3628 922 3681 vitam
958 3643 1111 3695 agere
1142 3630 1312 3681 debet.

593 3691 662 3752 55
704 3697 778 3750 De
812 3691 1277 3765 pravis'sodalitiis
1303 3695 1548 3757 vitandis,
1586 3703 1643 3748 ut
1681 3709 1797 3764 qua:
1825 3691 2085 3761 pernicio-

521 3769 735 3822 sissima
767 3769 892 3820 sint.
925 3767 1002 3820 De
1028 3768 1304 3821 interdicto
1337 3782 1455 3820 cum
1487 3767 1655 3819 brutis
1684 3766 1848 3817 coitu.

594 3839 664 3892 56
701 3836 820 3890 Pax
865 3853 967 3890 non
996 3837 1163 3891 ubivis
1201 3853 1291 3891 nec
1333 3852 1425 3906 per
1454 3839 1632 3889 omnia
1674 3843 1750 3887 est
1783 3835 1955 3906 bona._
1978 3831 2084 3885 Pro

523 3909 737 3961 veritate
795 3923 970 3975 pugna
1025 3923 1182 3976 quam
1231 3902 1348 3976 quis
1395 3907 1634 3973 suscipit,
1685 3905 1801 3972 paci
1854 3902 2085 3957 scelesta:

523 3977 700 4030 multis
733 3979 944 4031 antistat
980 3979 1166 4029 modis.

595 4047 661 4100 57
703 4045 822 4100 Pax
849 4057 922 4100 est
953 4047 1192 4108 colenda,
1221 4045 1346 4098 dum
1384 4045 1566 4107 pietati
1597 4043 1740 4096 haud
1764 4042 1937 4112 officit.

596 4118 666 4170 58
704 4115 994 4170 Iracundia
1024 4116 1309 4170 cohibenda
1347 4115 1494 4183 freno
1533 4116 1752 4167 rationis
1790 4126 1836 4168 et
1865 4114 2086 4181 pruden-

524 4188 613 4241 tia:
637 4202 658 4241 :
683 4188 958 4254 omniaque
986 4201 1103 4238 cum
1133 4185 1349 4240 consilio
1375 4185 1578 4252 agenda
1608 4195 1749 4254 sunt.

594 4258 667 4313 59
707 4257 846 4322 Quia
873 4252 1016 4308 dicta
1045 4256 1284 4324 factaque
1307 4254 1505 4307 indicta
1531 4253 1825 4323 infectaque
1849 4252 1967 4323 fieri
1996 4268 2087 4306 nec

525 4338 754 4396 queunt,
793 4327 922 4378 nihil
967 4328 1078 4379 sine
1111 4323 1306 4392 praevia
1350 4324 1745 4396 deliberatione,
1793 4323 2087 4396 vel_dicen-

525 4393 670 4454 dum.
709 4396 786 4450 vel
811 4397 1070 4463 agendum
1105 4407 1202 4458 est,
1237 4411 1300 4446 ne
1330 4395 1527 4462 alioqui
1553 4394 1852 4461 paenitentia
1877 4393 2087 4461 impru-

525 4467 719 4520 dentiae
747 4476 794 4519 et
827 4465 1221 4532 precipitantiae
1253 4464 1319 4517 sit
1353 4465 1650 4531 pedisequa.

598 4536 670 4589 40
709 4535 1008 4590 Salomonis
1051 4536 1171 4588 libri
1213 4536 1309 4587 hoc
1357 4534 1542 4587 ordine
1587 4532 1790 4600 legendi
1821 4541 1976 4595 sunt,
2027 4541 2083 4585 ut

528 4606 740 4658 initium
767 4606 863 4672 ﬁat
888 4622 920 4658 a
955 4601 1272 4668 Proverbiis,
1305 4605 1424 4656 inde
1445 4603 1513 4654 ad
1545 4601 1917 4666 Ecclesiasten,
1947 4613 1996 4655 et
2021 4604 2086 4655 ab

529 4679 626 4728 hoc
660 4677 728 4728 ad
775 4672 1052 4728 Canticum
1083 4675 1408 4727 canticorum
1441 4674 1776 4739 procedatur.
1827 4672 1893 4724 In
1930 4673 2091 4739 adgta

528 4755 800 4814 penetrare
837 4761 940 4797 non
975 4743 1156 4814 debet,
1177 4745 1265 4813 qui
1297 4744 1530 4795 nondum
1556 4742 1691 4814 atrii
1724 4759 1815 4794 seu
1849 4742 2088 4814 vestibuli

531 4811 769 4884 ingressu
787 4816 975 4882 dignus
994 4824 1089 4867 est.
1116 4811 1394 4866 Theoriam
1419 4811 1594 4881 praxis
1611 4815 1898 4879 prazcedere
1922 4811 2089 4864 debet.

603 4885 665 4939 4Ι
722 4883 886 4937 Varia
911 4885 1180 4936 hominum
1212 4897 1402 4952 genera
1433 4885 1805 4952 eteemosynas,
1846 4897 2092 4952 exercen-

533 4957 666 5009 tium
691 4955 892 5008 diverso
915 4955 1036 5020 fine.
1065 4951 1286 5006 l’rwstat
1305 4953 1493 5005 bonum
1521 4951 1714 5019 facere,
1739 4951 1975 5020 quamvis
2001 4966 2094 5020 per

533 5027 890 5086 ambitionem,
924 5039 1080 5092 quam
1113 5024 1166 5074 id
1193 5023 1349 5089 plane
1381 5023 1791 5088 praztermittere.

605 5095 676 5148 42
714 5093 925 5146 Ebriosi
951 5108 1092 5162 atque
1123 5109 1186 5145 ac
1221 5093 1460 5162 maledici
1488 5103 1533 5144 et
1564 5093 1797 5162 adulteri
1823 5101 1870 5144 et
1894 5101 2096 5145 scorta-

537 5175 674 5220 tores
702 5161 1048 5218 excludentur
1082 5180 1112 5214 a
1141 5178 1296 5231 regno
1322 5161 1588 5222 caelorum,
1621 5171 1746 5213 teste
1780 5161 1944 5214 Paulo
1971 5177 2097 5230 apo-

538 5235 696 5300 stolo,
719 5236 950 5300 quamvis
977 5234 1196 5286 diversis
1227 5233 1434 5284 interim
1461 5233 1623 5298 poenis
1650 5231 1926 5299 afﬁciendi.

606 5306 679 5359 45
717 5301 918 5358 Corvus
945 5302 1227 5372 ἄστοργος,
1265 5301 1380 5354 licet
1413 5303 1542 5372 avis,
1576 5301 1748 5353 Eliam
1779 5318 1994 5369 pascens
2020 5311 2101 5354 ta-

540 5377 640 5431 cite
673 5377 842 5442 ipsum
870 5375 933 5426 de
960 5371 1253 5440 mitiganda
1285 5374 1366 5424 ira
1395 5371 1690 5442 admonuit.

613 5440 701 5498 41
723 5444 950 5511 Quisque
972 5458 1067 5494 sua
1096 5458 1268 5510 ponus
1295 5441 1477 5492 merito
1505 5456 1660 5510 quam
1685 5441 1945 5509 majorum
1968 5440 2102 5494 deli-

545 5528 627 5568 cta
651 5515 936 5566 immeritus
963 5511 1382 5579 ιηὶι;ἇ.νασκεσ.›ὴ
1411 5512 1599 5563 veteris
1623 5511 1839 5564 diverbii
1865 5512 2102 5564 Judaici.

550 5585 734 5640 Patres
761 5589 1094 5637 comederunt
1124 5599 1275 5636 uvam
1303 5583 1562 5645 acerbam,
1587 5592 1634 5633 et
1663 5583 1896 5649 filiorum
1926 5584 2103 5635 dentes

545 5656 938 5722 obstupuerunt.

621 5721 799 5776 ’tSDe
843 5723 1100 5776 Susanna:
1143 5723 1437 5776 innocentia
1480 5738 1510 5773 a
1545 5721 1790 5774 senilibus
1829 5722 2106 5777 calumniis

551 5796 831 5862 vindicata,
867 5806 912 5847 et
944 5809 1090 5863 paena
1124 5795 1322 5856 iustiss.
1359 5794 1566 5848 senibus
1601 5807 1848 5862 irrogata.

1650 361 2210 424 PROLEGOMENA
2261 359 2460 418 EDlT.
2497 355 2740 416 PARIS.

3636 342 3722 410 156

2256 468 2326 520 46
2502 464 2723 516 Christo
2747 458 3080 526 prapinquos
3103 452 3264 510 eﬂicit

2506 534 2620 586 Non
2653 529 2930 599 sanguinis
2958 527 3231 599 cognatio,

2509 603 2613 656 Sed
2654 597 2891 667 Spiritus
2922 597 3174 667 imitatio,

2503 674 2570 727 Et
2597 665 2709 724 vita
2736 671 2988 723 virtutem
3020 665 3226 720 colens.

2255 791 2323 843 47
2364 788 2530 844 Deum
2567 785 2718 854 cujus
2761 782 3014 836 vindicem
3057 778 3268 833 oculum
3316 777 3447 854 nihil
3484 777 3602 854 latet
3647 789 3726 854 aut

2185 860 2368 928 effugit
2415 847 2940 928 animadversionem,
2983 859 3032 928 et
3062 859 3118 902 ut
3156 865 3387 928 severum
3409 847 3629 928 judicent
3670 851 3727 900 ti-

2183 920 2342 994 mere,
2374 939 2422 984 et
2461 936 2517 980 ut
2545 925 2923 990 benefactorem
2955 920 3413 974 clementissimum
3456 934 3520 972 ac
3547 920 3724 971 libera-

2185 1000 2444 1052 lissimum
2471 1011 2651 1048 amare
2673 994 2944 1048 debemus.

2255 1069 2323 1123 48
2361 1068 2599 1121 Christus
2644 1081 2675 1116 a
2722 1061 2941 1116 terrenis
2989 1059 3057 1112 ad
3107 1059 3336 1114 cxlestia
3383 1074 3473 1112 nos
3520 1074 3726 1122 vocans,

2185 1140 2285 1192 vim
2318 1138 2549 1192 divinam
2584 1134 2694 1188 suis
2723 1133 2892 1187 verbis
2921 1130 3186 1200 adjungit.

2251 1239 2323 1294 49
2360 1237 2590 1293 Gustum
2617 1251 2714 1290 nec
2743 1235 2910 1288 ullum
2939 1233 3104 1288 verba
3139 1233 3337 1286 habent
3368 1233 3545 1286 inania

2354 1308 2593 1377 Quisque
2615 1319 2967 1377 ergo_sermo_
2979 1303 3326 1377 condiendus
3353 1313 3434 1377 est
3463 1303 3591 1364 sale,

2363 1373 2532 1444 Quem
2566 1373 2914 1443 suppeditant
2938 1374 3138 1444 divina,
3155 1373 3480 1444 testimonia,

2361 1443 2428 1502 Et
2453 1446 2729 1516 praemium
2765 1444 3005 1508 cteleste,
3039 1452 3094 1497 et
3124 1443 3314 1512 judicii
3348 1452 3537 1496 metus.

2251 1546 2321 1601 50
2364 1547 2596 1600 Herodes
2651 1555 2767 1611 post
2822 1544 2972 1597 illam
3028 1543 3209 1612 populi
3271 1541 3727 1594 acclamationem:

2183 1633 2206 1670 t
2246 1616 2358 1671 Vox
2379 1617 2473 1670 Dei
2502 1627 2549 1669 et
2575 1633 2677 1668 non
2706 1617 2952 1677 hominis,
2986 1633 3004 1665 ι
3035 1614 3285 1665 divinitus
3313 1612 3540 1679 punitus,
3573 1626 3730 1662 exem-

2177 1688 2265 1758 plo
2293 1704 2387 1758 suo
2419 1687 2589 1750 docet,
2630 1686 2980 1758 poenas_dare
3017 1699 3124 1744 eos,
3158 1682 3253 1758 qui
3283 1682 3605 1758 adulationes
3644 1683 3730 1732 im-

2181 1751 2554 1827 piasialiorum
2585 1753 2917 1827 admiserint,
2962 1769 3053 1827 nec
3086 1751 3532 1827 reprehenderint.

2255 1826 2319 1879 51
2366 1824 2593 1885 Paulus,
2627 1839 2745 1875 cum
2773 1824 2848 1874 ait
2878 1837 2896 1874 :
2933 1840 2950 1869 t
2987 1820 3315 1889 Cooperatur
3355 1821 3420 1872 iis
3459 1821 3545 1881 qui
3570 1838 3730 1874 secun-

2182 1897 2308 1948 dum
2341 1896 2662 1964 propositum
2703 1894 2871 1944 vocati
2905 1903 3043 1964 sunt,
3079 1889 3424 1964 s‘signiﬁcat,
3460 1906 3556 1964 non
3599 1892 3728 1957 suffi-

2181 1981 2296 2018 cere
2338 1960 2406 2018 ad
2437 1960 2700 2024 salutem,
2747 1972 2800 2014 ut
2851 1963 2964 2030 quis
3008 1977 3040 2010 τι
3091 1960 3194 2030 Deo
3239 1960 3589 2030 vocatusgsit,
3639 1962 3730 2011 uisi

2181 2035 2336 2088 etiam
2378 2034 2595 2086 accedat
2643 2047 2708 2084 ex
2750 2028 2899 2098 parte
2948 2029 3114 2084 vocati
3149 2029 3386 2082 studium
3432 2028 3725 2092 obsequendi

2181 2104 2437 2158 vocationi
2469 2103 2683 2155 divinae.

2252 2174 2323 2226 52
2370 2173 2651 2227 Peccatum
2697 2181 2861 2223 morte
2903 2170 3112 2240 gravius
3154 2177 3252 2220 est.
3317 2164 3543 2222 Prwstat
3587 2169 3732 2235 igitur

2179 2246 2313 2296 mori
2351 2244 2608 2310 integrum
2629 2249 2677 2292 et
2709 2240 3175 2310 incontaminatum
3203 2249 3614 2310 peccat_o,_quam
3645 2244 3731 2288 ad-

2177 2314 2381 2365 mittere
2409 2305 2697 2377 peccatum,
2745 2321 2800 2361 ut
2833 2308 3311 2369 immortalitatem,
3343 2306 3392 2358 si
3419 2305 3534 2372 fieri
3561 2309 3733 2372 possit,

2179 2385 2497 2450 assequaris.

2252 2445 2323 2504 55
2365 2450 2682 2517 Evangelica
2733 2458 2991 2516 prtecepta
3032 2445 3351 2513 perfectione
3394 2462 3492 2497 sua
3535 2447 3736 2498 vincunt

2179 2531 2228 2573 et
2258 2521 2352 2588 jus
2395 2531 2620 2584 naturat,
2662 2528 2711 2572 et
2756 2520 2918 2587 legent
2967 2517 3235 2582 scriptam,
3286 2527 3333 2567 et
3379 2518 3732 2583 prophetarum

2179 2591 2420 2644 oracula.

2250 2658 2319 2712 54
2371 2657 2575 2712 Norma
2616 2673 2678 2709 ac
2719 2656 2958 2725 definitio
2997 2653 3335 2708 exactissima
3378 2655 3578 2725 virtutis
3627 2652 3727 2707 lucc

2177 2738 2277 2793 est,
2304 2745 2458 2798 quam
2481 2731 2694 2847 quisque
2729 2723 2794 2778 in
2809 2742 2864 2779 se
2886 2727 2996 2790 ipso
3035 2726 3282 2791 possidet.
3314 2743 3330 2774 ι
3365 2723 3572 2785 Omnia,
3603 2739 3734 2790 qum-

2183 2813 2386 2847 cunuue
2425 2814 2481 2847 vo
2508 2799 2711 2847 ueritis.
2753 2806 2808 2847 ut
2855 2795 3053 2847 faciant
3104 2795 3243 2847 vobis
3287 2793 3543 2847 homines.
3571 2804 3615 2845 et
3658 2810 3734 2845 vos

2183 2793 2386 2864 cunque
2425 2793 2711 2862 volueritis,
2753 2806 2808 2848 ut
2853 2795 3053 2862 faciant
3104 2795 3243 2848 vobis
3287 2793 3543 2856 homines,
3571 2804 3615 2845 et
3658 2810 3746 2848 vos.

2179 2867 2339 2936 facite
2370 2868 2515 2936 ipsis.
2554 2886 2574 2918 ι

2251 2938 2319 2991 55
2359 2935 2536 2991 Causa
2563 2935 2794 2989 omnium
2836 2933 3096 2987 malorum
3127 2932 3596 3000 dissidentiumque
3625 2933 3732 2998 cpi-

2182 3007 2398 3059 nionum
2444 3017 2517 3057 est
2577 3008 2812 3069 ambitio,
2866 3022 2968 3056 non
3019 3002 3190 3069 solum
3247 3003 3302 3055 in
3355 3001 3608 3060 Ecclesia.
3655 3003 3734 3053 sed

2181 3078 2340 3130 etiam
2371 3079 2424 3128 in
2463 3075 2792 3142 philosophia
2831 3073 3096 3127 swculari.
3135 3071 3282 3125 Tolle
3314 3071 3480 3141 igitur
3510 3072 3734 3124 ambitio-

2180 3159 2320 3208 nem,
2354 3156 2400 3198 et
2427 3146 2680 3198 hatresum
2712 3145 2907 3213 fontem
2937 3144 3288 3195 obstruxeris.

2255 3214 2326 3269 56
2361 3213 2588 3268 Ambitio
2635 3223 2686 3267 et
2715 3211 3027 3280 anticipata
3066 3213 3242 3282 Opinio
3279 3211 3504 3264 hazreses
3547 3225 3739 3278 pepere-

2183 3295 2328 3339 runt.

2253 3353 2320 3408 57
2360 3352 2492 3405 Cum
2532 3355 2692 3408 etiam
2722 3361 2843 3406 ante
2875 3360 3056 3405 natum
3099 3348 3371 3404 Christum
3408 3349 3542 3402 inter
3584 3348 3739 3401 homi-

2185 3439 2273 3476 nes
2304 3425 2540 3476 omnibus
2575 3423 2783 3476 steculis
2818 3421 3170 3475 contentiones
3196 3421 3517 3481 exstiterint,
3548 3435 3642 3470 non
3671 3429 3737 3468 est

2187 3496 2380 3545 mirum
2433 3495 2572 3560 quod
2613 3493 2854 3546 diabolus
2889 3495 3046 3544 etiam
3091 3501 3206 3560 post
3253 3488 3520 3544 Christum
3570 3501 3738 3540 nutum

2185 3565 2361 3616 varias
2390 3563 2628 3615 excitarit
2665 3566 2907 3614 lttt'reses.

2255 3631 2324 3686 58
2378 3631 2510 3697 Qua!
2547 3633 2653 3684 sint
2712 3633 2850 3697 apud
2901 3628 3190 3698 apostolum
3232 3626 3435 3681 ludant
3478 3626 3638 3679 stella'
3673 3642 3740 3677 er-

2185 3711 2385 3766 rantes,
2414 3702 2599 3772 quibus
2629 3703 2797 3770 caligo
2820 3705 3148 3754 tenebrarum
3175 3709 3384 3750 servata
3416 3708 3489 3750 est
3516 3699 3568 3749 in
3603 3710 3740 3750 mter-

2185 3786 2217 3822 η
2226 3788 2309 3822 um
2318 3812 2332 3824 .

2258 3841 2326 3895 59
2369 3840 2507 3905 Quid
2537 3841 2605 3894 sit
2636 3840 2775 3908 apud
2802 3838 3049 3900 Paulum,
3073 3835 3273 3908 Rom_._l
3299 3853 3314 3888 :
3349 3854 3368 3886 t
3405 3834 3640 3888 Tradidit
3665 3850 3749 3908 eos

2188 3909 2327 3963 Deus
2354 3902 2410 3962 in
2437 3902 2708 3977 reprobum
2741 3925 2970 3970 sensum,
3004 3926 3022 3958 ι
3061 3917 3166 3958 etc.
3205 3902 3438 3977 Tradere
3464 3916 3537 3957 est
3583 3905 3739 3957 nudu—

2187 3987 2299 4032 tum
2337 3974 2539 4032 auxilio
2579 3981 2751 4033 divino
2782 3980 3064 4040 dimittere,
3093 3983 3141 4027 et
3185 3974 3482 4042 relinquere
3524 3988 3741 4027 ruentem

2185 4052 2398 4118 proprio
2426 4053 2636 4117 impetu,
2667 4065 2767 4100 non
2805 4059 2978 4118 autem
3010 4043 3268 4118 impellere
3293 4048 3349 4096 in
3381 4045 3608 4118 facinus.

2257 4111 2326 4174 60
2365 4111 2661 4182 Quo-sensu
2683 4118 2871 4170 dixerit
2914 4115 3136 4179 Paulus,
3165 4113 3319 4168 Rom.
3350 4131 3367 4168 ι
3396 4130 3410 4166 :
3443 4131 3460 4163 t
3496 4111 3616 4165 Non
3655 4129 3738 4166 so-

2187 4187 2296 4258 lum
2327 4191 2413 4258 qui
2440 4204 2503 4258 ea
2533 4190 2755 4257 faciunt,
2785 4191 2873 4239 sed
2904 4189 3058 4237 etiam
3079 4185 3166 4258 qui
3187 4186 3526 4258 consentiunt
3555 4183 3746 4251 facien-

2189 4255 2351 4311 tibus.
2377 4277 2395 4308 s
2425 4255 2644 4311 Gravius
2669 4270 2740 4310 est
2758 4269 3053 4324 peccantent
3072 4256 3308 4315 laudare,
3337 4263 3386 4305 et
3409 4255 3620 4305 alterius
3649 4256 3738 4303 int-

2187 4328 2406 4398 p_robum
2460 4328 2657 4398 factum
2687 4327 3038 4398 comprobare,
3093 4339 3250 4390 quam
3299 4324 3474 4391 ipsum
3517 4337 3738 4390 peccare.

2189 4394 2404 4464 Confer.
2441 4394 2522 4462 ep.
2551 4397 2620 4450 84
2645 4397 2810 4464 infra.

2258 4460 2321 4519 61
2374 4460 2634 4520 υε⁷άὶςιο
2683 4460 2865 4527 Pauli,
2913 4460 3061 4515 Rom.
3105 4476 3142 4515 ll
3176 4483 3188 4515 :
3225 4479 3244 4513 t
3274 4461 3462 4515 Gloria
3495 4474 3542 4515 et
3595 4461 3748 4513 hortor

2191 4543 2374 4657 aluos:
2419 4539 2559 4590 omni
2607 4535 2844 4604 aperanti
2886 4535 3118 4594 bonum,
3166 4530 3361 4586 Judwo
3407 4535 3664 4599 primunt,
3701 4541 3760 4584 et-

2242 4621 2396 4657 ra'co.
2428 4624 2446 4657 s

2242 4621 2396 4658 τίετο.
2428 4624 2446 4658 ι

2262 4675 2330 4726 62
2379 4673 2657 4729 Peccatum
2703 4674 2814 4727 sine
2863 4673 2970 4740 lege
3020 4680 3283 4723 mortuum
3338 4680 3438 4725 est.
3493 4671 3597 4736 Qui
3637 4670 3742 4723 sine

2191 4743 2302 4811 lege
2323 4756 2558 4811 peccant,
2589 4745 2766 4796 mitius
2791 4744 3097 4810 puniuntur,
3119 4741 3396 4811 quam__qui
3423 4741 3518 4794 sub
3548 4743 3672 4808 lege.

2264 4808 2334 4868 65
2374 4814 2448 4868 De
2469 4808 2608 4867 dicto
2645 4808 2818 4877 Pauli,
2854 4811 3002 4864 Ront.
3031 4824 3125 4861 vm
3155 4827 3168 4862 :
3203 4825 3222 4860 t
3259 4808 3386 4862 Non
3418 4821 3541 4864 sunt
3580 4810 3752 4862 condi-

2195 4899 2311 4951 gna:
2352 4887 2618 4949 passiones
2665 4883 2822 4950 hujus
2866 4879 3112 4947 temporis
3155 4877 3224 4931 ad
3259 4881 3504 4949 futuram
3537 4881 3749 4950 gloriam

2196 4957 2251 5006 in
2279 4954 2425 5006 nobis
2464 4953 2816 5007 revelandam.
2853 4969 2873 5003 s

2268 5024 2337 5075 64
2376 5022 2572 5077 Christi
2607 5026 2663 5075 in
2702 5038 2911 5075 carnem
2943 5023 3194 5075 adventus
3237 5031 3494 5088 quantum
3529 5019 3644 5072 boni
3677 5027 3754 5068 ct-

2199 5093 2375 5145 tulerit
2421 5094 2571 5146 rebus
2620 5093 2881 5145 humanis.
2928 5091 3040 5159 Qui;
3069 5093 3222 5157 perit,
3270 5105 3368 5142 sua
3414 5089 3571 5159 culpa
3609 5089 3752 5157 perit,

2198 5164 2336 5230 quod
2367 5164 2637 5215 victoriam
2662 5161 2840 5214 labore
2869 5177 3054 5230 parare
3088 5159 3394 5230 neglexerit.

2272 5233 2340 5284 ϋῦ
2376 5232 2561 5286 Gratia
2592 5233 2685 5284 Dei
2714 5247 2807 5300 per
2838 5231 2993 5300 fidem
3027 5225 3490 5300 justificatibonis
3527 5225 3756 5300 operibus

2201 5303 2434 5366 studere,
2462 5314 2507 5354 et
2542 5302 2699 5370 fidem
2714 5297 2924 5368 'altoqhi
2957 5313 3214 5351 mortuam
3244 5299 3506 5363 animare,
3541 5307 3591 5349 et
3616 5297 3755 5348 salu-

2203 5384 2302 5424 tem
2337 5388 2487 5424 suam
2519 5370 2722 5439 operari
2755 5370 2959 5422 debent.

2387 5433 2584 5520 Divina:
2613 5456 2692 5493 res
2716 5455 2891 5492 omnes
2917 5438 3053 5509 ignis
3087 5438 3292 5491 nomine
3321 5437 3376 5490 in
3412 5437 3580 5489 sacris
3611 5433 3760 5486 Litte-

2206 5513 2278 5563 ris
2306 5513 2678 5577 insigniuntur.

2279 5581 2344 5633 67
2395 5574 2733 5632 Ethnicorum
2761 5579 2956 5646 scripta
2982 5593 3096 5630 cum
3122 5577 3289 5629 sacris
3313 5574 3532 5627 Litteris
3561 5590 3759 5646 compaf

2209 5664 2415 5703 rantur.
2448 5650 2553 5702 Illa
2581 5667 2682 5702 non
2703 5650 2771 5700 ad
2805 5643 3038 5700 omnium
3064 5649 3315 5698 lectorum
3343 5647 3646 5705 utilitatem,
3677 5643 3760 5694 sed

2211 5723 2277 5772 ad
2327 5731 2601 5772 auctorum
2645 5720 2867 5786 gloriam
2914 5719 3243 5784 diriguntur;
3297 5727 3344 5768 et
3397 5731 3646 5786 pomposu
3676 5713 3759 5786 tlt-

2213 5792 2360 5844 cendi
2385 5806 2567 5860 genere
2605 5784 2843 5844 utuntur.
2877 5789 2976 5841 Ηιε
3015 5787 3082 5839 ad
3118 5788 3367 5848 omnium,
3421 5788 3584 5842 etiam
3631 5784 3770 5837 illius
