1962 3208
97 178 144 212 157

94 243 189 268 tmm,
203 237 349 263 utilitatem
369 244 402 263 ac
418 235 530 262 salutem
544 234 707 269 referuntur,
725 241 749 262 et
765 237 880 270 simplici

93 273 209 299 oratione
227 281 268 299 res
280 273 385 299 divinas
400 276 425 298 et
442 271 566 298 sublimes
580 275 726 303 exponunt.

126 307 161 334 68
180 307 253 334 lnter
272 307 423 342 jussionem
444 312 467 333 et
482 305 682 341 permissionem
712 306 825 334 multum
845 307 884 334 in-

93 348 178 369 terest.

127 377 161 404 69
178 378 218 405 De
231 378 404 410 inscriptione
425 375 521 402 Attica:
548 383 623 403 arte:
640 384 650 401 ε
670 375 764 411 Ignoto
785 376 850 404 Deo.
871 385 881 403 s

97 412 162 447 Ejus
174 414 243 439 ratio
258 421 291 439 ea:
305 411 422 439 historiis
439 411 556 447 repetita.

130 447 163 475 70
181 447 331 475 Consilium
347 446 551 474 saluberrimum
565 446 596 473 de
610 445 683 473 bellis
697 452 722 474 et
739 446 885 481 contentio-

95 483 166 510 nibus
188 484 259 509 inter
276 482 395 509 homines
420 481 574 515 sopiertdis.‘
589 489 679 514 nempe
700 490 732 509 ne
755 483 822 508 tanti
843 490 885 509 res

96 522 211 558 externas
227 518 374 552 faciamus,
392 517 437 544 sed
453 517 510 543 suis
528 517 617 551 potius
639 517 800 551 ponderibus
817 525 884 545 esa-

96 561 231 580 mutnus.

129 587 156 615 71
180 587 292 615 Formm
304 586 529 621 pulchritudinem
540 586 606 613 nihil
622 587 728 614 obstare
739 586 883 622 quominus

125 623 146 649 is
169 624 322 650 castitatem
345 622 415 649 colat
440 622 588 652 illibatam.
609 622 737 656 probatur
757 621 884 654 exemplis

100 656 198 691 Iosephi
220 664 248 685 et
271 657 414 685 Susanna.
438 656 594 685 Notandum
613 662 706 684 contra
727 656 884 685 sententiam

100 692 216 720 Ovidiani
238 700 330 720 uersus
348 700 359 720 :
499 690 505 695 ”

159 701 215 719 tam
238 700 330 720 ῑνεηωε
348 700 359 720 ἔ

142 727 188 755 Lis
200 732 246 759 est
257 735 321 755 cum
337 727 423 754 forma
439 733 537 761 magna
549 726 697 760 pudicitia.

126 762 159 789 72
179 762 243 789 Non
259 770 322 795 opes
333 767 357 789 et
371 762 487 795 potentia
498 765 522 788 et
536 761 648 795 felicitas
662 761 824 794 accusanda,
838 761 884 788 sed

97 798 194 858 sui?”
212 797 273 832 ejus
292 797 338 832 qui
353 797 394 824 his
411 805 463 824 non
478 800 546 823 recte
565 797 663 828 utitur,
679 797 707 823 in
721 797 822 824 crimen
838 804 885 824 uo-

97 841 140 858 ιιι
160 841 201 858 us.

97 841 201 859 aluus.

127 867 161 894 73
179 867 271 902 Typus
292 874 362 894 arcte
376 866 497 901 foederis,
518 870 543 902 et
564 866 756 902 propitiatorii,
780 871 804 893 et
825 865 886 893 che-

97 903 189 935 rubim,
204 901 233 929 Et
246 910 364 933 manna.
386 908 410 929 et
429 902 504 935 virga
519 901 643 933 Aaronis,
659 901 721 935 quid
739 902 883 929 denotarit.

128 910 189 935 om,
207 910 233 929 et
246 910 364 933 manna.
386 910 410 929 et
429 910 471 928 vir
488 910 504 928 a
519 910 643 933 naronu,
659 910 720 935 quia
739 910 883 929 aenotartt.

128 938 161 964 7h
189 937 449 972 Judtzi,rpostquam
471 910 606 972 Christum
629 939 712 964 tantis
741 936 885 972 affecerunt

94 972 271 1007 contumeliis.
289 971 364 1006 ﬁnali
377 971 412 999 'et
433 979 566 1007 nunquam
586 971 765 999 instaurando
781 971 884 998 excidio

92 1015 110 1033 ι
126 1006 179 1033 Deo
189 1008 278 1034 puniti
293 1012 364 1034 sunt.

131 1042 165 1069 75
182 1040 341 1069 Iudaeorum
361 1041 508 1075 captivitas,
532 1048 610 1075 quam
638 1049 655 1068 a
681 1040 808 1068 Romanis
828 1048 887 1073 per-

95 1078 165 1109 pessi
179 1082 253 1109 sunt,
269 1077 328 1103 ideo
355 1085 372 1103 a
395 1076 496 1103 nemine
512 1076 565 1103 alio
583 1083 757 1111 prteterquam
771 1075 887 1110 Josepho

92 1111 191 1138 Iudaeo
205 1111 319 1139 describi
336 1111 438 1144 debuit,
463 1117 491 1138 ut
508 1111 561 1145 ﬁde
572 1111 676 1146 dignior
694 1115 760 1138 esset
775 1111 888 1138 historia

93 1147 216 1181 exemplo
227 1146 374 1173 carentium
389 1154 581 1173 terumnarum.

133 1180 174 1208 76'
193 1181 312 1216 Regnum
337 1181 461 1207 ctelorum
488 1182 541 1216 sive
565 1181 725 1214 preconium
751 1180 888 1216 Evangelii

94 1225 178 1251 quare
191 1215 251 1243 cum
264 1217 460 1251 granoisinapis
477 1225 493 1251 a
511 1215 617 1243 Christo
629 1215 790 1250 conferatur.

135 1252 168 1278 77
187 1251 318 1285 Josephus
330 1250 464 1285 Egyptiai
476 1250 580 1285 feminte
593 1256 617 1278 et
629 1250 748 1277 libidinis
759 1252 853 1278 victor.

135 1287 171 1314 78
195 1285 323 1313 Virtutem
339 1294 394 1312 esse
414 1294 469 1312 rem
491 1286 691 1319 imperatoriam
706 1290 730 1312 et
747 1286 840 1320 ubique
861 1287 890 1314 in

98 1322 191 1382 (ﬂabris
213 1324 323 1355 fortuna
348 1321 493 1354 victricem,
517 1320 616 1348 illustri
639 1321 758 1355 exemplo
779 1320 889 1357 Josephi

98 1367 145 1382 πη)
164 1363 235 1382 atur.

119 1363 235 1385 νυυαιιπ.

148 1367 161 1382 υ
228 1377 235 1383 .

98 1367 292 1419 rroismgtrsulus
315 1399 360 1418 uas
385 1390 520 1418 electionis
545 1390 678 1426 vitanon
702 1391 791 1426 minus
811 1399 890 1426 quam

103 1434 218 1455 sermone
233 1430 346 1461 potens,.
360 1426 479 1458 exemplo
501 1430 539 1452 est
556 1425 699 1452 antistibus
724 1425 850 1453 Ecclesiae
866 1431 890 1452 et

103 1463 170 1490 uerbi
194 1462 278 1488 divini
299 1462 474 1495 pra'conibus,
491 1465 519 1487 ut
534 1461 615 1488 vitam
634 1461 891 1495 irreprehettsibilem

105 1497 226 1524 doctrinm
238 1497 357 1523 veritatis
373 1499 506 1522 astruant.

137 1532 172 1558 80
195 1532 250 1558 Cur
272 1531 369 1557 dixerit
396 1535 469 1564 pop.‘
479 1530 545 1558 Jud.
566 1528 714 1557 ἕλικά-ιιι
736 1530 890 1565 (secundum

107 1567 187 1594 οῖσι.
200 1566 347 1600 interpret.)
365 1575 374 1591 ε
391 1565 487 1592 Omnia
498 1573 657 1600 quacunque
670 1565 736 1592 dixit
749 1565 888 1599 Dominus,

109 1603 239 1637 faciemus,
253 1606 278 1628 et
295 1602 444 1628 audiemus.
461 1610 472 1626 ι
494 1600 531 1627 In
544 1600 619 1627 rebus
633 1601 728 1627 divinis
740 1601 831 1635 praxis
843 1610 888 1629 co-

108 1638 214 1673 gnition;
230 1637 305 1673 prior
318 1641 367 1673 est.

137 1673 165 1699 81
188 1668 312 1698 Derdicto
328 1670 436 1703 Christi,
450 1669 547 1698 Matth.
561 1677 598 1698 vu
612 1678 621 1697 :
639 1677 649 1695 ι
665 1668 727 1697 Non
744 1675 828 1703 potest
843 1679 886 1698 ar:

109 1708 149 1733 bor
165 1707 234 1733 mala
250 1706 353 1741 fructus
368 1706 447 1732 bonos
462 1705 558 1740 facere.
588 1715 597 1731 s
621 1704 660 1741 Et,
678 1705 711 1731 de
727 1705 797 1732 dicto
811 1705 892 1733 Pauli

109 1741 185 1811 ἓν
203 1749 223 1768 ιι
237 1750 245 1768 :
265 1749 275 1767 ‹
290 1741 423 1768 Animalis
434 1742 512 1768 homo
524 1748 575 1767 non
588 1740 699 1775 percipit
712 1748 743 1767 ea
757 1748 815 1775 qua:
829 1746 891 1768 sunt

148 1785 167 1802 η
180 1785 222 1803 us.
238 1785 250 1803 s

148 1782 222 1803 "ill.
238 1785 250 1803 D

137 1811 168 1838 εἰ
187 1811 227 1839 De
242 1810 439 1845 sapientissimo
453 1815 656 1845 temperamento
675 1809 703 1836 in
723 1811 807 1838 sacris
833 1810 891 1838 Lit-

110 1853 161 1873 teris
180 1855 196 1873 a
219 1844 279 1873 Deo
297 1846 426 1877 adhibito,
449 1844 510 1872 cum
530 1853 574 1872 eas
591 1844 688 1877 partim
711 1846 836 1872 obscuras
860 1854 892 1873 ac

110 1882 225 1916 dtﬁciles,
250 1881 348 1915 partim
362 1880 457 1913 planas
474 1885 556 1916 atque?
568 1884 673 1916 apertas
691 1883 853 1916 essequotuit.

140 1914 172 1944 85
190 1918 254 1944 Alia
265 1920 329 1942 sunt
342 1916 444 1950 ὲφικτά
457 1923 464 1931 ο
480 1917 535 1942 alia
547 1914 697 1948 δυσέφικτα
708 1922 716 1930 ·
731 1914 785 1941 alia
799 1916 892 1950 ἀνέφι-

109 1961 184 1984 ιτα,ιι
197 1959 252 1986 quo
266 1956 396 1986 postremo
408 1959 500 1986 genere
515 1950 697 1986 investigando
708 1952 810 1986 penitus
825 1952 889 1978 abs-

108 1984 238 2022 tinendum
252 1984 302 2018 est,
327 1984 472 2012 secundum
491 1985 558 2012 illud
577 1991 587 2012 .'
610 1984 698 2020 ἀρχὴν
717 1984 747 2011 δὲ
759 1985 845 2022 θηρᾷν
860 1986 891 2014 οὺ

106 2021 247 2058 πρέπετά
261 2022 383 2058 μήχαῖατ

136 2057 168 2084 Sb
186 2054 329 2085 Sententia
344 2055 446 2090 injusta
467 2054 567 2082 malum
583 2054 688 2090 facinus
707 2055 891 2090 comprobata,

108 2092 216 2120 deterior
226 2097 265 2119 est
276 2099 309 2117 eo
319 2088 406 2132 quiiid
417 2088 587 2152 perpetravit.
596 2088 675 2124 Conf.
688 2097 732 2125 ep.
743 2090 788 2120 60.
800 2088 890 2125 supra.

134 2128 168 2152 85
185 2127 232 2152 Ad
246 2125 328 2152 Pauli
343 2125 443 2152 dictum
481 2130 513 2152 tt.
529 2132 550 2152 ι.
568 2133 578 2151 ι
591 2123 678 2151 Deum
692 2133 720 2152 se
741 2133 816 2152 nosse
829 2134 890 2152 eon-

134 2128 168 2155 85
185 2127 232 2154 Ad
246 2123 330 2153 Pauli
343 2123 443 2152 dictum
459 2123 513 2152 Tit.
529 2132 550 2155 ι.
568 2133 578 2151 ι
591 2123 678 2151 Deum
692 2123 720 2153 se
741 2133 816 2153 nosse
829 2123 892 2152 con-

105 2163 227 2197 ﬁtatur;
243 2161 434 2197 faetisrautem
459 2164 566 2197 negant.
585 2169 605 2197 s_
619 2159 682 2197 Non
703 2160 769 2197 satis
791 2166 830 2197 est
847 2169 892 2189 ore

102 2194 181 2224 Deu-
195 2194 292 2231 fateri,
308 2196 358 2231 nisi
373 2200 399 2223 et
417 2194 499 2230 opere
508 2194 629 2229 fatearis.
646 2194 740 2222 Sermo
752 2195 830 2230 factis
847 2204 891 2224 να-

103 2241 161 2260 cus
175 2230 275 2264 parum
290 2230 360 2258 oalet
374 2231 409 2257 ad
423 2230 643 2265 persuadendum.

133 2267 167 2295 86
185 2266 244 2294 Lex
259 2266 367 2293 talionis
375 2264 501 2300 justitite,
515 2266 569 2292 imo
581 2268 606 2300 et
620 2264 794 2292 humanitatis
802 2266 890 2300 potius

100 2311 176 2336 quin
200 2301 353 2335 iniquitatis
374 2304 422 2326 aut
444 2299 608 2336 crudelitatis
633 2299 712 2334 plena
737 2305 787 2328 est.
803 2299 892 2336 'Couf.

98 2334 138 2370 ep.
157 2337 212 2364 153
228 2334 253 2363 ιζ
267 2343 300 2369 II,
315 2342 338 2362 et
357 2336 385 2363 h.
401 2343 443 2369 ep.
456 2334 520 2370 209.

133 2373 167 2400 87
190 2371 354 2399 Mandatum
368 2371 416 2398 Dei
437 2371 472 2397 ad
491 2369 641 2403 lsraelitas,
660 2375 689 2398 ut
704 2369 893 2405 (Egyptiorum

96 2416 159 2434 casa
181 2406 337 2441 auferrent,
355 2406 463 2440 justiss.
489 2410 514 2431 et
531 2406 712 2439 aequissimum
727 2406 787 2439 fuit,
810 2410 893 2439 perti-

95 2450 158 2469 nens
171 2445 210 2469 ad
222 2441 462 2474 compensationem
476 2441 624 2467 mercedum
636 2449 684 2476 pro
700 2446 738 2467 tot
762 2449 895 2468 annorum

92 2477 216 2504 servitiis
232 2476 395 2502 debitarutn.

129 2512 166 2540 88
189 2510 354 2538 Exhortatio
368 2509 404 2536 ad
422 2509 538 2537 studium
561 2509 680 2536 lectionis
696 2514 721 2536 et
744 2510 896 2538 meditatio-

92 2548 134 2574 nis
151 2547 348 2583 quotidianum
362 2545 482 2583 exemplo
497 2544 627 2583 fimothei
635 2549 663 2583 st
675 2544 755 2583 Pauli
768 2546 894 2583 apostoli.

92 2580 235 2610 lenioria
250 2581 308 2608 sine
321 2580 454 2607 eurcitiis
468 2580 595 2614 facillime
614 2580 750 2607 obsolescit
764 2587 788 2608 et
803 2581 896 2608 oblite-

91 2623 186 2644 ratur.

129 2654 169 2680 89
191 2650 328 2686 Pauperis
344 2658 397 2676 non
410 2654 510 2686 oportet
520 2649 746 2686 commiseratione
757 2650 896 2686 moveriin

91 2688 215 2721 iudicio,
233 2685 370 2720 multoque
390 2686 475 2712 minus
490 2685 577 2719 fauere
598 2685 710 2713 divitum
733 2685 895 2712 insatiabili-

93 2725 143 2749 bus
163 2721 374 2756 cupiditatibus.

130 2758 170 2785 90
197 2753 313 2785 Ruditas
329 2757 387 2789 ipsa
401 2760 482 2782 morte
495 2753 571 2789 pejus
585 2754 721 2790 fugienda,
741 2760 765 2781 et
780 2756 897 2789 quotidie

98 2792 214 2819 lectioni
247 2799 279 2818 ac
311 2790 477 2817 meditationi
506 2798 592 2817 sacrte
618 2790 764 2823 Scriptum
793 2791 897 2818 incum-

100 2828 230 2854 tendunt.

137 2862 172 2888 9|
203 2862 293 2889 Sacrae
317 2860 423 2887 Litterte
451 2861 571 2888 omnibus
595 2860 711 2886 omnium
738 2861 896 2894 sapientium

108 2898 312 2937 isriptis‘lonqs
327 2897 467 2931 antistant,
488 2904 569 2932 eaque
587 2896 691 2930 vincunt
710 2896 897 2931 perspicuitate

662 179 946 212 PROLEGOMENA
965 182 1066 212 EDIT.
1087 183 1209 213 PARIS.

1676 185 1728 218 158

935 244 959 265 et
979 239 1132 273 compendio
1152 239 1238 266 omnis
1262 238 1350 273 oﬁicii.
1370 237 1451 265 Varia
1467 240 1601 266 variorum
1623 239 1728 267 dicendi

935 282 1042 307 genera.
1056 273 1163 308 Confer.
1178 282 1219 305 ep.
1238 273 1255 300 ὅ
1268 273 1317 300 lib.
1334 279 1358 300 et
1375 274 1403 300 h.
1415 273 1435 300 l.
1452 282 1493 307 ep.
1512 274 1559 306 28,
1576 273 1610 300 76
1623 279 1648 301 et
1666 275 1726 301 “0.

935 307 971 335 Et
996 317 1029 335 ea:
1053 307 1149 342 parte,
1174 316 1227 343 qua
1259 308 1291 336 de
1323 309 1477 343 compendio
1507 309 1612 336 uirtutis
1646 310 1728 336 etiam

934 352 976 378 ep.
996 343 1030 371 5'5
1043 349 1067 370 et
1083 343 1126 375 54,
1144 344 1171 372 Ιι.
1188 344 1208 370 l.

971 378 1007 406 92
1025 379 1064 405 Ab
1078 379 1152 405 inani
1166 379 1331 406 contentione
1345 378 1505 405 dehortatio.

971 414 1007 442 93
1025 413 1104 440 Beati
1125 420 1185 440 sunt
1206 415 1251 446 qui
1265 414 1348 448 falsas
1363 418 1469 447 propter
1480 412 1617 441 Christum
1633 419 1727 441 contu-

934 449 1028 476 melias
1042 449 1181 478 sustinent.
1199 448 1306 483 Confer.
1323 456 1364 481 ep.
1381 447 1432 474 190
1445 448 1472 474 h.
1488 448 1507 475 l.

971 484 1007 511 94
1029 493 1039 509 ‹
1060 483 1150 510 Nolite
1171 489 1232 510 ante
1253 490 1353 517 tempus
1370 483 1516 517 judicare,
1535 492 1545 509 ι
1560 483 1728 510 interdictum

936 517 1078 545 Paulinum
1105 518 1120 545 1
1150 518 1212 545 Cor.
1236 526 1274 552 tv,
1302 518 1434 554 quomodo
1447 522 1472 545 et
1491 518 1584 554 quibus
1600 518 1635 545 de
1652 519 1728 545 rebus

936 554 1118 585 accipiendum
1135 553 1179 580 sit.

970 588 1005 616 95
1025 587 1152 621 Quamuis
1170 593 1239 615 recte
1263 593 1287 615 et
1309 587 1453 621 apostolico
1474 594 1607 622 praecepto
1629 595 1725 615 conue-

935 624 1037 663 nienter
1057 623 1151 657 faciat,
1173 622 1381 663 qute'injuriam
1404 622 1454 649 sibi
1475 622 1574 663 factam
1593 623 1728 663 patienter

935 659 1041 688 tolerat.
1059 663 1148 686 tamen
1164 666 1222 685 eum
1240 658 1354 692 inferens
1369 665 1421 685 non
1437 662 1521 692 potest
1542 665 1570 685 se
1589 658 1637 684 illo
1652 658 1724 685 dicto

934 701 1071 721 excusare.

970 728 1005 755 96
1024 727 1207 754 Dubitationes
1220 727 1342 762 quedam
1355 726 1388 754 de
1400 726 1507 762 Herode
1520 731 1546 754 et
1558 727 1652 761 fratris
1666 727 1725 761 ejus

935 771 1019 790 uxore
1034 762 1185 789 Herodiade
1205 761 1237 789 ab
1254 763 1311 796 ipso
1330 763 1410 789 ducta
1427 768 1451 789 et
1462 761 1576 789 Joannis
1596 763 1727 797 Baptistae

936 799 1135 832 reprehensione
1150 797 1214 831 facti
1229 803 1364 824 moventur
1377 802 1402 824 et
1417 798 1604 824 discutiuntur.

970 832 1006 860 97
1022 831 1142 859 Christus
1164 833 1199 858 ad
1222 840 1325 859 crucem
1340 832 1508 866 proficiscens
1528 840 1611 866 quare
1630 832 1728 859 mulie-

936 876 996 894 rum
1020 867 1218 894 lamentationes
1243 865 1449 899 reprehenderit.
1473 865 1580 901 Confer.
1609 875 1650 901 ep.
1675 867 1728 894 166

939 908 961 929 et
976 902 1029 929 “285
1045 902 1062 929 Ι.
1080 911 1108 934 ιι,
1126 908 1149 928 et
1166 901 1192 927 lt.
1208 902 1226 928 l.
1241 910 1280 934 ep.
1300 901 1352 928 128
1363 907 1387 928 et
1400 901 1461 929 180.

974 937 1008 965 98
1032 938 1098 964 Cum
1127 938 1270 971 oportuerit
1301 935 1433 964 Christum
1459 937 1533 971 pati,
1567 941 1630 964 teste
1654 936 1727 963 Luca

940 980 1014 1004 μιν,
1029 981 1110 1006 quare
1126 973 1212 1006 puniti
1237 977 1297 999 sunt
1319 972 1364 1007 qui
1393 972 1540 1007 passionem
1551 976 1727 1007 procurarunt

938 1014 961 1033 et
976 1007 1129 1041 adjuverunt
1143 1008 1242 1033 Judtvi.

975 1043 1008 1069 99
1029 1042 1128 1069 Sancta
1144 1044 1258 1076 synodus
1277 1041 1388 1077 Nicena
1409 1042 1547 1068 ueritatem
1568 1042 1723 1077 dogmatum

939 1078 971 1104 ab
988 1078 1097 1110 infinitis
1111 1078 1266 1110 corruptelis
1284 1076 1412 1104 hteresum
1427 1077 1551 1104 asseruit.

977 1113 1027 1138 100
1048 1112 1117 1138 Deus
1133 1113 1256 1138 missione
1271 1111 1335 1138 Filii
1349 1112 1391 1138 sui
1407 1112 1441 1138 ad
1457 1112 1655 1145 persolvendum
1668 1120 1729 1146 pre-

944 1148 1011 1174 tium
1024 1147 1209 1181 redemptionis
1225 1146 1478 1181 instaurandamque
1502 1147 1602 1181 generis
1617 1148 1728 1174 humani

939 1183 1050 1209 salutem
1067 1182 1180 1209 ostendit
1203 1187 1228 1210 et
1242 1182 1379 1217 justitiam
1394 1189 1469 1208 suam
1486 1187 1510 1208 et
1529 1182 1722 1209 abundantiam

940 1218 1073 1244 bonitatis.

975 1252 1024 1279 101
1056 1251 1193 1286 Expositio
1225 1252 1354 1279 dictorum
1388 1249 1564 1278 Paulinorum
1590 1250 1669 1278 Rom.
1698 1259 1728 1279 I:

943 1296 952 1312 ι
971 1286 1091 1314 Tradidit
1108 1295 1152 1314 eos
1168 1286 1238 1314 Deus
1256 1288 1285 1313 in
1300 1287 1410 1320 affectus
1432 1287 1594 1320 ignominite,
1618 1287 1731 1320 repletos

941 1323 1012 1349 omni
1032 1323 1179 1357 iniquitate,
1195 1330 1204 1347 s
1217 1327 1277 1357 fetc.
1305 1331 1314 1347 ι
1331 1321 1409 1348 Dedit
1433 1321 1496 1354 ipsis
1519 1320 1589 1348 Deus
1606 1322 1729 1354 spiritum

941 1357 1159 1391 compuncttonis.
1176 1365 1186 1382 ι
1212 1356 1282 1384 Dare
1302 1363 1327 1383 et
1347 1357 1450 1382 tradere
1468 1363 1501 1382 es:
1525 1364 1596 1383 more
1621 1361 1644 1382 et
1660 1357 1731 1383 idio-

942 1397 1012 1419 male
1032 1399 1116 1419 sacrae
1138 1391 1284 1425 Scriptum
1303 1390 1437 1426 signiﬁcat
1459 1391 1529 1418 idem
1553 1391 1623 1426 quod
1648 1391 1731 1418 relin-

943 1435 1021 1462 quere
1034 1428 1072 1462 vel
1083 1427 1245 1460 permittere.

978 1461 1030 1489 102
1050 1461 1087 1488 De
1105 1463 1197 1488 timore
1211 1466 1235 1488 et
1254 1461 1419 1496 veneratione
1434 1468 1498 1495 erga
1517 1460 1729 1496 magistratum;

941 1505 974 1524 es:
990 1496 1105 1523 Paulina
1118 1497 1307 1529 admonitione,
1321 1495 1398 1522 Rom.
1411 1503 1472 1522 sui.

978 1531 1031 1558 105
1051 1531 1170 1558 Ecclesia
1181 1531 1336 1558 universalis
1347 1535 1385 1557 est
1400 1538 1494 1563 corpus
1510 1529 1628 1562 Christi;
1643 1531 1731 1565 parti-

944 1567 1054 1599 cularis,
1070 1574 1095 1594 υ.
1110 1575 1137 1600 g.
1155 1565 1353 1593 Corinthiorum
1373 1565 1501 1597 Ecclesia.
1516 1572 1552 1591 est
1566 1566 1624 1600 ejus
1638 1573 1732 1600 corpo~

943 1602 980 1628 ris
992 1601 1136 1628 membrum
1150 1608 1182 1628 ea:
1198 1606 1281 1635 parte.
1294 1600 1337 1627 Ει
1354 1600 1437 1634 Epist.
1454 1601 1488 1627 ad
1503 1600 1623 1627 Corinth.

978 1636 1030 1663 104
1056 1635 1167 1662 Piorum
1194 1644 1320 1663 cerumnte
1341 1643 1499 1662 coronarum
1530 1640 1554 1662 et
1578 1635 1729 1662 bravioruns

943 1672 1030 1697 instar
1047 1670 1151 1703 habent,
1166 1676 1190 1697 et
1207 1671 1358 1697 exsultandi
1369 1671 1508 1697 materiam
1519 1670 1583 1705 ipsis
1598 1670 1727 1704 praebent.

942 1705 986 1732 Ea:
1000 1705 1085 1732 Paulo
1100 1705 1195 1739 Philip.
1212 1713 1231 1732 l.

979 1741 1032 1768 105
1049 1740 1187 1767 Dtemones
1205 1748 1266 1767 cum
1279 1747 1327 1774 pro
1350 1740 1403 1767 diis
1426 1740 1477 1767 coli
1498 1739 1602 1771 vellent,
1619 1739 1732 1766 simula-

942 1781 1003 1803 runt
1018 1776 1127 1808 iustitia
1146 1775 1279 1807 studium,
1301 1776 1379 1811 idque
1401 1784 1418 1802 a
1441 1776 1496 1802 suis
1517 1774 1663 1802 cultoribus
1686 1782 1733 1802 ea:-

942 1816 1062 1838 eaerunt.

957 1820 1086 1873 ςῇκίηἲε
1099 1845 1211 1872 diversis
1231 1844 1336 1872 talentis
1348 1845 1498 1872 hominibus
1510 1845 1679 1872 concreditis.

978 1881 1029 1909 107
1050 1880 1133 1908 Terra
1145 1888 1198 1915 qua
1217 1880 1318 1907 ratione
1339 1880 1377 1908 uel
1396 1880 1501 1907 mobilis
1515 1881 1562 1913 sit,
1577 1880 1618 1907 uel
1636 1880 1731 1907 immo-

943 1917 1016 1943 bilis.

978 1952 1029 1979 108
1051 1949 1172 1977 Christus
1186 1950 1214 1977 in
1232 1957 1309 1977 cruce
1328 1949 1500 1985 triumphauit
1522 1951 1555 1976 de
1569 1949 1733 1977 dtemonibus

942 1986 1088 2013 debellatis.

979 2022 1031 2049 {09
1057 2020 1206 2053 Explicatio
1239 2019 1304 2046 dicti
1328 2019 1497 2053 Salomonis,
1526 2019 1653 2047 Proverb.
1679 2027 1731 2047 VI:

945 2066 955 2082 ι
972 2057 1024 2089 Qui
1042 2056 1187 2090 ingreditur
1202 2055 1234 2080 ad
1257 2055 1392 2082 mulierem
1412 2062 1539 2090 nuptam:
1559 2063 1611 2081 non
1624 2055 1673 2082 erit
1691 2055 1732 2082 in-

943 2100 1055 2123 1ιοεεηι;
1072 2089 1159 2125 neque
1175 2091 1259 2117 omnis
1280 2095 1389 2124 tangens
1404 2098 1474 2119 eam.
1493 2099 1503 2117 ὶ
1519 2089 1616 2117 Tactus
1633 2098 1726 2117 ειηειιι

943 2126 1059 2153 crassior
1075 2130 1100 2152 et
1120 2125 1248 2158 impurior
1266 2130 1306 2152 est
1324 2133 1404 2159 quam
1418 2126 1498 2159 uisus,
1513 2125 1560 2160 qui
1584 2129 1623 2152 est
1644 2125 1732 2152 subti-

943 2162 995 2189 lior
1011 2169 1043 2188 ac
1057 2161 1159 2195 purior.

979 2196 1031 2223 110
1057 2193 1197 2229 Expositio
1220 2195 1287 2222 dicti
1309 2193 1441 2223 Ezechiel.
1455 2202 1492 2222 vn
1508 2203 1515 2222 :
1532 2204 1542 2222 ς
1559 2194 1591 2222 Ει
1611 2199 1688 2222 erunt
1706 2195 1734 2221 in

944 2231 1076 2258 montibus
1091 2235 1119 2257 ut
1132 2230 1260 2258 columbte
1271 2231 1433 2257 meditantes.
1451 2238 1461 2256 s
1478 2229 1606 2258 Cumulus
1619 2230 1732 2262 doloris,

945 2274 997 2293 non
1013 2266 1092 2292 licere
1108 2267 1241 2300 conqueri.

980 2301 1029 2328 111
1051 2299 1208 2328 Exhortatio
1219 2300 1256 2340 ad
1270 2299 1548 2340 reconciliationemﬁet
1564 2300 1731 2340 satisfactio-

944 2345 1013 2368 nem,
1033 2344 1065 2363 ιε
1080 2341 1210 2376 prtecepto
1226 2335 1336 2376 Christi,
1353 2334 1451 2374 Matth.
1470 2342 1497 2366 ν,
1513 2335 1560 2366 2‘2,
1571 2334 1618 2375 εὖτ
1683 2369 1688 2375 .

980 2371 1032 2409 112
1054 2371 1092 2397 De
1111 2371 1182 2398 dlclts
1209 2369 1326 2409 Paulini
1350 2368 1421 2409 Tum.
1444 2376 1497 2409 n_'_:_
1509 2370 1735 2409 sri'rotubentmm

944 2407 1052 2438 nubere,
1068 2414 1078 2431 s
1095 2410 1162 2438 etc.,
1177 2411 1201 2433 et
1217 2405 1279 2432 aliis
1296 2404 1442 2438 Scriptura
1459 2404 1611 2432 idiottsmts.

980 2441 1032 2468 115
1051 2440 1089 2467 De
1101 2440 1171 2468 dicto
1191 2440 1269 2467 Pauli
1292 2438 1376 2466 Hebr.
1392 2447 1430 2472 Is,
1459 2440 1492 2467 17
1516 2447 1524 2467 :
1552 2448 1561 2465 ι
1582 2438 1736 2467 Testamen-

945 2477 1040 2503 tumin
1055 2476 1164 2502 mortuis
1175 2476 1292 2509 ﬁrmum.
1307 2484 1317 2500 ι

981 2511 1043 2538 114.
1063 2510 1102 2536 De
1119 2510 1227 2537 diversis
1238 2510 1331 2544 formis
1345 2515 1368 2536 et
1380 2509 1493 2544 ingeniis
1507 2517 1538 2536 ac
1549 2509 1666 2536 moribus
1681 2511 1730 2536 tto-

945 2546 1055 2573 rninum.
1071 2544 1114 2571 Ea:
1125 2544 1250 2572 Proverb.
1263 2544 1377 2576 Salom.,
1388 2552 1474 2576 xxvu,
1491 2545 1534 2572 19.

983 2581 1032 2607 115
1050 2580 1218 2606 Adulterium
1241 2580 1328 2614 furto,
1350 2581 1497 2613 prtesertim
1519 2587 1552 2607 ea;
1577 2583 1731 2613 paupertate

945 2616 1074 2650 admisso,
1099 2614 1175 2650 longe
1198 2614 1303 2650 grauius
1331 2620 1380 2642 est.
1404 2613 1448 2641 Ex
1472 2619 1605 2642 sententia
1629 2614 1733 2641 Solam.

947 2649 1073 2677 Praoerb.
1092 2657 1129 2678 VI.

982 2685 1034 2712 116
1054 2684 1138 2712 Nemo
1156 2684 1291 2711 hominum
1304 2687 1358 2711 tant
1373 2684 1432 2719 pius
1446 2692 1477 2711 ac
1492 2684 1588 2719 probus
1604 2688 1654 2715 est,
1669 2683 1734 2719 quin

946 2721 1028 2748 alicui
1039 2720 1073 2746 sit
1089 2724 1177 2746 errato
1190 2719 1329 2746 obnoxius.
1359 2719 1443 2746 Nemo
1455 2727 1560 2746 rursum
1574 2727 1655 2752 usque
1666 2718 1733 2744 adeo

947 2757 1065 2787 vitiosus,
1083 2755 1147 2790 quin
1169 2754 1269 2789 aliquid
1295 2755 1355 2781 boni
1363 2755 1463 2790 Aegerit.
1482 2753 1558 2781 Nthil
1574 2754 1664 2788 itaque
1684 2752 1734 2779 ab-

946 2790 1021 2818 surdi
1042 2788 1094 2822 est,
1111 2790 1135 2816 si
1155 2790 1285 2819 dicamus,
1309 2795 1333 2815 et
1358 2788 1489 2816 Lazarum
1509 2796 1598 2823 poenas
1623 2795 1733 2815 suorum

948 2826 1070 2860 lapsuum
1084 2825 1186 2853 dedisse
1201 2829 1224 2851 et
1233 2825 1338 2850 divttem
1351 2825 1460 2858 prtemia
1473 2829 1540 2851 recte
1555 2823 1687 2859 factorum
1699 2823 1730 2850 in

948 2863 996 2888 Itac
1013 2860 1066 2887 vita
1079 2860 1212 2891 recepisse.

984 2895 1033 2923 117
1054 2894 1107 2922 Cur
1121 2894 1217 2930 lcprosi
1238 2894 1347 2929 aliisque
1374 2894 1469 2921 morbis
1492 2894 1673 2922 involuutariis
1693 2893 1735 2923 lu-
