3896 6404
499 322 605 391 159

495 437 739 488 bonantes
766 440 918 488 extra
969 441 1150 487 castra
1193 430 1475 487 consistere
1514 429 1657 500 jussi
1699 427 1916 500 fuerint.
1970 428 2049 481 l’a

493 512 672 558 rentes
704 505 922 572 scepein
961 504 1088 573 ﬁliis
1116 502 1420 573 plectuntur
1451 499 1667 572 gravius
1696 516 1855 569 quam
1887 499 1940 551 in
1986 514 2073 552 se-

495 574 755 643 metipsis.
790 572 1061 642 Conf.’ep.
1096 573 1190 627 141
1229 572 1284 626 h.
1324 572 1418 626 lib.

570 640 673 697 118
728 640 1078 714 Ειεεηίοκῃὴα
1135 647 1273 697 unde
1313 640 1571 696 aestimari
1626 640 1848 714 debeat,
1895 654 2078 714 nempe

496 730 601 767 non
638 724 746 768 tam
775 734 806 767 a
841 716 954 768 dati
977 711 1383 782 magnitudine,
1425 727 1581 781 quam
1632 726 1696 782 ex
1736 712 1911 763 animo
1950 711 2079 782 dan-

497 784 589 839 tis.
628 783 895 838 Probatur
933 780 1168 851 exempto
1215 785 1387 837 viduae
1429 780 1761 851 evangelica,
1817 783 1923 851 duo
1971 780 2077 831 mi-

498 864 629 924 nuta
650 855 917 924 offerentis
939 857 993 907 in
1015 848 1469 924 gasophylacium.
1487 848 1778 924 Marcum,
1812 848 1942 924 an.
1960 865 2075 924 X_Xl.

572 918 708 979 H9"
726 923 838 978 Viri
878 918 1186 977 mulieribus
1220 918 1475 993 tanquam
1506 922 1620 976 vasi
1653 922 1938 991 inﬁrmiori
1980 918 2077 973 ho-

497 1010 675 1048 norem
709 996 972 1048 tribuunt.
1001 993 1028 1047 1
1068 992 1219 1048 Petr.
1253 992 1337 1048 ut.

571 1065 678 1117 120
716 1063 1058 1120 Contumelia:
1084 1068 1345 1133 quomodo
1371 1062 1647 1116 sanandae.

572 1134 670 1187 121
723 1134 931 1188 Lazaro
991 1149 1110 1204 suae,
1157 1134 1382 1187 miseria:
1428 1133 1831 1199 fundamentum
1882 1134 2075 1204 sempi-

498 1215 663 1258 ternae
684 1206 866 1273 gloria:
894 1214 943 1257 et
971 1203 1239 1271 felicitatis
1272 1204 1605 1256 exstiterunt.

571 1271 789 1328 12208
812 1274 1089 1338 libidinoso
1134 1282 1347 1340 aspectu
1398 1274 1677 1324 mulierum
1708 1271 1944 1326 vitando.
1976 1272 2076 1328 Le-

499 1344 687 1414 gitima
729 1346 872 1398 lucta
915 1358 987 1398 est
1020 1360 1179 1412 quam
1206 1343 1474 1397 constituit
1510 1342 1694 1406 Deus;
1719 1359 1823 1396 non
1853 1345 2079 1414 quisque

499 1413 600 1467 sibi
624 1415 883 1476 opinionis
912 1429 1092 1469 errore
1128 1414 1303 1481 ﬁnxit.

573 1484 676 1565 125
699 1482 993 1606 timuimus
1013 1480 1133 1554 quis
1158 1485 1249 1549 sit,
1279 1500 1458 1554 nempe
1494 1482 1666 1555 quivis
1690 1480 1844 1535 homo
1875 1491 2073 1538 nostra:

573 1571 616 1606 ts
642 1570 694 1606 in
738 1569 872 1606 tans.

499 1570 616 1621 Opts
642 1569 872 1623 indigns.

572 1623 677 1677 124
712 1621 907 1679 Anima
940 1626 1174 1679 humana
1204 1633 1279 1677 est
1305 1625 1517 1693 quidem
1544 1623 1823 1693 divina,et
1849 1621 2072 1675 immor-

499 1693 623 1746 talis
663 1695 755 1748 sed
798 1710 903 1749 non
950 1696 1115 1758 Deus,
1166 1692 1331 1765 neque
1362 1694 1626 1763 particula
1671 1692 1769 1746 Dei
1805 1695 2064 1759 essentia,

498 1780 662 1833 neque
688 1766 928 1832 principii
954 1780 1159 1832 expers.

572 1830 676 1888 125
714 1833 788 1888 De
831 1830 1028 1888 mum
1055 1833 1451 1888 immortalitate
1491 1844 1672 1887 contra
1714 1830 1899 1885 Caleni
1947 1831 2077 1884 har-

497 1907 761 1958 monicam
789 1905 959 1974 lyram
978 1915 1026 1958 et
1050 1915 1505 1974 temperamentum
1528 1904 1794 1974 corporis;
1818 1904 2080 1974 praetora

498 1984 551 2028 et
583 1975 788 2028 erudita
811 1970 1128 2040 disputatio,
1152 1970 1475 2035 Homericis,
1522 1970 1827 2041 Euripideis'
1863 1983 1910 2023 et
1950 1970 2081 2025 Pta~

503 2044 691 2098 tunicis
713 2044 1115 2099 auctoritatibus
1137 2044 1395 2109 stabilita,
1425 2045 1735 2113 tandemque
1756 2042 1931 2096 divino
1958 2058 2081 2096 ora-

501 2114 622 2168 culo
665 2123 715 2168 et
745 2115 1045 2168 testimonio
1077 2115 1370 2184 obsignata.

577 2184 680 2238 126
719 2184 1133 2250 Reprehensione
1158 2181 1206 2238 ei
1231 2184 1352 2236 odio
1381 2183 1528 2252 digni
1558 2190 1700 2245 sunt,
1734 2181 1824 2252 qui
1848 2184 2081 2251 neglecta

504 2253 630 2308 bene
663 2256 861 2309 vivendi
886 2271 1014 2307 cura
1043 2256 1106 2308 de
1126 2254 1452 2324 dogmatibus
1481 2264 1756 2322 perpetuas
1788 2252 2080 2324 contentio-

503 2341 593 2377 nes
616 2327 935 2393 suscipiunt,
956 2322 1227 2393 ipsumque
1255 2324 1385 2376 adeo
1411 2324 1641 2378 divinam
1663 2322 1938 2376 essentiam
1967 2322 2081 2376 suis

502 2395 943 2459 disputationibus
972 2406 1274 2448 scrutantur
1303 2410 1365 2446 ac
1390 2394 1697 2446 sollicitant.

579 2465 680 2517 127
720 2463 1035 2530 Spirituales
1075 2463 1305 2517 homines
1321 2466 1534 2531 quinam
1554 2464 1797 2516 dicantur
1812 2478 1843 2514 a
1866 2460 2082 2519 Paulo?

503 2536 594 2601 qni
623 2536 918 2588 animales?
946 2539 1038 2601 qui
1075 2536 1293 2601 denique
1330 2534 1569 2587 carnales
1599 2531 1625 2589 ?
1679 2534 1725 2585 A
1756 2533 1958 2604 potiore
1990 2546 2084 2587 sua

504 2605 668 2657 initur
698 2604 1074 2657 denominatio.

581 2674 683 2728 128
723 2673 961 2728 Christus
996 2690 1093 2728 sua
1137 2685 1317 2743 sponte
1348 2673 1507 2727 morti
1540 2681 1698 2744 caput
1721 2672 1931 2738 obtulit,
1963 2689 2081 2726 cum

507 2744 668 2813 facile
688 2759 826 2807 eam,
855 2746 899 2797 si
931 2745 1192 2807 voluisset,
1215 2745 1478 2797 declinare
1500 2746 1775 2814 potuisset,
1806 2745 1882 2798 vel
1906 2744 2081 2814 divina

507 2830 605 2867 sna
635 2816 867 2882 potentia
897 2830 1000 2882 qua
1039 2816 1173 2867 alios
1211 2816 1368 2867 etiam
1400 2831 1464 2868 ex
1504 2825 1668 2867 morte
1698 2816 1963 2877 excitavit,
2006 2813 2084 2866 vel

507 2884 843 2955 innocentia
872 2885 1189 2953 allegatione
1237 2901 1299 2938 ac
1350 2885 1680 2955 defensione,
1731 2884 1809 2939 vel
1838 2884 2082 2953 beneﬁcio

507 2953 893 3021 appellationis.

581 3022 686 3077 129
714 3022 899 3077 Decem
921 3025 1371 3091 interpretationes
1388 3025 1515 3078 dicti
1534 3022 1789 3078 Paulini:
1816 3023 1954 3089 «Qui
1970 3025 2083 3094 for-

509 3094 740 3156 nicatur,
776 3094 831 3147 in
861 3110 1048 3163 corpus
1070 3111 1223 3148 suum
1256 3104 1488 3160 peccata

583 3165 688 3218 150
718 3163 992 3228 Quomodo
1026 3180 1135 3218 sese
1164 3180 1340 3234 gerere
1374 3166 1591 3234 debeant
1618 3178 1737 3217 cum
1782 3164 1819 3217 ii
1867 3163 1957 3232 qui
1991 3179 2090 3216 au-

510 3235 688 3295 ditant,
725 3244 836 3305 tum
885 3235 968 3287 illi
1013 3237 1105 3305 qui
1135 3233 1363 3305 dicuntc
1386 3233 1527 3298 Quid
1557 3235 1764 3287 intersit
1789 3234 1949 3305 _inter
1979 3251 2093 3286 κοιο

512 3305 603 3357 νὺν
661 3305 756 3356 καὶ
803 3303 920 3357 ἴσον
981 3303 1119 3357 inter
1156 3304 1523 3371 ἀμφισϐητεῖν
1580 3305 1684 3372 καὶΔ
1726 3303 2094 3372 φιλονεικεῖνς

512 3376 655 3444 inter
706 3373 1132 3444 εὐδοκιμεϊσδαι,
1161 3370 1267 3427 sive
1321 3370 1608 3444 ebBontpov
1641 3370 1803 3437 εἷνάι,
1836 3383 1885 3426 et
1934 3376 2096 3425 ὲπαι-

511 3443 741 3515 νεζσθᾳι,
777 3443 905 3497 sive
939 3444 1418 3515 ὲγκωμιὰξεσθαη
1461 3443 1684 3515 denique
1710 3446 1850 3498 inter
1872 3444 2092 3497 ἓδεσθαι

514 3514 609 3567 καὶ
638 3513 1044 3582 εὐφραίνεσθαι.

588 3583 694 3636 152
740 3583 958 3637 Inutilis
1001 3595 1049 3638 et
1084 3583 1377 3654 periculosa
1406 3583 1551 3638 nobis
1580 3594 1711 3639 esset
1759 3583 2099 3655 prtecogn'itio

515 3656 751 3708 omnium
784 3669 959 3707 rerum
998 3667 1154 3725 atque
1184 3664 1482 3708 eventuum.

590 3742 694 3803 155
742 3745 886 3802 Fons
918 3750 1087 3803 omnis
1137 3750 1192 3803 in
1235 3751 1341 3803 vita
1388 3748 1713 3819 confusionis
1757 3759 1803 3803 et
1834 3749 1973 3802 inter
2002 3750 2099 3804 ho-

516 3820 683 3873 mines
716 3820 1012 3872 animorum
1047 3821 1464 3874 exacerbationis
1511 3829 1561 3873 et
1606 3821 1952 3873 contentionis
1999 3829 2099 3886 est,

517 3888 661 3955 quod
704 3904 979 3942 sacrarum
1021 3889 1346 3944 Litterarum
1395 3892 1629 3943 studium
1673 3888 1992 3959 negligitur,
2053 3900 2101 3943 et

517 3960 872 4029 unusquisque
902 3976 1023 4011 suos
1056 3962 1274 4029 affectus
1307 3961 1495 4013 divinis
1525 3960 1751 4013 oraculis
1782 3960 2070 4029 anteponit.

591 4029 696 4082 154
729 4027 838 4082 Lex
867 4040 913 4083 et
940 4027 1201 4100 propheta:
1226 4031 1543 4099 pra'paratio
1572 4030 1781 4099 fuerunt
1817 4031 1884 4083 ad
1904 4027 2104 4084 Evan—

552 4100 733 4153 clium.

512 4115 1007 4238 ge‘ill’i’SmExpositio
1036 4169 1166 4223 dicti
1206 4168 1401 4223 Christi
1432 4167 1625 4222 Matth.
1674 4184 1745 4233 ι,
1784 4169 1845 4222 41
1888 4187 1900 4221 :
1944 4187 1962 4220 «
2003 4168 2107 4234 Qui

518 4241 704 4307 recipit
729 4242 1034 4307 praphetam
1060 4242 1114 4293 in
1143 4255 1327 4293 nomen
1350 4241 1635 4306 prophetat,
1664 4242 1948 4292 mercedem
1979 4257 2105 4306 pro—

518 4310 687 4380 pheta;
717 4311 985 4380 accipiet.»
1031 4308 1322 4363 Honestum
1355 4310 1518 4376 ipsius
1548 4311 1771 4372 honesti,
1812 4326 1915 4362 non
1940 4312 2108 4361 alicu-

512 4380 607 4449 jus
662 4379 796 4433 lucri
831 4379 1187 4449 utilitatisque
1231 4389 1324 4432 aut
1370 4380 1616 4433 humana:
1670 4380 1852 4449 glorise
1921 4397 2105 4447 causa,

520 4449 797 4503 colendum
831 4462 926 4503 est.

594 4519 699 4574 156
742 4518 1011 4589 «Regnum,
1035 4518 1282 4573 caelorum
1316 4519 1416 4589 vim
1446 4518 1667 4587 patitur,
1698 4527 1746 4570 et
1772 4518 1983 4572 violenti
2017 4537 2105 4572 ra-

521 4588 677 4657 piunt
728 4587 883 4657 illud,
920 4608 941 4643 s
987 4588 1184 4644 Matth.
1218 4605 1297 4656 ut,
1347 4587 1479 4644 Lac.
1517 4604 1628 4657 xw,
1660 4592 1920 4659 quomodo
1949 4591 2103 4645 intel-

520 4658 809 4711 liaendum.

546 4674 809 4729 tgenaum.

599 4730 699 4783 157
735 4728 1009 4800 Expositio
1065 4728 1197 4783 dicti
1245 4727 1441 4784 Christi
1482 4727 1675 4800 Matth.
1731 4744 1807 4783 ιι
1872 4748 1890 4781 «
1923 4728 2105 4784 Estote

523 4802 806 4869 prudentes
823 4799 958 4854 sicut
981 4811 1263 4869 serpentes,
1290 4812 1334 4852 et
1363 4799 1621 4865 simplices
1643 4800 1772 4852 sicut
1793 4800 2098 4855 columbam

524 4868 785 4941 Exempla
818 4868 1073 4941 quatenus
1108 4870 1361 4935 capienda
1403 4871 1530 4923 sint.

599 4940 703 5013 158
736 4939 990 4995 Tristitia:
1029 4942 1287 5013 assultum
1324 4941 1539 5013 repellat
1563 4956 1624 4993 ac
1653 4939 1861 5013 subigat
1895 4941 2106 4996 animus

524 5012 768 5080 precibus
802 5029 864 5065 ac
889 5012 1232 5065 meditatione
1255 5011 1537 5064 ctelestinm
1569 5011 1928 5074 prwmiornm.

598 5080 700 5137 159
727 5082 1121 5136 Admonitiones
1153 5092 1199 5134 et
1231 5080 1652 5149 reprehensiones
1686 5084 1988 5136 vitiosorum
2015 5082 2109 5135 ho-

526 5150 733 5224 minum
790 5154 968 5224 quales
1005 5162 1224 5224 esseet
1269 5151 1537 5224 quomodo
1588 5153 1821 5207 adhiberi
1866 5151 2105 5207 debeant.

528 5219 813 5293 Quomodo
830 5222 954 5275 item
986 5221 1202 5288 ferenda
1232 5222 1303 5274 sit
1343 5221 1461 5274 boni
1492 5233 1699 5276 eventus
1737 5224 2034 5293 frustratio.

603 5293 709 5347 140
739 5291 1031 5361 Scriptura:
1057 5307 1226 5364 sacra:
1268 5307 1386 5364 cum
1412 5306 1592 5343 eorum
1631 5295 1720 5364 qui
1737 5290 1898 5349 'extra
1930 5290 2113 5347 Eccle-

529 5361 669 5417 siam
699 5374 821 5416 sunt
858 5365 1066 5429 scriptis
1098 5361 1332 5416 collatio.

608 5432 703 5487 141
742 5433 850 5487 Cur
887 5433 1118 5502 leprosos
1146 5441 1194 5484 et
1235 5432 1355 5485 aliis
1391 5435 1589 5491 morbis
1620 5434 1991 5489 involuntariis
2027 5433 2107 5487 la-

534 5500 775 5557 borantes
804 5504 888 5558 lex
903 5500 1225 5572 prohibuerit
1255 5502 1492 5571 ingressu
1518 5519 1829 5560 castrorum.
1864 5506 2113 5558 Parentes

533 5588 677 5645 s_a:pe_
700 5574 753 5626 in
785 5575 960 5627 liberis
985 5574 1193 5645 gravius
1221 5588 1379 5643 quam
1408 5574 1461 5626 in
1482 5578 1778 5645 semetipsis
1792 5576 2111 5644 plectuntur.

535 5639 728 5711 Confer
754 5663 836 5711 ep.
864 5644 959 5698 117
990 5639 1045 5697 lt.
1077 5643 1117 5701 ι.

612 5711 717 5792 149,
753 5715 826 5792 De
855 5731 1048 5792 arcana
1076 5726 1357 5792 etaterna
1386 5718 1717 5792 generatione
1757 5715 1888 5772 Filii
1924 5715 2023 5772 Dei
2052 5731 2115 5771 ex

539 5784 833 5844 substantia
865 5784 959 5842 Dei
990 5784 1193 5844 Patris.

1631 318 2201 384 PROLEGOMENA
2239 321 2441 383 EDIT.
2482 321 2731 383 PARIS.

3670 318 3775 384 160

2252 429 2356 483 145
2406 429 2480 483 De
2513 428 2814 498 differentia
2847 427 3070 498 legitimi
3114 427 3321 496 intperii
3346 438 3395 481 et
3422 428 3724 498 tyrannidis
3750 446 3772 483 :

2178 516 2402 569 quorum
2429 501 2561 551 illud
2597 502 2667 552 ad
2693 500 3045 564 subditorum,
3074 498 3186 552 haec
3221 499 3291 552 ad
3324 499 3629 567 imperantis
3660 503 3770 553 uti-

2180 573 2382 623 litatem
2422 570 2693 635 propriam
2737 571 2987 635 refertur.

2250 640 2355 694 144
2410 638 2564 694 Ratio
2620 640 2969 694 concilianda:
3036 640 3182 708 pacis
3254 640 3429 693 minus
3490 638 3770 708 probanda

2214 727 2295 765 ute
2347 711 2438 764 sit.
2754 715 2758 719 ‘

2177 726 2699 836 quie458'gacerdotii
2743 797 2934 834 munus
2982 778 3280 849 perdifﬁcile
3341 796 3455 833 esse
3504 790 3642 834 recte
3666 783 3769 834 ad-

2176 853 2485 907 ministrare
2512 854 2683 913 docet,
2721 851 2862 921 quod
2892 850 3026 905 varii
3050 850 3157 903 sint
3197 866 3259 903 ac
3298 850 3612 917 multiplices
3644 853 3769 903 ani-

2177 938 2383 975 morum
2426 924 2634 991 morbi,
2680 923 2768 991 qui
2818 938 2923 973 non
2953 935 3075 991 uno,
3107 934 3285 973 omnes
3331 922 3558 991 remedio
3586 921 3771 975 curari

2176 994 2398 1059 possint.
2435 990 2584 1046 Unde
2612 999 2663 1046 et
2692 989 2932 1045 Christus
2961 990 3291 1059 exclamavit,
3320 989 3507 1043 Matth.
3546 1006 3673 1044 xxiv
3719 1000 3773 1045 et

2176 1058 2307 1122 Luc.
2341 1076 2417 1115 xu
2443 1081 2459 1118 ι
2499 1080 2517 1113 «
2546 1062 2699 1127 Quis,
2732 1072 2908 1130 putas,
2933 1071 3007 1113 est
3037 1058 3210 1130 ﬁdelis
3242 1076 3417 1130 servus
3439 1073 3483 1115 et
3512 1063 3772 1129 prudens,

2175 1149 2326 1201 quem
2355 1134 2633 1186 constituet
2671 1129 2929 1185 Dominus
2979 1146 3139 1198 super
3184 1129 3447 1200 familiam
3475 1147 3628 1184 suam
3653 1172 3669 1196 ,
3707 1144 3766 1185 ut

2176 1205 2261 1257 det
2296 1202 2403 1256 illis
2446 1202 2748 1256 demensum
2775 1203 2827 1255 2»

2248 1271 2353 1326 146
2402 1272 2647 1326 Christus
2692 1272 2918 1325 adventu
2957 1285 3053 1324 suo
3095 1270 3273 1323 docuit
3311 1270 3543 1323 homines
3573 1271 3774 1326 anima:

2173 1343 2645 1406 immortalitatem,
2664 1356 2710 1395 et
2735 1343 3162 1395 resurrectionem
3188 1341 3386 1402 carnis,
3415 1350 3463 1394 et
3497 1339 3771 1409 judicium

2176 1414 2419 1483 futurum
2445 1422 2644 1483 ,_atque
2675 1413 2750 1465 ita
2798 1412 2867 1464 ad
2900 1410 3489 1483 virtutisstudinmeos
3519 1414 3773 1483 excitavit

2174 1480 2225 1537 et
2263 1484 2425 1535 acuit.
2460 1480 2745 1536 Peccatum
2790 1490 2957 1533 morte
2987 1482 3197 1549 gravius
3220 1521 3235 1547 ,
3266 1490 3316 1532 et
3365 1480 3476 1533 haec
3514 1496 3624 1549 pra:
3673 1482 3771 1535 illo

2172 1552 2441 1623 eligenda.
2480 1549 2915 1623 De_dicto_‘l’auli
2953 1548 3115 1623 Hebr.
3142 1566 3198 1617 Il,
3258 1550 3349 1623 15.

2248 1617 2348 1677 147
2390 1621 2511 1676 Non
2542 1620 2696 1675 Jesus
2713 1618 2861 1674 Nave
2889 1637 2979 1681 seu
3001 1619 3191 1685 Josua,
3222 1621 3312 1689 sed
3335 1617 3491 1689 Iesus
3525 1618 3773 1675 Christus

2177 1708 2350 1816 verarg
2377 1702 2427 1815 e‘t
2452 1692 2679 1816 Esqolidam
2704 1692 2929 1761 requiem
2944 1692 3162 1760 peperit.
3193 1688 3269 1745 De
3290 1691 3403 1744 loco
3421 1686 3583 1746 Pauli
3602 1689 3771 1745 Hebr.

2185 1777 2257 1816 ιν.
2374 1778 2401 1816 e
2492 1802 2507 1816 .

2185 1777 2257 1823 IV.
2308 1764 2342 1816 8
2374 1773 2421 1816 et
2452 1764 2507 1818 9.

2257 1832 2361 1887 148
2396 1831 2583 1900 Inique
2608 1841 2656 1886 et
2693 1830 2926 1897 improbe
2951 1838 3162 1900 agentes
3205 1847 3312 1886 non
3339 1838 3464 1884 sunt
3497 1829 3773 1884 laudando

2184 1914 2233 1958 et
2261 1902 2531 1957 adulando
2564 1902 2914 1972 conﬁrmandi
2940 1903 2995 1972 in
3021 1917 3120 1955 sua
3149 1904 3482 1972 improbitate
3503 1939 3518 1963 ,
3560 1901 3653 1954 sed
3690 1901 3771 1955 vel

2185 1975 2394 2028 silentio
2426 1973 2501 2027 vel
2533 1973 2658 2043 fuga
2698 1988 2879 2025 sensus
2918 1971 3110 2043 aliquis
3150 1971 3503 2040 improbitatis
3531 1972 3605 2023 eis
3640 1972 3778 2043 inji-

2187 2045 2400 2098 ciendus
2425 2084 2441 2109 ,
2486 2038 2542 2097 ui
2593 2038 2949 2110 corrigantur.
3002 2038 3179 2095 Etiam
3214 2038 3453 2096 voluntas
3482 2050 3635 2108 atque
3665 2042 3776 2093 im-

2185 2114 2360 2184 pulsio
2392 2115 2445 2166 in
2468 2123 2743 2181 utramque
2767 2121 2969 2180 partem
3004 2127 3106 2164 non
3146 2122 3287 2164 caret
3331 2111 3407 2184 vel
3449 2112 3664 2180 prtemio
3692 2111 3777 2164 vel

2185 2182 2358 2255 paena,
2390 2185 2625 2250 quamvis
2654 2194 2861 2255 eventus
2900 2198 3004 2255 non
3029 2182 3389 2255 responderit.

2260 2255 2363 2309 149
2394 2249 2670 2323 Expositio
2696 2253 2821 2323 dicti
2850 2252 3039 2317 psalmi
3073 2266 3158 2323 Lttl
3179 2267 3197 2302 :
3232 2249 3435 2323 «Semel
3456 2249 3777 2323 locutusrest

2187 2324 2332 2379 Deus
2358 2339 2376 2379 :
2407 2321 2512 2377 duo
2548 2326 2656 2377 ha’c
2682 2322 2880 2385 audivi,
2910 2340 2927 2371 ι
2954 2333 3058 2375 etc.
3091 2321 3534 2375 Comminationes
3574 2322 3778 2373 divina:

2187 2411 2459 2465 poenarum
2499 2396 2717 2448 tacitam
2755 2393 2943 2445 habent
2977 2407 3240 2445 annexam
3274 2393 3629 2445 conditionem
3657 2406 3774 2461 pae-

2188 2466 2444 2521 nitentite.

2260 2534 2364 2589 150
2400 2534 2516 2600 Quo
2559 2531 2835 2587 vilioribus
2891 2539 2939 2585 et
2997 2530 3539 2584 contumeliosioribus
3604 2532 3778 2583 armis

2188 2604 2428 2661 Christus
2451 2602 2722 2658 diabolum
2752 2602 2903 2665 vicit,
2934 2618 2992 2656 eo
3020 2601 3219 2654 clarior
3262 2612 3309 2654 et
3353 2601 3613 2653 illustrior
3656 2601 3777 2667 ejus

2189 2676 2405 2730 victoria
2437 2684 2539 2738 est,
2572 2673 2949 2742 quasiathleta
2997 2672 3233 2742 vinctus,
3275 2681 3323 2724 e:
3359 2681 3533 2725 tamen
3585 2673 3775 2725 victor.

2190 2746 2268 2801 De
2294 2748 2429 2798 dicto
2462 2740 2614 2797 Pauli
2648 2740 2671 2795 Ι
2715 2741 2952 2797 Corinth.
2982 2757 3040 2806 ιι,
3078 2741 3129 2793 2.

2263 2815 2357 2869 151
2418 2816 2493 2869 De
2543 2813 2874 2885 providentia
2902 2811 2997 2866 Dei
3041 2810 3220 2865 omnia
3264 2810 3319 2863 in
3358 2809 3484 2863 ccelo
3530 2819 3781 2880 terraque

2189 2886 2434 2940 videntis.

2262 2954 2368 3008 152
2403 2955 2477 3008 De
2509 2954 2650 3007 dicto
2682 2951 2978 3007 Salomonis
3002 2967 3080 3015 ἦ(
3108 2948 3446 3020 Longanimis
3468 2951 3546 3004 vir
3572 2952 3782 3004 multus

2189 3026 2245 3079 in
2266 3027 2576 3093 prudentia;
2609 3023 2976 3091 pusillanimus
2993 3022 3337 3093 autetnivalde
3364 3022 3610 3093 insipiens
3631 3032 3733 3074 est.
3750 3041 3773 3074 ι

2267 3089 2371 3149 155
2400 3095 2514 3160 Quo
2539 3089 2691 3163 pacto
2718 3093 3109 3162 intelligendum
3134 3092 3203 3163 sit
3240 3089 3373 3143 illud
3394 3090 3552 3145 Jobi:
3585 3095 3782 3145 «Astra

2199 3180 2302 3220 non
2336 3176 2456 3218 sunt
2488 3160 2687 3216 munda
2721 3164 2776 3216 in
2814 3160 3091 3230 conspectu
3120 3160 3253 3226 eius.
3279 3178 3298 3211 ι

2269 3236 2373 3289 154
2401 3233 2597 3289 Christi
2626 3234 2851 3287 adventu
2880 3248 3205 3301 compressus
3238 3242 3492 3299 tyrannus
3530 3232 3784 3285 diabolus

2199 3308 2247 3361 vi
2276 3304 2501 3369 amplius
2527 3319 2630 3357 non
2658 3313 2822 3372 potest
2868 3318 3051 3355 nocere
3074 3341 3089 3365 ,
3118 3302 3207 3353 sed
3241 3311 3444 3353 tantum
3472 3302 3785 3369 deceptione

2198 3387 2245 3430 et
2301 3374 2509 3445 fraude.
2561 3373 2763 3427 Eorum
2813 3373 2976 3441 igitur
3024 3372 3319 3445 culpa:_est
3377 3372 3778 3445 ascribendum,

2198 3442 2338 3515 quod
2387 3446 2451 3497 ab
2496 3458 2555 3498 eo
2594 3453 2943 3513 superentur,
2984 3444 3074 3513 qui
3108 3458 3165 3496 se
3212 3442 3352 3510 ipsos
3380 3443 3429 3495 ei
3457 3457 3556 3495 sua
3593 3453 3788 3509 sponte

2199 3516 2506 3569 subiiciunt.

2271 3533 2566 3648 iisut?th
2610 3585 2676 3638 sit
2724 3584 2865 3652 apud
2908 3580 3131 3649 Isaiam,
3169 3598 3287 3651 cap.
3333 3597 3423 3637 LI:
3483 3578 3789 3635 «Poeninus

2201 3658 2369 3709 ruinae
2406 3662 2456 3707 et
2486 3654 2628 3707 calix
2660 3653 2877 3722 furoris.
2899 3671 2917 3705 ι

2273 3724 2376 3779 157
2414 3723 2492 3779 De
2515 3720 2670 3777 sensti
2701 3726 2826 3777 dicti
2848 3722 3015 3777 Levii.
3043 3736 3165 3776 ut:
3204 3720 3403 3790 «Super
3427 3722 3569 3775 omni
3595 3722 3789 3774 anima

2203 3806 2415 3849 ntortua
2445 3810 2549 3848 non
2574 3797 2951 3864 ingredietur.»
2983 3793 3183 3861 Corpus
3211 3802 3475 3846 mortuum
3507 3808 3596 3845 seu
3618 3794 3791 3843 cada-

2204 3881 2293 3920 ver
2340 3867 2509 3934 ipsum
2555 3880 2648 3930 per
2696 3880 2751 3917 se
2781 3880 2883 3918 non
2920 3874 2993 3917 est
3026 3865 3329 3931 impurum,
3358 3878 3518 3928 neque
3548 3863 3737 3928 polluit
3766 3879 3789 3916 :

2204 3935 2330 4005 quia
2360 3934 2627 3988 naturalia
2666 3943 2817 3987 extra
2845 3934 3055 4001 culpam
3090 3943 3147 4005 et
3187 3934 3385 4005 crimen
3429 3943 3592 4005 sunt:
3635 3934 3789 4000 quod

2204 4001 2550 4075 probaturAex
2584 4006 2697 4057 loco
2728 4006 3069 4075 reliquiarum
3113 4001 3331 4070 Josephi
3368 4001 3792 4067 translaturum,

2205 4086 2251 4128 et
2286 4074 2427 4128 dicto
2456 4072 2656 4129 Stt’lom.

2281 4144 2380 4198 158
2412 4144 2486 4198 De
2515 4146 2652 4198 dicto
2688 4142 2891 4198 Saloni.
2924 4140 3171 4198 Proverb.
3194 4156 3215 4196 :
3269 4139 3502 4209 iSepties
3532 4141 3675 4194 cadit
3691 4141 3795 4211 ju-

2206 4227 2317 4270 stus
2352 4224 2401 4267 et
2430 4225 2675 4282 resurget.
2700 4232 2720 4265 ι

2281 4285 2383 4340 159
2414 4278 2616 4339 δοιηιῖο
2646 4283 2947 4337 antinomia:
2973 4282 3272 4352 apparentis
3301 4282 3436 4352 inter
3453 4278 3793 4352 dictarChri~

2209 4356 2313 4409 sti:
2350 4354 2573 4408 «Luceat
2594 4354 2686 4406 lux
2710 4366 2881 4408 vestra
2905 4350 3081 4406 coram
3115 4350 3442 4409 hominibus,
3475 4359 3533 4400 ut
3570 4351 3793 4405 videant

2211 4436 2381 4480 vestra
2413 4428 2546 4478 bona
2608 4438 2785 4493 opera,
2812 4444 2829 4475 ι
2869 4435 2974 4477 etc.
3023 4421 3242 4493 (Cavete
3296 4437 3359 4474 ne
3403 4417 3798 4489 eleemosynam

2211 4507 2433 4550 vestram
2467 4495 2680 4565 faciatis
2717 4509 2893 4548 coram
2940 4492 3289 4546 hominibus.)

2272 4609 2356 4662 Ab
2399 4619 2547 4663 recte
2577 4607 2735 4662 factis
2783 4605 2926 4660 absit
2961 4605 3276 4660 ostentatio.

2273 4678 2426 4733 Mens
2453 4679 2738 4732 aliibitiosn
2769 4675 2937 4745 pestis
2960 4688 3045 4730 est
3079 4677 3261 4743 operis
3291 4674 3438 4731 boni.

2276 4749 2349 4804 Ut
2384 4760 2542 4804 nocte
2571 4749 2624 4801 in
2653 4751 2882 4801 obscura
2915 4747 3116 4799 micare
3147 4746 3234 4799 lux
3276 4748 3439 4814 solet,

2278 4820 2372 4874 Sic
2400 4819 2567 4888 tulget
2592 4831 2649 4873 et.
2683 4820 2857 4888 viii-tus
2882 4817 3053 4888 latere
3082 4817 3289 4873 Italicis.

2276 4885 2579 4959 Confer—ep.
2620 4887 2725 4941 227
2754 4887 2854 4957 inf.
2883 4888 2937 4940 h.
2972 4885 3012 4941 l.

2279 5003 2383 5058 160
2420 5002 2693 5070 Expositio
2718 5001 2846 5055 dicti
2878 4997 3121 5073 Ezechiel
3154 5015 3249 5055 tu:
3291 5001 3574 5073 «Auferam
3604 5000 3673 5056 ab
3707 5004 3802 5073 ip-

2208 5074 2280 5129 sis
2315 5091 2405 5129 cor
2435 5075 2721 5141 lapideum,
2751 5082 2798 5125 et
2829 5072 3128 5143 dabonipsis
3163 5087 3255 5124 cor
3283 5072 3559 5126 corneum:
3587 5087 3606 5125 :
3646 5072 3800 5143 quod

2210 5154 2431 5215 utraque
2460 5139 2524 5198 de
2560 5143 2744 5197 habitu
2767 5151 2817 5196 et
2849 5139 3120 5212 qualitate,
3158 5157 3263 5195 non
3291 5145 3354 5197 de
3380 5139 3677 5197 substantia
3706 5144 3805 5198 in-

2210 5216 2493 5284 telligenda
2532 5216 2657 5268 sint.

2287 5280 2385 5340 161
2440 5286 2514 5338 De
2539 5288 2679 5337 dicto
2721 5280 2970 5337 Proverb.
3000 5299 3019 5338 :
3069 5283 3282 5337 «Astitit
3310 5283 3363 5337 in
3395 5283 3534 5336 omni
3560 5282 3653 5349 via
3686 5299 3805 5340 non

2216 5359 2388 5419 bona;
2412 5367 2492 5408 set
2515 5355 2607 5407 illo
2637 5350 2824 5421 psalmi
2856 5369 3052 5408 XLVIII:
3083 5355 3308 5408 «Anima
3334 5354 3447 5422 ejus
3474 5355 3533 5407 in
3556 5354 3663 5407 vita
3692 5370 3807 5407 sua

2215 5428 2565 5482 benedieetur.
2598 5423 2625 5478 Ι
2634 5426 2931 5494 ngredietur
2945 5427 3083 5478 enim
3101 5427 3155 5476 in
3175 5425 3559 5494 generationem
3577 5432 3805 5494 patrum

2215 5513 2451 5562 suorum,
2477 5514 2496 5547 ι
2530 5506 2636 5549 etc.
2660 5493 2919 5563 Corrupta
2942 5493 3210 5548 hominum
3223 5494 3427 5563 judicia
3453 5508 3587 5561 stepe
3615 5493 3806 5549 beatos

2215 5569 2504 5639 prwdicant
2536 5567 2624 5635 qui
2672 5580 2847 5639 revera
2883 5575 3007 5639 sunt
3045 5565 3254 5639 miseri,
3293 5572 3347 5639 et
3370 5574 3575 5618 contra.

2293 5638 2396 5692 162
2456 5632 2635 5706 Agnus
2662 5633 2940 5689 Paschalis
2982 5635 3121 5704 μετὰ
3149 5634 3385 5704 σπουδῆς
3418 5632 3799 5689 comedendus.

2221 5709 2469 5767 Studium
2494 5715 2569 5759 est
2592 5706 2728 5757 actio
2760 5715 2882 5759 ante
2916 5706 3192 5760 actionem.

2293 5778 2396 5835 165
2438 5776 2743 5847 Disputatio
2776 5775 2996 5848 insignis
3024 5785 3206 5832 contra
3237 5773 3477 5846 Origenis
3510 5774 3700 5844 dogma
3730 5773 3809 5831 da
