3896 6404
508 321 612 384 163

505 438 563 489 in
593 432 845 498 oratoris,
881 433 970 485 sed
1003 431 1266 485 auditoris
1289 439 1540 496 potestate
1581 440 1638 484 ut
1676 433 1965 486 orationem
2009 450 2094 485 se-

505 507 710 573 qua'tnr
749 504 1066 570 persuasio:
1102 498 1336 555 Proinde
1365 519 1476 573 non
1493 519 1604 555 esse
1636 504 1836 555 oratori
1866 505 1962 555 hoc
1996 504 2096 554 int-

506 572 798 640 putandum
836 585 924 626 aut
954 575 1078 626 vitio
1106 576 1341 625 dandum
1368 574 1410 624 si
1443 572 1546 638 {ine
1570 588 1665 626 suo
1681 573 1914 632 excidat,
1944 574 2097 625 dum-

505 653 661 697 modo
708 645 838 697 niltil
861 659 1040 696 eorum
1068 681 1083 706 ,
1107 659 1224 710 qua:
1259 645 1326 696 ad
1354 643 1575 712 ofﬁcium
1613 659 1765 695 suum
1808 643 2092 712 pertinent,

507 714 924 784 prmermiserit.

508 781 542 906 'd
577 784 684 866 206
710 783 788 838 De
836 783 1014 839 Diana
1062 781 1359 852 Ephesina,
1395 782 1616 852 ejusque
1664 783 1812 853 signo
1847 781 1912 835 ab
1963 781 2095 838 Jove

545 870 758 906 emisso.

545 870 758 910 8011880.

583 924 687 977 207
727 923 931 977 Rursus
980 923 1161 977 eadem
1201 925 1263 976 de
1298 938 1372 975 re.
1413 920 1580 991 Signa
1611 921 1836 991 διοπετῆ
1879 939 1996 992 qua:
2046 932 2096 977 et

508 1011 676 1060 quare
701 996 847 1047 dicta
871 996 994 1048 sint.
1021 993 1227 1063 Βρέτας
1253 993 1411 1046 unde.
1448 993 1692 1063 Historia
1735 993 2095 1048 memorabilis

507 1066 574 1119 de
602 1065 892 1118 Ptolemteo
912 1081 1028 1134 rege
1044 1062 1287 1133 zEgypti,
1310 1062 1568 1131 quomodo
1590 1063 1881 1134 statuarios
1906 1063 2097 1118 Diana:

509 1153 567 1188 in
593 1137 798 1204 foveam
821 1133 1151 1204 prwcipitari
1200 1134 1428 1197 curarit,
1471 1150 1534 1187 ne
1585 1133 1938 1187 simulacrum
1961 1134 2096 1188 illud

510 1207 745 1258 humana
778 1221 940 1257 manu
972 1204 1176 1273 factum
1200 1204 1484 1258 videretur.

580 1275 686 1330 208
707 1275 984 1328 Diabolica
1007 1286 1081 1327 est
1105 1275 1330 1338 astutia,
1351 1289 1532 1326 arcere
1547 1273 1787 1328 homines
1803 1291 1834 1326 a
1853 1273 2092 1339 lectione,

511 1347 900 1399 auscultatione
933 1355 983 1398 et
1010 1345 1188 1398 studio
1218 1360 1386 1398 sacra:
1417 1343 1711 1412 Scriptura:
1764 1361 1966 1398 merum
1995 1347 2096 1400 mel

508 1417 786 1484 spirantis,
822 1432 884 1469 ne
908 1416 1030 1468 inde
1065 1415 1204 1467 bona
1234 1429 1390 1483 opera
1414 1425 1725 1484 sequantur.

576 1486 683 1540 209
713 1487 790 1539 De
820 1485 1128 1554 differentia
1158 1482 1288 1554 legis
1327 1494 1374 1538 et
1424 1482 1717 1554 Evangelii.
1741 1483 1852 1538 Lex
1877 1494 2097 1553 peccata

508 1558 662 1625 punit
697 1556 958 1620 admissa,
983 1554 1329 1625 Evangetium
1353 1555 1513 1625 etiam
1541 1555 1713 1624 fontes
1730 1565 2092 1624 peccatorum,

510 1623 792 1695 antequam
829 1623 1147 1686 nascantur,
1167 1625 1416 1679 obstruit.
1443 1623 1755 1695 _Explicatio
1781 1627 1908 1679 dicti
1938 1625 2096 1680 Chri-

509 1699 617 1752 sti:
648 1693 671 1748 ἰ
713 1695 929 1750 Dictum
988 1706 1066 1750 est
1106 1698 1380 1766 antiquis:
1424 1693 1651 1748 Oculum
1705 1712 1800 1765 pro
1839 1697 2012 1766 oculo,
2043 1709 2092 1751 et

508 1768 718 1823 dentem
775 1781 872 1831 pro
923 1768 1098 1822 dente.
1131 1763 1246 1837 Ego
1303 1775 1483 1820 autem
1527 1768 1646 1821 dico
1704 1763 1885 1822 vobis:
1914 1765 2096 1823 Nolite

511 1841 765 1894 resistere
792 1839 953 1891 malo.
980 1855 1000 1889 ι

589 1958 700 2013 210
726 1956 914 2012 Virtus
941 1963 1026 2011 est
1053 1954 1295 2011 medium
1342 1951 1604 2008 vitiorum
1634 1951 1910 2092 ιιιιῆιιψίειι
1930 1951 2094 2007 redu-

1857 2038 1887 2076 c
1915 2039 2026 2077 um.

1857 2038 2026 2077 Cllllll.

584 2119 739 2188 Quod
769 2117 980 2187 assequi
1003 2116 1214 2186 difficile
1257 2125 1360 2182 est,
1401 2115 1478 2170 ita
1509 2131 1575 2169 ne
1599 2114 1829 2170 declines
1859 2115 1931 2168 ad
1963 2114 2098 2168 dea:-

514 2201 653 2246 trant
686 2199 778 2244 aut
816 2190 1115 2243 sinistram.

582 2261 682 2314 211
729 2260 801 2313 De
851 2256 1298 2326 imperscrutabili
1356 2253 2100 2326 majestateuDei;expositio

511 2331 640 2386 dicti
691 2330 895 2384 Saloni.
924 2323 1206 2382 iProverb.
1269 2343 1400 2386 xxv.
1440 2323 1466 2380 1
1512 2342 1524 2377 :
1585 2346 1602 2377 ι
1641 2323 1827 2379 Gloria
1890 2323 2102 2378 Domini

514 2404 650 2455 celat
701 2415 1027 2463 sermonem;
1063 2417 1081 2450 s
1117 2411 1163 2450 et
1195 2398 1320 2450 dicti
1355 2396 1628 2460 Habacuc,
1662 2413 1716 2450 ιιι
1746 2414 1758 2449 :
1797 2415 1816 2446 ‹
1882 2394 2102 2465 Operuit

513 2475 668 2525 caelos
708 2471 876 2524 virtus
915 2469 1050 2537 ejus.
1087 2486 1106 2518 ι

578 2541 687 2594 212
737 2539 862 2593 Non
895 2536 1102 2591 tantum
1152 2537 1345 2599 verbis,
1370 2537 1461 2590 sed
1488 2547 1536 2590 et
1582 2553 1734 2606 opere
1755 2552 1816 2606 ac
1843 2536 1950 2588 vita
1988 2537 2104 2604 ipsa

517 2610 1007 2680 philosOphandum
1023 2619 1096 2662 est
1132 2609 1178 2662 ei
1207 2609 1430 2680 quinon
1455 2610 1571 2680 velit
1601 2623 1657 2661 se
1688 2605 1916 2680 ludibrio
1944 2622 2103 2675 expo-

519 2677 663 2737 nere.
702 2681 780 2734 De
805 2685 946 2733 dicto
987 2679 1145 2732 Isaia!
1169 2695 1188 2731 :
1220 2677 1244 2729 ⁷(
1286 2679 1490 2732 Discite
1518 2678 1709 2731 bonum
1741 2677 1934 2744 facere.
1973 2695 1991 2728 ι

585 2752 693 2808 215
718 2751 1004 2804 Accusatio
1043 2749 1348 2816 prophetica
1375 2749 1662 2817 impietatis
1697 2746 1968 2801 hominum
2002 2747 2101 2800 ad-

514 2838 697 2876 versus
727 2821 913 2881 Deum,
956 2829 1003 2873 et
1032 2821 1335 2882 iniquitatis
1366 2821 1418 2870 in
1445 2820 1744 2884 proximum
1771 2818 1924 2884 plane
1954 2818 2106 2870 inea:-

513 2892 792 2947 cusabilis.
827 2891 931 2956 Qui
973 2890 1302 2942 allucinatur
1357 2890 1501 2942 circa
1560 2889 1864 2955 manifesta,
1898 2888 2107 2956 videtur

514 2964 672 3018 e'iam
702 2955 944 3015 amittere
993 2959 1151 3026 fidem
1179 2962 1235 3012 in
1283 2960 1498 3013 occultis
1533 2968 1581 3011 et
1616 2958 1873 3012 obscuris.
1923 2955 2108 3027 Expo-

516 3033 639 3085 sitio
661 3031 790 3086 dicti
834 3029 1150 3084 Ezechielis.

590 3101 697 3156 214
751 3100 1048 3154 Iudicandi
1099 3115 1291 3153 munus
1325 3098 1715 3168 diﬂicillimum.
1741 3095 1821 3168 ‘In
1851 3095 1988 3168 illud
2020 3095 2109 3150 Si-

515 3173 662 3225 rach.
699 3188 772 3226 vn
815 3188 830 3226 :
867 3189 886 3223 ι
934 3168 1017 3224 Ne
1051 3186 1258 3236 quwras
1305 3164 1421 3238 fieri
1461 3170 1653 3238 judex.
1684 3187 1702 3219 ι
1725 3164 1921 3235 Confer
1953 3169 2105 3235 epist.

515 3243 622 3297 274
654 3242 744 3295 lib.
778 3257 860 3295 ιιι.

591 3312 717 3366 215.
755 3311 823 3366 Ut
873 3311 1086 3364 lucerna
1137 3311 1200 3362 ab
1250 3308 1365 3362 oleo
1422 3309 1648 3377 riganda
1692 3317 1790 3372 est,
1824 3309 1902 3360 sic
1950 3307 2109 3376 λόγος

516 3382 888 3445 διδασκαλικὸς
915 3383 1022 3434 sive
1063 3379 1413 3450 νπροφορικὺς
1447 3381 1510 3431 ab
1543 3379 1764 3432 alterius
1801 3379 1993 3432 virtute
2023 3384 2108 3430 in-

521 3466 694 3515 terna,
721 3454 809 3521 qui
859 3460 937 3504 est
991 3449 1236 3521 διάθετος
1271 3519 1276 3521 _
1326 3450 1636 3501 alimentum
1675 3450 1907 3516 accipere
1937 3450 2106 3502 debet.

519 3523 598 3576 De
626 3519 768 3575 dicto
795 3521 1025 3576 Christi:
1048 3540 1067 3571 ι
1104 3520 1223 3574 Sint
1258 3519 1485 3573 lucerna:
1509 3529 1687 3572 vestra:
1712 3522 1978 3572 ardentes.
2011 3537 2030 3570 ι

590 3593 696 3646 216
727 3590 965 3646 Solvitur
1019 3588 1399 3659 ἀντικείμενον
1459 3606 1549 3642 seu
1591 3589 1995 3659 ﬁvavrtocpavér;
2033 3597 2110 3642 est
2150 3641 2154 3644 ,

521 3663 662 3716 inter
708 3664 819 3716 haec
863 3663 968 3714 duo
1021 3657 1410 3714 Christi‘dicta
1451 3675 1470 3712 :
1522 3678 1541 3710 ι
1582 3657 1706 3712 Nisi
1759 3658 2108 3712 abundaverit

517 3733 730 3800 justitia
762 3743 930 3784 vestra
953 3731 1070 3800 plus
1095 3746 1252 3800 quant
1279 3729 1617 3794 Scribarum;
1661 3748 1681 3780 ι
1716 3738 1766 3783 et
1790 3745 1809 3783 :
1843 3747 1886 3794 ι,
1901 3727 1989 3783 Va:
2020 3745 2111 3782 vo-

521 3804 622 3865 bis,
644 3800 859 3855 Scriba'.
897 3820 915 3851 ι

591 3872 696 3926 217
730 3871 810 3925 De
830 3872 972 3924 dicto
1010 3867 1232 3934 Christi,
1274 3867 1434 3923 Joan.
1467 3883 1549 3932 ιιι,
1592 3869 1728 3922 192(
1753 3867 1950 3924 Solvite
1975 3879 2109 3923 tem-

521 3943 666 4011 plum
699 3943 820 4006 hoc,
851 3951 899 3995 et
934 3945 988 3993 in
1026 3941 1193 3993 tribus
1230 3939 1412 3992 diebus
1445 3939 1684 4011 excitabo
1709 3939 1870 4011 illud.
1902 3959 1920 3992 ι

591 4013 699 4067 218
723 4011 977 4075 Docetur,
1004 4027 1108 4064 non
1141 4026 1430 4079 repugnare
1465 4009 1563 4063 sibi
1614 4010 1832 4062 invicem
1860 4015 1964 4062 duo
1997 4008 2108 4061 ista

522 4083 708 4137 dicta:
749 4101 768 4133 ι
829 4081 1009 4135 Nolite
1062 4081 1281 4134 solliciti
1331 4097 1441 4134 esse
1543 4081 1801 4148 quomodo
1842 4090 1933 4133 aut
1981 4080 2108 4148 quid

522 4153 851 4222 loquamini;
881 4171 898 4203 ι
941 4149 1139 4204 Matth.
1177 4167 1248 4214 x;
1287 4150 1452 4204 Marc.
1491 4165 1585 4203 xm
1609 4167 1632 4222 ;_
1658 4147 1767 4222 L_uc
1782 4159 1908 4198 ιιιοι
1929 4147 2110 4222 Parati

521 4217 723 4292 semper
758 4225 827 4275 ad
863 4223 1179 4276 reddendam
1225 4223 1502 4275 rationem.
1555 4240 1574 4271 ι
1604 4219 1632 4273 1
1673 4219 1820 4292 Petr.
1838 4237 1924 4292 ιιι.
1957 4217 2110 4272 Μαι·-

523 4289 699 4362 tyrum
761 4293 1086 4345 incredibilis
1124 4292 1416 4360 invictaque
1472 4291 1786 4344 constantia.
1825 4289 2109 4358 Sapientia:

523 4365 782 4430 sapientes
818 4363 1079 4430 discipuli.

596 4433 702 4486 219
735 4433 1096 4488 Sacerdotalis
1120 4433 1228 4485 sive
1257 4433 1569 4501 episcopalis
1610 4431 1839 4484 muneris
1887 4445 2094 4482 summa

524 4503 829 4581 difficultas.
867 4502 944 4581 De
995 4503 1139 4581 dicto
1193 4501 1428 4581 Rauli,l
1467 4501 1632 4581 Tim.-
1671 4518 1781 4581 ut:
1828 4520 1846 4553 ι
1879 4501 1937 4554 Si
1980 4502 2108 4581 quis

523 4571 882 4641 episcopatum
904 4574 1188 4635 desiderat,
1219 4575 1408 4626 bonum
1435 4589 1562 4640 opus
1600 4574 1886 4626 desiderat.
1915 4591 1935 4623 ι
1973 4571 2113 4623 Con-

526 4642 608 4710 fer
638 4661 718 4710 ep.
745 4643 854 4698 216
887 4643 982 4697 lib.
1011 4659 1097 4707 ιιι,
1130 4659 1248 4712 qua:
1279 4645 1347 4697 ad
1374 4648 1610 4697 eumdem
1635 4641 1945 4696 Palladium
1977 4641 2112 4695 scri-

565 4725 617 4765 ta
646 4726 742 4767 881.

525 4728 758 4837 Ριέἕῦελ
793 4782 913 4854 lfax
928 4800 1046 4838 cum
1075 4784 1336 4854 omnibus,
1355 4795 1610 4854 quantum
1634 4785 1688 4836 in
1719 4782 1868 4836 nobis
1901 4791 1999 4848 est,
2024 4799 2114 4835 co-

531 4853 707 4907 lenda.
746 4872 765 4904 ι
802 4853 931 4907 Rom
957 4871 1054 4907 xu.
1096 4853 1178 4907 Ne
1203 4856 1319 4922 quis
1362 4873 1455 4907 nos
1483 4858 1669 4917 oderit,
1702 4871 1805 4906 non
1837 4862 1913 4907 est
1944 4854 2109 4906 nostri

533 4925 741 4978 arbitrii
769 4942 781 4976 :
818 4923 919 4978 Sed
956 4927 1050 4977 hac
1078 4935 1172 4982 est.
1202 4940 1264 4978 ne
1287 4928 1401 4992 quis
1415 4926 1558 4994 juste
1600 4943 1692 4978 nos
1732 4925 1918 4988 oderit,
1952 4939 2115 4976 causa

535 4994 772 5048 videlicet
812 4996 920 5047 odii
947 5011 977 5046 a
1012 4995 1160 5048 nobis
1215 4996 1313 5062 ipsi
1360 4997 1600 5064 pra'bita.
1648 4995 1843 5063 Confer
1891 5009 1972 5062 ep.
2005 4994 2109 5048 211

533 5064 626 5116 lib.
649 5080 734 5127 ιιι,
777 5075 822 5118 et
851 5080 931 5132 ep.
958 5066 1024 5119 50
1049 5067 1139 5118 lib.
1177 5080 1233 5117 ιι.

602 5134 700 5188 221
740 5133 918 5190 Lectio
945 5147 993 5187 et
1023 5137 1258 5188 studium
1304 5152 1580 5188 sacrarum
1612 5135 1950 5200 Litterarum,
1976 5135 2116 5188 velut

530 5204 756 5274 fontium
799 5205 1040 5272 Israelis,
1059 5206 1179 5258 aliis
1216 5205 1367 5257 rebus
1389 5207 1632 5274 prteferri
1657 5207 1823 5259 debet.

601 5274 708 5326 222
751 5274 928 5328 Virtus
955 5275 1278 5328 immortalis
1304 5286 1401 5338 est,
1426 5286 1475 5328 et
1517 5280 1630 5330 sola
1681 5278 1947 5328 hominem
1978 5276 2114 5328 beat.

532 5343 676 5397 Deus
702 5346 1015 5410 Abrahami,
1046 5344 1225 5399 Isaaci
1248 5355 1296 5398 et
1320 5345 1531 5407 Jacobi,
1555 5349 1781 5413 itemque
1819 5347 2040 5400 Davidis
2065 5353 2113 5398 et

533 5416 764 5469 aliorum
810 5428 1114 5470 sanctorum
1140 5418 1300 5470 etiant
1337 5418 1445 5469 vita
1507 5417 1812 5486 functorum
1854 5432 2036 5469 curam
2063 5431 2118 5470 se

533 5501 708 5554 gerere
739 5498 976 5540 testatur.

605 5555 712 5627 225
738 5556 905 5627 θυμὸς
928 5568 976 5610 et
1007 5555 1145 5627 ὀργὴ
1175 5558 1434 5627 quomodo
1461 5555 1732 5625 differant.

608 5625 714 5679 224
739 5625 1065 5694 Scriptorum
1097 5629 1325 5680 Joannis
1374 5626 1733 5696 Chrysostomi
1783 5625 2116 5683 commenda-

541 5708 634 5756 tio,
655 5712 703 5767 et
735 5697 960 5767 hominis
980 5700 1211 5750 socordis
1243 5714 1424 5750 eorum
1453 5698 1755 5767 negligentis
1783 5698 2108 5766 objurgatio.

611 5765 716 5819 225
744 5765 957 5838 Josephi
1011 5767 1322 5822 Juda‘orunt
1377 5765 1614 5825 historici
1664 5765 2021 5824 testimonium
2048 5771 2111 5823 de

1646 317 2221 381 PROLEGOMENA
2260 317 2462 380 EDIT.
2503 318 2754 380 PARIS.

3700 316 3810 381 164

2199 430 2432 492 Christo.
2465 433 2558 488 lib.
2608 446 2742 486 mu
2799 429 3072 500 Antiquit.
3107 429 3184 482 Ab
3225 429 3377 486 hoste
3431 432 3810 487 testimonium

2197 505 2296 573 vim
2317 519 2561 573 magnam
2579 502 2754 556 habet.

2269 572 2376 627 226
2409 571 2539 626 Non
2596 574 2731 626 satis
2767 581 2847 626 est
2886 571 3181 632 haereticos.
3218 588 3455 640 paganos
3478 581 3530 625 et
3570 573 3810 627 Judteos

2197 644 2414 713 veritate
2444 644 2710 713 religionis
2763 657 3035 713 supergre,
3088 643 3195 713 nisi
3241 644 3431 696 iisdem
3469 644 3632 696 etiam
3695 660 3812 693 nte-

2198 710 2384 767 liorem
2416 709 2579 767 vitam
2623 728 2868 783 agamus.
2903 709 3066 765 Fides
3114 712 3254 766 enim
3312 715 3508 784 absque
3545 715 3812 782 operibus

2199 795 2407 837 mortua
2431 794 2528 838 est.

2269 854 2373 907 227
2400 854 2444 905 Α
2477 862 2614 907 recte
2641 853 2798 921 factis
2827 851 3303 906 absit'ostentatio.
3338 851 3565 906 Factum
3599 852 3815 905 bonum

2198 942 2302 979 non
2341 935 2415 978 est
2449 927 2639 978 bonum
2664 923 2807 976 haud
2843 922 3044 990 factum
3074 922 3217 976 bene.
3241 923 3478 976 Solvitur
3499 923 3808 990 dubitatio.

2197 995 2331 1050 Cum
2361 996 2477 1058 ﬁeri
2507 1003 2727 1065 nequeat
2753 1004 2808 1045 ut
2841 989 3043 1065 bonum
3061 1009 3190 1065 opus
3216 992 3399 1065 lateat.
3432 1010 3601 1062 quare
3632 989 3814 1065 Chri-

2195 1075 2311 1119 stus
2343 1063 2694 1126 interdixerit,
2723 1079 2787 1118 ne
2821 1078 3000 1116 coram
3025 1063 3326 1116 hominibus
3359 1064 3630 1134 faciamus
3701 1063 3816 1116 ele-

2198 1153 2524 1203 emosynam.

2270 1201 2378 1261 228
2402 1205 2594 1260 Sirach
2630 1219 2791 1274 quam
2831 1203 2996 1258 variis
3053 1202 3295 1257 iconibus
3346 1201 3695 1272 Sapientiam
3729 1222 3818 1261 re-

2236 1287 2492 1332 ra'sentet.

2197 1297 2613 1401 pr‘22gmfilliristi
2635 1345 2692 1397 in
2727 1359 2938 1398 carnem
2962 1346 3215 1396 adventus
3248 1352 3504 1408 quantum
3529 1345 3811 1400 attulerit.

2201 1419 2519 1486 Objurgatio
2547 1415 2863 1486 gravissima
2905 1414 3132 1467 hominis
3151 1414 3508 1484 incorrigibili
3529 1417 3819 1486 pravitate

2199 1487 2509 1543 laborantis.

2273 1558 2380 1614 250
2417 1554 2796 1611 Sennacheribi
2815 1555 2952 1625 regis
2972 1554 3227 1625 superbia
3254 1553 3514 1610 divinitus
3532 1556 3817 1625 castigata

2199 1639 2246 1683 et
2275 1628 2670 1698 repressa,ipso
2712 1636 2834 1698 post
2875 1624 3122 1698 deletum
3181 1626 3469 1678 exercitum
3503 1637 3550 1681 et
3585 1624 3818 1698 turpem

2198 1699 2379 1770 fugam
2409 1697 2553 1750 domi
2584 1715 2616 1750 a
2639 1697 2750 1750 suis
2772 1696 3057 1749 trucidato.

2559 1809 3025 1866 ARGUMENTA
3077 1808 3286 1864 LIBRI
3336 1808 3438 1864 IV.

2263 1907 2289 1961 1
2327 1907 2404 1961 De
2450 1906 2618 1962 animi
2671 1905 3010 1975 corporisque
3062 1902 3456 1972 affectionibus,
3487 1901 3642 1971 infra
3702 1901 3818 1958 187

2200 1987 2250 2033 et
2284 1978 2406 2032 161.

2255 2051 2291 2102 2
2319 2046 2427 2100 Pro
2450 2047 2700 2114 improbis
2735 2045 3013 2099 orandum.

2274 2117 2308 2172 5
2344 2118 2416 2170 De
2431 2111 2664 2173 vanitate
2693 2133 2868 2170 rerum
2897 2117 3274 2169 humanarum.
3297 2111 3494 2184 Confer
3509 2114 3670 2184 epist.
3701 2113 3812 2167 271

2202 2199 2252 2243 et
2279 2189 2378 2242 251
2413 2190 2506 2244 lib.
2545 2205 2626 2243 ιιι.

2273 2258 2307 2310 4
2340 2261 2416 2312 De
2437 2259 2531 2311 Dei
2565 2274 2721 2328 regno
2748 2257 2907 2310 etiam
2931 2255 3071 2325 apud
3103 2254 3392 2323 improbos.

2266 2329 2300 2400 5
2327 2329 2374 2400 11!
2383 2339 2621 2399 artyrum
2647 2329 2839 2400 gloria.

2260 2399 2294 2452 6
2327 2397 2392 2469 I_n
2409 2397 2765 2469 episcopatum
2787 2397 3095 2469 ambientes.

2275 2469 2306 2540 7
2333 2467 2406 2540 De
2442 2466 2592 2540 aequo
2619 2480 2665 2522 et
2699 2471 2854 2540 bono,
2882 2477 2931 2521 et
2984 2466 3275 2537 ἐπιεικείᾳ.

2271 2539 2305 2592 8
2337 2538 2435 2610 Sui
2456 2538 2683 2610 cognitio
2707 2539 2874 2592 utilis.

2273 2610 2306 2664 9
2341 2609 2416 2661 De
2433 2606 2874 2664 recialiberorum
2911 2608 3260 2662 institutione.
3296 2606 3489 2676 Confer
3514 2623 3597 2675 ep.
3631 2609 3780 2663 517.

2275 2678 2338 2750 10
2361 2679 2435 2750 De
2458 2697 2632 2750 pugna
2653 2680 2881 2733 hominis
2920 2679 3210 2732 interioris.

2273 2749 2330 2802 11
2380 2745 2602 2804 Virtutis
2631 2751 3036 2803 commendatio.

2263 2819 2434 2890 12-15
2463 2822 2544 2873 Ad
2573 2820 2776 2890 frugem
2805 2821 2994 2872 bonam
3014 2819 3200 2872 invitat
3219 2817 3404 2888 fratris
3434 2820 3710 2888 exemplo.

2271 2891 2340 2944 14
2374 2889 2494 2944 Vita
2532 2889 2748 2944 militia.

2283 2959 2353 3013 15
2373 2960 2751 3030 Arrogantiam
2779 2958 3070 3030 dissuadet.

2282 3030 2350 3083 16
2375 3030 2449 3083 De
2473 3027 2686 3084 Eusebii
2713 3032 2877 3082 vitiis.
2909 3027 3103 3098 Confer
3130 3030 3284 3098 epist.
3305 3027 3428 3094 140,
3458 3027 3583 3082 147.

2286 3100 2355 3155 17
2397 3101 2590 3156 Oculos
2620 3102 2942 3153 continentes
2962 3115 3074 3153 esse
3098 3111 3354 3166 aportere.

2286 3170 2355 3225 18
2389 3168 2554 3225 Pares
2571 3187 2688 3224 cum
2720 3170 2938 3239 paribus
2962 3171 3286 3239 congregari.

2280 3242 2344 3296 19
2368 3241 2625 3295 Dimittite
2647 3249 2696 3293 et
2729 3241 3082 3293 dimittemint.
3108 3239 3240 3294 Luc.
3272 3255 3347 3307 v1,
3365 3239 3454 3294 57.

2285 3312 2358 3366 20
2391 3309 2587 3365 Orator
2614 3327 2716 3364 non
2741 3326 2941 3376 semper
2965 3311 3268 3378 persuadet.

2277 3382 2341 3435 21
2387 3381 2636 3434 Priorum
2659 3381 2988 3434 sacerdotum
3021 3395 3138 3433 cum
3183 3383 3266 3434 sui
3296 3381 3392 3434 tevi
3420 3379 3640 3451 elegans
3669 3397 3824 3435 com-

2214 3453 2438 3522 paratio.
2479 3451 2604 3506 Vide
2633 3452 2730 3514 inf.
2773 3451 2925 3522 epist.
2961 3451 3028 3503 57
3054 3459 3102 3503 et
3139 3451 3261 3506 129.

2278 3523 2349 3575 22
2383 3521 2770 3587 Ignoscendunt
2787 3521 2945 3574 etiam
2973 3536 3074 3573 non
3102 3522 3411 3587 postulanti.

2275 3589 2494 3715 252360n
2537 3592 2869 3662 repetendum
2921 3592 3120 3644 malum
3154 3593 3316 3660 malo,
3339 3593 3429 3647 sed
3460 3591 3616 3646 bona.
3646 3589 3822 3661 Infra

2215 3677 2296 3730 ep.
2326 3666 2451 3717 280.

2280 3733 2352 3785 2/t
2376 3732 2452 3785 De
2485 3732 2717 3800 fraterno
2743 3749 2942 3788 amore.

2279 3803 2351 3873 25
2385 3801 2617 3873 Mundus
2647 3803 2915 3858 muliebris
2935 3803 3052 3873 quis
3080 3820 3254 3858 verus.

2285 3871 2355 3925 26
2393 3871 2704 3926 Animorum
2734 3875 2802 3925 ad
2831 3871 3076 3928 virtutem
3105 3876 3346 3929 societas.

2289 3942 2358 3996 27
2382 3941 2442 3996 Si
2469 3941 2668 3995 athleta
2690 3941 2918 4009 laborat,
2943 3947 3124 4011 quidni
3147 3945 3343 3996 Christi
3373 3940 3544 3996 miles.

2286 4011 2357 4085 28
2391 4011 2644 4085 ‘Fratrem
2668 4015 2830 4085 amici
2853 4014 3062 4069 laudat.
3087 4015 3169 4066 Ad
3203 4015 3432 4085 quinque
3488 4013 3677 4081 capita
3714 4029 3824 4083 per
3859 4027 3864 4031 ·

2215 4081 2491 4149 epistolam
2526 4083 2750 4151 qutesita
2779 4087 3073 4151 respondet.

2283 4152 2352 4205 29
2376 4153 2421 4204 A
2453 4152 2582 4205 luxu
2613 4151 2944 4207 dehortatur.

2288 4223 2357 4294 50
2379 4225 2419 4294 4
2453 4225 2642 4294 virtute
2671 4233 2774 4277 tres
2796 4224 3126 4280 commendat
3151 4225 3445 4294 episcopos.

2283 4293 2347 4347 51
2382 4291 2562 4363 Sacra:
2589 4289 2874 4363 scripturae
2899 4297 3156 4363 quomodo
3179 4289 3604 4363 incumbentium.

2283 4363 2359 4434 52
2378 4361 2585 4417 Laudat
2614 4361 2776 4434 latin.
2813 4361 3170 4434 Chrysostonti
3220 4367 3275 4418 in
3313 4362 3475 4420 Pauli
3501 4363 3819 4434 Epistolam

2214 4434 2284 4487 ad
2325 4432 2588 4488 Romanos
2622 4433 2912 4490 Comment.

2285 4504 2354 4556 55
2385 4502 2528 4557 Laus
2555 4505 2722 4558 sancti
2748 4521 2810 4558 ac
2842 4506 3072 4558 doctoris
3107 4505 3312 4559 diserti.

2287 4573 2358 4626 54
2384 4572 2435 4644 t1
2459 4575 2587 4626 mali
2610 4575 2856 4628 societate
2883 4576 3103 4628 deterret
3143 4575 3428 4644 improbos.

2289 4645 2360 4698 55
2399 4641 2599 4697 Suadet
2657 4646 2864 4698 oratori
2904 4647 3146 4699 virtutem
3197 4641 3356 4714 quam
3404 4647 3574 4702 verbis
3604 4648 3817 4714 possit,

2215 4715 2386 4777 reipsa
2409 4716 2572 4766 etiam
2599 4724 2835 4768 exornet.

2287 4783 2356 4837 56
2385 4783 2592 4838 Divitia:
2615 4784 2902 4853 Babylonis
2926 4784 3142 4853 fornace
3165 4784 3391 4839 collatw.
3423 4785 3618 4840 Daniel
3648 4802 3737 4841 ιιι.

2290 4854 2359 4907 57
2384 4853 2461 4907 De
2491 4855 2636 4908 bonis
2698 4855 3010 4925 presbyteris
3061 4865 3245 4909 contra
3274 4855 3442 4911 malos
3491 4859 3816 4913 disseritur.

2218 4923 2416 4978 Contra
2444 4928 2595 4992 epist.
2620 4923 2710 4979 21.

2291 4994 2361 5047 58
2388 4994 2584 5047 Contra
2616 4996 2826 5048 virtutis
2855 5011 3050 5048 osores.

2287 5065 2354 5186 is:
2395 5063 2723 5186 ggzlllpllcet
2760 5067 3110 5119 tentationum
3147 5065 3373 5134 fructus.
3399 5065 3596 5135 Confer
3652 5067 3819 5137 infra

2217 5136 2364 5203 epist.
2395 5136 2522 5190 226.

2284 5205 2355 5259 40
2383 5204 2579 5269 Quales
2606 5207 2738 5273 reip.
2768 5205 3123 5275 gubernanda:
3153 5208 3407 5275 aptiores.

2284 5276 2346 5328 41
2380 5275 2610 5346 Ιξεθηιιιιι
2636 5276 2883 5329 caelorum
2906 5277 3246 5332 inculcatum.
3272 5279 3408 5346 Sup.
3441 5317 3459 5343 ,
3485 5277 3642 5346 epist.
3668 5276 3730 5331 4.

2290 5293 2346 5328 ει
2380 5293 2610 5343 mgnum
2636 5293 2883 5329 canorum
2906 5293 3246 5332 mcutcatum.
3272 5293 3408 5346 .sup.
3441 5317 3459 5343 ,
3485 5293 3512 5331 e
3550 5294 3582 5332 tt

2290 5346 2360 5399 42
2396 5343 2571 5416 Poena:
2599 5345 2730 5399 lente
2752 5355 2873 5416 sunt
2899 5348 3185 5416 exigenda.
3215 5347 3328 5415 Inf.
3351 5364 3437 5415 ep.
3455 5293 3582 5402 26P7.

2292 5416 2362 5489 45
2395 5415 2586 5489 lugens
2609 5415 2922 5489 supplicium
2956 5415 3311 5489 et_tolerantia
3346 5433 3483 5489 wgre
3523 5420 3750 5474 durant.

2291 5487 2360 5540 44
2399 5485 2578 5539 Virtus
2620 5487 2873 5538 laudatur
2897 5496 2942 5538 et
2971 5485 3130 5555 alget.

2291 5558 2362 5611 45
2391 5557 2466 5610 De
2496 5558 2628 5610 bono
2654 5557 2758 5608 vini
2781 5557 2981 5610 modice
3013 5558 3227 5624 sumpti.

2293 5629 2363 5681 46
2405 5626 2599 5679 Oculos
2623 5637 2676 5678 ut
2711 5626 2876 5678 animi
2898 5626 3156 5694 fenestras
3208 5629 3600 5684 custodiendos.

2294 5699 2362 5772 17
2396 5695 2873 5772 Vir-tutentamanti
2903 5700 3171 5751 hominum
3193 5701 3367 5772 opinio
3397 5702 3820 5758 contemnenda.

2284 5771 2354 5824 48
2372 5767 2415 5819 Α
2449 5767 2691 5823 conviciis
2713 5771 3127 5837 temperandum.
