3896 6404
171 372 257 434 165

226 484 290 538 49
322 483 608 537 Laudandi
644 482 764 534 boni
789 482 903 534 sine
936 479 1296 534 ostentatione.

231 555 296 607 50
327 554 586 612 Caelestia
610 556 832 606 terrenis
863 555 988 614 quia
1015 559 1294 620 prwstant,
1317 549 1516 601 idcirco
1539 546 1738 616 ample-

164 626 356 681 ctenda.

221 696 284 748 51
320 695 580 754 Diabolus
613 710 730 760 qua:
754 691 1006 761 suggerit,
1035 688 1309 761 fugienda.

226 763 295 816 5‘3
327 770 401 823 De
437 759 691 819 monodia
718 764 776 815 in
807 759 1071 827 improbos
1097 759 1414 823 conscripta.

227 834 295 886 55
328 838 496 891 Mittit
524 833 829 886 monodiam
857 833 910 883 in
944 830 1077 883 alios
1100 828 1473 896 conscriptam.

227 903 294 956 54
327 907 508 960 Virtus
538 903 796 970 sequenda
829 910 885 953 ut
917 902 1111 970 hostem
1131 900 1342 970 vincas.

225 975 293 1028 55
311 978 571 1031 Avaritia!
593 965 889 1026 detestatio.
910 969 1104 1037 Confer
1121 968 1222 1035 inf.
1249 967 1397 1032 epist.
1428 965 1518 1020 67.

229 1045 295 1098 56
325 1047 486 1101 Beati
536 1045 625 1114 qui
669 1042 1081 1111 persecutionem
1136 1038 1432 1108 patiuntur,
1458 1037 1649 1090 Matth.
1681 1053 1738 1103 ν,

228 1185 295 1238 57
317 1188 362 1240 Α
383 1185 529 1240 titiis
560 1183 872 1236 dehortatur
892 1196 954 1233 ac
983 1179 1234 1248 nequitia.

226 1256 293 1309 58
330 1255 462 1322 Spes
490 1255 608 1308 vitta
626 1253 890 1305 anchora.
921 1244 1119 1322 Confer
1135 1251 1286 1317 epist.
1314 1244 1384 1300 50
1419 1254 1469 1300 et
1507 1245 1596 1303 58.

223 1327 290 1380 59
321 1320 598 1379 stimum
628 1324 684 1374 in
708 1323 870 1388 stirpe
894 1320 1146 1374 delirare.

230 1397 295 1451 60
327 1397 499 1448 Falsa
527 1393 612 1444 sui
637 1391 976 1443 existimatio.

231 1467 288 1519 61
321 1463 805 1518 Demonstrationis
826 1463 902 1513 vis
926 1460 980 1511 in
1011 1460 1453 1528 argumentando.

233 1537 297 1589 62
319 1534 572 1586 Parentis
592 1530 1030 1598 praceptorisque
1053 1530 1274 1599 olﬁcium
1319 1547 1424 1584 non
1453 1529 1737 1585 assentari.

233 1607 297 1660 65
333 1603 524 1657 Virtus
563 1601 648 1654 sui
683 1615 898 1653 merces.
1217 1625 1227 1638 -

235 1677 298 1729 64
329 1673 522 1727 Victus
542 1672 816 1738 cultusque
832 1667 1066 1738 corporis
1087 1667 1281 1738 qualis.

237 1747 301 1799 65
334 1744 399 1798 In
440 1742 580 1794 illud
635 1741 831 1795 Matth.
892 1755 946 1794 ν.
985 1739 1055 1793 28
1104 1756 1118 1793 :
1159 1759 1178 1792 ι
1235 1740 1340 1807 Qui
1385 1738 1573 1794 viderit
1617 1753 1725 1791 mu.

176 1817 357 1875 lierem,
393 1831 412 1863 ι
458 1822 564 1865 etc.

229 1887 294 1938 66
317 1884 473 1951 Quod
505 1879 708 1951 homini
743 1878 1151 1951 maxime_utilia
1174 1881 1418 1951 adversa.

241 1956 300 2007 67
322 1945 600 2006 wAvaritae
629 1949 926 2002 detestatio.
943 1945 1158 2019 ‘Confer
1182 1952 1332 2019 epist.
1362 1950 1449 2003 55.

230 2026 292 2079 68
321 2024 392 2076 De
414 2026 549 2074 bono
576 2020 901 2072 tentationis.
927 2016 1121 2086 Confer
1136 2016 1288 2087 epist.
1323 2019 1388 2073 19
1407 2030 1453 2071 et
1489 2020 1614 2075 226.

232 2097 294 2148 69
318 2094 446 2158 Spes
480 2093 656 2142 denuo
677 2089 1064 2151 commendata,
1093 2098 1149 2140 ut
1169 2092 1319 2156 epist.
1343 2089 1412 2144 50
1430 2100 1479 2144 et
1508 2091 1599 2145 58.

237 2165 298 2217 70
324 2162 432 2217 Sua
460 2169 769 2229 contentum
790 2167 932 2211 sorte
961 2173 1071 2210 esse
1096 2171 1315 2229 oportet.

234 2235 292 2288 71
316 2231 439 2286 Jobi
472 2231 528 2283 in
550 2228 857 2281 calamitate
881 2228 1136 2297 patientia
1188 2233 1498 2300 proponitur
1533 2245 1582 2288 et
1611 2253 1745 2305 ραν-

239 2319 274 2355 Π
281 2321 357 2357 as.

182 2321 357 2428 “'91::-
369 2372 448 2425 De
476 2368 803 2422 beatitudine
825 2375 1071 2420 ωερε-παλ
1085 2366 1286 2422 Oculus
1301 2385 1403 2425 non
1416 2373 1566 2436 vidit,
1591 2391 1610 2426 ι
1637 2385 1742 2429 etc.

186 2443 329 2496 Isaia
357 2456 506 2504 mv,
530 2440 602 2503 4;
632 2436 659 2490 I
683 2437 922 2491 Corinth.
960 2452 1022 2500 ll,
1046 2437 1080 2490 6
1111 2454 1125 2490 :
1160 2437 1227 2490 Et
1263 2458 1283 2490 ε
1328 2459 1431 2495 non
1457 2455 1579 2497 sunt
1621 2461 1746 2497 con-

187 2516 340 2580 digna:
357 2513 652 2576 passiones.
685 2527 705 2560 s
723 2505 872 2560 Rom.
894 2521 1009 2569 VIII,
1041 2507 1138 2575 18;
1165 2509 1225 2562 11
1244 2509 1368 2564 Cor.
1397 2515 1576 2579 Iv,17.
1607 2514 1746 2568 Con-

195 2584 260 2634 fer
277 2585 420 2634 epist.
455 2579 580 2634 152.

193 2584 260 2649 [ετ
277 2585 420 2647 epist.
455 2583 580 2634 152.

249 2653 309 2706 75
335 2652 399 2706 In
429 2652 568 2704 illud
600 2647 1122 2721 septemsapientum
1141 2648 1482 2721 :_the,'quid
1513 2653 1687 2706 nimis.
1717 2670 1737 2705 ι

244 2721 306 2774 74
331 2722 403 2774 De
431 2717 756 2788 precantium
785 2717 1108 2773 discrimine.
1145 2717 1511 2788 Confer-epist.
1538 2723 1663 2777 159.

239 2792 311 2845 .75
345 2787 1044 2860 ’Azapiatiacsingratique
1065 2801 1304 2845 accusat.
1337 2793 1524 2848 animi.

239 2861 300 2914 76
322 2858 454 2925 Quis
477 2858 594 2912 vere
620 2858 794 2924 fortis.

256 2931 313 2983 77
341 2931 417 2983 De
468 2931 730 3001 malorum
781 2927 999 3001 flagitiis
1040 2928 1273 3001 vivorum
1322 2941 1748 3001 posterorumque

189 3001 450 3067 judicium.
474 2997 668 3066 Confer
688 3012 768 3064 ep.
794 2996 885 3061 55,
921 2999 990 3049 ad
1021 3000 1247 3051 eosdem.

247 3071 310 3123 78
338 3069 418 3139 Qe
453 3070 645 3138 futura:
677 3067 1073 3139 vitteniercede.
1097 3067 1277 3139 Supra
1301 3072 1448 3139 epist.
1482 3071 1570 3126 72.

256 3141 319 3192 7!!
342 3136 694 3205 Eleemosgna
713 3137 778 3187 de
795 3136 940 3204 juste
967 3138 1131 3204 partis
1148 3150 1300 3205 grata
1329 3136 1461 3196 Deo.

254 3210 319 3262 80
347 3208 413 3262 In
432 3207 798 3260 ratiocinando
823 3217 974 3258 caute
993 3213 1270 3276 agendum.

252 3279 308 3332 81
343 3281 427 3331 Ad
459 3282 700 3331 virtutem
729 3277 1058 3329 exstimulat.

249 3350 313 3402 82
344 3349 409 3401 ln
433 3346 566 3420 illud
593 3345 803 3420 Pauli;
831 3363 850 3396 ι
894 3344 1263 3420 Unusquisque
1293 3353 1561 3420 propriam
1599 3351 1746 3405 acci-

193 3422 280 3488 piet
297 3418 604 3488 mercedem,
649 3433 668 3466 s
694 3413 720 3466 Ι
756 3413 880 3488 Cor.
913 3431 995 3481 ιιι,
1027 3413 1061 3472 8
1083 3429 1131 3471 et
1161 3413 1248 3472 14.

249 3491 311 3542 85
332 3487 651 3542 Couuicator
672 3487 896 3555 optimus
920 3489 1060 3555 quis.

253 3560 316 3613 85
348 3558 416 3610 In
437 3554 906 3629 justitia‘ﬁdeque
934 3554 1202 3612 servanda
1250 3561 1481 3615 latrones
1511 3560 1747 3629 exemplo

193 3640 318 3682 sunt.
346 3631 530 3680 Cicero
571 3642 586 3678 ι
626 3625 781 3678 Utlic.

255 3699 318 3752 86
346 3699 388 3749 Α
409 3699 641 3750 vindicta
658 3695 981 3749 dehortatur.

253 3768 316 3820 87
349 3766 418 3820 In
448 3768 585 3820 illud
643 3766 802 3819 Isaia'
831 3779 851 3816 :
883 3784 899 3816 ι
934 3765 1045 3818 Cur
1099 3768 1289 3821 timui?
1321 3784 1338 3816 ι
1366 3782 1482 3834 cap.
1512 3784 1605 3836 XL,
1659 3771 1747 3829 14.

251 3838 314 3892 88
339 3838 469 3901 Quis
492 3838 684 3904 probus
713 3836 966 3904 fortisque
980 3838 1076 3891 vir.
1108 3838 1303 3904 Confer
1334 3839 1481 3900 epist.
1514 3840 1606 3897 76.

253 3909 317 3963 89
353 3909 432 3960 De
472 3903 623 3961 bonis
664 3903 919 3973 malisque
936 3903 1317 3962 sacerdotibus.
1358 3906 1512 3979 Conf.
1550 3928 1632 3979 ep.
1679 3913 1746 3966 57

195 3989 233 4031 et
263 3979 384 4032 268.

257 4050 320 4100 90
346 4047 423 4099 De
446 4047 646 4100 talione
669 4047 721 4098 in
748 4047 1066 4103 accusando.

256 4118 312 4170 91
335 4116 492 4170 Pauli
518 4118 587 4169 ad
623 4115 872 4169 llebrazos
911 4117 1056 4170 locus
1104 4134 1222 4186 cap.
1278 4133 1352 4182 tv,
1406 4119 1460 4185 8,
1505 4121 1578 4174 De
1623 4119 1752 4175 Jesu

202 4185 350 4241 Nare.

261 4259 323 4310 92
346 4258 454 4310 Cur
485 4259 830 4311 monitionem
863 4257 1268 4310 instaurandam
1300 4263 1577 4315 censuerit.

261 4328 322 4380 95
342 4329 422 4380 Ad
435 4331 787 4380 constantiam
807 4329 861 4380 in
882 4333 1011 4399 bono
1033 4328 1294 4399 hortatur.
1316 4327 1510 4399 Confer
1523 4347 1604 4399 ep.
1626 4331 1748 4385 155.

259 4399 321 4451 91
344 4401 576 4450 Adversa
607 4400 863 4465 patienter
891 4395 1185 4450 toleranda.
1228 4395 1524 4467 Confer’ep.
1552 4395 1676 4455 195.

263 4468 323 4520 95
361 4467 579 4520 Virtutis
625 4470 962 4535 vitiorumque
999 4470 1338 4534 comparatio.

247 4539 316 4611 96
334 4538 406 4611 De
427 4538 595 4591 rariis
636 4539 826 4590 studiis
869 4538 1071 4605 praemii
1126 4547 1220 4589 aut
1274 4554 1562 4604 pinnarum.
1589 4541 1744 4611 Con].

197 4622 266 4672 ep.
293 4609 414 4661 525.

253 4678 315 4732 97
348 4679 418 4732 De
442 4679 492 4731 vi
519 4676 776 4740 veritatis,

246 4749 307 4802 98
344 4748 700 4816 Agricultura:
726 4747 981 4800 laudatio.

249 4819 313 4872 99
343 4820 598 4871 Senectus
635 4835 666 4870 a
715 4819 930 4870 libidine
975 4829 1281 4883 temperans.
1325 4816 1505 4874 Cicero
1539 4819 1615 4875 De
1665 4835 1756 4877 se-

191 4901 413 4941 ῦεθιυιε.

255 4959 356 5012 100
386 4958 439 5010 Μ
446 4959 538 5010 ala
560 4957 871 5025 perferenda
893 4972 1022 5012 esse.

248 5029 351 5080 102
380 5028 696 5097 Eloquentia
736 5028 920 5094 quibus
953 5027 1137 5080 invisa.

243 5099 349 5151 105
373 5098 454 5151 De
485 5099 621 5151 vitiis
645 5098 1011 5166 quorumdam.

247 5170 353 5221 194
374 5168 636 5219 Avaritia:
663 5167 884 5219 malum.

243 5239 348 5292 105
378 5237 652 5289 Hortatur
677 5238 744 5287 ad
770 5237 973 5305 frugem
997 5245 1206 5293 bonam.

243 5308 351 5361 106
393 5305 574 5358 Virtus
602 5305 835 5357 colenda.

247 5378 351 5430 107
402 5374 523 5427 Vita
560 5375 864 5428 mortalium
893 5379 1115 5431 caduca.

247 5448 354 5502 108
396 5446 602 5518 ίξΕργα
635 5460 698 5497 ne
727 5446 858 5518 ﬁant
879 5449 1147 5518 πάρεργα.

261 5519 364 5573 109
403 5514 606 5567 Virtute
633 5516 841 5582 prmditi
873 5514 1013 5570 laus.

255 5588 354 5640 110
381 5585 458 5638 De
499 5587 722 5638 actionis
767 5589 1316 5658 contemplationisque
1348 5589 1474 5642 vita.
1504 5586 1644 5658 Infr.
1670 5606 1752 5658 ep.

191 5656 311 5712 294.

264 5727 354 5780 1H
380 5724 716 5798 ξυγγνώμης
741 5725 878 5798 unde
918 5743 1103 5781 nomen
1159 5736 1444 5798 sumptum.
1481 5727 1673 5782 Matth.
1700 5744 1754 5794 ν,

202 5793 287 5850 26.
322 5815 338 5847 ι
375 5796 496 5849 Esto
526 5797 874 5864 consentiens,
912 5816 931 5849 ι
967 5805 1070 5852 etc.

1295 361 1854 423 PROLEGOMENA
1898 359 2095 422 EDIT.
2136 362 2380 422 PARIS.

3309 355 3408 418 166

1921 476 2025 529 112
2057 475 2280 531 Αἰιρνηη
2314 494 2428 530 cum
2480 478 2696 530 terrenis
2742 477 3050 543 composita.
3072 492 3089 523 ι
3124 472 3407 526 Thesauri-

1847 556 1962 598 zate
1991 551 2147 610 vobis,
2193 568 2210 600 ι
2251 549 2440 600 Matth.
2477 564 2548 600 γι.
2582 548 2669 600 19.

1917 617 2124 739 1:311“
2173 619 2557 687 eleemosynam
2619 620 2882 671 hortatur.
2949 615 3081 683 Sup.
3131 613 3218 669 76.
3251 612 3408 679 (Ioni.

1841 702 2407 826 cp.1121i’eregrinatio
2432 772 2550 824 quae
2575 756 2846 809 salutaris.

1909 826 2013 878 115
2043 826 2170 880 Uter
2185 823 2350 880 laude
2382 823 2614 896 dignior,
2641 826 2880 880 secundis
2934 825 3183 885 insolens,
3207 839 3277 876 an
3310 823 3408 875 ad-

1842 910 2004 948 versis
2039 907 2306 951 εοηδιαηε.

1914 964 2019 1034 116
2053 967 2125 1020 De
2164 965 2363 1020 Zosimi
2419 967 2653 1031 improbe
2699 965 2876 1034 factis.
2912 964 3044 1032 Sup.
3083 963 3180 1018 105
3208 971 3257 1016 et
3289 963 3411 1017 195.

1911 1033 2014 1106 117
2047 1035 2125 1089 De
2162 1039 2210 1090 vi
2234 1037 2354 1106 fati,
2383 1053 2453 1090 an
2477 1053 2508 1089 a
2534 1033 2707 1090 mente
2760 1038 3001 1104 pendeat.
3043 1034 3198 1102 Conf.
3228 1035 3320 1088 lib.
3355 1049 3414 1087 ιιι

1841 1103 1993 1170 epist.
2022 1107 2143 1160 155.

1908 1173 2011 1228 118
2040 1179 2118 1228 Ad
2145 1177 2264 1230 vita:
2312 1176 2727 1231 emendationem
2765 1173 3090 1228 adhortatio.
3121 1171 3220 1228 Sui
3252 1173 3418 1227 victo-
3481 1187 3496 1214 ι

1842 1243 1928 1295 ria
1965 1247 2220 1300 maxima.
3481 1299 3491 1312 .

1923 1317 2028 1371 119
2061 1315 2270 1386 Lingua
2312 1315 2368 1369 in
2407 1317 2596 1387 quibus
2649 1316 2776 1370 bene
2827 1315 3098 1377 utendum,
3125 1313 3228 1383 inf.
3262 1312 3413 1380 epist.

1906 1457 2007 1512 120
2046 1455 2465 1510 Procrastinatio
2482 1466 2530 1509 et
2555 1455 2828 1520 ampliatio
2857 1456 3064 1512 vitiosa.

1911 1528 2009 1583 121
2040 1527 2117 1579 De
2143 1526 2404 1580 Laconica
2439 1529 2696 1580 oratione.

1919 1597 2026 1650 125
2057 1594 2234 1648 Virtus
2258 1597 2312 1650 in
2338 1595 2487 1649 bonis
2527 1597 2787 1649 habenda.

1915 1665 2024 1720 124
2058 1665 2357 1719 Cohibenda
2380 1666 2668 1719 calumnia.

1918 1737 2022 1790 125
2043 1739 2122 1790 Ad
2157 1737 2449 1804 frequentes
2475 1736 2677 1788 litteras
2709 1735 2921 1790 invitat.

1913 1805 2016 1928 1??
2046 1806 2274 1928 ἧκέ-1(ευὶ
2304 1820 2426 1858 cum
2470 1806 2781 1875 antiquitate
2817 1804 3161 1874 comparatio.
3190 1803 3406 1875 Confer.

1913 1917 1922 1928 .
2039 1893 2064 1928 ε
2192 1918 2206 1928 .

1842 1895 1922 1933 eo.
1949 1877 2009 1928 11
2039 1885 2089 1930 et
2114 1877 2206 1931 27.

1871 1896 2009 2002 pii“;
2039 1896 2379 2000 ἷῖιῗηίὲιεεαεεε
2409 1946 2820 2000 commendatio.

1917 2017 2020 2071 128
2053 2015 2324 2084 Spiritalis
2373 2018 2490 2085 quis
2531 2026 2580 2070 et
2611 2016 2879 2072 animalis.
2905 2013 3099 2083 Confer
3115 2016 3266 2082 epist.
3317 2015 3420 2070 127

1844 2090 1935 2142 tib.
1959 2103 2031 2150 Iv,
2063 2089 2131 2138 ad
2162 2085 2370 2139 Nilum.

1915 2157 2019 2210 129
2051 2155 2125 2226 De
2146 2157 2385 2226 fraterna
2425 2158 2766 2226 correptione.

1918 2226 2022 2280 150
2051 2225 2124 2279 De
2151 2230 2284 2279 bono
2314 2229 2443 2292 spei,
2472 2225 2669 2292 Deique
2701 2225 2993 2293 promissis.

1917 2297 2011 2350 151
2045 2297 2453 2350 Admonenttbas
2476 2298 2680 2351 nullam
2706 2296 2859 2348 hodie
2884 2297 3109 2364 gratiam
3140 2297 3341 2350 haberi.

1919 2367 2023 2420 152
2052 2383 2070 2416 ι
2099 2365 2280 2418 I)eillo
2311 2382 2329 2420 :
2363 2365 2558 2421 Sancta
2583 2385 2644 2421 ne
2670 2367 2909 2433 canibus,
2939 2385 2957 2417 ι
2980 2377 3083 2420 etc.
3108 2366 3302 2420 Matth.
3322 2382 3419 2434 vti,

1845 2435 1898 2504 6,
1923 2447 1971 2490 et
1991 2450 2078 2498 xv,
2101 2435 2191 2489 29.
2223 2436 2352 2503 Sup.
2375 2441 2524 2504 epist.
2559 2438 2648 2491 51.

1916 2507 2018 2560 155
2039 2506 2111 2559 De
2133 2508 2268 2575 stylo
2292 2508 2584 2571 epistulari.
2636 2506 2758 2559 Vide
2791 2505 3058 2575 iNazians.
3105 2507 3260 2569 epist.

1914 2577 2012 2629 154
2038 2575 2115 2628 De
2136 2574 2412 2628 iracundia
2430 2589 2479 2629 et
2504 2579 2749 2630 avaritia.
2789 2574 2918 2629 Vide
2941 2580 3091 2645 epist.
3117 2577 3242 2632 142.

1926 2646 2031 2699 155
2050 2646 2126 2698 De
2142 2648 2349 2714 ignavia
2374 2658 2419 2698 et
2447 2647 2732 2714 philautia.

1926 2662 2031 2699 155
2050 2662 2349 2768 υειιψιαυια
2374 2662 2419 2698 et
2447 2662 2732 2714 pmtautta.

1918 2716 2023 2768 156
2057 2715 2145 2768 Ma
2176 2719 2188 2765 i
2215 2731 2276 2766 ac
2307 2715 2424 2768 boni
2454 2716 2755 2771 discrimen.
3405 2760 3407 2762 .

1917 2786 2019 2839 157
2053 2785 2119 2838 In
2143 2785 2279 2838 illud
2319 2788 2511 2839 Matth.
2543 2801 2595 2850 ν,
2627 2803 2678 2842 v.
2711 2785 2801 2840 46.
2835 2804 2854 2837 ο
2885 2784 2944 2840 Si
2965 2787 3188 2857 diligitis
3217 2803 3306 2841 eos
3331 2789 3422 2858 qui

1847 2871 1937 2909 vos
1967 2858 2212 2924 diligant,
2250 2876 2268 2905 ι
2299 2865 2403 2908 etc.

1848 2925 2052 3048 M151?
2087 2927 2235 3048 Βεὶιὲἑ
2264 2927 2387 2978 estis
2409 2941 2527 2978 cum
2549 2924 2916 2979 maledixerint
2939 2924 3082 2980 vobis
3109 2928 3365 2982 homines.

1909 3011 1940 3046 a
2005 3012 2042 3048 t.
2067 3012 2119 3048 ν.
2220 3035 2234 3048 .

1909 2997 2042 3048 αιιΙι.
2067 3012 2119 3057 ν,
2148 2997 2234 3048 11.

1915 3065 2020 3118 159
2043 3064 2338 3128 Spectando
2372 3075 2430 3118 ut
2459 3065 2661 3134 agendo
2688 3066 2914 3132 peccari.

1921 3135 2025 3207 140
2048 3135 2263 3207 [ραδεὸῆ
2287 3152 2404 3205 quia
2432 3133 2559 3188 vitia
2580 3136 3023 3200 reprehendenda.
3041 3133 3196 3205 Conf.
3219 3153 3301 3207 ep.
3329 3133 3419 3190 16.

1923 3205 2021 3257 141
2057 3204 2327 3259 Privatam
2354 3208 2515 3258 vitam
2539 3206 2802 3258 tutiorem.

1920 3275 2024 3328 142
2048 3275 2243 3328 Contra
2278 3277 2576 3329 avaritiam.
2609 3274 2764 3340 Con].
2790 3291 2871 3342 ep.
2906 3275 2999 3341 55,
3026 3275 3095 3329 67
3118 3285 3165 3330 et
3196 3276 3288 3331 54.

1919 3344 2024 3399 145
2051 3347 2309 3397 Amicitia:
2337 3344 2499 3397 hastis

1921 3415 2024 3467 144
2049 3413 2331 3484 Nunquam
2350 3432 2382 3467 a
2408 3415 2637 3482 spiritali
2661 3413 2973 3469 cessandum
2997 3431 3195 3484 pugna.

1855 3553 1903 3606 ,ά
1928 3485 2030 3564 145
2055 3482 2196 3538 Bene
2219 3487 2425 3538 dicendi
2471 3487 2683 3539 virtutes
2710 3499 2937 3556 quatuor
2955 3526 2970 3552 ,
2996 3482 3060 3539 ea:
3079 3482 3426 3555 Hermogenis

1855 3569 1865 3606 I
1905 3570 1997 3606 eis.

1848 3569 1997 3606 ιαεη.

1925 3624 2027 3677 146
2055 3623 2128 3676 De
2154 3624 2422 3677 oculorum
2450 3623 2651 3677 decenti
2667 3625 2997 3678 verecundia.
3015 3624 3207 3691 Confer
3221 3640 3302 3692 ep.
3333 3623 3422 3678 17.

1919 3694 2021 3764 147
2047 3694 2122 3747 De
2145 3693 2372 3764 Eusebio
2396 3711 2604 3747 rursum
2627 3695 2762 3747 male
2780 3697 3077 3749 ordinante.
3104 3693 3279 3759 Supra
3311 3696 3423 3764 epi-

1850 3763 1971 3816 stol.
2005 3764 2070 3817 16
2100 3774 2146 3816 et
2181 3763 2305 3817 140.

1926 3833 2027 3886 148
2053 3834 2118 3886 In
2139 3850 2314 3886 mensa
2342 3835 2585 3887 decorum
2610 3835 2943 3887 seruandum.

1923 3904 2025 3958 149
2058 3903 2209 3968 Quod
2255 3907 2328 3958 sis
2357 3920 2467 3958 esse
2517 3904 2664 3957 velis.
2698 3902 2829 3957 Esse
2866 3919 3022 3972 quam
3051 3903 3214 3957 videri
3262 3902 3426 3957 bonus

1853 3975 2030 4026 malis.

1924 4043 2022 4097 151
2061 4042 2283 4096 Piorum
2316 4042 2660 4096 insistendum
2689 4044 2948 4112 vestigiis.

1925 4113 2029 4165 152
2062 4114 2138 4165 De
2166 4113 2361 4181 futura:
2391 4113 2647 4182 hujusque
2663 4115 2777 4165 vita:
2806 4111 2996 4182 gloria.
3012 4111 3206 4182 Confer
3235 4132 3314 4183 ep.
3332 4115 3423 4170 7‘2.

1919 4183 2024 4236 155
2059 4185 2136 4235 Ad
2159 4185 2507 4236 constantiam
2541 4185 2803 4236 hortatur.
2830 4183 3130 4248 Sub.epist.
3160 4185 3249 4240 95.

1926 4253 2030 4306 154
2060 4252 2286 4306 llostilis
2313 4256 2573 4320 quomodo
2601 4254 2976 4322 expugnandus
3000 4255 3226 4307 animus.

1924 4323 2028 4377 155
2061 4323 2436 4390 Dialogismus.

1940 4393 2041 4446 156
2077 4395 2150 4446 De
2175 4393 2496 4458 explorando
2525 4393 2728 4457 animo.

1935 4463 2036 4515 157
2061 4461 2264 4515 Facilis
2281 4463 2496 4530 jactura
2517 4463 2764 4526 sepulcri.

1932 4533 2033 4586 158
2063 4531 2126 4585 In
2147 4548 2248 4601 quo
2274 4535 2522 4584 consistat
2553 4537 2804 4584 bonorum
2833 4548 3058 4585 summa.

1928 4602 2031 4656 159
2058 4603 2395 4655 Pet-cautium
2422 4605 2523 4653 tria
2569 4616 2940 4668 comparantur
2970 4618 3178 4670 genera.
3208 4603 3272 4658 In
3293 4605 3426 4659 illud

1859 4672 2042 4738 Pauli,
2070 4672 2220 4724 Rom.
2246 4686 2286 4734 l,
2316 4670 2382 4724 57
2409 4688 2422 4724 :
2447 4689 2465 4722 i
2489 4670 2610 4724 Non
2637 4673 2805 4724 solum
2822 4673 2909 4740 qui
2929 4688 2989 4724 ea
3015 4674 3240 4741 iaciunt,
3272 4698 3289 4727 ο
3315 4687 3424 4732 etc.

1859 4742 2229 4812 Conferepist.
2252 4742 2340 4794 74.

1929 4810 2033 4885 160
2065 4810 2247 4880 Turpe
2263 4811 2576 4885 estdoctori
2596 4826 2720 4864 cum
2741 4810 2900 4880 culpa
2926 4811 3201 4884 redarguit
3223 4814 3425 4885 ipsum.

1857 4880 2052 4948 Confer
2073 4885 2225 4949 epist.
2256 4880 2358 4934 196
2383 4894 2430 4934 et
2454 4882 2582 4936 250.

1930 4953 2026 5005 161
2059 4951 2334 5004 Privatum
2363 4953 2527 5006 vivere
2573 4958 2808 5023 priestat,
2833 4966 2989 5019 quam
3019 4954 3250 5007 omnium
3279 4971 3426 5008 mon-
3522 4962 3530 4970 '

1855 5023 2016 5074 strari
2043 5023 2244 5089 digitis.

1935 5092 2040 5145 162
2075 5091 2148 5143 De
2177 5092 2343 5146 tribus
2357 5091 2679 5149 Christiante
2702 5097 2821 5150 vita:
2842 5095 3170 5152 necessariis.
3190 5094 3425 5147 oratione

1855 5162 2047 5216 virtute
2078 5177 2140 5213 ac
2173 5161 2310 5232 ﬁde.
2326 5167 2404 5215 Ad
2452 5167 2555 5216 duo
2589 5164 2745 5219 Pauli
2797 5166 2936 5225 loca,
2967 5163 3088 5218 Gal.
3122 5165 3226 5232 ﬁde
3247 5174 3294 5215 et
3315 5180 3429 5216 ser-

1777 5268 1780 5271 η
1857 5248 2031 5303 mone,
2066 5246 2127 5295 ιι,
2172 5231 2257 5303 17.
2280 5231 2350 5284 Et
2374 5233 2507 5288 illud
2539 5250 2559 5289 :
2596 5255 2614 5285 ι
2638 5234 2800 5290 Fides
2828 5237 2938 5288 sine
2963 5235 3223 5303 operibus,
3262 5251 3281 5284 ι
3313 5245 3422 5289 etc.

1854 5300 2042 5355 Jacobi
2075 5317 2135 5364 it,
2164 5301 2250 5355 17.

2060 5370 2125 5446 In
2149 5371 2333 5446 fratris
2354 5383 2520 5429 morte
2549 5375 2862 5446 alloquium.

1935 5442 2162 5561 164liAd
2208 5443 2452 5498 virtutem
2505 5442 2850 5514 pietatemque
2904 5442 3176 5514 gentilium
3234 5443 3424 5497 invitat

1935 5527 2036 5561 31111)
2061 5528 2124 5561 18.

1857 5527 2124 5575 exemptis.

1932 5581 2035 5633 165
2063 5581 2136 5653 De
2164 5580 2364 5636 Zosimi
2383 5585 2544 5638 vitiis.
2578 5583 2712 5647 Sup.
2747 5585 2898 5653 epist.
2939 5581 3062 5650 105,
3091 5581 3213 5636 116.

1927 5653 2030 5723 166
2064 5652 2136 5723 l_)_e
2168 5666 2460 5723 martyrum
2495 5656 2773 5723 patientia.

1931 5719 2032 5793 167
2073 5719 2171 5793 _Vir
2197 5719 2403 5791 fugiens
2431 5719 2598 5777 denuo
2623 5733 2790 5792 potest
2826 5738 3078 5793 pugnare.

1932 5791 2035 5846 168
2059 5790 2188 5856 Qua:
2213 5790 2439 5864 principi
2460 5790 2777 5850 necessaria.
2808 5790 2969 5850 Solon
2993 5792 3194 5850 dicebat
3219 5792 3427 5847 duobus
