3896 6404
191 494 328 538 sunt.
365 480 557 548 Confer
582 490 664 548 ep.
688 481 743 545 5,
778 490 828 535 et
856 482 894 536 ι.
921 495 981 535 ιιι
1010 496 1091 549 ep.
1116 478 1245 534 251.

256 550 363 604 272
396 550 466 603 De
487 553 780 604 sacerdotio
809 568 919 605 sese
940 550 1333 619 opponentibus.

254 623 361 673 275
404 620 574 674 Vinus
628 622 958 676 honoranda.
1013 621 1255 686 Duplices
1326 622 1484 675 corde
1535 623 1765 675 maxime

188 692 513 762 deplorandi.

250 761 357 814 274
398 764 479 813 Ad
516 771 827 815 metanaeam
860 762 1073 814 invitat.

248 831 356 883 275
394 831 621 897 Propria
644 835 793 901 prius
822 833 949 884 vitia
996 829 1324 884 emendanda
1379 848 1536 894 quant
1588 831 1763 885 aliena

186 901 633 966 reprehendenda.
666 900 823 970 Conf.
849 919 930 969 ep.
959 902 1083 961 176,
1127 901 1227 954 177
1261 913 1306 953 et
1344 901 1464 955 196.

246 971 355 1023 276
421 971 501 1025 De
555 983 830 1040 grassante
885 972 1145 1034 Simonta,
1202 988 1292 1024 seu
1352 971 1763 1025 sacerdotiorum

184 1043 569 1095 nundinatiune
596 1058 614 1095 :
640 1043 705 1096 de
748 1059 853 1111 qua
890 1054 934 1095 et
980 1043 1017 1095 ι.
1054 1058 1068 1094 ι
1097 1060 1176 1111 ep.
1204 1042 1307 1096 149
1331 1053 1376 1094 et
1408 1042 1531 1107 151,
1559 1052 1607 1095 et
1638 1040 1677 1093 l.
1706 1055 1762 1093 ιιι

182 1129 255 1180 ep.
286 1112 417 1166 594.
455 1111 572 1180 lnf.
604 1114 757 1179 epist.
792 1113 919 1166 336.

248 1182 356 1235 277
396 1181 557 1235 Hosti
580 1199 802 1251 parcens
826 1194 941 1236 vere
969 1182 1360 1251 magnanimus.

244 1252 351 1304 278
396 1252 477 1305 De
511 1248 792 1305 sacerdotii
826 1248 1103 1322 dignitate.
1134 1250 1311 1320 Supra
1351 1251 1503 1322 epist.
1527 1248 1656 1304 268.

244 1323 352 1446 ἓ79
386 1322 658 1376 Blandius
691 1320 973 1392 agendum,
999 1334 1144 1376 inore
1198 1322 1408 1375 medici.
1459 1320 1571 1391 Inf.
1608 1321 1760 1390 epist.

245 1464 352 1516 280
395 1461 611 1516 Bonum
636 1461 915 1533 proman
968 1461 1295 1529 rependendo
1336 1463 1510 1530 gratia
1573 1460 1756 1513 initur.

184 1532 329 1587 Rara.
370 1550 477 1597 xu,
526 1534 598 1587 20
625 1532 643 1587 :'
674 1552 693 1584 ί
719 1532 813 1587 Sic
834 1533 1083 1585 carbones
1116 1533 1252 1601 ignis
1323 1547 1569 1601 congeres
1600 1547 1761 1599 supra

182 1613 329 1671 caput
359 1605 507 1673 ejus.
534 1623 552 1653 ι
585 1603 716 1667 Sup.
744 1604 897 1670 epist.
922 1602 1015 1655 23.

245 1675 341 1727 281
383 1671 478 1728 De
508 1674 735 1743 simplici
756 1673 847 1726 sed
874 1672 1029 1725 docta
1078 1685 1247 1726 sacra:
1294 1671 1586 1740 Scriptura:
1632 1687 1758 1723 ora-

185 1745 331 1798 tione.

254 1815 359 1898 282
385 1814 493 1869 Dei
509 1815 785 1898 'pgluntant‘e
804 1813 940 1883 justi
964 1813 1018 1866 in
1053 1814 1246 1865 mundo
1275 1826 1410 1880 stepe
1434 1813 1758 1883 afﬂiguntur.
1797 1840 1840 1898 Β

186 1884 370 1951 Confer
389 1903 479 1950 ep.
505 1885 577 1938 56
604 1896 651 1939 et
682 1884 808 1941 186.

243 1955 346 2009 285
388 1955 579 2009 Virtus
614 1973 710 2023 pro
742 1957 885 2020 vitio,
918 1963 966 2007 et
986 1966 1123 2008 retro
1153 1968 1291 2020 saepe
1313 1951 1553 2023 habetur.

187 2024 345 2149 ΚΒΜ
397 2023 585 2080 Virtus
606 2021 695 2097 spe
728 2026 937 2096 prwntii
971 2030 1280 2079 sustinetur.
1329 2021 1462 2091 Sup.
1501 2022 1653 2091 epist.
1675 2021 1767 2085 63,

184 2237 211 2305 Ι
248 2166 349 2221 285
377 2163 620 2291 Ilrfsstat
646 2184 752 2221 non
784 2164 979 2219 bellare
1006 2182 1164 2235 quam
1185 2163 1437 2220 subsidiis
1476 2163 1601 2217 niti.
1633 2161 1770 2216 Con-

208 2254 257 2291 er
300 2254 381 2305 ep.
530 2278 546 2293 .
1307 2303 1316 2305 _
1552 2304 1555 2305 ,
1713 2303 1721 2305 _

208 2238 257 2291 er
300 2254 381 2305 ep.
410 2238 546 2293 448.

254 2303 357 2360 286
395 2309 547 2373 Quid
598 2308 737 2360 inter
777 2307 1049 2361 νουθετεῖν
1104 2305 1199 2361 καὶ
1245 2303 1479 2373 θέλγειν,
1540 2303 1766 2358 intersit.

184 2376 367 2445 Confer
390 2396 481 2445 ep.
518 2379 648 2432 547.

252 2448 349 2502 287
378 2448 466 2501 De
496 2450 565 2503 iis
596 2449 685 2512 qui
707 2464 895 2501 manus
924 2448 1024 2502 sibi
1048 2447 1299 2515 aﬂ'erunt.

250 2518 348 2574 288
387 2519 524 2574 Tres
594 2520 879 2586 proborum
942 2514 1214 2570 hominum
1254 2516 1471 2586 gradus,
1531 2514 1767 2584 ingenui,

190 2592 488 2643 mercenarii
513 2603 563 2643 et
587 2590 741 2643 servi.
781 2586 921 2657 lnfr.
954 2604 1037 2655 ep.
1065 2588 1193 2640 296.

253 2660 353 2714 289
388 2660 623 2731 Sapiens
650 2656 862 2731 laqueos
900 2660 1053 2731 evitat
1085 2656 1469 2731 improborum.

249 2732 350 2785 290
381 2725 877 2785 Βεέοηιηιοὶιεπιίδ
902 2728 1088 2800 ofﬁcio.
1126 2727 1248 2782 Heli
1287 2743 1383 2779 cur
1422 2741 1541 2780 cum
1591 2725 1768 2779 liberis

186 2819 214 2853 ι
238 2800 336 2854 Deo
356 2804 608 2868 punitus.

249 2872 345 2925 291
379 2871 723 2942 Fugiendum
751 2888 862 2925 esse
889 2870 1230 2923 libidinosum
1273 2868 1591 2937 feminarum
1624 2882 1769 2935 aspe-

188 2951 335 2995 ctum.
372 2944 576 3010 Confer
596 2960 678 3009 ep.
714 2944 805 3004 65,
840 2943 965 2995 173.

258 3012 365 3064 292
405 3031 424 3062 s
468 3006 683 3081 Diligite
704 3015 943 3066 inimicos
990 3020 1205 3069 vestros,
1254 3026 1284 3081 si
1325 3006 1518 3062 Matth.
1547 3022 1622 3073 ·ν,
1673 3006 1761 3061 44.

248 3081 353 3136 295
404 3080 589 3137 Sacrce
615 3082 909 3151 Scriptura:
944 3096 1124 3135 sensus
1150 3080 1304 3133 varii.

256 3153 362 3206 294
395 3151 595 3207 Gloria:
629 3155 828 3206 invidia
860 3168 1049 3206 comes.

1330 354 1894 431 PROLEGOMENA
1931 354 2133 433 Enn.
2173 370 2418 435 PARIS.

3350 380 3451 446 170

1792 500 1839 556 Α
1894 553 1901 556 _
1938 482 2045 556 525
2071 484 2421 539 Sacerdotum
2443 495 2517 539 est
2542 486 2867 540 subditorum
2885 494 3146 555 satagere.
3179 484 3452 555 Major-um

1868 553 2057 607 delicta
2091 558 2356 619 graviora.

1942 623 2048 695 325
2074 623 2149 677 De
2196 627 2449 678 bonorum
2491 628 2713 693 prtentio
2773 641 3027 695 pomaque
3064 623 3449 695 improborum.

1867 689 2066 759 Confer
2111 697 2262 759 epist.
2292 696 2381 750 96.

1938 762 2043 834 326
2092 764 2224 834 Doni
2269 768 2523 819 neminem
2575 766 3008 831 calumniantur,
3058 767 3147 820 sed
3204 766 3307 834 ipsi
3358 768 3452 821 ob-

1866 833 2033 955 :Zfii.
2082 833 2218 889 Mali
2276 852 2307 888 a
2361 836 2627 890 calumnia
2684 852 2779 889 cur
2813 838 2981 889 liberi.
3057 833 3253 905 Confer
3299 838 3449 904 epist.

1866 922 1901 955 ο
1977 943 1990 955 .

1866 922 1990 957 041.

1940 972 2043 1026 527
2078 972 2280 1028 Salutis
2309 984 2524 1029 (εἰει-ηαξ
2549 992 2676 1029 cura
2709 992 2772 1029 ac
2798 975 3124 1029 sollicitudo.

1938 1043 2043 1097 328
2072 1044 2333 1099 Modestia
2368 1046 2482 1098 vitae
2506 1047 2870 1100 commendata
2898 1048 2953 1098 in
2980 1047 3245 1101 omnibus.

1939 1114 2045 1169 329
2073 1113 2247 1186 Animi
2276 1118 2612 1183 corporisque
2655 1116 2980 1186 comparatio
3020 1131 3039 1168 .'
3082 1116 3230 1171 illius
3283 1118 3451 1186 impe-

1871 1185 1973 1256 rio,
2010 1184 2171 1256 hujus
2212 1186 2433 1256 servitio_
2450 1187 2670 1239 utimur.
2714 1184 2847 1239 Vita:
2866 1187 3086 1238 brevitas
3111 1187 3333 1255 vigilare
3356 1184 3454 1256 ju-

1870 1255 1976 1307 bet.
2016 1254 2210 1307 Matth.
2241 1271 2369 1309 xxv.
2404 1254 2476 1308 De
2505 1256 2805 1308 animorum
2842 1254 3268 1309 immortalitate.
3310 1254 3455 1311 (ion-

1869 1327 1950 1393 fer
1975 1325 2129 1393 epist.
2163 1324 2230 1377 15
2263 1325 2352 1378 lib.
2395 1342 2436 1388 ι,
2484 1335 2530 1377 et
2575 1324 2667 1379 lib.
2703 1342 2752 1379 IV
2795 1328 2945 1393 epist.
2986 1326 3108 1385 124,
3151 1328 3274 1391 126,
3330 1328 3447 1383 146.

1939 1394 2045 1447 550
2072 1392 2404 1449 Consuetudo
2427 1404 2634 1448 natura:
2664 1398 2761 1448 vim
2791 1392 3007 1450 obtinet.
3036 1395 3211 1464 Supra
3249 1399 3379 1453 236.

1939 1464 2035 1516 331
2072 1465 2147 1534 De
2170 1467 2318 1531 signo
2344 1466 2502 1517 trium
2561 1467 2879 1534 gratiarum.

1938 1534 2044 1588 332
2084 1533 2405 1603 Beneﬁcium
2436 1536 2526 1604 qui
2556 1533 2766 1602 accipit,
2822 1537 3117 1590 libertatem
3146 1538 3341 1593 vendit.

1938 1604 2044 1657 333
2070 1604 2132 1655 In
2166 1604 2425 1670 beneficiis
2452 1607 2643 1657 dandis
2668 1606 2938 1658 laudanda
2969 1620 3042 1659 est
3078 1608 3337 1660 voluntas.

1902 1745 1914 1757 .
1939 1674 2045 1728 554
2078 1674 2255 1727 Tarda
2287 1675 2446 1727 etiam
2479 1676 2687 1743 ingenia
2736 1677 2988 1729 discendo
3039 1694 3340 1744 processum
3373 1678 3453 1747 fu-

1866 1761 1912 1797 ῑΊ
1921 1757 2030 1797 unt.

1940 1812 2047 1869 335
2094 1831 2111 1864 t
2168 1811 2352 1884 Estote
2410 1814 2627 1884 perfecti
2655 1883 2670 1884 η
2693 1814 2827 1866 sicut
2872 1813 3033 1868 Pater
3075 1827 3241 1870 vester
3298 1819 3449 1873 ctele-

1871 1885 2040 1957 stisLs
2078 1895 2183 1957 etc.
2218 1883 2415 1937 Matth.
2454 1883 2512 1950 ν,
2529 1885 2617 1938 48.
2643 1883 2969 1957 Imitationis
3006 1886 3141 1938 ratio
3175 1888 3415 1957 inferior.

1940 1953 2046 2009 336
2073 1954 2147 2007 De
2179 1956 2361 2022 gloria:
2386 1958 2697 2021 cupiditate,
2722 1954 2798 2007 vel
2830 1964 3151 2022 contemptu.

1942 2022 2048 2078 337
2082 2022 2266 2077 Adhuc
2295 2028 2360 2077 de
2389 2025 2571 2094 gloria:
2598 2042 2715 2079 vere
2740 2025 3000 2080 studioso.

1939 2095 2048 2166 338
2076 2094 2305 2166 Rursum
2330 2098 2395 2166 de
2423 2095 2607 2162 glorite
2632 2094 2834 2155 studio,
2866 2105 2915 2147 et
2938 2097 3355 2166 magniﬁcentia.

2083 2163 2391 2218 Humilitati
2421 2167 2597 2219 danda
2627 2178 2702 2220 est
2727 2179 2906 2232 opera.
2941 2162 3141 2236 Confer
3165 2171 3319 2236 epist.
3351 2168 3451 2223 127

1870 2244 1918 2289 et
1938 2244 2067 2289 251.

1868 2306 2046 2431 29340
2076 2305 2395 2360 Adhortatio
2415 2306 2592 2375 qualis
2658 2320 2771 2361 esse
2824 2304 3031 2363 debeat.
3064 2307 3264 2376 Confer
3294 2310 3450 2364 evist.

1939 2447 2036 2500 541
2070 2444 2440 2517 Boniinvidite
2472 2445 2705 2500 obnoxii.
2745 2446 2874 2515 Sup.
2904 2451 3055 2517 epist.
3088 2448 3211 2502 326.

2077 2516 2154 2590 De
2185 2518 2351 2590 tribus
2376 2518 2604 2583 improbe
2633 2521 2903 2590 agentibus
2932 2516 3290 2590 querimonia.

1940 2588 2047 2641 545
2091 2587 2249 2640 Bonis
2273 2604 2408 2656 saepe
2434 2603 2532 2640 cur
2555 2588 2691 2639 male
2712 2590 2803 2642 sit.

1939 2658 2044 2712 544
2077 2656 2152 2709 De
2190 2658 2396 2710 dicendi
2426 2658 2676 2722 arti/icio.
2713 2658 2844 2723 Sup.
2877 2674 2958 2726 ep.
2987 2660 3112 2715 309.

2073 2726 2213 2804 Quid
2250 2727 2975 2804 in.Evangeligsit__regnunt
3017 2731 3111 2784 Dei
3153 2744 3199 2787 et
3236 2747 3453 2804 regnum

1871 2801 2143 2853 caelorum.
2170 2796 2365 2866 Confer
2400 2796 2550 2865 epist.
2586 2799 2692 2852 206
2719 2796 2928 2853 libfllt.

1938 2871 2043 2923 546
2066 2872 2144 2920 Ad
2179 2872 2364 2920 bonum
2400 2882 2621 2921 mentem
2662 2870 2850 2922 invitat
2887 2889 2918 2922 a
2941 2872 3160 2925 libidine

1944 2938 2359 3016 Ἀπόνοια
2426 2941 2565 2992 unde
2615 2942 2757 2993 dicta
2820 2950 2868 2993 et
2919 2942 3191 2997 νουθεσία.
3256 2942 3451 3016 Confer

1868 3026 1953 3075 ep.
1975 3010 2103 3064 286.

1938 3080 2042 3133 548
2076 3080 2152 3133 De
2173 3080 2406 3133 docentis
2427 3080 2627 3149 ofﬁcio.
2679 3079 2855 3149 Supra
2907 3081 3115 3150 epistol.
3165 3083 3291 3154 213,
3319 3087 3450 3153 255,

1868 3149 1993 3205 265.
2022 3151 2148 3205 265.
2169 3152 2296 3204 200.

1922 3150 1993 3215 15,
2022 3151 2148 3212 265,
2169 3152 2296 3204 200.

252 3191 361 3277 ἓξ
386 3191 1256 3290 Bé'iéﬁtb'ié'iiiér;'s}"r'ipmm,
1289 3236 1393 3273 non
1429 3218 1590 3289 hujus
1638 3218 1764 3273 vitio
1793 3191 1836 3248 c
1870 3191 2353 3275 "3:19VE’riitie‘sc-it
2376 3220 2626 3274 laudatus
2648 3221 2884 3276 humilis.

186 3292 446 3360 improbos
464 3294 603 3362 ﬁeri.

260 3364 370 3417 296
415 3358 488 3418 De
530 3365 691 3417 variis
726 3365 997 3417 hominum
1044 3363 1284 3433 ingeniis.
1342 3359 1471 3415 Vide
1525 3377 1606 3430 ep.
1666 3358 1770 3414 114

185 3431 268 3488 lib.
295 3450 384 3496 ιιι,
425 3445 474 3503 et
500 3451 619 3503 sup.
649 3435 775 3490 228.

254 3504 368 3557 297
410 3502 727 3558 Sacerdotio
760 3521 863 3558 non
885 3502 1311 3570 superbiendum.

256 3573 367 3628 298
410 3572 597 3629 Virtus
628 3575 911 3628 calumnia:
936 3577 1182 3628 obnoxia.

251 3644 360 3699 299
386 3642 568 3699 Sancti
596 3644 758 3700 Pauli
805 3648 922 3710 quis
956 3646 1186 3714 vestigiis
1226 3654 1363 3697 recte
1390 3643 1621 3696 insistat.

260 3714 371 3769 500
406 3715 481 3768 De
509 3714 757 3769 Samuele
774 3715 1051 3783 propheta.

261 3784 364 3838 301
407 3785 486 3838 De
523 3788 783 3839 teconomi
837 3797 1031 3854 etymo.
1060 3803 1078 3836 t
1110 3783 1517 3853 Dispensatores
1548 3790 1769 3851 myste-

187 3855 387 3908 riorum
418 3856 537 3910 Dei.
577 3874 597 3907 ι
631 3856 649 3909 1
680 3854 805 3909 Cor.
842 3870 915 3907 tv.

186 3924 561 4051 :3322‘Iiiétg'us
594 3938 643 3980 et
665 3926 864 3995 futura:
892 3927 1013 3979 vita:
1037 3924 1444 3978 dissimilitudo.
1488 3920 1646 3990 Conf.
1685 3938 1767 3991 ep.

189 3998 253 4051 τί
276 4007 321 4049 et
358 3998 484 4051 112.

248 4066 357 4138 505
384 4066 492 4138 Deo
520 4068 648 4138 Opt.
675 4066 828 4121 Max.
869 4083 964 4136 pro
988 4066 1129 4119 virili
1160 4066 1348 4138 gratia:
1385 4062 1623 4134 agendae.

247 4137 356 4190 504
391 4136 635 4192 Gaudent
663 4137 792 4190 mali
816 4154 934 4190 cum
964 4138 1106 4189 mula
1136 4136 1378 4204 fecerint.

249 4208 358 4261 305
390 4206 529 4279 Bene
562 4210 656 4279 qui
686 4209 865 4268 latuit,
898 4208 1022 4279 bene
1051 4209 1200 4259 vixit.

246 4279 356 4331 306
386 4274 600 4333 Lusum
640 4278 1003 4347 temperantiae
1033 4282 1309 4329 adversum
1337 4274 1525 4345 fugito.

248 4349 356 4403 507
393 4349 490 4402 Dei
512 4350 639 4419 Opt.
674 4344 828 4401 m1.
862 4364 987 4419 erga
1019 4348 1375 4419 delinquentes
1402 4344 1738 4415 benignitas.

250 4419 361 4473 508
381 4417 595 4473 Sincere
618 4420 829 4473 verbum
860 4417 958 4469 Dei
993 4418 1388 4485 proferendum.

249 4489 357 4543 309
391 4490 614 4544 Dicendi
636 4491 849 4543 virtutes
870 4503 1007 4556 quae.
1251 4554 1262 4556 _
1280 4490 1289 4499 '

250 4560 357 4613 310
384 4558 634 4615 Caelestia
672 4570 722 4612 et
754 4554 960 4612 terrena
991 4559 1205 4611 distant.
1234 4554 1364 4620 Sup.
1387 4556 1517 4611 302.

252 4631 354 4684 511
383 4632 462 4683 Ad
497 4634 702 4699 frugem
729 4631 919 4682 bonam
965 4628 1511 4699 existimationemque
1550 4626 1761 4681 invitat.

254 4701 363 4756 312
389 4698 625 4771 Benigne
650 4699 938 4771 agendum,
964 4700 1119 4771 idque
1140 4715 1250 4771 non?
1265 4698 1405 4771 ficte.

255 4771 362 4824 515
390 4772 463 4840 De
492 4766 673 4840 officio
692 4766 914 4840 )udicis.
948 4768 1143 4836 Confer
1172 4770 1325 4837 epist.
1377 4766 1507 4834 204,
1542 4777 1589 4820 et
1636 4766 1767 4819 Phi-

192 4841 357 4894 lonem
409 4838 695 4895 Hebrwum
729 4840 803 4891 De
833 4838 1036 4906 judice.

259 4912 362 4964 514
394 4910 473 4964 De
500 4911 809 4964 tentatiouis
843 4908 998 4962 bono.
1028 4908 1203 4979 Supra
1233 4909 1386 4979 epist.
1418 4907 1507 4970 39,
1547 4907 1636 4970 68,
1673 4907 1765 4972 71,

191 4981 313 5043 226,
348 4983 473 5035 270.

259 5053 361 5105 515
386 5052 629 5106 Societas
660 5061 712 5103 ut
736 5060 988 5119 perpetua
1022 5050 1111 5103 sit.

260 5122 360 5176 316
399 5124 519 5175 Vita
548 5123 853 5174 mortalium
893 5118 1279 5173 calamitatibus
1310 5118 1567 5171 obnoxia.

260 5193 358 5246 317
384 5193 686 5247 Puerorum
706 5193 773 5242 ad
799 5190 1051 5244 virtutem
1080 5191 1547 5259 verecundiamque
1593 5186 1767 5256 infor-

197 5266 371 5316 Iuatio.
405 5262 603 5330 Confer
632 5263 783 5329 epist.
827 5260 880 5313 9.

264 5333 361 5387 518
403 5328 943 5386 Veritatislaudatio.
973 5328 1235 5383 Mendacii
1260 5328 1553 5399 turpitudo.

264 5404 361 5458 519
387 5405 643 5471 Aspectus
664 5402 944 5454 mulierum
976 5403 1325 5469 periculosus.
1348 5398 1558 5469 Confer
1606 5398 1767 5468 epist.

200 5471 285 5538 65,
315 5475 420 5527 173
448 5484 503 5527 et.
535 5472 665 5526 291.

268 5545 368 5598 520
398 5544 495 5596 Dei
523 5543 817 5609 benignitas
853 5542 1217 5610 praedicanda.

270 5617 360 5669 521
390 5612 669 5669 Sacerdoti
696 5615 907 5666 vitanda
933 5613 1212 5677 scandala,
1243 5622 1297 5665 ut
1337 5620 1386 5665 et
1429 5612 1583 5682 epist.
1626 5626 1768 5681 seqq.

204 5694 249 5737 et
278 5686 366 5739 tib.
396 5700 437 5739 ιι
469 5684 625 5752 epist.
658 5683 783 5736 121.

272 5756 370 5809 522
399 5756 749 5813 Sacerdotum
775 5755 1022 5823 graviora
1047 5770 1157 5808 esse
1183 5770 1339 5823 quam
1387 5753 1644 5809 laicorum
1676 5753 1772 5806 de-

201 5822 338 5880 (ista.

507 5926 779 5987 ΡΛτιιοι..
811 5924 926 5984 GR.
961 5922 1279 5984 LXXVIII.

1942 3291 2050 3361 350
2086 3289 2333 3361 (iorporis
2363 3294 2629 3361 animique
2655 3292 3014 3361 pulchritudo.

1941 3359 2395 3437 351__lltrntilitate
2429 3359 2630 3416 ca'teris
2657 3359 3057 3428 ‘prtestandum.
3110 3364 3309 3437 Confer
3358 3383 3442 3437 ep.

1873 3429 1998 3492 127,
2035 3430 2161 3490 559,
2201 3430 2326 3485 549.
3226 3428 3237 3437 ’
3386 3428 3395 3439 ’

1941 3499 2049 3555 552
2093 3501 2308 3570 l’arenti
2339 3502 2525 3554 merito
2554 3505 2868 3570 parendum.

1941 3570 2049 3625 353
2088 3569 2247 3638 Leges
2297 3569 2671 3639 formidanda’.

1942 3639 2048 3695 554
2087 3641 2162 3692 Ab
2195 3641 2382 3709 effectu
2416 3659 2493 3695 res
2515 3644 2847 3711 judicantur.

1945 3712 2052 3766 355
2088 3710 2405 3780 Antiquitati
2427 3710 2786 3780 deferendum.

1945 3728 2052 3766 30;)
2088 3728 2210 3762 anu
2252 3728 2405 3763 uitat:
2427 3728 2744 3780 aeterenaun

1945 3781 2051 3835 356
2093 3779 2168 3832 De
2196 3728 2292 3834 ὅθί
2323 3782 2744 3848 longanimitate.

1943 3851 2049 3905 357
2091 3849 2167 3903 De
2190 3852 2369 3903 eadem
2412 3868 2486 3905 re.

1942 3922 2071 3993 558,
2091 3920 2173 3993 De,
2196 3919 2521 3993 Hermogene
2558 3922 2739 3991 episc.,
2777 3925 2902 3993 quid
2928 3926 2993 3979 de
3041 3926 3186 3981 illius
3240 3940 3447 3984 censeat

1875 3993 2005 4047 vita.
2031 3991 2227 4061 Confer
2259 3995 2410 4061 epist.
2436 3992 2566 4056 378,
2598 3994 2722 4059 448,
2755 3991 2880 4050 466.

1948 4062 2053 4116 559
2092 4061 2256 4113 Deum
2291 4077 2395 4113 non
2422 4064 2639 4127 mutari,
2662 4082 2689 4117 e
2719 4067 2881 4119 sacris
2907 4076 3172 4119 ostensum
3202 4064 3443 4124 Litteris.

1943 4133 2051 4186 360
2092 4129 2157 4183 In
2187 4129 2444 4200 loquendo
2479 4144 2524 4185 et
2553 4135 2830 4188 scribendo
2865 4142 3052 4190 modus
3082 4136 3442 4193 adhibendus.

1945 4203 2044 4258 361
2089 4202 2347 4254 Amicitite
2370 4204 2591 4269 improbi
2625 4208 2910 4261 renuntiat.

1946 4272 2052 4327 362
2094 4270 2359 4324 Bonorum
2384 4274 2842 4340 improborumque
2886 4278 2941 4331 in
2983 4281 3215 4334 mercede
3253 4279 3446 4335 discri-

1873 4341 2207 4419 me_n._Supr.
2238 4343 2391 4419 epist.
2432 4342 2521 4419 82,
2552 4346 2642 4419 96,
2675 4344 2781 4399 325
2809 4388 2824 4411 ,
2858 4358 2905 4401 et
2940 4366 3045 4419 seq.
3079 4352 3235 4418 epist.

1947 4414 2053 4467 564
2094 4413 2297 4464 Rursus
2321 4413 2384 4464 de
2409 4417 2525 4465 vita:
2554 4414 2747 4482 futura:
2773 4420 3007 4482 prtemio.

1945 4483 2052 4538 365
2091 4482 2189 4534 Dei
2209 4483 2475 4549 judicium
2506 4499 2538 4534 a
2568 4496 2744 4537 nostro
2785 4488 2942 4539 nimis
2975 4489 3257 4547 diversum.
3302 4488 3449 4547 Con-

1800 4528 1845 4583 D
1874 4528 2061 4625 μῖξις.
2090 4528 2161 4625 ii
2173 4528 2383 4625 .2136;

1958 4624 2064 4679 366
2105 4623 2179 4675 De
2218 4623 2351 4674 bono
2401 4621 2780 4677 tribulationis.
2842 4624 2968 4682 Vide
2996 4627 3326 4686 Tentationis
3354 4631 3447 4685 bo-

1872 4711 2019 4748 num.
2049 4692 2182 4759 Sup.
2203 4708 2297 4763 _ep.
2331 4691 2421 4755 39,
2455 4694 2543 4756 68,
2578 4694 2666 4758 71,
2690 4694 2816 4758 226,
2845 4697 2972 4763 270,
3000 4700 3124 4753 514.

1941 4764 2045 4818 567
2086 4763 2160 4815 De
2189 4759 2389 4815 Christi
2420 4775 2617 4830 tropwo
2658 4769 2853 4831 crucis,
2892 4759 2969 4821 et'
3000 4770 3201 4823 ultione
3244 4772 3443 4826 divina.

1877 4854 1895 4887 ι
1944 4834 2189 4955 Ριᾶιεηιεε
2248 4843 2485 4899 potenter
2526 4843 2782 4889 torrueuta
2820 4841 3111 4902 patientur.
3145 4859 3164 4892 ι
3199 4840 3440 4909 Sapient.

1877 4920 1949 4955 νι.
2034 4942 2049 4955 .

1872 4920 1949 4969 νι,
2005 4920 2049 4956 ι.

1871 4972 2048 5099 27368
2072 4971 2320 5025 «Declina
2341 4989 2373 5024 a
2410 4972 2551 5027 malo
2577 4984 2623 5028 et
2646 4975 2733 5044 fac
2755 4976 2999 5032 bonum.»
3026 4976 3227 5032 Psalm.
3264 4995 3448 5047 χχιιι),

1946 5113 2052 5169 369
2089 5110 2243 5182 Nihil
2279 5114 2434 5165 nimis
2459 5114 2819 5182 deferendum.
2860 5117 3072 5171 Diaboli
3096 5127 3237 5172 artes
3269 5119 3447 5174 mala'.

1945 5186 2052 5238 570
2101 5181 2282 5236 Victor
2312 5185 2429 5252 quis
2458 5181 2588 5238 vere.
2623 5184 2820 5253 Confer
2847 5189 2999 5253 epist.
3037 5187 3102 5241 76
3128 5198 3177 5241 et
3211 5188 3301 5243 88.

1945 5255 2045 5308 371
2092 5253 2234 5306 Deus
2268 5269 2428 5318 supra
2454 5256 2698 5307 meritum
2733 5275 2857 5310 suos
2884 5259 3128 5312 honorat.

2089 5323 2220 5397 Quis
2255 5323 2447 5390 optime
2473 5324 2671 5397 reipub.
2702 5329 2901 5392 prtesit.
2942 5326 3300 5397 Δημαγωγός.

1909 5395 2060 5520 οἓ75ι
2088 5392 2384 5515 ἒῖιὺοιιαιη
2403 5410 2583 5447 rursus
2617 5396 2821 5465 frugem
2847 5392 3054 5450 invitat.
3092 5392 3253 5465 Supr.
3287 5398 3441 5467 epist.

2011 5481 2037 5517 e
2171 5488 2174 5491 λ
2205 5501 2221 5516 .

1877 5467 1978 5521 105
2011 5474 2060 5517 et
2095 5467 2221 5516 511.

1945 5536 2052 5589 574
2098 5531 2278 5587 Virtus
2302 5533 2686 5601 amplectenda.

1945 5606 2053 5661 375
2092 5602 2445 5670 Interrogatio
2480 5606 2534 5657 in
2568 5607 2733 5660 sacris
2762 5604 2975 5662 Litteris
3017 5607 3447 5665 vehementiorem

1876 5677 2044 5731 reddit
2073 5675 2380 5728 orationem.

1945 5747 2049 5801 576
2089 5743 2400 5822 Rursum'de
2426 5741 2815 5822 Quwstionibus
2846 5749 2898 5804 in
2928 5749 3190 5822 docendo,
3221 5753 3448 5809 media»

1877 5833 1993 5871 rum
2027 5814 2283 5884 exemplo.
2320 5812 2512 5880 Confer
2534 5816 2686 5886 epist.
2714 5818 2839 5875 279.

3123 5918 3156 5975 6
