3896 6404
439 295 447 305 ’
534 318 627 378 171

1618 310 2177 371 PROLEGOMENA
2212 309 2411 370 EDIT.
2451 309 2696 367 PARIS.
3672 302 3758 371 172

600 429 705 483 577
734 447 769 498 At
800 428 901 493 Qui
932 429 1098 495 potuit
1130 422 1443 498 trans‘g'i'edi.
1478 437 1526 481 et
1561 444 1665 480 non
1705 436 1779 481 est
1813 436 2107 496 transgres-
2135 434 2183 488 Α
2277 426 2384 498 428
2410 424 2610 498 C_ontra_
2634 422 2883 498 superbos
2918 419 3367 498 fastuqueelatos.‘

533 516 641 554 sus.
668 518 685 549 ι
722 496 888 552 Eccli.
922 516 1073 559 XXXI,
1098 500 1185 553 10.

604 568 710 624 578
747 568 883 621 Boni
936 569 1218 623 sacerdotis
1270 566 1610 635 Hermogenis
1658 566 1889 635 episcOpi
1951 566 2104 629 laus,

535 637 755 691 Eusebii
790 640 1120 704 vituperatio.
1158 636 1287 705 Sup.
1316 655 1395 702 ep.
1427 636 1552 690 358.

605 708 710 763 379
752 708 853 770 Qui
903 709 1128 761 ornandi
1157 710 1470 759 sacerdotes.
1539 711 1547 719 '

605 780 710 831 380
750 776 856 830 Uni
902 781 1196 831 vacandum
1225 779 1329 829 arti
1355 786 1410 827 ut
1436 774 1681 830 excellas.

606 849 705 901 581
749 845 1025 915 Capientes
1050 863 1185 913 sn'pe
1208 846 1365 911 capti.

606 918 713 971 382
752 914 956 968 Humili
982 917 1259 984 emergenti
1284 916 1453 983 fastus
1477 914 1698 968 accedit.
1726 914 1983 984 Secundis
2009 930 2112 965 non

538 988 1069 1109 tollendiu‘ssanimus,
1115 982 1207 1037 nec
1254 982 1485 1038 adversis
1526 988 1858 1054 mergendus.
1914 982 2111 1051 Confer

538 1067 686 1109 emst.
831 1096 844 1109 .

534 1060 686 1113 epist.
722 1059 844 1109 115.

544 1074 907 1249 ῗέῗὲἒιιὸῗξεε
956 1124 1090 1191 iuste
1152 1139 1375 1193 prceesse
1409 1163 1425 1189 ,
1461 1142 1480 1174 ι
1526 1122 1644 1178 Tibi
1677 1125 1777 1180 soli
1826 1122 2051 1193 peccari,
2087 1139 2105 1172 ι

589 1216 645 1249 sa
676 1237 687 1248 .
726 1213 777 1249 ι..

589 1213 687 1251 sat.
726 1213 777 1249 Ι..

610 1268 715 1321 584
750 1265 955 1331 Corpus
1008 1275 1211 1330 pareat,
1259 1282 1401 1320 mens
1450 1267 1685 1333 imperet.
1722 1261 1931 1333 Confer,
1957 1259 2109 1333 epist.

538 1337 665 1399 329,
694 1346 743 1389 et
795 1329 890 1389 lib.
931 1351 942 1386 I
980 1329 1242 1401 epist.15,
1277 1337 1366 1391 lib.
1401 1352 1452 1389 tv
1478 1329 1629 1403 epist.
1662 1336 1717 1400 4,
1755 1329 1878 1397 126,
1914 1329 2037 1403 146.

610 1408 715 1461 585
756 1404 1114 1458 Fortitudinis
1142 1416 1378 1459 extrema
1408 1401 1639 1459 audacia
1671 1414 1719 1459 et
1752 1401 2037 1457 timiditas.

609 1478 714 1531 386
753 1477 831 1529 De
853 1476 977 1543 jure
1001 1476 1120 1525 belli
1140 1492 1203 1527 ac
1236 1477 1502 1529 vindictae.

609 1548 713 1602 387
754 1538 1108 1613 Sui'cognitio
1149 1546 1321 1612 prima
1346 1549 1415 1599 ad
1449 1544 1717 1599 scientiam
1744 1544 1851 1609 uia,
1888 1555 1954 1595 ex
1981 1538 2114 1593 Pla-

574 1620 689 1671 onis
722 1615 994 1669 Alcibiade
1018 1615 1212 1681 priore.
1558 1662 1563 1665 ς

622 1685 727 1741 588
768 1678 1027 1737 Timothei
1055 1685 1157 1737 vita
1185 1683 1352 1753 functi
1394 1684 1635 1738 laudatio
1662 1724 1678 1746 ,
1740 1680 1896 1737 ueluti
1944 1678 2098 1747 [une-

538 1758 649 1811 bris
674 1756 868 1817 oratio,
892 1757 955 1808 de
983 1770 1084 1823 quo
1108 1765 1153 1806 et
1187 1758 1226 1807 t.
1260 1770 1296 1807 ιι
1332 1756 1483 1822 epist.
1521 1754 1647 1809 155.

610 1826 715 1882 589
753 1824 830 1879 De
850 1824 1099 1891 improbis
1124 1825 1331 1877 treviris
1368 1840 1577 1877 rursum
1607 1824 1929 1889 expostulat.

610 1895 717 1953 390
755 1895 912 1947 Lucri
939 1903 1286 1958 contemptus,
1324 1893 1557 1963 bonaque
1584 1895 1928 1948 existimatio.

611 1966 712 2020 591
761 1966 823 2016 1η
847 1965 1007 2016 nimio
1032 1962 1212 2015 dolore
1242 1979 1377 2030 saepe
1404 1960 1590 2029 stupor
1633 1974 1680 2016 et
1718 1964 1990 2017 silentium
2016 1960 2107 2013 ob-

543 2038 707 2091 venit.
738 2033 896 2087 Vino.
925 2032 1209 2101 Obstupui,
1239 2043 1614 2100 steteruntque
1640 2048 1829 2087 ccum.

612 2106 719 2160 392
769 2103 943 2156 Virtus
967 2102 1141 2155 claros
1176 2114 1498 2169 wternosque
1519 2102 1690 2171 efﬁcit.

614 2174 720 2230 393
754 2173 1005 2228 Simonia:
1053 2173 1552 2242 nundinationisque
1593 2173 1961 2239 beneﬁciorum
2015 2187 2106 2223 ac-

546 2255 717 2300 cusat.
751 2244 911 2310 Supr.
939 2245 1091 2310 epist.
1126 2241 1253 2305 266,
1288 2252 1334 2294 et
1369 2241 1501 2295 alius
1530 2242 1621 2295 tib.
1650 2252 1737 2296 tet
1763 2243 1853 2295 lib.
1882 2256 1966 2295 ιιι.

615 2315 722 2369 594
764 2313 1005 2367 Prudens
1045 2313 1161 2380 quis
1202 2313 1603 2365 existimandus.

617 2385 726 2439 395
767 2384 897 2446 Quis
924 2399 1037 2435 vere
1071 2398 1181 2444 rex,
1209 2384 1326 2451 quis
1369 2393 1649 2451 tyrannus.
1673 2380 1835 2451 Supr.
1870 2397 1953 2450 ep.
1979 2380 2106 2434 255.

619 2454 728 2509 396
770 2453 907 2506 Bene
935 2452 1180 2504 morienti
1221 2455 1616 2518 gratulandum.

616 2524 722 2580 597
763 2523 866 2587 Qui
893 2525 946 2575 in
977 2523 1080 2574 vita
1114 2520 1374 2590 fugiendi.

617 2593 724 2651 398
760 2594 837 2647 De
866 2595 997 2645 bono
1022 2592 1305 2661 patientia’.
1341 2590 1401 2643 In
1423 2591 1781 2654 persecutione
1805 2590 1932 2661 quid
1954 2606 2111 2660 agen-

548 2668 694 2721 dum.
725 2662 918 2730 Confer
947 2662 1097 2729 epist.
1132 2660 1223 2723 59,
1256 2661 1345 2713 71.

622 2734 726 2790 599
767 2729 1032 2799 Temporis
1062 2735 1197 2782 ratio
1224 2731 1485 2799 habenda.
1524 2729 1746 2784 Occasio
1795 2748 1900 2785 non
1949 2731 2113 2798 negli-

548 2805 738 2878 genda.
772 2798 981 2878 .Confer‘
1001 2801 1149 2868 epist.
1176 2798 1302 2853 296.

617 2872 724 2928 400
762 2871 829 2925 In
876 2868 1041 2925 malos
1094 2880 1328 2939 pastores
1377 2886 1533 2937 pecus
1574 2869 1946 2940 deglutientes.
1980 2868 2114 2922 Eze-

549 2944 705 2999 chiel.
739 2957 927 2995 xxxxv.

617 3014 718 3069 401
768 3011 1018 3067 Veritatis
1048 3020 1095 3064 et
1128 3010 1373 3062 candoris
1401 3009 1495 3062 vis.

617 3085 745 3139 402.
789 3082 989 3135 Suadet
1021 3098 1052 3133 a
1092 3080 1309 3133 libidine
1338 3088 1650 3143 temperare.

618 3154 725 3209 403
757 3151 951 3206 Luctus
986 3151 1339 3219 gaudiumque
1370 3149 1729 3219 temperanda.

619 3224 725 3280 404
767 3216 1089 3275 Valetudinis
1122 3229 1197 3273 est
1236 3221 1373 3271 ratio
1418 3218 1678 3271 habenda.
1702 3216 1898 3286 Confer
1935 3217 2031 3271 lib.
2063 3234 2122 3283 ιι,

550 3312 631 3366 ep.
649 3294 790 3366 238;
819 3293 905 3366 hic
924 3307 1048 3366 uero
1084 3291 1235 3356 epist.
1271 3289 1421 3342 528..

619 3363 724 3419 405
747 3356 828 3415 Ad
850 3363 1164 3415 delictorum
1202 3372 1512 3412 metanwam
1544 3356 1754 3411 invitat.
1796 3356 1928 3427 Sup.
1970 3358 2124 3429 epist.

548 3437 726 3559 2⁷406
764 3501 981 3555 Virtutis
1010 3499 1271 3562 laudatio,
1298 3507 1343 3549 et
1374 3512 1480 3565 seq.
1513 3496 1665 3563 epist.

2432 494 2611 563 Iniqui
2679 491 2853 564 arguit
2896 492 3199 558 sacerdotii,
3242 499 3293 543 et
3339 491 3490 561 epist.
3545 506 3757 561 sequent.

2208 574 2255 618 et
2285 567 2410 621 440.

2278 636 2385 688 458
2410 635 2484 689 De
2514 635 2697 705 gloria:
2734 633 3037 705 cupiditate.
3067 630 3269 705 Confer
3300 632 3452 700 epist.
3493 629 3613 696 336,
3647 631 3758 694 357,

2211 705 2338 767 558,
2364 706 2490 770 410,
2515 702 2620 759 411
2650 715 2701 758 et
2727 702 2951 772 praxim.
2994 702 3149 770 epist.

2282 776 2387 829 440
2418 776 2491 829 De
2511 774 2709 828 Zosimi
2728 769 2928 827 iterum
2952 773 3055 826 vita
3084 772 3295 825 uitiosa.
3327 769 3575 823 Precibus
3599 770 3758 839 itaque

2217 844 2322 898 Deo
2356 844 2825 899 commendandam
2847 860 2975 898 esse.
3001 840 3134 909 Sup.
3162 843 3315 908 epist.
3342 840 3447 894 457
3469 849 3514 891 et
3546 842 3690 909 epist.
3712 841 3758 893 2.

2282 914 2671 1037 filiiiigzntium
2710 930 2876 967 mores
2916 928 3033 966 cum
3076 906 3272 966 nostris
3320 909 3518 965 collati.
3565 906 3761 978 Confer.

2282 1002 2320 1037 is
2351 1025 2365 1037 .
2503 1024 2515 1037 .

2211 986 2365 1048 epist.
2392 986 2515 1038 164.

2280 1054 2385 1108 442
2410 1054 2604 1107 Orator
2626 1070 2725 1107 non
2752 1066 2952 1119 semper
2974 1050 3269 1118 persuadet.
3300 1050 3456 1119 Infra
3481 1048 3629 1118 epist.
3652 1048 3761 1104 547.

2283 1124 2389 1178 445
2415 1121 2610 1177 Caudii
2642 1123 2941 1187 dolorisque
2973 1133 3165 1172 motus.

2287 1194 2393 1249 444
2426 1194 2502 1247 De
2528 1194 2693 1246 tribus
2724 1190 2935 1245 dicendi
2974 1192 3266 1259 generibus,
3308 1205 3534 1247 summo,
3585 1191 3761 1252 medio,

2212 1275 2259 1316 et
2297 1266 2426 1325 imo.
2453 1280 2519 1317 ea:
2567 1263 2815 1315 Homero.
2874 1259 3057 1329 Vitam
3091 1260 3327 1329 oratione
3368 1262 3534 1329 magis
3567 1274 3763 1327 persua-

2213 1334 2353 1388 dere.
2387 1332 2582 1402 Confer
2607 1350 2688 1398 ep.
2723 1332 2849 1394 213,
2876 1328 3321 1402 233,265,508.

2284 1403 2390 1458 445
2423 1398 2616 1457 Vitium
2643 1418 2752 1455 esse
2782 1403 2969 1454 virtute
2990 1399 3275 1467 difﬁcilius.
3309 1399 3391 1452 Ad
3418 1401 3604 1460 bonam
3639 1398 3763 1451 inci-

2215 1482 2291 1527 tat
2313 1485 2554 1527 mentem.
2591 1471 2905 1541 Conjer_lib.
2939 1484 2977 1523 ιι
3010 1476 3157 1535 epist.
3190 1467 3314 1523 240.

2289 1545 2394 1598 446
2420 1540 2649 1596 Rursum
2672 1538 2734 1593 de
2757 1538 2956 1592 Zosimi
2984 1541 3140 1593 uitiis.

2283 1614 2388 1667 447
2416 1614 2493 1667 De
2523 1614 2745 1667 divitiis.
2772 1609 2925 1676 Infra
2950 1610 3099 1676 epist.
3126 1607 3251 1663 450.

2282 1684 2388 1738 448
2422 1682 2764 1751 Hermogenis
2784 1679 3011 1747 episc0pi
3038 1679 3174 1731 laus.
3207 1678 3403 1748 Confer
3428 1677 3627 1748 epistol.
3650 1680 3763 1739 358.

2136 1790 2181 1845 B
2212 1752 2585 1845 “‘L’1[I“..f§§:

2278 1818 2382 1877 449
2412 1822 2679 1877 Bonorum
2703 1819 3081 1891 malorumque,
3117 1822 3241 1873 dum
3269 1818 3573 1884 laudantur,
3594 1820 3765 1874 discri-

2211 1910 2349 1947 men.

2280 1964 2385 2018 450
2409 1962 2540 2028 Qua:
2561 1976 2696 2016 verte
2721 1960 2917 2013 diritice
2944 1960 3074 2013 sint.

2278 2032 2377 2087 451
2419 2034 2495 2086 De
2532 2031 2743 2086 Eusebii
2774 2032 2998 2098 episcooi
3046 2028 3246 2083 Pelusii
3288 2028 3547 2097 moribus,
3589 2030 3649 2086 de
3677 2048 3765 2100 quo

2210 2104 2345 2155 alias
2374 2120 2529 2169 sazpe,
2560 2101 2659 2168 inf.
2684 2100 2811 2155 470.

2278 2172 2384 2226 452
2412 2167 2525 2226 Uni
2549 2167 2839 2227 vacandum
2869 2172 2993 2224 arti.
3032 2167 3225 2237 Supra.
3253 2172 3406 2237 epist.
3436 2169 3560 2224 380.

2293 2244 2398 2297 455
2430 2243 2554 2296 Non
2599 2242 3041 2304 maledicendum,
3087 2257 3178 2293 nec
3215 2240 3397 2309 lingua
3446 2240 3763 2294 abutendum.

2220 2311 2396 2380 Supra
2420 2330 2500 2379 ep.
2532 2312 2656 2373 129,
2676 2311 2803 2373 214,
2835 2311 2959 2364 421.

2281 2378 2388 2437 454
2416 2378 2491 2435 De
2516 2381 2827 2436 Mithridate
2862 2396 2998 2449 rege,
3027 2380 3240 2449 ejusque
3257 2394 3452 2432 venena
3479 2378 3760 2447 alexiphar-

2212 2469 2385 2514 maca,
2421 2452 2689 2506 Martialis
2722 2452 2814 2502 lib.
2845 2466 2877 2501 v
2908 2449 3176 2519 Epigram.
3216 2449 3301 2502 79.
3421 2502 3451 2519 _.

2283 2523 2389 2577 455
2420 2523 2523 2587 Qui
2553 2523 2729 2588 paruit
2771 2531 2924 2584 recte,
2955 2515 3080 2573 bene
3122 2522 3363 2588 imperat.
3405 2515 3597 2587 Confer
3626 2521 3761 2588 epist.

2211 2592 2342 2654 225,
2367 2592 2505 2644 Arist
2532 2602 2579 2645 et
2611 2590 2788 2653 Plato,
2813 2601 2916 2643 «διο.

2283 2662 2388 2719 456
2443 2661 2509 2715 Ut
2553 2664 2608 2714 in
2660 2660 2945 2729 Olympicis
2990 2660 3375 2713 decertaturum
3444 2659 3767 2720 commendat,

2216 2733 2294 2785 vel
2329 2733 2385 2785 in
2408 2734 2646 2785 asceticis
2674 2731 2963 2800 religionis.

2286 2803 2390 2857 458
2446 2798 2785 2865 Ηανμοεταηί
2826 2802 3104 2866 rhetorem,
3145 2800 3229 2852 cui
3288 2799 3451 2852 ludus
3488 2798 3769 2867 aperiendus

2217 2874 2598 2935 committatur,
2624 2874 2975 2923 commendat.

2295 2943 2398 2997 459
2430 2941 2764 3004 Laborando,
2793 2956 2897 2991 non
2932 2940 3065 2993 cotis
3102 2939 3350 3003 optando,
3377 2939 3597 2992 scientia
3630 2954 3770 3007 paruo

2220 3024 2329 3072 tur,
2358 3012 2642 3078 implorato
2680 3010 2775 3064 Dei
2809 3010 3034 3062 auxilio.
3075 3008 3338 3061 Virtutum
3364 3009 3509 3061 laus.

2294 3082 2398 3136 460
2424 3082 2506 3133 An
2533 3082 2694 3133 virtus
2726 3080 2973 3147 difﬁcilis,
3007 3090 3061 3132 ut
3097 3090 3143 3132 et
3181 3096 3290 3146 seq.
3327 3081 3480 3145 epist.

2146 3139 2188 3193 (ἶ
2297 3151 2402 3205 462
2448 3139 2889 3216 Ιηιεηιρειναηῖεηι
2926 3139 3095 3201 amari
3133 3139 3288 3216 quam
3336 3139 3515 3201 timeri
3549 3158 3765 3217 prastat,

2300 3222 2406 3275 465
2430 3218 2708 3274 Theatrale
2744 3220 3014 3273 vitandum
3038 3219 3290 3273 studium.

2299 3292 2403 3344 464
2434 3291 2604 3343 Amici
2639 3306 2742 3342 non
2773 3289 3062 3341 deserendi.

2297 3361 2402 3415 465
2436 3360 2636 3414 Cedant
2666 3375 2817 3411 arma
2846 3370 3000 3427 togaz.
3027 3358 3140 3412 Cic.
3178 3373 3197 3412 ι
3232 3354 3413 3421 0mc.,
3452 3367 3498 3411 et
3533 3365 3699 3411 contra
3722 3356 3769 3410 in

2229 3430 2563 3485 Mureniana.

2298 3502 2404 3555 466
2450 3498 2793 3568 Hermogenis
2844 3499 3072 3569 episcopi
3125 3497 3386 3565 laudatio,
3434 3508 3493 3551 ut
3542 3508 3588 3551 et
3628 3512 3767 3565 supra

620 3576 725 3629 407
762 3572 938 3641 Magni
986 3580 1035 3622 et
1086 3569 1334 3641 angusti_
1362 3566 1527 3618 animi
1588 3566 1886 3641 discrimen.
1938 3568 2130 3640 Confer
2229 3573 2380 3640 epist.
2406 3572 2531 3633 358,
2561 3566 2685 3623 448.

551 3661 633 3714 ep.
664 3644 769 3698 152
796 3636 890 3697 lib.
914 3656 963 3693 Iv
998 3642 1064 3692 ad
1096 3636 1265 3691 locum
1295 3636 1454 3690 Prov.
1489 3650 1600 3701 xw,
1653 3636 1740 3692 29.

622 3714 729 3769 408
751 3712 829 3765 De
856 3712 1163 3764 divitiarum
1193 3717 1513 3769 contemptu.

622 3723 729 3769 408
751 3723 829 3765 De
856 3723 1163 3764 dwmarum
1193 3723 1513 3772 contemptu.

618 3784 722 3837 409
747 3782 823 3834 De
848 3782 1031 3849 gloria:
1056 3780 1251 3831 studio.
1287 3778 1422 3849 Sup..
1455 3791 1536 3849 ep.
1570 3774 1694 3849 556,
1720 3779 1845 3845 557,
1879 3780 2006 3835 558.

613 3852 719 3908 410
758 3843 993 3904 Rursum
1033 3851 1096 3902 de
1143 3848 1337 3918 gloria.
1384 3843 1525 3910 Quid
1558 3847 1805 3914 diﬂ‘erant
1833 3843 2130 3919 φιλόδοξος

551 3924 649 3979 καὶ
679 3921 975 3987 κενόδοξος.

2299 3642 2401 3695 467
2435 3641 2675 3693 Docendo
2698 3640 2814 3707 quis
2850 3638 2995 3692 utilis
3017 3639 3104 3693 sit.

2300 3713 2405 3765 468
2435 3711 2652 3776 Superbi
2677 3722 2724 3762 et
2754 3711 2877 3762 elati
2909 3710 3252 3778 deprimendi.

2307 3782 2411 3835 469
2440 3780 2707 3832 Bonorum
2735 3778 2975 3832 soliditas
3009 3792 3182 3848 grata.

2301 3852 2404 3906 470
2442 3851 2518 3902 He
2572 3849 2787 3901 Eusebii
2839 3850 3065 3917 episcopi
3118 3848 3325 3904 Pelusii
3365 3852 3578 3917 erratis,
3631 3861 3686 3917 stt
3718 3862 3771 3898 ra

2234 3923 2389 3988 epist.
2419 3919 2581 3977 4551.
2611 3932 2655 3972 et
2679 3920 2769 3972 lib.
2804 3935 2819 3973 ι
2852 3915 3173 3983 ερὶδεζ241.
3213 3924 3305 3975 lib.
3352 3934 3387 3971 ll
3428 3915 3575 3987 epist.
3613 3915 3692 3975 50,
3729 3924 3770 3967 et

619 3993 721 4048 411
787 3991 859 4045 De
911 3990 1103 4043 anima:
1147 3987 1389 4041 humana:
1439 3988 1663 4041 motibus
1705 3990 1895 4044 variis.
1933 3991 2131 4058 Confer
2231 3987 2369 4058 121;
2406 3991 2494 4043 lib.
2555 4005 2616 4043 ιιι
2674 3989 2881 4057 epistol.
2924 3991 3015 4057 97,
3068 3992 3189 4057 178,
3220 4000 3268 4045 ει
3305 3989 3564 4059 367;lib.
3602 4004 3649 4044 tv
3680 3989 3773 4053 epi-

618 4065 704 4118 ist.
742 4062 795 4116 1.

742 4081 826 4186 Ἑρ
857 4131 961 4184 vini
991 4146 1089 4181 usu
1121 4128 1464 4194 disputatum.
1502 4126 1786 4181 Ebrietatis
1824 4129 1983 4183 mala.

624 4203 729 4257 4³15
762 4202 833 4256 De
861 4202 1065 4253 virtutis
1098 4200 1346 4251 utilitate.
1376 4195 1570 4264 Confer
1606 4215 1688 4266 ep.
1719 4197 1850 4263 406,
1874 4199 2001 4253 407.

623 4272 731 4326 414
755 4269 1039 4337 Epitaphia
1066 4278 1123 4321 ut
1162 4266 1458 4321 scribenda.

621 4344 729 4397 415
754 4341 1018 4411 lnjuriam
1048 4337 1425 4411 remittendam.

622 4413 727 4467 416
760 4402 833 4465 ι.Ῑῖ
856 4412 919 4462 sit
957 4402 1389 4476 {rugi'hortatun
1428 4418 1482 4460 ut
1514 4415 1564 4460 et
1608 4406 1781 4461 tribus
1813 4425 1919 4477 seq.
1968 4411 2124 4479 epist.

556 4494 603 4536 et
627 4482 753 4547 511,
781 4480 907 4541 455,
937 4478 1063 4531 562.

629 4545 748 4605 417-
781 4548 1057 4603 Libertatis
1077 4545 1324 4616 loquendi
1368 4554 1417 4598 et
1456 4546 1799 4614 impudentia:
1830 4548 2126 4603 discrimen.

558 4620 671 4690 lnf.
701 4622 851 4687 epist.
884 4618 1009 4672 455.

2230 4062 2352 4115 stol.
2386 4061 2475 4115 48.

2301 4131 2399 4185 471
2430 4132 2510 4181 Ad
2543 4130 2782 4183 uirtutem
2816 4129 3280 4197 fortitudinemque
3313 4131 3575 4185 hortatur.

2303 4201 2408 4253 472
2444 4200 2607 4252 Deum
2633 4201 2897 4268 offendere
2920 4217 3122 4253 summa
3152 4202 3482 4269 improbitas.

2301 4271 2405 4324 475
2432 4270 2506 4322 De
2545 4269 2689 4337 fama
2720 4272 3203 4339 existimationeque
3239 4272 3397 4325 bona.

2303 4340 2409 4394 474
2435 4340 2757 4393 Tolerandas
2785 4356 2893 4392 esse
2917 4341 3164 4408 injurias.

2304 4410 2410 4464 475
2446 4408 2581 4462 Vera
2611 4412 2779 4466 oratio
2806 4408 2999 4477 fucatis
3023 4421 3258 4476 praestat.

2166 4473 2210 4526 Ῑ)
2306 4480 2411 4534 476
2437 4480 2745 4548 Adl’rugem
2783 4473 2973 4531 bonam
2999 4473 3085 4531 eos
3128 4481 3338 4533 invitat.
3370 4479 3545 4549 Supra
3586 4477 3769 4548 epistol.

2236 4550 2583 4683 51477⁴⁴ὄῖιὶι
2633 4619 2819 4689 doctus
2861 4619 3192 4689 sapiensque
3245 4623 3551 4674 censendus.
3616 4616 3773 4689 Virtus

631 4683 738 4745 418
771 4690 849 4744 De
889 4685 1168 4760 sacerdotii
1206 4686 1544 4760 prwstantiq.
1579 4683 1723 4760 Sup.
1740 4690 1889 4755 epist.
1915 4688 2044 4756 268,
2084 4699 2133 4742 et
2236 4690 2443 4759 {ructus
2468 4699 2543 4741 est
2568 4690 2761 4754 instar,
2792 4683 3045 4757 foliorum
3080 4683 3197 4743 vero
3231 4692 3568 4760 eloquentia;
3599 4687 3771 4756 φύλλον

558 4761 649 4815 lib.
686 4776 723 4814 ιι
753 4763 903 4824 epist.
948 4757 1073 4820 254,
1107 4756 1176 4807 lib
1217 4771 1269 4809 iv
1308 4770 1387 4823 ep.
1445 4754 1572 4829 219,
1621 4767 1666 4808 et
1702 4758 1785 4812 hic
1824 4762 1975 4827 epist.
2024 4754 2131 4829 seq.

628 4831 733 4885 419
760 4829 826 4882 1η
850 4831 1036 4882 castris
1067 4841 1183 4895 qua:
1214 4826 1530 4878 necessaria.

631 4900 736 4955 420
775 4899 846 4953 De
873 4896 1091 4950 Eutinio
1126 4896 1367 4948 diacono.

571 4972 721 5051 “421
767 4967 834 5051 lu
862 4968 973 5051 ejus
1004 4968 1128 5045 vitia
1158 4966 1463 5051 qui‘tentere
1486 4968 1549 5018 ab
1569 4965 1797 5021 Eusebio
1822 4978 1954 5023 esset
1982 4970 2130 5021 ordi-

703 4973 721 5023 1
769 4972 834 5022 In
862 4972 973 5036 ejus
1004 4972 1128 5019 vitia
1158 4972 1245 5033 qui
1274 4974 1285 5016 t

761 5038 953 5121 goriler
979 5042 1139 5119 epista
1162 5034 1285 5087 532.

523 5178 535 5188 1
561 5106 617 5169 ’θῖῗ
632 5112 729 5164 421
770 5106 1026 5188 I_.aborcm
1050 5108 1196 5174 quies
1221 5106 1518 5188 coitiuntur.

508 5282 511 5289 .
560 5251 738 5375 412ὲὸ
772 5318 962 5383 Turpi;
988 5317 1107 5370 vita:
1132 5316 1475 5384 reprehensio.

631 5392 739 5445 424
765 5388 911 5461 Scire
938 5396 1013 5441 est
1038 5403 1144 5440 rem
1190 5402 1283 5453 per
1316 5402 1505 5444 causas
1544 5406 1867 5461 cognoscere.
1906 5391 2129 5445 Aristot.

563 5462 618 5513 in
648 5459 862 5526 Analyt.

630 5532 737 5585 425
794 5528 988 5583 Rerum
1059 5527 1335 5581 metuenda
1422 5531 1745 5585 vicissitudo.
1814 5529 1901 5602 Cf.
1976 5532 2128 5600 epist.

561 5600 735 5723 ⁴9ἕ426
764 5669 896 5734 «Qui
928 5644 1064 5721 mdle
1086 5671 1214 5738 agit,
1243 5668 1350 5726 odit
1389 5670 1574 5726 lucent.
1634 5690 1652 5723 ι
1704 5670 1861 5727 Joan.
1912 5687 1994 5735 ιιι,
2037 5671 2125 5725 20.

629 5740 731 5794 427
766 5738 1073 5810 Παράδοξον
1094 5742 1241 5810 quid.

637 5181 735 5233 422
776 5178 1159 5250 Ignoscendum
1215 5175 1438 5228 aliorum
1488 5176 1712 5233 delictis.
1760 5177 1934 5249 Supra
1974 5182 2129 5250 epist.

2237 4761 2374 4812 unde
2401 4763 2620 4812 dictum.

2305 4830 2405 4884 478
2436 4833 2509 4883 De
2535 4827 2731 4881 Zosimi
2766 4838 2811 4879 et
2837 4828 3098 4882 sodalium
3131 4830 3288 4883 uitiis.
3308 4828 3466 4899 Infra
3492 4829 3638 4897 epist.
3662 4826 3769 4881 482.

2248 4897 2447 4952 Veritas
2470 4900 2645 4969 quanti
2680 4898 3007 4969 ivstititandn.

2293 4969 2407 5090 0479
2435 4970 2537 5033 Qui
2580 4985 2694 5022 vere
2751 4968 2883 5020 clari
2926 4969 3255 5038 illustresque
3294 4969 3492 5023 invidia
3531 4968 3641 5021 boui
3674 4981 3773 5019 vere

2325 5051 2493 5090 orant.

2233 5050 2493 5092 iaborant.

2306 5108 2411 5162 480
2450 5106 2628 5160 Virtus
2656 5106 2851 5159 laboris
2883 5110 3183 5161 constantia
3214 5111 3452 5177 paranda
3482 5118 3574 5163 est.

2307 5179 2405 5233 481
2436 5177 2742 5231 Sacerdotio
2775 5177 2865 5244 qui
2894 5180 3143 5234 ornandi.

2306 5249 2411 5321 482
2449 5249 2522 5300 De
2549 5249 2910 5321 ‘iinprobitute
2928 5244 3129 5321 Zosimi
3164 5251 3550 5321 sociorumque.
3605 5246 3697 5300 Pro
3718 5246 3771 5296 iis

2234 5319 2511 5373 orandum.
2537 5317 2669 5383 Sup.
2704 5318 2853 5384 epist.
2882 5317 2937 5379 2,
2965 5318 3091 5383 437,
3112 5320 3238 5373 440.

2314 5408 2417 5463 485
2444 5405 2513 5459 Ut
2535 5412 2666 5461 vires
2688 5407 2882 5470 desint,
2909 5408 3150 5463 uoluntas
3173 5410 3461 5463 laudanda.

2306 5502 2409 5557 484
2454 5500 2810 5570 Belligerandi
2848 5510 2897 5553 et
2955 5502 3220 5557 societatis
3271 5503 3466 5559 bellica:
3502 5502 3774 5557 discrimen.

2234 5573 2429 5641 Confer
2448 5572 2599 5639 epist.
2622 5570 2746 5623 275.

2304 5663 2408 5718 485
2441 5664 2511 5715 De
2536 5662 2627 5714 illo
2668 5660 3039 5716 Ecclesiastw:
3072 5683 3089 5714 ι
3133 5663 3352 5720 Vanitas
3396 5667 3690 5725 vanitatum,
3737 5669 3774 5710 et

2234 5736 2406 5788 omnia
2439 5735 2659 5787 vanitas.
2703 5750 2721 5782 ι
2757 5733 2925 5788 lii-rte.
2961 5748 2997 5797 ι,
3045 5737 3097 5787 2.
