3896 6404
459 376 553 438 187

1616 382 1677 440 S.
1725 377 2019 438 ISIDORI
2058 374 2496 436 PELUSIOTrE

3602 372 3693 435 188

455 489 669 543 etiamsi
722 489 899 545 minus
923 490 1348 559 fcontumeliose,
1394 508 1556 563 quam
1610 508 1732 546 cum
1786 491 2030 553 Socrate,

2144 488 2283 559 βέλει
2330 491 2395 557 τῇ
2435 487 2809 559 μεγαλοψυχίᾳ
2839 488 3215 559 τρωθησεται,
3262 489 3294 559 ἢ
3348 504 3439 541 και
3482 488 3587 541 ἐσθ’
3612 491 3693 543 ὅτι

459 584 635 629 tecum
660 587 838 633 actum
863 580 933 633 sit
963 600 976 636 :
1013 592 1201 637 contra
1248 592 1425 637 autem
1468 583 1558 636 ille
1590 582 1755 636 animi
1797 582 1871 635 tui
1918 596 2032 634 ma-

459 668 739 733 gnitudine
796 680 1050 741 tanquam
1109 676 1212 728 telo
1263 674 1596 728 sauciabitur
1647 692 1661 728 ε
1713 683 1805 727 aut
1867 676 2030 727 etiam

406 806 411 817 ,
459 758 751 825 aliquando
778 776 806 814 a
847 765 1100 829 peccandi
1143 766 1382 818 studiosa
1431 776 1609 818 mente
1651 780 1715 819 ac
1756 765 1934 833 lingua
1976 764 2030 817 iu

390 834 411 863 "
460 849 652 903 melius
704 853 1043 907 mutabitur:
1088 857 1311 925 tibique,
1360 866 1421 909 ut
1456 857 1681 924 hujusce
1718 858 2032 912 mutationis

462 940 696 1006 auctori,
733 945 962 1011 gratiam
991 946 1232 1002 habebit.

957 1055 1069 1111 XII.
1096 1088 1165 1097 —
1185 1058 1524 1115 ASINIONIO.

532 1163 643 1218 Etsi
676 1166 861 1219 vitium
905 1169 1169 1234 occultas,
1196 1182 1372 1223 tamen
1405 1181 1627 1240 apparet
1654 1184 1703 1226 te
1732 1173 1913 1227 animo
1946 1173 2031 1226 in-

462 1255 600 1317 tlari,
632 1268 792 1327 atque
843 1259 980 1312 ultra
1032 1275 1192 1329 quam
1241 1272 1296 1314 et
1324 1278 1514 1331 genus,
1552 1274 1606 1317 et
1633 1265 1817 1329 robur,
1861 1276 1916 1318 et
1952 1264 2033 1318 di-

462 1346 637 1413 gnitas
668 1357 756 1401 tua
788 1346 945 1414 ferat,
992 1350 1294 1418 superbire.
1347 1352 1711 1417 Quamobrem
1762 1362 1854 1407 aut
1902 1369 2033 1409 con-

461 1448 739 1501 grueutcm
782 1438 875 1491 tibi
924 1440 1165 1494 animum
1221 1442 1433 1512 collige,
1497 1457 1589 1499 aut
1651 1445 1787 1499 scito
1860 1455 1911 1500 te
1965 1444 2033 1499 ab

461 1527 712 1582 onmibus
753 1529 984 1584 irrideri.

749 1638 887 1694 XIII.
909 1674 975 1682 —
998 1642 1346 1698 LAMPETIO
1382 1645 1733 1704 MONACHO.

530 1749 647 1815 Quo
690 1759 933 1819 tempore
977 1755 1042 1807 ad
1092 1756 1340 1811 sublimis
1370 1768 1424 1812 et
1456 1760 1685 1814 excelsa:
1724 1760 1846 1813 vitae
1875 1776 2031 1815 mon-

463 1848 569 1891 tem
598 1841 909 1905 accedebas,
943 1851 1104 1911 atque
1155 1845 1335 1899 abluta
1380 1856 1528 1901 veste
1567 1864 1630 1902 ac
1656 1850 1929 1913 sensibus,
1964 1850 2029 1901 ad
2062 1839 2103 1892 Β

462 1929 766 1983 divinorum
794 1931 1101 2002 dogmatum
1133 1936 1462 1990 auditionem
1488 1947 1674 2007 pectus
1702 1939 2026 2005 adornabas,

466 2031 805 2077 terrenarum
880 2040 1060 2079 rerum
1130 2028 1442 2081 memoriam
1509 2046 1729 2098 prorsus
1799 2032 2033 2101 abjicere

462 2116 812 2183 constituisti,
851 2126 910 2170 ut
936 2117 1001 2170 ad
1036 2118 1288 2171 virtutum
1336 2136 1516 2175 arcem
1567 2134 1875 2191 pervectus,
1919 2134 2031 2177 tum

466 2205 630 2257 Deum
676 2205 894 2260 oracula
930 2209 1177 2262 edentem
1229 2212 1445 2265 audires
1482 2230 1497 2267 :
1536 2222 1647 2266 tum
1691 2229 1755 2268 eo
1792 2225 2030 2269 veterem

462 2296 631 2365 iegem
661 2298 711 2350 in
738 2298 1045 2352 carnalibus
1081 2302 1277 2357 tabulis
1328 2303 1681 2370 iuscribente,
1716 2306 1892 2360 tabula
1922 2308 2034 2374 ipse

462 2387 720 2443 divinitus
752 2390 996 2445 confecta
1021 2393 1335 2448 exsisteres.
1364 2397 1435 2447 At
1468 2412 1595 2449 vero
1626 2413 1768 2450 nunc
1812 2397 1941 2450 illud
1967 2398 2034 2451 de

464 2488 515 2532 te
544 2481 781 2533 omnium
815 2496 910 2535 ore
949 2482 1285 2547 decantatur,
1316 2494 1367 2538 te
1411 2486 1626 2554 quidem
1679 2488 1870 2541 salutis
1908 2502 2034 2539 ara-

463 2579 604 2624 trum
630 2582 878 2641 prompto
900 2583 1060 2641 atque
1073 2573 1235 2629 alacri
1255 2577 1434 2630 animo
1454 2577 1747 2644 arripuisse
1764 2578 1826 2640 ¹³,
1846 2594 2031 2632 verum

463 2676 561 2731 per
583 2662 848 2731 ignaviam
880 2679 943 2718 ac
968 2675 1237 2733 torporem
1271 2677 1566 2720 retrorsum
1592 2684 1776 2722 rursus
1802 2685 2023 2723 conver’

464 2767 583 2805 sum
618 2768 756 2807 esse.
794 2754 1151 2818 Quamobrem
1185 2757 1230 2809 si
1266 2767 1316 2810 te
1364 2757 1601 2810 Simonis
1644 2757 1687 2788 ³³
1727 2760 2029 2827 exemplum

469 2858 575 2895 non
613 2852 797 2909 terret,
830 2846 1066 2911 quicum
1100 2848 1403 2913 baptizatus
1433 2847 1647 2912 fuisset,
1678 2865 1739 2902 ac
1774 2849 2037 2903 ministris

462 2934 667 2989 Christi
709 2936 959 2989 comitem
998 2952 1057 2991 se
1097 2938 1433 3006 praebuisset,
1483 2956 1671 2995 rursus
1713 2943 1780 2994 ad
1808 2956 1892 2994 res
1918 2956 2033 3006 eas,

462 3040 585 3094 qua:
615 3041 681 3080 ex
730 3029 954 3081 materia
1004 3038 1279 3095 conSIant,
1320 3046 1569 3085 reversus
1598 3041 1683 3085 est
1729 3031 1833 3100 (ob
1876 3031 2037 3101 idque

464 3119 628 3171 etiam
662 3133 729 3172 ex
760 3122 868 3174 alto
894 3120 1060 3174 miser
1090 3120 1142 3173 in
1174 3131 1402 3176 mortem
1448 3123 1738 3178 multorum
1786 3138 2037 3177 sermone

464 3210 943 3265 celehratissimam
1004 3227 1243 3281 prmceps
1297 3217 1445 3277 ruit,
1503 3224 1561 3269 ut
1614 3230 1681 3269 ex
1719 3230 1824 3269 una
1870 3197 2109 3283 ipsiusC

468 3306 624 3357 ruina
676 3306 1020 3374 perspicuum
1064 3306 1316 3359 omnibus
1369 3309 1478 3370 tiat,
1524 3309 1721 3377 quibus
1761 3308 2039 3377 suppliciis

468 3392 613 3460 digni
670 3392 799 3454 sint,
834 3394 921 3460 qui
975 3392 1193 3447 ccelestc
1251 3395 1579 3449 curriculum
1637 3397 2035 3465 mentiuntur),

468 3480 709 3537 Simonis
757 3484 1002 3553 vestigiis
1071 3484 1346 3552 animique
1408 3485 1652 3540 instituto
1712 3486 1876 3540 luere.
1940 3485 2035 3539 Sin

469 3584 647 3626 autem
699 3574 945 3643 quisquis
1003 3575 1200 3629 mentis
1248 3592 1312 3630 ac
1370 3578 1593 3631 rationis
1652 3592 1871 3645 compos
1924 3586 2033 3642 est,

470 3664 611 3717 hanc
641 3680 856 3733 pinnam
889 3667 943 3719 in
981 3668 1228 3723 hostibus
1271 3682 1486 3737 quoque
1521 3670 1722 3732 horret,
1752 3684 1813 3722 ac
1843 3670 2037 3737 depreo

470 3768 646 3829 catur,
697 3771 850 3826 pacta
899 3775 1021 3814 cum
1072 3762 1183 3815 Deo
1230 3763 1356 3815 inita
1412 3765 1589 3831 exple,
1632 3763 1909 3832 ipsiusque
1956 3766 2038 3817 vi-

2134 580 2235 647 τῆς
2277 579 2758 648 φιλαμαρτήμονος
2816 580 3282 650 μεταϐληθήσεται
3349 581 3441 631 καὶ
3484 579 3693 651 γνώμης

2135 673 2229 725 καὶ
2265 671 2547 739 γλώσσης,
2587 672 2681 723 καὶ
2724 670 2886 741 χάριν
2919 689 3000 724 σοι
3043 672 3248 725 εἵσεται
3293 670 3369 733 ὼς
3409 671 3563 741 αἰτίῳ
3602 672 3693 741 τῆς

2134 760 2487 824 ἀλλοιώσεως.

2548 1039 2648 1093 IB'.
2670 1069 2741 1079 —
2769 1040 3088 1111 ΑΜΜΩΝΙῼ
3148 1039 3282 1113 (ιε).

2204 1155 2265 1207 EI
2294 1153 2389 1206 καὶ
2417 1153 2678 1225 κρύπτεις
2703 1153 2762 1207 τὸ
2788 1155 3030 1225 ἥττημα,
3073 1155 3211 1209 ἀλλά
3242 1155 3404 1226 φαίνῃ
3448 1155 3695 1226 φυσώμε-

2132 1265 2220 1309 νος
2253 1248 2395 1319 πέρα
2442 1246 2537 1299 καὶ
2576 1246 2669 1299 τοῦ
2703 1246 2927 1314 γένους,
2959 1248 3056 1300 καὶ
3085 1247 3186 1317 τῆς
3236 1247 3439 1317 ἰσχύος,
3474 1248 3567 1300 καὶ
3602 1247 3694 1317 τῆς

2133 1338 2284 1403 ἀξίας
2310 1355 2403 1391 σου
2430 1338 2852 1407 φρυαττόμενος.
2881 1340 2952 1390 Ἢ
2982 1339 3162 1391 τοίνυν
3189 1338 3501 1411 σύμμετρον
3524 1338 3695 1408 σαυτῷ

2134 1430 2330 1499 κτῆσαι
2361 1428 2635 1500 φρόνημα,
2664 1428 2696 1498 ἢ
2731 1428 2839 1481 ἴσθι
2875 1430 3027 1499 παρά
3058 1430 3275 1482 πάντων
3306 1430 3630 1499 γελώμενος.

2454 1646 2551 1718 Il".
2574 1676 2644 1687 -—
2677 1646 3037 1717 ΛΛΜΠΕΤΙῼ
3076 1647 3385 1716 ΜΟΝΑΧῼ.

2207 1760 2334 1811 Ὅτε
2366 1758 2445 1829 τῷ
2489 1759 2604 1830 ὄρει
2635 1760 2734 1829 τῆς
2774 1758 2983 1828 ὑψηλῆς
3023 1757 3297 1820 πολιτείας
3330 1756 3701 1827 προσέϐαινες.

2133 1853 2227 1904 καὶ
2254 1848 2589 1920 πλυνάμενος
2610 1850 2811 1920 ἐσθῆτα
2836 1850 2930 1903 καὶ
2952 1850 3223 1919 αἴσθησιν,
3254 1850 3390 1919 πρὸς
3415 1850 3515 1918 τὴν
3538 1849 3698 1918 ἀκοὴν

2132 1943 2241 1996 τῶν
2280 1943 2439 1996 θείων
2468 1943 2755 2011 δογμάτων
2798 1942 2896 2013 τὴν
2928 1942 3153 2011 καρδίαν
3195 1941 3545 2012 ηὑτρέπιζες,
3575 1942 3700 1994 πάν-

2132 2053 2239 2097 τως
2289 2034 2637 2087 ἐπιλαθέσθαι
2683 2035 2792 2087 τῶν
2842 2035 3198 2104 χαμαιζήλων
3233 2034 3575 2102 βεϐούλευσο,
3618 2034 3700 2087 ἵνα

2136 2128 2271 2196 πρὸς
2296 2126 2391 2197 τὴν
2420 2126 2716 2195 ἀκρόπολιν
2743 2125 2955 2194 φθάσας
2982 2126 3089 2177 τὼν
3115 2124 3344 2194 ἀρετῶν,
3374 2126 3470 2178 καὶ
3497 2142 3699 2195 χρημα-

2132 2216 2372 2279 τίζοντος
2394 2216 2632 2286 ἀκούσῃς
2654 2214 2809 2277 Θεοῦ,
2838 2215 2931 2267 καὶ
2954 2218 3075 2277 ταῖς
3108 2217 3398 2285 σαρκικαῖς
3427 2213 3589 2280 πλαξὶ
3616 2215 3699 2265 τὸν

2134 2309 2359 2362 παλαιὸν
2404 2308 2567 2378 νόμον
2598 2308 2707 2377 (I5)
2749 2307 3150 2377 ὲγγράφοντος,
3198 2304 3384 2369 πυξίον
3423 2308 3558 2375 γένῃ
3590 2305 3701 2358 θεό-

2132 2420 2376 2457 τευκτον.
2408 2404 2489 2455 Τά
2516 2403 2571 2455 δὲ
2600 2402 2695 2455 νῦν
2725 2403 2851 2471 περῖ¹
2880 2402 2974 2454 σοῦ
3007 2402 3159 2471 παρά
3189 2400 3411 2453 πάντων
3448 2400 3698 2469 ᾀδόμενα,

2135 2493 2488 2547 ὲπιλαόέσθαι
2528 2493 2626 2562 μέν
2653 2510 2711 2545 σε
2739 2492 2833 2545 τοῦ
2864 2493 3094 2563 ἀρότρου
3122 2491 3223 2561 τῆς
3249 2490 3544 2560 σωτηρίας,
3575 2507 3703 2561 προ-

2134 2586 2321 2656 θύμως
2346 2585 2800 2653 ἀπαγγέλλουσιν,
2822 2586 2903 2648 εἰς
2928 2584 3168 2637 τούπίσω
3190 2583 3245 2636 δὲ
3266 2584 3427 2636 πάλιν
3451 2583 3700 2653 ἀνεστρά-

2136 2677 2265 2743 φθαι
2302 2676 2669 2746 ναρκήσαντα.
2726 2675 2786 2726 Et
2823 2674 3005 2727 τοίνυν
3054 2691 3111 2726 σε
3164 2675 3238 2744 μὴ
3287 2674 3443 2742 φοϐεῖ
3487 2672 3546 2725 τὸ
3580 2673 3705 2725 ὑπό-

2135 2772 2353 2838 δειγμα,
2386 2767 2477 2820 καὶ
2506 2764 2893 2836 βαπτισθέντος
2923 2764 3185 2833 Σίμωνος,
3215 2766 3309 2817 καὶ
3337 2766 3450 2827 τοῖς
3476 2764 3704 2833 Χριστοῦ

2134 2857 2400 2919 διακόνοις
2432 2854 2913 2924 ἀκολουθήσαντος,
2946 2854 3039 2905 καὶ
3075 2852 3211 2923 πρὸς
3240 2853 3337 2922 τὴν
3370 2851 3504 2922 ὓλην
3552 2852 3705 2904 πάλιν

2137 2949 2622 3017 ἁναχωρήσαντος’
2652 2945 2717 2997 δι’
2758 2946 2823 3014 ἢν
2856 2945 2951 2997 καὶ
3002 2944 3059 3007 ἐξ
3111 2943 3279 3012 ὕψους
3333 2942 3639 3013 κατηνέχθη
3680 2945 3706 2995 ό

2136 3041 2365 3102 δείλαιος
2394 3039 2527 3109 πρὸς
2554 3038 2643 3089 τὸν
2672 3036 3103 3107 πολυθρύλλητον
3133 3036 3382 3098 θάνατον,
3415 3036 3504 3087 ἴνα
3531 3034 3703 3104 δειχθῂ

2138 3130 2213 3194 ὡς
2243 3130 2301 3196 ἐξ
2331 3129 2449 3191 ἑνὸς
2476 3127 2568 3181 τοῦ
2616 3128 2734 3180 κατ’
2763 3129 2967 3181 ἐκεῖνον
3000 3126 3310 3195 πτώματος,
3345 3127 3477 3179 οἴων
3511 3127 3704 3195 τυγχά-

2145 3239 2327 3274 νουσιν
2356 3218 2495 3283 ἀξιοι
2516 3260 2531 3283 ,
2574 3222 2622 3272 οἱ
2671 3219 2917 3289 οὐράνιον
2949 3219 3148 3288 δρόμον
3178 3218 3505 3288 ψευδόμενοι
3532 3235 3545 3247 ·
3592 3218 3707 3286 ἔχου

2146 3314 2243 3381 τῆς
2294 3312 2605 3381 προθέσεως
2635 3310 2895 3380 Σίμωνος.
2930 3310 2991 3362 Εἰ
3024 3310 3080 3363 δὲ
3121 3310 3227 3371 πᾶς
3272 3309 3419 3371 ὅστις
3458 3309 3575 3370 νοὸς
3622 3307 3710 3359 καὶ

2145 3402 2304 3469 λόγου
2346 3401 2657 3470 μετείληφε,
2680 3400 2785 3453 κᾶν
2812 3401 2922 3462 τοῖς
2953 3399 3168 3469 ἐχθροῖς
3197 3399 3296 3467 τὴν
3320 3398 3481 3468 δίκην
3506 3397 3711 3466 ἐκείνην

2145 3494 2469 3562 ἀπεύχεται’
2499 3491 2782 3560 πλήρωσον
2805 3490 2902 3553 τὰς
2931 3490 3065 3559 πρὸς
3085 3488 3176 3541 τὸν
3199 3489 3400 3559 Κύριον
3425 3486 3710 3557 συνθήκας,

2145 3584 2238 3637 καὶ
2278 3584 2367 3636 τὸν
2413 3582 2709 3652 ἀμπελῶνα
2761 3578 2924 3633 αὺτοῦ
2975 3580 3256 3650 ἐπιμελῶς
3305 3580 3605 3648 φιλοπόνει.
3656 3579 3710 3629 '0

2145 3675 2333 3745 μισθὸς
2372 3675 2497 3743 μετ’
2540 3672 2702 3725 αὐτοῦ
2750 3674 2918 3736 ἐστιν,
2970 3672 3028 3724 ὂν
3057 3672 3285 3735 ἕκαστος
3323 3671 3554 3741 λήψεται
3586 3669 3711 3741 πρὸς

2140 3765 2231 3817 τὸν
2264 3762 2395 3815 ἴδιον
2425 3762 2613 3815 κόπον.

472 3861 628 3900 neam
661 3848 944 3916 diligenter
976 3866 1040 3906 ac
1074 3852 1259 3906 scdulo
1303 3852 1440 3906 cole.
1486 3851 1618 3905 Nam
1663 3868 1871 3909 merces
1909 3868 2031 3907 cum
2070 3869 2135 3909 eo
2164 3864 2267 3917 cst,
2318 3869 2481 3923 quam
2528 3849 2895 3918 unusquisque
2938 3848 3231 3903 secundum
3273 3863 3431 3901 suum
3476 3849 3708 3903 laborem

473 3937 704 4007 accipiet
740 3939 805 3996 ¹⁴⁵.

772 4030 912 4087 XIV.
939 4062 1010 4072 —
1035 4033 1341 4089 PATItIMO
1381 4033 1737 4091 MONACHO.

1092 4127 1165 4179 De
1194 4127 1445 4190 praclico.

542 4215 616 4269 Ea
643 4217 881 4286 quidem,
914 4226 971 4271 ut
994 4218 1363 4283 audio,indole
1398 4229 1707 4287 naturaeque
1735 4217 1785 4288 5
1807 4218 2046 4273 bonitate

549 4374 589 4402 "
626 4372 751 4429 Luc.
786 4390 860 4436 Ix,
895 4373 983 4428 62.
1064 4374 1105 4404 ⁸³
1139 4373 1259 4428 Act.
1292 4389 1404 4437 Vtu,
1435 4389 1588 4443 seqq.

2365 4036 2460 4086 iA'.
2485 4065 2552 4073 —
2581 4033 2893 4102 ΠΑΤΡΙΜῼ
2934 4030 3332 4085 ΜΟΝΑΖΟΝΤΙ
3370 4031 3509 4100 (14).

2677 4124 2813 4191 Περὶ
2846 4124 3192 4193 πρακτικοῦ.

2227 4217 2408 4286 Ἔχεις
2442 4216 2542 4287 μὲν
2574 4216 2821 4285 εὐφυΐαν,
2856 4216 2932 4278 ὡς
2965 4214 3185 4285 ἔμαθον,
3223 4214 3520 4285 μανθάνειν
3558 4230 3719 4267 σπου-

1671 4373 1716 4404 ¹⁵
1743 4374 1847 4443 Ap.
1882 4389 2017 4437 χιιι,
2055 4372 2140 4426 I2.

1604 4529 1837 4583 VARI/E
1877 4528 2257 4585 LECTIONES
2296 4529 2384 4584 ET
2423 4528 2653 4583 NOTAL‘.

548 4662 659 4749 μὶ)
691 4661 903 4749 Titulus
932 4662 985 4749 ip
1007 4663 1127 4749 cod.
1167 4661 1388 4749 .Altnltic
1420 4671 1513 4749 est
1536 4662 1837 4749 :r'rAtLgtuv'.
1864 4677 2027 4731 στρα·

474 4730 663 4802 τιὼτη,
694 4734 794 4785 hoc
828 4742 910 4785 est
938 4732 1177 4802 Ammoni
1209 4730 1397 4802 militi.
1420 4730 1630 4785 Possm.

546 4801 655 4871 (l3)
692 4802 802 4855 Τὸν
827 4801 1084 4853 παλαιὸν
1112 4802 1314 4868 νόμον.
1358 4801 1519 4854 Multo
1564 4802 1919 4865 prmstahilior
1950 4810 2034 4854 est

476 4870 643 4929 lectio
666 4873 785 4925 cod.
818 4871 973 4931 Bav.,
997 4870 1085 4923 τὸν
1126 4873 1488 4938 πνευματικὸν
1522 4872 1703 4940 νόμον,
1739 4872 2033 4923 secundum

477 4959 637 5013 quam
666 4950 744 5013 et
774 4942 931 4993 lectio
957 4942 1281 5013 corrigenda
1301 4942 1627 5013 spiritualem
1659 4942 1838 5013 legem.
1866 4942 2035 5013 AAllu-

478 5009 556 5066 dit
611 5012 676 5065 ad
718 5011 891 5063 locum
947 5013 1191 5077 prophet.
1248 5011 1540 5063 Ezechielis
1587 5022 1639 5061 et
1682 5009 1925 5063 Jeremim
1954 5010 2038 5076 Ide

478 5098 615 5135 nova
672 5083 786 5150 lege
815 5080 1035 5147 spiritus
1062 5081 1222 5150 Vvitze,
1251 5092 1305 5131 ul
1340 5080 1533 5133 Paulus
1570 5091 1747 5145 vocat,
1782 5080 2037 5133 cordibus

479 5154 691 5222 piorum
722 5149 749 5201 ει
776 5150 884 5203 Deo
911 5149 1279 5222 inscribenda.
1312 5150 1475 5222 Birr.

548 5251 618 5261 —
648 5220 761 5273 Non
785 5219 1085 5289 Λαμπετίῳ
1106 5220 1411 5271 inscribitur
1436 5222 1546 5273 lucc
1562 5218 1785 5289 epistola
1811 5219 1861 5271 in
1881 5218 2035 5272 codd.

481 5292 605 5345 Vat.
642 5291 746 5344 649
780 5301 834 5343 et
865 5288 993 5355 Alt.,
1035 5290 1127 5341 sed
1164 5289 1337 5357 Πετίῳ
1379 5288 1641 5359 μοναχῴη
1668 5288 1818 5342 Vers.
1853 5289 1906 5349 7,
1939 5304 2034 5356 pro

482 5363 770 5429 σαρκικαῖς
802 5360 907 5414 Alt.
936 5360 1050 5413 cod.
1077 5359 1235 5411 habet
1265 5358 1575 5428 σαρκίναις.
1603 5358 1769 5412 Versu
1792 5359 2037 5429 sequenti

485 5428 792 5483 θεότευκτον
821 5432 872 5483 tn
907 5438 1159 5483 contextu
1204 5430 1405 5481 codicis
1435 5430 1539 5481 Alt.
1575 5438 1808 5479 mutatur
1855 5428 1909 5480 iu
1939 5443 2033 5495 γε·

426 5531 431 5536 -
489 5500 770 5569 ρότευκτον
789 5502 930 5569 [sed
960 5500 1116 5552 lectio
1142 5499 1395 5552 editionis
1422 5513 1451 5551 e
1489 5498 1703 5569 regione
1732 5498 1945 5569 ponitur
1982 5497 2035 5550 in

486 5566 751 5635 iuargiue.
805 5568 960 5622 Vers.
992 5571 1094 5633 I3,
1127 5569 1238 5622 haec
1276 5570 1392 5636 tria)
1418 5567 1673 5622 vocabula
1710 5567 1816 5635 καὶι
1847 5566 2039 5634 βαπτι-

494 5636 715 5700 σθέντος
750 5639 1075 5708 Σίμωνος,ἰη
1101 5639 1219 5708 cod.
1240 5640 1345 5691 Alt.
1381 5639 1458 5691 sic
1480 5639 1835 5708 ordinantur;
1865 5637 2037 5706 Σίμω-

492 5724 574 5769 νος
599 5709 692 5759 καλ⁸
716 5706 1114 5775 βαπτισθέντος.
1145 5706 1295 5762 Vers.
1324 5708 1409 5770 t7,
1431 5721 1547 5775 post
1566 5706 1748 5776 δειχθῇ
1776 5708 2037 5772 particula
2072 5737 2076 5742 -

486 5776 561 5839 ὡς
588 5778 733 5832 deest
758 5779 808 5832 iu
838 5778 953 5833 Vat.
979 5788 1030 5835 et
1052 5779 1154 5833 Alt.
1182 5781 1607 5851 codd.,fquorum
1641 5787 1867 5846 uterque
1892 5790 2034 5833 vers.

2133 4662 2377 4729 sequenti
2406 4676 2508 4713 non
2538 4660 2831 4730 πτώματος
2865 4660 2959 4713 sed
2993 4659 3333 4730 πταίσματος
3366 4660 3517 4723 legit.
3545 4659 3701 4712 Vers.

2133 4732 2225 4794 21,
2252 4730 2554 4800 ἀπεύχεται
2584 4732 2634 4783 ἰιι
2669 4730 2836 4800 editis
2906 4731 2957 4782 iu
3000 4745 3128 4800 mss.
3187 4739 3267 4783 est
3301 4730 3623 4793 ἀπεύξεται·
3668 4738 3721 4781 et

2138 4818 2279 4853 vers.
2336 4798 2448 4862 9.5V,
2495 4816 2589 4868 pro
2649 4799 2957 4869 φιλοπόνει,
3011 4798 3393 4867 φιλοπόνησον.
3432 4800 3555 4853 Mox
3612 4800 3711 4869 Alt:

2140 4881 2259 4936 post
2285 4873 2311 4923 ό
2359 4866 2505 4922 addit
2538 4866 2689 4940 γὰρ’,
2713 4880 2769 4940 et
2787 4885 2939 4940 vers.
2974 4871 3218 4938 sequenti
3266 4866 3366 4939 pro
3400 4873 3522 4939 μετ’
3554 4866 3713 4923 αὐτοῦ

2143 4941 2301 4993 habet
2336 4940 2473 5008 μετά
2498 4938 2755 5007 Χριστοῦ.
2784 4938 2994 4993 Possm.

2212 5010 2324 5077 (Μ)
2354 5010 2407 5061 1η
2438 5011 2594 5062 codd.
2625 5010 2790 5062 Sfort.
2821 5010 2885 5062 Et
2912 5009 3019 5061 Alt.
3062 5009 3174 5071 haec
3203 5009 3427 5077 epistola
3461 5007 3716 5063 inscribi-

2140 5087 2227 5132 tur
2249 5078 2462 5150 Πρίμῳ.
2504 5079 2566 5132 Et
2599 5078 3029 5150 l'uisse_homiues
3060 5079 3352 5150 iu_Grzecia
3380 5078 3514 5150 ejus
3534 5093 3717 5150 uomi-

2141 5151 2224 5203 nis
2259 5147 2501 5217 tempere
2531 5150 2721 5202 Isidori
2762 5148 3067 5209 Pelusiotm,
3101 5147 3350 5218 discipuli
3398 5148 3458 5203 S.
3485 5147 3717 5218 Joannis

2141 5218 2554 5289 Chrysostomi,
2589 5228 2805 5272 constat
2854 5234 2921 5289 ex
2950 5219 3198 5289 epistolis
3235 5217 3263 5270 a
3294 5232 3378 5271 me
3408 5219 3569 5271 editis
3596 5217 3717 5289 ejus

2139 5287 2488 5351 condiscipuli
2538 5289 2596 5341 S.
2633 5290 2840 5341 abbatis
2880 5287 3003 5346 Nili,
3061 5304 3288 5355 quarum
3326 5287 3717 5346 ducentesima,

2138 5359 2312 5422 qualis
2338 5360 2523 5411 visitur
2550 5373 2668 5425 pag.
2687 5357 2793 5409 202
2814 5357 2947 5409 edit.
2980 5356 3162 5425 Regia;
3190 5357 3362 5411 Paris.
3394 5358 3531 5409 anui
3567 5356 3720 5417 I657,

2140 5428 2337 5497 Πρίμῳ
2392 5427 2732 5496 ὑποδιακόνῳ
2774 5427 3033 5497 inscripta
3066 5437 3263 5479 exstat.
3309 5425 3459 5479 Fieri
3502 5436 3714 5493 potest.

2140 5496 2233 5551 eos
2285 5496 2373 5566 qui
2441 5498 2732 5550 editionem
2788 5496 2974 5549 Isidori
3030 5498 3724 5566 adornarunt,_assuetos

2144 5564 2355 5619 lectioni
2392 5584 2520 5620 mss.
2554 5569 2710 5620 codd.
2744 5566 3077 5629 Graecorum,
3110 5567 3160 5618 iu
3191 5569 3386 5632 quibus
3424 5564 3547 5620 fere
3572 5580 3716 5616 sem-

2143 5652 2238 5704 per
2267 5653 2425 5690 easus
2467 5645 2559 5689 aut
2592 5637 2849 5689 vocabula
2881 5651 2944 5689 es
2988 5637 3204 5689 nomine
3224 5634 3409 5704 Πατὴρ
3450 5635 3719 5688 declinata

2144 5707 2523 5776 compendiose
2562 5706 2889 5776 scribuntur“
2916 5723 3014 5776 πρι
3062 5721 3158 5772 pro
3185 5706 3371 5776 πατρὶ,
3402 5721 3573 5776 προς,
3624 5718 3724 5776 παῖ

2144 5771 2303 5845 τρὸςή,
2354 5775 2597 5846 πρικῶς,
2651 5771 2976 5845 πατρικῶς(
3013 5771 3117 5831 etc.
3167 5771 3597 5841 δὶιιιῐιιιθῐιιίε,
3630 5771 3716 5825 ubi
