3896 6404
220 368 307 434 139

1159 376 1700 442 EPISTOLARUM
1739 383 1888 442 LIB.
1932 384 1981 443 Ι.
2021 410 2092 418 -
2133 385 2372 445 EPIST.
2415 387 2546 446 XVI

3385 386 3486 452 190

214 479 378 544 δαίως,
407 483 506 533 καὶ
547 481 730 550 λέγειν
761 482 1048 551 γενναίως.
1084 483 1151 537 Ἦ
1181 485 1240 538 δὲ
1274 487 1374 556 τῆς
1408 489 1788 559 πνευματικῆς

1910 493 2156 548 iraeditus
2181 510 2261 559 es,
2289 504 2346 548 ut
2373 496 2617 550 studiose
2637 495 2838 561 discas,
2868 499 3193 567 egregieque
3223 498 3484 570 loquaris.

217 573 471 636 πολιτείας
512 574 656 639 ὁδὸς,
689 573 891 646 πράξει
940 575 1140 645 μᾶλλον
1173 576 1206 647 ἢ
1249 579 1447 648 φράσει
1488 580 1788 634 εὐοδοῦταί.

215 665 272 717 Εἰ
297 664 472 716 τοίνυν
502 665 656 735 μέλει
687 682 772 718 σοι
797 665 907 719 τῶν
935 667 1229 737 ἀκηράτων
1260 669 1492 738 μισθῶν,
1523 669 1584 724 τὸ
1609 669 1792 738 λέγειν

217 755 379 817 καλῶς
403 756 558 826 παρὰ
585 756 792 826 φαῦλον
821 757 1127 829 τιθέμενος,
1156 758 1218 811 τὸ
1248 760 1508 830 πράττειν
1536 762 1792 834 χρηστῶς

220 845 528 916 μεταδίωκε.

757 961 860 1016 ιε’.
893 991 961 1000 -
989 963 1236 1034 uarro.

217 1071 343 1141 Περὶ
373 1073 925 1141 ὑψηλοφροσύνης,
958 1075 1057 1160 καὶ
1083 1073 1359 1142 οἰήσεως,
1388 1075 1486 1129 καὶ
1511 1091 1791 1131 ταπεινο-

833 1161 1167 1212 φροσυνης-

277 1255 375 1320 Τίς
421 1273 482 1309 σε
533 1258 597 1310 οὐ
648 1257 922 1328 γράψεται
977 1258 1240 1323 ἀτοπίας,
1291 1261 1374 1312 ὅτι
1424 1259 1522 1313 καὶ⁹
1567 1259 1796 1312 πλοῦτον

214 1349 638 1418 περιφρονήσας,
690 1351 784 1403 καὶ
832 1351 1008 1418 γένος,
1058 1353 1154 1405 καὶ
1201 1353 1301 1423 τὴν
1341 1351 1541 1423 σκιώδη
1584 1351 1794 1422 ταύτην

211 1438 404 1506 τιμὴν,
453 1439 553 1491 καὶ
600 1439 820 1502 πολλοῖς
872 1439 989 1504 ὁδὸς
1039 1440 1329 1511 γενόμενος
1387 1441 1796 1509 ταπεινώσεως,

212 1528 299 1582 νῦν
327 1529 504 1594 ἑάλως
531 1530 844 1602 ὑπέροπτος
864 1573 878 1597 ,
914 1531 1011 1584 τοῦ
1044 1533 1186 1586 θείου
1227 1532 1418 1603 ὥσπερ
1466 1534 1798 1605 ἐπιλαθόμε-

213 1639 295 1684 νος
337 1622 507 1690 νόμου
557 1623 673 1691 (15)
702 1662 719 1688 ,
765 1623 859 1676 τοῦ
905 1625 1294 1679 ταπεινοῦσθαι
1343 1626 1658 1690 κελεύοντος
1706 1627 1799 1680 τὸν

215 1711 472 1781 ὕψοῦσθαι
527 1713 892 1784 βουλόμενον;
944 1715 1007 1767 El
1049 1714 1231 1769 τοίνυν
1308 1716 1384 1787 μὴ
1450 1717 1596 1780 ἄπας
1664 1715 1798 1768 ὕπο-

217 1803 427 1873 6ρύχιος
489 1808 606 1868 τοῖς
653 1806 753 1874 τῆς
782 1805 1105 1870 ἀλαζονείας
1156 1807 1367 1877 κύμασι
1397 1808 1653 1876 γέγονας,
1698 1807 1795 1877 νῆ-

213 1894 304 1962 ᾀςν
337 1896 476 1966 πρὸς
509 1897 611 1966 τὴν
647 1897 965 1967 ὑπόσχεσιν.
1001 1898 1076 1950 Οὐ
1104 1898 1212 1968 γάρ
1242 1897 1402 1951 τοῦτό
1446 1915 1505 1951 σε
1540 1899 1792 1971 λέληθεν,

215 1985 289 2036 ὅτι
320 1985 620 2055 μετριότης
645 1989 769 2050 ταῖς
795 1988 1021 2057 ἀρεταῖς
1051 1989 1412 2055 συναύξουσα,
1447 1990 1583 2044 Θεοῦ
1618 2011 1675 2062 μι
1687 2011 1795 2064 μη-

215 2074 305 2134 τάς
331 2077 459 2138 τοὺς
516 2077 664 2130 οὕτω
699 2077 953 2148 βιοῦντας
999 2080 1326 2150 ἐργάζεταιο
1374 2081 1794 2154 ὐψηλοφροσύνη

213 2167 285 2230 δὲ,
328 2169 387 2220 οὗ
423 2168 589 2238 μόνον
618 2170 689 2222 τά
719 2171 966 2240 παρόντα
995 2167 1102 2225 οἶδε
1134 2173 1406 2237 καθελεῖν,
1442 2175 1579 2228 ἀλλὰ
1607 2178 1702 2228 καὶ
1735 2175 1795 2242 ἐξ

218 2260 384 2312 aiian
442 2261 698 2332 οὐρανῶν
747 2263 1008 2332 καθαιρεῖ
1049 2264 1143 2317 τὸν
1199 2264 1515 2336 ὑψαύχενα,
1567 2267 1706 2338 ὅπερ
1771 2270 1800 2322 ὁ

227 2350 528 2424 Ἑωσφόρος
563 2351 717 2425 πρωῒ
747 2354 1054 2409 ἀνατέλλων
1083 2354 1398 2426 ὑπέμεινεν,

670 2573 790 2640 1C7.
822 2604 892 2613 —
916 2575 1322 2648 ΕΥΑΓΓΕΛΙῼ.

233 2687 287 2742 Ti
312 2687 590 2762 maia-st
645 2687 737 2762 τὸ,
781 2688 1133 2746 Ἐλισσαῖον
1192 2691 1366 2747 ἅλατι
1405 2710 1807 2762 μεταπεποιη-

287 2758 447 2835 xerit:
479 2759 862 2835 dtezi'Oivrta
893 2761 1080 2816 πάλιν
1114 2762 1238 2834 (leg.
1288 2758 1499 2835 πάλαι)
1534 2765 1606 2818 τὰ
1641 2758 1804 2833 Ἰερὶ-

288 2830 529 2896 χούντια
547 2831 846 2898 ῥεύματα.

292 2961 480 3017 "Alam
520 2963 827 3027 Ἐλισσαῖος
863 2963 934 3018 τά
988 2964 1342 3038 Ἰεριχούντια
1385 2968 1634 3039 ῥεύματα
1681 2969 1804 3021 ἀτει-

231 3053 445 3107 κνοῦντα
479 3054 692 3120 ἰάσατο,
745 3055 1120 3125 εὐαγγελικῶς
1159 3059 1403 3128 κινηθεὶς
1433 3059 1573 3131 πρὸς
1599 3059 1696 3130 τὴν
1726 3062 1806 3114 ται

1896 583 1966 636 At
2007 584 2266 651 spiritalis
2298 587 2423 640 vitae
2459 587 2562 639 iter
2609 601 2705 655 per
2759 587 3031 641 actionem
3079 589 3280 658 potius,
3320 603 3483 657 quam

1898 685 1994 738 per
2015 687 2322 727 sermonem
2365 674 2596 730 feliciter
2630 675 2794 729 cedit.
2836 675 3014 742 Quare
3063 678 3106 731 si
3156 679 3483 734 immatalia

1898 764 2116 830 praemia
2154 764 2248 818 tibi
2293 778 2436 819 cura:
2481 776 2645 832 sunt,
2695 768 2958 836 praeclare
3001 769 3144 839 loqui
3178 771 3328 838 parvi
3354 784 3486 841 pen-

1896 854 2053 920 dens,
2088 855 2140 909 id
2174 856 2332 911 stude
2371 866 2428 911 ut
2456 857 2594 912 bene
2623 874 2773 929 agas.

2431 969 2550 1026 XV.
2592 1001 2662 1012 —
2689 970 2941 1026 PETRO.

2198 1081 2278 1137 De
2306 1084 2472 1137 animi
2507 1083 2733 1138 elatione
2768 1094 2815 1138 et
2850 1084 3173 1140 humilitate.

1970 1252 2170 1323 Ecquis
2205 1261 2258 1307 te
2291 1255 2642 1311 absurditatis
2679 1272 2783 1311 non
2819 1268 3057 1323 accuset,
3085 1260 3228 1328 quod
3252 1275 3397 1328 cum,
3427 1271 3484 1317 et

1898 1360 2050 1414 opes.
2084 1353 2138 1398 et
2173 1360 2362 1416 genus,
2398 1355 2452 1400 et
2477 1347 2858 1402 adumbratum
2889 1349 3034 1404 hunc
3065 1351 3326 1406 honorem
3353 1368 3488 1407 con-

1901 1439 2204 1507 tempseris,
2234 1437 2524 1508 multisque
2569 1440 2634 1493 ad
2669 1441 3038 1496 humilitatem
3082 1444 3186 1497 iter
3219 1461 3490 1514 praemon-

1899 1530 2180 1594 suaveris,
2221 1546 2363 1585 nunc
2397 1541 2578 1585 tamen
2609 1533 2861 1600 superbia
2897 1533 3144 1589 laborare
3175 1537 3485 1606 deprehen-

1901 1637 1996 1677 sus
2038 1622 2135 1688 sis,
2172 1622 2319 1677 velut
2363 1623 2558 1677 divinae
2601 1624 2704 1693 legi
2742 1612 3032 1690 insultans,
3074 1642 3194 1696 quae
3228 1644 3351 1682 eum
3389 1629 3481 1696 qui

1901 1713 2081 1769 extolli
2129 1713 2290 1780 veliti",
2325 1714 2554 1782 deprimi
2595 1714 2750 1784 jubet
2778 1715 2897 1769 u'?
2939 1716 3304 1783 Quamobrem
3368 1721 3473 1773 nisi

1901 1801 2226 1870 arrogantiae
2263 1800 2514 1856 ﬂuctibus
2541 1803 2762 1858 omnino
2795 1805 3082 1872 depressus
3126 1822 3208 1873 es,
3243 1808 3484 1862 animum

1896 1890 1961 1943 ad
2007 1906 2070 1944 ea
2104 1906 2224 1959 quae
2277 1892 2571 1960 promisisti
2615 1895 2813 1948 excita.
2862 1894 3047 1964 Neque
3089 1897 3230 1951 enim
3290 1899 3395 1953 hoc
3436 1909 3488 1954 te

1907 1980 2066 2049 fugit,
2097 1980 2415 2035 modestiam
2452 1984 2729 2054 animique
2759 1986 3197 2050 sulmiissionem,
3226 2003 3329 2041 una
3365 2003 3488 2042 cum

1905 2072 2203 2128 virtutibus
2251 2084 2608 2139 crescentem,
2645 2075 2737 2129 Dei
2785 2077 3088 2132 imitatores
3125 2093 3219 2132 eos
3261 2077 3478 2134 ellicere

1899 2163 1995 2232 qui
2049 2164 2130 2218 sic
2185 2163 2374 2219 vivunt
2424 2182 2438 2220 :
2488 2168 2858 2236 arrogantiam
2917 2181 3098 2223 autem
3158 2186 3263 2224 non
3329 2173 3489 2225 modo

1901 2254 2184 2322 praesentia
2216 2255 2436 2310 virtutis
2480 2256 2654 2311 ollicia
2697 2267 2964 2327 evertere,
3010 2260 3104 2315 sed
3134 2261 3299 2314 etiam
3331 2276 3481 2325 eum,

1900 2347 1991 2415 qui
2041 2346 2147 2401 alta
2194 2348 2404 2403 cervice
2445 2358 2548 2415 est,
2589 2363 2658 2404 ex
2704 2351 2835 2418 ipsis
2868 2351 3023 2406 caelis
3076 2354 3392 2409 exturbare.
3431 2351 3494 2408 Id

1902 2439 2046 2508 quod
2075 2438 2352 2506 Lucifero,
2385 2441 2478 2510 qui
2518 2456 2676 2496 mane
2718 2443 3021 2508 oriebatur,
3052 2444 3273 2500 accidit.

2350 2574 2489 2630 XVI.
2519 2605 2590 2616 —
2621 2575 3039 2633 EVANGELIO.

1906 2687 2048 2755 Quid
2082 2690 2346 2761 signiﬁcet
2389 2690 2744 2764 illud,_quad
2796 2690 3023 2747 Eliswus
3069 2709 3236 2764 aquas
3285 2689 3493 2748 steriles

2495 2760 2608 2814 sale
2647 2765 2892 2816 mutarit.

1975 2955 2201 3012 Elisaaus
2235 2955 2558 3012 lerichontis
2605 2972 2774 3027 aquas
2810 2959 3099 3014 sterilitate
3161 2959 3474 3019 laborantes

1908 3048 2022 3104 sale
2061 3049 2362 3118 curavit)“,
2391 3048 2705 3117 evangelica
2740 3051 2898 3104 modo
2933 3051 2998 3103 ad
3027 3050 3332 3117 huiusmodi
3375 3069 3492 3108 me-

236 3161 327 3209 σιν,
355 3143 445 3198 οἷα
474 3145 694 3215 βλέπων
722 3147 792 3198 τά
814 3145 1147 3217 ἔμπροσθεν.
1182 3147 1366 3202 Τόπον
1389 3148 1498 3219 γάρ
1526 3148 1710 3219 ἔφερε,
1736 3147 1802 3201 τὰ

1910 3140 2144 3193 dicinam
2187 3139 2471 3208 impulsus,
2507 3149 2691 3209 utpote
2729 3156 2814 3205 ea,
2858 3155 2978 3209 quae
3015 3155 3045 3193 a
3089 3142 3269 3195 fronte
3313 3153 3492 3209 erant,

237 3236 322 3304 μὲν
363 3235 533 3290 ὕδατα
584 3237 770 3305 πάσης
814 3238 914 3308 τῆς
942 3237 1363 3311 ἀνθρωπότητος
1404 3241 1541 3311 πρὸς
1583 3241 1802 3310 ἀγονίαν

1910 3230 2263 3300 perspiciens.
2311 3228 2527 3284 Etenim
2571 3245 2725 3299 aqum
2776 3231 2942 3285 totius
2983 3231 3233 3286 humanae
3281 3244 3492 3287 naturae

233 3328 428 3395 ἀρετῶν
475 3328 573 3381 καὶ
616 3328 898 3399 ἀκαρπίαν
941 3329 1226 3394 εὐσεσείας
1263 3332 1633 3402 στερεωθὲντα
1674 3331 1807 3402 (16),

235 3418 288 3469 Οἱ
326 3416 451 3481 iis;
482 3418 541 3470 δὲ
567 3417 670 3487 τῆς
700 3418 876 3471 πάντα
921 3418 1241 3488 νοτιζούσης
1275 3418 1562 3489 ποιότητος
1599 3421 1693 3473 καὶ
1719 3420 1824 3489 δυ-¹

234 3508 433 3578 νάμεως
480 3511 578 3573 sic?
609 3510 708 3580 τὴν
751 3509 846 3563 τοῦ
893 3512 1100 3582 Κυρίου
1134 3510 1373 3582 διδαχὴν,
1421 3511 1602 3574 καθὼς
1646 3511 1810 3576 αὐτὸς

233 3602 356 3671 πρὸς
381 3602 512 3665 τοὺς
542 3601 738 3654 ἑαυτοῦ
772 3603 1105 3666 ἀποστόλους
1149 3603 1335 3672 φησίν.
1392 3621 1410 3655 t
1456 3603 1646 3673 Ὑμεῖς
1683 3605 1806 3656 ἐστε

227 3697 285 3748 τὸ
309 3696 440 3758 ᾶλας
467 3695 574 3764 τῆς
605 3696 731 3765 γῆς·
755 3715 775 3748 ι
807 3696 1108 3760 Ἐλισσαῖος
1136 3697 1193 3749 δὲ
1223 3696 1388 3749 αὐτοῦ
1411 3696 1502 3749 τοῦ
1534 3699 1812 3769 Δημιουρ-

228 3786 320 3856 γοῦ
359 3787 458 3840 καὶ
489 3787 788 3839 Δεσπότου.
824 3787 889 3839 Ol
918 3787 1026 3857 γὰρ
1052 3787 1151 3859 τὴν
1179 3786 1366 3840 εἰκόνα
1410 3787 1660 3858 καθαρὰν
1707 3805 1812 3855 φυ-

218 3879 510 3941 ὶέττοντες
561 3876 638 3947 τῷ
667 3879 983 3948 ποιήσαντι,
1015 3880 1110 3931 καὶ
1142 3879 1681 3951 συνθαυματουργεῖν
1709 3880 1806 3932 αὺ-

221 3967 318 4038 πῇ,
343 3968 512 4038 χάριν
541 3966 674 4038 παρ’
711 3965 880 4020 αὑτοῦ
915 3967 1266 4038 ἐκομίσαντο.

318 4235 401 4265 ’δ’
438 4232 574 4288 Luc.
605 4246 717 4296 xw,
758 4232 840 4286 11.

1915 3321 2143 3390 figuram
2184 3323 2470 3392 gerebant,
2502 3322 2568 3376 ad
2601 3323 2859 3374 virtutum
2901 3320 3240 3375 sterilitatem
3284 3329 3338 3372 et
3376 3321 3496 3386 pie-

1915 3415 2045 3471 tatis
2099 3413 2546 3468 infecunditatem
2607 3413 2823 3468 steriles
2863 3412 3104 3478 ell'ectae;
3157 3411 3236 3466 sal
3287 3420 3494 3479 autem,

1911 3505 2192 3575 qualitatis
2228 3519 2294 3558 ac
2329 3503 2626 3571 facultatis,
2653 3506 2720 3561 ad
2748 3502 2963 3558 Domini
2988 3502 3288 3556 doctrina-tn
3311 3503 3495 3556 omnia

1913 3594 2324 3661 humectantis,
2385 3586 2842 3666 quemadmodum
2915 3609 3030 3663 Ipse
3085 3595 3150 3646 ad
3205 3593 3497 3662 discipulos

1913 3697 2042 3738 suos
2058 3684 2328 3749 dicebam
2369 3683 2475 3738 Vos
2507 3687 2640 3739 estis
2661 3687 2742 3740 sal
2764 3696 2921 3740 terrae
2946 3684 3045 3749 ¹⁶;»
3076 3682 3301 3736 Elisaeus
3341 3682 3493 3736 deni-

1913 3791 2039 3846 que,
2072 3775 2246 3845 ipsius
2270 3774 2548 3832 Creatoris
2576 3793 2638 3831 ac
2669 3777 2902 3832 Domini.
2929 3773 3063 3828 Nam
3104 3773 3195 3842 qui
3227 3789 3417 3842 puram
3439 3782 3496 3828 et

1915 3867 2243 3924 incolumem
2272 3867 2566 3939 imaginem
2593 3869 2664 3932 ei,
2696 3885 2726 3923 a
2749 3884 2855 3937 quo
2886 3868 2941 3920 in
2977 3867 3150 3920 lucem
3180 3865 3310 3920 editi
3343 3871 3492 3928 sunt,

1912 3970 2259 4027 conservant,
2294 3962 2434 4016 hanc
2470 3962 2634 4015 etiam
2668 3962 2734 4014 ab
2772 3974 2838 4012 eo
2876 3961 3112 4029 gratiam
3145 3975 3494 4030 consequun-

1916 4064 2024 4120 tur,
2056 4063 2117 4111 ut
2143 4071 2251 4109 una
2285 4071 2407 4109 cum
2443 4070 2508 4109 eo
2541 4053 2799 4108 miracula
2827 4053 3010 4108 edant.

936 4231 980 4262 "
1020 4230 1085 4286 IV
1111 4230 1246 4302 Reg.
1303 4245 1364 4296 ιι,
1393 4230 1486 4284 2L
1567 4231 1611 4263 ¹⁶
1643 4229 1835 4286 Matth.
1863 4246 1917 4298 ν,
1948 4233 2037 4289 l3.

1359 4383 1594 4441 VARle
1633 4385 2020 4444 LECTIONES
2058 4388 2147 4444 ET
2188 4386 2426 4444 ΝΟΤᾸΕ.

215 4543 429 4616 Πρίμῳ
461 4541 738 4616 legerunt,
781 4539 1048 4616 Πατρίμῳ
1091 4538 1496 4616 intelligendum
1523 4548 1580 4616 et
1605 4543 1806 4616 expri-

223 4610 494 4669 mendum
524 4613 823 4664 censuisse.
863 4610 957 4664 Est
981 4622 1034 4664 et
1067 4610 1172 4663 alia
1200 4610 1489 4666 diversi-tas
1513 4612 1582 4665 ab
1611 4612 1796 4673 editis.

217 4699 343 4754 qua:
372 4697 503 4754 cum
535 4681 741 4754 vers._2
772 4697 892 4748 pag.
920 4680 976 4742 5,
1001 4680 1182 4754 legant
1203 4679 1508 4754 εροδοῦται,
1537 4681 1614 4736 ibi
1642 4683 1806 4736 codd.

224 4749 350 4808 Vat.
391 4751 524 4811 649,
557 4759 610 4804 et
633 4751 742 4802 Alt.
779 4753 976 4803 habent
1012 4749 1201 4803 εὐοδεῖ.
1236 4752 1449 4808 Possm.

291 4824 420 4892 (15)
453 4821 686 4892 εΩσπε-,ρ
712 4820 1151 4892 ,ἐπιλαθόμενος
1201 4824 1409 4892 νόμου.
1462 4822 1648 4877 Billius
1683 4837 1807 4876 cum

217 4891 419 4955 vertit,
449 4891 586 4963 velut
702 4891 1132 4963 lggiginsultans,
1172 4891 1566 4963 ἐπιλαϐόμενος
1614 4894 1810 4963 legisse

217 4968 465 5019 videtur.
515 4959 901 5012 Ἐπιλαὸέσθαι
931 4961 1074 5014 enim
1103 4971 1185 5014 est
1213 4959 1608 5029 reprehendere,
1634 4959 1809 5016 insul-

223 5047 363 5098 tare,
398 5042 456 5084 ut
489 5031 650 5100 μόνος
678 5030 973 5102 ἐπελάϐετο
1001 5030 1102 5102 τοῦ
1137 5030 1508 5102 ψηφίσματος.
1551 5035 1808 5100 Alioquin

221 5105 510 5164 vertisset,
545 5101 676 5153 velut
703 5101 761 5152 d.
793 5102 921 5168 legis
958 5101 1170 5154 oblitus.
1204 5101 1378 5168 ρυοά
1437 5114 1616 5156 autem
1649 5103 1809 5156 facile

226 5177 376 5229 inter
393 5187 452 5226 se
482 5180 883 5225 cominutentur
903 5186 932 5222 a
958 5173 1383 5239 descriptoribus
1401 5173 1658 5227 librorum
1683 5174 1809 5223 ὲπι-

227 5243 496 5298 meabat
548 5251 618 5313 _et
687 5239 1070 5306 ἐπιλαθέσθαι,
1121 5243 1284 5295 etiam
1333 5259 1466 5312 sup.
1549 5243 1805 5313 apparuit

231 5317 396 5385 epist.
413 5313 515 5385 _i_'5.
547 5308 715 5385 Βιττ.

302 5413 380 5425 —-
413 5381 569 5434 Vers.
605 5381 657 5434 6.
697 5382 802 5433 Pro
850 5380 995 5434 edito
1044 5380 1192 5444 ἄπας
1242 5381 1616 5451 ὑποϐρύχιος,
1681 5382 1805 5437 cod.

239 5455 365 5508 Vat.
417 5452 522 5524 649
546 5491 561 5513 ,
596 5451 932 5524 simpliciter,
956 5523 961 5524 γ
986 5451 1220 5524 πάμπαν
1260 5451 1600 5524 ῥποὸρύχιος
1625 5492 1640 5518 ,
1671 5464 1805 5519 etc.,

241 5524 400 5578 Vers.
424 5523 458 5576 9
486 5537 602 5590 pro,
633 5523 756 5591 ταῖς
780 5523 1001 5591 ἀρεταῖς
1030 5561 1045 5587 ,
1085 5523 1227 5591 idem
1260 5521 1810 5591 Vat.,'consentiente

247 5595 379 5656 Alt.,
419 5589 762 5662 εετίδίιιτῆς
799 5589 1021 5662 ἀρετῆς.
1058 5590 1213 5662 Vers.
1251 5593 1538 5662 undecimo
1583 5610 1679 5660 pro
1699 5589 1807 5645 οἶδε

251 5663 520 5725 καθελεῖν,
560 5661 698 5715 ἀλλά
722 5704 737 5725 ,
769 5661 872 5715 etc.
891 5701 906 5725 ,
933 5661 1092 5716 codd.
1119 5662 1229 5715 Alt.
1254 5672 1309 5716 et
1341 5661 1462 5717 Vat.
1504 5663 1610 5720 949
1647 5665 1806 5718 exiti-

254 5734 379 5788 bent
409 5753 422 5787 :
455 5729 561 5786 οἶδε
584 5731 868 5803 καθαίρειν
889 5731 1310 5802 κατορθώματα.
1348 5732 1558 5788 Possm.

331 5804 436 5874 (16)
457 5806 604 5872 Quod
631 5804 898 5873 Interpres
921 5804 1200 5873 legendum
1219 5820 1285 5860 ex
1311 5804 1627 5876 conjectura
1661 5814 1806 5860 recte

1913 4543 2178 4613 divinavit
2216 4539 2580 4613 στειρωθέντα
2625 4556 2726 4611 pro
2755 4541 3056 4613 quodcum
3088 4540 3380 4613 asterisco'
3397 4542 3498 4597 de-

1912 4611 2089 4667 fectus
2111 4613 2286 4668 indice
2309 4611 2390 4667 est
2419 4614 2622 4683 editum
2648 4611 3039 4683 στερεωθέντα,
3070 4613 3272 4666 diserte
3299 4611 3498 4682 legitur

1912 4683 1968 4737 in
2004 4683 2212 4738 duobus
2251 4685 2406 4737 codd.
2449 4681 2566 4736 Vat.
2595 4683 2700 4736 649
2728 4681 2781 4737 et
2803 4683 2912 4736 Alt.
2961 4682 3110 4736 Vers.
3141 4681 3394 4750 sequenti
3441 4683 3494 4736 in

1911 4753 2075 4823 _editis
2103 4763 2184 4809 est
2215 4752 2348 4823 ἃλας
2378 4752 2435 4803 δὲ
2457 4753 2558 4822 τῆς
2607 4752 2785 4805 πάντα
2831 4752 3151 4823 νοτιζούσης
3191 4755 3495 4822 ποιότητος.

1910 4821 2203 4890 Interpres,
2235 4822 2328 4876 Sal
2355 4821 2529 4874 autent
2552 4825 2824 4886 qualitatis
2857 4839 2919 4876 ac
2942 4821 3285 4890 facultatis...
3314 4821 3500 4878 omnia

1913 4893 2277 4946 humectantis.
2308 4893 2458 4946 hanc
2489 4908 2615 4946 vero
2652 4895 2731 4945 sal
2763 4894 3049 4956 lmmeetat,
3078 4895 3161 4946 cui
3195 4894 3366 4945 virtus
3401 4908 3498 4944 ex-

1911 4964 2146 5016 siccandi
2172 5001 2187 5026 ,
2229 4972 2283 5015 et
2306 4965 2384 5016 sic
2427 4977 2454 5013 a
2489 4964 2836 5030 corruptione
2883 4963 3248 5031 praeservantli
3279 5005 3293 5026 ,
3339 4961 3499 5028 vulgo

1915 5033 2209 5086 tribuitur?
2243 5032 2347 5086 Sed
2380 5032 2678 5101 culpandus
2728 5035 3176 5086 accuratissimus
3217 5034 3496 5097 interpres

1914 5117 2019 5155 non
2071 5112 2188 5167 est,
2223 5105 2312 5170 qui
2343 5106 2483 5169 quod
2518 5103 2568 5154 in
2598 5104 2895 5173 archetypo
2928 5104 3151 5163 invenit,
3189 5101 3494 5173 quomodo:

1912 5187 2123 5240 cunque
2143 5173 2446 5242 exprimere
2465 5174 2666 5226 debuit.
2687 5170 3127 5236 Νοτίξεινευιειη
3153 5170 3498 5242 liun'iectan‘di

1912 5245 2186 5297 notionem
2214 5239 2395 5296 'habet
2457 5243 2679 5296 minime
2723 5242 3172 5310 tlubiam.:.Codd.
3225 5239 3342 5293 Vat.
3395 5239 3501 5294 669

1911 5323 1966 5366 et
2031 5313 2136 5367 Alt.
2200 5311 2464 5376 νοστίςειν
2518 5324 2848 5383 suggerunt;
2903 5316 3126 5366 verbum
3173 5311 3363 5383 nihili,
3406 5310 3500 5362 sed

1912 5385 2053 5450 quod
2105 5384 2247 5438 forte
2299 5381 2710 5436 fundamentum
2761 5385 2891 5436 dare
2945 5383 3115 5449 possit
3149 5381 3500 5448 .conjecturae

1913 5453 2122 5508 felicius
2168 5454 2491 5506 divinaturae
2538 5454 2865 5520 scripturam
2920 5467 3125 5504 veram.
3175 5450 3305 5515 Quae
3362 5465 3486 5502 mox

1911 5533 2210 5594 sequuntur
2233 5565 2246 5587 ,
2279 5525 2372 5576 καὶ
2399 5523 2682 5594 δυνάμεως
2714 5524 2793 5584 είς
2819 5522 3054 5594 τὴν.τοῦ
3099 5520 3489 5594 Κυρίουδιδαη

1911 5591 2049 5667 χὴν,
2070 5609 2175 5667 non
2203 5603 2517 5667 comparent
2540 5591 2617 5646 'in
2651 5591 3208 5667 duobus‘illis__cod_d.,
3237 5592 3327 5667 ubi
3386 5605 3484 5667 ιιι-ο

1911 5659 1996 5717 liis
2039 5665 2269 5720 habelur
2295 5659 2431 5730 ,καὶ
2461 5661 2804 5733 δυναμούσης
2837 5660 2933 5713 τοῦ
2988 5660 3194 5730 Κυρίου
3232 5659 3496 5730 διδαχῆς.

1914 5735 1988 5788 ΙὈ
2001 5750 2126 5789 ssm.
