3896 6404
305 353 410 421 193

1301 348 1838 416 EPISTOLABUM
1881 351 2026 415 LIB.
2072 350 2121 414 Ι.
2164 380 2233 389 -
2273 357 2511 416 EPIST.
2554 357 2716 416 XIX.

3499 357 3598 422 19$

298 465 442 536 πρὸς
472 463 567 518 τὸν
589 463 741 530 Νῶε,
787 462 895 527 ἓως
924 462 1018 517 τοῦ
1050 462 1382 536 ξηρανθῆναι
1413 467 1512 536 τὴν
1537 469 1662 538 γῆν,
1694 468 1789 521 καὶ
1816 470 1890 532 εἰς

2006 465 2139 533 Noe,
2195 469 2366 522 donec
2431 467 2771 521 siccarentur
2810 466 3053 534 aquae“.
3088 484 3106 517 ι
3152 464 3383 521 Prorsus
3450 469 3596 520 enim

296 560 366 612 τὸ
383 555 693 621 παντελὲς
709 556 810 609 οὐκ
822 555 1144 626 ἀνέστρεψε.
1163 559 1296 621 Καὶ,
1318 561 1461 622 Ἕως
1489 561 1554 613 ἂν
1585 559 1905 630 καταγηρά-

297 666 452 719 σητε,
483 650 598 717 ἐγώ
633 651 776 718 είμι,
818 649 983 718 φησὶν
1013 651 1040 701 ὁ
1073 648 1226 712 Θεός.
1264 651 1374 704 Καὶ
1417 651 1556 714 ἐστι,
1587 649 1900 718 διηνεκῶς.

293 742 409 793 Καὶ
432 740 575 794 ἄλλα
597 739 832 793 τοιαῦτα
858 739 1030 794 πολλὰ
1051 779 1066 805 ,
1099 741 1379 812 σποράδην
1421 744 1478 794 ὲν
1505 744 1572 812 τῇ
1603 743 1723 812 θείᾳ
1755 742 1904 813 εὑρί-

293 847 491 885 σκεται
541 833 762 903 Γραφῇ.
808 831 868 885 '0
909 831 966 885 δὲ
1021 832 1164 896 θεῖος
1202 832 1328 896 νοῦς
1377 833 1479 904 τὴν
1525 833 1820 904 ὑμετέραν,
1856 825 1905 886 ὧ

305 923 561 977 Ἰουδαῖοι
581 967 596 988 ,
632 924 926 977 κακόνοιαν
953 924 1337 996 διορθούμενος
1359 965 1375 991 ,
1411 927 1478 980 ὲκ
1518 926 1776 996 πορνείας
1807 925 1904 979 καὶ

289 1018 648 1087 νομισάντων
693 1018 790 1071 καὶ
825 1017 1128 1088 εἰρηκότων
1158 1018 1518 1089 γεγεννῆσθαι
1547 1019 1638 1072 τὸν
1673 1019 1900 1088 Κύριον,

291 1111 585 1177 ἀνέπαφον
620 1108 796 1175 δεῖξαι
840 1108 930 1162 τὸν
973 1109 1350 1180 προσκυνητὸν
1392 1110 1691 1163 ἐσπούδασε
1720 1110 1898 1174 τόκον,

289 1199 481 1270 πάσης
515 1199 641 1268 δίχα
673 1198 970 1268 ἐπιθυμίας
994 1238 1008 1261 ,
1043 1199 1138 1251 καὶ
1173 1199 1463 1262 συνουσίας
1500 1199 1898 1269 γεγενημένον,

289 1291 584 1360 θεοπρεπῆ
623 1291 682 1343 δὲ
712 1291 842 1343 ὄντα
871 1290 968 1344 καὶ
993 1290 1256 1360 ἄληπτον.
1297 1290 1370 1344 Τὸ
1399 1293 1510 1362 γάρ
1543 1293 1682 1362 μετά
1725 1292 1900 1346 ταῦτα

293 1383 374 1453 μὴ
409 1383 693 1452 συμϐῆναι
722 1384 978 1454 ἀλλήλοις
1025 1383 1154 1447 τοὺς
1187 1385 1286 1453 τὴν
1331 1386 1593 1456 πορνείαν
1625 1402 1900 1454 συκοφαν-

289 1475 611 1545 τηθέντας,
671 1478 769 1529 καὶ
823 1479 856 1546 ἠ
907 1476 1000 1530 τοῦ
1058 1477 1294 1546 ἀγγέλου
1338 1477 1462 1548 ὄψις
1504 1479 1778 1543 ἐκώλυεν,
1832 1480 1898 1532 ὲκ

288 1567 625 1636 Πνεύματος
693 1569 850 1635 ἁγίου
898 1570 1185 1640 είρηκότος
1246 1571 1514 1640 ὑπάρχειν
1572 1571 1664 1625 τὸν
1717 1573 1778 1626 ὲν
1827 1569 1895 1644 τῇ

289 1658 563 1728 Παρθένῳ
610 1661 988 1730 σαρκούμενον
1009 1675 1023 1691 ·
1071 1663 1167 1714 καὶ
1196 1663 1229 1731 ὴ
1267 1662 1626 1734 μεγαλειότης
1659 1663 1769 1716 τῶν
1800 1663 1896 1716 τοῦ

287 1751 455 1804 τόκου
486 1750 791 1820 θαυμάτων
823 1752 925 1804 οὐκ
964 1752 1285 1822 ἐπέτρεπεν,
1322 1754 1355 1824 ή
1400 1754 1515 1822 μετ’
1561 1753 1722 1806 αὑτὸν
1750 1769 1895 1825 παρ-

2014 573 2120 613 non
2153 573 2369 613 reversa
2406 568 2509 613 est.
2538 558 2624 624 Et,
2666 577 2684 608 ι
2719 557 2899 612 Donec
2930 558 3242 622 senueritis,
3275 573 3376 626 ego
3398 573 3542 622 sum,
3575 579 3592 610 ι

2013 651 2092 704 ait
2120 650 2473 704 Dominus“.
2539 649 2704 718 Atqui
2767 659 2850 702 est
2903 662 3190 719 perpetuo.
3252 652 3428 719 Atque
3489 652 3596 703 alia

2009 743 2274 812 permulta
2322 742 2566 811 ejusdem
2618 742 2835 810 generis
2863 743 3096 810 sparsim
3135 741 3186 795 in
3219 742 3402 796 divina
3448 743 3599 795 Scri-

2007 842 2166 902 ptnra
2218 834 2585 903 reperiuntur.
2638 833 2828 887 Divina
2884 847 3047 902 porro
3094 849 3269 899 mens,
3319 850 3352 887 ο
3399 833 3592 898 Judazi,

2006 939 2319 994 perversam
2367 933 2601 979 vestram
2637 925 2964 978 sententiam
3011 924 3292 992 corrigens
3328 925 3442 993 (qui
3490 924 3594 976 Do—

2010 1017 2222 1070 minum
2251 1031 2318 1070 ex
2363 1025 2556 1085 stupro
2585 1025 2762 1070 ortutn
2795 1030 2917 1070 esse
2945 1016 3322 1080 existimastis,
3364 1032 3428 1069 ac
3463 1031 3592 1083 pro-

2005 1108 2346 1176 nuntiastis),
2378 1109 2462 1164 his
2508 1108 2692 1162 verbis
2747 1108 2874 1162 illud
2921 1109 3301 1178 demonstrare
3343 1109 3587 1171 studuit,

2009 1203 2154 1270 quod
2212 1200 2448 1254 intactus
2497 1199 2808 1254 adorandus
2849 1210 3080 1270 partus,
3127 1215 3193 1254 ac
3243 1200 3486 1255 libidinis
3531 1211 3588 1257 et

2003 1293 2326 1348 concubitus
2370 1307 2567 1362 expers
2619 1293 2808 1357 fuerit,
2860 1293 3242 1362 divinitalique
3298 1302 3595 1347 consenta-

2004 1403 2162 1451 neus,
2196 1397 2360 1455 atque
2389 1386 2676 1454 ejusmodi,
2721 1385 2813 1453 qui
2846 1386 3097 1438 humanae
3126 1385 3352 1438 rationis
3376 1394 3593 1453 captum

2002 1479 2253 1533 excedat.
2286 1475 2421 1529 Nam
2469 1490 2535 1528 ne
2565 1485 2750 1544 postea
2795 1475 2827 1528 ii
2873 1474 3017 1527 inter
3044 1490 3102 1529 se
3127 1475 3360 1537 coirent,
3393 1474 3594 1542 quibus

2002 1569 2294 1624 fornicatio
2326 1582 2422 1636 per
2457 1567 2785 1620 calumniam
2822 1565 3037 1634 objecta
3087 1574 3191 1628 est,
3243 1564 3420 1632 angeli
3455 1579 3592 1632 quo-

2001 1675 2108 1731 que
2133 1660 2272 1714 visio
2297 1659 2645 1728 prohibebat,
2673 1661 2763 1728 qui
2788 1675 2934 1724 eum,
2967 1660 3056 1729 qui
3088 1659 3141 1713 in
3172 1657 3409 1727 Virginis
3435 1669 3589 1711 utero

2005 1764 2230 1804 carnem
2259 1750 2596 1816 assnmebat,
2623 1765 2686 1803 ex
2711 1748 2914 1818 Spiritu
2935 1760 3124 1805 sancto
3138 1751 3413 1805 exstitisse
3437 1750 3590 1804 dixe-

292 1841 446 1894 θενία
466 1881 479 1904 ,
515 1843 550 1913 ἡ
575 1842 687 1894 τῶν
716 1843 967 1910 ἀγγέλων
994 1843 1314 1913 ὑμνολογία,
1359 1847 1392 1914 ή
1423 1845 1534 1898 τῶν
1560 1846 1768 1914 Μάγων
1795 1847 1890 1899 δω-

2008 1838 2160 1892 rat"
2193 1849 2282 1904 ;et
2321 1839 2702 1892 miraculorum
2738 1841 2790 1892 in
2837 1851 2991 1908 partu
3021 1841 3290 1893 editorum
3328 1840 3589 1907 tnajcstas

296 1935 551 2006 ροςιορία,
583 1935 618 2005 ὴ
655 1933 752 1986 τοῦ
784 1935 1018 2004 ἀστέρος
1045 1934 1406 2004 φωταγωγία,
1439 1937 1473 2006 ἡ
1507 1939 1586 1999 εἰς
1619 1937 1899 2005 Αἴγυπτον

292 2026 526 2096 ὁδηγία,
577 2029 612 2094 ἡ
650 2026 762 2078 τῶν
794 2025 1031 2079 εἰδώλων
1075 2028 1446 2097 αίχμαλωσία,
1491 2029 1584 2082 καὶ
1630 2031 1664 2101 ἡ
1717 2031 1896 2084 αὐτῶν

293 2117 523 2171 ἐκείνων
577 2118 896 2188 δικαιοσύνη
936 2116 1042 2171 ὑπὸ
1073 2118 1176 2189 τῆς
1205 2119 1357 2182 θείας
1401 2121 1625 2191 Γραφῆς
1673 2140 1890 2192 μαρτυ-

301 2209 559 2279 ρουμένη.
591 2209 756 2281 Δηλοῖ
781 2209 838 2263 δὲ
879 2210 975 2264 καὶ
1019 2211 1052 2281 ή
1093 2210 1382 2264 τελευταία
1412 2211 1507 2264 τοῦ
1539 2214 1743 2283 Κυρίου
1775 2213 1893 2268 διά-

297 2299 467 2365 θεσις,
510 2299 738 2371 Ἰωάννῃ
785 2300 866 2371 τῷ
923 2301 1182 2372 παρθένῳ
1223 2302 1326 2372 τὴν
1377 2303 1638 2356 Θεοτόκον
1693 2306 1894 2376 συστήο

301 2406 518 2454 σαντος,
561 2389 662 2444 καὶ
709 2391 810 2454 τὰς
844 2392 1126 2460 ἑκατέρων
1174 2391 1477 2462 παρθενίας
1531 2393 1890 2464 συνάψαντος,

298 2481 458 2551 ἡνίκα
483 2481 582 2534 ἐπὶ
627 2480 723 2534 τοῦ
762 2482 1001 2554 σταυροῦ
1031 2480 1107 2535 ὣν
1151 2480 1417 2546 ζωοποιὸν
1445 2484 1686 2555 ὑπέμενε
1729 2485 1896 2540 θάνα-

300 2586 408 2627 τον.
451 2574 517 2625 Ei
556 2572 735 2626 ταῦτα
765 2574 827 2626 ού
863 2573 1042 2626 πείθει
1079 2573 1171 2628 τὸν
1200 2578 1512 2646 γογγυστὴν
1545 2577 1642 2630 καὶ
1675 2578 1897 2646 φιλοπό-

303 2677 460 2732 νηρον
490 2661 658 2726 λαὸν,
687 2655 751 2715 οὗ
792 2664 875 2725 εἰς
910 2661 1072 2731 φύσιν
1115 2663 1301 2717 λοιπὸν
1329 2665 1391 2718 τὸ
1425 2665 1717 2736 θεομαχεῖν
1759 2686 1894 2722 κατ-

301 2751 450 2823 έστη,
495 2755 640 2807 κατὰ
679 2757 899 2828 πετρῶν
932 2759 1199 2830 σπείρεις,
1233 2761 1329 2814 καὶ
1355 2760 1478 2815 καθ’
1515 2761 1725 2817 ύδᾶτων
1757 2764 1894 2834 γρά-

301 2857 437 2913 ψεις,
463 2849 561 2900 καὶ
593 2849 847 2904 πέπαυσο
881 2853 1280 2920 ματαιοπονῶν.

2007 1940 2170 1998 atque
2201 1931 2500 2000 amplitudo
2533 1932 2772 1997 vetabat,
2803 1940 2858 1985 et
2890 1931 3200 2000 virginitas,
3233 1947 3351 2000 quas
3375 1940 3586 2000 partum

1999 2033 2184 2078 secuta
2209 2033 2316 2088 est,
2350 2033 2406 2076 et
2439 2023 2755 2092 angelorum
2778 2034 2971 2078 cantus
2999 2033 3050 2076 et
3081 2023 3321 2077 oblatum
3355 2038 3384 2076 a
3416 2022 3588 2089 Magis

1998 2132 2216 2180 munus,
2255 2125 2311 2170 et
2350 2116 2505 2170 stella
2539 2116 2839 2184 prtelucens
2860 2116 2929 2178 “,
2975 2127 3027 2168 et
3055 2115 3307 2169 deductio
3337 2115 3387 2168 in
3421 2114 3590 2184 Egy-

1998 2216 2170 2276 ptum,
2234 2215 2290 2262 et
2359 2207 2774 2262 simulacrorum
2844 2207 3173 2274 captivitas,
3242 2217 3298 2260 et
3369 2207 3584 2260 illorum

1999 2297 2240 2367 ipsorum
2271 2297 2482 2365 justitia
2529 2299 2825 2368 Scriptura:
2861 2309 3062 2352 sanctze
3107 2297 3421 2351 testimonio
3457 2314 3586 2351 ron-

2001 2384 2236 2438 ﬁrmata.
2278 2385 2419 2452 Quin
2450 2386 2596 2442 istud
2636 2402 2855 2456 quoque
2884 2399 3215 2456 postremum
3260 2387 3474 2441 Domini
3507 2396 3587 2441 te-

1994 2484 2323 2531 Stamentum
2357 2476 2563 2546 liquido
2597 2480 2954 2542 demonstrat,
2987 2478 3076 2555 qui
3107 2494 3214 2547 quo
3244 2487 3488 2547 tempore
3528 2479 3581 2532 in

1992 2582 2158 2623 cruce
2213 2577 2353 2632 erat,
2392 2584 2457 2624 ac
2503 2569 2716 2623 viviﬁca
2771 2579 2945 2624 morte
2984 2570 3333 2640 fuiigebatur,
3383 2569 3582 2624 Joanni

1992 2657 2186 2728 virgini
2224 2660 2540 2728 genitricem
2580 2660 2671 2716 Dei
2709 2663 3205 2728 commendavit",
3252 2671 3415 2731 atque
3451 2678 3572 2714 am-

1990 2750 2182 2805 borum
2233 2751 2580 2821 virginitates
2620 2752 2913 2821 copulavit.
2951 2753 3008 2808 Si
3057 2754 3171 2808 haec
3217 2762 3584 2806 murmurato-

1992 2859 2128 2907 rem,
2179 2852 2343 2912 atque
2402 2845 2769 2914 improbitatis
2826 2849 3097 2901 amantem
3144 2845 3403 2915 populum
3463 2860 3574 2899 non

303 2949 540 3026 movent,
575 2943 662 2996 cui
692 2942 815 3010 tiam
849 2942 1019 2999 Deum
1061 2946 1203 3001 bello
1238 2946 1511 3006 lacessere
1548 2949 1604 3005 in
1635 2959 1886 3006 naturam
1928 2951 2207 3008 redactum
2235 2959 2346 3020 est,
2379 2951 2435 3006 in
2475 2962 2660 3020 petras
2713 2953 2974 3019 geminas,
2998 2961 3052 3006 et
3079 2953 3132 3007 in
3161 2955 3318 3026 aquis
3345 2953 3568 3008 scribis.

303 3025 576 3084 incassum
614 3030 802 3100 itaque
829 3031 1083 3089 laborare
1110 3035 1320 3090 desine.

579 3147 684 3202 18'.
707 3179 778 3190 —
803 3150 1210 3224 ΗΡΑΚΛΕΙΔῌ
1243 3149 1616 3225 ΕΠῙΣΚΟΠῼ.

305 3259 400 3315 Διὰ
419 3262 478 3315 τί
497 3263 572 3316 οὐ
597 3263 1127 3335 συγκατεδικάσθη
1153 3265 1277 3335 τοῖς
1311 3267 1445 3335 περὶ
1471 3265 1578 3320 τὸν
1613 3267 1888 3323 Ἀνανίαν

689 3337 722 3386 ό
755 3334 986 3402 Δανιὴλ
1018 3337 1090 3388 ἐν
1115 3333 1193 3404 τῇ
1223 3333 1490 3408 amyli-qi.

364 3467 466 3525 Διὰ
485 3468 562 3534 τί,
598 3469 737 3540 ἔφης
775 3469 911 3542 (20),
955 3471 1096 3541 μετὰ
1129 3472 1240 3526 τῶν
1270 3474 1441 3545 τριῶν
1486 3475 1650 3530 ὁσίων
1679 3476 1888 3532 παίδων

298 3563 394 3635 τὴν
436 3562 720 3634 πυρκαϊὰν
757 3564 818 3616 ού
850 3564 1218 3638 κατεδικάσθη
1249 3567 1277 3618 ὁ
1305 3567 1481 3638 μέγας
1507 3567 1706 3641 Δανιὴλ
1736 3570 1890 3642 παρὰ

297 3653 390 3708 τοῦ
457 3649 841 3720 Βαὸυλωνίου,
897 3655 1169 3728 σύμφρων
1216 3658 1403 3721 αὐτοῖς
1450 3662 1736 3732 τυγχάνων
1793 3664 1890 3718 καὶ

299 3745 674 3817 συμφυλέτης,
717 3747 812 3800 καὶ
840 3748 1170 3817 ὁμοδίαιτος,
1219 3749 1316 3805 καὶ
1361 3752 1563 3823 μᾶλλον
1601 3754 1702 3825 τῆς
1731 3757 1889 3811 εὐσε-

295 3838 452 3901 Gaia;
481 3837 839 3905 διδάσκαλος;
882 3840 1125 3911 Ἐπειδὴ.
1171 3843 1336 3914 φημὶ,
1368 3845 1511 3899 κατὰ
1538 3845 1690 3902 θείαν
1729 3849 1888 3904 τοῦτο

297 3928 632 4000 ᾠκονομήθη
671 3928 1043 4001 προμήθειαν,
1077 3932 1165 3984 ἵνα
1196 3931 1272 4004 μὴ
1300 3933 1378 4004 τῷ
1407 3934 1631 4007 ὀνόματι
1659 3938 1755 3993 τοῦ
1782 3940 1889 3993 Βα-

294 4020 568 4073 ϐυλωνίου
595 4020 752 4086 Θεοῦ,
787 4022 889 4092 τὴν
933 4022 1282 4080 κατάκαυσιν
1325 4028 1426 4098 τῆς
1455 4028 1653 4098 φλογὸς
1681 4032 1731 4084 οἱ
1759 4031 1889 4085 ἀσε-

294 4111 415 4176 6εἶς
464 4111 853 4183 ὲπιγράφωσι·
905 4112 1196 4188 Βαλτάσαρ
1238 4115 1348 4190 γὰρ
1381 4118 1566 4187 αὐτὸν,
1601 4121 1684 4184 είς
1721 4122 1887 4194 τιμὴν

290 4203 398 4271 τῆς
452 4202 566 4256 τῶν
616 4204 950 4275 ἀπορρήτων
1007 4207 1340 4276 σαφηνείας,
1401 4208 1705 4280 ὠνόμαζον.
1775 4212 1887 4267 Καὶ

290 4295 476 4363 δόγμα
520 4294 733 4348 τοιοῦτο
763 4297 896 4366 παρ’
930 4297 1164 4362 ἐκείνοις
1205 4303 1436 4372 κρατεῖ,
1469 4302 1544 4365 ὡς
1579 4303 1676 4357 καὶ
1726 4304 1886 4375 μόνον

290 4385 720 4456 ὀνομαζόμενον,
754 4386 1191 4459 θαυματουργεῐν
1235 4390 1328 4443 τὸν
1375 4391 1508 4446 Θεὸν
1537 4394 1734 4449 αὐτῶν.
1772 4397 1886 4451 Ἵνα

1917 3164 1964 3226 C

2228 3153 2280 3224 7
2308 3151 2450 3208 XIX.
2481 3184 2553 3195 —
2577 3152 2944 3209 llERACLlDl
2992 3149 3344 3208 EPISCOPO.

2060 3266 2171 3320 Cur
2203 3284 2308 3322 non
2351 3285 2471 3324 cum
2510 3270 2896 3392 tribuhpueqis
2938 3270 3314 3324 condemnatus
3349 3268 3509 3338 fuerit

2714 3357 2829 3392 ante
2854 3380 2871 3392 .

2714 3357 2871 3395 amet.

2061 3469 2270 3537 Quaeris
2314 3486 2415 3527 cur
2447 3487 2673 3542 magnus
2710 3472 2897 3528 Daniel
2946 3490 3054 3528 una
3103 3490 3223 3528 cum
3267 3474 3439 3529 tribus
3472 3475 3577 3544 piis

1990 3561 2428 3617 adolescentibus
2486 3580 2515 3618 a
2573 3564 2868 3634 Babylonio
2945 3580 3071 3635 rege
3121 3567 3262 3636 ignis
3309 3567 3578 3637 supplicio

1988 3654 2215 3709 minime
2251 3654 2510 3711 multatus
2563 3656 2724 3710 fuerit
2745 3657 2814 3720 ",
2851 3672 2972 3710 cum
3007 3657 3247 3724 ejusdem
3289 3674 3410 3712 cum
3444 3660 3580 3729 ipsis

1989 3747 2273 3802 sententiae
2300 3757 2470 3814 esset,
2524 3747 2879 3819 ejusdemque
2925 3749 3122 3816 tribus,
3170 3751 3452 3821 victusque
3485 3768 3579 3808 so-

1989 3838 2128 3906 cius,
2181 3839 2329 3905 imo,
2387 3848 2447 3894 ut
2493 3841 2696 3896 rectius
2741 3841 2969 3911 loquar,
3018 3841 3236 3911 pietatis
3291 3843 3573 3912 magister.

1989 3931 2317 4001 Respondeo
2360 3948 2375 3985 :
2419 3931 2535 3988 Hoc
2602 3933 2787 3989 divino
2842 3935 3075 3990 consilio
3127 3945 3182 3990 et
3232 3937 3575 4006 providentia

1988 4023 2237 4094 contigit,
2272 4039 2341 4078 ne
2390 4024 2540 4095 impii
2592 4025 2843 4082 homines
2887 4026 3121 4082 ﬂamma:
3163 4029 3574 4097 oppressionem

1987 4116 2074 4171 dei
2137 4116 2451 4188 Babylonici
2507 4118 2710 4172 nomini
2781 4118 3119 4174 ascriberent
3163 4138 3178 4175 :
3226 4120 3572 4177 Baltazaruni

1987 4207 2135 4263 enim
2177 4222 2327 4273 eum,
2363 4208 2418 4262 in
2464 4207 2728 4262 honorem
2760 4209 3143 4266 declarationis
3191 4227 3373 4265 rerum
3415 4227 3573 4267 arca-

1989 4316 2208 4366 narum,
2258 4301 2622 4371 appellabant.
2671 4303 2849 4371 Atque
2892 4304 3158 4375 ejusmodi
3203 4304 3388 4374 Opinio
3428 4306 3569 4374 apud

1988 4395 2114 4450 illos
2165 4395 2406 4464 vigebat,
2454 4410 2648 4464 nempe
2691 4397 2928 4465 ipsorum
2973 4397 3157 4464 deum,
3209 4399 3255 4454 si
3310 4398 3395 4454 vel
3431 4399 3572 4454 dun-

289 4478 503 4551 zaz'mqv
546 4480 724 4536 τοίνυν
757 4483 1083 4554 καταργήσῃ
1129 4483 1228 4553 τὴν
1273 4483 1449 4550 δόξαν,
1499 4485 1558 4542 ἐν
1592 4489 1657 4557 τῇ
1703 4488 1882 4560 κρίσει

1999 4496 2142 4543 taxat
2171 4488 2289 4558 ejus
2319 4503 2516 4542 nomen
2543 4491 3014 4558 pronuntiaretur,
3055 4506 3143 4546 res
3174 4491 3344 4546 miras
3371 4506 3567 4561 perpe-

289 4568 470 4641 ταύτῃ
505 4569 598 4624 τὸν
624 4571 826 4642 Δανιὴλ
857 4571 1090 4644 ἐχώρισε
1113 4613 1129 4640 ,
1170 4575 1266 4628 καὶ
1303 4575 1504 4648 εὑρέθη
1534 4578 1717 4650 γυμνὴ
1759 4580 1881 4634 καθ’

289 4662 495 4734 ἑαυτὴν
530 4664 564 4733 ἡ
597 4662 705 4719 τῶν
731 4665 866 4718 νέων
899 4666 1198 4738 ἐγκράτεια
1222 4708 1239 4737 ,
1268 4668 1364 4721 καὶ
1392 4669 1485 4723 τοῦ
1517 4671 1652 4726 Θεοῦ
1682 4674 1716 4744 ἡ
1751 4673 1878 4746 βοή-

293 4756 437 4825 θεια,
469 4757 573 4830 τὴν
600 4758 915 4831 βροντῶσαν
946 4759 1238 4831 μαράνασα
1269 4761 1521 4833 κάμινον.

1993 4590 2162 4636 trare.
2194 4579 2336 4637 Dens
2369 4581 2534 4651 igitur
2575 4589 2635 4634 ut
2673 4580 2813 4636 banc
2845 4582 3155 4653 opinionem
3188 4584 3571 4652 comprimeret

1988 4680 2044 4727 et
2089 4672 2353 4738 aboleret,
2395 4673 2450 4727 in
2501 4673 2606 4727 hoc
2643 4671 2851 4740 judicio
2892 4674 3171 4730 Danielem
3216 4677 3285 4730 ab
3328 4675 3448 4730 aliis
3484 4691 3571 4730 sc-

1981 4761 2211 4831 junxit:
2247 4765 2576 4834 inventaque
2617 4771 2702 4819 est
2752 4764 2868 4819 sola
2909 4764 3166 4834 juvenum
3211 4766 3567 4831 continentia,

1988 4853 2193 4926 Deique
2235 4856 2523 4924 auxilium,
2565 4870 2673 4926 quo
2708 4856 2963 4915 intonans
2993 4857 3084 4914 illa
3129 4858 3322 4914 fornax
3369 4873 3567 4914 conso-

1984 4947 2095 5017 pita
2117 4957 2171 5002 et
2197 4949 2471 5004 exstincta
2498 4957 2602 5005 est.

359 5153 403 5187 ²¹
437 5151 578 5211 Gen.
601 5153 834 5221 “11,12.
910 5155 1073 5212 “lsa.
1106 5160 1324 5224 xui,9.
1401 5160 1447 5193 ’³
1469 5160 1658 5219 Matth.
1697 5182 1734 5229 ι.
1766 5167 1857 5223 20.

1999 5168 2487 5244 Matth.u,lseqq.
2560 5176 2780 5236 "Joan.
2811 5194 2926 5246 xix,
2956 5178 3048 5235 27.
3125 5181 3171 5213 “
3187 5179 3324 5236 Dan.
3347 5197 3432 5249 tn,
3461 5183 3553 5242 20.

1420 5320 1662 5380 VARI‘E
1702 5323 2090 5384 LECTIONES
2129 5330 2221 5386 ET
2257 5330 2494 5390 NOTIE.

348 5496 668 5582 βίη-γεγε.
695 5499 878 5582 ipost
916 5501 1055 5582 Ean;
1079 5503 1248 5582 codex
1275 5503 1569 5582 Altaemsis
1590 5509 1740 5582 addit
1768 5511 1866 5582 μή.

294 5563 512 5646 verm
552 5579 677 5646 post
705 5563 1239 5646 Βᾶδυλωνίόύᾲοοόᾱ.
1263 5576 1373 5631 Alt.
1405 5586 1458 5631 et
1511 5563 1862 5646 Barberin'us',

2013 5519 2100 5596 ost
2137 5512 2313 5596 δόγμα
2343 5516 2666 5596 d_uo_codd._
2703 5519 2829 5596 ᾼΙιη
2859 5531 2914 5577 et
2964 5523 3129 5596 Barb.
3173 5535 3450 5596 apponunt
3477 5527 3554 5585 δέ.

2024 5585 2253 5658 ers._ll,
2290 5587 2412 5642 cod.
2451 5585 2562 5643 Alt.
2607 5591 2787 5644 αὐτῶν
2816 5593 2868 5646 in
2913 5595 3099 5658 αὐτοῖς
3128 5585 3334 5654 mutat:
3379 5609 3560 5655 tamen

407 5639 839 5731 nt‘i’nc;pr_ilmu_m_
866 5644 1224 5731 novi'aliqnid
1253 5647 1544 5731 suggerit,
1573 5639 1869 5731 atljtmgunt
1975 5652 2119 5731 idem
2157 5639 3556 5731 in_jmh'rg;_§aéla6'inﬁmiin“iééiioFeritivégﬁi

299 5707 422 5787 καί..
448 5707 601 5787 γετεξ
634 5709 698 5787 -7,
747 5707 1216 5787 ρτοκατάιεαύσιν
1252 5707 1412 5787 longe
1435 5707 1614 5787 aptius
1634 5707 1710 5773 'ad
1738 5707 1862 5774 sen-

303 5779 511 5835 tentiam
545 5781 650 5838 loci
695 5779 817 5839 cod.
847 5784 956 5841 Alt.
989 5784 1146 5842 offert
1194 5779 1554 5842 κατάπαυσιν.
1592 5787 1745 5846 Vers.
1774 5791 1862 5858 ll),

1973 5724 2388 5849 ,νει-εξ
2415 5727 2521 5796 l3,
2569 5724 2842 5804 ἐχώρισε,
2887 5735 3011 5791 cod.
3055 5737 3166 5793 Alt.
3217 5724 3553 5812 διεχώρισεν.
