1948 3202
205 187 255 219 195
801 184 832 214 S.
854 182 1001 213 ISIDORI
1020 182 1240 214 PELUSIOT/E
1795 187 1846 219 196

352 242 452 271 XX.—
467 241 607 270 IIIERACI
626 240 847 269 CLARISSIMO.

204 290 305 318 Contra
329 289 549 321 Macedonianos,
571 295 594 316 et
611 297 655 316 eos
675 289 720 323 qui
742 288 771 315 S.
795 287 924 323 Spiritum
947 287 999 314 im-

533 329 663 359 pugnant.

242 371 271 398 Si
289 371 436 398 hzereticus
450 370 506 403 ille,
524 372 569 405 qui
590 375 690 401 tecum,
712 374 741 396 ιιι
758 369 867 401 Scribis,
885 373 1000 396 conten-

208 417 309 444 tionem
325 417 430 447 habuit.
447 417 493 444 Dei
512 417 624 450 Filium,
639 421 668 442 ut
683 416 837 449 dogmatum
851 421 1001 447 auctorem,

209 462 337 489 idoneum
350 463 394 489 cui
410 462 478 489 ﬁdes
491 462 633 495 habeatur,
648 460 778 493 admittit,
796 460 852 494 ipse
870 459 1000 487 adorandi

209 508 321 534 Imitatis
335 507 453 542 Spiritus
465 507 610 534 essentiam
626 506 714 538 docet,
737 506 837 540 quippe
857 506 901 540 qui
919 513 1001 532 unum

209 554 307 581 divinae
328 553 470 580 Trinitatis
494 560 591 579 nomen
616 560 677 579 esse
699 551 897 586 pronuntiarit,
923 551 1003 578 unius

208 598 336 625 videlicet
361 598 490 625 essentia:
518 597 737 631 conjunctiouem
766 601 849 631 atque
871 596 1001 623 unionem

209 643 379 678 signiﬁcans.
397 643 474 676 Quod
488 643 509 669 si
528 643 591 676 ipsi,
607 643 715 677 cognati
732 642 849 676 Spiritus
863 642 1004 669 certitudi-

210 697 272 716 nem
288 689 463 724 signiﬁcanti,
480 693 562 723 atque
579 695 623 721 ea,
638 696 698 722 quae
720 688 867 715 humanam
885 692 1003 714 mentem

210 739 351 769 superam,
366 733 486 765 docenti,
506 733 618 760 minime
633 733 715 760 ﬁdem
730 733 851 765 adltibet,
874 740 1005 767 superva-

209 788 292 807 Canea
311 786 353 807 est
366 785 522 807 nostrorum
539 786 695 806 sermonum
712 778 1005 812 conlirniatioQQuan-

211 826 355 861 doquidem
382 830 511 853 terrestre
534 824 736 852 tabernaculum
762 824 806 851 vix
833 831 875 856 ea,
891 831 950 858 qua:
967 824 1001 851 ad

211 871 294 905 pedes
314 870 418 905 jacent,
436 870 561 897 invenire
583 873 682 903 potest.
703 868 831 895 leestia
849 873 940 894 autem
959 875 1004 894 ar-

1202 242 1245 267 K'.
1261 256 1297 261 —
1308 240 1426 268 ιΕΡΑκι
1446 242 1695 279 ΛΑΜΠΡΟΤΑΊᾨ.

1088 288 1171 315 Κατὰ
1182 288 1427 322 Μακεδονιανῶν,
1444 289 1510 323 ἦτοι
1526 289 1799 325 Πνευματομάχωγ.

1088 366 1120 392 El
1134 365 1241 401 δέχεται
1258 366 1273 392 ὸ
1290 366 1360 402 πρὸς
1375 367 1405 394 σὲ
1424 367 1572 403 διενεχθεὶς
1588 368 1735 403 αἱρετικδς,
1755 369 1849 401 καθὼς

1054 412 1196 448 γέγραφας
1209 432 1216 444 ,
1231 412 1276 439 τὸν
1296 412 1342 439 τοῦ
1365 412 1433 439 Θεοῦ
1457 413 1521 439 Υίὸν
1540 413 1722 449 δογματιστὴν
1739 415 1849 447 ἀξιόπι-

1053 467 1126 491 στον,
1146 458 1227 490 αὐτὸς
1250 459 1372 485 διδάσκει
1392 459 1443 494 τὴν
1467 458 1560 486 οὐσίαν
1583 459 1629 485 τοῦ
1655 460 1849 496 προσκυνητοῦ

1054 504 1105 539 τῆς
1122 505 1247 539 ἑνότητος
1264 505 1321 539 (21)
1337 504 1496 540 Πνεύματος
1508 524 1516 536 ,
1536 504 1565 531 ἓν
1587 505 1672 540 ὖνομα
1697 506 1748 540 τῆς
1771 505 1850 537 θείας

1054 550 1168 585 Τριάδος
1188 550 1399 585 ἀποφηνάμενος
1413 570 1419 581 ,
1437 551 1486 585 τῆς
1509 550 1574 584 μιᾶς
1595 550 1690 581 οὐσίας
1705 550 1851 585 σημαίνων

1054 594 1103 630 τὴν
1116 595 1223 621 ἕνωσιν.
1242 595 1272 620 EI
1287 595 1316 621 δὲ
1331 595 1405 630 αὐτῷ
1426 595 1463 630 μὴ
1482 594 1617 629 πιστεύει,
1632 595 1682 631 τὴν
1703 595 1851 631 ἀκρίϐειαν

1054 641 1101 667 τοῦ
1117 640 1266 675 συγγενοῦς
1284 641 1444 676 σημαίνοντι
1460 641 1620 676 Πνεύματος
1630 662 1638 674 ,
1663 641 1759 668 καὶτὰ
1777 641 1851 677 ὑπὲρ

1055 686 1118 713 νοῦν
1145 686 1316 722 ἀνθρώπινον
1342 686 1543 719 ἐκδιδάσκοντι,
1578 687 1692 723 περιττὴ
1718 687 1852 723 τυγχάνει

1054 733 1108 759 τῶν
1126 733 1268 768 ἡμετέρων
1284 732 1372 767 λόγων
1385 733 1402 768 ή
1417 732 1547 765 σύστασις
1558 741 1566 749 ·
1589 733 1686 770 ἐπειδὴ
1700 733 1731 760 τδ
1747 733 1851 768 γεῶδες

1057 778 1157 814 σκῆνος
1171 779 1249 813 μόλις
1265 778 1388 814 εὑρίσκει
1404 778 1438 805 τὰ
1459 780 1489 805 ὲν
1505 779 1576 806 ποσί.
1598 780 1639 806 Τὰ
1653 780 1682 807 δὲ
1696 781 1725 807 ἐν
1739 779 1852 815 οὐρανῷ

1055 825 1216 861 ἀπόκρυφα,
1227 826 1274 852 καὶ
1289 825 1338 861 τὴν
1349 826 1488 862 ἡμετέραν
1500 826 1626 861 αἴσθησιν
1637 826 1851 861 ὑπερϐαίνοντα,

1056 871 1137 902 αὐτὸς
1156 872 1203 897 καὶ
1218 871 1426 904 ἀποκαλύπτει,
1448 871 1496 898 καὶ
1511 871 1656 898 ἐπίσταται
1678 872 1693 898 ὸ
1713 871 1852 898 κατοικῶν

209 924 288 948 cana,
306 921 334 943 et
357 921 479 943 nostrum
495 923 604 943 sensum
618 914 787 947 excedentia,
807 914 866 949 ipse
891 919 919 941 et
932 919 1006 949 pate-

1065 917 1102 944 ῖὸν
1116 917 1241 952 οὐρανόν.

210 963 276 990 facit
295 967 323 990 et
350 962 492 998 explorate
511 962 595 995 novit,
618 961 664 996 qui
678 960 779 988 ccelum
799 968 849 994 pro
866 959 1005 988 domicilio

210 1010 294 1037 habet
304 1009 338 1036 "'.

322 1064 394 1091 XXI.
409 1079 444 1084 ——
459 1062 619 1091 AIIIIONIO
641 1061 892 1090 SCHOLASTICO.

212 1121 251 1149 De
264 1121 372 1149 lectione
384 1126 476 1148 contra
494 1120 620 1147 Gentiles.
633 1119 672 1147 De
682 1120 768 1155 gratia
780 1127 918 1146 sacrarum
932 1118 1007 1146 Scri-

387 1162 526 1191 ptururum
545 1161 568 1182 et
588 1163 678 1182 euruut
703 1155 827 1182 utilitate.

248 1245 377 1276 Deorum,
390 1252 462 1280 quos
472 1244 594 1272 Gentiles
608 1245 712 1278 colunt,
731 1244 903 1277 ell‘ectiones,
924 1248 962 1277 et,
977 1249 1007 1271 ut

213 1295 324 1323 vocant,
341 1289 512 1324 theogonias,
530 1290 582 1316 hoc
598 1294 639 1316 est
653 1289 765 1317 deorum
779 1294 866 1321 ortus,
883 1288 1007 1324 Orpheus

213 1340 241 1363 et
258 1334 403 1368 Homerus,
421 1338 449 1362 et
460 1334 607 1367 Hesiodus,
621 1335 722 1369 aliique
738 1343 833 1362 omttes
850 1335 883 1363 iis
903 1335 1006 1363 similes

215 1381 401 1414 tradiderunt,
416 1380 507 1407 multis
522 1384 551 1407 et
571 1380 659 1412 libris,
674 1385 702 1407 et
724 1381 866 1409 sententiis
885 1381 1007 1409 collectis

215 1432 296 1462 atque
320 1426 479 1461 compactis.
501 1425 625 1454 Nostram
652 1431 742 1454 autem
769 1427 929 1462 religionem
952 1428 1007 1454 duo

213 1473 333 1505 codices.
359 1480 428 1508 quos
453 1472 485 1499 ad
507 1477 533 1500 te
554 1473 692 1505 misimus,
718 1472 876 1501 docebunt:
891 1481 1007 1508 quorum

214 1518 283 1545 alter
307 1518 400 1550 Vetus,
424 1517 492 1545 alter
508 1517 611 1545 Novqu
635 1517 841 1545 Testamentum
866 1525 1007 1553 nuncupa-

1155 1062 1221 1089 ΚΝ.
1237 1077 1272 1082 -
1286 1060 1448 1097 ΑΜΜΩΝΙῼ
1466 1060 1521 1096 (22)
1540 1060 1770 1097 ΣΧΟΛΑΣΤΙΚῼ,

1057 1121 1128 1157 Περὶ
1165 1119 1364 1157 ἀγαπώσεως
1399 1117 1476 1157 κατὰ
1504 1117 1667 1157 Ἐμήνῳν.
1695 1117 1785 1157 Περὶ-
1796 1116 1855 1157 τῆς

1091 1152 1287 1193 ᾆίάριλι-ος-τῶνς
1302 1154 1513 1193 denuntiatur
1527 1152 1666 1187 Γραφῶν,
1683 1153 1733 1180 καὶ
1747 1152 1803 1187 τῆς
1817 1153 1855 1186 ἐξ

1092 1190 1193 1219 αὐτῶν
1208 1190 1366 1225 ὠφελείας.

1093 1249 1149 1281 Τὰς
1172 1247 1266 1285 [μὲν]
1287 1246 1423 1282 Ἐλλήνων
1439 1245 1589 1277 θεοποιίας,
1606 1244 1654 1272 καὶ
1680 1244 1714 1277 ἃς
1738 1244 1856 1271 καλοῦσι

1058 1295 1208 1330 θεογονίας,
1233 1292 1350 1329 Ὀρφεύς
1372 1300 1402 1318 τε
1424 1292 1472 1318 καὶ
1493 1291 1619 1327 Ὅμηρος
1640 1291 1688 1318 καὶ
1718 1290 1855 1323 Ἡσίοδος,

1057 1342 1105 1369 καὶ
1118 1342 1176 1368 ὅσοι
1193 1340 1254 1367 κατ’
1270 1339 1404 1371 ἐκείνους,
1417 1337 1550 1371 ἐδίδαξαν,
1565 1337 1666 1369 πολλὰς
1678 1337 1726 1364 καὶ
1743 1336 1857 1372 βίϐλους

1057 1389 1106 1414 καὶ
1122 1386 1201 1418 δόξας
1220 1385 1406 1420 συνείραντες.
1422 1383 1479 1419 Τὴν
1501 1382 1639 1418 ἡμετέραν
1657 1382 1686 1409 δὲ
1701 1381 1856 1417 θρησκείαν

1057 1434 1103 1460 δύο
1125 1432 1227 1459 πυκταὶ
1250 1431 1414 1463 διδάξουσιν,
1441 1429 1476 1462 ἃς
1498 1428 1674 1465 ἐπέμψαμεν,
1691 1425 1731 1456 ὧν
1755 1429 1773 1464 ή
1800 1428 1856 1463 μὲν

1058 1478 1247 1514 Πρεσῦυτέρα,
1262 1477 1280 1512 ἡ
1294 1476 1322 1503 δὲ
1337 1475 1393 1502 Νέα
1406 1475 1529 1510 Διαθὴκη
1549 1470 1795 1510 προσαγορεύεται
1818 1474 1854 1500 Et

1057 1526 1085 1552 δὲ
1101 1523 1280 1560 ἀληθεύουσιν
1294 1517 1375 1549 αὗται
1393 1521 1494 1556 μᾶλλον
1514 1520 1627 1547 ἐκείνων
1642 1519 1690 1547 καὶ
1711 1520 1767 1552 τοῖς
1789 1520 1855 1546 ὀνό-

214 1569 269 1591 tur.
283 1563 326 1590 An
348 1568 438 1590 autem
455 1562 483 1590 hi
506 1562 579 1596 libri,
593 1567 649 1590 tum
665 1562 833 1595 nominibus,
847 1567 902 1590 tum
913 1563 1005 1596 rebus,

1065 1579 1126 1606 aetat
1145 1569 1193 1596 καὶ
1207 1570 1263 1601 τοῖς
1279 1568 1452 1604 πράγμασιν,
1468 1565 1568 1603 [αὐτὸς
1581 1565 1591 1602 ]
1616 1566 1761 1602 εὑρήσειας
1771 1586 1780 1600 ,
1800 1565 1856 1592 πέ-

214 1611 248 1637 ad
272 1610 415 1637 veritatem
433 1608 634 1644 propensiores,
662 1616 743 1643 quam
770 1609 818 1641 illi,
843 1608 1003 1643 sintzipse,

214 1661 245 1684 ut
259 1656 324 1683 mihi
340 1656 501 1691 persuadeo,
516 1655 648 1690 reperies,
666 1659 748 1690 atque
764 1655 801 1688 id,
819 1655 892 1689 quod
908 1655 1006 1683 melius

214 1702 277 1734 erit,
293 1701 478 1736 amplecteris.

466 1745 547 1773 XXII.
562 1761 598 1767 —-
613 1745 751 1773 ZOSIMO.

251 1804 336 1831 Aiunt
355 1802 477 1830 nonnulli
504 1808 530 1830 te
552 1803 699 1831 sacerdotii
726 1802 877 1837 cupiditate
902 1807 1005 1835 teneri,

215 1850 245 1886 8
267 1850 318 1877 hoc
343 1852 385 1876 est
408 1848 458 1881 rei,
485 1855 567 1882 quam
593 1847 698 1880 multis,
720 1854 751 1875 ac
773 1847 923 1882 praesertim
946 1848 1006 1881 tibi,

216 1895 350 1929 attingere
371 1893 449 1921 nefas
467 1897 517 1921 est.
533 1893 623 1927 Quare
638 1898 685 1919 aut
699 1900 791 1920 mores
814 1897 875 1920 luos
890 1894 1006 1928 corrige,

216 1945 263 1969 aut
281 1948 296 1967 a
312 1939 487 1975 templorum,
502 1947 562 1974 qua:
579 1939 632 1972 ,tibi
648 1939 782 1974 attingere
801 1939 914 1967 minime
934 1939 1008 1972 licet,

216 1987 366 2023 cupiditate
382 1986 494 2014 absiste.

429 2043 526 2072 XXIII.
541 2059 576 2063 —
590 2041 795 2070 THEOPHILO.

218 2103 252 2131 In
265 2102 344 2135 illud,
357 2111 367 2128 ‹
384 2101 469 2129 Omne
479 2100 656 2127 masculinum
665 2100 820 2134 adaperiam
837 2099 967 2130 vulvam,»
985 2104 1009 2126 et

253 2143 344 2165 contra
360 2145 402 2164 eos
417 2137 461 2170 qui
477 2137 568 2162 dicunt
586 2136 669 2162 Deum
684 2143 792 2170 possunt
806 2142 873 2168 esse,
885 2138 911 2161 et
927 2142 1010 2161 unam

252 2180 307 2200 use
319 2174 346 2199 in
360 2172 465 2199 Christo
480 2176 616 2198 naturam.

256 2228 283 2255 Id
309 2228 380 2261 quod
406 2228 431 2253 in
453 2234 530 2253 sacra
550 2226 693 2261 Scriptura
715 2224 817 2252 dictum
833 2230 886 2258 est,
902 2223 1011 2252 «Omne

1057 1625 1184 1652 πεισμαι,
1197 1615 1245 1642 καὶ
1261 1614 1426 1650 κρατήσειας
1441 1613 1468 1640 τί
1479 1613 1601 1648 ἄμεινον.

1315 1747 1381 1774 ΚΒ’.
1396 1761 1432 1766 -
1444 1745 1581 1781 ΖΩΣΙΜῼ.

1092 1804 1172 1837 Τινές
1186 1804 1215 1831 σέ
1230 1812 1311 1839 φασιν
1324 1802 1475 1839 ἱερωσύνης
1486 1802 1564 1838 ἐρᾷν,
1578 1801 1742 1838 πράγματος
1770 1802 1855 1838 ἀνεφ-

1060 1851 1133 1878 ίκτου
1147 1850 1265 1881 πολλοῖς,
1280 1849 1321 1876 σοὶ
1333 1849 1361 1875 δὲ
1374 1849 1422 1875 καὶ
1437 1848 1569 1884 μάλιστα·
1587 1847 1604 1883 ἥ
1620 1847 1709 1874 τοίνυν
1723 1847 1767 1874 τὸν
1782 1856 1854 1874 σαυ-

1057 1897 1105 1924 τοῦ
1123 1897 1180 1933 βίον
1199 1896 1356 1932 διόρθωσαι,
1372 1895 1389 1931 ἢ
1403 1895 1454 1931 τῆς
1466 1894 1615 1930 ἐπιθυμίας
1630 1894 1686 1921 τῶν
1699 1893 1854 1929 ἀψαύστων

1059 1952 1101 1970 σοι
1112 1942 1270 1978 ἀνακτόρων
1286 1940 1433 1976 ἁπόστηθι.

1305 2028 1370 2056 KI'".
1385 2043 1421 2048 —
1437 2027 1594 2063 ΘΕΟΦΙΛῼ.

1062 2099 1116 2130 Εἰς
1138 2096 1188 2129 τὸ,
1212 2104 1221 2121 ι
1242 2095 1308 2123 Πᾶν
1332 2074 1428 2129 ἄρσεν
1442 2093 1604 2130 διανοῇ-οῖ-
1614 2092 1750 2130 μή-τρ-αν,
1768 2101 1778 2118 ι
1801 2093 1855 2130 καί

1096 2127 1422 2164 νὶατᾶΘεοπασχητῶν,
1436 2129 1486 2155 καὶ
1503 2128 1561 2162 τὴν
1581 2127 1620 2163 [ﬂ
1628 2127 1700 2164 τῶν]
1714 2128 1790 2162 μίαν
1800 2128 1856 2155 ἐπὶ

1093 2167 1221 2202 Χριστοῦ
1238 2163 1333 2201 φύσιν
1345 2163 1422 2191 εἶναι
1436 2163 1599 2199 λεγόντων.

1096 2223 1133 2250 Τὸ
1146 2221 1291 2258 εἰρημένον
1308 2222 1337 2247 ἐν
1348 2221 1381 2256 τῇ
1398 2220 1459 2255 θείᾳ
1472 2220 1581 2255 Γραφῇ,
1597 2219 1637 2245 ὄτι
1653 2228 1662 2244 ι
1674 2218 1733 2245 Πᾶν
1743 2218 1855 2254 πρωτό-

221 2274 426 2309 primogenitum
455 2273 616 2306 adaperiens
647 2271 775 2304 vulvam,
803 2275 926 2298 sanctum
957 2270 1006 2297 Do-

1065 2278 1139 2297 τοκον
1161 2269 1294 2302 διανοῖγον
1318 2267 1434 2302 μήτραν,
1452 2266 1530 2300 ἅγιον
1544 2264 1582 2299 τῷ
1597 2263 1703 2300 Κυρίῳ,
1722 2272 1731 2289 ι
1742 2263 1772 2290 οὒ
1788 2264 1856 2299 περὶ

222 2320 294 2347 ιιιὶιιο
311 2319 451 2346 vocabitur
463 2319 533 2349 ""9,
547 2328 556 2343 ι
569 2326 619 2345 non
635 2318 669 2345 de
685 2317 759 2345 omni
774 2316 955 2351 primogenita
970 2317 1013 2343 di-

221 2371 294 2393 ctum
321 2370 364 2392 est
384 2365 429 2399 (ne
450 2365 501 2391 hoc
529 2364 647 2397 imperiti
677 2362 801 2390 homines
828 2361 1010 2394 existiment),

1063 2314 1164 2346 παντὸς
1184 2313 1293 2349 εἴρηται
1317 2312 1509 2347 πρωτοτόκου·
1527 2310 1564 2346 μὴ
1583 2309 1669 2341 οὕτως
1691 2309 1716 2335 οἱ
1735 2308 1856 2343 ἀμαθεῖς

1062 2361 1265 2397 νομιζέτωσαν·
1282 2358 1352 2386 ἀλλὰ
1374 2358 1439 2394 περὶ
1458 2357 1517 2389 ἐνὸς
1537 2354 1676 2393 [ἐκείνου]
1695 2355 1742 2382 καὶ
1758 2354 1854 2390 μόνου,

222 2420 315 2439 verum
341 2412 373 2437 de
393 2418 447 2437 uno
470 2410 514 2436 illo
531 2418 561 2436 ac
586 2409 654 2441 solo,
676 2409 722 2444 qui
749 2408 776 2435 in
798 2413 879 2443 partu
900 2407 1006 2435 vulvam

1065 2408 1108 2435 τοῦ
1125 2409 1155 2434 ὲν
1169 2407 1208 2442 τῷ
1221 2406 1363 2434 τίκτεσθαι
1376 2405 1427 2442 τὴν
1445 2406 1553 2441 μήτραν
1572 2403 1739 2436 ἀνοίξαντος.
1756 2402 1856 2429 Πᾶσαν

222 2457 337 2492 aperuit.
351 2455 456 2482 Etenim
474 2463 581 2481 omnem
595 2455 704 2488 quidem
721 2452 829 2480 vulvam
850 2452 1009 2480 concubitus

222 2512 253 2530 ac
274 2510 407 2529 venereus
420 2501 578 2536 complexus
594 2500 701 2535 aperit:
716 2504 744 2526 at
756 2507 828 2532 eam,
842 2506 902 2534 quae
920 2498 1011 2526 Domi-

258 2584 280 2600 "
294 2583 313 2610 II
327 2582 389 2610 Cor.
410 2589 434 2612 ν,
455 2580 481 2606 4.

535 2580 593 2594 ’λι-αι’
610 2578 694 2606 Exod.
709 2584 769 2609 xm,
791 2576 826 2603 23
843 2585 851 2609 ;
881 2575 948 2605 Luc.
963 2574 1050 2608 “,25.

1061 2453 1116 2488 γὰρ
1141 2453 1247 2488 μήτραν
1264 2451 1336 2486 μίξις
1360 2450 1408 2477 καὶ
1430 2448 1560 2476 συνουσία
1582 2448 1736 2482 ἀνοίγνυσιο
1755 2445 1804 2480 τὴν
1826 2446 1857 2472 δὲ

1063 2498 1110 2524 τὸν
1133 2497 1236 2534 Κύριον
1255 2497 1335 2532 ἡμῶν
1351 2495 1455 2531 Ἰησοῦν
1471 2494 1588 2531 Χριστὸν
1603 2493 1757 2528 κυήσασαν,
1773 2491 1858 2523 uota;

786 2651 904 2680 VABIIE
924 2650 1116 2679 LECTIONES
1134 2650 1179 2678 ET
1197 2650 1314 2679 ΝΟΤᾸΞ.

260 2736 315 2771 (2|)
339 2735 424 2763 Codd.
448 2735 500 2761 duo
517 2735 579 2771 Alt._
596 2737 623 2758 et
648 2730 712 2771 Yat.
738 2730 791 2758 649
807 2737 1013 2771 unoﬂconsensu

226 2764 351 2803 θεᾶτηέος
375 2770 530 2803 subjiciunt.
560 2767 683 2803 \‘ers.r7,
705 2773 754 2800 pro
775 2772 841 2803 voce
857 2764 1015 2803 Πνειόματος

226 2808 279 2834 Alt.
298 2800 325 2833 in
343 2800 470 2833 conteitu
491 2804 566 2837 ponit
581 2802 719 2837 Πνεύμᾳτι
734 2820 741 2832 ,
757 2800 843 2837 sed_e
860 2801 971 2837 regione
988 2801 1015 2837 in

227 2842 347 2876 margine
360 2834 667 2876 ορροιιίιῘΙνειξμοιτοςξ⁸
678 2835 755 2876 _Vers.
767 2835 795 2876 εξ,
814 2834 873 2876 loco
891 2834 1014 2876 vocabuli

228 2869 358 2907 σύσῖασις
372 2869 450 2904 codd.
471 2873 529 2901 Vat.
544 2869 595 2900 6'49
611 2877 637 2899 et
653 2871 707 2898 Alt.
732 2871 855 2899 scribunt
871 2869 1009 2902 σύνταξις.

227 2912 332 2940 Possm.

12 3015 32 3052 .
100 3012 464 3186 τη

1103 2729 1161 2764 (22)
1179 2728 1238 2758 Non
1251 2729 1401 2765 Ἀμμωνίῳ
1417 2729 1470 2765 sed
1483 2730 1785 2765 'Appwviinscribitur
1797 2731 1857 2758 hare

1066 2765 1179 2799 epistola
1200 2766 1227 2792 in
1247 2766 1327 2792 codd.
1344 2764 1407 2792 Vat.
1424 2764 1477 2800 649
1492 2770 1519 2792 et
1539 2766 1594 2792 Alt.
1612 2764 1641 2791 In
1663 2772 1743 2792 versu
1762 2767 1787 2798 1,
1804 2766 1858 2800 μὲν

1066 2800 1211 2827 Altaemsis
1223 2807 1275 2827 non
1289 2800 1422 2835 agnoscit.
1432 2799 1503 2827 Idem
1516 2808 1586 2827 vers.
1603 2800 1630 2832 5,
1648 2805 1708 2834 post
1719 2800 1767 2827 δύο
1781 2802 1858 2828 addit

1067 2835 1096 2861 δὲ
1107 2855 1115 2867 ,
1130 2840 1316 2872 praetereaque
1330 2835 1355 2863 in
1373 2843 1455 2872 versu
1468 2835 1617 2869 penultitno
1641 2843 1690 2870 pro
1707 2836 1859 2872 εὐρήσειας

1068 2875 1095 2897 et
1111 2870 1373 2907 κρατήσειαςηιοιζὶι
1388 2871 1516 2907 εὑρήσεις
1531 2876 1558 2899 et
1575 2870 1855 2907 xpatﬁcctc,'suﬂ'ra-

1068 2910 1148 2940 gante
1161 2913 1268 2941 quoque
1285 2905 1343 2933 Vat.
1356 2905 1426 2934 649.
1436 2906 1543 2934 Possm.
