3896 6404
248 315 321 375 197
1085 301 1622 364 EPISTOLARUM
1659 301 1806 359 LIB.
1849 300 1897 359 Ι.
1938 324 2007 333 -
2044 300 2281 361 EPIST.
2321 301 2530 363 XXVI.

3333 302 3433 367 198

244 420 509 494 συλληφθεὶς
530 418 779 489 ἀσπόρως
808 417 1211 488 προερχόμενος
1239 413 1441 484 ἤνοιξε,
1470 416 1565 467 καὶ
1592 412 1754 465 πάλιν

1878 426 1987 464 tum
2044 421 2290 466 nostrum
2336 411 2522 466 Jesum
2569 409 2845 467 Christum
2879 414 3105 483 peperit,
3153 414 3264 484 ipse
3307 418 3431 473 sine

243 513 621 586 ἐσφραγισμένην
668 509 998 563 κατέλιπεν·
1048 507 1266 578 ἀληθῶς
1314 506 1427 576 (25)
1466 504 1565 574 μὲν
1610 502 1757 571 γενό-

241 622 363 676 μενος
383 603 644 672 ἄνθρωπος
670 640 685 663 ,
718 601 935 671 ἀληθῶς
958 600 1014 653 δὲ
1042 598 1142 671 [ὢν
1167 596 1285 667 καὶ]
1313 596 1444 658 Θεὸς
1467 595 1559 647 καὶ
1588 610 1755 665 προσ-

238 696 510 765 κυνούμενος
537 690 614 755 είς
642 693 701 757 ἐξ
728 693 1056 763 ἀμφοτέρων
1077 691 1187 744 τῶν
1219 689 1455 759 φύσεων.

696 874 823 927 KA'.
855 903 930 917 —
956 873 1239 943 ΚΡΙΣΠῼ.

237 963 719 1035 '0noi21d1103q,
752 966 911 1019 ἀλλὰ
931 965 1079 1032 μετὰ
1113 968 1356 1035 πολλῆς
1398 966 1759 1035 φιλοπονίας

400 1034 505 1104 χρὴ
535 1036 640 1100 τὰς
671 1038 835 1101 ἱερὰς
866 1037 1286 1089 ἀναπτύσσειν
1308 1034 1575 1105 Γραφάς.

295 1124 729 1193 Ἐπιστημονικῶς
764 1123 876 1194 (24)
906 1125 1005 1194 τὴν
1029 1125 1180 1178 θείαν
1213 1126 1433 1197 Γραφὴν
1460 1127 1759 1180 ἀνελίσσειν

228 1216 440 1283 ὀφείλεις,
462 1216 664 1277 καὶτὰς
681 1215 823 1284 αὐτῆ
829 1234 856 1279 ς
873 1216 1133 1286 δυνάμεις
1148 1218 1416 1288 νουνεχῶς
1435 1219 1756 1287 ἀνιχνεύειν,

229 1307 303 1357 καὶ
362 1305 426 1373 μὴ
485 1305 832 1374 κατατολμᾷν
895 1306 1082 1369 ἁπλῶς
1134 1306 1244 1359 τῶν
1308 1307 1601 1374 ἀψαύστων
1664 1310 1758 1361 καὶ¹

226 1395 482 1461 ἀνεφίκτων
523 1395 865 1463 μυστηρίων,
918 1396 1162 1461 ἀναξίαις
1208 1395 1379 1448 ταῦτα
1430 1398 1616 1467 χερσὶν
1648 1399 1761 1453 ἔπιε

229 1486 420 1553 τρέπων.
463 1484 615 1538 Οὕτω
657 1485 767 1556 γὰρ
795 1488 823 1538 ό
863 1486 1269 1556 τολμηρότατος
1314 1487 1493 1550 Ὀζίας
1522 1489 1761 1560 ἀναθαρ-

227 1580 364 1647 ῥήςας
393 1578 666 1630 ἐπιϐαλεῖν
694 1579 806 1640 τοῖς
834 1579 1265 1649 ἀνεγχειρήτοις,
1293 1578 1498 1649 λέπραν
1530 1580 1605 1649 τῷ
1632 1580 1762 1650 θρά-

228 1685 289 1720 σει
344 1669 855 1737 προσαπηνέγκατο,
918 1668 1013 1720 καὶ
1065 1667 1213 1720 ἄκων
1267 1668 1595 1738 ἀπορριφεὶς
1652 1669 1759 1721 τῶν

1856 504 2069 557 semine
2115 514 2445 573 conceptus,
2495 504 2753 573 prodiens
2798 509 3049 571 aperuit;
3103 520 3167 561 ac
3218 523 3433 563 rursum

1857 596 2096 649 clausam
2163 605 2219 649 et
2274 597 2613 667 obsignatam
2672 597 2890 663 reliquit
2938 616 2953 652 :
2998 613 3126 653 vere
3177 600 3437 654 nimirum

1856 688 2021 742 homo
2065 684 2309 749 enectus,
2354 702 2417 738 ac
2458 698 2583 738 vere
2610 686 2735 739 item
2773 688 2911 742 Deus
2955 689 3252 757 exsisteus,
3300 705 3440 745 unus

1859 779 2111 846 idemque
2142 778 2193 830 in
2224 778 2435 830 duabus
2473 780 2681 833 naturis
2715 781 3049 836 adorandus.

2354 867 2542 923 XXIV.
2571 900 2642 910 ——
2668 867 2935 925 CRISPO.

1861 957 1985 1011 Non
2024 959 2402 1027 perfunctorie,
2446 962 2535 1013 sed
2577 960 2742 1080 mult:
2772 960 2949 1013 labore
2985 960 3289 1029 Scriptura:
3328 979 3438 1015 esse

2496 1046 2586 1080 evo
2616 1047 2701 1080 ven
2745 1047 2824 1080 as.

2496 1046 2824 1082 ουοιιιεηααε.

1932 1118 2079 1172 Scite
2106 1132 2154 1174 et
2180 1121 2392 1175 erudite
2421 1121 2657 1174 divinam
2696 1119 3034 1191 Scripturam
3066 1123 3313 1177 evolvere
3340 1125 3436 1177 de-

1860 1209 1976 1269 bcs.
2009 1210 2290 1279 ipsiusque
2320 1215 2462 1265 vires
2487 1227 2548 1263 ac
2578 1210 2861 1265 facultates
2895 1212 3186 1280 prudenter
3214 1212 3437 1266 investi-

1860 1318 2008 1370 gare,
2056 1317 2155 1355 nec
2204 1303 2455 1371 mysteria
2506 1318 2589 1368 ea,
2643 1318 2764 1373 qua:
2812 1314 3105 1358 attrectare
3151 1306 3303 1357 nefas
3334 1316 3435 1370 est,

1862 1408 2087 1464 qumque
2122 1393 2505 1461 comprehendi
2557 1404 2853 1462 nequeunt,
2890 1404 3092 1447 temere
3136 1403 3298 1461 atque
3330 1394 3432 1447 im-

1866 1486 2130 1555 pudenter
2159 1484 2398 1552 aggredi,
2434 1486 2682 1538 manibus
2717 1485 2947 1553 indignis
2982 1501 3043 1538 ea
3069 1486 3436 1539 committens.

1861 1578 1939 1629 Ad
1997 1576 2141 1629 hunc
2190 1577 2332 1628 enim
2376 1577 2589 1628 modum
2638 1577 3030 1629 audacissimus
3079 1576 3257 1640 Osias,
3306 1592 3430 1631 cum

1862 1669 2023 1722 rebus
2070 1668 2171 1731 iis,
2220 1682 2357 1735 quas
2402 1668 2617 1735 aggredi
2678 1669 2898 1722 minime
2934 1669 3162 1733 licebat,
3217 1684 3437 1722 manum

226 1761 513 1831 ἀνακτόρων,
562 1761 758 1813 καθότι
806 1762 900 1813 καὶ
931 1761 1097 1831 νόμος
1140 1762 1255 1823 τοῖς
1300 1760 1480 1830 λέπρᾳ
1508 1778 1759 1814 κατεστι-

1875 1759 2087 1826 injicere
2125 1758 2347 1811 minime
2388 1758 2714 1822 dubitasset,
2760 1761 3063 1813 temeritate
3104 1775 3199 1813 sua
3235 1760 3437 1828 lepram

227 1853 408 1919 γμένοις
433 1852 526 1922 τὴν
552 1852 691 1905 εἴσω
716 1852 921 1904 τούτων
945 1852 1237 1904 ἀπέκλειεν
1265 1851 1486 1904 εἴσοδον.
1508 1852 1751 1923 Ἐγράφη

224 1941 266 1993 δὲ
288 1941 435 1993 ταῦτα
458 1941 595 2011 πρὸς
626 1940 909 1995 νουθεσίαν
943 1940 1120 2010 ἡμῶν,
1154 1940 1241 1992 ἵνα
1270 1940 1365 1992 καὶ
1409 1940 1507 2004 τάς
1550 1941 1757 2011 τόλμας

226 2031 460 2103 φύγωμεν,
487 2034 583 2085 καὶ
614 2033 715 2094 τὰς
750 2032 999 2095 κολάσεις
1031 2032 1106 2103 μὴ
1140 2031 1424 2102 πάθωμεν.

1863 1848 2069 1913 retulit,
2109 1849 2415 1917 invitusque
2456 1866 2484 1903 a
2520 1852 2718 1919 templo
2748 1852 3019 1920 proiectus
3049 1861 3130 1905 est
3154 1852 3221 1903 '°.
3248 1851 3439 1917 Quan-

1866 1940 2152 2009 doquidem
2181 1941 2263 1996 lex
2293 1957 2506 2011 quoque
2530 1943 2618 2008 iis,
2643 1944 2733 2011 qui
2770 1943 2914 2013 lepra
2943 1944 3251 2010 compuncti
3277 1953 3441 2011 atque

1868 2031 2052 2086 infecti
2102 2042 2283 2097 erant,
2323 2033 2529 2087 aditum
2586 2036 2653 2088 ad
2693 2035 2948 2102 templum
2993 2035 3437 2089 claudebat“°”.

225 2122 322 2178 Hac
354 2140 524 2193 porro,
550 2125 886 2179 admouendi
937 2124 1110 2178 nostri
1199 2139 1360 2179 causa
1437 2124 1635 2178 litteris
1682 2123 1939 2177 mandata
1982 2136 2127 2188 sunt,
2183 2135 2243 2179 ut
2285 2135 2341 2179 et
2391 2127 2728 2180 temeritates
2799 2126 3088 2195 fugiamus,
3160 2136 3214 2181 et
3252 2141 3443 2197 poenas

226 2214 405 2267 minime
427 2215 721 2280 patiamur.

677 2330 808 2383 KE'.
844 2359 916 2370 —
937 2329 1270 2400 ΚΥΡΙΛΛῼ.

220 2424 323 2477 Ὀτι
351 2423 666 2493 ἀμήχανον
697 2422 768 2475 ἐν
791 2421 961 2547 μὲοίῳ
988 2423 1255 2489 θορύϐων
1300 2421 1527 2491 ἀρετὴν
1555 2438 1765 2489 κατορ-

885 2508 1059 2545 ωσαι.

885 2508 1059 2545 ωσαι.

277 2586 329 2637 Τί
363 2602 438 2637 σοι
459 2584 657 2652 ὄφελος
678 2582 781 2650 τῆς
815 2584 1062 2636 Ἰωάννου
1096 2583 1235 2652 πρὸς
1265 2582 1365 2653 τὴν
1394 2582 1597 2654 ἔρημον
1628 2585 1761 2637 ἀνα-

226 2678 503 2747 χωρήσεως,
546 2676 625 2745 ἠν
654 2676 821 2729 πάλαι
853 2674 1157 2735 σπουδαίως
1187 2674 1495 2745 ἑζήλωσας,
1524 2675 1616 2728 νῦν

224 2768 266 2821 δὲ
303 2770 365 2839 μὴ
405 2770 617 2822 ἐκεῖνον
664 2766 984 2837 μιμουμένω
1012 2806 1026 2831 ,
1077 2767 1172 2819 καὶ
1212 2767 1349 2838 πρὸς
1402 2767 1501 2831 τὰς
1560 2770 1765 2833 οἰκείας

226 2860 463 2929 φροντίδας
492 2856 938 2923 παλινοστοῦντι,
970 2856 1063 2910 καὶ
1103 2859 1190 2909 ἐπ’
1232 2858 1469 2928 ἐρημίας
1504 2858 1765 2929 θορυϐου-

225 2952 358 3022 μένῳ,
385 2954 473 3005 καὶ
502 2952 827 3019 καταμόνας
859 2948 1204 3020 ὀχλουμένῳ;
1230 2951 1303 3002 Τὸ
1330 2951 1439 3021 γὰρ
1468 2954 1763 3022 ἡσυχάζειν

2054 2374 2065 2386 ο
2338 2310 2428 2364 XX
2444 2311 2503 2366 V.
2540 2341 2610 2353 —
2642 2312 2961 2367 CYRILLO.

1862 2398 2196 2468 Impouibile
2220 2419 2332 2457 esse
2357 2405 2411 2457 in
2442 2406 2613 2458 medio
2637 2406 2866 2459 tumultu
2896 2407 3136 2459 virtutem
3171 2422 3438 2461 exercere.

1942 2581 2081 2648 Quid
2109 2581 2203 2634 tibi
2237 2582 2487 2637 utilitatis
2522 2582 2675 2637 atl‘ert
2701 2582 2924 2638 Joannis
2962 2584 3013 2637 in
3043 2584 3217 2639 locum
3249 2585 3441 2641 deser-

1873 2682 1987 2727 tum
2030 2675 2266 2727 secessio
2288 2674 2355 2738 ³³,
2407 2690 2569 2742 quam
2613 2675 2739 2729 olim
2786 2678 3027 2730 studiose
3069 2678 3310 2733 imitatus
3355 2695 3443 2744 es,

1871 2779 1992 2818 cum
2025 2779 2169 2817 nunc
2189 2780 2310 2818 eum
2346 2766 2568 2819 minime
2595 2765 2848 2831 imiteris,
2902 2782 3087 2821 verum
3116 2768 3180 2821 ad
3207 2770 3446 2838 privatas
3481 2821 3485 2825 .

1871 2871 2035 2911 curas
2074 2865 2125 2909 te
2170 2858 2398 2921 referas,
2437 2866 2605 2925 atque
2640 2859 2693 2911 in
2738 2859 3031 2912 solitudine
3078 2863 3441 2928 tumultueris,

1873 2955 1928 2999 et
1963 2946 2031 2999 ab
2066 2947 2346 2999 hominum
2379 2955 2523 2999 cmtu
2559 2957 2798 3002 remotus
2825 2949 3193 3017 perturberis?
3232 2950 3443 3006 Etenim

224 3041 283 3111 τῷ
308 3043 548 3111 σχήματι,
587 3042 686 3094 καὶ
716 3039 980 3111 φύρεσθαι
1029 3043 1148 3102 ταῖς
1179 3039 1321 3092 κατά
1352 3039 1476 3093 νοῦν
1512 3046 1763 3113 στροφαῖς

1875 3053 2099 3097 externo
2132 3043 2322 3097 habitu
2365 3058 2430 3097 ac
2470 3043 2651 3111 specie
2689 3043 2992 3110 quiescere,
3030 3043 3229 3096 mentis
3262 3053 3443 3098 autem

221 3133 296 3187 καὶ
317 3133 626 3203 συγχύσεσι,
652 3131 749 3185 καὶ
781 3129 976 3201 ἀχλύος
1002 3130 1100 3201 τὴν
1130 3131 1382 3201 αἴσθησιν
1411 3132 1624 3203 πληροῖ,
1675 3134 1769 3187 καὶ

221 3222 275 3274 τὰ
300 3223 387 3291 ήδη
429 3221 739 3293 πονηθέντα
772 3222 1033 3293 ἀμαυροῖ,
1075 3220 1169 3273 καὶ¹
1195 3223 1308 3282 τοῖς
1331 3220 1530 3273 πάθεσι
1562 3221 1657 3292 τὴν
1685 3223 1766 3275 νί-

219 3330 301 3383 κην
321 3313 498 3379 εὐοδεῖ,
550 3312 656 3366 καὶ
704 3312 969 3383 ῥίψασπιν
1001 3311 1093 3363 τὸν
1130 3310 1355 3381 ὁπλίτην
1386 3314 1549 3366 ποιεῖ.
1579 3314 1769 3378 Οὐδεὶς

219 3402 264 3454 δὲ
286 3405 703 3475 στρατευόμενος
729 3402 1066 3474 ἐμπλέκεται
1088 3404 1209 3465 ταῖς
1237 3402 1332 3454 τοῦ
1363 3401 1477 3472 βίου
1502 3421 1766 3475 πραγμα-

218 3494 361 3558 τείαις
399 3496 483 3549 ἵνα
532 3495 623 3564 τῷ
671 3494 1166 3568 στρατολογήσαντι
1213 3492 1408 3563 ἀρέσῃ,
1459 3493 1573 3547 ἀλλ’
1618 3495 1770 3548 ὁπλοο

218 3586 351 3657 φόρος
374 3588 487 3650 ὢος
512 3588 752 3657 γίνεται,
784 3588 920 3658 πρὸς
942 3586 1034 3639 τὸν
1062 3584 1364 3657 ἀρέσκοντα
1398 3584 1475 3656 τῷ
1505 3583 1771 3659 ταξιάρχῃ

217 3680 673 3752 παρατασσόμενος
703 3678 912 3749 ἀγῶνα.

496 3944 650 4010 KCT'.
678 3973 750 3985 —
773 3942 1059 4013 ΕΥΣΕΒΙῼ
1098 3942 1467 4013 ΕΠῙΣΚΟΠῼ.

216 4032 332 4100 Περί
370 4034 791 4103 δωροληψίας,
840 4035 929 4088 ὅτι
981 4034 1231 4102 φρικτὸν
1272 4036 1360 4099 είς
1418 4034 1769 4103 ὑπερϐολὴν

394 4106 768 4172 πιπράσκειν
796 4105 913 4172 τὴν
949 4106 1306 4172 ἱερωσύνην,
1343 4103 1383 4171 ἣ
1413 4105 1551 4168 ἔξω.

270 4194 444 4249 Πολλοί
474 4214 535 4250 σε
570 4196 952 4266 κωμῳδοῦσιν,
980 4196 1055 4259 ὡς
1087 4196 1363 4266 χρήμασιν
1387 4195 1523 4266 (26),
1546 4196 1661 4250 ἀλλ’
1705 4197 1766 4250 οὐ

1876 3133 2269 3188 mutationibus
2314 3149 2379 3187 ac
2421 3131 2924 3203 perturbationibus
2968 3131 3276 3201 inquinari,
3332 3144 3446 3186 tum

1871 3238 2091 3276 sensum
2132 3223 2364 3291 caligine
2409 3222 2706 3292 perfundit,
2755 3232 2866 3275 tum
2913 3231 3193 3291 susceptos
3214 3222 3324 3291 jam
3365 3224 3447 3277 la-

1870 3310 2032 3365 bores
2056 3311 2373 3379 exstinguit,
2406 3320 2569 3379 atque
2595 3311 3093 3379 perturbationibus
3119 3313 3283 3366 animi
3316 3329 3445 3382 pro-

1871 3416 1997 3455 nam
2027 3416 2092 3456 ac
2120 3400 2332 3456 facilem
2356 3401 2637 3455 victoriam
2674 3402 2869 3467 reddit,
2903 3402 3168 3471 efﬁcitque
3205 3415 3263 3459 ut
3289 3405 3446 3459 miles

1874 3490 2087 3558 abjecto
2115 3500 2271 3545 scuto
2307 3490 2499 3560 fugiat.
2528 3490 2697 3543 Porro
2738 3503 2896 3544 nemo
2937 3492 3175 3546 militans
3202 3492 3446 3562 implicat

1874 3595 1934 3634 se
1989 3581 2224 3649 negetiis
2270 3580 2638 3644 saacularibus,
2681 3590 2737 3633 ut
2786 3580 2835 3633 ei
2882 3580 3111 3648 placeat,
3149 3596 3179 3635 a
3225 3597 3334 3651 quo
3388 3583 3443 3636 in

1872 3670 2119 3724 militiam
2152 3672 2354 3726 ascitus
2392 3680 2475 3725 est
2498 3671 2542 3701 ³³
2574 3689 2587 3725 :
2617 3686 2802 3725 verum
2835 3686 2984 3725 arma
3015 3673 3161 3726 omni
3193 3687 3259 3727 ex
3292 3684 3446 3743 parte

1871 3772 2070 3830 gestat,
2125 3762 2191 3815 ad
2226 3762 2278 3815 id
2322 3769 2622 3826 certamen,
2654 3762 2796 3831 quod
2825 3762 3041 3818 tribuno
3075 3764 3293 3819 militari
3323 3765 3447 3837 pla:

1870 3854 2066 3916 cuerit,
2095 3868 2153 3907 se
2183 3869 2371 3922 compa
2381 3868 2525 3908 rans.

2114 3945 2171 4015 9
2215 3944 2404 4002 XXVI.
2437 3977 2506 3985 —
2540 3945 2832 4001 EUSEBIO
2866 3945 3213 4005 EPlSCOPO.

1877 4035 1950 4089 De
1997 4052 2257 4089 nonarum
2296 4036 3008 4159 acceptionedﬂorrendum
3054 4056 3164 4093 esse
3228 4043 3448 4096 vendere

2478 4124 2625 4159 sacer
2666 4118 2849 4159 otium.

2478 4118 2849 4161 sacerdotium.

1943 4196 2091 4251 Multi
2125 4206 2178 4252 te
2212 4197 2502 4252 traducunt
2542 4205 2601 4251 ut
2645 4197 2887 4266 pecuniis
2914 4237 2931 4263 ,
2966 4212 3029 4253 ac
3060 4214 3165 4253 non
3202 4199 3448 4274 Spiritui,

240 4330 278 4361 ³³
304 4331 341 4384 ιι
374 4331 502 4388 Par.
547 4348 703 4398 xxvi,
727 4332 797 4387 16
827 4346 982 4401 seqq.
1050 4331 1093 4362 “
1126 4331 1301 4386 Levit.
1338 4345 1460 4395 xm,
1488 4330 1524 4384 2
1556 4345 1714 4401 seqq.
1776 4332 1821 4363 ³¹
1842 4330 2019 4386 Levit.
2039 4334 2255 4399 χχιιι,ηὲ
2274 4348 2426 4403 seqq.
2488 4332 2725 4389 8"Marc.
2762 4350 2800 4400 ι,
2828 4333 2885 4388 4.
2926 4334 3027 4389 “ll
3050 4333 3362 4405 Timotlun,
3393 4340 3450 4394 4.

1332 4485 1564 4542 ΥΑΒΙᾹΞ
1602 4486 1989 4542 LECTlONES
2026 4489 2116 4543 ET
2154 4486 2386 4543 NOTAE.

269 4646 373 4718 (25)
408 4647 517 4702 Pro
563 4645 781 4716 ἀληθῶς
815 4645 970 4699 codd.
1005 4642 1121 4697 Vat.
1166 4642 1307 4718 649,
1335 4642 1526 4718 et_Alt.
1556 4641 1760 4695 habent

211 4712 414 4787 ἀληθῆς.
458 4712 726 4787 Similiter
758 4725 812 4768 et
857 4729 1014 4787 versu
1065 4714 1332 4787 sequenti.
1370 4712 1538 4766 Versu
1583 4722 1760 4787 autem

214 4782 380 4855 ultimo
410 4802 548 4855 pro,
595 4785 655 4849 ἐξ
700 4784 1022 4855 ἀμφοτέρων
1059 4783 1295 4855 φύσεων,
1340 4792 1566 4851 uterque
1616 4782 1761 4850 legit,

209 4854 257 4906 ἐν
282 4853 621 4926 ἀμφοτέραις
641 4853 1027 4926 ταῖςίφύσεσιν.
1057 4853 1265 4926 Possm.

271 4922 379 4994 (24.),
402 4922 653 4978 Primum
685 4925 841 4992 hujus
869 4926 1025 4992 epist.
1061 4922 1379 4994 vocabulum
1407 4922 1564 4994 aliter

212 4991 255 5044 in
280 4991 433 5048 editis
456 4998 510 5047 in
537 4991 796 5047 Altaemsi
816 4991 1012 5054 exStat,
1035 4991 1613 5061 ἐπιστημόνωςΝρτειι
1642 4993 1769 5044 item

209 5062 237 5133 Ei
261 5065 328 5117 id.
358 5066 481 5118 cod.
514 5080 615 5133 pro
632 5062 1109 5133 azpatiojcwv,_legit
1136 5061 1602 5133 suadauczmvtet
1624 5074 1764 5133 v_e_rs.

208 5132 238 5183 αἱ
283 5149 376 5200 pro
421 5129 729 5200 ἀνεφίκτων
784 5132 903 5187 Vat.
945 5129 1056 5185 649⁷
1094 5132 1303 5201 habet,
1342 5130 1604 5201 cpptitttbv.
1646 5129 1765 5182 Mox

209 5199 299 5255 non
328 5203 504 5254 ταῦτα
532 5199 626 5257 Sed
666 5204 804 5254 αὺτά
848 5204 959 5255 Alt.
987 5202 1226 5254 exhibet.
1266 5199 1414 5256 Vers.
1449 5200 1506 5266 6,
1537 5200 1763 5271 θάρσει,

208 5286 292 5337 pro
318 5272 517 5341 θράσει
551 5273 606 5325 in
630 5273 735 5326 Alt.
770 5273 977 5339 legitur.
1003 5271 1214 5324 Possm.

290 5340 378 5409 9.5)
414 5341 581 5396 Vers.
608 5343 657 5396 5.
707 5343 801 5395 νῦν
836 5341 933 5411 (δὲ
970 5341 1063 5411 μὴ.
1097 5349 1228 5406 etc.,
1261 5340 1625 5411 qu_:e_videtu_r
1656 5341 1769 5406 ipse

208 5408 389 5476 editor,
464 5413 649 5465 mendi
697 5408 945 5479 suspecta
972 5408 1470 5476 babuisseJHujus
1503 5409 1603 5463 loci
1640 5422 1767 5461 vera

207 5482 385 5547 opinor
416 5481 590 5534 lectio
618 5478 917 5551 suggeritur
940 5496 968 5532 a
999 5480 1352 5551 codiduobus
1386 5478 1507 5532 Vat.
1547 5479 1674 5551 649,
1717 5487 1771 5531 et

209 5552 307 5600 Alt.
337 5554 427 5617 qui
456 5552 544 5603 sic
592 5549 702 5604 ista'
725 5549 985 5603 exhibent
1024 5565 1036 5601 :
1061 5549 1175 5601 Νῦν
1205 5550 1295 5602 τὸν
1340 5551 1530 5617 Δημᾶν
1560 5550 1768 5601 ἐκεῖνον

212 5621 527 5691 μιμουμένω
553 5620 645 5672 καὶ
682 5620 820 5690 πρὸς
832 5618 1188 5691 ᾉτάςοίκείας
1231 5618 1513 5691 φροντίδας
1538 5619 1768 5691 κπαλινο-

215 5686 437 5741 aestivat.
471 5686 671 5759 Nempe
706 5686 796 5745 liic
820 5688 1069 5758 Cyrillus,
1101 5686 1608 5760 vitam'aliquaudiu
1639 5703 1770 5743 ana-

1605 4935 1765 4990 quam

1869 4642 2197 4697 choretieam
2229 4643 2528 4711 professus,
2566 4656 2748 4699 eremo
2775 4643 2969 4698 deinde
3007 4643 3196 4699 relicta
3224 4647 3446 4704 domum

1871 4713 2133 4786 redierat.
2179 4713 2384 4786 Inque
2415 4714 2677 4786 imitatus
2712 4725 2831 4786 erat
2874 4715 3093 4786 Demam
3123 4755 3139 4781 ,
3182 4720 3450 4786 quondam

1871 4782 2023 4852 Pauli
2061 4784 2285 4849 apostoli
2314 4785 2545 4846 socium,
2572 4784 2636 4836 de
2665 4798 2772 4852 quo
2805 4785 2849 4836 is
2881 4785 3070 4837 scribit
3098 4782 3351 4840 secundae
3383 4789 3452 4841 ad

1876 4851 2220 4925 Timotheum
2260 4868 2331 4925 Iv,
2380 4854 2494 4925 10d:
2542 4851 2733 4922 Δημᾶς
2772 4870 2849 4925 με
2901 4855 3280 4922 ἐγκατέλιπεν,
3317 4858 3452 4925 ἀγα-

1876 4923 2053 4991 πήσας
2102 4923 2192 4975 τὸν
2244 4922 2340 4977 νῦν
2370 4923 2543 4976 αἰῶνα
2570 4966 2584 4989 ,
2630 4932 2735 4976 etc.
2770 4924 2930 4975 Iidem
2978 4926 3086 4976 duo
3115 4928 3272 4980 codd.
3303 4922 3447 4981 vers.

1876 4993 2171 5061 penultimo
2196 5008 2292 5062 pro
2318 4993 2458 5057 ὅλος,
2502 4994 2701 5047 habent
2734 4995 2761 5044 ὁ
2798 4992 2977 5060 λόγος,
3006 4995 3099 5047 sed
3131 5010 3230 5063 ego
3253 4995 3451 5049 lectio-

1877 5076 1995 5114 nem
2032 5064 2230 5115 editam
2270 5066 2442 5130 magis
2469 5064 2828 5130 probaverim.
2861 5063 3074 5117 Possm.
3434 5069 3440 5075 '

1947 5131 2056 5203 (26)
2092 5133 2351 5203 Χρήματί
2378 5134 2665 5203 eod.A|t.,
2698 5133 3012 5203 concinuius
3042 5132 3108 5185 ad
3138 5133 3447 5188 antithesim

1875 5200 1995 5253 cum
2038 5200 2332 5268 sequente,
2382 5202 2683 5272 Πνεῦμα-ει.
2738 5200 2886 5257 Vers.
2928 5202 2961 5254 8
3001 5217 3224 5269 parvum
3277 5205 3446 5272 dictu,

1875 5272 2273 5342 diciturtamen
2315 5273 2448 5342 μηδὲ
2490 5270 2585 5340 pro
2616 5273 2754 5341 μήτε
2791 5272 3085 5339 poniturin
3124 5272 3284 5325 codd.
3307 5270 3446 5342 ,Vat.

1870 5340 1975 5395 649
1999 5352 2051 5395 et
2068 5341 2176 5394 Alt.
2213 5340 2816 5409 Ver‘s.’autepenultimo
2844 5342 2985 5409 quod
3017 5343 3161 5394 edita
3190 5341 3451 5395 exhibent

1872 5410 2368 5480 πρεσϐευσάμενος,
2390 5413 2726 5466 emendatius
2759 5412 2809 5463 in
2838 5424 3068 5477 utroque
3098 5412 3185 5463 illo
3216 5412 3451 5465 habetur

1871 5481 2522 5552 coddaitpsstisuépevoq,
2562 5485 2635 5536 uti
2668 5481 2905 5552 vicissim
2937 5480 3265 5552 praetulerim
3301 5496 3447 5535 vers.

1872 5551 1970 5622 ult.
2011 5550 2070 5603 τὸ
2106 5550 2274 5622 γέρας
2308 5550 2358 5607 ei
2395 5552 2538 5621 quod
2572 5553 2624 5606 in
2656 5551 2764 5606 illis
2792 5552 3000 5606 duobus
3039 5550 3193 5606 codd.
3230 5551 3449 5621 legitur,

1871 5621 2067 5692 γῆρας.
2108 5621 2315 5677 Possm.
