3896 6404
482 293 586 366 190

1662 298 1726 367 S.
1768 298 2065 367 ISIDORI
2103 296 2551 370 PELUSIOT/E
3632 328 3721 391 200

480 430 739 472 manuum
771 415 1170 486 impositionem
1204 418 1259 473 in
1294 419 1470 475 sacris
1495 419 1891 476 initiationibus
1922 437 2055 476 com-

2178 422 2460 492 Πνεύματι
2489 422 2591 487 τὰς
2620 414 2958 495 χειροθεσίας
2990 425 3090 496 τῆς
3122 428 3507 499 μυσταγωγίας
3534 433 3722 509 ἐπιτρέ-

478 508 810 565 mittentem.
838 509 916 563 Ac
933 511 1213 579 siquidem
1241 511 1662 569 calumniatores
1691 524 1855 586 agunt
1882 556 1898 578 ,
1956 517 2066 569 vim

486 598 739 656 Numinis
782 600 1032 656 ultricem
1076 603 1132 658 in
1182 606 1391 674 seipsos
1426 607 1752 662 attrahunt:
1800 608 2066 670 siquidem

482 709 503 742 ι
533 690 731 747 Perdet
758 692 898 747 Deus
924 709 1115 750 omnes
1140 696 1229 764 qui
1256 696 1549 766 loquuntur
1581 698 1920 753 mendacium
1948 698 2013 752 ”.
2043 717 2061 750 ι

479 783 574 839 Sin
601 793 783 837 autem
821 800 947 838 vera
997 785 1292 854 loquuntur
1324 825 1340 852 ,
1393 802 1559 841 nosce
1605 802 1766 857 quem
1805 789 1870 842 ad
1906 789 2065 845 linem

481 874 668 929 tendat
706 876 811 929 hoc
858 874 1105 939 malum,
1167 878 1312 945 quod
1358 877 1745 932 contumeliam
1795 878 1849 933 in
1897 878 2063 933 Deum

468 967 673 1033 exiguo
714 965 867 1021 lucro
913 967 1281 1021 commutasti.
1336 967 1404 1021 Et
1455 970 1578 1034 quis
1631 984 1729 1039 pro
1777 979 1827 1024 te
1864 971 2065 1035 orabit,

475 1058 910 1128 quandoquidem
943 1073 1041 1112 nec
1075 1073 1171 1126 pro
1202 1058 1377 1128 Opimi
1404 1069 1458 1112 et
1492 1059 1723 1114 Pbinees
1748 1062 1837 1130 qui
1874 1062 2067 1116 adver-

473 1165 567 1205 sus
600 1151 768 1205 Deum
838 1151 1118 1222 ipsiusque
1168 1153 1533 1207 sacerdotium
1609 1166 1972 1223 peccaverant
1997 1156 2065 1221 ³⁸,

473 1241 725 1298 inventus
771 1252 855 1298 est
896 1244 1231 1313 quisquam,
1293 1244 1383 1313 qui
1450 1246 1819 1312 deprecatoris
1881 1256 2065 1315 partes

471 1333 815 1403 susciperet,
862 1349 1051 1387 verum
1102 1333 1155 1388 in
1200 1344 1508 1389 extremum
1556 1336 1822 1402 exitium,
1868 1346 1928 1391 ut
1976 1352 2065 1392 sa-

472 1425 696 1480 cerdotii
745 1424 1061 1494 dignitatem
1095 1427 1384 1494 prodentes
1416 1467 1432 1492 ,
1485 1426 1713 1495 conjecti
1752 1430 1923 1482 sunt?

525 1535 742 1591 XXVII.
769 1567 843 1577 -—
864 1535 1337 1593 PIIARISMANIO
1368 1537 1699 1597 EUNUCIIO
1726 1540 2023 1597 PALATII.

2171 529 2364 566 ποντα.
2399 514 2510 567 Καὶ
2551 515 2599 567 εί
2633 514 2732 584 μὲν
2764 516 3184 583 συκοφαντοῦσι,
3239 518 3362 572 καθ’
3400 521 3596 575 ἑαυτῶν
3636 527 3720 578 ἐπ.

2170 602 2477 655 εσπάσαντο
2500 602 2599 672 τὴν
2622 602 2800 676 δίκην,
2829 604 3018 677 ἐπειδὴ
3048 625 3065 657 ι
3098 607 3292 659 ἀπολεῖ
3311 606 3510 678 Κύριος
3541 612 3722 679 πάντας

2177 694 2304 756 τοὺς
2333 692 2631 756 λαλοῦντας
2655 694 2717 746 τὸ
2744 694 2958 765 ψεῦδος.
2996 714 3014 747 ι
3055 697 3118 749 Εἰ
3141 697 3199 750 δὲ
3227 697 3563 767 ἀληθεύουσι,
3579 704 3723 770 γνῶθι

2168 777 2227 837 οἵ
2250 784 2477 857 τελευτᾷ
2501 786 2561 839 τὸ
2585 785 2777 851 κακόν,
2818 787 2902 839 ὅτι
2942 789 3141 859 μικροῦ
3176 789 3400 860 κέρδους
3433 790 3492 843 τὸ
3516 792 3591 856 εἰς
3614 794 3726 850 Θεὸν

2170 877 2414 948 ὑϐρίζειν
2436 877 2795 950 ἀντήλλαξας.
2826 880 2938 932 Καὶ
2971 881 3057 944 τίς
3080 881 3438 951 προσεύξεται
3471 885 3590 954 περὶ
3620 888 3722 951 σοῦ,

2167 969 2356 1040 ἐπειδὴ
2385 972 2522 1042 μήτε
2556 972 2685 1042 περὶ
2729 970 2894 1043 Ὀφνὴ
2920 973 3018 1025 καὶ
3043 974 3249 1040 Φινεὲς,
3280 976 3359 1037 είς
3381 973 3510 1028 Θεὸν
3540 978 3626 1029 καὶ
3644 977 3728 1048 τὴν

2167 1060 2333 1115 αὐτοῦ
2364 1062 2722 1133 ἁμαρτόντων
2758 1063 3080 1137 ἱερωσύνην,
3107 1065 3304 1139 εὑρέθη
3336 1084 3421 1130 τις
3455 1069 3725 1139 πρεσϐευό-

2168 1171 2348 1224 μενος,
2374 1154 2489 1207 ἀλλ’
2512 1157 2593 1218 είς
2613 1154 2841 1226 ἔσχατον
2873 1156 3118 1227 ὄλεθρον,
3154 1157 3231 1222 ὡς
3260 1158 3321 1211 τὸ
3350 1158 3518 1231 γέρας
3548 1162 3726 1231 προπίο

2165 1261 2348 1310 νοντες
2370 1246 2469 1317 τῆς
2492 1246 2813 1320 ἱερωσύνης,
2843 1248 3104 1319 ἐδόθησαν
3123 1267 3138 1315 ;

2166 1530 2291 1584 KZ'.
2315 1561 2386 1569 —
2410 1528 2835 1603 ΦΑΡΙΣΜΑΝΙῼ
2861 1524 3188 1604 ΕΥΝΟΥΧῼ
3218 1532 3358 1585 ΤΟΥ
3379 1530 3726 1588 ΠΑΛΔΤΙΟΥ.

537 1645 714 1700 Audio
747 1657 799 1701 te
832 1647 885 1701 in
920 1647 1228 1703 divinorum
1260 1650 1523 1706 librorum
1559 1653 1911 1709 meditatione
1949 1669 2055 1709 ver-

2238 1642 2452 1698 Ἀκούω
2474 1661 2534 1697 σε
2560 1648 2678 1707 ταῖς
2700 1645 2876 1709 θείαις
2905 1645 3120 1710 Βίϐλοις
3146 1647 3472 1718 ὲμμελετᾷν,
3506 1647 3596 1700 καὶ
3624 1650 3730 1710 ταῖς

470 1739 579 1793 sari
607 1775 623 1802 ,
671 1754 967 1809 eorumque
1015 1741 1345 1798 testimoniis
1390 1744 1679 1799 commode
1723 1745 1791 1800 ad
1843 1747 2055 1816 quosvis

2174 1735 2346 1789 αὐτῶν
2371 1736 2674 1807 κεχρῆσθαι
2708 1738 3041 1808 μαρτυρίαις
3079 1739 3356 1810 ἁρμοδίως
3397 1738 3530 1810 πρὸς
3566 1739 3726 1795 ᾶπαν-

468 1830 592 1883 uti:
634 1845 822 1884 verum
859 1832 1105 1887 avaritia:
1151 1835 1415 1899 studere,
1464 1842 1629 1905 atque
1670 1839 1722 1891 in
1759 1837 1931 1893 aliena
1964 1839 2055 1894 bo-

2174 1844 2266 1891 τας
2290 1828 2427 1900 (27),
2462 1823 2605 1882 εἶναι
2660 1829 2719 1883 δὲ
2761 1830 3113 1901 πλεονέκτην,
3161 1832 3257 1885 καὶ
3296 1834 3410 1895 τοῖς
3458 1831 3731 1903 ἀλλοτρίοις

477 1933 543 1972 na
593 1918 789 1975 insano
842 1922 1078 1991 quodam
1132 1924 1335 1993 impetu
1392 1924 1546 1980 ferri.
1599 1928 1679 1983 Ac
1725 1929 1857 1983 mihi
1910 1929 2055 1985 valde

2174 1919 2589 1991 ἐπιμαινόμενον
2620 1919 2776 1990 βίοις.
2809 1922 2918 1974 Ka‘t
2946 1922 3088 1980 πάνυ
3134 1938 3224 1993 μοι
3253 1921 3557 1993 θαυμάζειν
3582 1923 3728 1993 ἐπέρ-

474 2009 663 2063 ιιιίιτιιί
694 2010 841 2064 subit
871 2049 887 2076 ,
924 2010 1014 2080 qui
1053 2009 1260 2066 factum
1288 2014 1401 2080 sit,
1457 2024 1517 2069 ut
1559 2016 1781 2072 divinus
1829 2032 1985 2072 amor
2014 2029 2055 2073 te

2174 2028 2344 2083 χεται,
2375 2012 2458 2066 ὅτι
2484 2030 2543 2066 σε
2575 2015 2604 2067 ὁ
2646 2012 2789 2078 θεῖος
2816 2013 2956 2084 ἔρως
2987 2013 3090 2068 οὐκ
3122 2015 3367 2085 ἔτρωσεν
3394 2017 3460 2069 ὲκ
3495 2015 3592 2085 τῆς
3620 2024 3731 2068 συν-

471 2097 697 2153 minime
722 2101 1019 2167 sauciarit,
1049 2117 1150 2157 nec
1175 2118 1242 2158 ex
1272 2105 1488 2160 assidua
1525 2106 1792 2172 lectione,
1823 2110 2055 2164 volunla‘

2174 2103 2323 2174 εχοῦς
2352 2103 2735 2174 ἀναγνώσεως,
2773 2105 3083 2177 μεταϐολὴν
3113 2106 3214 2176 τῆς
3244 2106 3561 2178 προθέσεως
3587 2108 3734 2177 ἔργα·

472 2190 544 2245 tis
591 2202 755 2262 atque
803 2192 1039 2249 instituti
1087 2198 1447 2253 mutationem
1508 2199 1772 2267 ell'ecerit,
1827 2203 1921 2272 qui
1959 2220 2055 2258 non

2174 2196 2425 2268 σάμενος,
2483 2199 2511 2251 ό
2538 2198 2612 2268 μὴ
2650 2202 2811 2269 μόνον
2836 2198 2946 2252 τῶν
2989 2198 3290 2272 ἀλλοτρίων
3332 2199 3555 2254 κωλύων
3596 2200 3731 2271 ὲρᾷν,

472 2282 634 2337 modo
661 2284 837 2339 aliena
873 2286 1261 2355 concupiscere
1285 2298 1433 2344 vetat
1458 2328 1475 2355 ,
1518 2292 1613 2346 sed
1651 2295 1823 2365 etiam
1849 2295 2055 2365 propria

2174 2289 2304 2344 ἀλλὰ
2336 2292 2431 2343 καὶ
2457 2289 2528 2343 τά
2552 2289 2825 2362 προσόντα
2854 2290 3172 2362 σκορπίζει-θ
3209 2290 3500 2345 νουθετῶν.
3540 2291 3611 2344 Ἦ
3634 2291 3732 2344 τοί-

469 2388 731 2445 spargere
779 2387 984 2434 monet.
1030 2378 1212 2446 Quare
1259 2391 1354 2436 aut
1408 2381 1593 2453 legens
1632 2362 1915 2455 agnosce,
1950 2362 2055 2443 Vaut

2174 2398 2260 2436 νυν
2286 2380 2679 2450 ἀναγινώσκων
2703 2382 2989 2452 ἐπίγνωθι,
3020 2382 3055 2453 ἢ
3089 2383 3164 2454 μὴ
3200 2381 3581 2451 ἐπιγινώσκων
3610 2382 3731 2437 ἀνά-

472 2482 581 2523 non
625 2481 926 2539 agnoscens
961 2470 1098 2541 lege.
2165 2472 2358 2541 γνῶθι.

748 2560 987 2620 XXVIII.
1018 2593 1090 2607 --
1117 2564 1413 2621 EUSEBIO
1460 2565 1814 2626 EPISCOPO.

527 2643 898 2705 Venerandum
943 2661 992 2706 et
1027 2666 1339 2723 comparatu
1376 2654 1602 2725 difﬁcile
1650 2660 2025 2717 sacerdotium.

2465 2564 2603 2619 KH’.
2630 2581 2701 2604 ---
2728 2563 3021 2636 ΕΥΣΕΒΙῼ
3058 2565 3431 2636 ΕΠΙΣΚΟΠῼ.

2312 2656 2444 2710 Ὀτι
2478 2656 2732 2726 φρικτὸν
2765 2655 2867 2710 καί
2890 2655 3259 2726 δυσέφικτον
3283 2657 3606 2725 ἱερωσύνη.

543 2761 829 2818 Multarum
872 2780 1056 2820 rerum
1093 2783 1248 2824 amor
1295 2768 1347 2824 in
1390 2770 1587 2826 animis
1628 2773 1848 2827 oritur:
1890 2786 1947 2829 at
1969 2790 2055 2831 vo-

2237 2770 2457 2824 Πολλῶν
2486 2768 2701 2834 πολλοῖς
2724 2769 2865 2842 ἔρως
2888 2769 3165 2839 ἐγγίνεται
3192 2767 3328 2841 (28),
3350 2768 3413 2821 ού
3441 2769 3736 2840 συνέρχεται

470 2855 732 2911 luntatem
780 2873 886 2912 non
948 2860 1289 2927 comitatur,
1333 2872 1431 2927 ut,
1475 2876 1597 2916 cum
1643 2863 1909 2933 ejusmodi
1957 2877 2055 2936 est,

2174 2863 2285 2925 ταῖς
2318 2860 2553 2931 βουλαῖς,
2583 2860 2659 2923 ὡς
2681 2862 2995 2931 ἀνέφικτος.
3027 2859 3168 2914 Οὔτε
3201 2861 3309 2932 γὰρ
3338 2860 3617 2931 βασιλείας
3642 2862 3737 2921 πᾶς

470 2944 537 2997 ad
579 2960 739 3014 quem
773 2949 1062 3016 pervenire
1084 2951 1374 3022 quisquam
1406 2964 1661 3026 nequeat.
1702 2954 1891 3028 Neque
1919 2959 2055 3014 enim

2174 2953 2194 3005 5
2227 2951 2547 3022 βουλόμενος
2578 2952 2921 3021 ἐφικνεῖται,
2972 2949 3097 3004 οῦτε
3127 2951 3473 3023 περιουσίας,
3508 2950 3626 3003 οὔτε
3660 2967 3739 3001 συ-

467 3052 729 3107 regnum,
762 3040 1010 3109 quisquis
1040 3043 1181 3109 vult,
1211 3047 1596 3116 consequitur;
1649 3063 1748 3103 nec
1803 3065 1933 3119 opes
1967 3067 2055 3106 nec

2174 3042 2357 3110 ζυγίας
2389 3038 2458 3113 ἦς
2487 3042 2755 3112 βούλεται.
2789 3043 2851 3096 El
2877 3041 3077 3107 τοίνυν,
3106 3041 3182 3105 ὡς
3209 3042 3337 3113 φὴς,
3377 3043 3477 3095 καὶ
3503 3041 3732 3110 Ζὼσιμος

468 3130 778 3200 conjugium
812 3134 972 3201 quale
1016 3133 1148 3188 vult.
1195 3134 1557 3201 Quamobrem
1598 3140 1642 3192 si
1677 3138 1959 3207 Zosimus,
2007 3152 2055 3196 ul

2174 3136 2464 3208 εἰσφρῆσαι
2502 3136 2692 3188 ἑαυτὸν
2724 3135 2818 3188 τοῦ
2845 3134 2983 3189 Θεοῦ
3020 3135 3343 3206 μυστηρίοις
3379 3134 3732 3206 ἀναισχύντως

466 3222 698 3288 scribis,
735 3223 1077 3293 impudenter
1122 3228 1361 3296 seipsum
1387 3268 1403 3295 ,
1444 3244 1511 3285 ac
1553 3246 1649 3297 per
1684 3233 1822 3299 vim,
1874 3234 1928 3288 in
1968 3233 2055 3290 Dei

2174 3227 2438 3295 βιάζεται,
2472 3229 2692 3299 μαθέτω
2722 3227 2812 3281 διὰ
2838 3228 2938 3300 τῆς
2962 3227 3250 3299 ἀκριϐείας
3280 3244 3402 3295 σου,
3428 3228 3510 3281 ὅτι
3532 3227 3737 3297 λεπροῖς

468 3315 729 3385 mysteria
770 3318 1068 3374 immittere
1096 3328 1364 3387 conatur,
1403 3323 1690 3394 diligenter
1730 3338 1861 3379 cura
1898 3333 1957 3380 ut
1983 3325 2055 3379 in-

2174 3320 2194 3372 5
2236 3319 2330 3372 τοῦ
2368 3318 2506 3372 Θεοῦ
2550 3319 2678 3383 ναὸς
2719 3318 3094 3383 ἀποκλείεται,
3146 3318 3338 3390 μέχρις
3396 3318 3465 3373 ἂν
3510 3318 3609 3390 τὴν
3650 3315 3735 3370 τοῦ

466 3405 709 3472 telligat,
748 3403 841 3460 Dei
870 3406 1128 3478 templum
1159 3409 1390 3479 leprosis
1437 3413 1627 3466 tandiu
1656 3412 1900 3468 clausum
1919 3428 2055 3480 esse,

2174 3411 2372 3475 πάθους
2410 3410 2592 3482 λώϐην
2629 3407 3077 3482 ἁποσμήξωνταιι

466 3499 646 3566 quoad
676 3507 1013 3554 contractum
1052 3516 1118 3555 ex
1151 3505 1343 3558 morbo
1377 3505 1565 3559 vitium
1606 3507 1968 3563 absterserint
1991 3508 2058 3560 ".

521 3610 716 3669 XXIX.
749 3641 821 3656 —
866 3612 1073 3673 LUCIO
1153 3615 1425 3673 PELUSII
1455 3619 1995 3677 ARCIIlDlACONO.

1105 3710 1189 3763 Ad
1213 3726 1422 3766 avaros.

2214 3612 2343 3668 ΚΘ.
2377 3632 2446 3653 ——'-
2474 3605 2739 3682 ΛΟΥΚΙῼ
2780 3611 3253 3682 ΑΡΧῙΔΙΑΚΟΝῼ
3298 3610 3706 3665 ΠΗΛΟΥΣΙΟΥ.

2468 3702 2628 3771 Πρὸς-
2654 3704 3057 3772 φιλαργυριαν
3087 3703 3453 3768 νοσοῦντας.

2234 3816 2299 3870 El
2327 3815 2597 3887 ὀφθαλμοὶ
2626 3815 2928 3869 ἐπισκόπου
2961 3815 3321 3887 τυγχάνουσιν
3352 3818 3405 3871 οῖ
3431 3817 3526 3871 τοῦ
3552 3814 3739 3871 σεπτοῦ

2165 3908 2551 3979 θυσιαστηρίου
2578 3907 2835 3972 διάκονοι,
2866 3908 2931 3961 σὺ
2960 3907 3018 3961 δὲ
3040 3907 3249 3961 τούτων
3279 3909 3426 3963 κατά
3467 3910 3739 3981 συγχώρη-

2166 4016 2251 4054 σιν
2281 3999 2417 4054 Θεοῦ
2455 4000 2666 4072 ἄρχεις,
2700 4000 2818 4065 ὅλος
2857 3999 3137 4071 ὀφθαλμὸς
3184 4000 3425 4069 ὀφείλεις
3464 4002 3739 4073 ὑπάρχειν,

2164 4093 2241 4156 ὡς
2260 4092 2331 4146 τὰ
2354 4090 2469 4156 ζῶα
2497 4092 2861 4163 πολυόμματα
2935 4093 3146 4165 (ἐπειδὴ
3196 4093 3292 4147 καὶ
3323 4097 3391 4165 τῇ
3438 4095 3576 4166 πρὸς
3622 4092 3744 4166 [τὸν]

467 4185 536 4242 ad
566 4186 732 4243 Deum
763 4190 969 4243 ratione
996 4228 1013 4255 ,
1046 4204 1111 4244 ea
1144 4190 1379 4245 imitaris
1406 4228 1422 4255 ,
1456 4206 1559 4244 non
1589 4191 1699 4245 vita
1721 4230 1738 4257 ,
1778 4199 1838 4245 ut
1873 4191 2054 4255 audio,

2174 4183 2297 4238 Θεὸν
2325 4185 2508 4237 ἐκεῖνα
2549 4186 2693 4255 μιμῇ
2724 4184 2838 4255 (9.9)
2876 4183 3162 4255 ὲγγύτητι,
3194 4185 3318 4255 οὐχὶ
3356 4185 3482 4256 βίῳ,
3510 4186 3586 4249 ὡς
3618 4202 3743 4255 μανι

446 4277 563 4333 ἐοό
587 4280 703 4333 sola
747 4280 989 4335 muneris
1022 4281 1163 4336 sacri
1206 4279 1529 4352 functione),
1566 4296 1630 4335 ac
1684 4294 1788 4334 non
1855 4280 2055 4350 impro-

2174 4274 2331 4341 θάνω,
2362 4273 2500 4328 ἀλλὰ
2531 4274 2670 4348 μόνῃ
2699 4276 2764 4346 τῇ
2805 4274 3162 4347 λειτουργίᾳ),
3222 4277 3318 4329 καὶ
3368 4276 3447 4348 μὴ
3489 4275 3747 4338 σκοτίζειν

469 4368 553 4424 bis
601 4370 794 4426 studiis
840 4379 1003 4439 atque
1047 4370 1327 4438 consiliis,
1388 4380 1442 4425 et
1488 4370 1867 4425 honorandum
1910 4369 2055 4424 illum

2174 4368 2275 4430 τοῖς
2304 4365 2531 4435 φαύλοις
2569 4365 2989 4437 ἐπιτηδεύμασι,
3036 4366 3131 4419 καὶ
3180 4365 3273 4419 τὸν
3310 4367 3499 4437 τίμιον
3549 4368 3745 4419 ἐκεῖνον

467 4459 696 4514 chorum
723 4476 787 4515 ac
817 4462 1156 4528 sodalitium,
1187 4471 1244 4516 et
1292 4462 1601 4531 episcopum
1638 4462 1743 4531 ιο
1773 4460 1869 4516 tibi
1898 4470 2055 4516 teme-

2174 4456 2352 4512 θίασον
2380 4458 2473 4514 κιιῖ¹
2524 4457 2709 4528 χορὸν,
2747 4457 2842 4510 καὶ
2881 4456 2973 4509 τὸν
3023 4455 3346 4527 πειθόμενόν
3397 4474 3483 4511 σοι
3518 4457 3748 4529 ἀκρίτως

543 3813 601 3871 Si
643 3818 936 3874 venerandi
966 3819 1155 3876 altaris
1199 3822 1412 3878 diaconi
1448 3823 1690 3895 episcopi
1714 3824 1857 3881 oculi
1914 3831 2060 3891 sunt,

469 3908 714 3979 proiecto
756 3926 880 3966 cum
926 3924 980 3967 tu
1018 3912 1111 3969 Dei
1152 3916 1420 3985 permissu
1476 3917 1608 3987 ipsis
1658 3918 1886 3987 praesis,
1921 3927 2065 3973 totus

468 3998 659 4056 oculus
691 4015 815 4056 esse
839 4003 1003 4059 debes
1042 4005 1497 4073 quemadmodum
1531 4007 1789 4062 animalia
1821 4008 1911 4063 illa
1937 4010 2060 4079 plu-

470 4093 622 4149 rimis
652 4094 824 4150 oculis
847 4098 1072 4165 praedita
1086 4097 1131 4130 ³⁸
1151 4097 1430 4169 (quoniam
1461 4099 1627 4154 etiam
1647 4100 2064 4170 propinquitatis

470 4568 531 4608 re
572 4567 638 4607 ac
700 4553 819 4608 sine
882 4554 1085 4623 judicio
1150 4568 1355 4609 morem
1404 4563 1678 4624 gerentem
1732 4553 2058 4615 obscurare,

467 4645 826 4716 divinumque
860 4646 1163 4701 sacrarium
1205 4660 1301 4717 per
1333 4645 1618 4700 avaritiam
1654 4642 2056 4708 contaminare,

468 4738 597 4793 dum
641 4754 772 4808 opes
805 4738 900 4793 tibi
926 4739 1026 4809 ipsi
1080 4754 1175 4810 per
1216 4738 1574 4794 nummariam
1600 4752 1859 4791 manuum
1886 4735 2058 4803 impo-

465 4832 719 4889 sitionem
760 4833 992 4901 aggeris.
1037 4829 1300 4887 Dominus
1341 4831 1486 4886 enim
1521 4845 1618 4885 eos
1647 4870 1661 4891 .
1713 4829 1805 4899 qui
1851 4828 2058 4884 colum-

467 4926 566 4980 bas
594 4925 944 4991 vendebant,
985 4922 1166 4995 ﬂagris
1208 4938 1239 4978 a
1274 4922 1473 4993 templo
1499 4921 1796 4991 eXpulit".
1862 4919 2065 4986 Quam-

464 5014 654 5071 obrem
727 5030 796 5071 ne
854 5025 911 5071 tu
945 5030 1160 5086 quoque
1216 5018 1405 5071 eodem
1449 5015 1611 5070 modo
1661 5010 2065 5076 submovearis,

2167 4550 2490 4615 ἐπίσκοπον,
2526 4551 2625 4603 καὶ
2670 4549 2914 4619 χραίνειν
2970 4548 3031 4601 τὸ
3069 4549 3213 4603 θεῖον
3251 4549 3405 4620 βῆμα
3447 4549 3742 4618 πλεονεξίᾳ,

2166 4642 2264 4696 καὶ
2286 4642 2487 4714 πόρους
2516 4641 2727 4713 σεαυτῷ
2747 4642 2855 4695 ἀπὸ
2882 4642 3051 4713 τιμῆς
3081 4642 3429 4713 χειροτονιῶν
3458 4642 3741 4713 ἀθροίζειν.

2165 4734 2305 4796 Τοὺς
2346 4732 2456 4804 γὰρ
2492 4732 2806 4796 πωλοῦντας
2847 4732 2947 4798 τὰς
2994 4731 3322 4805 περιστερὰς
3360 4733 3617 4798 ἐξέϐαλεν
3646 4733 3747 4786 ἀπὸ

2166 4823 2261 4878 τοῦ
2318 4823 2451 4878 ναοῦ
2497 4825 2762 4895 μαστίξας
2806 4824 2835 4877 ὀ
2877 4825 3102 4895 Κύριος.
3154 4826 3273 4879 Ἵνα
3314 4825 3501 4879 τοίνυν
3540 4824 3615 4897 μὴ
3658 4825 3749 4877 σὺν

2171 4915 2402 4979 ἐκείνοις
2427 4915 2632 4986 (scene,
2656 4915 2864 4970 παῦσαι
2893 4914 3039 4970 οὕτω
3075 4917 3347 4984 πλουτῶν,
3390 4918 3489 4973 καὶ
3526 4917 3656 4987 ῦλην
3678 4916 3749 4985 τῷ

2177 5007 2424 5079 μέλλοντι
2449 5007 2751 5080 ἑτοιμάξων
2776 5007 2931 5078 πυρί.

464 5111 654 5166 desine
692 5124 823 5180 opes
858 5109 933 5164 ita
968 5122 1191 5179 angere,
1228 5123 1293 5163 ac
1323 5106 1609 5163 materiam
1634 5105 1820 5160 futuro
1842 5103 1953 5173 igni
1976 5116 2191 5172 parare.

519 5231 566 5264 ⁸⁸
593 5230 737 5287 Psal.
775 5247 832 5296 v,
868 5230 924 5286 7.
1000 5227 1092 5283 ³⁸1
1126 5229 1262 5300 Reg.
1295 5244 1359 5294 II,
1388 5228 1493 5294 54;
1524 5242 1599 5294 tv,
1632 5226 1720 5281 Η.
1784 5225 1827 5258 ³⁷
1857 5222 2033 5279 Levit.

2174 5239 2206 5287 ι,
2244 5223 2298 5277 Δ.
2374 5222 2419 5255 ³⁸
2441 5221 2641 5277 Ezecb.
2680 5222 3122 5293 1.1836312.
3199 5225 3244 5258 ³³
3269 5223 3429 5281 Joan.
3460 5242 3523 5291 ιι,
3554 5222 3749 5291 “,15.

1582 5340 1818 5399 VARUE
1857 5339 2246 5397 LECTIONES
2282 5340 2372 5395 ET
2406 5338 2647 5397 NOTAE.

542 5472 658 5547 (27)
693 5472 863 5547 Codd.
898 5472 1058 5547 modo
1081 5469 1363 5547 memorati
1388 5470 1547 5547 ambo
1581 5465 1719 5547 πρὸς
1746 5464 1964 5547 ἅπαντα
1993 5464 2045 5547 in

470 5534 662 5600 neutro
692 5546 892 5613 legunt.
917 5543 1166 5613 lidemiin
1201 5544 1307 5613 line
1330 5540 1570 5613 epistolae
1598 5534 1685 5591 illa
1720 5538 1882 5591 verba
1908 5534 1942 5605 ἢ
1972 5535 2047 5605 μὴ

470 5608 846 5683 ἐπιγινώσκων
866 5612 1164 5682 ἀνάγνωθι,
1190 5608 1466 5683 omittunt.
1487 5608 1713 5683 ‘Possm.

541 5673 653 5755 (ἐὸ)
681 5684 809 5739 Post
828 5673 1160 5755 VEYTIWIETQL,’
1179 5684 1356 5755 insere
1385 5680 1522 5755 ἀλλ’,
1551 5688 1769 5733 auctore
1799 5674 1918 5755 cod.
1942 5673 2049 5755 _Alt.

466 5747 561 5812 cui
597 5747 1024 5816 censentit'Vat.
1062 5754 1189 5810 649.
1222 5752 1319 5809 llic
1356 5752 1519 5817 etiam
1550 5762 1709 5817 vers.
1754 5747 2051 5814 penultimo

2155 5478 2269 5538 non
2285 5461 2654 5538 ἀποκλείεται-
2669 5461 2815 5538 legit,
2836 5464 2931 5518 sed
2948 5463 3389 5533 ἀποκέκλεισται,
3417 5466 3749 5538 suﬂ‘ragantc

2156 5534 2360 5605 pariter
2392 5532 2686 5605 Altaeﬂmsi.
2713 5533 2923 5605 Possm.

2231 5604 2374 5679 (29)Δ
2399 5600 2589 5679 Μιμῇ.
2636 5602 2816 5679 _(_30dd.
2861 5602 2992 5679 _Va_t.
3043 5605 3170 5679 δίε),
3227 5605 3428 5679 οιλΔΙι.
3464 5607 3743 5679 -μιμῆσαιο

2159 5673 2314 5731 Vcrs.
2348 5674 2403 5731 9.
2436 5673 2740 5745 πλεονεξίᾳ,
2770 5676 2893 5730 cod.
2927 5677 3036 5730 Alt.
3062 5676 3420 5743 πλεονεξίαις.
3461 5673 3677 5736 Possint.
