3896 6404
488 374 595 436 203
1652 371 1712 429 s.
1755 370 2046 432 ISIDORI
2086 374 2521 435 PELUSIOT/E
3607 387 3696 451 ξω

490 494 583 547 δη,
615 481 844 551 quaeris,
878 488 951 541 et,
979 479 1023 535 si
1054 479 1313 548 propheta
1349 476 1464 549 ipse
1497 488 1648 539 erat.
1680 482 1934 547 quidnam
1970 483 2028 551 ι]

2190 485 2463 556 Ἰωάννης,
2482 485 2576 538 καὶ
2597 485 2646 538 εί
2674 486 2959 555 προφήτης
2983 487 3010 538 ὁ
3035 485 3307 555 Ἰωάννης,
3331 486 3381 539 τί
3404 483 3465 559 ἦν
3496 490 3547 542 ὲν
3570 494 3695 563 αύτῷ

487 574 803 645 praphetica
840 571 1099 641 dignitate
1144 568 1375 637 amplius
1424 578 1478 623 et
1521 570 1869 627 excellentius
1904 574 2025 629 habt

2168 575 2552 646 περισσότερον
2572 577 2851 646 προφήτου
2871 594 2886 643 ;
2903 576 3123 647 Ἐπειδὴ
3140 576 3296 629 τοῦτο
3310 578 3451 646 λέγει
3466 581 3695 652 ὁΚύριος.

485 664 684 721 bat“?
732 662 1011 732 Siquidem
1067 661 1170 716 hoc
1204 661 1468 716 Dominus
1516 661 1673 716 dixit.
1720 662 1859 717 Audi
1906 664 2023 733 igitr

2170 665 2368 718 Ἀκουε
2396 667 2577 720 τοίνυν
2604 667 2832 721 πλεῖστα
2855 670 2913 721 ὲν
2942 668 3145 736 ὀλίγοις
3174 685 3190 701 ο
3231 670 3425 738 μείζων
3453 675 3505 724 ὲν
3529 689 3694 743 γεννη-

470 760 674 829 paucis
716 757 896 812 verbis
938 754 1172 826 plurima
1208 773 1221 809 :
1257 754 1463 810 Idcirco
1513 755 1683 823 major
1722 756 1863 812 inter
1913 768 2008 811 nat

2165 760 2279 821 τοῖς
2325 761 2601 826 γυναικῶν
2626 762 2654 812 6
2706 762 2977 830 Ἰωάννης,
3027 761 3211 832 ἐπειδὴ
3248 760 3306 826 ἐξ
3334 763 3494 832 αὐτῆς
3532 764 3697 833 νηδύος

487 852 775 905 mulierum
811 846 1046 903 Joannes
1075 885 1090 911 ,
1141 846 1266 917 quia
1310 861 1379 902 ex
1423 847 1542 916 ipso
1578 858 1827 902 materno
1875 857 2025 901 ventr

2168 853 2441 923 μητρικῆς
2484 854 2884 925 προεφήτευσε,
2916 853 3010 907 καὶ
3042 854 3099 906 ἐν
3127 853 3306 905 σκότει
3340 856 3696 925 κρυπτόμενος,

485 943 813 997 vaticinatus
835 949 917 995 est
941 940 1015 1004 ⁸⁵,
1055 950 1216 1009 atque
1246 940 1297 992 in
1333 938 1572 994 tenebris
1601 940 1814 995 abditus
1839 983 1854 1007 ,
1887 950 1942 997 et
1972 956 2023 996 or

2170 944 2231 995 τδ
2255 943 2370 1012 φῶς
2397 943 2568 1009 ἐλθὸν,
2594 946 2693 997 οὐκ
2723 946 2981 1015 ἠγνόησε.
3018 945 3405 1017 Περισσότερον
3429 946 3482 999 δὲ
3516 963 3699 1019 προφη-

486 1032 753 1096 cultatus,
786 1030 964 1085 lumen
996 1071 1010 1094 ,
1053 1030 1195 1100 quod
1224 1040 1483 1096 venerat,
1514 1031 1734 1086 minime
1774 1032 2014 1101 ignoravi

2170 1034 2301 1098 τῶν,
2332 1032 2390 1087 τὸ
2413 1035 2506 1087 καὶ
2526 1035 2688 1088 αὑτὸν
2714 1035 2839 1088 ἰδεῖν
2860 1038 2916 1090 ἐν
2939 1036 3103 1107 σαρκὶ
3126 1035 3215 1089 τὸν
3241 1037 3699 1106 προφητευὸμενον,

483 1123 598 1180 Hoc
628 1134 807 1178 autem
847 1124 1063 1176 nomine
1107 1122 1399 1192 prophetas
1428 1122 1700 1177 antecellit
1720 1163 1736 1189 ,
1769 1125 1909 1192 quod
1939 1139 2021 1179 eui

2168 1124 2228 1177 ὃν
2255 1126 2455 1189 πάντες
2487 1128 2536 1179 οἱ
2577 1127 2915 1198 πατριάρχαι
2954 1129 3050 1180 καὶ
3083 1131 3377 1199 προφῆται,
3415 1128 3477 1180 δι’
3505 1128 3702 1199 ὀνείρων

481 1232 740 1285 quoque,
790 1215 880 1284 qui
933 1214 1375 1284 praedicebatur,
1428 1215 1481 1268 in
1528 1230 1691 1270 carne
1740 1216 2018 1285 conspexit

2170 1216 2269 1286 μὲν
2311 1217 2342 1288 ἢ
2369 1217 2642 1271 ὀπτασιῶν
2668 1219 3104 1288 ἐφαντάσθησαν,
3132 1218 3401 1290 θεωρῆσαι
3427 1219 3482 1272 δὲ
3507 1220 3703 1288 αύτοψεὶ

480 1324 638 1375 quem
678 1308 1000 1377 patriarchae
1039 1320 1228 1359 omnes
1261 1320 1326 1360 ac
1378 1307 1673 1377 prophetae,
1728 1322 1825 1375 per
1848 1308 2018 1361 somni

1043 1320 1228 1359 omnes
1261 1320 1326 1360 ac
1378 1307 1673 1377 pr0phetae,
1728 1322 1825 1375 per
1848 1308 2057 1361 somnia
2163 1310 2262 1361 οὐκ
2296 1311 2581 1382 ἐπέτυχον.

478 1402 698 1471 quidem
733 1409 825 1453 aut
861 1398 1101 1453 visiones
1135 1412 1356 1467 quoquo
1382 1398 1539 1452 modo
1566 1397 1948 1465 int‘ormarunt,
2012 1398 2186 1468 reipsa
2262 1411 2439 1458 autem
2504 1412 2670 1473 atque
2742 1403 2916 1459 oculis
2968 1417 3277 1473 perspicere
3357 1404 3568 1461 minime
3623 1418 3685 1474 po

374 1485 387 1499 ‘
480 1502 717 1549 tuerunt.

958 1585 1198 1641 XXXIV.
1231 1614 1301 1627 -—-
1334 1584 1562 1639 EIDEM.

2658 1592 2779 1644 ΛΔ’.
2817 1621 2884 1631 -
2914 1592 3005 1663 Τῼ
3042 1588 3242 1661 arm.

465 1680 551 1733 ‘De
579 1679 989 1749 interrogatione
1020 1679 1412 1791 Prwcursorgs:
1445 1698 1463 1729 ‹
1498 1678 1575 1732 Tu
1606 1695 1659 1733 es
1698 1680 1788 1749 qui
1814 1689 2003 1733 ventur:

1222 1759 1295 1802 est
1324 1792 1338 1804 .
1384 1768 1405 1802 ι

2168 1674 2303 1752 Περὶ
2353 1684 2465 1751 τῆς
2502 1684 2847 1752 ἐρωτήσεως
2889 1685 2996 1739 τοῦ
3035 1683 3381 1753 Προδρόμου
3414 1699 3427 1712 ο
3466 1680 3580 1735 «Σὺ
3605 1674 3706 1734 eT‘d

2741 1757 3066 1825 ἐρχόμενος
3088 1773 3107 1820 ;
3136 1773 3152 1804 ι

550 1883 569 1914 ι
588 1862 665 1915 Tu
691 1877 751 1917 es
764 1861 854 1932 qui
874 1870 1136 1917 venturus
1153 1877 1229 1926 es,
1252 1878 1317 1915 an
1345 1862 1507 1916 alium
1537 1863 1974 1931 exspectamus“
1996 1863 2048 1917 ἲ»

2238 1884 2256 1916 ‹
2300 1866 2371 1919 Σὺ
2419 1861 2470 1919 εἴ
2506 1867 2534 1919 6
2580 1867 2911 1938 ἐρχόμενος,
2952 1867 2985 1937 ἢ
3020 1866 3205 1937 ἓτερον
3252 1862 3702 1935 προσδοκῶμεν;ι

456 1956 703 2011 Domino
762 1954 1099 2024 signiﬁcabat
1139 1952 1371 2010 Joannes
1397 1996 1411 2020 ,
1443 1970 1562 2009 cum
1592 1956 1839 2010 veritatis
1866 1971 1994 2009 caus

2174 1956 2427 2029 Ἰωάννης
2456 1958 2534 2028 τῷ
2572 1960 2763 2030 Κυρίῳ
2807 1959 3019 2028 ἐδήλου,
3061 1958 3201 2026 ὑπὲρ
3240 1955 3492 2026 ἀληθείας
3536 1953 3709 2006 ἀποτέ-

473 2055 635 2116 eaput
678 2046 727 2099 ei
759 2045 1145 2115 amputandum
1178 2055 1351 2108 esset,
1396 2060 1628 2115 suosque
1670 2046 1960 2114 discipulos
1987 2063 2011 2099 a

2168 2048 2391 2114 μνεσθαι
2430 2047 2661 2117 μέλλων,
2693 2047 2787 2101 καὶ
2823 2048 2949 2110 τοὺς
2979 2046 3213 2108 οἰκείους
3237 2042 3449 2115 [αὑτοῦ]
3486 2042 3706 2112 μαθητὰς

472 2153 594 2192 eum
633 2137 905 2191 adducere
946 2136 1235 2201 studeret,
1286 2136 1375 2204 qui
1418 2136 1487 2190 ob
1541 2148 1851 2191 accuratam
1893 2148 2010 2205 atqu

2171 2142 2532 2210 προσαγαγεῖν
2581 2139 2918 2204 σπουδάζων,
2969 2135 3411 2209 ἀμφιϐάλλοντας
3454 2133 3583 2205 πρὸς
3622 2131 3709 2202 τὴν

471 2229 723 2283 omnibus
774 2229 988 2282 virtutis
1035 2228 1273 2282 numeris
1316 2228 1617 2282 absolutam
1650 2229 1819 2296 ipsius
1861 2230 2009 2282 vitan

2171 2229 2326 2282 αὑτοῦ
2361 2231 2688 2303 μαρτυρίαν,
2732 2233 2781 2284 εί
2820 2230 3022 2301 μείζων
3061 2229 3208 2281 ἐστὶν
3245 2229 3274 2281 6
3305 2226 3508 2296 Κύριος
3545 2223 3709 2277 Ἰωάν-

453 2320 538 2375 ‘ad
563 2320 728 2389 ipsius
747 2319 1109 2374 testimonium
1137 2360 1152 2385 ,
1184 2335 1308 2373 num
1329 2320 1583 2374 Dominus
1606 2335 1668 2375 eo
1697 2321 1867 2388 major
1887 2334 1991 2374 ess:

2174 2338 2274 2389 mu,
2315 2323 2425 2395 [διὰ
2459 2324 2558 2394 τὴν
2588 2324 2791 2393 ἀκριϐῆ
2839 2322 3114 2376 πολιτείαν
3157 2318 3429 2390 Ἰωάννου]
3456 2315 3712 2371 καὶτοῦτο

469 2409 839 2479 ambigebant.
880 2408 1056 2478 Atque
1096 2409 1148 2463 id
1195 2409 1455 2463 Dominus
1498 2424 1594 2477 per
1627 2424 1688 2461 ea
1717 2423 1836 2478 qua:
1865 2408 2007 2463 Statii

2173 2418 2223 2469 it’
2253 2434 2327 2469 ων
2357 2415 2516 2477 εὐθὺς
2559 2414 2794 2486 ἔπραξεν
2832 2417 2861 2467 6
2903 2413 3107 2485 Κύριος
3140 2412 3333 2476 ἔδειξε,
3360 2412 3480 2472 ταῖς
3513 2407 3711 2467 πολλαῖς

471 2499 637 2574 fecit,
673 2500 1093 2565 demonstravit,
1133 2514 1254 2554 cum
1289 2514 1383 2567 per
1410 2499 1573 2552 multa
1607 2499 1863 2553 miracula
1887 2498 2009 2552 Joar

2172 2504 2625 2575 ὶαυματουργίαις
2649 2502 3026 2571 ὲπαληθεύσας
3060 2500 3159 2570 τὴν
3208 2498 3511 2570 μαρτυρίαν
3549 2494 3710 2550 Ἰωάν-

474 2592 559 2647 nis
594 2590 961 2645 testimonium
1006 2590 1415 2659 comprobavit:
1460 2605 1660 2659 eosque
1700 2590 1789 2660 qui
1829 2588 2012 2643 Joanni

2174 2613 2268 2661 μου,
2312 2596 2406 2649 καὶ
2444 2595 2565 2665 ὄψει
2599 2594 3053 2665 πιστωσαμένους
3088 2592 3188 2663 τὴν
3216 2590 3390 2663 ἀκοὴν
3433 2589 3555 2653 τοὺς
3598 2588 3712 2641 dm-

470 2683 652 2737 verbis
687 2681 1034 2748 diﬂidebant,
1069 2680 1141 2734 ita
1188 2682 1434 2747 dimisit,
1462 2690 1522 2735 ut
1549 2681 1719 2735 oculis
1748 2689 1908 2750 atque
1934 2681 2008 2750 ips

1215 2682 1394 2735 limisit
1419 2720 1434 2747 ,
1462 2690 1522 2735 ut
1549 2681 1719 2735 oculis
1748 2689 1908 2750 atque
1934 2681 2049 2750 ipso
2157 2687 2415 2753 στοῦντας
2441 2687 2753 2757 ἐκπέμψας.

448 2781 689 2845 aspectu
723 2771 1101 2827 conﬁrmatum
1133 2771 1397 2825 haberent
1440 2771 1492 2825 id
1546 2770 1689 2841 quod
1718 2771 1938 2825 auribus
1964 2786 2050 2826 ac-

467 2876 745 2936 ceperant.

642 2956 859 3013 XXXV.
888 2986 957 2997 —
984 2954 1378 3011 TIIEODOSIO
1415 2956 1865 3011 IMPERATORI.

1862 3000 1865 3009 ν
2490 2959 2611 3012 ΛΕ¹.
2651 2986 2720 2997 --
2749 2955 3076 3025 ΘΕΟΔΟΣΙῼ
3106 2952 3400 3006 ΒΛΣῘΛΕῘ.

533 3074 590 3127 Si
627 3071 831 3127 Christi
882 3088 1107 3141 regnum
1154 3072 1376 3140 adipisci
1419 3072 1635 3134 studes,
1668 3073 1809 3140 quod
1850 3087 2045 3127 corru-

2223 3075 2285 3127 Εἰ
2317 3073 2414 3143 τῆς
2442 3070 2679 3143 Χριστοῦ
2716 3068 2992 3140 βασιλείας
3031 3068 3312 3137 ἀντιποιῇ,
3350 3064 3420 3136 ἢν
3458 3064 3492 3135 ἡ
3524 3061 3715 3133 ἀφθαρ-

470 3165 670 3233 ptionis
712 3164 890 3218 omnis
938 3177 1131 3232 expers
1181 3163 1509 3231 perpetuitas
1550 3171 1805 3230 tanquam
1847 3178 2008 3218 eoron

2176 3185 2241 3231 τος
2270 3165 2499 3236 διαμονή
2527 3165 2799 3233 στεφανοῖ,
2825 3161 2921 3215 καὶ¹
2957 3158 3191 3213 ἔπαθλον
3217 3162 3319 3227 τῆς
3354 3154 3595 3227 φθαρτῆς
3614 3156 3714 3215 τοῖς

448 3256 669 3326 ·σὶηεὶι,
707 3257 956 3324 quodque
1010 3254 1151 3308 Deus
1182 3261 1280 3322 prd
1339 3255 1545 3309 caduco
1585 3254 1811 3323 imperio
1860 3256 1927 3311 iis
1958 3272 1986 3326 q

2177 3259 2401 3331 [ρηστῶς
2435 3257 2605 3327 αὐτὴν
2647 3255 2923 3308 διέπουσιν
2959 3252 3154 3322 ἔθηκεν
3180 3253 3209 3304 6
3246 3250 3405 3313 Θεὸς,
3432 3245 3715 3319 ήμερότητι

456 3348 727 3416 praeclare
772 3357 936 3413 atque
982 3347 1208 3400 honeste
1234 3345 1379 3399 istud
1409 3345 1870 3409 administrarint,
1912 3362 1994 3415 pra

2179 3353 2309 3421 ιίρνα
2342 3350 2440 3421 τὴν
2470 3347 2740 3413 ἐξουσίαν,
2777 3346 2871 3399 καὶ
2908 3345 3080 3399 δέοντι
3115 3340 3447 3414 σκορπισμῷ
3478 3340 3539 3392 τὸ
3570 3337 3717 3407 βάρος

467 3439 562 3494 mii
594 3439 713 3493 loco
746 3436 1068 3500 constituit,
1110 3436 1404 3504 potentiam
1454 3446 1601 3490 tuam
1636 3439 2005 3494 mansuetudin

2177 3443 2372 3512 ιούφιζε
2399 3439 2494 3493 τοῦ
2539 3439 2768 3492 πλούτου
2805 3454 2820 3468 ο
2873 3435 2995 3490 οὕτε
3039 3434 3148 3505 γὰρ
3194 3432 3432 3496 σώζεται
3481 3427 3715 3501 βασιλεὺς

469 3545 533 3584 ac
566 3529 835 3584 suavitate
881 3538 1121 3596 tempera
1149 3570 1163 3593 ,
1214 3527 1662 3597 convenientique
1711 3530 2007 3600 dispersion

2184 3532 2237 3586 ιὰ
2278 3531 2477 3602 πολλὴν
2517 3531 2781 3598 δύναμιν,
2834 3526 2959 3581 οὔτε
3007 3523 3428 3595 εἰδωλολατρίας
3473 3517 3715 3589 ικφεύγει

468 3636 607 3674 onus
634 3619 941 3673 divitiarum
975 3620 1113 3675 leva.
1160 3620 1342 3689 Neque
1390 3620 1533 3673 enim
1560 3620 1798 3675 salvatur
1834 3638 1926 3676 rex
1954 3638 2006 3692 pr

1954 3638 2050 3692 per
2147 3623 2425 3688 ἀσέϐειαν,
2453 3623 2481 3675 6
2505 3620 2599 3675 τοῦ
2628 3622 2840 3692 ῥέοντος
2871 3617 3098 3672 πλούτου
3132 3615 3476 3686 φειδόμενος.

471 3710 695 3764 multam
736 3710 1033 3779 potentiam
1063 3709 1147 3763 δῖε
1198 3724 1374 3778 neque
1430 3710 1578 3779 impii
1632 3711 2044 3768 simulacrorum

470 3802 649 3855 cultus
683 3800 890 3855 crimen
918 3798 1108 3871 etl‘ugit
1129 3800 1212 3867 ⁸⁸,
1254 3802 1346 3870 qui
1384 3799 1540 3855 ﬂtixis
1578 3801 1770 3870 Opibus
1799 3803 1990 3871 parcit.

718 3912 953 3967 XXXVI.
987 3942 1041 3953 -—-
1076 3911 1426 3968 ANTIOCHO
1469 3912 1787 3969 SPADONI.

2269 3914 2408 3979 AG’.
2434 3940 2506 3952 —
2527 3908 2833 3978 ΑΝΤΙΟΧῼ
2862 3904 3191 3975 ΕΥΝΟΥΧῼ
3217 3898 3594 3956 ΠΑΛΑΤῘΟΥ.

540 4025 731 4094 Operae
761 4025 987 4093 pretium
1022 4033 1104 4078 est
1142 4034 1215 4090 te,
1243 4039 1363 4079 cum
1386 4039 1569 4079 sacros
1586 4024 1780 4079 Libros
1808 4024 2043 4090 evolvas,

2218 4023 2337 4093 Χρή
2366 4038 2423 4074 σε
2459 4020 2558 4083 τὰς
2596 4019 2749 4090 ἱερὰς
2794 4015 3210 4072 ἀναπτύσσοντα
3244 4014 3498 4075 Βίϐλους,
3538 4007 3629 4063 καὶ
3656 4005 3714 4075 τῇ

469 4128 630 4185 atque
671 4121 721 4171 in
753 4132 937 4171 eorum
961 4155 977 4180 ,
1006 4126 1064 4169 ut
1084 4117 1273 4180 audio,
1306 4116 1539 4171 lectione
1575 4116 1788 4170 assidue
1817 4116 2007 4170 hzereat

2185 4111 2324 4163 ύτῶν
2365 4107 2818 4178 ἐγκαρτεροῦντα,
2871 4104 2947 4167 ὥς
2997 4121 3194 4172 φασιν,
3241 4101 3579 4171 ἀναγνώσει,
3626 4097 3720 4164 τὴν

467 4206 770 4260 admirandi
798 4204 1035 4259 Danielis
1066 4204 1350 4259 historiam
1378 4220 1539 4261 nosse
1560 4206 1639 4259 ":
1668 4219 1859 4272 nempe
1882 4220 2005 4274 quor

2179 4204 2290 4255 ατὰ
2338 4201 2430 4253 τὸν
2476 4199 2780 4269 θαυμάσιον
2819 4196 3016 4268 Δανιὴλ
3070 4194 3314 4267 ἱστορίαν
3371 4193 3597 4253 εἰδέναι,
3642 4189 3717 4240 ὅτι

467 4314 589 4352 cum
630 4298 683 4351 in
726 4297 918 4351 mediis
954 4296 1161 4351 erroris
1178 4294 1434 4351 ﬂuctibus
1471 4306 1809 4360 versaretur,
1841 4296 2005 4350 nullm

2182 4295 2316 4356 ,έσος
2352 4291 2445 4346 τοῦ
2492 4290 2761 4352 κλύδωνος
2806 4289 2905 4359 τῆς
2952 4286 3160 4357 πλάνης
3202 4284 3531 4354 ἱστάμενος,
3578 4276 3720 4333 οὐδὲν

466 4397 647 4442 tamen
675 4374 874 4457 captivi
919 4386 1154 4442 hominis
1183 4385 1433 4442 affectum
1462 4386 1659 4451 subiit,
1692 4400 1759 4441 ne
1793 4387 1859 4439 ad
1897 4388 2004 4442 cibc

2183 4384 2410 4454 πέμεινε
2440 4381 2613 4443 πάθος
2639 4380 2983 4449 αἰχμάλωτον
3012 4377 3148 4446 (54),
3179 4376 3302 4429 οὐδὲ
3331 4376 3505 4445 μέχρι
3545 4369 3719 4425 σιτίων

466 4480 683 4549 quidem
725 4493 1041 4532 communes
1081 4493 1253 4548 usque
1280 4517 1295 4543 ,
1336 4493 1565 4549 quorum
1603 4478 1879 4548 perceptio
1926 4492 2004 4531 eo:

2186 4476 2254 4528 ὦν
2285 4473 2480 4529 κοινῶν
2510 4475 2590 4536 εἰς
2623 4470 2946 4543 μετάληψιν,
2978 4470 3071 4523 καὶ
3108 4468 3183 4539 μὴ
3226 4467 3565 4522 κοινούντων
3590 4460 3724 4517 κατὰ

465 4570 557 4638 qui
596 4570 663 4623 iis
700 4569 1007 4623 fruerentur
1032 4606 1048 4632 ,
1076 4583 1181 4622 non
1216 4569 1642 4624 contaminabat.
1674 4569 1752 4622 Ac
1785 4568 2003 4637 quoniar

2183 4568 2467 4637 τερίστασιν
2498 4533 3003 4634 τοῦς-μετέχοντας.
3059 4533 3183 4615 Καὶ,
3214 4560 3412 4631 ἐπειδὴ
3460 4558 3524 4611 ού
3569 4557 3721 4627 μόνον

465 4675 573 4714 non
606 4661 765 4714 modo
799 4660 1013 4728 imperii
1053 4659 1303 4714 minister
1344 4674 1442 4724 es,
1497 4662 1592 4715 sed
1638 4660 1814 4729 ipsum
1872 4660 2002 4714 etiar

2187 4659 2387 4720 ιάκονος
2426 4657 2713 4726 τυγχάνεις
2753 4656 2853 4724 τῆς
2895 4653 3206 4724 βασιλείας,
3252 4651 3397 4705 ἀλλά
3439 4652 3537 4705 καὶ
3578 4648 3725 4717 ἄγεις

465 4750 728 4804 arbitratu
772 4760 862 4804 tuo
896 4764 960 4804 ac
1002 4749 1153 4805 libitu
1190 4750 1512 4817 moderaris,
1569 4750 1622 4805 in
1665 4750 1716 4805 id
1750 4750 1894 4806 omni
1925 4760 2003 4806 stu

2187 4747 2310 4819 ύτὴν
2339 4746 2523 4810 καθὼς
2552 4746 2752 4817 βούλει,
2782 4744 3017 4799 σπεῦσον
3055 4743 3379 4816 ἀναρρῶσαι
3411 4743 3477 4797 τὸ
3523 4741 3725 4796 δίκαιον

534 4904 579 4936 ⁸⁸
612 4903 744 4959 Luc.
779 4919 875 4967 vn,
907 4904 998 4957 28.
1142 4904 1273 4959 Luc.
1304 4921 1342 4968 ι,
1374 4905 1459 4957 l3.
1537 4904 1581 4935 ⁸⁸
1609 4902 1846 4971 Luc.vtt,
1884 4903 1969 4958 19.
2040 4903 2072 4934 υ

2189 4902 2257 4957 al.
2286 4918 2457 4969 xxx",
2494 4901 2580 4956 16.
2678 4901 2723 4932 δ’
2756 4901 2949 4970 Ephes.
2989 4915 3039 4960 ν,
3074 4899 3127 4952 5.
3206 4900 3249 4931 ⁸ο
3288 4898 3431 4953 Dan.
3466 4897 3725 4966 1,8seqq.

1524 5024 1760 5110 vium
1802 5052 2187 5109 LECTIONES
2225 5053 2313 5108 ET
2350 5052 2584 5109 Noras.
3731 4994 3743 5101 ί

540 5212 881 5286 (διίγηάθος
928 5210 1325 5286 αἰχμάλωτον,
1373 5221 1429 5264 et
1461 5225 1578 5286 mox
1627 5209 1720 5286 ⁵μὴ
1760 5210 2032 5286 κοιζούν-

2191 5208 2321 5286 ila_t_ii
2346 5208 2456 5286 ista
2498 5205 2829 5286 scribuntur)
2879 5215 2933 5286 et
2973 5206 3095 5262 vide
3125 5221 3243 5278 quae
3275 5208 3489 5263 notabo
3536 5224 3604 5265 ex
3649 5208 3729 5264 hi-

466 5274 602 5338 τωῘν.
630 5274 719 5338 Sic
753 5290 808 5337 et
834 5274 1127 5334 Parii—ed.
1163 5291 1216 5333 et
1240 5280 1431 5336 Bavar.
1461 5281 1582 5334 cod.
1626 5274 1830 5348 legunt.
1853 5278 2030 5344 Quare
2137 5274 2318 5332 atoriis
2346 5277 2481 5331 infra
2508 5279 2573 5331 ad
2598 5294 2685 5345 ep.
2724 5278 2852 5348 2917.
2879 5274 3051 5348 Rt'r'r.

469 5372 573 5409 non
602 5357 767 5421 probo
783 5357 926 5421 quod
962 5351 1180 5419 quidam
1212 5365 1347 5421 pro_
1368 5350 1450 5403 his
1486 5345 2007 5421 τοροηίῐ,αξχμαλώε

2204 5375 2232 5386 -
2273 5418 2281 5421 Δ
2305 5348 2384 5421 in_
2403 5348 2555 5421 titulo
2584 5356 2708 5421 ante
2734 5346 3001 5421 Παλατίου
3026 5345 3287 5421 articulus
3315 5348 3445 5405 τοῦ.
3477 5348 3640 5421 Vers.
3661 5348 3728 5421 ⁸ἵ),

468 5440 560 5475 του
591 5416 648 5476 et
676 5424 767 5474 καὶ
801 5416 931 5491 μήν,
960 5416 1206 5491 quamvis
1240 5432 1293 5472 et
1317 5418 1501 5491 Billius
1521 5420 1595 5471 ita
1632 5416 2028 5491 legisse’videa-
2136 5417 2336 5488 Δανιὴλ
2370 5416 2423 5491 in
2454 5417 2575 5471 cod.
2608 5416 2717 5473 Alt.
2753 5433 2903 5471 more
2936 5416 3133 5491 Graeco
3152 5417 3488 5491 declinatur,
3525 5417 3731 5491 et__hic,

472 5503 561 5545 tur
592 5492 645 5545 in
690 5487 1306 5558 sua'interpretatione;
1359 5489 1451 5558 qui
1506 5504 1604 5542 nec
1648 5487 1793 5542 recte
1844 5490 2001 5542 omisi

2190 5487 2318 5555 ,pote
2370 5487 2422 5539 in
2474 5496 2670 5558 quarto
2726 5501 2916 5558 casu,
2951 5487 3190 5556 Δανιῆλα
3245 5488 3728 5558 εοιῖίιήιιηκννετε.

471 5569 682 5614 vertere
730 5560 857 5614 illud
894 5556 1038 5613 κατὰ
1089 5556 1428 5628 περίστασιν,
1472 5560 1612 5627 quod
1652 5568 1767 5627 est,
1814 5574 1907 5625 pro
1942 5575 2009 5610 ra-

2190 5558 2457 5628 idecimo,
2490 5572 2589 5625 pro
2618 5556 2703 5628 _his
2740 5575 2753 5610 :
2804 5557 2966 5611 αὑτὸν
3001 5558 3246 5628 ὑπάρχον
3285 5557 3401 5621 τὸν,
3436 5570 3576 5620 etc.,
3605 5558 3728 5611 cod.

473 5632 611 5682 tione
645 5624 1178 5683 circumstantiarum.
1209 5626 1326 5681 Non
1362 5624 1519 5682 modo
1546 5626 1754 5694 imperii
1784 5628 2011 5681 minister

2192 5629 2248 5682 lt.
2301 5624 2537 5681 scribit:
2584 5624 3029 5698 τὸν-ὑπάρχοντα
3079 5624 3342 5698 θάνατον(
3394 5628 3560 5682 \‘ers.
3606 5642 3730 5694 pen.

474 5714 553 5759 es,
583 5702 674 5752 sed
704 5702 870 5768 ipsum
903 5701 1064 5752 etiam
1099 5708 1188 5752 tuo
1213 5700 1472 5752 arbitratu
1505 5713 1567 5752 ac
1596 5699 1745 5750 Iibitu
1781 5700 2028 5751 modera-
2140 5697 2632 5768 ὑπέρχεται-θοὰ
2672 5694 2789 5752 Vat.
2833 5694 2971 5763 '649,
3032 5709 3087 5753 et
3120 5698 3249 5753 Cod.
3281 5696 3398 5752 Alt.
3436 5698 3686 5754 scribunt
3714 5734 3730 5759 ,

477 5770 571 5822 ris.
602 5763 734 5823 Nota
764 5772 847 5824 hic
868 5770 1096 5824 eunuchi
1116 5770 1406 5838 potentiam
1439 5772 1527 5839 (ad
1555 5768 1856 5823 eunuchum
1886 5770 2027 5822 enim
2139 5763 2448 5838 ἐπέρχεται.
2470 5763 2685 5821 Possm.
