3896 6404
400 364 494 426 187

1556 370 1617 428 S.
1666 365 1958 426 ISIDORI
1998 361 2437 423 PELUSIOTrE

3552 357 3656 420 188

395 476 609 531 etiamsi
662 477 839 533 minus
864 478 1287 547 Icontumeliose,
1335 495 1497 551 quam
1550 496 1673 534 cum
1726 479 1970 541 Socrate,

2084 476 2223 546 βέλει
2270 478 2335 545 τῇ
2376 475 2749 547 μεγαλοψυχίᾳ
2778 476 3155 547 τρωθησεται,
3202 476 3234 547 ἢ
3287 492 3382 529 και
3426 475 3655 529 ἔσθ’ὃτσ

399 572 575 617 tecum
600 575 779 620 actum
804 568 916 623 sit:
953 580 1141 624 contra
1189 580 1365 625 autem
1408 570 1498 624 ille
1531 570 1695 623 animi
1737 569 1811 622 tui
1858 583 1972 621 ma-

399 656 680 721 gnitudine
735 668 990 728 tanquam
1048 663 1153 715 telo
1204 662 1536 715 sauciabitur
1587 680 1601 715 :
1654 670 1746 715 aut
1807 664 1971 713 etiam

346 794 351 805 ,
399 745 691 813 aliquando
718 764 747 801 a
788 753 1041 817 peccandi
1083 754 1322 805 studiosa
1371 763 1549 805 mente
1592 768 1656 807 ac
1697 753 1875 821 lingua
1916 751 1971 804 in

330 837 352 853 ”
401 837 593 891 melius
644 841 983 894 mutabitur:
1029 845 1251 912 tibique,
1300 854 1360 897 ut
1397 844 1622 913 hujusce
1659 845 1973 899 mutationis

402 928 637 994 auctori,
674 933 903 999 gratiam
931 933 1172 989 habebit.

897 1043 1009 1099 XII.
1036 1076 1104 1085 —
1125 1046 1464 1103 ΑΜΜΟΝΙΟ.

472 1151 583 1206 Etsi
616 1154 801 1207 vitium
846 1157 1109 1221 occultas,
1136 1169 1313 1211 tamen
1346 1169 1567 1228 apparet
1594 1172 1643 1213 te
1673 1160 1853 1214 animo
1887 1160 1971 1213 in-

402 1243 541 1305 tlari,
572 1255 733 1314 atque
784 1247 921 1300 ultra
972 1264 1132 1316 quam
1181 1260 1237 1301 et
1264 1266 1454 1319 genus,
1492 1261 1546 1305 et
1573 1253 1758 1316 robur,
1802 1263 1857 1305 et
1893 1252 1972 1305 di-

402 1334 578 1401 gnitas
608 1344 696 1389 tua
728 1334 885 1402 ferat,
933 1338 1234 1406 superbire.
1287 1339 1651 1405 Quamobrem
1702 1350 1795 1395 aut
1842 1356 1973 1396 con-

401 1435 680 1489 gruentcm
722 1426 815 1479 tibi
865 1428 1105 1482 animum
1162 1430 1373 1499 collige,
1437 1444 1530 1486 aut
1592 1433 1727 1487 scito
1800 1442 1852 1488 te
1905 1432 1974 1487 ab

402 1515 652 1570 omnibus
694 1517 925 1572 irrideri.

690 1626 827 1682 XIII.
849 1661 915 1669 ——
938 1630 1286 1686 LAMPETIO
1323 1632 1673 1691 MONACHO.

471 1736 587 1803 Quo
631 1746 874 1806 tempore
917 1742 983 1795 ad
1033 1744 1281 1799 sublimis
1311 1755 1365 1799 et
1396 1747 1625 1801 excelsae
1665 1748 1785 1801 vitae
1815 1764 1971 1803 mon-

404 1836 510 1879 tem
538 1828 850 1894 accedebas,
884 1839 1045 1898 atque
1096 1832 1275 1887 abluta
1320 1844 1468 1889 veste
1507 1851 1570 1889 ac
1596 1838 1870 1901 sensibus,
1904 1837 1969 1889 ad
2002 1827 2043 1880 Β

403 1917 707 1971 divinorum
734 1918 1042 1990 dogmatum
1073 1923 1403 1977 auditionem
1429 1934 1615 1995 pectus
1642 1927 1966 1993 adornabas,

406 2019 745 2065 terrenarum
821 2028 1000 2067 rerum
1071 2015 1382 2068 memoriam
1450 2033 1670 2085 prorsus
1739 2019 1973 2088 abjicere

402 2103 753 2171 constituisti,
791 2114 851 2158 ut
877 2105 942 2157 ad
976 2105 1229 2159 virtutum
1276 2123 1457 2163 arcem
1507 2122 1815 2178 pervectus,
1859 2122 1971 2165 tum

407 2193 572 2245 Deum
617 2194 835 2247 oracula
871 2196 1118 2249 edentem
1170 2199 1386 2253 audires
1423 2217 1437 2254 :
1477 2210 1587 2254 tum
1631 2216 1696 2255 eo
1732 2212 1970 2256 veterem

403 2283 572 2352 icgem
601 2286 652 2337 in
679 2286 986 2340 carnalibus
1022 2290 1217 2344 tabulis
1270 2291 1621 2357 inscrihente,
1656 2294 1832 2347 tabula
1862 2296 1973 2362 ipse

402 2375 661 2431 divinitus
693 2378 936 2432 confecta
962 2381 1276 2435 exsisteres.
1305 2384 1375 2434 At
1409 2398 1536 2436 vero
1567 2400 1708 2437 nunc
1751 2385 1881 2437 illud
1907 2386 1974 2439 de

405 2476 456 2519 te
484 2468 723 2520 omnium
756 2484 851 2522 ore
890 2469 1226 2533 decantatur,
1257 2480 1307 2525 te
1351 2474 1566 2540 quidem
1620 2476 1810 2528 salutis
1848 2490 1974 2527 ara-

403 2567 545 2611 trum
571 2570 819 2629 prompto
841 2570 1000 2628 atque
1013 2561 1176 2616 alacri
1195 2564 1374 2617 animo
1394 2564 1687 2631 arripuisse
1703 2566 1766 2628 ¹²,
1786 2582 1971 2619 verum

403 2664 501 2718 per
523 2649 789 2718 ignaviam
820 2667 883 2705 ac
909 2662 1177 2720 torporem
1211 2663 1506 2707 retrorsum
1532 2672 1716 2709 rursus
1742 2673 1964 2711 conver'

404 2754 524 2792 sum
558 2756 696 2794 esse.
735 2741 1091 2805 Quamobrem
1125 2744 1171 2796 si
1206 2755 1256 2797 te
1304 2744 1541 2797 Simonis
1585 2744 1627 2776 ¹³
1668 2747 1970 2814 exemplum

409 2846 515 2883 non
553 2840 737 2895 terret,
770 2834 859 2898 qui
885 2847 1006 2886 cum
1040 2835 1343 2901 baptizatus
1373 2834 1587 2899 fuisset,
1618 2852 1678 2890 ac
1714 2837 1977 2891 ministris

402 2920 607 2976 Christi
648 2924 899 2977 comitem
938 2939 997 2978 se
1037 2925 1373 2993 praabuisset,
1424 2944 1611 2982 rursus
1653 2930 1720 2981 ad
1747 2944 1832 2982 res
1858 2944 1973 2993 eas,

402 3027 525 3081 qua:
554 3028 621 3067 ex
670 3016 894 3069 materia
944 3025 1219 3082 constant,
1260 3033 1509 3072 reversus
1538 3028 1623 3073 est
1669 3019 1774 3087 (ob
1816 3019 1977 3088 idque

404 3106 569 3158 etiam
602 3120 668 3159 ex
700 3110 808 3161 alto
834 3108 999 3161 miser
1030 3108 1082 3161 in
1114 3119 1342 3164 mortem
1388 3110 1679 3165 multorum
1726 3126 1977 3165 sermone

2074 568 2175 635 τῆς
2217 567 2698 636 φιλαμαρτήμονος
2755 567 3223 637 μεταϐληθήσεται
3288 568 3382 619 καὶ
3427 566 3654 638 γνώμης

2075 661 2169 712 καὶ
2205 659 2487 726 γλώσσης,
2527 659 2621 711 καὶ
2664 658 2826 728 χάριν
2859 676 2940 711 σοι
2983 660 3188 712 εἴσεται
3233 658 3308 720 ὡς
3350 658 3507 729 αἰτίῳ
3549 658 3655 727 τῆς

2074 747 2427 811 ἀλλοιώσεως.

2488 1026 2588 1080 ῘΒ’.
2610 1056 2681 1066 —
2708 1028 3028 1099 ΑΜΜΩΝΙῼ
3088 1026 3223 1100 (12).

2143 1143 2205 1194 EI
2234 1141 2330 1193 καὶ
2358 1140 2618 1212 κρύπτεις
2643 1141 2702 1194 τὸ
2728 1143 2970 1212 ἥττημα,
3012 1142 3151 1197 ἀλλά
3182 1143 3345 1214 φαίνῃ
3388 1143 3654 1213 φυσώμε-

2072 1252 2160 1297 νος
2193 1235 2336 1307 πέρα
2381 1233 2477 1287 καὶ
2516 1233 2609 1286 τοῦ
2643 1234 2866 1301 γένους,
2899 1236 2996 1287 καὶ
3025 1234 3126 1304 τῆς
3176 1235 3378 1304 ἰσχύος,
3414 1235 3509 1287 καὶ
3546 1234 3652 1303 τῆς

2073 1326 2225 1391 ἀξίας
2250 1343 2343 1378 σου
2370 1326 2792 1395 φρυαττόμενος.
2821 1327 2892 1377 ’Ἡ
2922 1327 3102 1379 τοίνυν
3129 1326 3440 1398 σύμμετρον
3465 1325 3653 1395 σαυτῷ

2074 1417 2270 1487 κτῆσαι
2302 1416 2576 1487 φρόνημα,
2604 1415 2636 1486 ἢ
2671 1415 2779 1468 ἴσθι
2815 1417 2967 1487 παρά
2998 1417 3215 1470 πάντων
3246 1417 3575 1487 γελώμενος.

2394 1634 2492 1705 II".
2514 1664 2584 1674 —
2617 1634 2977 1704 ΛΑΜΠΕΤΙῼ
3016 1634 3325 1704 ΜΟΝΑΧῼ.

2147 1748 2274 1799 Ὅτε
2307 1745 2384 1817 τῶ
2429 1746 2543 1817 ὄρει
2575 1748 2674 1816 τῆς
2714 1746 2923 1816 ὑψηλῆς
2963 1746 3236 1808 πολιτείας
3270 1744 3657 1815 προσέϐαινες.

2073 1841 2167 1891 καὶ
2194 1836 2530 1908 πλυνάμενος
2550 1837 2751 1907 ἐσθῆτα
2777 1838 2870 1891 καὶ
2892 1837 3163 1907 αἴσθησιν,
3195 1838 3329 1907 πρὸς
3354 1838 3453 1905 τὴν
3477 1837 3654 1906 ἀκοὴν

2072 1931 2181 1983 τῶν
2221 1930 2380 1984 θείων
2409 1930 2696 1999 δογμάτων
2738 1929 2836 2000 τὴν
2868 1930 3093 1999 καρδίαν
3135 1928 3483 2000 ηὐτρέπιζες,
3514 1930 3655 1981 πάν-

2072 2039 2179 2084 τως
2228 2021 2577 2075 ἐπιλαθέσθαι
2623 2022 2732 2075 τῶν
2782 2022 3137 2092 χαμαιζήλων
3173 2022 3514 2090 βεϐούλευσο,
3558 2022 3655 2074 ἵνα

2075 2115 2211 2184 πρὸς
2235 2114 2331 2184 τὴν
2361 2113 2656 2183 ἀκρόπολιν
2684 2113 2897 2181 φθάσας
2921 2113 3029 2165 τῶν
3054 2112 3283 2182 ἀρετῶν,
3314 2114 3407 2165 καὶ
3434 2130 3655 2183 χρημα-
3748 2168 3751 2169 ν

2072 2204 2312 2267 τίζοντος
2334 2204 2572 2274 ἀκούσῃς
2594 2202 2749 2265 Θεοῦ,
2778 2203 2871 2255 καὶ⁸
2894 2205 3015 2265 ταῖς
3047 2204 3338 2273 σαρκικαῖς
3366 2201 3528 2267 πλαξὶ
3557 2203 3653 2253 τὸν

2074 2297 2300 2350 παλαιὸν
2344 2296 2506 2366 νόμον
2538 2296 2647 2364 (l5)
2689 2296 3090 2365 ὲγγράφοντος,
3138 2292 3323 2358 πυξίον
3362 2296 3496 2363 γένῃ
3529 2293 3656 2346 θεό-

2072 2408 2316 2445 τευκτον.
2348 2392 2429 2442 Τά
2456 2391 2511 2443 δὲ
2539 2390 2635 2443 νύν
2665 2390 2791 2459 περὶ
2820 2390 2914 2442 σοῦ
2947 2390 3098 2460 παρά
3129 2389 3350 2441 πάντων
3385 2388 3651 2457 ᾀδόμενα,

2075 2480 2428 2535 ὲπιλαόέσθαι
2468 2481 2566 2550 μέν
2593 2498 2651 2532 σε
2679 2480 2773 2533 τοῦ
2804 2480 3034 2551 ἀρότρου
3062 2480 3163 2549 τῆς
3189 2479 3480 2549 σωτηρίας,
3512 2496 3657 2549 προ-

2074 2574 2262 2643 θύμως
2286 2573 2740 2641 ἀπαγγέλλουσιν,
2762 2574 2842 2635 εἰς
2868 2573 3108 2625 τούπίσω
3130 2572 3185 2625 δὲ
3206 2572 3367 2625 πάλιν
3389 2572 3651 2642 ἀνεστρά-

2076 2664 2204 2731 φθαι
2242 2665 2609 2734 ναρκήσαντα.
2665 2663 2726 2714 Εἰ
2763 2661 2945 2715 τοίνυν
2994 2679 3051 2714 σε
3104 2663 3179 2732 μὴ
3226 2662 3381 2731 φοϐεῖ
3424 2661 3481 2713 τὸ
3516 2661 3658 2713 ὑπό-

2075 2759 2293 2825 δειγμα,
2325 2754 2417 2807 καὶ
2446 2752 2833 2824 βαπτισθέντος
2863 2753 3125 2822 Σίμωνος,
3155 2754 3248 2805 καὶ⁴
3277 2755 3387 2815 τοῖς
3412 2753 3657 2821 Χριστοῦ

2074 2844 2340 2907 διακόνοις
2372 2842 2853 2912 ἀκολουθήσαντος,
2886 2842 2980 2893 καὶ
3015 2840 3151 2911 πρὸς
3180 2841 3277 2910 τὴν
3310 2840 3440 2910 ὓλην
3488 2840 3659 2893 πάλιν

2077 2936 2561 3005 ἀναχωρήσαντος·
2592 2932 2657 2985 δι’
2698 2934 2763 3003 ἦν
2796 2933 2891 2985 καὶ
2942 2932 2999 2996 ἐξ
3051 2931 3219 3001 ὕψους
3274 2930 3576 3001 κατηνέχθη
3628 2935 3659 2985 ὀ

2076 3028 2305 3090 δείλαιος
2334 3027 2467 3097 πρὸς
2495 3026 2583 3077 τὸν
2612 3024 3043 3095 πολυθρύλλῃτον
3073 3024 3322 3085 θάνατον,
3355 3023 3439 3074 ἵνα
3466 3022 3657 3093 δειχθῇ

2078 3118 2154 3181 ὡς
2183 3118 2241 3183 ἐξ
2272 3116 2390 3178 ἐνὸς
2416 3115 2508 3169 τοῦ
2556 3116 2674 3168 κατ’
2703 3116 2907 3169 ἐκεῖνον
2940 3113 3250 3184 πτώματος,
3285 3115 3412 3166 οἴων
3446 3115 3657 3183 τυγχά-

404 3197 882 3252 celcbratissimam
943 3215 1182 3269 praeceps
1236 3205 1385 3265 ruit,
1442 3212 1502 3257 ut
1553 3217 1620 3256 ex
1658 3218 1764 3256 una
1810 3203 1974 3271 ipsius

2085 3226 2266 3261 νουσιν
2296 3206 2435 3271 ἄξιοι
2456 3248 2471 3272 ,
2515 3210 2562 3261 οἱ
2611 3207 2857 3277 οὐράνιον
2889 3207 3087 3276 δρόμον
3118 3205 3439 3276 ψευδόμενοι
3467 3222 3479 3234 ·
3527 3206 3660 3274 ἔχου

408 3293 563 3343 ruina
616 3294 961 3361 perspicuum
1004 3294 1255 3347 omnibus
1309 3296 1418 3358 tiat,
1464 3296 1661 3364 quibus
1701 3296 1979 3365 suppliciis

408 3378 552 3447 digni
609 3380 739 3441 sint,
773 3382 861 3447 qui
915 3380 1133 3435 caeleste
1191 3383 1519 3437 curriculum
1577 3384 1976 3452 mentiuntur),

407 3467 648 3524 Simonis
698 3472 941 3540 vestigiis
1010 3472 1285 3540 animique
1347 3474 1591 3527 instituto
1652 3474 1815 3527 luere.
1880 3472 1975 3527 Sin

408 3570 587 3613 autem
638 3562 885 3630 quisquis
944 3563 1139 3616 mentis
1188 3580 1251 3618 ac
1309 3565 1533 3618 rationis
1591 3580 1811 3632 compos
1864 3574 1972 3630 est,

410 3651 551 3705 hanc
581 3668 795 3721 poenam
829 3654 883 3707 in
921 3656 1168 3710 hostibus
1210 3670 1426 3724 quoque
1460 3657 1662 3718 horret,
1691 3672 1753 3710 ac
1783 3657 1977 3725 depre-

410 3756 585 3815 catur,
636 3758 790 3814 pacta
839 3763 961 3801 cum
1012 3750 1122 3803 Deo
1170 3751 1296 3803 inita
1352 3752 1529 3818 exple,
1571 3750 1849 3819 ipsiusque
1897 3754 1978 3805 vi-

2086 3302 2183 3369 τῆς
2235 3300 2544 3369 προθέσεως
2575 3298 2836 3368 Σίμωνος.
2870 3298 2931 3349 Εἰ
2964 3298 3019 3350 δὲ
3060 3299 3167 3360 πᾶς
3211 3297 3359 3358 ὅστις
3394 3297 3510 3358 νοὸς
3558 3296 3667 3347 καῖ⁸

2085 3389 2244 3456 λόγου
2287 3388 2597 3458 μετείληφε,
2621 3387 2724 3440 κᾶν
2752 3388 2861 3450 τοῖς
2893 3387 3108 3457 ἐχθροῖς
3136 3386 3235 3455 τὴν
3260 3385 3416 3455 δίκην
3440 3385 3666 3455 ἐκείνην

2085 3482 2409 3551 ἀπεύχεταιο
2439 3479 2721 3548 πλήρωσον
2745 3478 2842 3540 τὰς
2871 3477 3005 3548 πρὸς
3025 3476 3116 3529 τὸν
3138 3476 3340 3546 Κύριον
3364 3475 3664 3545 συνθήκας,

2086 3572 2178 3624 καὶ
2218 3572 2307 3623 τὸν
2353 3570 2649 3640 ἀμπελῶνα
2701 3566 2864 3621 αὔτοῦ
2915 3568 3196 3638 ἐπιμελῶς
3245 3568 3541 3635 φιλοπόνει.
3597 3568 3664 3619 Ὀ

2085 3663 2273 3732 μισθὸς
2312 3663 2436 3731 μετ’
2479 3660 2641 3713 αὑτοῦ
2690 3661 2858 3724 ἐστιν,
2910 3659 2968 3711 ὃν
2998 3660 3225 3723 ἕκαστος
3263 3659 3489 3729 λήψεται
3521 3659 3667 3729 πρὸς

2080 3752 2170 3805 τὸν
2204 3750 2335 3803 ἴδιον
2365 3749 2553 3803 κόπον.

411 3848 568 3887 neam
600 3834 884 3903 diligenter
916 3853 981 3893 ac
1014 3839 1199 3893 scdulo
1243 3840 1380 3894 cole.
1426 3839 1558 3892 Nam
1603 3856 1811 3897 merces
1849 3855 1971 3895 cum
2010 3856 2075 3897 eo
2104 3852 2207 3903 est,
2258 3856 2421 3911 quam
2468 3837 2835 3905 unusquisque
2878 3836 3171 3891 secundum
3212 3851 3369 3889 suum
3411 3836 3662 3891 laborem

413 3924 644 3994 accipiet
681 3926 745 3983 “.

712 4017 853 4073 XIV.
879 4050 950 4059 —
974 4020 1281 4076 PATItIIIO
1321 4020 1677 4078 MONACHO.

1032 4114 1105 4167 De
1134 4114 1385 4177 praclico.

482 4202 556 4256 Ea
583 4204 821 4274 quidem,
854 4213 911 4258 ut
934 4205 1302 4270 audio,indoIe
1337 4216 1647 4274 naturaeque
1676 4204 1725 4275 5
1747 4206 1987 4261 bonitate

490 4362 529 4389 ”
566 4359 691 4417 Luc.
727 4376 801 4423 Ix,
836 4360 924 4415 62.
1004 4361 1045 4391 ⁸³
1079 4360 1199 4415 Act.
1232 4376 1345 4424 vin,
1374 4377 1528 4430 seqq.

2305 4022 2400 4074 IA’.
2424 4052 2492 4061 —
2520 4020 2832 4090 ΠΑΤΡΙΜῼ
2873 4018 3271 4073 MONAZONTI
3310 4019 3445 4088 (Μ).

2617 4112 2753 4179 Περὶ
2786 4112 3131 4180 πρακτικοῦ.

2166 4204 2348 4274 Ἔχεις
2382 4203 2481 4274 μὲν
2514 4203 2761 4273 εὐφυΐαν,
2795 4203 2871 4266 ὡς
2905 4201 3125 4273 ἔμαθον,
3163 4202 3455 4272 μανθάνειν
3492 4218 3673 4255 σπου-

1611 4361 1656 4391 ¹²⁵
1684 4362 1787 4430 Ap.
1823 4376 1957 4425 xxu,
1994 4359 2080 4414 12.

1543 4516 1776 4572 ΥΑΒΙΑΞ
1817 4516 2196 4571 LECTIONES
2236 4516 2323 4572 ET
2363 4515 2593 4571 NOTAL'.

488 4650 598 4737 με)
630 4649 843 4737 :l‘itnlus
872 4649 924 4737 ip
944 4650 1067 4737 cod.
1106 4648 1329 4737 ’Altnh‘i’c
1360 4649 1777 4737 ﬁsi-3:.Mtng'.
1804 4664 1967 4718 στρα-

414 4718 603 4791 τιώτῃ,
633 4722 733 4791 hoc
768 4730 849 4773 est
877 4720 1122 4791 Ammoni
1148 4718 1340 4791 militi.
1360 4718 1571 4791 Possm.

486 4788 594 4860 (IS)
631 4790 741 4843 Τὸν
761 4788 1024 4860 ,παλαιόν
1052 4789 1254 4855 νόμον.
1298 4788 1459 4840 Multo
1504 4788 1974 4860 prmstabiliorest

416 4858 574 4917 lectio
606 4862 725 4913 cod.
758 4859 912 4919 Bav.,
937 4859 1025 4911 τὸν
1066 4860 1428 4926 πνευματικὸν
1462 4859 1643 4927 νόμον,
1679 4858 1972 4910 secundum

417 4946 576 5000 quam
630 4938 684 5000 et
714 4929 869 4982 lectio
896 4929 1219 5000 corrigenda?
1240 4929 1567 5000 spiritualem
1599 4929 1778 5000 legem.
1806 4928 1975 5000 Allu-

418 4996 495 5053 dit
550 5000 615 5053 ad
658 4999 830 5051 locum
886 5001 1130 5065 prophet.
1187 4999 1480 5049 Ezechielis
1526 5009 1579 5049 et
1621 4996 1865 5049 Ieremia:
1894 4997 1978 5063 Ide

419 5085 555 5123 nova
612 5070 725 5137 lege
754 5069 974 5135 spiritus
1022 5069 1161 5129 vitze,
1190 5079 1244 5119 ut
1279 5067 1473 5120 Paulus
1511 5078 1687 5131 vocat,
1721 5067 1977 5119 cordibus

420 5141 631 5209 piorum
662 5156 689 5188 a
714 5138 824 5191 Deo
850 5137 1217 5209 inscribenda.
1252 5138 1415 5190 Βιττ.

488 5238 559 5249 -
588 5206 701 5260 Non
724 5206 1024 5276 Λαμπετίῳ
1045 5207 1351 5259 inscribitur
1376 5208 1486 5259 hrec
1502 5205 1724 5275 epistola
1751 5206 1801 5258 in
1822 5204 1976 5259 codd.

422 5279 545 5331 Val.
582 5278 685 5331 649
720 5289 773 5331 et
804 5278 933 5342 Αιι.,
974 5278 1066 5329 sed
1103 5276 1277 5345 Πετίῳ
1318 5276 1579 5346 μοναχῷη
1606 5276 1758 5329 Vers.
1793 5276 1846 5337 7,
1879 5290 1974 5343 pro

422 5350 710 5417 σαρκικαῖς
742 5348 846 5402 Alt.
875 5348 989 5401 cod.
1016 5347 1174 5399 habet
1204 5345 1514 5416 σαρκίναις.
1543 5345 1709 5399 Versu
1731 5346 1979 5417 sequenti

425 5417 731 5469 θεότευκτον
761 5419 812 5469 in
846 5426 1099 5470 contextu
1143 5417 1344 5467 codicis
1374 5418 1478 5468 Alt.
1514 5426 1748 5467 mutatur
1796 5416 1848 5468 in
1879 5430 1973 5482 γε-

366 5518 371 5523 ~
430 5488 710 5556 ρότευκτον
729 5489 870 5556 {sed
900 5487 1056 5539 lectio
1081 5486 1334 5539 editionis
1361 5501 1391 5539 e
1428 5486 1642 5556 regione
1672 5485 1885 5556 ponitur
1922 5484 1976 5537 in

427 5553 691 5622 inargiue.
745 5555 900 5609 Vers.
932 5558 1034 5619 15,
1066 5556 1177 5609 hanc
1215 5556 1331 5623 tria}
1358 5555 1613 5610 vocabula
1650 5555 1756 5622 καὶι
1787 5553 1979 5622 βαπτι-

434 5624 656 5687 σθέντος
690 5626 1015 5695 Σίμωνος,ἰιι
1040 5626 1159 5695 cod.
1180 5627 1284 5678 Alt.
1320 5627 1398 5679 sic
1420 5626 1775 5695 ordinantur;
1805 5625 1977 5693 Σίμω-

432 5710 514 5755 νος
539 5696 632 5745 καὶ⁸
656 5693 1054 5762 βαπτισθέντος.
1085 5693 1234 5749 Vers.
1264 5696 1349 5757 I7,
1370 5708 1487 5763 post
1506 5693 1688 5763 δειχθῇ
1716 5695 1977 5759 particula

426 5763 500 5826 ὡς
528 5764 673 5819 deest
698 5766 748 5818 in
778 5766 893 5820 Vat.
918 5775 970 5822 et
992 5766 1094 5820 Alt.
1121 5768 1547 5837 codd.,fquorum
1580 5774 1807 5833 uterque
1832 5777 1974 5820 vers.

2072 4649 2317 4717 sequenti
2346 4664 2448 4701 non
2478 4647 2771 4717 πτώματος
2805 4647 2899 4700 sed
2933 4646 3273 4717 πταίσματος
3306 4648 3453 4711 legit.
3480 4647 3649 4701 Vers.

2073 4719 2165 4781 21,
2192 4717 2494 4787 ἀπεύχεται
2524 4721 2574 4771 in
2609 4719 2769 4770 editis
2845 4718 2896 4770 in
2940 4734 3067 4787 mss.
3126 4727 3206 4771 est
3240 4718 3559 4781 ἀπεύξεται·
3610 4728 3673 4773 et

2078 4805 2219 4841 vers.
2275 4786 2388 4850 25,
2434 4804 2529 4856 pro
2589 4787 2897 4857 φιλοπόνει,
2951 4786 3333 4855 φιλοπόνησον.
3371 4787 3490 4840 Μαι(
3546 4789 3661 4843 Alt.

2080 4869 2198 4923 post
2225 4860 2251 4910 ὁ
2299 4859 2445 4909 υιΙιΙίι
2478 4858 2587 4927 γὰρ
2616 4900 2629 4920 ,
2657 4868 2709 4911 et
2728 4873 2879 4927 vers.
2914 4859 3157 4925 sequenti
3210 4874 3305 4927 pro
3339 4860 3458 4927 μετ’
3489 4857 3663 4911 αὑτοῦ

2083 4928 2240 4981 Italtut
2276 4928 2413 4996 μετά
2438 4926 2694 4995 Χριστοῦ.
2722 4926 2934 4980 Possm.

2152 4998 2264 5064 (14)
2294 4998 2347 5049 In
2378 4999 2534 5050 co;|d.
2565 4997 2729 5050 Sfort.
2761 4998 2824 5050 Et
2852 4997 2959 5049 Alt.
3001 4996 3113 5059 [nec
3142 4997 3366 5065 cpistola
3399 4996 3666 5050 inscribi-

2080 5075 2167 5119 tur
2190 5066 2403 5138 Πρίμῳ.
2444 5067 2506 5119 Et
2538 5066 2968 5138 fuisse_hnmiues
2999 5067 3292 5138 in_Gr;ecia
3319 5066 3450 5138 ejus
3470 5082 3666 5138 nomi-

2081 5138 2164 5190 nis
2199 5135 2440 5204 tempore
2471 5138 2660 5189 Isidori
2701 5136 3007 5197 Pelusiotm,
3040 5135 3289 5205 discipuli
3337 5135 3397 5191 S.
3423 5135 3666 5191 Joannis

2081 5205 2493 5275 Chrysostnmi,
2529 5216 2745 5260 constat
2793 5222 2858 5259 ex
2891 5207 3138 5273 epistolis
3174 5222 3203 5258 a
3233 5220 3317 5259 me
3348 5207 3505 5260 editis
3535 5206 3665 5272 ejus

2078 5277 2428 5340 condiscipuli
2479 5276 2536 5329 S.
2573 5277 2780 5329 abbatis
2820 5275 2943 5334 Nili.
3000 5292 3228 5343 quarum
3266 5276 3665 5338 ducentesima,

2078 5347 2253 5410 qualis
2278 5347 2463 5398 visitur
2491 5361 2608 5411 pag.
2627 5344 2733 5397 202
2755 5345 2886 5397 edit.
2919 5345 3101 5413 Regia!
3130 5345 3301 5399 Paris.
3333 5346 3468 5397 anni
3503 5345 3668 5410 I857,

2080 5416 2277 5485 Πρίμῳ
2332 5414 2672 5483 ὑποδιακόνῳ
2714 5415 2973 5485 inscripta
3005 5425 3202 5468 exstat.
3248 5413 3399 5468 Fieri
3439 5426 3661 5481 potest.

2080 5484 2173 5538 cos
2225 5486 2313 5553 qui
2381 5485 2673 5537 editionem
2728 5484 2915 5536 Isidori
2970 5486 3671 5553 adornaruutyassuetos

2084 5552 2295 5606 lectioni
2332 5571 2461 5607 mss.
2494 5556 2650 5607 codd.
2684 5553 3016 5616 Graecorum,
3049 5555 3099 5606 in
3131 5557 3326 5620 quibus
3364 5552 3483 5608 fere
3509 5570 3662 5605 sem-

2083 5640 2178 5691 per
2207 5640 2365 5676 casus
2407 5633 2499 5676 aut
2532 5624 2789 5677 vocabula
2820 5639 2884 5676 ex
2928 5625 3144 5677 nurnine
3164 5622 3349 5691 Πατὴρ
3391 5623 3665 5677 declinata

2083 5694 2463 5764 compendiose
2502 5693 2829 5764 scribunturﬂ
2856 5710 2954 5764 πρι
3002 5708 3097 5760 pro
3123 5694 3310 5764 πατρὶ,
3342 5710 3509 5761 προς,
3559 5709 3671 5764 7:;-

2083 5762 2243 5833 tp‘a;,
2294 5762 2537 5833 πρικῶς,
2590 5762 2915 5833 πατρικῶς(
2952 5775 3057 5818 etc.
3106 5762 3367 5817 Similiter
3407 5764 3533 5829 hic,
3567 5763 3662 5815 ubi
