3896 6404
225 364 318 430 Ῑεθ

1167 371 1708 436 EPISTOLARUM
1746 377 1896 437 LIB.
1940 378 1989 437 Ι.
2029 404 2100 413 -
2143 380 2380 440 EPIST.
2422 381 2555 441 XVI

3393 382 3493 446 190

219 475 390 538 δαίως,
418 477 516 527 καὶ
558 475 740 545 Αέγειν
771 476 1056 545 γενναίως.
1092 477 1159 531 Ἦ
1190 479 1248 532 δὲ
1281 480 1382 550 τῆς
1415 484 1796 553 πνευματικῆς

1917 488 2164 542 iraeditus
2189 503 2270 553 es,
2297 499 2354 542 ut
2381 490 2626 545 studiose
2646 490 2846 556 discas,
2877 493 3201 562 egregieque
3230 493 3491 565 loquaris.

223 567 483 630 πολιτείας
522 569 666 633 ὁδὸς,
697 567 899 640 πράξει
948 569 1148 639 μᾶλλον
1181 570 1214 641 ἢ
1257 573 1455 642 φράσει
1496 574 1796 629 εὐοδοῦταί.

222 659 282 712 El
311 659 483 710 τοίνυν
511 658 665 728 μέλει
696 675 781 712 σοι
805 659 914 713 τῶν
943 661 1236 731 ἀκηράτων
1268 663 1499 731 μισθῶν,
1531 663 1592 718 τὸ
1617 663 1800 732 λέγειν

225 750 392 811 καλῶς
416 750 566 820 παρά
592 750 799 819 φαῦλον
829 751 1134 822 τιθέμενος,
1164 752 1226 805 τὸ
1256 753 1516 825 πράττειν
1543 757 1800 827 χρηστῶς

227 838 536 910 μεταδίωκε.

765 953 868 1010 ιε’.
901 984 968 994 -
996 956 1244 1028 uarro.

223 1065 355 1135 Περὶ
385 1067 933 1135 ὐιῦηλοςσροσύνης,
965 1068 1064 1154 καὶ
1090 1067 1367 1135 οἰήσεως,
1396 1070 1494 1124 καὶ
1519 1085 1798 1125 ταπεινο-

841 1154 1175 1206 φροσυνης-

289 1247 386 1314 Τίς
433 1268 490 1302 σε
541 1252 604 1304 οὐ
655 1251 930 1323 γράψεται
984 1252 1248 1316 ἀτοπίας,
1299 1255 1382 1307 ὅτι
1432 1253 1529 1307 καὶ
1575 1253 1804 1306 πλοῦτον

221 1343 645 1412 περιφρονήσας,
697 1346 790 1396 καὶ
839 1345 1015 1412 γένος,
1065 1347 1161 1398 καὶ
1209 1346 1310 1416 τὴν
1349 1346 1549 1417 σκιώδη
1592 1346 1801 1417 ταύτην

217 1431 416 1500 τιμὴν,
463 1433 560 1485 καὶ
607 1432 826 1496 πολλοῖς
879 1433 996 1497 ὁδὸς
1045 1435 1337 1505 γενόμενος
1394 1435 1804 1502 ταπεινώσεως,

218 1522 310 1576 νῦν
338 1523 512 1586 ἑάλως
539 1524 884 1595 ὑπέροπτος,
920 1525 1017 1578 τοῦ
1051 1527 1194 1580 θείου
1235 1527 1426 1598 ὥσπερ
1474 1527 1806 1599 ἐπιλαθόμε-

217 1632 305 1678 νος
347 1615 515 1683 νόμου
565 1617 680 1686 (iii)
708 1656 725 1681 ,
772 1617 866 1670 τοῦ
911 1619 1302 1673 ταπεινοῦσθαι
1350 1620 1666 1684 κελεύοντος
1714 1622 1806 1674 τὸν

219 1705 481 1774 ὑψοῦσθαι
534 1707 898 1777 βουλόμενονς
949 1709 1014 1761 Εἰ
1057 1707 1239 1763 τοίνυν
1316 1710 1392 1782 μὴ
1456 1711 1604 1774 ἄπας
1671 1709 1806 1762 ὑπο-

220 1797 437 1867 ϐρύχιος
496 1801 613 1862 τοῖς
660 1799 760 1868 τῆς
789 1799 1112 1864 ἀλαζονείας
1164 1800 1374 1870 κύμασι
1405 1802 1660 1870 γέγονας,
1705 1801 1802 1870 νῆ-

215 1888 312 1956 ψεν
344 1889 484 1959 πρὸς
517 1891 618 1960 τὴν
654 1890 972 1961 ὑπόσχεσιν.
1008 1892 1083 1944 Οὐ
1111 1892 1220 1962 γὰρ
1250 1891 1410 1945 τοῦτό
1453 1909 1512 1945 σε
1548 1892 1799 1965 λέληθεν,

217 1978 296 2030 ὅτι
327 1979 626 2049 μετριότης
652 1982 775 2044 ταῖς
801 1982 1028 2051 ἀρεταῖς
1059 1983 1419 2049 συναύξουσα,
1454 1985 1591 2038 Θεοῦ
1626 2005 1802 2058 μιμη-

217 2068 312 2128 τὰς
338 2071 466 2132 τοὺς
524 2071 671 2124 οὕτω
705 2071 959 2141 βιοῦντας
1006 2074 1334 2143 ἐργάζεται·
1382 2075 1802 2149 ὑψηλοφροσύνη

215 2160 290 2223 δὲ,
336 2162 398 2214 οὗ
433 2162 596 2232 μόνον
624 2164 696 2216 τά
726 2165 972 2234 παρόντα
1003 2161 1110 2218 οἶδε
1142 2167 1414 2231 καθελεῖν,
1450 2169 1586 2222 ἀλλὰ
1615 2172 1709 2222 καλ¹
1743 2169 1802 2236 ἐξ

221 2253 394 2306 αὐτῶν
451 2255 705 2326 οὐρανῶν
754 2256 1015 2326 καθαιρεῖ
1057 2258 1150 2310 τὸν
1207 2258 1522 2330 ὑψαύχενα,
1573 2261 1713 2333 ὅπερ
1778 2264 1808 2316 ὁ

228 2343 537 2418 Ἐωσφόρος
570 2345 724 2419 πρωϊ
753 2347 1062 2402 ἀνατέλλων
1091 2349 1405 2420 ὑπέμεινεν.

678 2567 796 2634 ις’.
828 2598 898 2607 -
923 2569 1330 2642 ΕΥΑΓΓΕΛΙῼ.

437 2681 597 2756 ala-st
652 2681 746 2756 τὸ,
788 2683 1140 2756 Ἐλισσαῖον
1199 2685 1374 2741 ἅλατι
1411 2704 1814 2756 μεταπεποιη-

290 2751 453 2828 iterat
485 2752 868 2828 ἀτεκνοῦντα
899 2755 1088 2810 πάλιν
1121 2757 1245 2827 (leg.
1295 2751 1506 2828 πάλαι)
1542 2759 1613 2812 τὰ
1647 2751 1811 2827 Ἰερὶ-

290 2824 537 2890 χούντια
555 2824 851 2891 ῥεύματα.

230 2682 434 2750 Timui

293 2955 486 3011 Ἀὶατι
527 2957 834 3022 Ἐλισσαῖος
870 2958 943 3012 τὰ
995 2959 1348 3033 Ἱεριχούντια
1393 2963 1640 3033 ῥεύματα
1687 2963 1810 3015 ἀτε-

228 3047 450 3100 κνοῦντα
485 3047 699 3113 ἰάσατο,
753 3049 1128 3118 εὐαγγελικῶς
1166 3053 1410 3122 κινηθεὶς
1441 3054 1579 3125 πρὸς
1606 3053 1703 3124 τὴν
1732 3056 1812 3108 ται

1904 577 1974 630 At
2015 579 2274 646 spiritalis
2305 581 2432 634 vita:
2467 581 2569 633 iter
2617 595 2713 649 per
2767 581 3038 635 actionem
3087 585 3288 652 potius,
3328 598 3491 651 quam

1906 679 2002 733 per
2023 681 2330 720 sermonem
2373 669 2604 724 feliciter
2637 669 2802 724 cedit.
2844 671 3022 737 Quare
3071 673 3114 726 si
3164 673 3491 728 immatalia

1905 758 2123 825 pramia
2161 758 2256 813 tibi
2301 772 2445 814 cura?
2490 771 2654 826 sunt,
2702 763 2966 832 praaclare
3008 763 3152 834 loqui
3186 765 3335 833 parvi
3362 779 3494 835 pen-

1904 849 2060 914 dens,
2096 849 2148 904 id
2182 850 2339 905 stude
2378 861 2436 905 ut
2464 852 2602 907 bene
2631 869 2782 924 agas.

2438 963 2558 1020 XV.
2600 995 2670 1006 —
2697 964 2949 1021 PETRO.

2206 1075 2286 1132 De
2314 1078 2480 1131 animi
2515 1078 2741 1133 elatione
2776 1088 2823 1132 et
2858 1079 3182 1135 humilitate.

1978 1247 2177 1317 Ecquis
2213 1255 2266 1302 te
2299 1249 2650 1306 absurditatis
2687 1267 2790 1306 non
2827 1262 3064 1317 accuset,
3092 1255 3236 1323 quod
3259 1270 3404 1322 cum,
3434 1266 3492 1311 et

1905 1355 2056 1409 opes.
2091 1348 2146 1393 et
2180 1354 2369 1410 genus,
2406 1349 2460 1394 et
2485 1342 2866 1396 adumbratum
2896 1344 3042 1398 hunc
3073 1345 3334 1401 honorem
3361 1363 3496 1402 con-

1908 1433 2211 1502 tempseris,
2242 1432 2532 1502 multisque
2577 1434 2642 1488 ad
2677 1435 3045 1491 humilitatem
3090 1439 3193 1492 iter
3227 1455 3497 1509 priemon-

1907 1525 2188 1589 straveris,
2229 1541 2371 1580 nunc
2405 1535 2585 1580 tamen
2617 1528 2869 1594 superbia
2905 1527 3152 1583 laborare
3183 1532 3492 1601 deprehen-

1909 1631 2003 1672 sus
2045 1617 2142 1682 sis,
2179 1616 2327 1670 velut
2371 1617 2566 1672 divinae
2608 1618 2712 1688 legi
2749 1606 3040 1684 insultans,
3082 1637 3201 1690 quae
3235 1639 3358 1676 eum
3397 1623 3488 1691 qui

1908 1707 2088 1763 extolli
2137 1707 2298 1774 veliti,
2333 1708 2561 1776 deprimi
2603 1709 2758 1778 jubet
2786 1710 2904 1764 “'?
2947 1711 3311 1778 Quamobrem
3375 1715 3480 1768 nisi

1909 1795 2234 1865 arrogantia:
2271 1794 2522 1850 ﬂuctibus
2548 1798 2770 1852 Omnino
2803 1799 3090 1867 depressus
3134 1817 3216 1868 es,
3251 1802 3490 1856 animum

1904 1883 1969 1937 ad
2015 1901 2077 1938 ea
2112 1900 2232 1954 qua:
2285 1887 2579 1954 promisisti
2623 1889 2820 1943 excita.
2869 1889 3055 1959 Neque
3095 1892 3237 1946 enim
3298 1894 3402 1948 hoc
3443 1904 3495 1949 te

1915 1974 2073 2043 fugit,
2105 1974 2423 2030 modestiam
2459 1978 2736 2048 animique
2766 1980 3205 2045 suhinissioneni,
3233 1998 3336 2035 una
3373 1998 3495 2037 cum

1913 2066 2211 2122 virtutibus
2252 2078 2615 2134 crescentem,
2653 2070 2744 2124 Dei
2793 2071 3096 2126 imitatores
3133 2088 3226 2127 eos
3269 2072 3485 2128 eliicere

1907 2157 2002 2226 qui
2057 2157 2137 2212 sic
2193 2158 2382 2213 vivunt
2432 2177 2446 2213 :
2495 2163 2865 2230 arrogantiam
2925 2175 3105 2218 autem
3165 2180 3270 2219 non
3336 2167 3496 2220 modo

1909 2248 2192 2316 przesentia
2224 2249 2443 2304 virtutis
2487 2250 2661 2305 cilicia
2703 2262 2970 2321 evertere,
3018 2255 3111 2309 sed
3141 2255 3306 2308 etiam
3338 2271 3488 2320 eum,

1907 2342 1999 2409 qui
2049 2340 2156 2395 alta
2201 2343 2411 2398 cervice
2452 2353 2555 2409 est,
2597 2357 2665 2397 ex
2712 2345 2842 2413 ipsis
2875 2346 3030 2401 caelis
3083 2348 3399 2403 exturbare.
3438 2345 3501 2403 ιιι

1909 2433 2053 2502 quod
2083 2432 2359 2500 Lucilero,
2393 2436 2485 2505 qui
2525 2451 2683 2490 mane
2725 2437 3028 2502 oriebatur,
3060 2439 3280 2494 accidit.

2357 2569 2496 2625 XVI.
2527 2599 2597 2610 —
2628 2569 3046 2628 EVANGELIO.

1913 2681 2055 2750 Quid
2089 2684 2352 2755 significet
2397 2685 2751 2758 illud,_quod
2804 2685 3030 2741 Elisazits
3076 2703 3242 2758 aquas
3292 2684 3500 2742 steriles

2502 2755 2615 2808 sale
2654 2760 2900 2810 mutarit.

1982 2949 2208 3006 Elisasus
2242 2949 2565 3006 lerichontis
2611 2967 2780 3022 aquas
2818 2954 3106 3009 sterilitate
3168 2953 3480 3013 laborantes

1914 3042 2046 3108 sale,
2067 3043 2369 3112 curavit)“,
2398 3042 2711 3112 evangelico
2747 3047 2906 3098 modo
2940 3045 3004 3097 ad
3033 3045 3340 3112 huiusmodi
3382 3064 3499 3103 me-

234 3155 331 3203 σιν,
361 3136 450 3191 οἷα
481 3139 700 3208 βλέπων
728 3141 799 3192 τά
821 3139 1154 3210 ἔμπροσθεν.
1189 3141 1373 3195 Τύπον
1397 3143 1505 3212 γὰρ
1533 3142 1718 3213 ἔφερε,
1743 3141 1809 3195 τά

1917 3133 2151 3187 dicinam
2194 3133 2478 3202 impulsus,
2513 3143 2698 3203 utpote
2737 3151 2821 3199 ea,
2865 3149 2985 3204 quae
3022 3150 3052 3188 a
3097 3136 3275 3190 fronte
3320 3148 3500 3204 erant,

236 3230 326 3297 μὲν
367 3228 540 3284 ὕδατα
591 3230 777 3298 πάσης
820 3232 921 3301 τῆς
950 3231 1370 3304 ἀνθρωπότητος
1411 3235 1548 3304 πρὸς
1590 3235 1809 3304 ἀγονίαν

1917 3224 2270 3294 perspiciens.
2318 3223 2534 3279 Etenim
2578 3240 2732 3294 aquae
2783 3226 2949 3280 totius
2989 3225 3240 3280 humana:
3289 3238 3499 3281 natura:

232 3321 434 3389 ἀρετῶν
482 3321 580 3375 καὶ
623 3322 904 3392 ἀκαρπίαν
949 3323 1233 3387 εὐσεϐείας
1270 3326 1640 3396 στερεωθέντα
1681 3325 1814 3395 (16),

236 3412 291 3462 0i
330 3409 456 3474 ᾶλες
489 3411 548 3464 δὲ
575 3411 677 3480 τῆς
705 3411 883 3465 πάντα
927 3411 1248 3481 νοτιζούσης
1282 3412 1569 3483 ποιότητος
1605 3415 1699 3467 καὶ¹
1727 3414 1830 3482 δυ-¹

236 3502 439 3572 νάμεως
487 3504 584 3566 εἰς’
615 3504 714 3573 τὴν
758 3503 854 3557 τοῦ
899 3505 1106 3575 Κυρίου
1141 3504 1380 3576 διδαχὴν,
1429 3505 1609 3569 καθὼς
1653 3505 1816 3570 αὐτὸς

236 3595 360 3665 πρὸς
385 3596 518 3658 τοὺς
549 3595 744 3648 ἑαυτοῦ
778 3597 1113 3659 ἀποστόλους
1157 3596 1342 3666 φησίν.
1399 3615 1417 3649 ι
1463 3597 1653 3667 Ὑμεῖς
1689 3599 1813 3650 ὲστε

233 3690 290 3742 τὸ
311 3690 445 3752 ala;
473 3689 580 3758 τῆς
611 3689 738 3759 γῆς·
762 3709 781 3742 ι
814 3689 1115 3753 Ἐλισσαῖος
1143 3691 1200 3743 δὲ
1229 3689 1394 3743 αὑτοῦ
1417 3689 1508 3744 τοῦ
1541 3692 1818 3763 Δημιουρ-

237 3779 323 3848 γοῦ
363 3781 463 3834 x11
495 3780 794 3833 Δεσπότου.
831 3782 894 3832 Ol
925 3780 1034 3851 γὰρ
1060 3781 1158 3853 τὴν
1187 3780 1372 3834 εἰκόνα
1416 3781 1667 3852 καθαρὰν
1714 3799 1819 3849 φυ-

233 3871 516 3934 λάττοντες
566 3870 643 3940 τῷ
672 3873 990 3942 ποιήσαντι,
1022 3873 1118 3924 καὶ
1150 3872 1688 3945 συνθαυματουργεῖν
1715 3873 1813 3926 αὑ-

232 3961 322 4031 τῷ,
346 3962 516 4032 χάριν
545 3960 679 4031 παρ’
717 3959 887 4014 αὑτοῦ
922 3961 1272 4032 ἐκομίσαντο.

322 4229 404 4259 ιδ·
441 4226 578 4282 Luc.
611 4240 724 4289 xiv,
764 4225 847 4280 11.
943 4225 987 4256 ¹⁵
1027 4223 1091 4278 IV
1119 4223 1252 4296 Reg.
1309 4239 1371 4290 ll,
1401 4224 1492 4278 21·

1922 3314 2150 3384 ﬁguram
2191 3317 2476 3386 gerebant,
2509 3317 2575 3370 ad
2608 3317 2866 3368 virtutum
2907 3314 3247 3369 sterilitatem
3291 3323 3344 3367 et
3383 3315 3502 3380 pie-

1922 3409 2053 3465 tatis
2107 3407 2554 3462 infecunditatem
2613 3407 2829 3462 steriles
2869 3406 3110 3472 eifectai;
3164 3406 3243 3460 sal
3294 3415 3501 3474 autem,

1918 3499 2198 3568 qualitatis
2234 3513 2301 3552 ac
2335 3498 2632 3565 facultatis,
2661 3501 2726 3554 ad
2755 3497 2969 3553 Domini
2994 3497 3294 3551 doctrinam
3318 3498 3502 3551 omnia

1919 3589 2331 3655 humectantis,
2392 3580 2849 3660 quemadmodum
2922 3603 3037 3657 Ipse
3093 3590 3157 3641 ad
3211 3587 3504 3657 discipulos

1919 3691 2048 3732 suos
2065 3678 2334 3743 dicebat,¢
2375 3678 2481 3733 Vos
2514 3682 2646 3734 estis
2667 3681 2748 3734 sal
2771 3691 2928 3735 terrae
2952 3679 3052 3743 ¹⁶;»
3082 3677 3308 3731 Elisaeus
3348 3677 3500 3731 deni-

1920 3784 2046 3840 que,
2080 3769 2252 3839 ipsius
2277 3769 2554 3826 Creatoris
2582 3787 2644 3826 ac
2675 3772 2908 3826 Domini.
2937 3767 3070 3823 Nam
3111 3768 3202 3837 qui
3234 3783 3424 3836 puram
3445 3777 3502 3823 et

1922 3861 2250 3918 incolumem
2279 3861 2573 3933 imaginem
2600 3863 2670 3926 ei,
2703 3880 2732 3918 a
2755 3878 2862 3931 quo
2893 3863 2947 3915 in
2984 3862 3156 3914 lucem
3187 3859 3316 3914 editi
3349 3866 3499 3922 sunt,

1919 3965 2266 4021 conservant,
2301 3956 2440 4010 hanc
2477 3956 2641 4009 etiam
2675 3957 2742 4009 ab
2779 3969 2844 4007 eo
2883 3955 3118 4024 gratiam
3152 3971 3501 4025 consequuti-

1923 4058 2031 4114 tur,
2063 4057 2123 4104 ut
2151 4065 2258 4103 una
2291 4065 2414 4103 cum
2450 4064 2514 4104 eo
2547 4047 2806 4102 miracula
2834 4049 3017 4102 edant.

1574 4225 1618 4257 “
1649 4223 1841 4280 Matth.
1869 4241 1924 4292 ν,
1954 4227 2044 4283 15.

1366 4377 1600 4435 VARle
1640 4379 2026 4438 LECTIONES
2065 4381 2154 4438 ET
2194 4380 2432 4438 NOTXE.

218 4537 433 4610 Πρίμῳ
467 4535 744 4610 legerunt,
788 4533 1055 4610 Πατρίμῳ
1097 4532 1502 4610 intelligendum
1530 4541 1587 4610 et
1612 4537 1812 4610 expri-

225 4604 500 4663 ἐιίάιιω
529 4607 830 4658 censuisse.
871 4604 964 4658 Est
987 4616 1042 4658 et
1073 4604 1179 4657 alia
1207 4604 1496 4660 diversi-tas
1519 4606 1588 4658 ab
1617 4605 1802 4667 editis,

220 4693 348 4748 quae
376 4691 509 4748 cyrn
539 4675 748 4748 vers._‘2
779 4690 899 4748 pag.
926 4673 983 4736 5,
1009 4674 1189 4748 legant
1209 4673 1514 4748 ειξοδοῦται,
1543 4675 1620 4730 ibi
1649 4677 1812 4730 codd.

227 4743 353 4803 Vat.
394 4745 530 4805 649,
562 4753 617 4797 et
639 4745 748 4796 Alt.
785 4747 983 4797 habent
1019 4743 1207 4797 εὐοδεί.
1241 4745 1455 4802 Possm.

295 4818 424 4887 (15)
460 4815 1157 4887 'Qaaep_én_t.1a06ueroc
1184 4817 1415 4887 νόμον.
1469 4816 1654 4871 Billius
1688 4831 1813 4869 cum

220 4884 423 4949 vertit,
455 4885 593 4956 velut
708 4884 1137 4956 legiiinsultam,
1179 4884 1572 4956 ἐπιλαϐόμενος
1620 4887 1816 4956 legisse

222 4963 470 5014 videtur.
520 4953 908 5006 Ἐπιλαεὲσθαι
938 4955 1081 5007 enim
1109 4965 1190 5008 est
1218 4953 1614 5022 reprehendere,
1640 4953 1815 5009 insul-

227 5042 366 5093 tere,
400 5036 462 5078 ut
495 5025 655 5096 μόνος
685 5023 980 5096 ἐπελάϐετο
1006 5023 1108 5096 ,τοῦ
1142 5023 1513 5096 ψηφίσματος.
1557 5028 1814 5094 Alioquin

225 5101 515 5159 vertisset,
551 5095 682 5146 velut
709 5095 766 5146 d.
799 5095 927 5161 legis
964 5094 1176 5148 oblitus.
1209 5094 1384 5161 Queri
1442 5108 1623 5150 autem
1655 5097 1815 5150 facile

229 5173 379 5226 inter
394 5182 457 5219 se
486 5175 890 5219 commutentur
909 5179 939 5216 a
964 5166 1388 5232 descriptoribus
1407 5167 1664 5220 librorum
1690 5168 1815 5218 ὲπιο

230 5237 500 5295 λαῦἐσθαι
556 5245 624 5306 _et
695 5232 1076 5299 ἐπιλαθέσθαι,
1126 5236 1290 5288 etiam
1339 5252 1471 5306 sup.

232 5313 397 5382 epist.
415 5307 519 5382 [ὅ.
554 5301 722 5382 Βιριί·2

302 5409 380 5422 .-
415 5375 575 5429 Vers.
611 5375 664 5426 6.
704 5375 809 5445 Pro
856 5374 1001 5427 edito
1049 5373 1197 5438 ᾶπας
1248 5375 1623 5445 ὑποϐρύχιος,
1688 5376 1810 5431 cod.

302 5409 380 5422 —-
423 5395 575 5429 VBTS.
611 5395 664 5426 ο.
704 5395 809 5427 ι’ῐο
856 5395 1001 5427 ειιηυ
1049 5395 1197 5438 απας
1248 5395 1388 5428 υποο
1430 5395 1623 5445 υχιος,
1688 5395 1810 5431 (300.

239 5452 364 5506 Vat.
416 5447 527 5519 649
553 5485 567 5506 ,
603 5443 939 5519 simpliciter,
960 5517 968 5519 _
991 5445 1226 5519 πάμπαν
1265 5395 1607 5519 ῥποὲρύχιος
1631 5485 1647 5511 ,
1677 5458 1810 5512 etc.,

241 5522 398 5575 Vers.
424 5518 459 5572 9
489 5531 608 5585 pro,
638 5517 762 5585 ταῖς
785 5517 1007 5585 ἀρεταῖς
1035 5556 1050 5581 ,
1091 5517 1234 5569 idem
1265 5515 1816 5585 Vat.,'consentiente

245 5593 377 5652 ML,
416 5582 643 5656 scribit,
664 5584 768 5656 τῆς
805 5582 1026 5656 ἀρετῆς.
1064 5585 1219 5640 Vers.
1257 5587 1544 5656 undecimo
1589 5603 1684 5653 pro
1705 5582 1813 5639 οἶδε

248 5659 524 5718 καθελεῖν,
564 5655 703 5709 ἀλλά
727 5697 742 5718 ,
775 5654 878 5709 etc.
898 5696 911 5719 ,
938 5656 1097 5710 codd.
1124 5657 1235 5709 Alt.
1260 5666 1315 5710 et
1346 5654 1466 5710 Vat.
1509 5656 1616 5713 949
1653 5659 1811 5712 exhi-

251 5733 373 5787 bent
404 5748 419 5783 :
453 5725 563 5781 οἶδε
589 5725 874 5796 καθαίρειν
894 5725 1316 5796 κατορθώματα.
1353 5726 1563 5782 Possm.

325 5801 432 5873 (l6)
455 5801 607 5867 Quod
633 5797 905 5867 interpres
926 5798 1206 5866 legendum
1225 5814 1290 5854 ex
1316 5798 1633 5870 conjectura
1667 5807 1812 5854 recte

1556 5237 1811 5306 apparuit

1919 4537 2185 4607 divinavit
2222 4533 2587 4607 στειρωθέντα
2633 4550 2734 4606 pro
2762 4535 3062 4607 quodcum
3093 4535 3385 4607 asterisco'
3404 4536 3504 4592 de-

1917 4605 2095 4678 lectus
2118 4607 2292 4678 indice
2315 4605 2397 4661 est
2425 4605 3045 4678 οιίῑιιιηιστερεωθέντα,
3076 4606 3278 4661 diserte
3305 4606 3504 4677 legitur

1918 4677 1973 4730 in
2010 4677 2218 4732 duobus
2258 4679 2412 4731 codd.
2456 4676 2574 4731 Vat.
2601 4677 2706 4730 649
2735 4676 2918 4731 etAlt.
2967 4677 3116 4731 Vers.
3146 4676 3400 4745 sequenti
3447 4678 3500 4730 in

1916 4747 2081 4818 editis
2109 4757 2190 4803 est
2221 4746 2354 4818 ἅλας
2385 4747 2441 4798 δὲ
2463 4748 2564 4816 τῆς
2613 4747 2792 4799 πάντα
2837 4747 3157 4818 νοτιζούσης
3197 4749 3501 4816 ποιότητος.

1917 4815 2210 4884 luterpres,
2241 4815 2334 4871 Sal
2362 4815 2536 4868 autem
2559 4819 2830 4881 qualitatis
2863 4833 2924 4870 ac
2949 4815 3290 4884 facultatis...
3321 4815 3505 4873 omnia

1918 4887 2284 4940 humectautis.
2315 4887 2464 4940 lianc
2495 4903 2621 4941 vero
2658 4889 2737 4939 sal
2769 4889 3055 4951 lmnwetat,
3085 4890 3167 4940 cui
3201 4889 3372 4940 virtus
3407 4902 3504 4938 ex—

1917 4958 2152 5010 siccandi
2178 4995 2192 5019 ,
2235 4966 2290 5010 et
2313 4959 2390 5010 sic
2435 4972 2461 5006 a
2495 4958 2843 5024 corruptione
2889 4958 3254 5025 praeservandi
3285 4999 3299 5020 ,
3345 4956 3505 5022 vulgo

1921 5028 2216 5081 tribuitur?
2249 5026 2354 5080 Sed
2386 5027 2684 5095 culpandus
2734 5029 3182 5080 accuratissimus
3224 5028 3501 5091 interpres

1919 5111 2025 5150 non
2077 5106 2194 5161 est,
2230 5099 2318 5164 qni
2349 5101 2489 5163 quod
2525 5098 2574 5148 in
2604 5099 2900 5167 archetypo
2934 5098 3158 5158 invenit,
3195 5095 3499 5167 quomodo:

1919 5181 2129 5234 cunque
2149 5167 2453 5236 exprimere
2471 5167 2673 5220 debuit.
2693 5164 2942 5230 Νοτίςειν
2955 5178 3133 5220 autem
3160 5164 3504 5236 liuiuectaiidi

1918 5233 2402 5290 notimiem'habet
2463 5237 2685 5290 minime
2729 5237 3178 5304 dubiant.§Codd.
3231 5233 3348 5287 Vat.
3401 5233 3506 5288 659

1917 5316 1973 5359 et
2037 5307 2142 5360 Alt.
2207 5305 2471 5377 νοστίζειν
2524 5318 2854 5377 suggerunt;
2909 5310 3131 5360 verbum
3178 5305 3368 5377 nihili,
3412 5304 3506 5356 sed

1918 5379 2058 5442 quod
2111 5377 2252 5431 forte
2305 5375 2716 5429 fundamentum
2767 5379 2897 5429 dare
2951 5377 3120 5443 possit
3154 5375 3506 5442 ,conjecturue

1919 5447 2128 5500 felicius
2174 5447 2498 5500 divinatum:
2544 5447 2872 5514 scripturam
2926 5461 3130 5498 verum.
3181 5444 3310 5509 Qun:
3367 5459 3491 5497 mox

1917 5526 2252 5586 sequuntur,
2285 5519 2379 5569 καὶ
2406 5516 2688 5586 δυνάμεως
2721 5517 2799 5578 είς
2825 5516 2944 5587 τὴν
2965 5515 3059 5567 τοῦ
3105 5515 3310 5587 κυρίου
3341 5513 3494 5565 διδαη

1917 5586 2180 5662 χὴνληφη
2209 5597 2523 5662 comparent
2572 5589 2623 5638 in
2658 5588 2864 5662 duobus
2896 5586 3214 5662 il_li5__cod-d.,
3242 5586 3332 5662 [ibi
3391 5599 3490 5662 ιιι-ο

1917 5653 2002 5711 ius
2045 5658 2275 5714 habetur
2301 5653 2437 5724 ,καὶ
2467 5655 2810 5726 δυναμούσης
2844 5654 2939 5707 τοῦ
2995 5654 3200 5724 Κυρίου
3237 5653 3501 5724 διδαχῆς.

1920 5728 2132 5783 Possm.
