3896 6404
254 354 352 422 193

1237 348 1774 416 EPISTULABUM
1817 351 1962 414 LIB.
2008 355 2057 413 Ι.
2100 379 2169 388 -
2209 355 2447 414 EPIST.
2489 355 2652 414 XIX.

3435 355 3534 419 194

247 466 382 537 πρὸς
411 463 507 518 τὸν
529 463 680 530 Νῶε,
726 463 831 527 ἕως
860 461 954 517 τοῦ
987 463 1318 536 ξηρανθῆναι
1348 467 1448 535 τὴν
1474 469 1598 537 γῆν,
1630 468 1725 520 καὶ
1752 469 1828 530 εἰς

1942 465 2075 532 Noe,
2131 468 2302 521 donec
2368 466 2708 520 siccarentur
2746 464 2990 533 aqure“.
3025 482 3042 514 ι
3087 463 3319 520 Prorsus
3387 466 3532 518 enim

243 561 308 613 τὸ
323 556 632 622 παντελὲς
648 556 747 609 οὐκ
760 555 1080 626 ἀνέστρεψε.
1099 558 1232 621 Καὶ,
1254 560 1397 622 Ἕως
1425 560 1491 613 ἂν
1521 559 1841 630 καταγηρά-

244 667 390 720 σητε,
421 650 537 718 ἐγώ
573 651 712 718 ειμι,
755 649 919 719 φησὶν
949 651 977 702 ὁ
1010 648 1162 712 Θεός.
1201 651 1311 703 Καὶ
1354 651 1492 714 ἐστι,
1523 649 1836 718 διηνεκῶς.

239 743 346 794 Καὶ
368 741 514 795 ἄλλα
535 739 767 793 τοιαῦτα
795 740 966 794 πολλὰ
987 778 1003 805 ,
1035 742 1316 812 σποράδην
1357 743 1414 794 ἐν
1442 745 1509 812 τῇ
1540 742 1659 812 θείᾳ
1692 741 1841 813 εὑρί-

239 849 428 885 σκεται
479 833 700 904 Γραφῇ.
744 831 804 886 Ὀ
846 832 902 885 δὲ
957 832 1099 896 θεῖος
1139 831 1264 896 νοῦς
1314 832 1416 904 τὴν
1462 833 1756 904 ὑμετέραν,
1793 824 1841 885 ὧ

249 923 500 977 Ἰουδαῖοι
520 967 535 988 ,
569 925 863 978 κακόνοιαν
889 924 1274 996 διορθούμενος
1296 965 1312 990 ,
1349 927 1415 979 ὲκ
1454 925 1712 996 πορνείας
1744 924 1840 979 καὶ

233 1018 585 1088 νομισάντων
630 1018 727 1071 καὶ
761 1017 1065 1088 εἰρηκότων
1094 1018 1456 1088 γεγεννῆσθαι
1483 1018 1575 1071 τὸν
1609 1018 1837 1088 Κύριον,

233 1111 523 1178 ἀνέπαφον
557 1109 732 1175 δεῖξαι
777 1107 867 1162 τὸν
911 1109 1287 1180 προσκυνητὸν
1329 1109 1627 1163 ἐσπούδασε
1657 1110 1835 1174 τόκον,

231 1200 416 1269 πάσης
451 1199 578 1269 δίχα
609 1199 908 1268 ἐπιθυμίας
931 1239 945 1261 ,
981 1199 1076 1251 καὶ
1110 1199 1399 1262 συνουσίας
1437 1198 1834 1269 γεγενημένον,

233 1291 522 1360 θεοπρεπῆ
560 1291 620 1343 δὲ
649 1291 779 1344 ὄντα
809 1290 906 1344 καὶ
931 1291 1192 1361 ἄληπτον.
1233 1290 1308 1344 Τὸ
1336 1292 1447 1362 γὰρ
1480 1293 1619 1362 μετά
1662 1291 1836 1346 ταῦτα

237 1383 310 1454 μὴ
341 1383 629 1453 συμϐῆναι
659 1383 916 1455 ἀλλήλοις
963 1384 1091 1446 τοὺς
1125 1385 1223 1453 τὴν
1268 1386 1530 1456 πορνείαν
1563 1402 1836 1454 συκοφαν-

233 1475 548 1545 ηθέντας,
607 1478 706 1529 καὶ
759 1479 794 1546 ἡ
845 1476 939 1530 τοῦ
995 1477 1231 1545 ἀγγέλου
1275 1477 1399 1548 ὄψις
1441 1479 1714 1543 ἐκώλυεν,
1769 1479 1835 1532 ἐκ

234 1566 562 1638 Πνεύματος
630 1568 788 1636 ἁγίου
836 1570 1121 1640 είρηκότος
1183 1571 1451 1641 ὑπάρχειν
1509 1571 1602 1624 τὸν
1654 1573 1714 1625 ὲν
1765 1569 1832 1644 τῇ

233 1659 502 1730 Παρθένῳ
547 1661 926 1730 σαρκούμενον
946 1677 961 1692 ο
1009 1663 1104 1714 καὶ
1133 1663 1166 1732 ἠ
1203 1662 1564 1732 μεγαλειότης
1597 1663 1706 1716 τῶν
1737 1663 1833 1716 τοῦ

232 1751 390 1804 τόκου
423 1750 728 1821 θαυμάτων
761 1753 862 1804 οὐκ
902 1753 1221 1822 ἐπέτρεπεν,
1259 1754 1291 1824 ή
1337 1754 1452 1822 μετ’
1497 1753 1658 1806 αὑτὸν
1687 1769 1832 1824 παρ-

1951 573 2056 612 ηοη
2088 572 2305 612 reversa
2343 567 2446 611 est.
2474 557 2560 622 Et,
2603 576 2620 608 ι
2655 556 2835 611 Donec
2867 557 3178 621 senueritis,
3211 571 3312 625 ego
3335 571 3479 620 sum,
3512 577 3530 608 ι

1949 651 2028 704 ait
2057 650 2409 704 Dominus".
2475 648 2640 717 Atqui
2703 657 2786 702 est
2839 661 3127 717 perpetuo.
3189 650 3366 718 Atque
3427 650 3533 702 alia

1945 742 2211 811 permulta
2259 742 2502 810 ejusdem
2554 741 2771 810 generis
2800 742 3033 810 sparsim
3072 740 3123 794 in
3156 741 3339 794 divina
3385 741 3536 794 Scri-

1943 841 2102 902 ptura
2155 833 2522 902 reperiuntur.
2574 832 2764 886 Divina
2821 846 2984 900 porro
3031 848 3205 898 mens,
3255 848 3289 886 ο
3336 832 3528 896 ιιιιιειξί,

1943 938 2255 994 perversam
2304 933 2537 978 vestram
2574 923 2900 977 sententiam
2948 923 3228 991 corrigens
3264 923 3378 992 (qui
3426 922 3530 975 Do-

1947 1016 2158 1070 minum
2189 1030 2254 1069 ex
2299 1025 2492 1084 stupro
2521 1024 2699 1069 ortum
2732 1029 2854 1069 esse
2882 1015 3259 1078 existimastis,
3301 1030 3364 1068 ac
3400 1029 3529 1080 pro-

1942 1107 2282 1176 nuntiastis),
2315 1108 2398 1163 liis
2445 1107 2629 1162 verbis
2684 1107 2811 1162 illud
2859 1109 3238 1178 demonstrare
3279 1107 3524 1170 studuit,

1946 1202 2090 1268 quod
2149 1200 2385 1253 intactus
2435 1199 2745 1253 adorandus
2785 1209 3017 1268 partus,
3063 1213 3129 1251 ac
3179 1198 3423 1253 libidinis
3468 1209 3524 1255 et

1940 1292 2263 1348 concubitus
2307 1307 2504 1362 expers
2555 1292 2746 1356 fuerit,
2798 1292 3179 1360 divinitatique
3235 1300 3532 1345 consenta-

1941 1402 2098 1451 neus,
2133 1396 2296 1454 atque
2327 1385 2612 1453 ejusmodi,
2658 1384 2750 1452 qui
2783 1385 3034 1438 humana:
3062 1383 3289 1436 rationis
3313 1392 3530 1452 captum

1939 1478 2190 1532 excedat.
2223 1475 2359 1528 Nam
2407 1489 2472 1528 ne
2503 1485 2687 1543 postea
2732 1475 2765 1526 ii
2811 1473 2954 1526 inter
2981 1489 3039 1528 se
3064 1474 3298 1536 coirent,
3330 1473 3530 1540 quibus

1939 1569 2231 1624 fornicatio
2263 1582 2359 1636 per
2393 1566 2722 1620 calumniam
2759 1564 2973 1632 objecta
3024 1573 3129 1625 est,
3181 1563 3357 1630 angeli
3392 1577 3528 1630 quo-

1939 1675 2045 1730 que
2070 1659 2209 1713 visio
2234 1659 2582 1728 prohibebat,
2611 1659 2700 1726 qui
2725 1674 2870 1722 eum,
2904 1658 2993 1727 qui
3025 1658 3077 1711 in
3108 1655 3346 1726 Virginis
3372 1667 3526 1709 utero

1943 1763 2167 1803 carnem
2196 1749 2533 1815 assumebat,
2561 1764 2624 1802 ex
2649 1747 2852 1817 Spiritu
2872 1759 3060 1803 sancto
3075 1749 3350 1802 exstitisse
3374 1749 3527 1802 dixe-

235 1841 383 1894 θενία
403 1884 416 1904 ,
452 1844 488 1912 ἠ
513 1842 626 1895 τῶν
654 1843 906 1911 ἀγγέλων
932 1844 1250 1913 ὑμνολογία,
1296 1846 1329 1914 ή
1361 1845 1470 1898 τῶν
1497 1845 1705 1914 Μάγων
1733 1846 1828 1899 δω-

1945 1837 2096 1891 rat”
2129 1847 2219 1904 ;et
2258 1838 2640 1891 miraculorum
2675 1839 2727 1891 in
2775 1849 2929 1907 partu
2958 1839 3227 1892 editorum
3265 1839 3526 1905 majestas

239 1935 489 2006 ροφορὶα,
522 1936 556 2006 ὴ
593 1933 689 1987 τοῦ
723 1936 955 2005 ἀστέρος
982 1935 1343 2004 φωταγωγία,
1376 1938 1410 2006 ἡ
1443 1939 1524 2000 εἰς
1557 1937 1836 2005 Αἴγυπτον

233 2026 465 2096 ὁδηγία,
515 2029 550 2094 ἡ
588 2026 699 2078 τῶν
733 2025 968 2079 εἰδώλων
1013 2027 1384 2097 αίχμαλωσία,
1428 2029 1522 2082 καὶ
1567 2031 1602 2100 ή
1655 2031 1834 2083 αὐτῶν

233 2119 462 2172 ἐκείνων
516 2118 833 2188 δικαιοσύνη
873 2116 981 2171 ὑπὸ
1010 2118 1113 2188 τῆς
1143 2119 1294 2183 Θείας
1338 2121 1562 2191 Γραφῆς
1611 2139 1828 2192 μαρτυ-

238 2210 497 2280 ρουμένη.
529 2210 694 2282 Δηλοῖ
719 2210 776 2263 δὲ
817 2211 912 2264 καὶ
956 2211 990 2281 ὴ
1030 2210 1320 2264 τελευταία
1349 2211 1444 2264 τοῦ
1477 2213 1680 2282 Κυρίου
1713 2214 1831 2268 διά-

234 2300 404 2366 θεσις,
448 2301 676 2373 Ἰωάννῃ
723 2300 804 2371 τῷ
860 2301 1119 2372 παρθένῳ
1161 2302 1263 2372 τὴν
1314 2303 1577 2356 θεοτόκον
1631 2306 1832 2376 συστήι

235 2407 456 2454 σαντος,
499 2391 601 2444 καὶ
648 2391 748 2454 τὰς
782 2392 1064 2461 ἑκατέρων
1111 2391 1414 2462 παρθενίας
1468 2393 1827 2464 συνάψαντος,

232 2482 394 2552 ἡνίκα
421 2482 520 2535 ἐπὶ
565 2481 661 2535 τοῦ
701 2482 938 2554 σταυροῦ
967 2480 1044 2535 ὣν
1088 2480 1355 2546 ζωοποιὺν
1383 2483 1624 2555 ὑπέμενε
1667 2485 1834 2540 θάνα-

233 2585 343 2627 τον.
388 2574 456 2626 Εἰ
493 2573 674 2627 ταῦτα
704 2575 765 2627 οὐ
801 2573 979 2626 πείθει
1015 2573 1108 2628 τὸν
1137 2577 1450 2646 γογγυστὴν
1483 2577 1580 2630 καὶ
1614 2577 1834 2646 φιλοπό-

234 2678 397 2732 νηρον
428 2661 561 2715 λαὸν
582 2701 597 2726 ,
627 2656 690 2716 οὗ
731 2665 814 2725 εἰς
849 2663 1009 2732 φύσιν
1052 2663 1239 2716 λοιπὸν
1267 2665 1329 2718 τὸ
1363 2664 1655 2736 θεομαχεῖν
1697 2685 1833 2722 κατ-

230 2751 385 2823 έστη,
433 2755 579 2808 κατὰ
618 2757 838 2828 πετρῶν
870 2759 1138 2830 σπείρεις,
1170 2762 1266 2814 καὶ
1293 2760 1416 2815 καθ’
1452 2761 1663 2816 warm
1695 2763 1832 2834 γρά-

229 2860 372 2914 ςθεις,
399 2849 499 2900 καὶ
531 2849 786 2904 πέπαυσο
819 2853 1217 2921 μταιοπονῶν.

1945 1939 2107 1998 atque
2139 1930 2438 1999 amplitudo
2471 1931 2709 1996 vetabat,
2741 1939 2795 1984 et
2827 1930 3137 2000 virginitas,
3170 1945 3288 1998 qua:
3313 1938 3524 1998 partum

1936 2032 2122 2077 secuta
2147 2032 2252 2088 est,
2288 2033 2344 2076 et
2377 2023 2692 2091 angelorum
2715 2033 2908 2077 cantus
2936 2031 2987 2076 et
3019 2021 3258 2076 oblatum
3293 2036 3322 2074 a
3354 2020 3526 2087 Magis

1935 2131 2153 2179 munus,
2191 2123 2249 2170 et
2288 2115 2442 2170 stella
2476 2115 2776 2183 prteluceus
2797 2114 2866 2177 “,
2912 2125 2964 2167 et
2993 2114 3244 2168 deductio
3274 2114 3325 2166 in
3359 2113 3527 2182 [Egy-

1935 2216 2108 2275 ptum,
2172 2215 2227 2261 et
2297 2206 2712 2261 simulacrorum
2782 2205 3110 2273 captivitas,
3179 2216 3234 2258 et
3307 2205 3522 2258 illorum

1937 2297 2177 2367 ipsorum
2208 2297 2420 2365 justitia
2467 2298 2762 2366 Scriptura:
2798 2308 2999 2352 sancta;
3044 2297 3358 2350 testimonio
3394 2312 3524 2350 con-

1938 2383 2173 2438 firmata.
2216 2385 2357 2452 Quin
2388 2385 2534 2441 istud
2574 2401 2792 2455 quoque
2821 2397 3153 2455 postremum
3198 2385 3412 2439 Domini
3444 2395 3525 2439 te-

1931 2484 2261 2530 stamentum
2295 2475 2501 2545 liquido
2535 2479 2892 2541 demonstrat,
2925 2477 3014 2554 qui
3045 2493 3152 2546 quo
3182 2486 3426 2546 tempore
3466 2477 3519 2531 in

1930 2582 2096 2622 cruce
2151 2576 2291 2632 erat,
2330 2583 2395 2622 ac
2441 2568 2654 2622 viviﬂca
2709 2578 2882 2623 morte
2921 2569 3271 2638 futigebatur,
3321 2568 3520 2623 Joanni

1929 2657 2125 2727 virgini
2162 2659 2478 2728 genitricem
2518 2659 2609 2714 Dei
2647 2661 3143 2726 commendarit",
3191 2670 3353 2729 atque
3389 2677 3509 2713 atu-

1928 2749 2120 2805 borum
2171 2749 2518 2820 virginitates
2558 2750 2851 2820 c0pulavit.
2889 2752 2946 2806 Si
2994 2753 3109 2806 lucc
3155 2760 3522 2805 murmurato-

1930 2858 2066 2906 rem,
2117 2851 2282 2911 atque
2340 2844 2707 2913 improbitatis
2764 2847 3036 2899 amantem
3082 2843 3341 2913 populum
3401 2857 3513 2897 non

229 2949 478 3008 morem,
513 2942 602 2997 cui
632 2943 755 3010 ﬁam
787 2942 956 2999 Deum
998 2946 1141 3001 bello
1176 2946 1448 3005 lacessere
1485 2949 1543 3005 in
1574 2958 1825 3006 naturam
1866 2951 2145 3007 redactum
2174 2958 2284 3020 est,
2317 2950 2372 3006 in
2413 2959 2598 3020 petras
2651 2951 2913 3017 mninas,
2936 2960 2990 3005 et
3018 2951 3070 3006 in
3100 2953 3256 3026 aquis
3283 2950 3506 3006 scribis.

227 3026 514 3084 incassum
554 3030 742 3100 itaque
767 3031 1020 3088 laborare
1047 3035 1258 3090 desine.

518 3148 624 3202 ιΘι.
646 3179 716 3190 -
741 3150 1148 3224 ΗΡΑΚΛΕΙΔῌ
1181 3149 1554 3226 ΕΠΙΣΚΟΠῼ.

225 3261 331 3316 Διὰ
353 3262 416 3316 τί
437 3263 512 3316 οὐ
537 3264 1066 3335 συγκατεδικάσθη
1090 3265 1216 3335 ¹τοῖς·
1249 3266 1383 3335 περὶ
1410 3266 1517 3320 τὸν
1552 3267 1826 3323 Ἀνανίαν

628 3337 662 3387 ό
694 3334 924 3402 Δανιὴλ
957 3337 1028 3389 ἐν
1054 3334 1131 3404 τῇ
1161 3334 1428 3407 καμίνῳ.

292 3468 408 3525 Διὰ
427 3467 502 3534 τί,
539 3469 677 3541 ἔφης
715 3469 850 3542 (20)⁹
894 3471 1035 3541 μετά
1067 3472 1178 3527 τῶν
1209 3473 1380 3546 τριῶν
1425 3475 1589 3530 ὁσίων
1618 3476 1826 3532 παίδων

218 3565 326 3636 τὴν
373 3562 660 3634 πυρκαϊὰν
697 3564 759 3616 ού
789 3565 1157 3638 κατεδικάσθη
1187 3567 1216 3619 ὁ
1243 3567 1420 3638 μέγας
1447 3567 1646 3641 Δανιὴλ
1675 3569 1828 3642 παρὰ

218 3654 323 3709 τοῦ
400 3650 781 3720 Βαϐυλωνίου,
837 3655 1108 3728 σύμφρων
1155 3657 1342 3722 αὐτοῖς
1390 3663 1675 3732 τυγχάνων
1731 3663 1828 3718 καὶ

223 3745 614 3818 συμφυλέτης,
656 3748 752 3800 καὶ
779 3748 1109 3818 ὁμοδίαιτος,
1159 3749 1256 3805 καὶ
1300 3753 1502 3823 μᾶλλον
1541 3754 1641 3825 τῆς
1671 3757 1828 3811 εύσε-

220 3839 394 3902 ὕείας
424 3838 778 3906 διδάσκαλος;
821 3840 1064 3912 Ἐπειδὴ.
1110 3842 1276 3914 φημὶ,
1307 3844 1450 3899 κατὰ
1477 3845 1629 3902 θείαν
1667 3849 1827 3903 τοῦτο

221 3929 574 4000 ᾡκονομήθη
611 3929 982 4001 προμήθειαν,
1017 3932 1103 3984 ἵνα
1135 3932 1211 4004 μὴ
1239 3932 1317 4004 τῷ
1347 3934 1570 4007 ὀνόματι
1598 3937 1693 3992 τοῦ
1721 3940 1828 3992 Βα-

218 4021 510 4075 ϐυλωνίου
537 4021 692 4086 Θεοῦ,
727 4023 828 4094 τὴν
871 4023 1220 4080 κατάκαυσιν
1263 4028 1365 4098 τῆς
1393 4028 1592 4098 φλογὸς
1620 4031 1670 4084 οί
1698 4031 1828 4084 ἀσε-

218 4113 352 4176 6εῖς
407 4112 793 4184 ἐπιγράψωσιο
844 4113 1135 4188 Βαλτάσαρ
1177 4116 1287 4190 γὰρ
1321 4119 1505 4188 αὐτὸν,
1541 4121 1623 4184 είς
1660 4122 1827 4193 τιμὴν

215 4204 334 4272 τῆς
396 4203 508 4256 τῶν
557 4205 890 4276 ἀπορρήτων
945 4207 1279 4277 σαφηνείας,
1341 4207 1645 4278 ὠνόμαζον.
1715 4211 1826 4266 Καὶ

214 4296 417 4365 δόγμα
461 4295 673 4349 τοιοῦτο
703 4297 834 4366 παρ’
869 4297 1102 4362 ἐκείνοις
1144 4302 1376 4371 κρατεῖ,
1409 4302 1483 4365 ὡς
1519 4303 1614 4356 καὶ
1665 4303 1825 4374 μόνον

214 4387 661 4457 ὀνομαζόμενον,
694 4387 1130 4460 θαυματουργεῐν
1174 4390 1268 4444 τὸν
1315 4391 1446 4446 Θεὸν
1476 4393 1673 4448 αὐτῶν.
1711 4396 1824 4450 Ἵνα

1855 3164 1903 3225 C

2166 3153 2218 3223 ⁷
2246 3151 2388 3208 ΧΙΧ.
2419 3183 2491 3194 -
2515 3151 2883 3208 HERACLIDI
2931 3148 3282 3206 EPISCOPO.

1998 3265 2108 3320 Cur
2141 3283 2246 3322 non
2289 3285 2409 3323 cum
2449 3270 2834 3392 tribustuczis
2877 3269 3252 3323 condemnatus
3288 3266 3448 3337 fuerit

2652 3356 2767 3392 ante
2793 3380 2809 3392 .

2652 3356 2809 3394 amet.

1999 3469 2209 3536 Quaeris
2252 3485 2354 3527 cur
2385 3486 2612 3541 magnus
2649 3471 2836 3527 Daniel
2884 3489 2992 3527 una
3041 3488 3162 3527 cum
3206 3473 3378 3528 tribus
3411 3473 3515 3542 piis

1929 3561 2366 3617 adolescentibus
2425 3579 2453 3616 a
2511 3564 2806 3634 Babylonio
2883 3579 3010 3634 rege
3060 3565 3200 3635 ignis
3248 3566 3517 3636 supplicio

1927 3653 2153 3708 minime
2190 3653 2448 3710 multatus
2502 3655 2752 3719 fuerit“,
2789 3671 2911 3710 cum
2946 3657 3185 3723 ejusdem
3227 3672 3349 3711 cum
3383 3659 3519 3727 ipsis

1928 3747 2212 3801 sententiae
2238 3756 2409 3812 esset,
2463 3746 2818 3818 ejusdemque
2865 3748 3061 3814 tribus,
3108 3749 3391 3819 victusque
3425 3766 3518 3807 so-

1927 3838 2067 3906 cius,
2120 3838 2268 3905 imo,
2327 3847 2386 3892 ut
2432 3840 2635 3895 rectius
2680 3841 2908 3911 loquar,
2957 3840 3175 3910 pietatis
3230 3842 3512 3911 magister.

1928 3930 2256 4000 lteSpondeo
2299 3946 2314 3984 :
2358 3929 2474 3988 Hoc
2541 3932 2726 3988 divino
2781 3934 3014 3989 consilio
3067 3944 3121 3990 et
3171 3936 3514 4005 providentia

1927 4022 2176 4093 contigit,
2210 4038 2280 4078 ne
2329 4023 2479 4094 impii
2531 4024 2782 4080 homines
2827 4025 3060 4081 ﬂamma:
3102 4027 3513 4096 oppressionem

1927 4115 2013 4170 dei
2076 4115 2390 4187 Babylonici
2446 4117 2649 4170 nomini
2721 4117 3116 4174 ascriberent:
3165 4119 3512 4176 Baltazarum

1926 4207 2074 4263 enim
2116 4221 2266 4272 eum,
2302 4207 2356 4261 in
2403 4206 2667 4260 honorem
2700 4208 3082 4264 declarationis
3129 4225 3311 4264 rerum
3355 4225 3512 4265 arca-

1927 4315 2148 4366 narum,
2197 4300 2562 4370 appellabant.
2611 4302 2788 4370 Atque
2832 4302 3096 4373 ejusmodi
3143 4302 3328 4373 opinio
3367 4305 3508 4374 apud

1927 4394 2054 4449 illos
2104 4394 2346 4462 vigebat,
2394 4409 2588 4463 nempe
2631 4396 2867 4464 ipsorum
2913 4396 3097 4462 deum,
3149 4398 3195 4452 si
3249 4397 3334 4453 vel
3370 4398 3512 4452 dun-

212 4479 443 4552 ταύτην
486 4481 664 4536 τοίνυν
696 4485 1023 4554 καταργήσῃ
1068 4483 1167 4554 τὴν
1211 4483 1388 4551 δόξαν,
1439 4485 1498 4541 ἐν
1532 4489 1597 4558 τῇ
1642 4488 1822 4559 κρίσει

1937 4496 2082 4542 taxat
2111 4488 2229 4558 ejus
2258 4502 2455 4542 nomen
2483 4489 2954 4557 pronuntiaretur,
2995 4504 3082 4545 res
3114 4490 3284 4545 miras
3311 4505 3506 4559 perpe-

213 4570 410 4642 ταὺτῃ
445 4570 539 4626 τὸν
565 4572 766 4643 Δανιὴλ
796 4572 1030 4645 ἐχώρισε
1052 4613 1069 4640 ,
1109 4575 1206 4628 καὶ
1242 4576 1443 4648 εὑρέθη
1474 4578 1657 4650 γυμνὴ
1698 4580 1820 4634 καθ’

214 4663 434 4736 ἑαυτὴν
468 4665 503 4734 ἠ
537 4663 645 4719 τῶν
670 4666 806 4719 νέων
837 4666 1137 4739 ἐγκράτεια
1162 4709 1179 4738 ,
1206 4669 1302 4722 καὶ
1331 4669 1425 4724 τοῦ
1457 4671 1592 4726 Θεοῦ
1622 4674 1656 4744 ἠ
1691 4672 1816 4746 βοή-

217 4758 378 4827 θεια,
409 4759 513 4831 τὴν
541 4759 854 4832 βροντῶσαν
885 4760 1176 4832 μαράνασα
1208 4762 1461 4834 κάμινον.

1933 4590 2102 4635 trare.
2132 4579 2276 4636 Deus
2308 4580 2473 4651 igitur
2514 4589 2575 4633 ut
2613 4579 2752 4635 hanc
2784 4581 3095 4652 opinionem
3127 4583 3510 4651 comprimeret

1927 4681 1985 4727 et
2029 4672 2292 4738 aboleret,
2334 4672 2389 4726 in
2441 4672 2546 4726 hoc
2583 4670 2790 4739 judicio
2831 4673 3111 4729 Danielem
3155 4676 3225 4728 ab
3268 4673 3388 4728 aliis
3423 4688 3510 4728 se-

1922 4761 2150 4830 junxit:
2186 4765 2515 4834 inventaque
2557 4770 2642 4818 est
2691 4763 2808 4818 sola
2849 4763 3106 4833 juvenum
3151 4765 3507 4828 continentia,

1927 4853 2133 4926 Deique
2175 4855 2462 4924 auxilium,
2504 4869 2613 4926 quo
2648 4855 2903 4914 intonans
2933 4857 3024 4913 illa
3069 4855 3262 4912 for-na:
3309 4871 3506 4912 conso-

1924 4947 2035 5017 pita
2057 4956 2111 5002 et
2137 4948 2410 5004 exstincta
2437 4956 2541 5004 est.

297 5154 344 5188 ³¹
376 5152 517 5211 Gen.
540 5154 772 5222 "11,12.
849 5155 1012 5212 "lsa.
1045 5161 1263 5225 XLVI,9.
1340 5161 1388 5193 ”
1409 5161 1599 5218 Matth.
1638 5182 1674 5229 I,
1706 5166 1798 5222 20.

1938 5168 2427 5243 Matth.tt,tseqq.
2500 5175 2720 5235 "Joan.
2752 5193 2866 5245 nx,
2896 5177 2988 5233 27.
3066 5179 3110 5211 "
3126 5177 3264 5234 Dan.
3288 5195 3372 5247 tu,
3401 5181 3493 5240 20.

1360 5320 1603 5379 VARLE
1642 5323 2030 5384 LECTIONES
2070 5330 2161 5385 ET
2197 5330 2434 5389 ΝΟΤᾸΞ.

277 5497 609 5582 βίη-νοτε.
636 5500 817 5582 ipost
856 5502 994 5582 ἔφης
1018 5504 1188 5582 codex
1216 5504 1509 5582 _A_ltaemsis
1531 5508 1680 5582 addit
1709 5510 1807 5582 μή.

215 5566 449 5645 Υέςτεζὸ
492 5579 618 5645 post
645 5566 1180 5645 Bdﬁultwvto'ticodd.
1203 5576 1314 5630 Alt.
1346 5585 1399 5631 et
1452 5566 1803 5645 Barberin'us',

1953 5519 2040 5595 ost
2077 5512 2253 5595 δύγμα
2283 5515 2606 5595 d_uo_codd._
2643 5518 2769 5595 ιλιιι.Δ
2799 5530 2854 5576 et
2903 5521 3069 5595 Barb.
3113 5535 3390 5595 apponunt
3418 5527 3494 5584 δέ.

1965 5584 2193 5656 ers._“,
2231 5587 2352 5641 cod.
2391 5584 2502 5642 Alt.
2548 5589 2728 5642 αὐτῶν
2756 5591 2808 5645 in
2853 5593 3040 5656 αὐτοῖς
3068 5584 3274 5652 mutat:
3320 5608 3500 5653 tamen

218 5641 313 5730 qui
338 5641 779 5730 nguiprimum
805 5644 1165 5730 novi'aliquid
1194 5647 1485 5730 suggerit,
1514 5641 1810 5730 adiungunt
1915 5651 2059 5705 idem
2097 5641 2567 5730 in_:marg._a_t61:tiiv
2594 5641 3496 5730 tanquam“'tééiioie"n3'itivé}§;iﬁ

217 5707 354 5787 ia£._
381 5707 542 5787 VersI
576 5710 640 5787 _7,
689 5728 788 5787 pro
806 5707 1157 5787 κατάκαυσιν
1193 5707 1352 5787 ιοιῖξε
1376 5707 1555 5787 aptius
1575 5707 1650 5773 ad
1679 5707 1802 5774 seu-

221 5781 452 5835 tentiam
486 5781 592 5838 loci
637 5782 758 5840 cod.
788 5784 896 5841 Alt.
928 5784 1087 5842 ofl'ert
1136 5781 1494 5842 κατάπαυσιν.
1533 5787 1685 5845 Vers.
1715 5791 1803 5858 10,

1913 5730 2126 5848 33182;.
2149 5723 2462 5795 νοτε.’15,
2509 5723 2782 5802 ἐχώρισέ,
2828 5734 2951 5790 cod.
2996 5735 3106 5792 Alt.
3157 5736 3493 5810 διεχώρισεν.
