3896 6404
433 340 534 406 195
1627 339 1688 399 S.
1732 335 2025 397 ISIDORI
2063 337 2503 400 PELUSIOTAS
3614 351 3707 418 196

729 452 927 509 XX.—
957 452 1239 509 IIIERACI
1276 450 1718 509 CLARISSIMO.
2045 459 2100 516 Α

2045 459 2100 516 Α
2427 456 2513 508 Κ¹.
2546 486 2618 495 -
2640 454 2876 511 I-EPAKI
2915 458 3413 533 ΛΑΜΠΡΟΤΑΤῼ.

432 548 633 604 Cotum
682 546 1121 612 Macedonianos,
1164 559 1212 601 et
1245 564 1332 602 eos
1374 549 1463 616 qui
1507 545 1565 601 S.
1613 545 1871 616 Spiritum
1918 546 1970 599 in

1090 628 1349 672 nuananh

2200 549 2365 603 Κατὰ
2386 550 2877 618 Μακεδονιανῶν,
2911 552 3044 622 ἦτοι
3076 555 3620 626 Πνευματομάχων.

1090 634 1349 688 pugnanu

507 709 564 763 Si
600 710 895 765 luereticus
924 710 1034 774 ille,
1072 712 1161 779 qui
1202 719 1403 773 tecum,
1447 718 1505 762 nt
1540 710 1757 772 scribis,
1794 718 2023 763 conten-

2200 705 2263 756 El
2291 703 2504 775 δέχεται
2540 706 2568 757 ὁ
2603 706 2742 777 πρὸς
2773 708 2833 761 σὲ
2870 708 3168 780 διενεχθεὶς
3200 712 3498 781 αἱρετικδς,
3537 715 3709 781 καθὼς

439 801 640 856 tionem
672 803 883 863 habuit,
916 803 1010 856 Dei
1048 803 1271 869 Filium,
1301 812 1359 854 ut
1389 802 1696 869 degtnatunt
1726 813 1977 856 auctoren

2172 797 2415 868 ἑγραφας
2439 838 2454 861 ,
2485 799 2575 851 τὸν
2614 798 2708 852 τοῦ
2754 799 2888 852 Θεοῦ
2936 799 3064 853 Υἱὸν
3103 801 3471 874 δογματιστὴν
3504 805 3710 871 agitam-

440 892 696 946 idoneutn
723 893 811 946 cui
844 893 977 948 ﬁdes
1006 892 1289 958 habeatur,
1320 891 1578 956 admittit,
1615 892 1727 959 ipse
1762 892 1978 945 adorant

2171 907 2274 953 τον,
2314 890 2476 954 αὐτὸς
2522 891 2765 944 διδάσκει
2807 892 2908 962 τὴν
2956 892 3142 947 οὐσίαν
3188 894 3281 947 τοῦ
3331 898 3709 969 προσκυνητοῦ

439 984 664 1037 unitatis
692 982 927 1051 Spiritus
952 984 1243 1037 essentiam
1275 983 1451 1045 docet,
1497 983 1695 1051 quippe
1736 982 1825 1050 qui
1860 998 1977 1035 unut

2173 980 2232 1050 ἧς
2265 982 2515 1050 ἑνότητος
2550 983 2664 1051 (21)
2696 982 3014 1053 Πνεύματος
3038 1023 3053 1047 ,
3095 983 3153 1036 ἓν
3195 985 3367 1054 ὄνομα
3419 987 3522 1056 τῆς
3569 987 3711 1051 θείας

440 1076 637 1129 divina:
679 1074 962 1129 Trinitatis
1009 1089 1203 1127 nomen
1254 1089 1376 1128 esse
1418 1073 1816 1141 pronuntiarit,
1868 1073 1978 1126 ttnit

2179 1073 2357 1143 ριάδος
2398 1073 2818 1144 ἀποφηνάμενος
2847 1114 2859 1136 ,
2895 1076 2994 1144 τῆς
3040 1076 3171 1144 μιᾶς
3212 1075 3405 1138 οὐσίας
3436 1077 3712 1147 σημαίνων

438 1164 693 1218 videlicet
743 1164 1002 1219 essentia“:
1058 1163 1496 1231 conjunctionem
1555 1173 1720 1232 atque
1765 1163 1976 1217 unione:

2173 1162 2227 1233 ὴν
2254 1162 2467 1216 ἕνωσιν.
2506 1164 2566 1214 Et
2596 1163 2653 1216 δὲ
2683 1163 2832 1234 αὐτῷ
2873 1163 2947 1235 μὴ
2986 1165 3255 1234 πιστεύει,
3286 1165 3387 1237 τὴν
3431 1168 3711 1237 ἀκρίϐειαν

438 1254 779 1323 signiﬁcans.
815 1254 968 1320 Quod
997 1254 1041 1307 si
1079 1254 1203 1323 ipsi,
1236 1256 1451 1323 cognati
1486 1254 1720 1323 Spiritus
1747 1255 1976 1310 certitud

2172 1254 2222 1305 οὗ
2256 1253 2553 1322 συγγενοῦς
2590 1257 2910 1325 σημαίνοντι
2941 1257 3260 1328 Πνεύματος
3282 1299 3296 1323 ,
3349 1258 3448 1311 καὶ
3472 1258 3542 1311 τὰ
3580 1259 3710 1332 ὑπὲρ

440 1361 565 1400 nem
597 1346 948 1415 signiﬁcanti,
980 1355 1144 1414 atque
1179 1361 1267 1411 ea,
1297 1362 1417 1413 quae
1459 1346 1755 1400 humanam
1792 1355 1978 1400 mente:

2172 1344 2257 1398 οὖν
2311 1344 2653 1416 ἀνθρώπινον
2706 1347 3107 1415 ἐκδιδάσκοντι,
3177 1351 3408 1420 περιττὴ
3461 1352 3710 1422 τυγχάνει

440 1446 722 1505 superant,
754 1435 993 1500 docenti,
1032 1436 1257 1489 minime
1287 1436 1450 1489 ﬁdem
1481 1435 1724 1501 adhibet,
1768 1451 1978 1505 superv:

2170 1437 2238 1490 ὦν
2272 1438 2556 1509 ἡμετέρων
2588 1438 2765 1508 λόγων
2791 1441 2824 1510 ἡ
2856 1439 3115 1505 σύστασις
3138 1458 3152 1472 ο
3199 1442 3396 1514 ἐπειδὴ
3425 1443 3488 1495 τὸ
3517 1444 3708 1512 γεῶδες

439 1544 606 1582 cauea
642 1538 725 1581 est
752 1538 1064 1582 nostrorum
1098 1542 1411 1581 sermonum
1446 1527 1977 1594 conﬁrntatio.thtat

2171 1529 2333 1600 κῆνος
2363 1530 2518 1599 μόλις
2552 1531 2796 1602 εὑρίσκει
2827 1531 2898 1585 τά
2938 1534 2998 1586 ὲν
3030 1533 3173 1587 ποσί.
3217 1535 3298 1588 Τὰ
3328 1534 3388 1589 δὲ
3415 1537 3476 1590 ὲν
3504 1537 3709 1607 οὐρανῷ

441 1620 730 1688 doquidem
784 1629 1041 1674 terrestre
1088 1618 1492 1674 tabernaculum
1543 1619 1632 1672 vix
1686 1634 1770 1684 ea,
1802 1634 1920 1687 qua:
1954 1635 1979 1672 a

2171 1622 2451 1694 πόκρυφα,
2474 1625 2568 1677 καὶ
2598 1625 2696 1695 τὴν
2719 1626 2997 1697 ἡμετέραν
3020 1626 3272 1697 αἴσθησιν
3293 1628 3708 1698 ὑπερϐαίνοντα,

443 1710 609 1778 Pedes
649 1708 856 1777 iacent,
892 1709 1141 1762 ίηνεηῖΐθ
1186 1716 1383 1776 Ροῑθειο
1426 1706 1682 1760 (δαὶιεεῑίδ
1718 1716 1901 1760 autem
1938 1722 2027 1759 ³1·-
2132 1714 2294 1776 αὐτὸς
2332 1715 2425 1767 καὶ
2456 1715 2873 1782 ἀποκαλύπτει,
2915 1717 3011 1770 καὶ
3043 1716 3331 1771 ἐπίσταται
3378 1719 3408 1771 ὁ
3451 1719 3710 1772 κατοικῶν

438 1815 595 1863 cana,
633 1809 688 1854 ct
732 1810 978 1855 nostrum
1009 1815 1228 1854 sensum
1256 1798 1594 1864 excedentia,
1634 1799 1751 1868 ipse
1802 1808 1857 1853 et
1884 1810 1971 1869 pat

964 1817 978 1853 ι
1009 1815 1228 1854 sensum
1256 1798 1594 1864 excedentia,
1634 1799 1751 1868 ipse
1802 1808 1857 1853 et
1884 1810 2031 1869 pate-
2061 1808 2103 1862 Β
2131 1807 2223 1859 τὸν
2252 1806 2502 1877 οὐρανόν.

440 1893 572 1947 facit
609 1903 665 1947 et
720 1893 1003 1963 explorate
1041 1892 1210 1958 novit,
1255 1892 1347 1961 qui
1375 1890 1577 1945 cadum
1618 1906 1716 1959 pro
1751 1890 2029 1946 domicilio

440 1986 606 2041 habet
627 1987 695 2039 ³⁷.

662 2096 806 2151 XXI.
838 2127 908 2136 --
937 2093 1257 2151 AMMONIO
1300 2093 1802 2151 SCHOLASTICO.

2328 2097 2461 2151 KA'.
2492 2127 2563 2137 —
2591 2093 2914 2167 ΑΜΜΩΝΙῼ
2951 2094 3061 2167 (ee)
3099 2095 3560 2169 ΣΧΟΛΑΣΤΙΚῼ.

442 2210 521 2265 De
546 2210 763 2264 lectione
786 2220 971 2264 contra
1006 2209 1259 2263 Gentiles.
1284 2208 1362 2263 De
1382 2211 1554 2286 gratio
1579 2226 1853 2263 sacrarum
1883 2208 1980 2263 Scr

2171 2215 2273 2286 ίερὶ
2348 2211 2746 2286 ἀναγνώσεως
2817 2208 2969 2286 κατά
3026 2209 3355 2286 Ἑμήνων.
3412 2209 3709 2286 Περὶ-τῆς

793 2292 1070 2350 pturarum
1109 2292 1155 2333 et
1193 2296 1373 2333 eorum
1423 2280 1672 2335 utilitate.
1815 2351 1826 2357 _
2199 2279 2331 2357 7:de

2199 2279 2592 2357 idptfoqﬁ'ér
2623 2283 3043 2357 θεοπνεύστων
3072 2279 3352 2349 Γραφῶν,
3387 2282 3489 2335 καὶ
3517 2279 3622 2351 τῆς
3647 2283 3709 2347 ἐξ

1815 2351 1826 2364 ’
2199 2351 2405 2411 at;er
2434 2354 2750 2422 ὠφελείας.

514 2458 771 2521 Deorum,
798 2472 941 2528 quos,
963 2458 1204 2513 Gentiles
1234 2459 1440 2525 colunt,
1479 2458 1823 2525 ell‘ectiones,
1865 2467 1941 2525 et,
1972 2469 2031 2514 ut

2203 2470 2315 2535 Τὰς
2361 2468 2549 2541 [μὲν]
2593 2466 2863 2538 Ἑλλήνων
2896 2464 3195 2530 θεοποιίας,
3229 2464 3327 2519 καὶ
3381 2466 3451 2529 ἃς
3499 2464 3708 2518 καλοῦσι

443 2557 665 2614 vocant,
700 2547 1041 2617 theogonias,
1079 2549 1180 2600 hoc
1212 2557 1295 2602 est
1324 2548 1547 2604 deorum
1576 2558 1750 2613 ortus,
1783 2547 1981 2619 Orpbet

2168 2562 2434 2633 εογονίας,
2485 2558 2717 2631 Ὀρφεύς
2761 2574 2821 2611 τε
2865 2558 2961 2610 καὶ
3002 2556 3254 2628 Ὅμηρος
3298 2557 3396 2611 καὶ
3457 2556 3706 2621 Ἡσίοδος,

443 2647 499 2693 et
533 2635 823 2703 Homerus,
860 2644 914 2691 et
937 2636 1230 2702 Hesiodus,
1260 2639 1461 2708 aliique
1492 2656 1684 2695 omnes
1716 2641 1783 2697 iis
1823 2641 1981 2696 similt

2171 2656 2227 2709 αὶ
2254 2656 2369 2708 ὅσοι
2402 2654 2524 2707 κατ’
2558 2651 2824 2715 ἐκείνους,
2852 2649 3117 2715 ἐδίδαξαν,
3146 2649 3351 2713 πολλὰς
3377 2650 3474 2703 καὶ
3506 2649 3709 2720 βίϐλους

447 2729 819 2795 tradiderunt,
849 2728 1031 2782 multis
1061 2738 1118 2783 et
1159 2729 1335 2793 libris,
1366 2739 1421 2784 et
1464 2733 1749 2788 sententiis
1786 2733 1985 2789 collecti

2171 2750 2228 2799 αὶ
2261 2744 2420 2809 δόξας
2458 2743 2828 2814 συνείραντες.
2861 2740 2974 2812 Τὴν
3019 2739 3295 2811 ἡμετέραν
3333 2739 3392 2793 δὲ
3422 2738 3707 2811 θρησκείαν

446 2832 609 2892 atque
656 2820 975 2889 compactis.
1018 2819 1268 2876 Nostram
1320 2832 1500 2879 autem
1555 2824 1875 2894 religionem
1922 2828 1984 2879 du

2167 2844 2223 2893 ύο
2266 2836 2470 2892 πυκταὶ⁸
2517 2835 2844 2900 διδάξουσιν,
2898 2833 2968 2897 ἃς
3011 2831 3366 2904 ἐπέμψαμεν,
3403 2825 3483 2887 ὧν
3531 2834 3564 2904 ή
3615 2831 3705 2901 μὲν

443 2915 681 2978 codices,
734 2928 871 2983 quos
922 2913 987 2966 ad
1030 2923 1083 2968 te
1124 2915 1401 2980 misimus,
1453 2915 1727 2972 docebunt
1755 2937 1769 2973 :
1798 2933 1981 2987 quorut

2164 2928 2509 3001 [ρεσὸυτέρα,
2540 2928 2575 2997 ή
2604 2926 2661 2979 δὲ
2690 2924 2803 2978 Νέα
2828 2924 3073 2994 Διαθήκη
3113 2915 3605 2995 προσαγορεύεταζ
3645 2922 3702 2975 Ei

445 3003 582 3058 alter
630 3004 816 3069 Vetus,
864 3003 1001 3057 alter
1033 3003 1239 3058 Novum
1286 3004 1699 3060 Testamentum
1749 3022 1983 3077 nuncup:

2164 3024 2185 3074 ὲ
2218 3018 2575 3092 ἀληθεύουσιν
2604 3008 2765 3071 αὗται
2802 3015 3004 3086 μᾶλλον
3044 3015 3269 3069 ἐκείνων
3301 3015 3398 3069 καὶ
3442 3017 3553 3078 τοῖς
3595 3013 3702 3066 ὀνό-

444 3105 555 3149 tur.
582 3095 669 3149 An
712 3103 891 3149 autem
926 3094 981 3148 bi
1027 3094 1173 3161 libri,
1201 3104 1314 3148 tum
1346 3094 1682 3161 nominibus,
1709 3104 1819 3150 tum
1843 3098 1982 3151 rebu:

446 3189 512 3209 -.Ι
560 3188 843 3209 ..-_2n-.-...
881 3186 1260 3209 .._....-..-!A..-..
1344 3203 1499 3209 .-ηιμ
1556 3187 1627 3209 ﬁll:
1704 3187 1807 3209 Α...
1841 3205 1853 3209 -
1887 3188 1982 3209 3..-.

2166 3129 2268 3166 μασι
2307 3112 2402 3164 καὶ
2431 3113 2543 3174 τοῖς
2573 3108 2919 3182 πράγμασιν,
2952 3105 3198 3179 [αὐτὸς]
3248 3106 3576 3179 εὑρήσειας,
3613 3103 3704 3158 πέ-

444 3189 512 3241 ad
560 3188 845 3242 veritatem
881 3186 1285 3256 propensiores,
1340 3203 1502 3256 quam
1556 3187 1652 3252 illi,
1702 3187 1811 3243 sint
1840 3205 1854 3243 :
1887 3188 1982 3256 ipSt

1702 3187 1811 3243 Sim
1840 3205 1854 3243 ε
1887 3188 2022 3258 ipse,
2056 3186 2099 3209 υ
2130 3221 2384 3275 πεισμαι,
2410 3204 2505 3257 καὶ
2537 3202 2867 3273 κρατήσειας
2897 3199 2950 3253 τί
2974 3201 3217 3271 ἄμεινον.

444 3289 504 3335 ιιι
532 3280 663 3334 mihi
696 3280 1017 3350 persuadeo,
1048 3279 1311 3348 reperies,
1348 3288 1511 3349 atque
1544 3280 1617 3347 id,
1654 3281 1799 3349 quod
1831 3281 2027 3336 melius

443 3371 569 3436 erit,
600 3370 972 3440 amplecteris.

947 3460 1109 3515 XXII.
1140 3491 1211 3502 —
1240 3460 1516 3517 ZOSIMO.

2644 3467 2775 3522 KB’.
2807 3496 2878 3507 -
2903 3466 3174 3537 ΖΩΣΙΜῼ.

517 3576 686 3629 Aiunt
724 3573 968 3629 nonnulli
1021 3584 1075 3628 te
1119 3575 1413 3630 sacerdotii
1467 3575 1768 3645 cupiditate
1819 3586 2025 3642 tenert,

2199 3581 2357 3645 Τινὲς
2387 3581 2445 3634 σέ
2475 3597 2636 3650 φασιν
2663 3579 2965 3651 ἱερωσύνης
2986 3579 3141 3650 ὲρᾷν,
3170 3578 3503 3650 πράγματος
3558 3579 3702 3648 ἀνεφ-

444 3668 503 3738 8
548 3667 651 3720 hoc
701 3673 785 3719 est
830 3665 930 3731 rei,
984 3680 1147 3733 quam
1200 3664 1409 3730 multis,
1453 3679 1516 3719 ac
1560 3666 1860 3734 praesertim
1907 3667 1981 3722 tib

2162 3692 2280 3727 κτου
2309 3672 2544 3736 πολλοῖς,
2574 3672 2656 3725 σοὶ
2679 3670 2735 3723 δὲ
2762 3672 2858 3724 καὶ
2888 3670 3151 3741 μάλιστα·
3188 3670 3221 3741 ἢ
3253 3671 3438 3725 τοίνυν
3465 3670 3552 3723 τὸν
3579 3687 3700 3721 σαυ-

447 3758 714 3825 attingere
755 3754 912 3810 nefas
948 3763 1048 3810 est.
1080 3754 1259 3822 Quare
1291 3766 1383 3808 aut
1413 3770 1596 3810 mores
1642 3763 1764 3810 tuos
1795 3758 1985 3828 corrigi

2163 3766 2223 3820 οὗ
2260 3766 2374 3838 βίον
2412 3765 2724 3837 διόρθωσαι,
2757 3764 2791 3836 ἢ
2821 3764 2921 3835 τῆς
2945 3763 3244 3834 ἐπιθυμίας
3274 3763 3385 3819 τῶν
3417 3762 3700 3833 ἀψαύστων

388 3904 391 3905 ν
446 3856 540 3904 aut
576 3863 605 3902 a
637 3847 989 3917 templorum,
1018 3863 1138 3918 quae
1172 3847 1277 3913 ,‘tibi
1310 3847 1578 3918 attingere
1616 3848 1841 3905 minime
1880 3848 1926 3903 Ιὶ‹

1346 3847 1578 3918 ttingere
1616 3848 1841 3905 minime
1880 3848 2028 3917 licet,
2132 3876 2215 3912 σοι
2238 3857 2553 3929 ἀνακτόρων
2585 3854 2878 3925 ἀπόστηθι.

446 3941 745 4012 cupiditate
777 3940 1001 3996 absiste.

872 4056 1065 4112 XXIII.
1096 4087 1165 4095 —
1193 4053 1603 4110 THEOPHILO.

2624 4030 2754 4085 Kl".
2784 4060 2855 4070 ——
2887 4029 3199 4101 ΘΕΟΦΙΛῼ.

448 4174 517 4228 In
543 4172 700 4237 illud,
727 4189 746 4223 ι
782 4170 951 4225 Omne
971 4170 1323 4224 masculinum
1343 4171 1653 4237 adaperiam
1687 4168 1948 4232 vulvam,»
1982 4199 1986 4220 ι

2163 4169 2245 4233 Ξίς
2290 4164 2387 4231 τὸ,
2436 4181 2455 4215 ι
2497 4162 2629 4219 Πᾶν
2677 4163 2869 4237 ἄρσεν
2897 4160 3222 4237 διᾳνοᾼῖγοτ-
3240 4159 3517 4237 μή-τρ-αν,
3551 4177 3569 4210 ι
3613 4157 3701 4237 καί

519 4227 699 4297 εοιιινά
732 4258 817 4295 eos
846 4242 936 4309 qui
967 4243 1149 4294 dicunt
1184 4241 1350 4294 Deum
1382 4227 1596 4310 possunt
1626 4255 1758 4306 esse,
1784 4248 1835 4292 et
1866 4227 2033 4293 unam

2204 4227 2857 4310 κατάΘξοπασχηξῶν,
2885 4233 2983 4310 καὶ
3019 4227 3135 4310 fit?
3174 4227 3415 4304 [ίξτῶκ]
3444 4232 3592 4300 μίαν
3611 4227 3703 4282 ἐπὶ

516 4329 627 4367 ωδε
651 4315 705 4365 in
732 4300 941 4365 Christo
974 4319 1244 4364 naturam.
1382 4300 1393 4310 ’
1744 4300 1754 4306 ’

1744 4300 1754 4306 ’
2198 4306 2454 4375 Χριστοῦ
2488 4300 2679 4374 φύσιν
2703 4300 2856 4357 εἶναι
2884 4300 3209 4371 λετ-ὄντωνῇ

522 4423 579 4478 Id
628 4422 773 4492 quod
822 4422 875 4475 in
917 4436 1073 4475 sacra
1111 4420 1398 4491 Scriptura
1442 4418 1647 4475 dictum
1679 4431 1784 4486 est,
1817 4437 1835 4471 ι
1860 4417 2034 4474 Omne

2204 4419 2279 4471 Τὸ
2303 4415 2594 4488 εἰρημένον
2628 4417 2686 4468 ὲν
2708 4417 2774 4485 τῇ
2808 4414 2929 4485 θείᾳ.
2956 4414 3173 4484 Γραφῇ,
3205 4413 3287 4466 ὃτι
3318 4431 3336 4463 ι
3360 4412 3480 4465 Πᾶν
3501 4406 3700 4482 πρωτό⁴

452 4515 865 4587 primogenitum
922 4513 1244 4581 adaperiens
1304 4510 1561 4578 vulvam,
1618 4522 1864 4566 sanctum
1925 4511 1990 4566 Dc

2166 4528 2290 4565 οκον
2334 4510 2600 4576 διανοῖγον
2647 4507 2880 4577 μήτραν,
2916 4506 3072 4573 ἅγιον
3100 4504 3176 4574 τῷ
3205 4502 3421 4575 Κυρίῳ,
3458 4520 3476 4553 ι
3497 4502 3557 4553 οὐ
3586 4498 3702 4569 περὶ

453 4607 600 4662 mino
632 4606 913 4659 vocabitur
937 4605 1079 4669 ""9,
1104 4623 1124 4656 ι
1148 4620 1251 4659 non
1281 4605 1348 4659 de
1382 4604 1530 4659 omni
1560 4603 1921 4673 primogenito
1953 4606 1983 4657 d

2164 4601 2339 4664 παντὸς
2380 4600 2597 4670 εἴρηται
2646 4597 3029 4668 πρωτοτόκουο
3065 4595 3139 4666 μὴ
3177 4593 3349 4657 οὕτως
3393 4594 3446 4647 οἱ
3483 4588 3702 4662 ἀμαθεῖς

453 4708 601 4754 ctum
653 4707 740 4753 est
779 4696 869 4767 (ne
910 4696 1015 4751 hoc
1069 4697 1308 4765 imperiti
1364 4694 1613 4749 homines
1666 4694 1991 4759 existiment?

2161 4694 2540 4766 ιομιςέτωσαν·
2576 4690 2714 4744 ἀλλά
2759 4691 2889 4761 περὶ
2927 4688 3045 4752 ἑνὸς
3085 4684 3362 4760 [ἐκείνου]
3401 4686 3497 4740 καὶ
3529 4682 3699 4754 μόνον,

454 4805 643 4846 verum
692 4790 758 4843 de
797 4803 905 4842 uno
951 4788 1039 4842 illo
1073 4803 1134 4841 ac
1182 4787 1321 4853 solo,
1363 4787 1455 4857 qui
1508 4787 1562 4841 in
1607 4796 1769 4855 partu
1812 4785 1992 4840 vulvat

2167 4788 2227 4841 οὗ
2262 4790 2321 4841 ὲν
2348 4787 2426 4857 τῷ
2453 4785 2736 4840 τίκτεσθαι
2763 4786 2864 4858 τὴν
2900 4786 3117 4856 μήτραν
3155 4781 3490 4847 ἀνοίξαντος.
3524 4779 3702 4832 Πᾶσαν

454 4881 685 4952 aperuit.
711 4877 925 4932 Etenim
957 4892 1174 4932 omnem
1200 4877 1419 4945 quidem
1454 4875 1670 4931 vulvam
1710 4874 1992 4931 concubitu

2164 4878 2243 4949 ’ὰρ
2293 4878 2505 4948 μήτραν
2539 4876 2683 4946 μίξις
2730 4874 2826 4927 καὶ
2871 4872 3130 4926 συνουσία
3174 4871 3482 4939 ἀνοίγνυσι·
3520 4864 3613 4933 τὴν
3651 4861 3702 4914 δὲ

455 4962 535 5028 αρ’
557 4986 825 5027 venereus
850 4970 1168 5041 complexus
1197 4970 1372 5040 aperit
1398 4985 1413 5024 :
1443 4977 1500 5023 at
1524 4984 1668 5033 eam,
1696 4983 1816 5038 quae
1851 4967 1993 5023 Domi

2171 4968 2231 5020 δν
2276 4966 2482 5039 Κύριον
2522 4967 2680 5037 ἡμῶν
2714 4964 2920 5036 Ἰησοῦν
2952 4963 3185 5037 Χριστὸν
3216 4963 3524 5032 κυήσασαν,
3554 4952 3704 5015 αὐτὸς

526 5134 573 5168 ³⁷
597 5132 637 5188 II
663 5131 790 5188 Cor.
828 5145 879 5193 ν,
920 5127 975 5182 4.
1080 5126 1197 5157 ²⁸·²⁹
1230 5124 1399 5180 Exod.
1429 5138 1549 5188 xm,
1592 5122 1663 5176 23
1696 5140 1712 5189 ;
1772 5121 1906 5180 Luc.
1936 5120 2110 5188 11,25.

1581 5274 1817 5331 VARIE
1858 5273 2240 5330 LECTIONES
2277 5273 2366 5329 ET
2406 5273 2637 5329 NOTAE.

530 5439 641 5526 ςει)
687 5436 1260 5526 οοάεὲκβὶίὲἳβηιμέἕ
1306 5430 2038 5526 ἶθὲἒδὲἐέῗθπῗῗῗὲἓῗὶῗὲ

2211 5431 2331 5526 ςὲἓξ
2367 5430 2485 5515 Non
2512 5432 2811 5526 ’Atﬂlw“:l£p
2844 5433 3572 5526 sLe'tL'Apptuw'inscribitu‘r
3597 5434 3698 5526 huic

461 5500 713 5592 θεὸτητος
759 5508 1070 5576 subjiciunt.
1101 5504 1375 5592 .Vgrs.'7,
1418 5516 1517 5572 pro
1558 5516 1691 5592 voce
1722 5501 1999 5584 Hve't'tpa'cc

2161 5503 2463 5592 Epistolajn
2504 5500 2663 5556 codd.
2697 5500 2825 5592 Vat.
2993 5500 3063 5558 et'
3087 5500 3195 5558 Alt.
3218 5503 3289 5592 In
3335 5520 3502 5592 versit.
3529 5506 3576 5567 1,

460 5581 569 5635 Alt.
606 5571 660 5633 in
694 5571 949 5635 conteitn
992 5576 1141 5644 ponit
1168 5571 1447 5644 ΙΙνεύματι
1477 5612 1492 5635 ,
1524 5572 1695 5644 sed_e
1728 5571 1949 5644 regione
1984 5573 2038 5644 in
2141 5573 2431 5628 Altaemsis
2455 5588 2559 5626 non
2587 5573 2851 5642 agnoscit.
2874 5572 3015 5628 Idem
3040 5590 3181 5629 vers.
3215 5574 3267 5639 5,
3304 5585 3424 5644 post
3446 5575 3536 5627 δύο
3565 5571 3700 5625 addit

464 5651 704 5719 margine
729 5640 1341 5719 ορροηὶιΪΙνεύματοςί
1364 5642 1518 5719 _Vcrs.
1543 5642 1599 5719 θ,
1636 5640 1755 5697 loco
1791 5640 1995 5719 vocabu

2160 5644 2199 5696 Ξὲ
2222 5684 2237 5707 ,
2269 5640 2643 5719 praztereaque
2668 5644 2725 5719 in
2753 5660 2917 5719 versu
2945 5645 3241 5713 penultitno
3290 5640 3388 5719 pro
3421 5646 3698 5719 εὑρήσειας

466 5710 727 5782 σύστνασις
754 5710 908 5777 codd.
950 5717 1067 5772 Vat.
1095 5710 1199 5770 6149
1231 5724 1284 5768 et
1314 5713 1422 5767 Alt.
1473 5713 1718 5768 scribunt
1751 5710 2002 5777 σύνταξις

2155 5724 2199 5767 et
2230 5710 2753 5789 xpacﬁoata§,_legit
2770 5710 3040 5789 εὑρήσεις
3069 5727 3125 5773 et
3157 5710 3693 5789 κρατ’ήσεις,ἐιιϐ“ι·ιι-

467 5792 674 5845 Possm.
2143 5794 2305 5852 gante
2330 5798 2545 5854 quoquc
2580 5784 2695 5839 Vat.
2722 5784 2861 5842 649.
2881 5785 3093 5843 Possm.
