3896 6404
226 326 315 387 197
1132 316 1669 379 EPISTOLARUM
1706 316 1853 374 LIB.
1896 316 1944 374 Ι.
1984 340 2055 349 --
2090 316 2328 376 EPIST.
2367 316 2577 378 XXVI.

3379 317 3479 382 198

225 434 545 507 ςυῦπμρθεὶς
570 433 827 504 ἀσπόρως
857 432 1259 503 προερχόμενος
1286 428 1489 500 ἥνοιξε,
1516 430 1611 482 καὶ
1639 427 1801 480 πάλιν

1924 442 2034 480 ium
2091 437 2336 481 nostrum
2383 426 2569 481 Jesum
2616 424 2892 482 Christum
2926 429 3151 499 peperit,
3199 430 3311 500 ipse
3354 433 3477 488 sine

222 527 669 599 ἐσφραγισμένην
715 525 1045 578 κατέλιπεν
1096 522 1313 594 ἀληθῶς
1361 522 1473 591 (25)
1513 519 1612 589 μὲν
1656 518 1803 586 γενό-

224 635 374 687 μενος
397 617 691 687 ἅνθρωπος
719 656 734 678 ,
767 616 983 686 ἀληθῶς
1006 616 1063 668 δὲ
1090 614 1189 687 [ὢν
1214 611 1332 683 καὶ]
1360 611 1491 673 Θεὸς
1514 611 1607 662 καὶ
1635 626 1802 680 προσ-

222 709 549 779 κυνούμενος
580 705 661 771 εἷς
691 708 750 773 ἐξ
776 708 1103 779 ἀμφοτέρων
1124 707 1234 759 τῶν
1266 704 1502 775 φύσεων.

744 889 870 942 ΚΔν.
902 918 977 932 -
1004 889 1286 958 ΚΡΙΣΠῼ.

222 981 341 1033 Ὀτι
376 978 766 1051 oivz_d:t.1t3¢,
800 981 960 1034 ἀλλὰ
978 980 1127 1047 μετὰ
1160 983 1403 1051 πολλῆς
1445 982 1805 1050 φιλοπονίας

425 1049 547 1118 χρὴ
580 1052 688 1115 τὰς
718 1052 883 1117 ἱερὰς
914 1052 1333 1104 ἀναπτύσσειν
1353 1049 1623 1121 Γραφάς.

296 1139 776 1208 Ἑπιστημονικῶς
811 1138 924 1209 (94)
953 1140 1052 1209 τὴν
1077 1140 1228 1193 Θείαν
1260 1141 1480 1212 Γραφὴν
1507 1143 1806 1195 ἀνελίσσειν

216 1229 474 1297 ὀφείλεις,
498 1231 596 1282 καὶ
610 1232 711 1293 τὰς
728 1231 870 1299 αύτῆ
877 1249 903 1295 ς
920 1231 1180 1301 δυνάμεις
1195 1233 1464 1303 νουνεχῶς
1482 1234 1802 1303 ἀνιχνεύειν,

217 1322 309 1372 καὶ
381 1320 459 1388 μὴ
525 1321 879 1390 κατατολμᾷν
942 1321 1129 1384 ἁπλῶς
1181 1322 1291 1374 τῶν
1355 1322 1649 1390 ἀψαύστων
1711 1326 1805 1377 καὶ

218 1410 525 1476 ἀνεφίκτων
571 1411 912 1479 μυστηρίων,
965 1411 1210 1476 ἀναξίαις
1256 1410 1426 1463 ταῦτα
1477 1414 1663 1482 χερσὶν
1694 1414 1807 1468 ὲπις

220 1501 455 1569 τρέπων.
502 1500 663 1553 Οὕτω
706 1500 815 1571 γὰρ
843 1504 871 1554 ὁ
910 1501 1316 1572 τολμηρότατος
1361 1502 1541 1566 Ὀζίας
1570 1504 1807 1575 ἀναθαρ-

222 1596 389 1662 ῥήσας
425 1593 713 1645 ἐπιϐαλεῖν
741 1595 853 1655 τοῖς
881 1594 1312 1664 ἀνεγχειρήτοις,
1340 1593 1546 1665 λέπραν
1577 1596 1652 1664 τῷ
1678 1596 1809 1666 Θρά-

222 1701 299 1735 ast
364 1684 902 1753 προσαηνέγκατο,
966 1684 1061 1736 καὶ
1113 1682 1260 1736 ἄκων
1315 1684 1642 1753 ἀπορριφεὶς
1700 1685 1806 1736 τῶν

1904 519 2115 572 semine
2162 528 2493 588 conceptus,
2541 519 2800 587 prodiens
2844 524 3096 587 aperuit;
3149 535 3213 576 ac
3264 538 3479 578 rursum

1904 612 2143 665 clausam
2209 621 2265 665 et
2320 612 2660 681 obsignatam
2719 612 2937 677 reliquit
2985 630 2999 667 :
3046 628 3173 668 vere
3224 615 3483 669 nimirum

1904 703 2069 757 homo
2111 700 2355 764 enectus,
2401 718 2464 754 ac
2505 714 2630 753 vere
2657 702 2783 755 item
2820 703 2958 758 Deus
3002 704 3299 772 exsistens,
3347 720 3487 760 unus

1906 794 2157 861 idemque
2190 793 2240 845 in
2272 794 2481 846 duabus
2520 794 2728 847 naturis
2762 796 3095 851 adorandus.

2400 882 2589 938 XXIV.
2618 916 2689 925 —
2714 883 2981 939 CRISPO.

1907 972 2031 1027 Non
2071 975 2449 1042 perfunctorie,
2492 977 2581 1028 sed
2624 975 2788 1095 mult:
2819 975 2995 1029 labore
3032 975 3336 1044 Scriptura:
3375 994 3484 1031 esse

2543 1062 2633 1095 evo
2663 1062 2748 1095 t'en
2792 1063 2870 1095 αι.

2543 1062 2870 1098 evett'enaas.

1979 1133 2125 1188 Scite
2153 1148 2201 1189 et
2226 1136 2438 1190 erudite
2467 1136 2703 1190 divinam
2744 1134 3081 1206 Scripturam
3113 1138 3361 1192 evolvere
3387 1140 3483 1192 de-

1906 1225 2023 1283 bes.
2056 1226 2336 1295 ipsiusque
2366 1230 2509 1280 vires
2534 1243 2595 1279 ac
2625 1225 2908 1281 facultates
2942 1227 3233 1296 prudenter
3260 1227 3484 1281 investi-

1907 1334 2055 1386 gare,
2103 1333 2201 1371 nec
2251 1319 2501 1386 mysteria
2552 1334 2636 1384 ea,
2690 1334 2811 1388 qua).
2859 1329 3151 1373 attrectare
3198 1321 3350 1373 nefas
3380 1331 3482 1385 est,

1909 1424 2133 1479 quaeque
2168 1409 2552 1476 comprehendi
2604 1419 2900 1478 nequeunt,
2936 1419 3139 1462 temere
3183 1419 3345 1476 atque
3377 1409 3478 1462 im-

1912 1502 2177 1571 pudenter
2206 1499 2445 1568 aggredi,
2480 1501 2729 1554 manibus
2763 1501 2994 1568 indignis
3028 1516 3090 1553 ea
3117 1502 3482 1554 committens.

1908 1594 1986 1645 Ad
2044 1593 2188 1645 hunc
2236 1592 2379 1644 enim
2424 1594 2636 1643 modum
2685 1592 3077 1645 audacissimus
3126 1591 3304 1656 Osias,
3353 1607 3477 1646 cum

1909 1686 2070 1737 rebus
2117 1684 2217 1746 iis,
2267 1698 2404 1751 quas
2448 1683 2664 1751 aggredi
2724 1685 2945 1737 minime
2980 1684 3208 1749 licebat,
3264 1699 3483 1737 manum

224 1776 562 1846 ἀνακτόρων,
612 1776 805 1829 καθότι
853 1777 948 1829 καὶ
978 1776 1145 1846 νόμος
1187 1777 1302 1838 τοῖς
1347 1775 1527 1845 λέπρᾳ
1556 1794 1807 1829 κατεστιο

1922 1775 2133 1842 injicere
2171 1774 2394 1827 tninime
2435 1775 2761 1838 dubitasset,
2806 1776 3109 1828 temeritate
3151 1790 3245 1828 sua
3282 1775 3484 1843 lepram

226 1869 444 1936 γμένοις
473 1867 577 1937 τὴν
604 1867 739 1919 εἴσω
763 1867 969 1919 τούτων
993 1867 1284 1919 ἀπέκλειεν
1312 1866 1533 1919 εἴσοδον.
1555 1867 1799 1938 Ἐγράφη

226 1958 278 2009 δὲ
303 1957 478 2009 ταῦτα
502 1957 645 2026 πρὸς
673 1955 956 2009 νουθεσίαν
990 1956 1167 2025 ἡμῶν,
1201 1955 1288 2007 ἵνα
1317 1955 1411 2007 καὶ
1456 1954 1555 2018 τὰς
1598 1956 1805 2026 τόλμας

230 2047 505 2119 φύγωμεν,
535 2048 634 2101 καὶ
662 2048 764 2110 τὰς
798 2047 1047 2111 κολάσεις
1079 2048 1153 2118 μὴ
1187 2047 1471 2117 πάθωμεν.

1910 1864 2115 1929 retulit,
2156 1864 2463 1933 invitusque
2503 1882 2531 1919 a
2567 1868 2765 1935 templo
2794 1868 3065 1935 proiectus
3096 1876 3176 1920 est
3201 1866 3269 1919 ³ο.
3295 1866 3485 1932 Quan-

1912 1956 2199 2024 doquidem
2227 1957 2310 2011 lex
2339 1972 2553 2026 quoque
2578 1959 2664 2024 iis,
2690 1960 2779 2027 qui
2816 1959 2960 2028 lepra
2990 1960 3297 2025 compuncti
3324 1968 3487 2027 atque

1914 2046 2099 2101 infecti
2148 2057 2329 2113 erant,
2370 2048 2576 2102 aditum
2633 2051 2700 2103 ad
2739 2051 2995 2117 templum
3040 2050 3483 2105 claudebat“°”.

232 2139 348 2194 Hac
385 2155 576 2209 porro,
604 2141 934 2194 admonendi
985 2140 1157 2194 nostri
1246 2154 1407 2194 causa
1484 2138 1682 2193 litteris
1729 2139 1986 2193 mandata
2029 2151 2175 2203 sunt,
2230 2151 2289 2194 ut
2332 2150 2387 2195 et
2439 2143 2775 2195 temeritates
2845 2142 3134 2211 fugiamus,
3206 2152 3260 2196 et
3298 2155 3489 2212 paanas

228 2229 445 2284 minime
470 2230 769 2296 patiamur.

724 2346 856 2399 KE'.
892 2374 964 2385 —
985 2344 1316 2415 ΚΥΡΙΛΛῼ.

226 2442 352 2494 Ὀτι
384 2438 713 2509 ἀμήχανον
744 2437 815 2490 ἐν
838 2436 1009 2562 μεὲοξῳ
1036 2438 1302 2504 θορύϐων
1348 2436 1574 2506 ἀρετὴν
1602 2453 1812 2503 κατορ-

933 2522 1107 2560 ωσαι.

933 2522 1107 2560 ωσαι.

299 2601 359 2653 Τί
399 2618 485 2653 σοι
508 2598 703 2667 ὄφελος
726 2597 829 2665 τῆς
863 2599 1110 2651 Ἰωάννου
1144 2599 1282 2668 πρὸς
1313 2597 1412 2669 τὴν
1441 2598 1645 2670 ἔρημον
1676 2600 1808 2652 ἀνα-

233 2694 557 2763 χωρήσεως,
601 2692 672 2760 ἢν
701 2691 869 2744 πάλαι
901 2689 1205 2751 σπουδαίως
1234 2689 1542 2761 ὲζήλωσας,
1570 2691 1663 2744 νῦν
1695 2692 1809 2762 (25)

230 2785 285 2839 δὲ
330 2786 405 2855 μή
450 2786 665 2837 ἐκεῖνον
711 2781 1032 2853 μιμουμένῳ
1060 2822 1074 2846 ,
1124 2782 1220 2835 καὶ
1260 2782 1397 2853 πρὸς
1448 2782 1548 2846 τὰς
1607 2785 1812 2849 οἰκείας

233 2876 515 2947 φροντίδας
546 2872 986 2938 παλινοστοῦντι,
1018 2872 1111 2926 καὶ
1150 2874 1237 2925 ἐπ’
1280 2874 1516 2943 ἐρημίας
1552 2873 1813 2945 θορυϐου-

234 2970 398 3040 μένῳ,
430 2969 527 3021 καὶ
558 2966 875 3035 καταμόνας
908 2964 1252 3036 όχλουμένῳ;
1278 2966 1350 3017 Τὸ
1378 2966 1485 3036 γὰρ
1516 2969 1810 3037 ἡσυχάζειν

2101 2389 2111 2401 ο
2385 2325 2550 2382 XXV.
2586 2356 2656 2367 —
2688 2327 3008 2383 CYRILLO.

1909 2413 2243 2484 Impouibile
2267 2434 2379 2472 esse
2404 2420 2457 2473 in
2489 2422 2660 2473 medio
2684 2422 2912 2474 tumultu
2942 2422 3183 2475 virtutem
3217 2437 3485 2477 exercere.

1989 2596 2127 2663 Quid
2156 2596 2250 2650 tibi
2284 2597 2533 2652 utilitatis
2569 2597 2721 2652 affert
2747 2597 2970 2653 Joannis
3008 2599 3061 2653 in
3089 2599 3263 2654 locum
3296 2600 3487 2656 deser-

1920 2697 2033 2742 tum
2076 2691 2313 2743 secessio
2335 2690 2402 2753 ³³,
2453 2705 2615 2757 quam
2659 2690 2786 2745 olim
2832 2693 3073 2746 studiose
3116 2693 3356 2748 imitatus
3401 2710 3489 2759 es,

1918 2795 2039 2834 cum
2071 2794 2215 2832 nunc
2236 2795 2357 2833 eum
2393 2781 2614 2834 minime
2640 2780 2893 2847 imiteris,
2949 2798 3133 2836 verum
3162 2783 3226 2836 ad
3254 2786 3493 2854 privatas
3528 2838 3533 2841 .

1918 2886 2081 2926 curas
2121 2881 2172 2924 te
2218 2874 2444 2936 referas,
2483 2880 2652 2940 atque
2687 2873 2739 2926 in
2785 2874 3077 2927 solitudine
3124 2878 3488 2943 tumultueris,

1920 2971 1974 3014 et
2010 2962 2078 3014 ab
2114 2963 2393 3013 hominum
2426 2970 2570 3015 cmtu
2606 2972 2844 3017 remotus
2871 2964 3240 3031 perturberis?
3278 2965 3490 3021 Etenim

230 3058 305 3129 τῷ
337 3059 605 3127 σχήματι,
640 3057 734 3110 καὶ
763 3054 1027 3125 φύρεσθαι
1077 3058 1196 3118 ταῖς
1226 3053 1368 3107 κατά
1399 3054 1523 3108 νοῦν
1559 3061 1810 3128 στροφαῖς

1922 3068 2146 3112 externo
2180 3058 2369 3113 habitu
2412 3073 2477 3113 ac
2516 3058 2698 3126 specie
2736 3058 3038 3125 quiescere,
3076 3059 3275 3111 mentis
3308 3069 3489 3113 autem

230 3152 324 3207 καὶ
352 3149 674 3219 συγχύσεσι,
701 3147 797 3201 καὶ
829 3144 1023 3216 ἀχλύος
1050 3146 1146 3216 τὴν
1177 3146 1429 3216 αἴσθησιν
1458 3146 1671 3218 πληροῖ,
1722 3149 1816 3203 καὶ

229 3240 297 3293 τὰ
328 3240 435 3311 ἥδη
482 3237 787 3308 πονηθέντα
820 3236 1080 3307 ἀμαυροῖ,
1122 3236 1216 3289 καὶ
1243 3238 1355 3298 τοῖς
1378 3236 1577 3289 πάθεσι
1608 3236 1704 3308 τὴν
1732 3239 1813 3291 νί-

231 3350 333 3401 κην
358 3329 556 3394 εύοδεῖ,
607 3329 703 3381 καὶ
752 3327 1016 3398 ῥίψασπιν
1048 3326 1140 3379 τὸν
1178 3326 1403 3397 ὁπλίτην
1434 3330 1596 3381 ποιεῖ.
1626 3329 1815 3393 Οὐδεὶς

228 3422 285 3474 δὲ
313 3420 751 3492 στρατευόμενος
776 3418 1112 3489 ἐμπλέκεται
1134 3420 1256 3480 ταῖς
1285 3416 1380 3469 τοῦ
1410 3417 1525 3487 βίου
1550 3436 1813 3490 πραγμα-

228 3513 408 3575 τείαις
450 3511 542 3564 ἵνα
590 3510 672 3580 τῷ
719 3509 1213 3583 στρατολογήσαντι
1261 3507 1456 3578 ἀρέσῃ,
1506 3508 1621 3561 ἀλλ’
1664 3510 1818 3562 ὁπλοσ

226 3604 398 3676 ςόρος
425 3602 546 3665 ὅλος
571 3603 800 3671 γίνεται,
832 3603 967 3673 πρὸς
989 3601 1081 3654 τὸν
1108 3600 1412 3672 ἀρέσκοντα
1445 3599 1522 3671 τῷ
1552 3599 1817 3674 ταξιάρχῃ

226 3695 721 3767 παρατασσόμενος
751 3694 960 3764 ἀγῶνα.

556 3959 701 4025 κςν.
727 3988 797 3999 -
820 3957 1106 4028 ΕΥΣΕΒΙῼ
1145 3957 1515 4028 ΕΠΙΣΚΟΠῼ.

222 4049 377 4119 Περὶ
423 4049 838 4117 δωροληψίας,
888 4049 977 4104 ὅτι
1028 4048 1279 4117 φρικτὸν
1320 4051 1419 4119 είς,
1466 4049 1817 4118 ὑπερϐολὴν

451 4120 816 4186 πιπράσκειν
843 4120 961 4187 τὴν
997 4121 1354 4188 ἱερωσύνην,
1392 4118 1429 4186 ἢ
1461 4120 1598 4183 ἐξω.

292 4211 503 4265 Πολλοί
534 4228 592 4263 σε
623 4210 1000 4281 κωμῳδοῦσιν,
1026 4211 1103 4274 ὡς
1135 4211 1412 4281 χρήμασιν
1435 4210 1569 4281 (26),
1594 4211 1709 4265 ἀλλ’
1752 4212 1813 4265 οὐ

1922 3148 2315 3203 mutationibus
2361 3164 2425 3203 ac
2468 3146 2971 3218 perturbationibus
3015 3147 3322 3216 inquinari,
3379 3158 3493 3202 tum

1918 3254 2138 3291 sensum
2180 3238 2411 3307 caligine
2456 3237 2752 3308 perfundit,
2801 3248 2912 3291 tum
2960 3246 3239 3306 susceptos
3260 3238 3371 3307 jam
3412 3239 3493 3292 la-

1918 3325 2079 3381 bores
2103 3327 2420 3395 exstiuguit,
2453 3336 2616 3395 atque
2642 3326 3139 3395 perturbationibus
3166 3328 3329 3381 animi
3363 3344 3492 3396 pro-

1918 3432 2044 3470 nam
2074 3432 2139 3471 ac
2167 3415 2379 3471 facilem
2403 3417 2684 3470 victoriam
2721 3417 2915 3481 reddit,
2950 3417 3215 3487 efﬁcitque
3252 3430 3310 3474 ut
3335 3420 3493 3475 miles

1921 3505 2133 3573 abjecto
2162 3515 2318 3560 scuto
2354 3505 2545 3575 fugiat.
2574 3505 2743 3558 Porro
2785 3519 2943 3559 nemo
2985 3507 3222 3561 militans
3248 3508 3492 3577 implicat

1921 3610 1982 3649 se
2036 3596 2271 3664 negotiis
2317 3595 2685 3659 smcularibus,
2729 3605 2784 3648 ut
2833 3595 2881 3648 ei
2928 3595 3157 3663 placeat,
3196 3611 3226 3649 a
3271 3612 3381 3666 quo
3434 3597 3489 3651 in

1919 3685 2166 3739 militiam
2198 3686 2401 3741 ascitus
2438 3695 2521 3739 est
2544 3685 2588 3715 ”
2621 3704 2633 3740 :
2664 3700 2849 3739 verum
2882 3701 3030 3739 arma
3062 3688 3206 3741 omni
3239 3702 3306 3742 ex
3340 3699 3493 3757 parte

1918 3786 2117 3845 gestat,
2172 3778 2238 3830 ad
2272 3777 2325 3830 id
2368 3784 2668 3840 certamen,
2701 3777 2842 3846 quod
2872 3776 3088 3832 tribuno
3122 3778 3341 3834 militari
3370 3780 3494 3852 plaa

1917 3869 2113 3931 cuerit,
2142 3882 2200 3921 se
2230 3883 2571 3937 comparans.

2161 3959 2217 4029 9
2262 3959 2451 4017 xxw.
2484 3991 2553 3999 -
2587 3960 2879 4017 EUSEBlO
2913 3960 3259 4019 EPISCOPO.

1924 4050 1998 4104 De
2044 4067 2303 4104 aonorum
2342 4051 3055 4174 acceptione.dllorrendunt
3101 4072 3211 4109 esse
3276 4058 3495 4111 vendere

2525 4139 2672 4174 sacer
2713 4124 2895 4174 otium.

2525 4124 2895 4175 sacerdotium.

1990 4210 2137 4266 Multi
2172 4222 2224 4267 te
2258 4211 2548 4267 traducunt
2589 4220 2648 4267 ut
2692 4212 2933 4281 pecuniis
2960 4252 2976 4278 ,
3013 4228 3077 4267 ac
3107 4229 3213 4269 non
3249 4215 3494 4289 Spiritui,

254 4350 303 4382 ³⁸
337 4348 392 4404 ll
430 4347 560 4402 Par.
601 4362 751 4414 XXVI,
774 4347 843 4401 16
874 4362 1030 4416 seqq.
1097 4345 1141 4378 ³¹
1173 4346 1349 4401 Levit.
1385 4361 1507 4411 xm,
1535 4345 1571 4399 2
1604 4360 1761 4417 seqq.

1922 4347 2303 4414 .evit.xxtv,.2
2321 4363 2473 4419 seqq.
2535 4347 2581 4379 ³³
2602 4348 2771 4403 Marc.
2808 4365 2847 4415 ι,
2876 4349 2931 4403 4.
2974 4349 3075 4404 “ll
3097 4349 3408 4419 Titnoth.n,
3440 4356 3498 4409 4.

1380 4500 1611 4556 VARle
1650 4501 2035 4557 LECTIONES
2073 4504 2162 4558 ET
2201 4501 2433 4557 NOTE.

290 4666 415 4737 (25)
458 4662 572 4737 Pro
614 4660 828 4737 ἀληθῶς
862 4660 1019 4715 codd.
1054 4658 1170 4712 Vat.
1214 4658 1355 4737 649,
1382 4658 1573 4737 eLAIt.
1604 4656 1807 4710 habent

214 4727 466 4806 ἁλῇθῆς.
517 4727 774 4806 Similiter
804 4741 859 4784 et
904 4744 1063 4806 versu
1114 4728 1379 4806 sequenti.
1417 4727 1586 4782 Versu
1630 4737 1807 4806 autem

218 4797 425 4860 ultimo
460 4816 599 4871 pro,
644 4800 703 4864 ἐξ
747 4800 1070 4871 ἀμφοτέρων
1106 4797 1343 4871 φύσεων,
1388 4807 1613 4866 uterque
1663 4797 1809 4865 legit,

213 4876 273 4929 ὲν
305 4868 668 4942 ἀμφοτέραις
688 4868 1074 4942 ταῖςῄφύσεσιν.
1105 4868 1313 4942 Possis.

289 4937 701 5016 (Ξόιίιᾞιιιιιιη
734 4940 888 5016 hujus
916 4937 1425 5016 epist._vocabulum
1454 4937 1612 5016 aliter
1652 4950 1813 5016 quam

96 5068 117 5082 ,
213 5016 268 5068 in
295 5006 562 5082 ‘edi'tisrin
588 5006 844 5082 Altaemsi
863 5006 1060 5082 exstat,
1083 5006 1660 5082 ἐπιστημόνωςΝειέιι
1689 5008 1816 5059 item

212 5086 248 5139 5
277 5087 360 5139 id.
398 5081 535 5136 cod.
566 5096 662 5149 pro
678 5077 1157 5149 adaugewvtlegit
1185 5077 1649 5149 δυσψαύστων,-ει
1671 5089 1812 5149 v_e_rs.

208 5156 246 5208 ι
304 5170 418 5222 pro
453 5144 775 5222 ᾉάνεφίκτων
827 5147 955 5222 _Vat.
993 5144 1118 5222 649:
1143 5147 1350 5222 habet_._
1390 5145 1652 5222 φρικτᾱξν.
1693 5144 1813 5197 Mox

209 5214 323 5278 non
357 5220 555 5273 ταῦτα
580 5214 671 5273 Sed
712 5219 852 5270 αὐτὰ
895 5220 1006 5270 Alt.
1035 5216 1274 5269 exhibet.
1313 5214 1462 5271 Vers.
1497 5215 1554 5281 6,
1584 5215 1810 5286 θάρσει,

210 5310 313 5363 pro
346 5290 566 5363 (rmiger.
596 5288 1026 5363 in_Alt._legitiir.
1050 5287 1261 5363 Possm.

287 5355 421 5435 (25)
464 5357 622 5412 Vers.
753 5358 848 5410 νῦν
884 5356 981 5427 (δὲ
1018 5356 1275 5435 μὴκθιοη
1309 5355 1672 5435 quasvidetu'r
1703 5356 1816 5421 ipse

208 5422 433 5495 edi‘tor',
515 5429 696 5482 mendi
744 5422 993 5495 suspecta
1018 5422 1518 5495 'habuisseﬁllujus
1550 5424 1650 5478 loci
1678 5438 1814 5495 vera

207 5494 427 5573 Opinor
466 5494 962 5573 _lec_tio_sugger_itur
986 5511 1014 5548 a
1046 5494 1555 5573 codzduobus-Vat:
1595 5494 1726 5573 649,
1764 5502 1818 5546 et

208 5564 330 5627 A'lt.
365 5570 480 5638 qui
506 5568 586 5621 sic
629 5564 748 5638 ista'
770 5564 1031 5638 exhibent
1065 5581 1082 5638 _:
1108 5564 1223 5638 Νύν
1251 5565 1343 5617 τὸν
1388 5566 1578 5638 Δημᾶν
1608 5566 1815 5638 ἐκεῖνον

213 5634 568 5712 puga—piae;
592 5636 689 5689 καὶ
728 5634 1234 5712 πρὸςητάςιοὶκείας
1278 5634 1561 5712 φροντίδας
1585 5634 1815 5712 ’παλινο-

217 5704 482 5765 havet.
512 5704 715 5777 Nempe
750 5704 841 5761 hic
864 5704 1115 5775 Cyrillus,
1147 5704 1655 5775 vitam‘aliquandiu
1687 5719 1818 5757 ana-

1916 4657 2244 4713 choreticam
2276 4658 2575 4726 professus,
2613 4671 2795 4713 eremo
2822 4658 3016 4713 deinde
3054 4659 3243 4714 relicta
3270 4662 3492 4718 domum

1918 4729 2179 4801 redierat.
2227 4728 2431 4801 luquo
2483 4730 2724 4801 imitatus
2759 4739 2878 4801 erat
2921 4729 3140 4783 Demam
3170 4770 3185 4796 ,
3228 4735 3497 4801 quondam

1918 4796 2070 4850 Pauli
2107 4799 2332 4865 apostoli
2361 4800 2591 4862 socium,
2619 4800 2683 4851 de
2712 4814 2819 4867 quo
2852 4800 2895 4852 is
2928 4801 3116 4852 scribit
3145 4796 3397 4855 secundae
3430 4804 3499 4856 ad

1923 4866 2266 4940 Timotheum
2306 4883 2377 4940 ty,
2423 4869 2541 4940 ~10;
2589 4866 2779 4938 Δημᾶς
2817 4885 2896 4940 ,με
2947 4870 3326 4936 ἐγκατέλιπεν,
3363 4874 3499 4940 ἀγα-

1924 4938 2100 5007 πήσας
2148 4938 2239 4990 τὸν
2291 4937 2386 4992 νῦν
2417 4938 2589 4991 αἰῶνα
2617 4980 2631 5003 ,
2677 4948 2781 4991 etc.
2817 4938 2977 4990 Iidem
3025 4942 3133 4991 duo
3162 4943 3318 4995 codd.
3349 4937 3495 4996 vers.

1923 5008 2217 5075 peuultimo
2242 5023 2339 5077 pro
2365 5008 2506 5072 ὅλος,
2549 5009 2748 5061 habent
2780 5010 2808 5059 ὁ
2844 5007 3024 5074 λόγος,
3053 5010 3146 5061 sed
3178 5024 3277 5078 ego
3300 5011 3497 5065 lectio-

1924 5091 2042 5129 nem
2078 5080 2277 5130 editam
2316 5082 2489 5146 magis
2517 5079 2875 5146 probaverim.
2908 5078 3121 5131 Possm.
3480 5083 3487 5089 ‘

1993 5146 2103 5218 (26)
2139 5148 2398 5218 Χρήματί
2425 5149 2712 5218 eod.Alt.,
2744 5147 3059 5218 concinnins
3089 5147 3154 5200 ad
3185 5148 3494 5202 antithesim

1922 5215 2042 5268 cunt
2085 5215 2378 5283 sequente,
2429 5217 2731 5287 Πνεύματι.
2784 5215 2933 5272 Vers.
2974 5217 3007 5269 8
3048 5232 3270 5287 parvum
3298 5219 3493 5287 dictu,

1922 5287 2319 5357 diciturtamen
2363 5288 2495 5357 μηδὲ
2538 5285 2632 5355 pro
2662 5288 2801 5356 μήτε
2838 5287 3132 5353 poniturin
3170 5285 3493 5357 codd.rVat.

1918 5355 2022 5409 649
2046 5366 2099 5409 et
2115 5356 2222 5409 Alt.
2259 5355 2863 5424 Ver‘s.’antepenultimo
2891 5357 3031 5423 quod
3063 5357 3207 5409 edita
3236 5356 3497 5410 exhibent

1920 5425 2415 5496 πρεσϐευσάμενος,
2436 5429 2773 5481 emendatius
2805 5427 2855 5478 in
2885 5439 3114 5491 utroque
3144 5427 3498 5496 illohabetur

1919 5495 2570 5567 οοᾱάηπρεσϐευόμενος,
2608 5499 2682 5550 uti
2715 5496 2952 5567 vicissim
2984 5495 3312 5567 praetulerim
3348 5511 3492 5550 vers.

1919 5566 2017 5637 ult.
2058 5566 2117 5617 τὸ
2153 5565 2320 5637 γέρας
2355 5565 2404 5622 ei
2442 5568 2585 5636 quod
2620 5569 2671 5621 in
2703 5566 2811 5620 illis
2839 5567 3047 5620 duobus
3086 5565 3241 5621 codd.
3276 5566 3495 5636 legitur,

1919 5636 1988 5706 γῆ
1997 5653 2114 5705 ρας.
2155 5636 2361 5692 Possm.
