3896 6404
477 302 582 375 19⁸)

1658 308 1722 376 s.
1764 310 2062 376 ISIDORI
2099 306 2546 379 PELUSIOTIE
3628 338 3717 401 200

475 438 735 480 manuum
766 416 1165 495 impositionem
1200 427 1255 482 in
1289 428 1466 485 sacris
1491 428 1886 485 initiationibus
1918 446 2053 485 com-

2173 431 2456 501 Πνεύματι
2485 431 2587 497 τὰς
2616 424 2953 504 χειροθεσίας
2985 435 3085 505 τῆς
3117 438 3503 509 μυσταγωγίας
3531 444 3716 519 ἐπιτρέ-

473 516 805 574 mittentem.
834 518 912 571 Ac
928 519 1209 588 siquidem
1237 521 1658 578 calumniatores
1687 533 1851 595 agunt
1878 565 1894 587 .
1952 525 2062 578 vim

482 607 735 664 Numinis
777 609 1027 665 ultricem
1072 611 1127 666 in
1177 615 1387 683 seipsos
1422 616 1748 671 attrahunt:
1796 617 2062 679 siquidem

478 718 499 751 ι
528 699 727 755 Perdet
754 702 893 756 Deus
919 717 1111 758 omnes
1136 705 1225 773 qui
1250 704 1545 775 loquuntur
1577 707 1916 761 mendacium
1944 707 2009 760 ³⁸.
2039 726 2057 758 ι

474 792 569 847 Sin
597 802 778 847 autem
817 808 942 847 vera
993 793 1287 863 loquuntur
1319 833 1335 861 ,
1389 810 1556 851 nosce
1600 811 1762 866 quem
1800 798 1866 851 ad
1901 798 2061 854 linem

476 883 663 938 tendat
702 884 806 938 hoc
854 883 1101 947 malum,
1163 887 1308 954 quod
1354 886 1740 941 contumeliam
1791 887 1845 942 in
1892 886 2059 941 Deum

464 975 668 1042 exiguo
708 974 862 1029 lucro
908 976 1276 1030 commutasti.
1332 975 1399 1030 Et
1451 978 1573 1043 quis
1627 993 1725 1048 pro
1773 987 1823 1034 te
1860 980 2060 1044 orabit,

470 1067 905 1136 quandoquidem
939 1082 1037 1121 nec
1071 1082 1166 1135 pro
1198 1066 1373 1137 Ophni
1400 1077 1454 1120 et
1488 1068 1718 1123 Phinees
1743 1071 1833 1139 qui
1870 1071 2063 1125 adver-

468 1174 562 1214 sus
596 1160 764 1215 Deum
833 1160 1113 1230 ipsiusque
1164 1161 1529 1216 sacerdotium
1605 1165 2060 1231 peccaverant",

467 1250 721 1307 inventus
766 1261 851 1306 est
892 1252 1227 1321 quisquam,
1288 1253 1379 1322 qui
1446 1254 1815 1321 deprecatoris
1877 1265 2061 1324 partes

467 1342 811 1411 susciperet,
858 1357 1046 1396 verum
1098 1342 1150 1396 in
1195 1352 1503 1398 extremum
1552 1345 1818 1411 exitium,
1864 1355 1924 1400 ut
1972 1361 2060 1400 sa-

468 1434 692 1488 cerdotii
740 1432 1057 1502 dignitatem
1090 1436 1380 1503 prodentes
1412 1476 1427 1501 ,
1481 1435 1708 1505 conjecti
1747 1438 1919 1491 sunt?

521 1543 738 1599 XXVII.
765 1575 838 1586 -—
859 1544 1332 1602 PIIARISMANIO
1364 1546 1695 1605 EUNUCHO
1721 1548 2018 1606 PALATII.

532 1654 709 1709 Audio
743 1665 794 1710 te
828 1655 880 1709 in
916 1656 1224 1712 divinorum
1256 1658 1518 1715 librorum
1554 1662 1906 1718 meditatione
1944 1677 2062 1718 ver-

2166 538 2359 575 ποντα.
2394 523 2505 575 Καὶ
2546 524 2595 576 εί
2629 523 2728 593 μὲν
2759 525 3180 592 συκοφαντοῦσι,
3234 527 3359 582 καθ’
3396 529 3592 599 ἑαυτῶν
3632 538 3716 588 ὲπ.

2166 611 2472 664 εσπάσαντο
2496 611 2595 681 τὴν
2618 612 2796 685 δίκην,
2824 614 3013 686 ἐπειδὴ
3043 634 3061 667 ι
3093 617 3288 669 ἀπολεῖ
3307 615 3506 687 Κύριος
3537 622 3717 690 πάντας

2173 702 2300 765 τοὺς
2328 701 2627 766 λαλοῦντας
2650 703 2712 755 τὸ
2740 703 2954 773 ψεῦδος.
2991 724 3009 756 ι
3050 706 3113 759 Εἰ
3136 706 3194 760 δὲ
3223 705 3720 780 ἁληθεύουσι,γνῶθι

2163 786 2222 846 οἷ
2246 793 2473 866 τελευτᾷ
2496 794 2557 847 τὸ
2580 795 2773 861 κακὸν,
2814 796 2897 849 ὅτι
2938 797 3136 868 μικροῦ
3171 798 3396 869 κέρδους
3430 799 3488 853 τὸ
3513 802 3587 865 εἰς
3609 803 3721 861 Θεὸν

2165 886 2410 957 ὑϐρίζειν
2431 887 2790 959 ἀντήλλαξας.
2822 890 2933 942 Καὶ
2967 889 3052 953 τίς
3076 891 3436 961 προσεύξεται
3467 896 3585 963 περὶ
3615 898 3717 960 σοῦ,

2162 978 2351 1049 ἐπειδὴ
2380 981 2517 1051 μήτε
2551 980 2681 1051 περὶ
2724 979 2889 1052 Ὀφνὴ
2916 982 3013 1034 καὶ
3039 983 3244 1049 Φινεὲς,
3276 985 3355 1046 είς
3376 982 3506 1037 Θεὸν
3536 987 3620 1039 καὶ
3639 987 3723 1059 τὴν

2163 1069 2329 1123 αὐτοῦ
2360 1071 2717 1141 ἁμαρτόντων
2753 1072 3076 1146 ἱερωσύνην,
3102 1075 3299 1148 εὑρέθη
3331 1093 3418 1140 τις
3451 1078 3721 1149 πρεσϐευό-

2164 1180 2344 1233 μενος,
2369 1163 2485 1216 ἀλλ’
2507 1166 2589 1227 είς
2609 1164 2837 1235 ἔσχατον
2869 1165 3113 1236 ὄλεθρον,
3149 1167 3227 1232 ὡς
3256 1168 3317 1220 τὸ
3346 1168 3514 1240 γέρας
3544 1171 3721 1240 προπίά

2162 1264 2344 1319 νοντες
2365 1255 2465 1326 τῆς
2488 1256 2808 1329 ἱερωσύνης,
2838 1257 3099 1328 ἐδόθησαν
3119 1276 3133 1325 ;

2162 1539 2286 1592 KZ’.
2311 1569 2381 1578 —
2406 1528 2830 1612 ΦΑΡΙΣΜΑΝΙῼ
2856 1532 3184 1613 ΕΥΝΟΥΧῼ
3214 1541 3353 1594 ΤΟΥ
3374 1540 3721 1597 ΠΑΛΑΤΙΟΥ.

2233 1651 2447 1707 Ἀκούω
2469 1670 2529 1706 σε
2556 1657 2673 1717 ταῖς
2696 1654 2871 1718 θείαις
2901 1654 3116 1719 Βίϐλοις
3142 1655 3468 1727 ὲμμελετᾷν,
3501 1656 3591 1709 καὶ
3619 1659 3724 1720 ταῖς

466 1748 618 1811 sari,
667 1762 963 1817 eorumque
1010 1750 1340 1806 testimoniis
1386 1753 1674 1808 commode
1719 1753 1787 1809 ad
1838 1755 2053 1824 quosvis

2169 1744 2341 1798 αὐτῶν
2366 1745 2670 1816 κεχρῆσθαι
2703 1747 3036 1817 μαρτυρίαις
3074 1748 3351 1819 ἁρμοδίως
3392 1748 3526 1819 πρὸς
3562 1749 3721 1803 anav-

464 1839 587 1892 uti:
629 1854 817 1893 verum
855 1840 1101 1896 avaritiae
1146 1844 1410 1908 studere,
1459 1848 1624 1914 atque
1666 1848 1718 1900 in
1754 1846 1927 1902 aliena
1960 1847 2058 1902 bo-

472 1942 539 1981 na
589 1927 784 1983 insano
838 1931 1073 1999 quodam
1128 1932 1330 2002 impetu
1387 1934 1542 1989 ferri.
1594 1936 1675 1990 Ac
1720 1937 1853 1991 mihi
1905 1938 2063 1993 valde

471 2017 658 2072 mirari
690 2019 882 2085 subit,
919 2019 1009 2089 qui
1048 2017 1255 2075 factum
1284 2022 1395 2088 sit,
1453 2032 1513 2078 ut
1554 2025 1776 2080 divinus
1824 2041 1980 2081 amor
2009 2037 2062 2082 te

466 2106 693 2162 minime
717 2110 1014 2175 sauciarit,
1044 2125 1145 2166 nec
1170 2126 1238 2166 ex
1267 2114 1483 2168 assidua
1521 2114 1787 2181 lectione,
1818 2118 2063 2173 volunta-

468 2199 540 2254 tis
586 2210 750 2270 atque
798 2201 1034 2257 instituti
1083 2205 1442 2261 mutationem
1504 2208 1767 2275 eII‘ecerit,
1822 2211 1916 2281 qui
1954 2229 2060 2266 non

468 2291 629 2345 modo
656 2292 832 2348 aliena
868 2295 1257 2364 concupiscere
1280 2307 1428 2352 vetat
1453 2336 1470 2363 .
1514 2301 1609 2354 sed
1646 2304 1817 2381 etiam_
1844 2303 2062 2373 propria

464 2397 727 2454 spargere
775 2395 979 2442 monet.
1025 2386 1207 2454 Quare
1254 2399 1349 2444 aut
1404 2390 1588 2461 legens
1628 2407 1863 2463 agnosce
1893 2433 1909 2460 ,
1967 2407 2063 2451 aut

468 2490 577 2531 non
621 2490 922 2547 agnoscens
956 2479 1094 2550 lege.

744 2568 982 2628 XXVIII.
1014 2601 1085 2615 —
1112 2572 1408 2630 EUSEBIO
1456 2573 1809 2634 EPISCOPO.

523 2652 893 2714 Venerandum
938 2669 987 2715 el
1022 2674 1334 2732 comparatu
1372 2662 1597 2733 difﬁcile
1645 2668 2019 2725 sacerdotium.

537 2770 824 2827 Multarum
868 2788 1052 2829 rerum
1088 2791 1243 2832 amor
1290 2776 1342 2832 in
1385 2779 1582 2834 animis
1623 2782 1843 2836 oritur:
1885 2794 1941 2838 at
1965 2800 2061 2839 vo-

465 2863 726 2919 Iuntatem
775 2880 881 2919 nou
943 2868 1284 2935 comitatur,
1328 2880 1427 2934 ut,
1470 2884 1592 2925 cum
1638 2872 1903 2942 ejusmodi
1952 2886 2058 2943 est,

465 2953 532 3005 ad
574 2969 733 3022 quem
768 2957 1057 3024 pervenire
1078 2959 1369 3029 quisquam
1400 2972 1655 3034 nequeat.
1697 2963 1887 3036 Neque
1914 2968 2059 3023 enim

462 3060 724 3115 regnum,
757 3048 1004 3118 quisquis
1035 3051 1175 3117 vult,
1206 3055 1590 3125 consequitur;
1643 3072 1743 3111 nec
1798 3073 1928 3128 opes
1961 3076 2063 3115 nec

2161 1853 2261 1900 τας
2286 1836 2421 1909 (27),
2457 1832 2600 1891 εἶναι
2655 1838 2714 1892 δὲ
2756 1839 3109 1910 πλεονέκτην,
3157 1842 3252 1893 καὶ⁹
3292 1843 3403 1904 τοῖς
3454 1840 3726 1912 ἀλλοτρίοις

2162 1927 2584 2000 ἐπιμαινόμενον
2614 1928 2771 1999 βίοις.
2804 1931 2913 1983 Καὶ
2941 1931 3083 1989 πάνυ
3129 1946 3219 2002 μοι
3248 1931 3553 2003 θαυμάζειν
3577 1932 3723 2002 ἐπέρ-

2162 2031 2339 2092 χεται,
2370 2021 2453 2075 ὅτι
2479 2039 2539 2075 σε
2570 2024 2599 2075 ὁ
2641 2021 2785 2087 θεῖος
2810 2021 2951 2093 ἔρως
2982 2023 3085 2077 οὐκ
3118 2023 3361 2095 ἔτρωσεν
3389 2026 3454 2078 ὲκ
3490 2024 3587 2094 τῆς
3615 2034 3725 2077 συν-

2161 2112 2318 2183 εχοῦς
2347 2112 2730 2182 ἀναγνώσεως,
2768 2113 3078 2186 μεταϐολὴν
3108 2114 3210 2185 τῆς
3239 2115 3556 2187 προθέσεως
3583 2117 3730 2186 ἔργα·

2164 2205 2420 2276 σάμενος,
2478 2208 2506 2260 ὁ
2533 2206 2608 2277 μὴ
2646 2211 2806 2277 μόνον
2830 2207 2940 2262 τῶν
2984 2207 3285 2281 ἀλλοτρίων
3326 2208 3550 2263 κωλύων
3590 2210 3726 2281 ὲρᾷν,

2161 2297 2299 2352 ἀλλὰ
2331 2300 2427 2352 καὶ
2452 2298 2523 2352 τὰ
2547 2298 2821 2370 προσόντα
2849 2300 3167 2371 σκορπίζειν
3205 2299 3495 2354 νουθετῶν.
3535 2300 3606 2353 Ἣ
3630 2300 3727 2353 τοί-

2162 2407 2255 2444 νυν
2281 2388 2674 2459 ἀναγινώσκων
2698 2391 2983 2460 ὲπίγνωθι,
3015 2391 3050 2462 ἢ
3084 2393 3159 2463 μὴ
3195 2391 3576 2461 ἐπιγινώσκων
3605 2391 3727 2446 ἀνά-

2160 2480 2352 2549 γνωθι.

2459 2572 2598 2627 KH’.
2626 2589 2696 2613 -—'-
2723 2572 3016 2644 ΕΥΣΕΒΙῼ
3053 2574 3426 2645 ΕΠΙΣΚΟΠῼ.

2306 2664 2439 2719 Ὀτι
2473 2665 2727 2735 φρικτὸν
2760 2664 2862 2718 καί
2886 2657 3255 2736 δυσέφικτον
3278 2667 3601 2734 ἱερωσύνη.

2231 2778 2452 2832 Πολλῶν
2481 2777 2696 2843 πολλοῖς
2719 2778 2860 2851 ἔρως
2883 2778 3161 2848 ἐγγίνεται
3187 2777 3323 2849 (28),
3345 2777 3407 2830 οὐ
3436 2778 3731 2849 συνέρχεται

2159 2872 2279 2933 ταῖς
2312 2869 2549 2940 βουλαῖς,
2578 2869 2655 2933 ὡς
2676 2871 2989 2939 ἀνέφικτος.
3022 2868 3162 2923 οὔτε
3195 2870 3304 2941 γὰρ
3333 2869 3611 2941 βασιλείας
3637 2870 3732 2930 πᾶς

2159 2962 2189 3014 ὁ
2222 2960 2542 3030 βουλόμενος
2573 2961 2916 3030 ἐφικνεῖται,
2967 2958 3092 3013 οὔτε
3122 2960 3467 3032 περιουσίας,
3503 2959 3620 3012 οὔτε
3655 2976 3734 3010 συ-

2162 3051 2352 3119 ζυγίας
2384 3046 2452 3122 ἦς
2482 3051 2749 3121 βούλεται.
2784 3052 2846 3104 Εἰ
2872 3050 3072 3116 τοίνυν,
3102 3050 3177 3114 ὡς
3204 3051 3332 3122 φὴς,
3370 3052 3471 3104 καὶ
3497 3050 3727 3119 Ζὼσιμος

462 3137 773 3207 conjugium
807 3142 967 3208 quale
1010 3141 1143 3196 Vult.
1189 3142 1551 3209 Quamobrem
1593 3148 1636 3201 si
1671 3146 1954 3214 Zosimus,
2002 3161 2053 3205 ul

2169 3146 2458 3216 εἰσφρῆσαι
2496 3144 2686 3197 ἑαυτὸν
2719 3143 2813 3197 τοῦ
2840 3143 2977 3198 Θεοῦ
3015 3144 3338 3215 μυστηρίοις
3372 3143 3727 3214 ἀναισχύντως

460 3229 692 3296 scribis,
730 3231 1071 3300 impudenter
1116 3236 1356 3305 seipsum
1382 3276 1398 3303 ,
1438 3253 1505 3293 ac
1548 3254 1644 3306 per
1679 3241 1817 3307 vim,
1868 3242 1923 3296 iu
1963 3242 2058 3298 Dei

462 3324 724 3393 mysteria
765 3327 1062 3383 immittere
1091 3337 1359 3395 conatur,
1397 3331 1685 3402 diligenter
1725 3347 1855 3387 cura
1892 3342 1952 3388 ut
1978 3333 2059 3388 iu-

462 3412 703 3481 telligat,
742 3412 835 3468 Dei
865 3415 1123 3486 templum
1154 3417 1385 3488 Ieprosis
1432 3421 1622 3475 tandiu
1651 3420 1895 3476 clausum
1914 3437 2054 3488 esse,

460 3507 640 3574 quoad
670 3515 1007 3562 contractura
1046 3525 1112 3563 ex
1146 3513 1337 3567 morbo
1372 3513 1559 3567 vitium
1600 3515 1963 3571 absterserint
1985 3516 2052 3568 ".

515 3618 710 3676 XXIX.
743 3649 816 3664 —
859 3620 1068 3681 LUCIO
1146 3623 1419 3682 PELUSII
1450 3627 1990 3685 AIICIIIDIACONO.

1099 3718 1183 3771 Ad
1207 3735 1417 3774 avaros.

536 3821 595 3879 Si
637 3827 930 3883 venerandi
960 3827 1150 3885 altaris
1193 3830 1406 3887 diaconi
1442 3831 1684 3904 episcopi
1708 3833 1851 3889 oculi
1908 3839 2055 3899 sunt,

463 3916 708 3987 profecto
751 3935 875 3975 cum
920 3932 975 3975 tu
1011 3920 1105 3977 Dei
1146 3925 1414 3993 permissu
1470 3925 1603 3996 ipsis
1652 3926 1881 3995 praesis,
1916 3936 2060 3982 totus

462 4008 654 4064 oculus
685 4023 809 4065 esse
834 4011 998 4067 debes
1036 4013 1491 4082 quemadmodqu
1525 4015 1782 4071 animalia
1815 4016 1905 4072 illa
1932 4018 2055 4087 plu-

464 4102 617 4157 rimis
646 4102 819 4158 oculis
842 4106 1067 4173 praedita
1080 4105 1125 4138 ³⁸
1145 4106 1425 4177 (quoniam
1456 4108 1621 4162 etiam
1642 4109 2059 4178 propinquitatis

461 4194 530 4250 ad
561 4194 727 4251 Deum
758 4198 964 4252 ratione
991 4236 1008 4263 ,
1041 4212 1105 4253 ea
1139 4198 1374 4253 imitaris
1400 4236 1416 4262 ,
1451 4214 1555 4253 non
1584 4199 1694 4253 vita
1716 4238 1733 4265 ,
1772 4207 1833 4253 ut
1868 4199 2048 4263 audio,

440 4286 557 4341 sed
581 4289 698 4341 sola
743 4289 984 4344 muneris
1016 4289 1157 4345 sacri
1201 4288 1524 4360 Iunctione),
1561 4304 1624 4343 ac
1678 4303 1783 4342 non
1849 4289 2058 4358 impro-

463 4377 547 4433 bis
595 4378 789 4434 studiis
835 4388 998 4448 atque
1041 4378 1322 4446 consiliis,
1382 4388 1437 4433 et
1482 4379 1862 4433 honorandum
1905 4377 2056 4432 illum

2163 3236 2433 3303 βιάζεται,
2467 3238 2687 3308 μαθέτω
2717 3236 2807 3290 διὰ
2832 3238 2933 3309 τῆς
2957 3235 3245 3308 ἀκριϐείας
3275 3253 3393 3303 σου,
3422 3237 3505 3290 ὅτι
3526 3236 3732 3307 λεπροῖς

2158 3329 2188 3381 ὁ
2230 3328 2325 3381 τοῦ
2362 3327 2501 3381 Θεοῦ
2545 3328 2672 3391 ναὸς
2714 3326 3089 3393 ἀποκλείεται,
3141 3328 3334 3399 μέχρις
3389 3327 3459 3383 ἂν
3505 3327 3602 3398 τὴν
3645 3323 3731 3379 τοῦ

2160 3420 2367 3484 πάθους
2405 3418 2586 3490 λώϐην
2624 3416 3072 3490 ἁποσμήξωνταιι

2209 3621 2338 3676 ΚΘ’.
2372 3651 2441 3662 —-
2470 3613 2733 3690 ΛΟΥΚῘῼ
2774 3619 3248 3705 ΔΡΧΙᾼΙΑΚΟΝῼ
3292 3618 3701 3674 ΠΗΛΟΥΣΙΟΥι

2463 3710 2622 3780 Πρὸς
2648 3711 3052 3781 φιλαργυρίαν
3082 3712 3447 3777 νοσοῦντας.

2230 3824 2294 3878 Εί
2322 3823 2592 3895 ὀφθαλμοὶ
2620 3823 2923 3879 ἐπισκόπου
2955 3824 3315 3895 τυγχάνουσιν
3346 3826 3398 3879 οί
3424 3826 3519 3880 τοῦ
3546 3823 3735 3879 σεπτοῦ

2160 3916 2545 3987 θυσιαστηρίου
2572 3915 2830 3981 διάκονοι,
2861 3916 2925 3970 σὺ
2955 3916 3012 3970 δὲ
3034 3915 3244 3971 τούτων
3274 3918 3419 3972 κατὰ
3461 3918 3734 3989 συγχώρη-

2161 4025 2246 4063 σιν
2276 4007 2412 4062 Θεοῦ
2450 4009 2661 4080 ᾶρχεις,
2694 4008 2812 4073 ὅλος
2852 4008 3130 4079 ὀφθαλμὸς
3179 4009 3419 4078 ὀφείλεις
3458 4011 3735 4081 ὑπάρχειν,

2159 4100 2236 4164 ὡς
2254 4100 2325 4154 τὰ
2348 4098 2464 4163 ζῶα
2491 4100 2856 4171 πολυόμματα
2930 4102 3141 4173 (ἐπειδὴ
3191 4102 3287 4155 καὶ
3317 4106 3384 4173 τῇ
3431 4104 3569 4175 πρὸς
3616 4099 3740 4174 [τὸν]

2158 4191 2291 4247 Θεὸν
2320 4194 2503 4245 ἐκεῖνα
2543 4195 2687 4264 μιμῇ
2719 4192 2832 4263 (29)
2870 4192 3157 4264 ἐγγύτητι,
3188 4194 3313 4263 οὐχ),
3349 4193 3475 4265 βίῳ,
3504 4195 3581 4258 ὡς
3612 4210 3739 4263 μανι

2160 4282 2326 4349 θάνω,
2357 4282 2495 4336 ἀλλὰ
2525 4282 2664 4356 μόνῃ
2693 4285 2758 4355 τῇ
2799 4282 3157 4356 λειτουργίᾳ),
3216 4286 3313 4338 καὶ
3361 4285 3440 4357 μὴ
3482 4283 3742 4347 σκοτίζειν

2158 4377 2270 4438 τοῖς
2299 4373 2526 4444 φαύλοις
2563 4374 2984 4444 ἐπιτηδεύμασι,
3031 4375 3126 4428 καὶ
3175 4374 3268 4428 τὸν
3305 4376 3492 4446 τίμιον
3542 4377 3740 4428 ἐκεῖνον

461 4467 691 4523 chorum
718 4484 781 4524 ac
812 4470 1151 4536 sodalitium,
1182 4480 1239 4525 et
1287 4470 1596 4539 episcopum
1633 4470 1737 4540 ιο
1768 4469 1863 4524 tibi
1893 4478 2053 4524 teme-

2169 4464 2347 4521 θίασον
2374 4467 2468 4521 καὶ
2519 4465 2702 4537 χορὺν,
2742 4465 2836 4519 καὶ
2876 4464 2968 4518 τὸν
3017 4464 3340 4536 πειθόμενόν
3391 4483 3475 4519 σοι
3512 4466 3745 4537 ἀκρίτως

464 4576 525 4616 re
567 4575 632 4616 ac
694 4562 814 4617 sine
877 4562 1079 4631 judicio
1144 4577 1350 4617 morem
1399 4571 1672 4633 gerentem
1727 4561 2052 4623 obscurare,

462 4653 821 4725 divinumque
855 4655 1157 4710 sacrarium
1199 4669 1296 4725 per
1328 4652 1613 4708 avaritiam
1649 4650 2051 4716 contaminare,

462 4746 592 4801 dum
635 4762 767 4816 opes
800 4747 894 4802 tibi
921 4748 1021 4818 ipsi
1075 4763 1170 4818 per
1210 4746 1569 4803 nummariam
1596 4760 1854 4799 manuum
1880 4743 2053 4811 impo-

460 4841 714 4898 sitionem
755 4840 987 4910 aggeris.
1031 4838 1295 4895 Dominus
1336 4839 1481 4894 enim
1515 4852 1613 4893 eos
1642 4878 1656 4898 .
1707 4837 1800 4906 qui
1845 4836 2053 4892 colum-

461 4934 561 4988 bas
589 4933 938 4999 vendebant,
979 4930 1161 5002 ﬂagris
1202 4947 1233 4986 a
1269 4930 1467 5000 templo
1494 4929 1790 5000 eXpulit".
1856 4927 2059 4994 Quam-

458 5022 649 5079 obrem
721 5038 791 5079 ne
849 5033 905 5079 tu
940 5038 1155 5095 quoque
1210 5026 1399 5079 eodem
1444 5022 1606 5078 modo
1655 5018 2059 5085 submovearis,

2161 4558 2485 4623 ἐπίσκοπον,
2521 4560 2619 4611 καὶ
2664 4558 2908 4628 χραίνειν
2964 4558 3025 4610 τὸ
3064 4558 3207 4612 θεῖον
3246 4559 3399 4629 βῆμα
3440 4557 3737 4626 πλεονεξίᾳ,

2160 4650 2258 4705 καὶ
2281 4650 2482 4722 πόρους
2511 4649 2722 4721 σεαυτῷ
2742 4650 2849 4704 ἀπὸ
2878 4651 3045 4721 τιμῆς
3076 4650 3423 4722 χειροτονιῶν
3451 4649 3737 4722 ἀθροίζειν.

2159 4742 2300 4804 Τοὺς
2340 4740 2450 4813 γὰρ
2486 4741 2800 4805 πωλοῦντας
2841 4741 2942 4806 τὰς
2988 4741 3316 4814 περιστερὰς
3353 4742 3610 4807 ἐξέϐαλεν
3641 4742 3743 4795 ἀπὸ

2161 4832 2256 4887 τοῦ
2312 4832 2445 4886 ναοῦ
2492 4833 2757 4903 μαστίξας
2800 4833 2830 4885 ὁ
2871 4834 3097 4903 Κύριος.
3149 4835 3268 4888 Ἵνα
3308 4834 3495 4889 τοίνυν
3533 4833 3609 4905 μὴ
3652 4834 3744 4885 σὺν

2165 4924 2396 4987 ἐκείνοις
2422 4924 2626 4995 ὠσθῇς,
2650 4923 2858 4979 παῦσαι
2887 4923 3033 4979 οὕτω
3069 4926 3341 4993 πλουτῶν,
3384 4927 3482 4981 καὶ
3519 4926 3650 4996 ὓλην
3672 4923 3744 4993 τῷ

2171 5015 2418 5087 μέλλοντι
2443 5015 2745 5088 ἐτοιμάξων
2770 5015 2925 5087 πυρί.

459 5120 649 5175 desine
686 5132 818 5188 opes
853 5117 927 5173 ita
962 5130 1185 5187 angere,
1223 5131 1288 5172 ac
1317 5115 1604 5171 materiam
1629 5112 1814 5167 tuturo
1837 5111 1947 5181 igni
1971 5124 2186 5180 parare.

514 5240 561 5273 "
588 5238 733 5296 Psal.
769 5255 827 5305 ν,
862 5238 919 5295 7.
994 5235 1086 5291 ³⁸1
1122 5237 1256 5309 Reg.
1290 5252 1354 5302 ll,
1383 5236 1487 5302 '54;
1518 5251 1594 5302 tv,
1627 5234 1714 5289 II.
1778 5233 1821 5265 ⁸⁷
1852 5230 2027 5287 Levit.

2169 5247 2201 5295 ι,
2238 5232 2292 5287 εί.
2369 5231 2413 5263 ³⁸
2436 5229 2636 5286 Ezecb.
2674 5230 2996 5302 1.18:;etx,
3026 5232 3115 5288 ﬂ.
3193 5234 3238 5267 ”
3264 5232 3421 5289 Joan.
3453 5251 3516 5301 ιι,
3547 5231 3637 5300 ﬂ,
3667 5232 3744 5289 I5.

1577 5348 1812 5406 VARIIE
1851 5348 2240 5405 LECTIONES
2276 5348 2366 5404 ET
2400 5347 2640 5405 NO'UE.

536 5481 652 5556 (2'1)
688 5480 858 5556 _Codd.
893 5481 1053 5556 modo
1075 5477 1357 5556 memorati
1384 5478 1541 5556 ambo
1576 5473 1714 5556 πρὸς
1740 5472 1959 5556 ἅπαντα
1987 5472 2039 5556 in

465 5543 657 5609 neutro
688 5553 886 5622 legunt.
912 5552 1161 5622 lidemgin
1196 5552 1301 5622 line
1324 5548 1564 5622 epistolae
1592 5543 1680 5599 illa
1714 5546 1877 5599 verba
1903 5543 1937 5613 ἢ
1966 5543 2041 5613 μὴ

464 5617 840 5691 ἐπιγινώσκων
860 5620 1159 5691 ἀνάγνωθι,
1185 5617 1460 5691 omittunt.
1482 5617 1707 5691 Possm.

534 5642 555 5677 Ὺ.
598 5641 840 5677 ινωσκων
860 5641 1159 5691 αναγνωυι,
1185 5641 1459 5673 (ιηιιιιιιιιι.
1491 5641 1707 5672 rosam.

534 5641 647 5764 (ξε)
675 5692 803 5747 Post
823 5693 1150 5764 ἐγγίνεται,
1174 5692 1351 5764 insere
1379 5688 1517 5764 ἀλλ’,
1545 5696 1763 5742 auctore
1793 5682 1913 5764 cod.
1936 5681 2043 5764 ᾼΙι.

460 5754 555 5821 cui
590 5754 1018 5825 censemit'Vat.
1056 5754 1183 5819 649.
1217 5760 1314 5817 Hic
1350 5761 1513 5825 etiam
1544 5772 1702 5827 .vers.
1749 5754 2045 5823 penultimo

2149 5468 2810 5546 non_dt1:0:_c)‘.z£ecat_legit,
2830 5473 2925 5527 sed
2942 5472 3384 5542 ἀποκέκλεισται,
3410 5474 3745 5546 suﬂ'raganto

2150 5543 2354 5613 pariter
2386 5540 2679 5613 Altae_msi.
2708 5541 2917 5613 Possm.

2226 5612 2369 5687 (29)Δ
2394 5608 2583 5687 Μιμῇ.
2630 5611 2810 5687 _(_Zodd.
2856 5611 2986 5687 _Va>t.
3038 5613 3163 5687 649,
3221 5614 3420 5687 etgAlt.
3457 5616 3740 5687 _y.tp.ﬁ0’ato

2226 5630 2338 5683 (zu;
2394 5630 2583 5735 Μιςιῃ.
2641 5630 2810 5667 noua.
2874 5630 2986 5667 vat.
3038 5630 3163 5678 ων,
3221 5630 3276 5669 et
3312 5630 3420 5668 All.
3475 5632 3671 5687 μιμησ‹

2154 5682 2308 5739 Vers.
2342 5682 2398 5739 9.
2430 5699 2472 5735 π
2505 5682 2735 5753 εονεξίᾳ,
2764 5684 2888 5739 cod.
2921 5684 3029 5739 Alt.
3057 5685 3412 5751 πλεονεξίαις.
3453 5685 3671 5744 Possm.
