3896 6404
459 399 565 461 203

1623 397 1682 454 S.
1726 395 2017 457 ISIDORI
2056 400 2490 461 PELUSIOTE

3612 402 3720 467 204

460 520 553 572 sit,
586 506 815 577 qumris,
848 514 922 567 et,
949 504 994 560 si
1025 504 1283 574 propheta
1319 502 1435 575 ipse
1467 513 1618 565 erat.
1650 508 1904 573 quidnam
1941 508 2015 576 ι]

2160 510 2434 582 Ἰωάννης,
2453 510 2547 564 καὶ
2566 511 2616 564 εί
2644 512 2929 581 προφήτης
2953 513 2980 565 ὀ
3006 511 3279 580 Ἰωάννης,
3305 509 3358 563 τί
3382 506 3449 582 ἦν
3483 511 3540 563 έν
3566 509 3719 579 αὐτῷ

458 599 773 671 praphetica
811 595 1069 667 dignitate
1115 594 1345 663 amplius
1395 604 1449 648 et
1491 596 1840 653 excellentius
1874 600 2040 654 hahe-

455 690 654 746 bat“?
702 688 981 758 Siquidem
1037 686 1141 742 hoc
1175 687 1439 742 Dominus
1486 686 1643 742 dixit.
1691 688 1829 743 Audi
1877 690 2039 759 igitur

439 785 645 854 paucis
687 783 866 838 verbis
907 780 1143 852 plurima
1178 798 1193 834 :
1228 780 1433 835 Idcirco
1483 780 1653 848 major
1693 782 1834 837 inter
1883 794 2037 839 natos

456 878 745 930 mulierum
781 871 1016 929 Joannes
1045 911 1060 936 ,
1111 871 1236 942 quia
1281 887 1349 927 ex
1394 872 1511 941 ipso
1548 884 1797 928 materno
1845 883 2035 930 ventre

455 968 783 1022 vaticinatus
805 974 887 1021 est
911 965 985 1029 ⁸⁵,
1026 975 1186 1034 atque
1216 964 1267 1018 in
1304 964 1542 1020 tenebris
1571 966 1784 1021 abditus
1809 1009 1824 1034 ,
1858 976 1913 1022 et
1942 982 2033 1022 oc-

456 1058 723 1120 cultatus,
755 1056 935 1111 lumen
967 1096 980 1119 ,
1023 1057 1166 1125 quod
1194 1065 1453 1121 venerat,
1485 1056 1704 1111 minime
1745 1058 2030 1127 ignoravit.

453 1148 568 1205 Hoc
598 1160 777 1203 autem
818 1150 1033 1202 nomine
1077 1148 1369 1217 prophetas
1398 1148 1706 1215 antecellit,
1739 1151 1880 1217 quod
1909 1165 2029 1205 eum

451 1257 711 1311 quoque,
761 1241 850 1309 qui
903 1240 1345 1310 prmdicebatur,
1398 1241 1452 1293 in
1498 1255 1660 1296 carne
1710 1243 2027 1310 conspexit:

450 1349 608 1401 quem
648 1333 970 1402 patriarcha:
1009 1345 1198 1385 omnes
1232 1346 1296 1386 ac
1348 1332 1642 1402 prophetat,
1699 1347 1795 1400 per
1818 1334 2027 1387 somnia

448 1427 668 1496 quidem
703 1434 796 1478 aut
831 1424 1071 1479 visiones
1105 1438 1326 1492 quoquo
1353 1424 1509 1477 modo
1536 1423 1919 1490 informarunt,
1983 1423 2156 1494 reipsa

432 1527 687 1574 ‘tuertmt.

928 1610 1168 1666 XXXIV.
1201 1640 1271 1652 --
1304 1610 1532 1665 EIDEM.

436 1704 521 1759 'De
549 1705 959 1775 interrogatione
990 1704 1382 1757 Prwcursoris:
1414 1723 1433 1755 ι
1468 1703 1545 1757 Tu
1576 1721 1629 1759 es
1667 1706 1758 1774 qui
1785 1714 2028 1759 venturus

1192 1776 1374 1830 est?)

520 1908 538 1939 ι
558 1887 635 1941 Tn
662 1903 721 1942 es
734 1887 824 1958 qui
844 1896 1106 1942 venturus
1122 1902 1199 1951 es,
1222 1903 1287 1941 an
1314 1886 1477 1941 alium
1507 1898 1884 1956 exspectamus
1898 1888 1944 1921 “
1967 1888 2018 1943 ?D

426 1981 673 2036 'Domino
732 1979 1070 2050 signiﬁcabat
1109 1978 1341 2034 Joannes
1367 2021 1381 2045 ,
1413 1995 1533 2035 cum
1562 1981 1809 2035 veritatis
1836 1997 2021 2044 causa,

443 2081 606 2141 caput
648 2071 697 2125 ei
729 2070 1115 2140 amputandum
1147 2079 1321 2134 esset,
1365 2086 1598 2141 suosque
1640 2072 1930 2140 discipulos
1956 2073 2022 2126 ad

442 2178 563 2217 eum
603 2162 875 2215 adducere
916 2161 1205 2225 studeret,
1256 2162 1345 2230 qui
1388 2161 1457 2215 ob
1511 2172 1821 2216 accuratam
1862 2174 2024 2231 atque

441 2254 693 2308 omnibus
744 2253 957 2307 virtutis
1005 2254 1243 2307 numeris
1286 2254 1586 2307 absolutam
1620 2255 1789 2322 ipsius
1831 2255 2021 2320 vitam,

422 2345 508 2399 ‘ad
532 2344 1079 2414 ipsiustcstimonium
1107 2385 1122 2410 ,
1154 2360 1277 2398 num
1298 2345 1553 2399 Dominus
1575 2360 1638 2399 eo
1666 2347 1837 2413 major
1858 2355 2020 2409 esset,

439 2434 809 2504 ambigebant.
849 2434 1026 2503 Atque
1066 2434 1118 2487 id
1165 2434 1425 2488 Dominus
1468 2450 1565 2502 per
1597 2450 1658 2486 ea
1688 2448 1806 2503 qum
1835 2433 2018 2488 statim

441 2524 569 2580 fecit
591 2567 607 2597 ,
642 2525 1063 2590 demonstravit,
1103 2540 1224 2580 cum
1258 2540 1353 2593 per
1380 2524 1543 2578 multa
1577 2525 1833 2578 miracula
1857 2523 2015 2577 Joan-

444 2617 528 2671 nis
564 2616 930 2670 tcstimonium
976 2615 1386 2684 comprobavit:
1429 2630 1630 2684 eosque
1670 2616 1759 2686 qui
1799 2613 2021 2669 Joannis

440 2708 622 2763 verbis
656 2706 1004 2773 difﬁdebant,
1038 2706 1111 2759 ita
1158 2707 1404 2772 dimisit,
1432 2715 1492 2760 ut
1519 2706 1688 2761 oculis
1719 2715 1878 2775 atque
1905 2707 2019 2776 ipso

417 2807 659 2870 vaspcctu
693 2796 1071 2853 conﬁrmatum
1103 2796 1367 2852 haberent
1410 2796 1461 2850 id
1516 2796 1659 2866 quod
1687 2797 1909 2851 auribus
1934 2812 2020 2852 ac-

437 2901 714 2961 ceperant.

612 2981 829 3037 XXXV.
858 3011 927 3022 ——
954 2979 1348 3036 TIIEODOSIO
1384 2981 1835 3037 IMPERATORI.

503 3099 560 3152 Si
597 3097 801 3152 Christi
852 3112 1077 3166 regnum
1124 3097 1346 3165 adipisci
1389 3098 1604 3159 studes,
1638 3098 1779 3165 quod
1820 3112 2015 3152 corru~

2138 601 2522 672 περισσότερον
2542 603 2821 671 προφήτου
2841 620 2857 667 ;
2872 600 3094 673 Ἐπειδὴ
3110 602 3268 655 τοῦτο
3283 602 3432 670 λέγει
3448 603 3477 653 6
3490 601 3717 673 Κύριος.

2140 691 2339 744 ’Ἄκουε
2366 692 2547 746 τοίνυν
2574 693 2802 747 πλεῖστα
2826 695 2883 747 ὲν
2913 693 3115 762 ὀλίγοις
3145 710 3161 727 ο
3201 694 3404 763 μείζων
3434 697 3491 747 ὲν
3517 710 3717 763 γεννη-

2135 786 2249 847 τοῖς
2295 787 2625 852 γυναικῶνὸ
2676 787 2947 856 Ἰωάννης,
2997 786 3181 857 ἐπειδὴ
3218 786 3279 850 ὲξ
3307 786 3477 855 αὐτῆς
3520 783 3717 855 νηδύος

2138 878 2411 948 μητρικῆς
2454 880 2854 950 προεφήτευσε,
2886 879 2980 932 καὶ
3012 879 3069 931 έν
3097 879 3278 931 σκότει
3313 878 3715 948 κρυπτόμενος,

2140 969 2202 1020 τὸ
2225 969 2341 1039 φῶς
2366 969 2538 1034 ἐλθὸν,
2564 972 2664 1023 οὐκ
2694 972 2951 1041 ἠγνόησε.
2988 972 3381 1042 Περισσότερον
3406 970 3462 1023 δὲ
3500 985 3717 1041 προφη-

2141 1060 2271 1124 τῶν,
2302 1058 2361 1113 τὸ
2383 1061 2476 1113 καὶ
2496 1060 2658 1114 αὐτὸν
2685 1061 2808 1113 ἰδεῖν
2830 1064 2886 1116 ὲν
2910 1063 3073 1133 σαρκὶ
3096 1061 3185 1115 τὸν
3211 1060 3717 1131 προφητευόμενον,

2138 1150 2198 1202 ὃν
2226 1152 2425 1215 πάντες
2458 1153 2507 1205 οἱ
2547 1153 2885 1224 πατριάρχαι
2924 1155 3019 1206 καὶ
3054 1156 3350 1224 προφῆται,
3390 1152 3456 1205 δι’
3487 1152 3719 1223 ὀνείρων

2140 1243 2240 1311 μὲν
2281 1242 2313 1313 ἢ
2339 1243 2611 1297 όπτασιῶν
2638 1244 3074 1314 ὲφαντάσθησαν,
3102 1244 3375 1315 θεωρῆσαι
3402 1243 3459 1297 δὲ
3488 1242 3718 1311 αὑτοψεὶ

2133 1335 2233 1386 οὐκ
2266 1336 2552 1407 ἐπέτυχον.

2232 1437 2408 1484 autem
2475 1438 2640 1498 atque
2713 1429 2886 1485 oculis
2939 1443 3247 1499 perspicere
3329 1429 3552 1486 minime
3615 1442 3693 1498 po

2627 1618 2748 1670 ΛΝ.
2787 1647 2854 1657 -
2884 1617 2975 1689 Τῼ
3012 1614 3213 1687 arm.

2136 1707 2273 1778 Περὶ
2324 1710 2435 1777 τῆς
2471 1709 2817 1779 ἐρωτήσεως
2858 1711 2966 1765 τοῦ
3005 1709 3353 1779 Προδρόμου
3386 1725 3399 1737 ·
3440 1726 3458 1759 ι
3480 1705 3563 1760 Σὺ
3591 1699 3716 1759 et?!

2711 1782 3035 1851 ἐρχόμενος
3058 1798 3077 1846 ;
3106 1799 3122 1830 ι

2208 1910 2226 1941 ι
2270 1891 2341 1945 Σὺ
2390 1886 2440 1944 εἴ
2476 1892 2504 1944 6
2550 1892 2881 1963 ἐρχόμενος,
2922 1893 2955 1963 ἢ
2990 1892 3175 1962 ἕτερον
3221 1888 3648 1962 προσδοκῶμεν;
3686 1904 3709 1938 ι

2144 1982 2397 2055 Ἰωάννης
2425 1984 2504 2053 τῷ
2541 1985 2733 2056 Κυρίῳ
2777 1985 2988 2054 ἐδήλου,
3030 1984 3171 2052 ὑπὲρ
3209 1981 3464 2052 ἀληθείας
3511 1979 3714 2032 ἀποτέ-

2135 2073 2361 2140 μνεσθαι
2400 2072 2631 2142 μέλλων,
2663 2074 2757 2127 καὶ
2793 2074 2919 2136 τοὺς
2948 2072 3182 2134 οἰκείους
3207 2068 3419 2141 [αὑτοῦ]
3458 2068 3712 2138 μαθητὰς

2130 2167 2502 2235 προσαγαγεῖν
2551 2165 2888 2229 σπουδάζων,
2939 2161 3379 2235 ἀμφιϐάλλοντας
3424 2160 3561 2231 πρὸς
3604 2157 3711 2229 τὴν

2131 2254 2296 2308 αὑτοῦ
2331 2257 2658 2328 μαρτυρίαν,
2702 2258 2750 2309 εί
2790 2255 2991 2327 μείζων
3031 2254 3177 2307 ἐστὶν
3214 2255 3243 2306 6
3273 2252 3479 2322 Κύριος
3518 2250 3711 2303 Ἰωάν-

2128 2364 2244 2415 νου,
2285 2348 2395 2420 [διὰ
2429 2349 2528 2421 τὴν
2558 2350 2761 2419 ἀκριϐῆ
2788 2347 3084 2403 πολιτείαν
3127 2343 3396 2416 Ἰωάννου]
3425 2343 3520 2397 καὶ
3548 2341 3712 2395 τοῦτο

2126 2442 2193 2495 δι’
2223 2460 2297 2494 ων
2327 2441 2486 2503 εὐθὺς
2529 2440 2763 2512 ἔπραξεν
2802 2443 2831 2493 ὁ
2873 2439 3077 2510 Κύριος
3110 2437 3300 2501 ἔδειξε,
3327 2438 3448 2498 ταῖς
3483 2433 3711 2495 πολλαῖς

2128 2530 2595 2600 θαυματουργίαις
2619 2527 2996 2596 ὲπαληθεύσας
3030 2526 3129 2595 τὴν
3177 2523 3481 2596 μαρτυρίαν
3521 2521 3709 2577 Ἰωάν-

2125 2639 2238 2686 νου,
2281 2622 2376 2675 καλ⁵
2414 2620 2534 2691 ὕψει
2569 2619 3022 2691 πιστωσαμένους
3057 2618 3158 2689 τὴν
3186 2616 3355 2689 ἀκοὴν
3399 2615 3526 2680 τοὺς
3573 2615 3709 2668 ἀπιο

2127 2712 2385 2777 στοῦντας
2411 2712 2724 2783 ἐκπέμψας.

2460 2984 2581 3038 ΛΕ’.
2620 3012 2689 3022 -
2718 2981 3045 3051 ΘΕΟΔΟΣΙῼ
3075 2978 3365 3031 ΒΛΣῘΛΕΙ.

2192 3100 2255 3152 Εἰ
2286 3099 2384 3169 τῆς
2412 3095 2649 3168 Χριστοῦ
2685 3094 2961 3165 βασιλείας
3001 3094 3278 3162 ἀντιποιῇ,
3314 3090 3383 3161 ἣν
3422 3091 3456 3160 ἡ
3489 3089 3707 3160 ἄφθαρ-

440 3190 640 3258 ptionis
682 3190 860 3243 omnis
908 3202 1102 3257 expers
1149 3188 1479 3257 perpetuitas
1520 3196 1775 3255 tanquam
1817 3203 2014 3243 corona

2133 3210 2210 3256 τος
2240 3190 2469 3262 διαμονή
2496 3191 2768 3258 στεφανοῖ,
2794 3186 2890 3240 καὶ
2926 3184 3161 3239 ἔπαθλον
3186 3187 3284 3253 τῆς
3318 3181 3563 3253 φθαρτῆς
3585 3185 3705 3245 τοῖς

418 3281 639 3351 cingit,
676 3281 926 3349 quodque
979 3279 1120 3333 Deus
1152 3287 1250 3348 pro
1309 3281 1514 3334 caduco
1554 3280 1781 3348 imperio
1829 3282 1897 3336 iis
1928 3283 2016 3351 qui

426 3373 697 3441 praeclare
741 3382 905 3439 atque
952 3372 1178 3425 honeste
1204 3370 1348 3424 istud
1379 3370 1840 3434 administrarint,
1882 3387 2020 3441 prae-

438 3464 532 3519 mii
564 3463 682 3519 loco
715 3461 1038 3526 constituit,
1079 3462 1374 3530 potentiam
1424 3471 1570 3515 tuam
1605 3464 2019 3520 mansuetudine

438 3570 503 3610 ac
535 3554 804 3609 suavitate
850 3563 1091 3622 tempera
1118 3595 1133 3617 ,
1183 3552 1632 3623 convenientique
1680 3554 2019 3625 dispersione

437 3661 575 3699 onus
603 3644 911 3699 divitiarum
944 3645 1083 3700 leva.
1130 3644 1312 3714 Neque
1361 3645 1502 3699 enim
1529 3645 1768 3700 salvatur
1804 3663 1895 3701 rex
1924 3663 2019 3717 per

440 3735 664 3789 multam
705 3735 1002 3804 potentiam
1032 3735 1117 3788 δέ
1168 3750 1343 3803 neque
1400 3735 1547 3804 impii
1602 3736 2014 3793 simulacrorum

439 3827 617 3881 cultus
652 3826 859 3880 crimen
888 3824 1182 3896 effugit“,
1224 3827 1316 3896 qui
1354 3824 1511 3880 ﬂuxis
1547 3826 1739 3896 opibus
1768 3828 1960 3897 parcit.

688 3938 922 3993 XXXVI.
956 3967 1010 3979 -
1046 3936 1396 3993 ANTIOCHO
1439 3937 1757 3994 SPADONI.

510 4051 700 4119 Opera:
731 4051 957 4118 pretium
992 4059 1074 4103 est
1112 4060 1186 4116 te,
1210 4064 1333 4104 cum
1356 4064 1539 4104 sacros
1557 4049 1750 4105 Libros
1777 4050 2013 4115 evolvas,

438 4154 600 4211 atque
641 4146 691 4196 in
723 4158 907 4197 eorum
931 4181 947 4205 ,
976 4151 1035 4195 ut
1054 4143 1243 4205 audio,
1276 4142 1510 4196 lectione
1544 4141 1758 4195 assidue
1787 4141 2013 4207 hiereas,

437 4231 740 4286 admirandi
768 4230 1004 4285 Danielis
1036 4230 1319 4283 historiam
1348 4245 1509 4285 nosse
1530 4230 1609 4284 “:
1638 4243 1829 4298 nempe
1852 4232 2014 4298 quod,

437 4340 558 4378 cum
600 4323 653 4376 in
696 4322 888 4376 mediis
924 4321 1130 4375 erroris
1149 4320 1403 4376 ﬂuctibus
1441 4331 1779 4386 versaretur,
1810 4321 2014 4375 nullum

436 4423 617 4467 tamen
645 4412 844 4482 captivi
889 4411 1124 4467 hominis
1153 4411 1403 4467 aliectum
1431 4412 1629 4476 subiit,
1662 4426 1728 4465 ne
1762 4412 1829 4464 ad
1866 4412 2016 4467 cibos

436 4505 652 4573 quidem
694 4518 1011 4557 communes
1051 4518 1223 4573 usque
1249 4543 1265 4567 ,
1306 4518 1535 4574 quorum
1573 4503 1849 4572 perceptio
1896 4517 2012 4570 eos,

436 4595 526 4664 qui
566 4595 633 4648 iis
670 4594 978 4649 fruerentur
1001 4631 1018 4658 ,
1045 4608 1151 4647 non
1186 4593 1611 4649 contaminabat.
1645 4594 1721 4647 Ac
1755 4593 2008 4662 quoniam

434 4700 542 4739 non
576 4686 735 4739 modo
768 4686 982 4753 imperii
1023 4685 1273 4739 minister
1313 4699 1412 4749 es,
1467 4688 1561 4741 sed
1609 4686 1783 4754 ipsum
1842 4685 2007 4738 etiam

435 4775 697 4829 arbitratu
742 4786 831 4829 tuo
866 4790 929 4829 ac
972 4775 1123 4830 libitu
1160 4775 1481 4841 moderaris,
1538 4775 1591 4831 in
1634 4775 1685 4829 id
1719 4775 1864 4830 omni
1894 4784 2009 4830 stu-

504 4929 549 4961 “
582 4928 714 4984 Luc.
749 4945 844 4993 νυ,
877 4930 967 4983 28.

1112 4929 1243 4984 Luc.
1274 4947 1311 4993 r,
1343 4930 1428 4983 15.
1506 4929 1549 4960 ’⁸⁸
1579 4927 1816 4995 Luc.vit,
1852 4927 1939 4983 l9.
2010 4927 2053 4959 ⁸⁷
2086 4926 2227 4981 Psal.
2257 4943 2428 4993 xxxii,
2464 4925 2550 4981 16.

2118 3284 2371 3357 χρηστῶς
2404 3283 2574 3352 αὐτὴν
2616 3280 2891 3334 διέπουσιν
2927 3278 3123 3347 έθηκεν
3149 3279 3178 3330 6
3215 3275 3367 3338 Θεὸς,
3394 3273 3704 3345 {ineptit-qn

2119 3378 2278 3447 κίρνα
2312 3375 2410 3446 τὴν
2439 3372 2709 3439 ἐξουσίαν,
2746 3372 2840 3425 καὶ
2876 3370 3049 3425 δέοντι
3084 3366 3409 3440 σκορπισμῷ
3440 3367 3503 3418 τὸ
3534 3364 3705 3436 βάρος

2118 3467 2342 3537 κούφιζε
2369 3464 2463 3519 τοῦ
2508 3464 2737 3518 πλούτου
2774 3479 2788 3493 ·
2842 3460 2964 3515 οὔτε
3009 3460 3117 3531 γὰρ
3163 3457 3394 3521 σώζεται
3443 3456 3704 3527 βασιλεὺς

2117 3557 2207 3611 διὰ
2247 3556 2446 3627 πολλὴν
2486 3556 2750 3624 δύναμιν,
2803 3551 2927 3606 οὔτε
2976 3548 3389 3620 εἰδωλολατρίας
3434 3544 3700 3615 δκφεῦγει

2117 3648 2394 3713 ἀσέϐειαν,
2423 3649 2450 3700 6
2474 3646 2568 3700 τοῦ
2596 3647 2809 3718 ῥέοντος
2840 3642 3067 3698 πλούτου
3101 3641 3437 3711 φειδόμενος.

2238 3939 2378 4004 Aq'.
2404 3965 2475 3977 --
2496 3933 2802 4002 ΑΝΤΙΟΧῼ
2831 3929 3160 4000 ΕΥΝΟΥΧῼ
3186 3926 3485 3981 ΠΑΛΑΤῘΟ
3497 3924 3555 3977 Υ.

2187 4048 2306 4118 Χρή
2335 4063 2393 4099 σε
2428 4044 2527 4108 τὰς
2566 4045 2718 4115 ἱερὰς
2763 4041 3180 4096 ἀναπτύσσοντα
3213 4038 3457 4100 Βίϐλους,
3496 4034 3593 4089 καὶ
3625 4036 3694 4105 τῇ

2117 4136 2293 4189 αὐτῶν
2335 4132 2788 4203 ἐγκαρτεροῦντα,
2841 4129 2916 4193 ῶς
2967 4146 3163 4197 φασιν,
3210 4127 3537 4195 ἀναγνώσει,
3586 4126 3699 4193 τὴν

2117 4229 2259 4281 κατὰ
2308 4226 2399 4277 τὸν
2446 4224 2748 4294 θαυμάσιον
2788 4222 2985 4293 Δανιὴλ
3040 4219 3281 4292 ἱστορίαν
3334 4218 3556 4280 εἰδέναι,
3605 4217 3696 4268 ὅτι

2120 4320 2285 4389 μέσος
2321 4316 2414 4371 τοῦ
2462 4316 2731 4376 κλύδωνος
2775 4314 2874 4384 τῆς
2921 4311 3130 4381 πλάνης
3172 4308 3487 4378 ἱστάμενος,
3535 4304 3697 4359 οὐδὲν

2117 4409 2379 4479 ὑπέμεινε
2410 4406 2583 4469 πάθος
2608 4404 2953 4474 αἰχμάλωτον
2981 4403 3117 4472 (54),
3149 4401 3271 4454 οὐδὲ
3298 4400 3462 4470 μέχρι
3503 4396 3696 4451 σιτίων

2116 4500 2224 4553 τῶν
2255 4498 2450 4553 κοινῶν
2479 4500 2559 4561 εἰς
2593 4495 2915 4568 μετάληψιν,
2947 4495 3040 4548 καὶ
3077 4493 3152 4564 μὴ
3196 4492 3521 4546 κοινούντων
3546 4489 3700 4545 κατὰ

2117 4592 2437 4662 περίστασιν
2467 4592 2592 4653 τοὺς
2625 4588 2972 4659 μετέχοντας.
3028 4587 3140 4639 Καὶ
3184 4584 3373 4655 ἐπειδὴ
3419 4583 3480 4635 οὐ
3525 4584 3697 4652 μόνον

2114 4683 2358 4745 διάκονος
2396 4682 2682 4751 τυγχάνεις
2722 4680 2823 4749 τῆς
2864 4678 3175 4749 βασιλείας,
3221 4675 3359 4730 ἀλλά
3398 4676 3492 4730 καὶ
3533 4673 3699 4743 ἄγεις

2113 4772 2280 4844 αὐτὴν
2308 4770 2492 4835 καθὼς
2522 4771 2721 4841 βούλει,
2752 4770 2986 4824 σπεῦσον
3024 4768 3342 4841 ἀναρρῶσαι
3372 4767 3435 4821 τὸ
3478 4766 3699 4821 δίκαιον

2647 4926 2693 4956 ⁸⁸
2725 4925 2919 4994 Ephcs.
2958 4940 3009 4985 ν,
3043 4924 3095 4977 5.
3174 4924 3218 4956 δ’
3256 4923 3390 4977 Dan.
3423 4922 3696 4994 t,Sscqq.

1492 5049 1730 5135 vini/rs
1772 5077 2157 5134 LECTlONES
2194 5078 2283 5133 ET
2320 5076 2554 5135 NOTAE.

510 5237 850 5311 (“indage
897 5236 1294 5311 αίγμῴῑωτον,
1342 5246 1398 5289 et
1430 5250 1548 5311 mox
1595 5234 1690 5311 ’μὴ
1729 5234 2001 5311 κοιῖούν-

436 5304 572 5363 τωὰκ
600 5310 690 5363 Sic
724 5315 778 5362 et
805 5306 979 5359 Paris.
1011 5310 1097 5358 ed.
1132 5316 1185 5359 et
1210 5305 1400 5361 Bavar.
1430 5307 1552 5359 cod.
1595 5304 1799 5373 legunt.
1822 5304 2001 5369 Quare

439 5396 543 5433 non
572 5382 738 5447 probo
754 5382 896 5446 quod
932 5377 1149 5444 quidam
1181 5390 1317 5447 pro_
1338 5376 1419 5447 his
1456 5374 1999 5447 Προοιμίωαίχμαλώο

438 5466 531 5501 του
561 5443 618 5501 et
645 5449 738 5500 καὶ
771 5443 900 5517 μήν,
930 5443 1175 5517 Quamvis
1209 5457 1263 5497 et
1286 5443 1470 5517 Billius
1490 5445 1565 5497 ita
1601 5445 1795 5513 legisse
1819 5446 1998 5517 videa-

443 5528 530 5571 tur
562 5518 615 5570 in
661 5514 1275 5584 sua'interpretatione;
1328 5514 1420 5584 qui
1475 5530 1573 5567 nec
1618 5524 1763 5567 recte
1813 5516 1998 5567 omisit

441 5594 652 5641 vertere
700 5585 827 5639 illud
864 5584 1008 5638 κατὰ
1058 5584 1398 5653 περίστασιν,
1441 5585 1582 5653 quod
1622 5593 1737 5653 est,
1784 5599 1877 5649 pro
1911 5600 2000 5635 ra-

443 5657 580 5708 tione
614 5652 1148 5708 circumstantiarum.
1179 5652 1296 5707 Non
1331 5652 1489 5708 modo
1515 5652 1724 5719 imperii
1754 5654 2000 5706 minister

443 5740 523 5785 es.
553 5727 643 5778 sed
674 5728 839 5793 ipsum
873 5726 1033 5777 etiam
1068 5734 1158 5777 tuo
1183 5724 1441 5778 arbitratu
1474 5739 1537 5777 ac
1565 5724 1715 5776 libitu
1750 5725 1998 5776 modera-

446 5796 541 5848 ris.
571 5794 701 5849 Nota
734 5797 817 5850 hic
838 5795 1065 5850 eunuchi
1086 5795 1375 5862 potentiam
1408 5797 1497 5865 (ad
1524 5793 1825 5849 eunuchum
1856 5795 1996 5847 enim

2109 5232 2291 5300 palatii
2327 5233 2425 5285 ista
2467 5230 2798 5298 seribuntur)
2848 5239 2902 5302 et
2942 5231 3064 5287 vide
3094 5245 3212 5302 quae
3245 5232 3445 5288 notabo
3489 5249 3555 5289 ex
3604 5235 3697 5290 hi-

2107 5298 2288 5357 atoriis
2316 5302 2451 5356 infra
2477 5304 2542 5356 ad
2568 5318 2654 5370 ep.
2694 5302 2821 5355 291.
2849 5298 3020 5356 Rtr'r.

2173 5400 2202 5410 —
2278 5372 2334 5425 ln
2373 5372 2525 5426 titulo
2555 5380 2679 5441 ante
2704 5371 2971 5424 Παλατίου
2995 5370 3257 5426 articulus
3284 5372 3405 5429 τοῦ.
3434 5372 3593 5429 Vers.
3631 5376 3694 5441 5,

2105 5442 2305 5513 Δανιὴλ
2340 5441 2393 5513 in
2423 5442 2545 5496 cod.
2577 5440 2687 5497 Alt.
2722 5458 2872 5496 more
2905 5440 3100 5513 Graeco
3121 5441 3444 5506 declinatur,
3477 5453 3547 5513 et,
3574 5440 3695 5509 hic,

2106 5511 2287 5580 utpote
2339 5511 2392 5564 in
2444 5521 2636 5581 quarto
2696 5526 2865 5576 casu,
2920 5512 3160 5581 Δανιῆλα
3214 5512 3693 5569 επὶὺίιιιικνετε.

2105 5582 2429 5653 undecimo,
2460 5596 2559 5650 pro
2587 5580 2673 5653 his
2710 5599 2722 5634 :
2773 5581 2935 5635 αὐτὸν
2971 5580 3216 5653 ὑπάρχον
3254 5582 3364 5645 τὸν,
3395 5594 3527 5645 etc.,
3556 5586 3691 5640 cod.

2108 5652 2218 5722 Alt.
2271 5649 2507 5705 scribit:
2554 5649 2997 5722 16v__t'ma'tpxovtat
3048 5649 3297 5705 θάνατον.
3357 5653 3511 5707 \‘ers.
3555 5666 3692 5718 pen.

2110 5721 2601 5791 6népxetat._cod.
2642 5719 2759 5776 Vat.
2802 5719 2941 5789 ⁷649,
3001 5733 3056 5777 et
3088 5722 3219 5778 Cod.
3250 5722 3361 5776 Alt.
3395 5722 3637 5778 scribunt
3670 5763 3691 5788 ,

2109 5788 2417 5863 ἐπέρχεται.
2440 5788 2629 5846 Possm
2644 5816 2655 5831 ι
