3896 6404
375 398 482 478 εστ

1548 408 1616 466 8.
1658 400 1951 466 ISIDORl
1988 403 2429 468 PELUSIUF/E

3555 410 3667 479 208

376 538 493 578 sam
544 520 735 582 urbem
813 518 995 589 ﬂagris
1067 518 1251 574 allici?
1304 516 1756 589 quemadmodum
1806 518 1955 572 etian‘

2075 518 2170 588 ὅλη
2197 519 2520 588 μαστίζεται
2561 496 2751 589 πέλις;
2803 521 2938 594 ὅπερ
2965 522 3059 577 καὶ
3099 524 3192 577 ἐπὶ
3236 525 3399 578 Δαϐὶδ
3427 530 3665 599 γενόμε-

377 615 599 671 Davidis
629 624 870 685 tempore
893 612 1189 683 contigisse
1211 625 1317 666 non
1347 612 1650 680 ignoras".
1676 609 1810 665 Nam
1842 625 1965 665 cum

376 709 448 765 ob
481 723 663 763 rerum
702 706 913 777 c0piam
944 746 960 774 ,
1006 703 1397 774 florentemque
1443 711 1646 759 statum
1671 744 1686 770 ,
1716 704 1967 774 princeps

377 800 654 857 insolescit
679 840 695 867 ,
724 800 791 854 ad
824 798 993 870 ipsius
1027 812 1320 852 maerorem
1356 804 1412 850 et
1456 795 1965 851 condemnationem

377 892 580 949 subditi
607 892 1007 962 deprimuntur.
1053 888 1165 943 Nec
1200 903 1327 942 vero
1364 887 1441 941 illi
1478 888 1659 958 inique
1687 887 1964 957 castigan-

375 995 501 1042 tur:
530 1000 717 1041 verum
756 982 1132 1052 unusquisque
1175 980 1405 1034 actionis
1435 995 1546 1035 sua:
1570 979 1793 1049 praemia
1826 979 1965 1034 reci-

375 1076 488 1145 pit;
538 1089 604 1129 ac
635 1081 857 1143 propter
879 1070 1139 1141 principis
1171 1068 1404 1123 calculos
1432 1068 1611 1123 divina
1644 1068 1966 1138 longanimi-

378 1176 489 1222 tate
531 1166 776 1221 orbatur.
828 1162 1190 1229 Quamobrem
1244 1176 1316 1216 ne
1356 1162 1632 1232 episcopi,
1672 1171 1729 1216 ut
1774 1169 1961 1230 putat,

368 1257 599 1314 Eusebii
651 1255 799 1310 vitiis
843 1262 1128 1324 patronum
1170 1260 1222 1307 te
1268 1253 1491 1321 prmbe;
1549 1253 1693 1322 quod
1743 1262 1964 1323 propter

373 1368 533 1418 eum,
583 1360 638 1405 et
671 1347 841 1403 altare
886 1346 1154 1401 ministris
1176 1384 1193 1411 ,
1227 1353 1282 1399 et
1309 1347 1500 1401 civitas
1535 1346 1723 1400 incolis
1755 1353 1958 1402 careat.

371 1440 509 1496 Nam
543 1440 634 1510 qui
665 1449 870 1493 temere
896 1452 963 1491 ac
1001 1434 1345 1502 sinejudicio
1373 1422 1655 1509 indignum
1687 1438 1961 1493 hominem

372 1532 692 1603 elegerunt,
720 1529 868 1601 digni
916 1537 1043 1585 sunt
1092 1528 1184 1600 qui
1225 1528 1472 1584 laborum
1498 1544 1718 1585 suorum
1752 1528 1962 1585 fructus

370 1621 603 1681 edant”
627 1664 644 1690 ,
677 1630 737 1677 ut
769 1623 862 1693 qui
889 1620 1143 1676 virtutem
1167 1620 1631 1690 contempserint,
1666 1629 1830 1690 atque
1858 1621 1962 1674 im-

371 1717 701 1789 probitatem
730 1715 809 1770 ita
842 1712 1185 1785 perspicuam
1218 1712 1519 1782 elegerint.

794 1825 910 1882 XL.
941 1853 1012 1866 ——
1043 1821 1255 1880 TUBJE
1295 1819 1527 1877 MlLlTl.

436 1945 497 2000 In
528 1959 667 2016 pace
706 1957 859 1999 arma
896 1949 1111 2013 gestare
1140 1939 1364 1994 minime
1399 1939 1596 2000 decet,
1656 1951 1760 1991 nec
1798 1936 1959 1992 belli-

373 2052 499 2092 cum
532 2035 776 2090 habitum
827 2034 881 2088 iu
930 2031 1108 2086 medio
1154 2030 1274 2085 foro
1321 2028 1715 2094 circumferre,
1760 2041 1858 2081 nec
1906 2027 1957 2080 in

367 2128 590 2184 civitate
611 2140 735 2181 cum
766 2139 897 2180 ense
937 2123 1184 2189 versari;
1218 2136 1405 2176 verum
1440 2120 1542 2191 13
1582 2128 1637 2175 et
1672 2129 1957 2183 terrorem,

367 2231 426 2277 et
457 2218 724 2290 ejusmodi
759 2215 1195 2286 experimentum
1224 2214 1278 2269 in
1300 2212 1443 2268 bello
1478 2213 1738 2268 adversus
1775 2210 1960 2267 hostes

368 2327 649 2369 exercere.
705 2309 885 2377 Quare
933 2308 980 2363 si
1036 2306 1229 2362 bellico
1276 2306 1465 2361 habitu
1505 2304 1836 2370 delectaris,
1895 2318 1961 2357 ac

368 2404 639 2475 praeconis
683 2416 818 2457 voce
864 2398 1164 2463 celebrari,
1200 2408 1517 2469 statuasque
1559 2397 1821 2468 consequi
1859 2411 1958 2451 cu-

362 2499 493 2569 pis,
542 2498 610 2551 ad
644 2494 944 2550 exercitum
976 2534 992 2559 ,
1043 2494 1133 2562 qui
1171 2507 1291 2546 cum
1327 2489 1575 2545 barbaris
1620 2495 1859 2560 pugnat,
1907 2497 1959 2542 te

368 2588 599 2643 confer:
636 2601 701 2640 ac
742 2601 848 2640 non
910 2582 1116 2637 militize
1161 2580 1340 2650 fugam
1372 2580 1615 2649 pecuniis
1661 2579 1957 2642 redimens,

368 2678 623 2748 domique
659 2675 915 2731 desidens
936 2710 954 2738 ,
1007 2671 1205 2726 bellum
1257 2671 1366 2727 illic
1394 2671 1636 2726 debitum
1658 2711 1675 2736 ,
1707 2670 1796 2726 hic
1839 2680 1960 2725 tau-

367 2785 532 2842 quam
568 2783 667 2840 per
715 2766 898 2823 ludum
947 2766 1233 2820 adumbra.

664 2880 805 2937 XLI.
836 2912 905 2924 ——
930 2877 1249 2937 PHILIPPO
1310 2874 1669 2934 MONACHO.

618 3003 685 3058 1η
712 3000 1030 3057 monachum
1069 2994 1391 3051 instabililer
1417 2995 1698 3050 viventem.

440 3120 730 3189 Leporem,
789 3113 1167 3169 meticulosum
1214 3108 1435 3173 animal,
1471 3118 1526 3163 et
1566 3118 1761 3162 natura
1814 3106 1957 3162 timi-

2068 627 2180 676 vov,
2204 611 2397 681 ἔγνως.
2423 614 2592 666 Ὅταν
2619 614 2729 685 γὰρ
2766 616 2860 669 ἐπ’).
2888 618 2953 688 τῇ
2987 616 3214 691 εὐθηνίᾳ
3250 619 3359 672 τῶν
3396 624 3665 693 πραγμά-

2066 718 2176 755 των
2200 704 2229 756 ὁ
2264 702 2493 774 ἔξαρχος
2529 705 3034 778 ὐπερηφανεύηται,
3091 710 3172 772 είς
3210 709 3446 781 ἀθυμίαν
3489 715 3665 769 αὑτοῦ

2068 796 2164 849 καὶ
2205 798 2534 868 κατάκρισιν
2566 797 2627 851 τὸ
2657 798 2899 870 ὑπήκοον
2943 801 3284 867 ἐλαττοῦται,
3326 805 3426 857 οὑκ
3454 804 3664 870 ἀδίκως

2067 889 2481 961 παιδευόμενον,
2508 890 2623 944 ἀλλ’
2663 893 2895 946 ἑκάστου
2923 898 2991 947 τά
3020 896 3276 968 ἐπίχειρα
3308 898 3408 969 τῆς
3449 901 3666 965 οἰκείας

2067 980 2322 1050 πράξεως
2366 983 2932 1054 παραλαμϐάνοντες,
2974 986 3071 1040 καὶ
3115 988 3216 1057 τῆς
3265 989 3414 1052 Θείας
3450 1010 3667 1061 μακρο-

2066 1070 2271 1144 θυμίας
2316 1075 2809 1144 ἀποτυγχάνοντος,
2840 1077 2928 1131 διὰ
2970 1078 3071 1143 τὰς
3107 1079 3202 1132 τοῦ
3246 1082 3507 1151 ἄρχοντος
3550 1084 3665 1154 ψή-

2066 1178 2221 1230 φους.
2263 1161 2357 1233 Μὴ
2401 1162 2584 1217 τοίνυν
2628 1165 3026 1236 ’ἐπισυνηγόρει
3071 1171 3192 1232 ταῖς
3240 1170 3501 1225 Εὐσεϐίου
3534 1172 3658 1237 τοῦ,

2062 1252 2139 1316 ὡς
2168 1252 2360 1315 οἴεται,
2393 1252 2691 1307 ἐπισκόπου
2722 1255 3075 1327 φαυλότησιν,
3126 1260 3174 1311 εἰ
3221 1258 3289 1311 δι’
3324 1260 3533 1315 ἐκεῖνον
3560 1264 3662 1315 καὶ

2063 1343 2124 1397 τὸ
2154 1342 2541 1416 θυσιαστήριον
2570 1344 2924 1419 λειτουργῶν,
2949 1348 3044 1401 καί¹
3082 1350 3115 1419 ή
3160 1348 3312 1414 πόλις
3355 1352 3662 1423 οἰκητόρων

2063 1433 2306 1505 χηρεύει.
2341 1435 2404 1487 Οἱ
2435 1437 2545 1505 γὰρ
2582 1435 2824 1506 ἀκρίτως
2851 1436 2942 1489 τὸν
2971 1436 3188 1503 ἀνάξιον
3231 1438 3661 1511 προϐαλλόμενοι

2063 1526 2261 1579 δίκαιοί
2282 1528 2409 1590 εἰσι,
2442 1527 2537 1580 καὶ
2564 1528 2689 1591 τοὺς
2718 1528 2911 1589 πόνους
2943 1529 3051 1581 τῶν
3083 1529 3309 1600 καρπῶν
3338 1532 3518 1587 αὐτῶν
3552 1552 3661 1602 φα-

2062 1620 2201 1687 γεῖν,
2225 1620 2427 1689 ἀρετὴν
2456 1618 2845 1691 ἀτιμάσαντες,
2876 1622 2970 1674 καὶ
2999 1622 3198 1676 κακίαν
3225 1623 3370 1678 οὕτω
3396 1628 3658 1699 προφανῆ

2063 1726 2273 1782 προστη
2281 1712 2348 1765 σά
2353 1728 2527 1780 μενοι.

2334 1826 2426 1882 M'.
2456 1857 2530 1868 —
2574 1826 2805 1900 ΤΟΥΒᾼ
2838 1830 3229 1904 ΣΤΡΑΤΙΩΤῌ
3264 1832 3399 1904 (39).

2135 1937 2249 1989 Οὐκ
2276 1934 2436 1990 ἔστιν’
2455 1937 2777 2010 ὁπλοφορεῖν
2818 1940 2876 1994 ἐν
2907 1941 3121 2014 εἰρήνῃ,
3159 1944 3260 1996 οὐκ
3313 1944 3428 1998 ἐστι
3464 1945 3659 2016 σχῆμα

2063 2028 2300 2100 πολέμου
2332 2030 2423 2082 ἐπὶ
2457 2030 2629 2103 μέσης
2659 2033 2864 2105 ἀγορᾶς
2895 2037 3217 2106 περιφέρειν
3249 2053 3263 2067 ⁸
3296 2038 3397 2091 οὐκ
3425 2038 3541 2092 ἔστι
3571 2040 3653 2104 ξι-

2063 2122 2211 2193 φήρη
2234 2122 2443 2191 διάγειν
2471 2125 2528 2177 ὲν
2563 2125 2738 2190 πόλει,
2782 2126 2919 2180 ἁλλά
2953 2128 3050 2182 καὶ
3106 2129 3268 2199 φόϐον
3319 2129 3415 2185 καὶ
3457 2136 3658 2204 πεῖραν

2061 2214 2318 2285 τοιαύτην
2356 2217 2414 2269 ὲν
2441 2216 2664 2289 πολέμῳ
2692 2218 2835 2272 κατά
2877 2220 3185 2275 ἀντιπάλων
3223 2223 3543 2295 γυμνάζειν.
3587 2224 3657 2279 Et

2060 2303 2154 2360 οὖν
2182 2309 2421 2378 σχήματι
2446 2309 2654 2380 χαίρεις
2691 2312 2993 2384 πολεμικῷ,
3023 2314 3121 2368 καὶ
3164 2317 3521 2389 ἀναῤῥήσεων
3560 2320 3657 2372 καὶ

2062 2396 2275 2468 στηλῶν
2307 2399 2585 2469 ἐπιτυχεῖν
2613 2399 2802 2465 ἀξιοῖς,
2835 2405 2915 2466 είς
2959 2402 3021 2455 τὸ
3060 2405 3421 2475 στρατόπεδον
3448 2407 3509 2459 τὸ
3547 2424 3658 2477 μοι⁴

2059 2489 2291 2560 χόμενον
2320 2492 2432 2555 τοῖς
2468 2490 2767 2564 βαρϐάροις
2809 2495 3105 2568 κατάϐηθι,
3137 2497 3233 2551 καὶ
3269 2497 3346 2569 μὴ
3374 2501 3654 2571 χρήμασιν

2060 2580 2429 2652 ἐξωνούμενος
2459 2584 2557 2655 τὴν
2586 2585 2795 2639 ἐκεῖθεν
2819 2586 3016 2659 φυγὴν,
3050 2590 3144 2642 καὶ
3168 2590 3306 2643 οῐκοι
3335 2590 3531 2660 μένων,
3563 2593 3656 2644 ὲν-

2059 2672 2233 2728 ταῦθα
2259 2674 2423 2739 παῖζε
2451 2675 2543 2729 τὸν
2571 2678 2688 2730 ἐκεῖ
2707 2678 3151 2751 χρεωστούμενον
3180 2682 3441 2754 πόλεμον.

2413 2884 2635 2939 MA'.—-
2655 2885 2942 2961 ΦΙΛΙΠΠῼ
2977 2890 3293 2964 ΜΟΝΑΧῼ.

2188 2996 2294 3062 Είς
2324 2996 2602 3065 μοναχὸν
2637 2998 2914 3067 ἀστάτως
2953 3000 3174 3071 ἔχοντα
3207 3003 3318 3059 τὸν
3350 3004 3519 3070 ﬂeor.

2129 3110 2235 3165 τὸν
2260 3111 2488 3181 λαγωὸν,
2518 3113 2578 3166 τὸ
2618 3114 2928 3185 κατάφοϐον
2957 3116 3096 3181 ζῶον
3136 3118 3233 3173 καὶ
3265 3119 3426 3188 φύσει
3472 3121 3655 3177 δειλὸν

364 3214 520 3277 dum,
552 3212 656 3267 hoc
688 3207 897 3279 perpeti
938 3207 1112 3268 aiunt,
1141 3212 1200 3256 ut
1230 3218 1297 3255 ex
1328 3200 1489 3255 cubili
1527 3202 1579 3254 in
1611 3200 1789 3256 cubile
1818 3200 1952 3256 sub-

2067 3203 2235 3257 ἑκεῖνό
2279 3221 2443 3273 φασιν
2487 3205 2805 3275 ὑπομένειν,
2835 3206 2897 3260 τὸ
2935 3202 3124 3278 κοίτην
3154 3211 3218 3263 ὲκ
3252 3211 3441 3283 κοίτης
3483 3214 3653 3284 ἀμεί-

377 3304 507 3359 inde
560 3302 781 3372 migret,
817 3304 1102 3369 propterea
1154 3295 1296 3361 quod
1318 3293 1385 3346 ad
1410 3306 1628 3347 omnem
1661 3301 1866 3347 motum
1896 3299 1951 3346 et

368 3400 662 3451 clamorem
717 3388 1086 3458 perturbetur.
1138 3383 1209 3436 At
1253 3397 1357 3436 non
1413 3383 1541 3436 item
1602 3384 1949 3449 monachum,

368 3486 461 3556 qui
489 3485 744 3539 fiduciam
784 3481 839 3535 in
877 3479 989 3533 Deo
1020 3478 1252 3546 positam
1294 3475 1512 3538 habere,
1543 3489 1607 3528 ac
1637 3474 1794 3538 Sion,
1831 3482 1953 3528 tan-

368 3589 532 3645 quam
585 3579 846 3634 montem,
901 3566 1288 3622 conscendisse
1330 3564 1511 3619 debet.
1561 3566 1702 3631 Quid
1759 3567 1948 3638 igitur,

369 3680 471 3736 pro
508 3678 573 3719 eo
601 3663 743 3730 quod
776 3660 1008 3715 Domino
1058 3666 1179 3711 tuto
1226 3655 1385 3710 inniti
1449 3671 1514 3711 ac
1564 3672 1780 3713 crucem
1828 3659 1954 3714 reli-

370 3756 535 3827 giosae
565 3756 691 3809 vitae
719 3753 973 3808 comitem
1015 3750 1217 3804 habere
1266 3747 1525 3811 debebas,
1575 3748 1690 3804 loca
1725 3749 1953 3806 subinde

368 3858 673 3905 commutas
692 3885 707 3911 ,
746 3845 1083 3914 pinguiorem
1111 3841 1311 3909 potius,
1344 3852 1403 3895 ut
1428 3842 1659 3907 videtur,
1686 3858 1952 3908 mensam,

370 3955 533 4011 quam
582 3938 877 3993 lirmiorem
923 3949 988 3988 ac
1024 3932 1336 3987 solidiorem
1389 3933 1752 3987 eruditionem
1804 3948 1954 4003 qua:-

366 4030 536 4087 rens?
567 4030 648 4085 Ac
683 4028 800 4091 tibi,
857 4028 911 4080 ni
949 4025 1131 4093 fallor,
1182 4023 1325 4079 istud
1355 4025 1648 4093 continget,
1684 4037 1741 4077 ut
1776 4025 1953 4079 omni-

367 4121 470 4177 bus
496 4119 715 4176 lsraelis
744 4115 992 4181 urbibus,
1034 4124 1201 4183 atque
1241 4114 1497 4170 omnibus
1534 4123 1692 4169 terra:
1720 4116 1949 4169 recessi-

366 4216 492 4281 bus,
532 4226 680 4277 cum,
706 4208 1013 4279 huiusmodi
1041 4217 1236 4262 ventre
1278 4215 1445 4275 atque
1473 4206 1641 4259 animi
1677 4206 1949 4273 instituto,

308 4307 312 4311 ’
367 4304 691 4374 peragratis,
725 4301 962 4371 Euripus
992 4300 1215 4370 quidam
1253 4298 1352 4364 sis,
1391 4299 1538 4354 omni
1571 4299 1777 4355 nidoris
1803 4301 1954 4357 cibo-

366 4411 487 4450 rum
513 4405 677 4448 veuto
703 4393 1092 4459 circumactus,
1108 4406 1169 4446 ac
1186 4398 1449 4461 perpetua
1481 4390 1840 4448 instabilitate
1870 4392 1950 4448 la-

366 4486 585 4541 borans.

623 4594 782 4651 XLII.
809 4626 885 4638 —
910 4592 1316 4652 ARCHONTIO
1344 4595 1699 4656 MONACHO.

627 4710 1003 4781 Inlerpretatio
1041 4713 1096 4764 in
1130 4712 1363 4766 divinant
1398 4712 1698 4770 carbonem.

433 4825 629 4890 Isaias,
673 4826 758 4878 vir
808 4838 1019 4878 summa
1068 4825 1405 4895 perspicacia
1453 4830 1731 4897 praeditus,
1759 4832 1953 4887 carbo-

365 4934 492 4977 nem
518 4932 587 4973 ει
619 4917 776 4972 altari
819 4917 1027 4987 forcipe
1070 4918 1193 4973 tulit
1221 4918 1291 4986 “,
1318 4919 1529 4975 Domini
1572 4923 1743 4978 nostri
1773 4925 1953 4979 incar-

366 5014 648 5069 nationem
705 5009 1012 5067 clarissime
1072 5010 1431 5084 perspiciens.
1498 5013 1604 5070 Per
1658 5016 1951 5074 carbonem

2054 3293 2193 3358 ϐειν,
2229 3295 2367 3365 πρὸς
2394 3296 2578 3350 πᾶσαν
2605 3297 2716 3368 (40)
2748 3299 2967 3369 κίνησιν
3006 3301 3102 3354 καὶ
3137 3300 3268 3374 βοὴν
3299 3305 3655 3376 ταρασσόμε-

2053 3403 2162 3440 νον.
2182 3387 2322 3440 Ἀλλ’
2352 3387 2474 3458 οὐχὶ
2508 3389 2765 3460 μοναχὸν,
2796 3385 2933 3462 [τὸν]
2967 3391 3061 3447 ἐπὶ
3090 3395 3299 3465 Κύριον
3325 3397 3656 3451 πεποιθέναι

2053 3478 2359 3549 ὀφείλοντα,
2398 3480 2494 3534 καὶ
2538 3480 2615 3545 ὡς
2659 3481 2786 3550 ὅρος
2840 3484 2980 3538 Σιὼν
3016 3483 3327 3557 βεϐηκέναι.
3356 3488 3422 3540 Τί
3466 3488 3660 3545 τοίνυν

2053 3568 2371 3623 καταλιπὼν
2407 3569 2470 3623 τὸ
2511 3570 2816 3641 ἐρείδεσθαι
2854 3574 3116 3643 ἀσφαλῶς
3156 3577 3248 3630 ἐπὶ
3287 3578 3515 3651 Κύριον,
3546 3582 3656 3636 καὶ

2055 3661 2291 3733 σταυρὸν
2322 3660 2489 3732 ἔχειν,
2518 3662 2619 3734 τὴν
2649 3663 2943 3719 ἀκόλουθον
2976 3666 3212 3739 ἄσκησιν
3232 3685 3246 3699 -
3279 3670 3445 3724 τόπον
3475 3689 3656 3743 μετα-

2054 3750 2271 3813 ϐάλλεις
2298 3753 2362 3804 ἐκ
2388 3752 2555 3805 τόπου
2575 3770 2588 3783 ·
2625 3753 2847 3822 μᾶλλον,
2874 3754 2950 3819 ὡς
2980 3755 3147 3820 ἔοικε,
3180 3760 3461 3830 τράπεζαν
3481 3762 3657 3834 ἁϐρο-

2051 3845 2239 3915 τέραν,
2268 3844 2383 3898 ἀλλ’
2410 3845 2472 3898 οὐ
2527 3846 2809 3899 παίδευσιν
2857 3850 3219 3922 στερροτέραν
3270 3851 3485 3923 ζητῶνς
3534 3856 3655 3909 Καὶ

2055 3934 2393 4006 συμϐήσεταί
2442 3951 2545 3999 σοι,
2596 3935 2674 3998 ὡς
2725 3931 2902 4005 οἶμαι,
2953 3938 3134 4003 πάσας
3177 3939 3283 4005 τὰς
3324 3942 3509 4006 πόλεις
3546 3944 3654 3998 τοῦ

2068 4025 2302 4096 Ἰσραὴλ,
2331 4026 2428 4079 καὶ
2455 4026 2634 4090 πάσας
2654 4026 2751 4090 τὰς
2777 4030 3038 4098 ὲσχατιάς
3060 4031 3159 4100 τῆς
3175 4032 3280 4102 γῆς
3306 4032 3445 4102 μετὰ
3462 4035 3621 4087 τοιαύ
3636 4065 3654 4079 -

2052 4136 2154 4189 της
2186 4118 2449 4190 γαστρὸς,
2478 4119 2575 4172 καὶ
2611 4119 2840 4191 γνώμης
2883 4123 3185 4193 περιιόντα,
3221 4124 3459 4197 Εὔριπον
3505 4121 3655 4181 εἶναί

2052 4226 2195 4272 τινα,
2214 4209 2380 4263 παντὶ
2410 4210 2599 4280 ἀνέμῳ
2619 4210 2849 4281 κνίσσης
2874 4214 3327 4287 περιφερόμενον,
3352 4218 3446 4271 καὶ
3476 4218 3653 4291 μέχρι

2055 4302 2258 4366 παντὸς
2287 4302 2649 4357 ἀστατοῦντα.

2310 4604 2479 4658 “ΜΒ⁹.
2531 4634 2603 4646 -—
2653 4605 3009 4677 ΔΡΧΟΝΤΙῼ
3046 4610 3361 4685 ΜΟΝᾹΧῼ.

2384 4721 2700 4791 Ἐρμηνεία
2723 4725 2810 4790 εις
2835 4724 2999 4780 θεῖον
3022 4726 3311 4797 ἄνθρακα.

2126 4838 2170 4891 '1'
2174 4841 2210 4909 ᾖ
2246 4838 2421 4893 λαϐίδι
2469 4839 2662 4895 ἔλαϐεν
2699 4843 2728 4895 ὁ
2777 4842 3235 4915 διορατικὼτατος
3264 4848 3495 4914 Ἡσαΐας
3548 4851 3657 4906 τὸν

2056 4932 2122 4983 ὲκ
2153 4930 2245 4985 τοῦ
2275 4930 2668 5003 θυσιαστηρίου
2703 4934 2973 5006 ἄνθρακα,
3003 4936 3105 5008 τὴν
3126 4936 3221 4991 τοῦ
3249 4939 3458 5010 Κυρίου
3485 4941 3657 5013 ἡμῶν

2058 5019 2475 5093 ὲνανθρώπησιν
2524 5023 2748 5096 θεωρῶν
2782 5026 3201 5098 τηλαυγέστατα
3234 5032 3370 5103 (41).
3403 5034 3681 5115 ’Δνθραξὶ

438 5149 486 5183 ⁸⁸
516 5145 562 5204 ll
591 5147 726 5220 Reg.
770 5161 955 5213 xxxiv,
999 5147 1070 5201 15
1099 5162 1250 5219 seqq.
1330 5151 1379 5184 ⁸³
1414 5150 1555 5208 Psal.
1592 5168 1797 5221 ωιτη,
1828 5156 1884 5212 2.

2067 5174 2144 5215 sa.
2172 5174 2254 5227 vt,
2283 5157 2338 5214 6.

1443 5266 1678 5328 νΑιιιιιΕ
1718 5272 2108 5334 LECTIONES
2144 5276 2235 5332 ET
2282 5275 2519 5334 NOTE.

398 5480 403 5489 ,
437 5429 549 5499 (39)
578 5426 705 5506 Haec
734 5426 791 5483 in
816 5423 927 5506 Alt.
946 5427 1283 5506 inscribitur,
1307 5429 1620 5506 non,To§6q.
1646 5430 1945 5506 “edn-59-

365 5496 769 5574 ϐαστρατιώτη
796 5536 814 5563 ,
841 5496 1071 5574 ,γητος
1088 5498 1282 5574 ῃιὲιίιξ.⁸
1308 5500 1462 5574 vers.
1509 5501 1544 5555 5
1589 5496 1694 5574 pro
1721 5496 1945 5574 Δδιάγείν

365 5516 438 5573 οᾳ
459 5516 767 5623 στρατιωτῃ
796 5536 814 5563 ,
875 5516 1061 5552 Iller
1091 5516 1266 5551 ηιιιιιι.
1316 5516 1462 5555 vers.
1509 5516 1544 5555 ο
1583 5517 1689 5623 gro
1735 5516 1945 5574 διάγειν

364 5572 525 5650 ἑνᾼπό
559 5587 615 5650 ει
635 5572 808 5650 codd;
841 5565 966 5650 γει.
1012 5567 1117 5622 649
1143 5580 1198 5622 et
1221 5568 1331 5650 Alt.
1362 5569 1565 5650 legunt_
1618 5571 1817 5627 ιαθέειν
1843 5576 1945 5650 τὴν

364 5640 543 5695 πόλιν.
579 5639 731 5695 Vers.
775 5636 811 5693 5
858 5638 1105 5693 lacunam
1153 5636 1750 5695 asterisco—iudicatam
1781 5636 1940 5700 codd.

363 5710 695 5766 Barbarinus
725 5721 781 5763 et
825 5710 934 5763 Alt.
987 5709 1207 5777 explent
1240 5710 1485 5765 addendo
1515 5710 1637 5766 καί.
1680 5710 1831 5769 Vers.
1863 5715 1945 5768 ul-

363 5783 498 5854 timo
515 5780 670 5854 codd.
705 5779 830 5854 γει.
867 5778 971 5854 649
994 5789 1048 5832 et
1076 5779 1185 5835 Alt.
1211 5796 1318 5838 non
1346 5780 1485 5838 male
1523 5782 1685 5847 πόνος
1715 5797 1813 5854 pro
1840 5784 1942 5839 πό-

360 5850 525 5924 λεμος
550 5852 901 5909 substituunt.
933 5849 1147 5905 Possm.
1262 5921 1269 5929 _

2125 5435 2241 5509 (40)
2269 5434 2544 5491 Lacmam
2579 5439 2799 5509 capient
2826 5439 2987 5493 ambo
3012 5441 3171 5495 iidem
3197 5443 3360 5497 codd.
3390 5442 3554 5501 Barb.
3586 5456 3651 5503 et

2051 5505 2822 5583 Alt.inserendogcqffVersg
2862 5509 2917 5575 8,
2967 5513 3089 5566 cod.
3129 5511 3241 5567 Alt.
3279 5515 3649 5583 μεταϐάλλεις

2050 5578 2222 5647 vertit
2246 5579 2298 5629 in
2338 5577 2749 5647 μεταλλάττεις.
2786 5578 3001 5634 Possm.

2122 5646 2235 5715 (41)
2270 5646 2424 5725 Quod
2465 5650 2531 5725 in_
2561 5650 2731 5725 editis
2764 5660 2868 5714 est,
2920 5650 3150 5725 θεωρῶν
3198 5655 3645 5725 τηλαυγέστατα,

2049 5715 2159 5794 ᾼΙί.
2236 5718 2368 5794 _cod.
2449 5719 2670 5774 exhibet
2732 5720 2986 5794 προορῶν
3039 5715 3449 5794 Ῐτηλαυῇότατα.
3510 5715 3645 5787 Post

2048 5785 2501 5869 ἀνθραξηγενειιε
2557 5785 2839 5869 sequentis
2877 5785 3034 5869 idem
3070 5785 3251 5869 βοά,
3305 5785 3643 5869 astipulante

2050 5857 2229 5914 Vatic.
2265 5857 2392 5924 649,
2431 5857 2646 5930 supplet
2670 5860 2802 5931 γάρ,
2859 5863 3015 5933 Cujus
3052 5857 3304 5922 defectus
3360 5857 3431 5923 ἰή
3471 5869 3647 5925 editis
