3896 6404
186 258 268 326 221
1054 332 1061 339 ,
1100 262 1635 323 EPISTOLARUM
1676 265 1702 324 1

1810 314 1819 326 .
1862 267 1911 326 ῐ.
1964 292 2023 302 -
2058 265 2275 327 EPIST
2315 268 2466 331 LXI.
3294 263 3406 327 229

180 390 275 437 ται,
292 370 443 441 ἀλλ’ἢ
473 370 605 424 κατὰ
624 370 716 425 τοῦ
742 371 1056 442 ηνεύματος
1085 375 1253 444 pom;
1282 375 1483 428 Ἀκουε
1506 376 1702 429 τοίνυν·

1816 378 1869 433 iu
1899 377 2081 433 futuro
2102 380 2205 446 "‘;
2240 398 2259 433 ι
2291 387 2344 434 ει
2372 378 2499 449 quid
2526 391 2704 433 causa
2731 376 2836 442 sit,
2868 377 3239 449 quamobrem,
3272 394 3398 435 cum

185 466 264 526 ὀς
291 463 349 515 ἂν
380 462 516 515 εἴποι
546 463 687 516 κατά
706 464 800 516 τοῦ
838 463 968 517 Υίοῦ
1005 466 1100 518 τοῦ
1138 464 1429 538 ἀνθρώπου
1466 466 1702 537 βλάσφηι

1817 484 1921 524 una
1950 470 2021 524 sit
2048 470 2231 524 divina
2258 469 2518 536 Trinitas,
2546 467 2880 538 blasphemia
2909 468 3170 524 adversus
3203 468 3397 523 Filium

179 570 261 623 μον
286 552 454 621 λόγον.
481 553 536 605 ού
572 553 841 625 κρίνεται,
882 551 1034 609 εἶπεν
1060 558 1089 610 ὁ
1127 556 1352 628 Κύριος·
1388 558 1576 628 ἐπειδὴ
1599 559 1702 621 τοῖς

1817 561 2043 617 minime
2065 561 2351 631 plectatur,
2375 575 2563 615 verum
2590 574 2655 615 ea
2679 559 2815 625 sola,
2840 574 2960 630 qua
2984 558 3243 629 Spiritum
3270 573 3397 614 san-

172 646 356 715 λημῶσι
391 645 483 699 τὸν
514 646 611 716 τῆς
642 646 881 711 διανοίας
917 648 1215 719 ὀφθαλμὸν,
1257 649 1702 720 δυσκατάληπτος

1814 662 1959 707 ctum
2001 652 2239 707 incessit.
2278 652 2415 705 Audi
2463 650 3003 720 igitur:Quicunque
3041 650 3398 705 cantumelio-

170 738 247 791 καὶ
265 735 620 807 δυσθεώρητος
655 739 684 790 ό
708 739 984 809 ἡνωμένος
1015 740 1271 811 άρῤήτως
1296 740 1429 803 Θεὸς
1463 741 1532 810 τῇ
1555 740 1709 792 εὐτε-

166 831 266 901 λείᾳ
329 830 425 899 τῆς
471 831 799 901 φαινομένης
875 832 1096 902 σαρκὸς,
1176 833 1549 904 ἀγνοουμένης
1611 834 1711 905 τῆς

165 923 515 995 κρυπτομένης
563 921 835 993 θεότητος.
891 923 1015 986 Τοῖς
1047 923 1105 975 δὲ
1150 924 1412 993 καθαροῖς
1464 926 1567 995 τὴν
1599 924 1712 978 διά-

163 1034 319 1079 νοιαν,
370 1012 451 1078 οἷς
507 1016 755 1086 ἐπεφάνη
810 1017 843 1086 ἠ
898 1014 1244 1085 σαρκωθεῶα
1297 1015 1525 1087 θεότης,
1589 1016 1710 1069 οὐδὲ

162 1108 359 1162 ἀπιστία
392 1109 526 1171 ὅλως
563 1108 877 1176 ἐγγέγονεν,
915 1108 1037 1161 οὐδὲ
1072 1111 1106 1180 ἡ
1139 1109 1239 1177 τῆς
1282 1108 1519 1179 κρίσεως
1551 1109 1711 1177 ἠπεί-

1812 756 1930 795 sum
1966 743 2187 797 verbum
2220 742 2479 795 adversus
2513 738 2707 795 Filium
2742 741 2975 795 hominis
3008 739 3241 805 dixerit,
3278 754 3385 795 non

1805 832 2114 903 judicatur,
2163 834 2337 902 inquit
2393 832 2688 896 Dominus,
2738 832 2994 901 quoniam
3044 832 3117 894 ii,
3162 845 3394 900 quorum

1814 926 2011 980 mentis
2039 925 2179 981 oculi
2211 925 2461 995 lippiunt,
2490 923 2655 978 Deum
2683 939 2882 978 arcano
2908 934 3071 992 atque
3099 922 3246 977 omni
3276 937 3393 977 ser-

1813 1032 1971 1073 nioue
2012 1018 2368 1088 praestantiori
2415 1017 2575 1071 modo
2618 1032 2739 1070 cum
2782 1015 3009 1070 visibilis
3052 1016 3235 1071 carnis
3274 1016 3394 1071 vili-

1813 1119 1923 1163 tate
1950 1109 2157 1162 unitum
2186 1124 2328 1178 aegre
2358 1108 2634 1176 percipere
2664 1116 2716 1161 et
2746 1108 3099 1177 contemplari
3132 1116 3390 1175 possunt,

160 1203 293 1271 ληται
317 1200 688 1263 άνταπόδοσις.
740 1201 804 1253 Ἥ
846 1200 903 1253 δὲ
944 1200 1086 1255 κατὰ
1127 1201 1221 1253 τοῦ
1261 1194 1580 1270 Πνεύματος
1610 1200 1708 1253 τοῦ

161 1292 292 1357 ἁγίου
331 1289 650 1360 βλασφημία
692 1289 785 1343 διὰ
820 1290 977 1343 τοῦτο
1018 1290 1255 1361 ὑπάρχει
1297 1291 1707 1360 άσύγγνωστος,

160 1380 317 1452 ἐπειδὴ
365 1382 504 1435 αὐτά
554 1382 625 1435 τά
670 1382 806 1453 ἔργα
858 1382 1159 1451 φαινόμενα
1182 1421 1196 1443 ,
1244 1380 1567 1451 ἀγνώμονας
1613 1381 1709 1434 καὶ

149 1459 448 1544 ’ἀχαρίστους
489 1474 704 1544 ἐλέγχει
746 1476 871 1538 τοὺς
921 1472 1399 1545 βλασφημοῦντας.
1442 1472 1563 1525 Τῶν
1597 1473 1707 1544 γάρ

161 1567 316 1619 παθῶν
347 1568 789 1637 ἑκκοπτομὲνων,
821 1568 915 1621 καὶ
952 1567 1060 1621 τῶν
1106 1567 1378 1637 δαιμόνων
1409 1565 1708 1636 ἐλαυνομέ-

161 1677 244 1711 νων
270 1661 322 1711 ὲν
346 1661 411 1730 τῇ
446 1660 680 1731 δυνάμει
719 1660 821 1729 τῆς
859 1659 1131 1729 θεότητος,
1180 1662 1238 1712 ὲν
1265 1658 1345 1729 τῷ
1376 1657 1707 1722 Βεελζεϐοὐλ

1811 1202 1953 1270 quod
1978 1200 2228 1255 videlicet
2252 1200 2568 1255 abscondita
2594 1199 2849 1253 divinitas
2880 1198 3178 1268 ignoretur.
3204 1197 3389 1252 llotui-

1811 1294 1971 1349 nibus
2002 1302 2183 1348 autem
2217 1293 2382 1347 animi
2417 1293 2655 1361 puritate
2687 1288 2951 1358 praeditis,
2984 1288 3177 1359 quibus
3212 1288 3389 1343 incar-

1812 1394 1937 1440 nata
1965 1385 2220 1438 divinitas
2249 1384 2526 1453 apparuit,
2558 1398 2657 1436 nec
2684 1382 2976 1436 iuiidelitas
3002 1381 3184 1435 animo
3212 1381 3387 1447 inest,

1812 1491 1911 1529 nec
1953 1474 2135 1543 iudicii
2183 1472 2313 1525 ultio
2354 1470 2728 1525 denuntiatur.
2776 1469 2845 1521 At
2887 1484 3016 1522 vero
3060 1467 3386 1523 contumelia

1810 1569 2075 1618 adversus
2114 1562 2375 1632 Spiritum
2417 1571 2663 1614 sanctum
2708 1560 2951 1628 conjecta
2994 1558 3198 1612 idcirco
3231 1557 3385 1611 venia

1810 1664 1994 1719 caret,
2029 1653 2284 1724 quoniam
2320 1653 2434 1721 ipsa
2468 1666 2632 1721 opera
2665 1650 2718 1705 in
2752 1650 2922 1704 oculis
2952 1658 3005 1703 et
3037 1658 3254 1719 aspectu
3287 1662 3387 1717 po—

161 1750 324 1813 ταύτας
344 1750 603 1820 γίνεσθαι,
631 1750 732 1813 τὰς
768 1750 1095 1821 θεοσημείας
1134 1750 1185 1803 oi
1229 1750 1531 1818 γογγυσταὶ
1577 1750 1702 1802 ’1ου-

1810 1748 1913 1801 sita
1944 1762 2038 1801 eos
2085 1746 2175 1814 qui
2212 1743 2593 1800 contumeliam
2646 1742 2883 1797 inferunt
2951 1740 3299 1811 malignitatis
3329 1749 3387 1796 et

160 1843 271 1894 δαίοι
306 1841 777 1911 ἑσυκοφάντησαν.
830 1842 1045 1911 Ταύτην
1084 1838 1176 1896 οὖν
1212 1842 1313 1911 τὴν
1352 1840 1701 1911 βλασφημίαν

1810 1836 2214 1908 ingratitudinis
2248 1837 2595 1891 convincunt.
2628 1833 2761 1888 Nam
2797 1850 2918 1888 cum
2950 1834 3144 1888 divinae
3179 1843 3387 1888 natura

161 1934 238 2002 τὴν
259 1932 384 1985 κατὰ
413 1932 514 2001 τῆς
538 1932 692 1994 Θείας
716 1933 926 2003 τρανῶς
953 1928 1118 1985 οὖσαν
1141 1932 1347 1996 οὐσίας,
1375 1929 1701 2003 ἀσυγχώρη-

1810 1930 2044 2001 potentia
2074 1928 2243 1983 morbi
2264 1928 2729 1991 exscindereutur,
2750 1942 2814 1981 ac
2838 1928 3105 1981 daemones
3127 1926 3387 1995 pelleren-

162 2040 231 2075 τον
255 2018 378 2075 εἶναι
408 2024 437 2074 ὁ
458 2022 670 2093 Κύριος
698 2024 1029 2095 ἀπεφήνατο.

1812 2031 1919 2086 tur,
1962 2022 2076 2076 baac
2112 2020 2290 2076 divina
2330 2020 2480 2089 signa
2526 2021 2578 2073 in
2625 2019 2922 2073 Beelzebub
2962 2018 3046 2073 edi
3084 2016 3254 2072 Judaei
3290 2032 3386 2087 per

163 2117 437 2170 calumniam
460 2116 829 2171 allirmabant.
848 2119 1111 2185 Quocirca
1137 2120 1395 2175 Dominus
1418 2120 1557 2175 hanc
1615 2116 2022 2184 contumeliam,
2052 2132 2174 2188 qua:
2245 2117 2485 2172 divinam
2556 2116 2848 2170 essentiam
2901 2114 3183 2185 perspicue
3214 2114 3383 2186 impe-

164 2211 295 2273 tebat,
322 2210 492 2266 omnis
520 2212 697 2266 venite
722 2223 1000 2281 expertem
1031 2229 1151 2267 esse
1182 2215 1572 2284 pronuntiavit.

651 2304 728 2359 ευ.
752 2336 824 2346 -
854 2308 941 2378 τι)
966 2309 1169 2379 Mm.

717 2401 823 2464 Εὶς
846 2399 909 2452 τὸ
933 2401 1098 2455 αὐτό.

213 2507 316 2560 Ὀτι
345 2506 437 2576 μὲν
468 2507 615 2579 ἔφης
636 2506 772 2579 (58),
808 2509 950 2562 κατὰ
988 2510 1082 2563 τοῦ
1119 2511 1276 2580 ἁγίου
1318 2511 1634 2583 Πνεύματος
1666 2513 1700 2584 ἠ

2366 2306 2474 2362 LX.
2504 2339 2574 2350 —
2606 2306 2835 2365 EIDEM.

2463 2399 2533 2455 In
2568 2402 2725 2456 idem.

1880 2517 2031 2585 Quod
2075 2519 2316 2587 quaedam
2361 2516 2412 2570 in
2456 2516 2716 2585 Spiritum
2762 2524 3008 2569 sanctum
3052 2512 3385 2584 blasphemia

164 2598 450 2668 βλασφημία,
484 2600 655 2670 δῆλον
687 2601 746 2665 ἐξ
781 2601 950 2671 αὐτῆς
999 2602 1097 2671 τῆς
1130 2601 1223 2654 τοῦ
1267 2603 1471 2672 Κυρίου
1515 2605 1700 2674 φωνῆς

1810 2614 1872 2667 sil
1893 2654 1907 2676 ,
1943 2614 2151 2682 inquis,
2178 2626 2245 2665 ex
2278 2610 2389 2679 ipsa
2424 2609 2635 2663 Domini
2665 2622 2794 2663 voce
2821 2616 3067 2673 constat,
3096 2607 3180 2661 bis
3205 2606 3385 2663 verbis

162 2688 398 2761 λεγούσης,
428 2709 447 2743 t
477 2692 582 2754 Ὃς
632 2692 696 2744 ἂν
741 2692 884 2745 εἴποι
919 2692 1061 2746 κατά
1096 2693 1189 2746 τοῦ
1234 2695 1549 2764 Πνεύματος
1587 2696 1682 2749 τοῦ

1810 2704 2004 2757 utentis
2032 2719 2085 2755 ει
2111 2701 2167 2754 Si
2198 2701 2321 2771 quis
2337 2700 2709 2768 blaspbemum
2736 2698 2958 2753 verbum
2984 2698 3241 2752 adversus
3258 2696 3385 2768 Spi-

165 2785 302 2849 ἁγίου,
322 2785 413 2838 οὐκ
438 2783 786 2855 ἀφεθήσεται
824 2785 990 2855 αὐτῷ.
1032 2804 1051 2837 ι
1098 2787 1208 2839 Καὶ
1237 2788 1318 2839 ὅτι
1360 2789 1393 2858 ἠ
1426 2789 1565 2842 κατά
1598 2789 1691 2843 τοῦ

1810 2795 1962 2847 ritum
1998 2802 2246 2848 sanctum
2283 2792 2507 2854 dixerit,
2549 2806 2652 2844 non
2690 2790 2997 2844 remittetur
3029 2789 3080 2845 ei
3109 2827 3121 2844 .
3153 2808 3173 2842 ι
3206 2792 3387 2857 Atque

162 2874 422 2945 Πνεύματος
443 2876 539 2928 τοῦ
570 2876 731 2942 ἁγίου
757 2877 1051 2929 ἐκδικεῖται
1074 2879 1107 2947 ἡ
1137 2877 1477 2950 βλασφημία,
1504 2882 1694 2948 σαφές.

1810 2886 1928 2939 illud
1985 2885 2111 2938 item
2160 2884 2503 2953 perspicuum
2549 2891 2663 2945 est,
2714 2881 3107 2951 blasphemiam
3158 2879 3383 2949 Spiritui

164 2969 255 3019 Ὀτι
277 2969 326 3021 δὲ
351 2970 442 3038 τῆς
474 2967 635 3033 θείας
668 2969 784 3020 ἐστὶ
822 2967 883 3020 τὸ
928 2968 1151 3039 Πνεῦμα
1183 2970 1245 3023 τὺ
1289 2972 1443 3040 ἆγιον
1485 2972 1696 3040 οὐσίας,

1810 2986 1993 3032 sancto
2032 2975 2236 3028 illatam
2276 2972 2561 3027 vindicari.
2602 2971 2707 3042 19
2743 2972 2895 3037 Quod
2934 2982 3114 3025 autem
3150 2969 3387 3039 Spiritus

160 3056 280 3111 τοῦτο
305 3060 359 3112 σὺ
381 3060 600 3131 ᾔτησας
632 3061 924 3131 Γραφικῶς
956 3060 1324 3132 τρανωθῆναι.
1361 3062 1581 3127 Ἔξεστί
1617 3082 1699 3117 σοι

1810 3075 2025 3122 Sanctus
2056 3064 2252 3119 divina:
2286 3076 2490 3119 natura:
2521 3063 2610 3126 sit,
2645 3073 2702 3116 ut
2733 3061 2823 3116 tibi
2858 3061 3105 3115 dilucidis
3135 3070 3189 3115 et
3219 3076 3383 3129 aper-

160 3152 418 3220 ἁγχινοίντι
445 3156 539 3208 καὶ
592 3153 787 3223 μικρὸν
820 3153 1136 3224 προελθόντι
1178 3157 1242 3207 ὲκ
1285 3155 1396 3207 τῶν
1440 3157 1498 3209 ἐν
1541 3156 1697 3227 χερσὶ

1810 3159 1872 3212 tis
1906 3156 2201 3226 Scriptura!
2234 3154 2559 3209 testimoniis
2591 3151 2919 3215 declaretur,
2952 3150 3255 3221 postulasti.
3286 3150 3383 3205 At-

160 3240 229 3293 τοῦ
259 3244 439 3316 Κυρίου
476 3244 681 3314 φωνῶν
721 3246 811 3296 καὶ
852 3246 951 3314 τὴν
980 3243 1133 3296 λύσιν
1164 3247 1364 3315 εὑρεῖν.
1413 3265 1430 3298 ι
1476 3248 1538 3301 Ei
1563 3247 1697 3317 ἐγὼ,

1810 3245 1895 3318 qui
1930 3245 2056 3311 tibi,
2087 3244 2133 3300 si
2165 3245 2363 3315 ingenii
2394 3242 2669 3298 solertiam
2702 3242 2993 3305 adhibeas,
3025 3252 3190 3309 atque
3218 3255 3285 3294 ex
3316 3253 3387 3294 eo

160 3338 302 3402 ςησὶν,
332 3339 383 3388 ἐν
568 3336 905 3401 Βεελζεϐσύλ
946 3336 1195 3391 ἐκϐάλλω
1230 3339 1299 3391 τὰ
1334 3339 1608 3411 δαιμόνια,
1646 3342 1697 3394 οι

1810 3339 1940 3405 loco,
1976 3351 2137 3409 quem
2179 3335 2429 3390 manibus
2470 3344 2643 3400 tenes,
2685 3333 2958 3401 aliquanto
3000 3332 3213 3398 longius
3254 3346 3383 3400 pro-

161 3427 238 3477 υίοὶ
273 3427 410 3497 ὑμῶν
460 3430 520 3481 ἐν
566 3429 682 3481 ’τίνι
737 3429 1131 3498 ὲκϐάλλουσιν;
1163 3450 1183 3483 ι
1220 3432 1283 3484 Εἰ
1327 3432 1384 3487 δὲ
1428 3433 1700 3503 πνεύματι

1810 3444 2017 3499 gressus
2061 3426 2259 3491 fueris,
2300 3442 2369 3481 ex
2412 3427 2622 3481 Domini
2666 3426 2883 3481 vocibus
2925 3424 3240 3493 quaestionis
3283 3424 3386 3477 ltu-

162 3518 261 3572 Θεοῦ
287 3522 519 3575 ἐκϐάλλω
545 3521 752 3584 ταῦτα,
778 3523 889 3594 ἄρα
916 3522 1152 3593 ἔφθασεν
1180 3525 1268 3593 ἐφ’
1298 3525 1442 3594 ὑμᾶς
1471 3526 1505 3595 ή
1536 3524 1699 3594 βασι-

162 3609 250 3662 λεία
270 3612 350 3665 τοῦ
381 3613 539 3668 Θεοῦ.
587 3614 684 3667 Ἐν
724 3613 803 3683 τῷ
841 3613 1013 3685 ἑτέρῳ
1071 3615 1405 3686 σαφέστερον
1456 3614 1695 3686 εἰρηκὼς

164 3703 523 3777 ιῦιγγελιστὴς,
554 3725 573 3757 ι
602 3707 671 3759 Εἰ
698 3705 755 3757 δὲ
781 3705 893 3774 ὲγὼ
923 3708 983 3758 έν
1008 3706 1258 3776 δακτύλῳ
1287 3705 1422 3759 Θεοῦ
1450 3706 1700 3760 ἐκϐάλλω

162 3794 211 3842 τὰ
233 3793 476 3864 δαιμόνια.
515 3814 535 3847 ι
572 3795 853 3848 Δάκτυλον
883 3796 1043 3862 Θεοῦ,
1075 3796 1138 3848 τὸ
1176 3794 1399 3865 Πνεῦμα
1427 3796 1604 3864 λέγων
1637 3796 1699 3848 τὸ

164 3880 294 3948 ἄτιον.
342 3886 617 3948 Δάκτυλος
669 3884 744 3949 δὲ,
795 3884 871 3947 ὡς
917 3886 975 3937 ὲν
1034 3884 1395 3955 ὑποδείγματι
1444 3883 1524 3954 τῷ
1575 3883 1698 3937 καθ’

1796 3520 1949 3589 jusce
1982 3519 2304 3575 solutionem
2339 3518 2579 3574 nancisci
2615 3519 2762 3574 licet.
2801 3536 2820 3569 ι
2868 3516 2924 3573 Si
2958 3519 3103 3572 enim
3139 3532 3260 3586 ego,
3297 3519 3383 3571 in-

1801 3612 1939 3678 quit,
1966 3610 2016 3664 in
2050 3609 2347 3664 Beelzebub
2375 3610 2534 3677 ejicio
2563 3609 2848 3675 daemonia,
2880 3609 2970 3661 lilii
3000 3608 3163 3662 vestri
3195 3608 3247 3661 in
3277 3621 3387 3677 quo

1802 3701 2060 3771 ejiciunt?
2091 3700 2147 3753 Si
2178 3709 2361 3754 autem
2391 3701 2443 3754 in
2472 3700 2679 3769 Spiritu
2711 3700 2804 3753 Dei
2829 3715 2895 3753 ea
2922 3699 3110 3768 ejicio,
3140 3698 3387 3767 profecto

1810 3795 2054 3862 pervenit
2083 3794 2135 3848 in
2168 3810 2263 3849 vos
2301 3808 2523 3865 regnum
2559 3792 2646 3847 Dei
2676 3792 2741 3845 ⁸⁸.
2777 3810 2797 3843 ι
2837 3791 3004 3845 Porro
3052 3790 3191 3861 apud
3245 3791 3385 3845 alte-

1804 3898 1919 3937 rmn
1957 3884 2341 3955 evangelistam
2378 3883 2617 3954 apertius
2648 3883 2721 3937 ita
2751 3882 2982 3937 habetur
3014 3901 3028 3936 :
3062 3901 3080 3934 t
3116 3883 3173 3936 Si
3203 3898 3303 3952 ego
3331 3883 3383 3937 in

1803 3973 1969 4041 digito
2000 3972 2089 4026 Dei
2123 3973 2278 4040 ejicio
2308 3973 2570 4026 daemonia
2598 3972 2665 4025 ⁶⁸.
2702 3991 2721 4024 ι
2754 3972 2872 4039 Quo
2904 3972 3021 4026 loco
3050 3986 3145 4041 per
3174 3970 3266 4025 Dei
3294 3972 3380 4025 di-

1803 4067 1971 4135 gitum
2001 4064 2238 4133 Spiritus
2268 4071 2489 4119 sanctus
2520 4064 2857 4131 intelligitur.
2884 4064 3043 4131 Atqui
3072 4063 3293 4133 digitus,
3327 4074 3386 4120 ut

1803 4173 1831 4209 a
1865 4156 2019 4209 nobis
2048 4155 2350 4224 exemplum
2382 4170 2611 4218 sumam,
2641 4170 2706 4209 ex
2739 4156 2981 4222 corporis
3009 4155 3246 4209 essentia
3274 4166 3380 4213 est.

1803 4247 2162 4313 Quamobrem
2194 4262 2223 4300 a
2256 4246 2437 4301 diviua
2471 4246 2706 4300 essentia
2747 4246 3166 4315 inseparabilem
3198 4256 3253 4301 et
3284 4262 3385 4302 co-

1804 4349 2017 4410 gnatam
2064 4338 2298 4407 Spiritus
2344 4338 2517 4393 sancti
2564 4353 2851 4407 personant
2896 4353 3048 4403 esse,
3088 4353 3186 4409 per
3229 4339 3379 4410 digiti

1807 4429 2122 4485 vocabulum
2154 4428 2472 4484 declaravit.

2317 4540 2455 4596 LXI.
2490 4571 2559 4582 —
2591 4540 2864 4597 ZOSIMO.

1799 4633 1880 4686 Ad
1914 4632 2184 4688 Zosimum
2217 4634 2476 4704 quasdam
2506 4634 2752 4702 epistolas
2790 4632 2848 4689 S.
2876 4632 3072 4689 Basilii
3108 4636 3381 4705 ferentem.

164 3974 289 4041 ἡμᾶς,
330 3978 422 4047 τῆς
484 3977 684 4039 οὐσίας
742 3978 859 4029 ἐστὶ
894 3976 990 4029 τοῦ
1038 3974 1310 4046 σώματος.
1356 3976 1468 4047 Τὴν
1519 3976 1699 4029 τοίνυν

164 4064 412 4136 ἀχώριστον
436 4069 533 4121 καὶ
567 4068 812 4137 συγγενῆ
834 4067 937 4137 τῆς
977 4067 1127 4131 θείας
1159 4067 1347 4131 οὐσίας
1388 4067 1483 4120 τοῦ
1534 4066 1699 4120 Πνεύ-

167 4174 293 4224 ματος
314 4159 401 4213 τοῦ
451 4161 616 4227 ἁγίου
647 4161 970 4227 ὑπόστασιν,
1019 4160 1099 4231 τῷ
1137 4158 1231 4213 τοῦ
1275 4160 1539 4213 δακτύλου
1583 4161 1700 4214 ὀνό-

166 4265 262 4316 μτι
291 4252 620 4324 ὲφανέρωσε.

802 4569 873 4581 -
892 4540 1161 4611 ΖΩΣΙΜῼ.

162 4624 282 4693 Πρὸς
321 4628 593 4698 Ζὼσιμοι»⁸
636 4628 883 4701 χρῆσις,
942 4630 1110 4701 τινὰς
1148 4630 1257 4685 τοῦ
1300 4630 1474 4701 ἁγίου
1518 4635 1699 4685 Βασι-

480 4702 661 4753 λείου
681 4700 1009 4766 ἐπιστολὰς
1034 4700 1313 4770 φέροντα.

220 4810 393 4878 Ἡδέως
424 4814 492 4869 ἆν
510 4815 759 4887 ἐροίμην
790 4832 851 4869 σε
878 4815 1173 4885 Γραφικιῖκ
1198 4816 1313 4889 (59)
1341 4816 1434 4871 τὸν
1462 4816 1697 4870 Αἰθίοπα

1870 4814 2124 4872 Libenter
2159 4832 2227 4872 cx
2268 4824 2350 4883 te,
2395 4815 2485 4887 qui
2540 4813 2790 4887 Ethiops
2841 4816 3023 4872 animo
3081 4830 3185 4883 es,
3230 4814 3384 4872 Scri-

210 4968 457 5031 “'Iatth.
504 4989 612 5042 xtl,
649 4973 738 5029 52.
840 4972 1066 5044 “ibid,
1092 4973 1183 5030 27.
1283 4973 1329 5007 ⁸⁸
1350 4972 1483 5030 Luc.
1516 4990 1594 5040 XI,
1622 4974 1708 5029 10.

1213 5113 1451 5176 VARIA'}
1487 5115 1870 5174 LECTIONES
1908 5116 1998 5172 ET
2037 5115 2273 5173 NOTAE.

216 5266 309 5339 (58)
361 5273 515 5329 Vers.
568 5274 636 5338 1,
686 5289 795 5328 non
856 5272 993 5344 ἔφης
1044 5272 1141 5344 sed
1197 5272 1319 5344 ἔφη
1357 5276 1518 5344 habet
1569 5274 1693 5328 cod.

216 5291 309 5339 too;
370 5291 515 5329 vers.
568 5291 636 5338 ι,
686 5291 795 5328 non
856 5291 993 5344 εφης
1044 5291 1141 5327 seu
1197 5291 1263 5342 εφ
1358 5291 1518 5328 naue:
1569 5291 1693 5328 cou.

167 5336 343 5421 All.,_et
372 5344 596 5421 ve_rs._3
627 5360 729 5421 non
769 5344 938 5421 εἴποι-
959 5344 1053 5399 sed
1074 5291 1435 5421 ἐἴπῃ-’λεῖα
1476 5343 1510 5398 5
1554 5344 1696 5421 idem

165 5413 330 5485 omittit
350 5414 636 5485 articulum
663 5416 698 5485 η
728 5429 868 5485 vers.
908 5414 964 5485 7_,
998 5416 1086 5485 qui
1120 5413 1441 5485 est'duobus
1472 5429 1591 5483 pag.
1628 5413 1696 5469 l9

164 5480 502 5564 ffa‘cfﬂcodd.
685 5480 892 5564 ἐι-γει.
918 5482 1024 5538 646
1050 5485 1230 5564 legunt
1281 5485 1400 5564 σοίι
1424 5480 1697 5564 lidemque

167 5558 257 5610 post
285 5549 447 5617 ἔξεστι
502 5553 710 5607 addunt
736 5553 833 5620 se;
864 5570 986 5608 mox
1020 5549 1138 5625 pro,
1182 5553 1491 5623 omnium
1516 5549 1695 5622 legunt

168 5618 294 5671 ambo
338 5622 723 5692 ἁγχινοώτατε,
775 5635 829 5677 et
853 5625 996 5692 quod
1030 5626 1213 5679 statim
1254 5630 1306 5677 in
1337 5625 1500 5679 editis
1531 5626 1687 5692 puni-

170 5638 294 5671 num
338 5638 723 5692 αγχινοωτατε,
775 5638 829 5677 et
853 5638 996 5695 quou
1030 5638 1213 5679 Statim
1254 5641 1306 5677 Ill
1337 5638 1500 5679 cuius
1531 5638 1687 5693 pum-

170 5692 253 5751 ιυι
294 5692 399 5760 καὶ,
457 5693 568 5747 Alt.
623 5694 841 5751 omittit.
902 5695 976 5751 uti
1017 5705 1071 5751 et
1118 5695 1346 5753 alterum
1404 5695 1498 5749 λαὶ
1549 5710 1689 5751 vers.

1805 5272 2052 5394 urguenti
2096 5278 2219 5341 post
2240 5286 2436 5327 nomen
2490 5273 2718 5357 φωνῶν..
2757 5271 2913 5330 Vers.
2965 5276 3250 5356 undecimo
3282 5290 3382 5345 pro

1800 5345 1863 5415 ὲκ
1902 5341 2150 5415 αλλουσιν
2192 5342 2578 5415 εού.ν³ί.ι6ι19
2620 5344 2746 5415 legtt
2765 5345 3102 5399 ὲκϐαλουσιν.
3134 5344 3285 5403 Vers.
3313 5346 3381 5402 14

1802 5414 1943 5467 idem
1997 5414 2157 5485 habet
2204 5414 2563 5485 εὐαγγελιστῇ
2608 5414 2892 5485 ἱιιηυοτιο
2937 5431 3106 5484 casu,
3159 5432 3266 5472 non
3323 5417 3379 5473 in

1802 5492 1950 5536 recto
1988 5492 2046 5534 ut
2077 5483 2241 5539 edita.
2270 5482 2479 5538 Possiu.

1869 5550 1983 5624 (59)
2013 5551 2165 5624 vers.
2200 5553 2226 5607 1
2259 5553 2673 5624 βτοᾼγραφικῶς
2711 5554 2869 5610 codd.
2899 5555 3009 5610 Alt.
3029 5565 3084 5611 et
3114 5555 3239 5613 Vat.
3272 5556 3377 5612 649

1798 5622 2000 5697 habent
2071 5622 2441 5697 ὲγγρᾳφικῷςς
2522 5624 2770 5697 Vers.__5
2832 5625 2946 5697 illa.
3016 5627 3377 5697 μνημονεύεις

1798 5691 1980 5760 τινῶν,
2009 5700 2137 5759 etc.,
2183 5691 2260 5750 Sic
2294 5695 2511 5749 exhibet
2533 5694 2651 5750 cod.
2680 5694 2802 5751 Vat.
2840 5694 2965 5762 619,
2996 5691 3376 5769 μντηλλονεύεις,
