3896 6404
517 383 621 449 εει

773 496 985 555 LXVII.
1010 527 1081 540 --
1113 493 1468 552 ΤΙΜΟΤΗΕΟ
1523 491 1846 548 LECTORI.

972 588 1040 643 In
1072 588 1284 644 Domini
1313 588 1650 658 baptismum.

590 706 763 763 Valde
794 706 925 761 mihi
950 704 1158 761 videris
1184 704 1414 759 Domino
1447 704 1827 772 obtemperare
1854 699 2013 768 velle,
2044 714 2110 755 ac

516 800 834 868 Scriptores
869 796 1099 851 scrutari
1130 795 1201 850 ".
1251 794 1436 862 ltaque
1482 794 1549 847 ad
1602 807 1686 853 ea,
1740 806 1859 860 qua:
1897 806 1965 845 ex
2022 806 2109 845 nte

520 886 840 958 quasivisti,
890 884 1219 954 respondere
1267 897 1493 937 necesse
1524 890 1631 937 est.
1667 880 1797 935 «llic
1828 890 1912 935 est
1940 879 2109 935 Filius

522 991 674 1032 meus
698 976 923 1029 dilectus
940 974 1061 1038 ”⁶,ι
1092 972 1234 1025 Deus
1260 986 1322 1025 ac
1340 971 1502 1026 Pater
1524 986 1554 1024 e
1581 970 1733 1024 caelis
1757 970 1863 1022 alta
1888 983 2021 1022 voce
2042 969 2109 1022 de

521 1069 657 1124 Filio
675 1076 901 1123 testatus
916 1076 1019 1131 est,
1037 1074 1094 1119 ut
1117 1066 1479 1134 etgenuinum
1507 1078 1571 1116 ac
1590 1062 1886 1115 naturalem
1912 1060 2107 1115 Filium

496 1177 646 1217 .esse
670 1161 1006 1222 ostenderet,
1034 1157 1099 1211 de
1137 1172 1245 1227 quo
1275 1156 1645 1218 dubitabatur,
1688 1170 1814 1207 num
1842 1155 1983 1207 inter
2015 1167 2109 1207 eos

518 1252 617 1323 qui
645 1266 741 1320 per
770 1249 1112 1319 adoptionem
1158 1262 1223 1300 ac
1277 1246 1595 1316 dignitatem
1624 1243 1716 1297 ﬁlii
1749 1244 2107 1313 appellantur,

525 1342 892 1398 numerandus
916 1348 1095 1395 esset:
1128 1348 1182 1394 et
1213 1338 1448 1392 divinam
1475 1347 1639 1406 atque
1665 1335 2000 1389 adorandam
2024 1336 2110 1389 di-

534 1434 783 1488 vinitatis
804 1432 1126 1486 Trinitatem
1159 1432 1488 1495 declararet,
1520 1431 1570 1483 in
1595 1430 1830 1499 propriis
1862 1430 2111 1499 personis

532 1526 976 1594 agnoscettdam;
1023 1533 1079 1577 et
1143 1523 1378 1591 denique
1444 1521 1699 1575 Montano
1752 1537 1817 1575 ac
1872 1521 2112 1576 Sabellio

532 1633 844 1686 perversam
891 1614 1595 1684 impietatemocclnderet.
1623 1612 1759 1668 Nam
1795 1629 1916 1668 cum
1943 1614 2113 1669 Filius

527 1712 921 1779 baptizaretur,
968 1707 1130 1761 Pater
1173 1710 1542 1763 testimonium
1595 1707 1752 1773 dixit,
1781 1717 1836 1761 et
1878 1708 2113 1776 Spiritus

1692 374 1756 435 S.
1794 373 2095 436 ISIDORI
2132 372 2579 435 PELUSIOTJE

2134 499 2183 554 Α

3686 380 3781 445 228

2491 493 2611 549 ΞΖ’.
2635 520 2706 534 -—
2736 489 3044 562 ΤΙΜΟΘΕῼ
3080 489 3517 564 ΑΝΑΓΝΩΣΤῌ.

2520 588 2626 651 Εις
2661 585 2729 639 τὸ
2758 584 3081 654 βάπτισμα
3111 585 3220 639 τοῦ
3249 586 3493 654 Κυρίου.

2286 700 2508 763 Ἐοικάς
2548 718 2637 771 μοι
2668 697 2855 770 [πάνυ]
2892 696 3180 767 βούλεσθαι
3214 696 3328 768 (66)
3360 696 3438 767 τῷ
3468 696 3652 768 Κυρίῳ
3680 700 3783 752 πεῖ-

2208 793 2534 860 θεσθτιιιρια.)⁸
2559 792 2657 854 τὰς
2692 792 2733 843 Γ
2740 791 2918 862 ραφὰς
2950 791 3195 860 ὲρευνᾷν.
3232 788 3470 859 Ἀνάγκη
3503 788 3675 842 τοίνυν
3703 792 3782 843 καὶ

2211 885 2610 958 ἀποκρίνεσθαι
2646 882 2785 953 πρὸς
2819 881 2917 945 τὰς
2944 880 3167 944 πεύσεις
3209 897 3323 934 σου.
3350 898 3367 931 ι
3399 873 3569 948 Οὗτός
3602 882 3783 933 ἐστινὸ

2212 978 2339 1039 Υίός
2370 993 2470 1046 μου
2497 976 2525 1027 ὁ
2546 971 2850 1042 ἀγαπητὸς,
2879 992 2897 1023 ι
2924 972 2952 1023 ὁ
2976 970 3109 1033 Θεὸς
3138 971 3233 1023 καὶ
3262 971 3451 1041 Πατὴρ
3478 968 3537 1033 ἐξ
3557 969 3781 1038 οὐρανῶν

2213 1065 2594 1136 βαπτιζομένῳ
2620 1062 2699 1135 τῷ
2729 1062 2843 1131 Υίῷ
2864 1061 3185 1132 ἐπεϐόησεν,
3213 1061 3297 1114 ἴνα
3326 1063 3421 1115 καὶ
3447 1061 3541 1113 τὸν
3582 1063 3782 1133 γνήσιον

2209 1157 2361 1229 δείξῃ
2386 1157 2480 1209 καὶ
2521 1154 2756 1225 φυσικὸν
2790 1155 2942 1219 Υίὸν,
2989 1152 3195 1224 μεταξὺ
3223 1155 3330 1205 τῶν
3363 1151 3511 1204 θέσει
3551 1154 3641 1204 καὶ
3670 1152 3784 1224 ἀξίᾳ

2210 1248 2667 1323 χρηματιζόντων
2693 1250 2824 1304 υἱῶν
2855 1246 3358 1318 ἀμφιϐαλλόμενον,
3391 1244 3485 1297 καὶ
3518 1244 3616 1311 τὴν
3645 1244 3783 1297 θείαν

2212 1346 2306 1400 καὶ¹
2334 1344 2716 1416 προσκυνητὴν
2747 1344 2843 1413 τῆς
2878 1342 3133 1410 θεότητος
3164 1337 3369 1409 Τριάδα
3401 1334 3707 1406 φανερώσῃ,
3734 1338 3782 1388 ἐν

2215 1441 2371 1503 ἰδίαις
2410 1438 2743 1492 ὑποστάσεσι
2794 1433 3238 1505 γνωριζομένηνο
3277 1432 3369 1484 καὶ
3402 1429 3665 1498 Μοντανῷ
3699 1428 3783 1481 καὶ

2212 1531 2486 1602 Σαϐελλίῳ
2509 1529 2811 1601 ἀποκλείσῃ
2833 1528 2930 1599 τὴν
2954 1527 3223 1580 κακόνουν
3249 1523 3526 1577 ἀσέϐειαν.
3552 1520 3656 1575 Τοῦ
3684 1521 3780 1592 γὰρ

2213 1624 2345 1677 Υἱοῦ
2393 1622 2793 1693 βαπτιζομένου
2839 1622 2867 1674 ὁ
2917 1620 3109 1688 Πατὴρ
3168 1616 3558 1687 ἐμαρτύρησε,
3602 1615 3692 1667 καὶ
3729 1615 3783 1667 τὸ

2215 1716 2439 1785 Πνεῦμα
2471 1716 2531 1768 τὸ
2557 1715 2711 1782 ἅγιον
2742 1711 3026 1766 καταπτάν
3069 1709 3352 1780 ὁμοούσιον
3382 1705 3564 1780 ἑαυτῷ
3592 1707 3682 1761 καὶ
3714 1705 3782 1777 τῷ

530 1811 759 1857 sanctus
818 1801 1100 1865 devolans,
1139 1815 1284 1862 eum,
1343 1800 1433 1868 qui
1485 1800 1814 1869 tiugebatur,
1868 1798 2108 1866 ejusdem

2223 1807 2391 1878 Πατρὶ
2430 1806 2718 1860 ὑπεδείκνυ
2758 1804 2849 1858 τὸν
2882 1803 3301 1875 βαπτιζόαενον.

525 1905 711 1946 secum
762 1899 816 1944 et
846 1905 968 1944 cum
999 1889 1161 1943 Patre
1192 1889 1509 1943 substantia:
1546 1902 1670 1942 esse
1698 1887 2038 1942 ostendebat.

1012 2003 1242 2059 LXVIII.
1270 2035 1339 2045 —
1368 2003 1598 2059 EIDEH.

2724 2006 2834 2059 Ξιι.
2860 2037 2931 2046 -
2952 2006 3042 2077 τε
3080 2005 3285 2077 arm.

525 2099 596 2156 In
629 2100 765 2155 illua
803 2099 1005 2153 dictum
1042 2102 1108 2153 de
1141 2096 1367 2178 Joanne,
1407 2117 1426 2149 ς
1463 2098 1639 2153 Minor
1685 2114 1802 2153 vero
1848 2115 1902 2152 ιη
1953 2115 2108 2169 regno

2223 2100 2278 2155 Τί
2307 2100 2440 2178 ἐστι
2472 2098 2539 2153 τὸ
2579 2098 2713 2178 περὶ
2750 2098 3022 2178 ’ζωιξννου
3066 2098 3411 2178 εἰρημένοις,
3450 2115 3470 2149 ι
3514 2096 3567 2178 '9
3599 2094 3665 2151 δὲ
3700 2115 3783 2178 tu:

1056 2238 1057 2241 η
1091 2168 1362 2233 citatorum,
1389 2188 1407 2221 ι
1444 2178 1552 2224 etc.

595 2355 753 2416 Haud
780 2364 1087 2427 promptam
1120 2370 1184 2411 ac
1214 2370 1345 2411 cura
1384 2371 1634 2419 vacuam,
1666 2374 1853 2412 verum
1898 2358 2109 2429 ingenti

522 2445 938 2502 examinatione
984 2460 1120 2514 opus
1166 2445 1453 2500 habentem
1487 2447 1665 2512 nobis,
1719 2450 1803 2500 vir
1838 2450 2111 2503 studioso-

527 2555 648 2593 rum
681 2549 738 2593 et
760 2538 964 2593 laboris
992 2539 1291 2593 amantium
1339 2540 1562 2609 optime,
1588 2541 1943 2609 quaestionem
1982 2556 2110 2612 pro-

522 2631 785 2701 posuisti:
822 2648 841 2680 ι
872 2629 973 2696 Qui
1011 2630 1191 2685 minor
1217 2637 1301 2685 est
1333 2630 1384 2684 in
1424 2646 1590 2699 regno
1616 2630 1899 2697 caelorum,
1934 2633 2112 2703 major

526 2733 614 2778 est
639 2722 943 2786 Joanne",
978 2739 997 2774 ι
1042 2722 1095 2776 id
1127 2730 1210 2776 est
1246 2723 1336 2792 qui
1378 2724 1431 2777 in
1478 2725 1595 2793 lege
1622 2724 1893 2793 perfectus
1925 2735 2007 2780 est
2030 2726 2112 2797 (ut

522 2824 646 2870 erat
672 2812 956 2885 Joannes),
979 2814 1203 2869 omnino
1234 2814 1458 2870 inferior
1476 2830 1540 2870 eo
1570 2827 1676 2881 est,
1712 2817 1802 2885 qui
1830 2817 1881 2870 in
1908 2816 2107 2872 Christi

526 2917 759 2961 mortem
794 2906 1099 2976 baptizatus
1128 2916 1232 2962 est.
1268 2906 1379 2962 Hoc
1407 2908 1551 2962 enim
1583 2910 1846 2963 caelorum
1884 2925 2108 2979 regnum

520 3008 631 3065 est,
668 3000 921 3053 nimirum
967 3015 1090 3054 cum
1144 2999 1385 3065 Christo,
1442 2999 1534 3068 qui
1581 3001 1875 3067 spolianda:
1919 3003 2111 3058 mortis

522 3104 689 3145 causa
724 3092 1023 3158 descendit,
1079 3092 1347 3162 sepultum
1406 3105 1550 3155 esse,
1593 3101 1759 3162 atque
1798 3109 1926 3160 una,
1988 3108 2109 3147 cum

2282 2172 2561 2239 πρότερος
2600 2166 2669 2222 ἐκ
2716 2166 2789 2237 τῇ
2820 2169 3117 2236 βασιλείᾳ
3163 2167 3281 2222 τῶν
3316 2168 3610 2236 οὐρανῶν,
3640 2186 3658 2221 ι
3692 2166 3781 2221 καὶ

2280 2242 2356 2295 τὰ
2391 2240 2559 2307 ἑξῆς.

2282 2357 2397 2411 Ούκ
2439 2356 2770 2429 ἀμέριμνον,
2801 2355 2939 2410 ἀλλά
2966 2355 3061 2411 καὶ
3092 2355 3299 2427 σφόδρα
3341 2354 3579 2425 βασάνου
3612 2353 3782 2425 δεόμε-

2212 2467 2322 2515 νον,
2354 2449 2669 2521 προέθηκας
2697 2452 2852 2519 ἡμῖν,
2879 2449 3068 2518 ἄριστε
3092 2448 3199 2502 τῶν
3230 2449 3560 2518 φιλοπόνων,
3584 2447 3643 2501 τὸ
3666 2444 3783 2519 πρό-

2213 2542 2426 2613 ὄλημα·
2458 2561 2476 2593 ι
2499 2541 2556 2595 Ὀ
2587 2541 2912 2612 μικρότερος
2937 2542 2995 2593 ὲν
3021 2542 3090 2612 τῇ
3123 2540 3373 2612 βασιλείᾳ
3397 2539 3503 2592 τῶν
3534 2538 3779 2610 οὖρανῶν,

2216 2634 2415 2706 μείζων
2443 2636 2592 2688 ἐστὶν
2628 2634 2878 2688 Ἰωάννου
2901 2651 2914 2664 ·
2946 2653 2964 2685 ι
3003 2635 3032 2687 ὁ
3062 2634 3120 2686 ἐν
3152 2633 3231 2705 τῷ
3254 2633 3406 2703 νόμῳ
3432 2631 3658 2695 τέλειος,
3686 2620 3782 2692 οἷος

2210 2724 2277 2798 ἦν
2318 2727 2593 2795 Ἰωάννης,
2626 2727 2843 2787 πάντως
2875 2726 3054 2797 ἥττων
3092 2720 3161 2796 ἦν
3195 2723 3289 2777 τοῦ
3325 2726 3405 2786 εἰς
3446 2722 3541 2777 τὸν
3575 2721 3781 2776 θάνατον

2212 2819 2449 2891 Χριστοῦ
2511 2817 2921 2889 βαπτισθέντος.
2952 2816 3124 2870 Τοῦτο
3155 2816 3266 2888 γάρ
3304 2816 3452 2867 ἐστιν
3484 2815 3522 2883 ἡ
3558 2812 3662 2866 τῶν
3700 2811 3779 2864 οὖ-

2215 2909 2394 2979 ρανῶν
2432 2907 2703 2978 βασιλεία,
2731 2908 2792 2960 τδ
2841 2906 3182 2976 συνταφῆναι
3212 2903 3435 2978 Χριστῷ
3478 2902 3780 2957 κατελθόντι

2214 3000 2508 3054 σκυλεῦσαι
2538 3000 2631 3052 τὸν
2676 2999 2927 3062 θάνατον,
2956 3000 3053 3052 καὶ
3102 2996 3505 3067 συναναστῆναι
3544 2995 3705 3064 αὐτῷ,
3730 2992 3782 3045 τὸ

2212 3093 2331 3144 κατ’
2361 3092 2568 3144 ἐκείνου
2603 3092 2803 3162 κράτος
2847 3090 3165 3161 παρέχοντι.
3202 3089 3435 3160 Ἐπειδὴ⁸
3462 3083 3560 3143 οὖν
3601 3087 3783 3157 μείζων

450 3252 457 3259 ι
525 3182 648 3251 ipso
698 3184 981 3238 victoriam
1036 3184 1299 3239 adversus
1334 3198 1454 3239 eam
1516 3185 1815 3253 prazbente,
1863 3201 2108 3240 resurre-

2223 3183 2314 3252 μὲν
2352 3183 2570 3235 πάντων
2596 3178 2664 3253 ἦν
2698 3183 2808 3236 τῶν
2836 3182 3253 3252 γεγεννημένων
3283 3183 3347 3235 ἐκ
3375 3179 3654 3251 γυναικῶν
3682 3177 3779 3249 (67)

526 3276 693 3331 xisse.
726 3275 994 3343 Quoniam
1030 3277 1198 3347 igitur
1232 3277 1405 3348 major
1438 3278 1654 3347 quidem
1702 3278 1979 3346 omnibus,
2014 3279 2107 3349 qui

2223 3271 2244 3322 ὁ
2278 3270 2558 3341 Ἰωάννης,
2597 3270 2704 3341 πρὸ
2744 3270 2801 3323 δὲ
2832 3270 2929 3323 τοῦ
2964 3268 3185 3341 δοθῆναι
3228 3271 3328 3340 τὴν
3368 3268 3647 3339 βασιλείαν
3685 3266 3781 3319 τῶν

527 3383 595 3422 ex
628 3367 949 3423 mulieribus
980 3369 1092 3422 nati
1132 3368 1372 3433 fuerant,
1396 3377 1512 3423 erat
1536 3367 1794 3436 Joannes,
1821 3381 1981 3440 caput
2010 3385 2109 3423 au-

524 3468 637 3515 tem
666 3459 771 3531 ipsi
797 3470 924 3515 ante
945 3462 1223 3525 donatum,
1267 3460 1529 3516 malorum
1563 3477 1784 3531 regnum
1822 3463 2108 3529 praecisum

524 3551 663 3618 fuit;
709 3552 825 3622 ipse
869 3552 1110 3623 quidem,
1141 3551 1187 3606 si
1214 3552 1350 3621 legis
1375 3552 1587 3620 justitia
1628 3561 1933 3620 spectetur,
1974 3552 2108 3608 nihil

526 3642 783 3707 habebat,
820 3641 961 3712 quod
1000 3642 1321 3710 reprehendi
1351 3650 1565 3712 posset:
1627 3652 1683 3695 at
1720 3642 1807 3706 iis,
1837 3643 1929 3712 qui
1982 3643 2109 3697 vitae

525 3732 583 3787 in
612 3732 831 3789 Christo
859 3733 1049 3803 positae
1098 3732 1292 3803 spiritu
1327 3732 1551 3802 perfecti
1608 3731 1845 3797 fuerunt,
1882 3732 2109 3788 inferior

520 3824 768 3879 exstitit:
821 3824 963 3893 quod
1011 3823 1240 3888 scilicet,
1271 3832 1329 3876 ut
1369 3822 1481 3893 jam
1514 3822 1852 3892 scripsimus,
1899 3823 2053 3894 prius
2079 3838 2110 3878 e

523 3916 637 3972 vita
663 3917 1026 3974 discessisset.
1054 3916 1316 3985 Quisquis
1346 3916 1511 3982 igitur
1534 3916 1712 3969 minor
1741 3924 1826 3970 cst
1861 3916 1913 3970 in
1943 3930 2108 3987 regno

2212 3362 2462 3433 οὐρανῶν
2490 3361 2808 3433 ἀπετμήθη,
2832 3362 2973 3415 κατὰ
3008 3362 3107 3432 μὲν
3134 3361 3231 3433 τὴν
3258 3364 3315 3414 ὲν
3342 3362 3493 3432 νόμῳ
3527 3358 3782 3414 δικαιοσύ-

2216 3471 2314 3524 νην
2337 3454 2604 3523 γεγένητο
2632 3454 2944 3525 ἄμεμπτος,
2974 3453 3085 3507 τῶν
3116 3454 3173 3508 δὲ
3206 3454 3284 3525 τῷ
3314 3452 3586 3524 πνεύματι
3615 3451 3709 3521 τῆς
3732 3451 3782 3504 ἐν

2216 3544 2441 3616 Χριστῷ
2472 3546 2618 3617 ζωῆς
2652 3546 3047 3602 τελειωθέντων
3070 3546 3373 3617 ἀπελείφθη
3412 3542 3780 3616 προαπελθὼν,

2215 3638 2290 3702 ὼς
2320 3641 2697 3710 γεγράφαμεν.
2737 3640 2853 3704 Πᾶς
2890 3636 3007 3713 [οὖν
3036 3639 3087 3713 ὁ]
3121 3641 3445 3713 μικρότερος
3489 3640 3552 3692 ὲν
3595 3639 3658 3709 τῇ
3697 3635 3783 3707 βα·

2219 3732 2395 3803 σιλείᾳ
2425 3732 2533 3784 τῶν
2564 3731 2833 3803 οὐρανῶν,
2874 3733 3171 3799 τουτέστιν,
3199 3736 3257 3786 ὲν
3284 3736 3350 3804 τῇ
3386 3731 3530 3785 κατά
3568 3728 3783 3800 Χριστὸν

2219 3824 2540 3896 παλιντοκία
2576 3824 2775 3895 μείζων
2808 3826 2978 3891 ἐστὶν,
3020 3826 3094 3891 ὼς
3128 3828 3363 3898 εἴρηται,
3396 3826 3490 3881 τοῦ
3532 3828 3675 3898 νόμῳ
3712 3823 3781 3877 δι-

2216 3915 2568 3980 καιωθέντος,
2600 3916 2788 3987 ἐπειδὴ
2817 3917 2972 3971 οὐδὲν
3004 3918 3320 3972 ἐτελείωσεν
3343 3922 3371 3973 ὁ
3399 3919 3587 3990 νόμος.

522 4014 811 4084 caelorum,
853 4018 956 4072 hoc
1010 4024 1126 4083 est,
1175 4016 1228 4070 in
1281 4014 1589 4069 Christiana
1651 4014 2093 4085 regeneratione,
2136 4013 2329 4083 major,
2371 4022 2430 4067 ut
2485 4012 2743 4081 diximus,
2768 4029 2835 4071 eo
2863 4023 2971 4081 est,
3034 4015 3124 4086 qui
3147 4016 3201 4071 in
3225 4015 3341 4086 lege
3398 4012 3783 4087 Iaudemjusti-

525 4111 617 4167 tiae
647 4120 970 4167 consecutus
999 4119 1103 4167 est.
1130 4108 1397 4178 Quoniam
1433 4108 1520 4165 lex
1550 4108 1684 4163 nihil
1716 4108 1971 4165 omnibus
1993 4108 2107 4164 suis
2141 4108 2392 4179 partibus
2417 4109 2649 4179 perfecit
2668 4110 2734 4165 ".

1014 4226 1204 4283 LXIX.
1238 4257 1310 4270 —
1339 4225 1621 4283 MARONI.

526 4338 606 4395 De
642 4341 788 4413 gula,
819 4343 964 4413 quod
1010 4343 1079 4397 sit
1126 4353 1293 4395 mater
1339 4342 1730 4397 irrationalium
1781 4343 2110 4413 affectuum;

598 4412 655 4467 et
694 4414 835 4482 quod
861 4412 1069 4483 jejunio
1096 4422 1249 4482 atque
1282 4413 1428 4467 humi
1468 4416 1746 4470 cubatione
1800 4430 1991 4484 corpus
2041 4416 2111 4469 sit

600 4485 987 4553 castigandum.

2754 4223 2859 4279 ΞΘ.
2884 4253 2957 4265 ——
2976 4223 3264 4278 ΜΔΡΩΝῘ.

2218 4339 2361 4409 Περὶ
2417 4343 2921 4411 γαστριμαργίας,
2970 4340 3070 4394 καὶ
3116 4339 3213 4411 γὸτι
3262 4340 3460 4409 μήτηρ
3502 4338 3643 4411 ἐστίν
3678 4334 3785 4390 τῶν

2290 4412 2529 4480 ἀλόγων
2568 4410 2774 4464 παθῶν
2795 4430 2807 4442 ·
2839 4412 2940 4465 καὶ
2977 4411 3067 4464 ὅτι
3100 4410 3197 4463 διὰ
3237 4412 3524 4478 νηστείας
3555 4410 3654 4465 καὶ
3689 4423 3785 4478 χα-

2292 4482 2541 4550 μευνίας
2574 4482 2844 4543 κολάζειν
2883 4481 2999 4552 χρὴ
3031 4482 3096 4535 τὸ
3129 4480 3323 4550 σῶμα.

601 4598 798 4654 Multos
817 4598 1243 4654 admonitionum
1258 4599 1448 4655 modus
1464 4598 1791 4669 investigare
1813 4614 2001 4665 conor,
2022 4615 2108 4669 per

2291 4596 2579 4669 Πειρῶμαι
2620 4599 2849 4664 πολλοὺς
2880 4600 3117 4671 τρόπους
3150 4596 3445 4651 νουθεσιῶν
3477 4593 3786 4667 ἀνιχνεύειν.

532 4705 670 4762 quos
695 4698 749 4745 te
781 4704 813 4744 e
847 4690 1473 4764 temttlentiqemergere
1499 4705 1607 4745 non
1656 4690 1820 4745 modo
1854 4691 1996 4757 volo,
2023 4692 2108 4745 sed

2223 4688 2283 4742 δι’
2308 4681 2384 4745 ὧν
2412 4690 2472 4742 ού
2515 4690 2673 4760 μόνον
2708 4689 2989 4760 βούλομαι,
3020 4689 3157 4742 ἀλλά
3186 4688 3283 4743 κα)⁸
3317 4686 3546 4759 εῦχομαι
3578 4688 3787 4752 ἀνενεγ-

530 4782 698 4838 etiam
721 4791 869 4852 opto.
901 4783 996 4836 Dic
1026 4782 1215 4851 igitur,
1247 4783 1353 4851 22
1394 4783 1527 4837 heus
1582 4791 1659 4845 tu,
1688 4798 1783 4852 per
1822 4782 1989 4853 ipsam
2025 4783 2108 4837 Dei

2223 4783 2336 4835 κεῖν
2378 4798 2436 4833 σε
2465 4780 2566 4851 τῆς
2603 4782 2793 4853 μέθης.
2820 4782 2955 4835 Εἰπὲ
2980 4782 3179 4846 τοίνυν,
3207 4780 3329 4833 εἰπὲ
3361 4780 3562 4843 τοίνυν,
3594 4772 3639 4831 ὧ
3674 4777 3784 4840 τᾶν,

533 4874 817 4930 veritatem
842 4881 894 4927 te
917 4874 1183 4938 obtestor,
1206 4888 1273 4928 an
1295 4888 1401 4927 non
1428 4873 1550 4945 gula
1574 4874 1781 4944 primos
1804 4884 2059 4943 parentes
2088 4889 2108 4929 ε

2223 4873 2360 4944 πρὸς
2390 4873 2561 4944 αὐτῆς
2590 4874 2688 4944 τῆς
2713 4875 2806 4928 τοῦ
2832 4873 2966 4927 Θεοῦ
2994 4873 3273 4945 ἀληθείας.
3299 4872 3359 4925 ού
3388 4867 3788 4944 γαστριμαργία

602 5046 824 5104 "Joan.
856 5062 910 5113 ν,
932 5048 1022 5104 39.
1064 5049 1141 5081 ⁷¹⁶
1177 5047 1369 5105 Matth.
1401 5066 1482 5120 ιιι,
1510 5051 1595 5106 l7.
1655 5051 1702 5083 ⁷³
1736 5050 1925 5105 Matth.
1948 5067 2022 5118 xl,
2059 5053 2142 5108 Η.
2216 5053 2263 5086 ⁷⁸
2294 5051 2459 5109 llebr.
2490 5068 2585 5117 vu,
2630 5052 2715 5108 l9.

1641 5206 1878 5264 VARIE
1919 5208 2306 5265 LECTIONES
2342 5210 2431 5264 ET
2469 5210 2704 5268 NOTAE.

618 5388 732 5513 166)
756 5388 923 5446 Codd.
963 5388 1086 5444 Vat.
1119 5387 1222 5443 649
1266 5395 1323 5469 et
1351 5386 1457 5471 Alt.
1499 5388 1913 5459 βουλεύσασθαι.
1951 5391 2109 5447 Vers.

538 5460 606 5532 5,,
630 5459 943 5532 ᾲπεϐόησεν,
972 5460 1095 5515 cod.
1116 5459 1241 5532 λιι.
1276 5475 1328 5512 ιιι
1376 5473 1549 5532 prima
1580 5478 1808 5532 persona
1862 5463 1992 5530 legit
2019 5465 2118 5516 ὲπ-

550 5530 751 5601 εδόησα
774 5529 1030 5601 tanquam
1066 5529 1241 5584 adhuc
1269 5539 1474 5603 pergat
1492 5529 1634 5598 loqui
1662 5532 1823 5587 Pater
1844 5529 2000 5603 cujus
2030 5533 2118 5587 illa

540 5598 678 5723 ῗιιιι
719 5598 901 5658 ιετιὶο’
934 5611 1081 5656 retro
1126 5598 1320 5663 versu.
1355 5598 1507 5666 οὗτός
1556 5603 1703 5657 ἐστιν
1734 5604 1762 5656 ὁ
1808 5598 1956 5671 Υιδξ,
2012 5614 2119 5659 etc.

585 5685 754 5725 ossut.

615 5712 860 5821 Eii?!“
882 5742 948 5797 iis
975 5744 1039 5796 ὲκ
1065 5744 1338 5821 γυναικῶν
1357 5753 1412 5802 ει
1437 5759 1554 5811 quat
1580 5758 1709 5821 seq.
1722 5758 1895 5821 usque
1924 5746 1988 5821 ad
2013 5745 2117 5815 πρὸ

539 5810 597 5863 δὲ
626 5810 772 5878 τοῦ,
822 5821 954 5880 etc.,
998 5810 1118 5870 cod.
1175 5816 1285 5870 Διι.
1341 5810 1514 5871 mutat
1552 5824 1605 5872 et
1644 5810 2113 5887 addit'qumdatn,

2224 5390 2380 5466 l_o_ng_e
2404 5392 2614 5466 melius.
2646 5395 2697 5449 ni
2734 5394 2926 5462 fallor;
2961 5395 3042 5452 sic
3066 5394 3211 5451 enim
3241 5396 3426 5463 habet,
3462 5396 3527 5453 ἰκ
3548 5393 3791 5466 γυναικὸς

2240 5461 2514 5539 Ἰωάννης,
2540 5464 2659 5539 ἀλλ’.
2682 5466 2743 5539 ού
2772 5466 2886 5539 τῶν
2913 5461 3341 5539 γεγεννημένων
3375 5461 3439 5539 ἐκ
3472 5461 3789 5539 πνεύματος.

2227 5530 2283 5586 1η
2317 5530 2513 5605 quibus
2550 5536 2730 5592 verbis
2760 5530 3073 5605 cardo'ip'se
3095 5530 3381 5593 sententiae
3412 5530 3789 5593 lsidori'verti-

2225 5613 2359 5677 tur_,
2393 5604 2625 5663 volentis
2662 5607 2865 5663 dictum
2902 5604 3165 5662 Joannem
3198 5607 3461 5677 majorem
3498 5607 3738 5677 omnibus
3767 5618 3794 5657 ε

2224 5674 2451 5795 audiere
2482 5678 2655 5746 natis,
2690 5693 2798 5736 non
2830 5687 3013 5735 autem
3046 5674 3300 5736 omnibus
3326 5679 3467 5735 natis
3499 5693 3529 5735 ε
3573 5676 3785 5748 Spiritu.

2268 5759 2431 5795 OSSIN.

2268 5759 2431 5799 OSSIN.
