3896 6404
198 436 291 497 229
1123 428 1665 489 EPISTOLARUM
1700 427 1846 486 LIB.
1887 426 1937 488 Ι.
1979 451 2047 462 -
2088 427 2323 487 EPIST.
2367 428 2575 488 LXIX.

3357 434 3465 503 230

190 552 309 612 τοὺς
333 545 591 617 πρώτους
633 544 960 616 ἀνθρώπους
986 546 1084 614 τῆς
1111 543 1324 615 τρυφῆς
1360 542 1665 609 Egerimus;
1705 542 1781 595 Ού

1887 540 2099 596 deliciis
2127 542 2435 612 expulit"?
2467 544 2662 595 Annon
2730 544 2958 602 satietas
3008 545 3148 601 Esau
3202 549 3473 621 primoge-

188 642 343 711 κόρος
377 640 475 693 τὸν
510 638 691 691 Ἦσαῦ
745 637 843 691 καὶ
891 638 1283 708 πρωτοτοκίων
1339 638 1435 689 καὶ
1470 633 1785 707 ἐλευθερίας

184 733 538 803 ὲγύμνωσεν;
569 730 644 783 Οὐ
680 730 883 800 βρῶσις
917 728 1055 798 βοῶν
1081 730 1174 781 καὶ
1216 728 1508 799 προϐάτων
1553 726 1784 797 περιττὴ

184 826 273 877 τὸν
297 823 485 877 Σαοὺλ
520 822 621 875 καὶ
647 821 744 890 τῆς
776 820 1055 891 βασιλείας
1090 821 1185 873 καὶ
1208 820 1306 889 τῆς
1338 819 1485 888 ζωῆς
1509 818 1786 887 ὲξωστρά·

183 930 370 976 κισεν;
407 912 485 965 Οὐ
528 913 617 964 τὸν
652 909 923 981 ὲρημίτην
957 909 1174 979 Ἰσραὴλ
1206 909 1384 979 κρεῶν
1413 908 1508 962 καὶ
1540 907 1784 978 λεϐήτων

182 1005 488 1075 ἐπιθυμία,
535 1003 614 1073 τῷ
663 1003 842 1073 μυρίῳ
884 1001 1037 1073 ἐσμῷ
1075 1002 1169 1054 καὶ
1205 1002 1346 1072 ὄχλῳ
1384 1001 1493 1053 τῶν
1536 1000 1784 1071 βασάνων

180 1097 270 1150 καὶ
311 1096 427 1149 τῶν
471 1094 797 1167 πειρασμῶν
837 1092 1208 1164 ὲξηνάλωσεν;
1252 1095 1327 1145 Ub
1358 1092 1449 1146 τὸν
1484 1093 1637 1161 Ὀφνὶ
1684 1092 1782 1145 καὶ

178 1185 365 1251 Φινεὲς
410 1189 448 1257 ἠ
484 1184 737 1237 λυττῶσα
770 1183 1017 1254 γαστὴρ,
1065 1184 1159 1236 καὶ
1199 1181 1379 1253 κρεῶν
1415 1182 1638 1253 ἁρπαγὴ
1689 1182 1783 1234 καὶ

181 1280 497 1353 κραιπάλη,
528 1282 621 1332 καὶ
649 1276 929 1347 γυναικῶν
964 1276 1150 1348 μανία,
1182 1274 1480 1347 ἱερωσύνης
1501 1275 1593 1328 καὶ
1617 1274 1784 1328 κιϐω-

180 1373 294 1439 τοῦ,
323 1374 432 1428 καὶ
465 1372 706 1443 κράτους
749 1368 956 1441 φυλῶν,
988 1368 1081 1421 καὶ
1112 1366 1271 1437 δόξης
1311 1367 1404 1420 καὶ
1448 1366 1615 1437 τιμῆς
1644 1365 1782 1418 ἀπο-

185 1467 432 1536 κόψασα,
464 1465 627 1534 ἔργον
655 1461 869 1532 ἐχθρῶν
897 1460 990 1513 καὶ
1026 1458 1195 1529 ξιφῶν
1234 1459 1673 1529 κατειργάσατο;
1704 1457 1780 1509 Οὐ

181 1557 500 1631 κρεωϐορία
533 1556 630 1609 καὶ
658 1554 785 1617 τοὺς
831 1554 997 1623 ἱερεῖς
1037 1552 1137 1622 τῆς
1167 1550 1427 1631 αἰσχύνης
1472 1550 1563 1602 ἐπὶ
1599 1548 1779 1602 Ἡλίου

184 1652 465 1723 μαχαίρας
495 1645 682 1713 ἀξίους
722 1646 1038 1715 ἀπέφηνεν;
1072 1645 1147 1697 Οὐ
1190 1643 1397 1706 κοιλίας
1430 1641 1639 1713 ὄρεξις,
1687 1641 1781 1694 καὶ

185 1741 501 1815 βρωμάτων
533 1739 741 1807 ἔφεσις,
769 1737 865 1789 καὶ
892 1738 1020 1799 τοὺς
1048 1735 1143 1788 τοῦ
1172 1735 1282 1805 Βὴλ
1309 1735 1406 1789 λατ
1418 1733 1611 1806 ρευτάς
1640 1748 1782 1804 παρι

185 1837 384 1890 ἔδωκεν
415 1834 499 1896 είς
530 1831 807 1885 ἀπώλειαν
837 1828 1015 1899 σποδῷ
1040 1827 1427 1897 ὲλεγχθέντας;
1456 1827 1530 1880 Οὐ
1555 1825 1779 1898 νηστεία

1895 635 2110 688 niorttm
2162 637 2285 704 jure
2336 651 2400 690 ac
2446 636 2698 690 libertate
2740 636 2991 705 spoliavit
3017 639 3107 693 "Y
3142 640 3335 696 Annon
3380 659 3472 697 su-

1893 727 2130 797 perﬂuus
2162 728 2323 782 boum
2356 742 2420 782 ac
2454 728 2717 796 pecudum
2754 742 2913 794 esus,
2952 729 3167 785 Suulem
3208 744 3264 787 et
3304 750 3471 804 regno

1892 828 1947 873 et
1991 819 2100 873 vita
2147 819 2553 873 exturbavit"?
2586 818 2781 874 Annon
2830 822 3078 877 carnium
3130 834 3184 877 et
3238 824 3468 879 ollarum

1890 910 2158 978 cupiditas
2215 909 2462 965 lsraelem
2505 910 2559 965 in
2592 912 2806 966 deserto
2844 926 3269 969 commorantem
3314 917 3470 970 innu-

1893 1001 2060 1055 meris
2112 1002 2401 1056 tormentis
2454 1013 2510 1057 et
2552 1004 2937 1059 tentationibus
2980 1006 3210 1061 confecit
3244 1008 3326 1061 "1'
3353 1008 3468 1063 An-

1891 1107 2001 1147 non
2054 1092 2275 1162 rapidus
2305 1102 2494 1148 venter
2537 1103 2591 1149 et
2622 1096 2868 1149 carnium
2909 1097 3119 1166 ereptio
3147 1108 3201 1152 et
3224 1100 3467 1168 crapula,

1890 1192 1945 1236 et
1976 1183 2200 1237 insanus
2228 1183 2514 1238 mulierum
2548 1199 2701 1238 amor
2740 1184 2941 1253 eﬂ'ecit,
2970 1198 3030 1241 ut
3060 1187 3235 1258 Oplmi
3260 1200 3315 1245 et
3340 1189 3469 1245 Phi-

1892 1288 2021 1328 nees
2061 1275 2399 1342 sacerdotio,
2444 1284 2499 1329 et
2536 1289 2684 1337 arca,
2737 1284 2791 1330 et
2844 1277 3081 1331 tribuum
3114 1280 3361 1349 imperio,
3412 1292 3467 1336 et

1889 1364 2083 1435 gloria,
2117 1374 2173 1419 et
2231 1366 2439 1421 honore
2483 1368 2740 1431 truncati,
2792 1368 2973 1423 hostili
3007 1370 3187 1438 gladio
3230 1372 3469 1426 trucida-

1893 1462 2199 1517 rentur’"?
2231 1463 2426 1515 Annon
2470 1463 2714 1516 carnium
2761 1464 3035 1520 voracitas
3078 1465 3468 1536 ignominiosos

1889 1554 2222 1617 sacerdotes,
2266 1553 2393 1607 Elia:
2444 1563 2763 1623 tempestate
2795 1555 2973 1625 gladio
3021 1570 3086 1611 ac
3117 1572 3249 1614 nece
3277 1558 3469 1629 dignos

1890 1638 2234 1699 reddidit"?
2277 1647 2469 1700 Annon
2508 1648 2715 1702 ventris
2760 1649 3067 1718 appetitus,
3118 1658 3173 1704 et
3215 1652 3465 1706 carnium

1889 1738 2214 1792 desiderium
2264 1736 2406 1793 Belis
2438 1753 2651 1808 quoque
2678 1738 2914 1794 cultores
2945 1748 2998 1794 et
3021 1740 3334 1797 adoratores
3371 1757 3469 1811 per

1888 1828 2125 1884 cinerem
2158 1831 2435 1885 convictos
2481 1845 2545 1885 ac
2598 1831 2962 1899 deprehensos
2981 1831 3151 1887 exitio
3169 1832 3466 1890 addixit”?

186 1927 345 1981 πάλιν
381 1926 482 1979 καὶ
514 1921 803 1984 συνουσίας
848 1920 1076 1990 ἄρνησις
1114 1919 1205 1972 τὸν
1234 1919 1356 1972 Νῶε
1390 1920 1482 1972 καὶ
1522 1921 1648 1983 τοὺς
1684 1920 1780 1972 αύ-

1887 1923 1958 1974 Ac
1988 1935 2202 1973 rursum
2246 1934 2277 1974 e
2325 1921 2625 1982 contrario.
2649 1936 2826 1974 annon
2873 1920 3135 1989 jejunium
3176 1933 3231 1978 et
3263 1939 3466 1979 concu-

185 2020 270 2073 τοῦ
310 2020 379 2072 ἐκ
413 2016 513 2070 τοῦ
555 2014 827 2076 κλύδωνος
869 2012 968 2083 τῆς
1017 2011 1322 2082 παραδόξου
1380 2011 1655 2081 Θαλάσσης
1700 2010 1784 2063 δι-

189 2110 382 2173 έσωσε,
412 2107 711 2177 σπέρματα
742 2104 841 2174 μὲν
868 2101 1168 2167 ἐσθίοντας,
1194 2102 1255 2155 οὐ
1279 2100 1699 2172 συγχρωμένους
1727 2100 1784 2152 δὲ

186 2203 299 2264 ταῖς
348 2197 655 2269 ὁμοζύγοις
698 2196 778 2256 εἰς
817 2192 1087 2263 σαρκικὴν
1133 2194 1381 2265 ὁμιλίανς
1424 2195 1623 2246 Ἀκουε
1674 2190 1784 2261 γὰρ

184 2289 280 2363 ἥς
308 2292 547 2362 Γραφῆς
578 2289 718 2360 πρὸς
757 2286 850 2340 τὸν
880 2286 1003 2339 Νῶε
1052 2285 1470 2356 διαταττούσης,
1509 2304 1527 2337 ι
1560 2283 1783 2337 Εῐσελθε

184 2387 260 2448 εἰς
282 2385 386 2455 τὴν
413 2381 659 2437 κιϐωτὸν
695 2381 759 2433 σὺ
796 2379 890 2431 καὶ
921 2376 1021 2451 [οἱ]
1048 2377 1161 2431 υίοί
1191 2396 1305 2441 σου,
1335 2378 1430 2430 καὶ
1460 2378 1493 2447 ἡ
1521 2377 1657 2448 γυνή
1688 2393 1782 2428 σου

184 2477 273 2529 καὶ
304 2477 361 2528 αἱ
400 2476 673 2542 γυναῖκες
717 2470 827 2524 τῶν
880 2468 1011 2522 υἱῶν
1062 2486 1176 2523 σου.
1209 2488 1227 2519 ι
1264 2468 1584 2541 Χιιιρίσθητε
1636 2469 1781 2539 (68),

186 2569 368 2640 φησιν,
398 2568 449 2621 οἱ
482 2566 684 2637 ἄνδρες
710 2561 833 2617 καθ’
860 2562 1107 2627 ἑαυτοὺς,
1157 2561 1251 2615 καὶ
1285 2563 1340 2613 αί
1377 2563 1632 2630 γυναῖκες
1660 2559 1784 2613 καθ’

188 2660 399 2724 ἑαυτάς.
427 2659 676 2730 Πορνεία
710 2659 1103 2731 σωφρονίςεται
1130 2654 1224 2707 κα)⁵
1251 2652 1512 2721 ἀσέλγεια
1538 2650 1628 2704 διά
1674 2650 1783 2704 τῶν

186 2752 602 2823 ἐπιφερομένων
626 2751 834 2804 ὑδάτων
857 2766 875 2783 ο
917 2749 1075 2819 ὑμεῖς
1096 2740 1188 2799 οὖν
1222 2744 1357 2815 μηδὲ
1387 2744 1487 2814 τῆς
1516 2741 1781 2811 ἀμιάντου

188 2843 387 2912 ᾰιᾷεσθε
410 2843 629 2912 κοίτης.
652 2842 776 2895 Ὀτι
802 2842 861 2895 δὲ
887 2839 1046 2894 τοῦτο
1081 2833 1172 2909 ἦν,
1212 2836 1378 2889 πάλιν
1402 2834 1781 2905 ἐξερχομένων

188 2934 247 2986 ἐκ
272 2935 375 3005 τῆς
413 2933 678 2998 κιϐωτοῦ,
704 2932 879 2987 ταῦτά
914 2946 1109 3002 φησιν’
1146 2950 1165 2981 ι
1198 2926 1421 2995 Ἔξελθε
1453 2929 1518 2980 ὲκ
1547 2926 1649 2995 τῆς
1695 2943 1782 2979 κι-

190 3024 364 3080 ϐωτοῦ
391 3027 458 3080 σὺ
488 3027 585 3081 καὶ
616 3028 649 3095 ἠ
678 3026 816 3096 γυνή
847 3043 963 3088 σου,
994 3022 1090 3076 καὶ
1118 3022 1167 3075 οἱ
1196 3020 1299 3073 υίοί
1332 3037 1446 3084 σου,
1479 3020 1572 3071 καὶ
1601 3019 1658 3071 αἱ
1688 3035 1782 3086 γυ-

187 3121 371 3181 ναῖκες
396 3118 508 3171 τῶν
536 3116 669 3170 υἱῶν
700 3134 849 3171 σου.»
887 3115 1230 3185 Ἐξείληπται
1255 3112 1317 3165 τὸ
1339 3112 1494 3179 γένος
1522 3110 1584 3164 τὸ
1610 3112 1784 3181 ἁμαρ·

187 3211 373 3264 τωλόν.
412 3211 605 3279 Ὑμεῖς
634 3209 794 3263 πάλιν
819 3210 905 3277 ἐφ’
927 3208 1159 3271 ἑαυτῶν,
1188 3205 1283 3258 καὶ
1312 3204 1473 3257 πάλιν
1499 3202 1780 3269 αὑξανέτω

188 3303 243 3355 τὸ
270 3302 430 3371 γένος
460 3303 523 3355 τὸ
556 3300 830 3364 θεοσεϐὲς.
879 3300 953 3352 Οὐ
1002 3297 1227 3369 νηστεία
1272 3296 1419 3367 ζωὴν
1465 3297 1777 3359 Νινευΐταις

189 3394 521 3465 παρέσχετο,
570 3392 807 3446 θανάτου
842 3390 1098 3445 λαϐοῦσιν
1147 3389 1423 3458 ἀπόφασιν
1475 3386 1782 3457 σύντομον;

191 3488 261 3540 οὐ
286 3486 520 3558 νηστεία
548 3483 851 3556 Θαυμάσιον
873 3481 1092 3553 Δανιὴλ,
1121 3481 1216 3534 καὶ
1246 3481 1372 3543 τοὺς
1394 3478 1785 3550 ὁμογνώμονας

190 3577 341 3648 αὐτῷ
366 3578 686 3649 κρείττονας
712 3575 808 3629 καὶ
832 3575 1093 3644 τυράννου
1121 3572 1217 3626 καὶ
1247 3572 1419 3644 πυρὸς
1452 3570 1785 3641 βροντῶντος

188 3670 503 3740 ἀπέφηνεη
534 3668 611 3720 Οὐ
643 3666 870 3738 νηστεία
915 3666 1010 3720 καὶ⁵
1045 3665 1161 3735 βίου
1206 3662 1495 3734 σεμνότης,
1532 3661 1784 3731 Ἰωάννην

188 3762 282 3816 τοῦ
316 3761 699 3833 σαρκωθέντος
728 3758 864 3813 Θεοῦ
915 3757 1217 3830 βαπτιστὴν
1247 3754 1593 3816 ἀπετέλεσεν,
1628 3753 1784 3819 ἀξίαν

193 3853 417 3920 ἁγνείαν
449 3854 552 3922 τῆς
583 3850 854 3922 τοσαύτης
883 3849 1226 3920 κτησάμενον
1258 3845 1676 3918 μυσταγωγίας;
1707 3843 1782 3898 Οὐ

192 3946 440 4016 νηστεία,
468 3946 564 3998 καὶ
598 3943 898 4014 γύμνωσις,
935 3941 1030 3996 καὶ
1053 3939 1347 4011 χαμευνία,
1371 3939 1465 3992 καὶ
1495 3936 1649 4007 τῆξις
1680 3934 1785 3989 σώ-

196 4055 362 4107 ματος
382 4037 496 4090 τῶν
515 4039 573 4088 ὲν
594 4035 673 4106 τῷ
693 4034 1009 4107 παραδείσῳ
1028 4033 1282 4103 ἀρρήτων
1304 4030 1539 4101 ἐπήκοον
1560 4028 1784 4099 ἐποίησε

196 4128 449 4196 Παῦλονς
482 4129 547 4182 Τί
580 4129 759 4181 τοίνυν
798 4125 971 4180 ταῦτα
1005 4122 1289 4195 μιμεῖσθαι
1338 4122 1518 4191 ἀφεὶς,
1571 4120 1642 4174 τά
1671 4118 1786 4189 χεί-

197 4240 328 4292 ρονα
373 4219 725 4283 κακοϐούλως
784 4218 1042 4288 ἀγαπᾷςς
1097 4214 1159 4267 Εἰ
1218 4209 1312 4267 οὖν
1376 4212 1450 4283 μὴ
1502 4208 1784 4273 παντελῶς

196 4312 418 4383 ἐξῆλθες
472 4310 701 4376 σαυτοῦ,
749 4311 844 4364 καὶ
882 4308 1197 4378 ἐπιλέλησαι
1243 4303 1401 4369 Θεοῦ,
1445 4302 1784 4371 ὑπόστρεψον

196 4408 271 4466 εἰς
304 4404 403 4475 τὴν
434 4404 597 4473 φύσιν
627 4403 806 4457 πάντα
833 4401 1064 4471 ἔχουσαν
1092 4401 1151 4452 ὲν
1179 4399 1347 4467 ἑαυτῇ
1369 4396 1438 4448 τὰ
1466 4394 1596 4448 Θεὸν
1626 4394 1785 4464 θερα-

196 4493 457 4559 afro-na,
484 4494 582 4547 καὶ
619 4492 789 4562 γνῶθι
820 4491 915 4545 τὸν
940 4493 957 4511 ’
984 4490 1330 4559 κτισάμενον,
1376 4485 1472 4539 καί¹
1517 4483 1687 4554 τιμῆς
1722 4500 1781 4535 σε

1886 2011 2032 2065 bitus
2065 2011 2376 2082 abnegatio,
2404 2011 2518 2067 Noe
2552 2013 2831 2083 ipsiusque
2878 2014 3018 2069 lllios
3069 2030 3133 2067 ex
3166 2017 3285 2069 novi
3323 2014 3467 2087 [ino-

1887 2102 2083 2175 pinati]
2133 2104 2297 2159 maris
2325 2113 2642 2173 tempestate
2691 2106 3080 2160 conservavit?
3109 2106 3317 2177 Quippe
3371 2109 3464 2178 qui

1886 2194 2249 2264 leguminibus
2314 2205 2686 2261 vescerentur,
2733 2211 3038 2267 uxoresque
3085 2200 3152 2252 ad
3191 2198 3463 2254 carnalem

1886 2288 2089 2341 coitum
2137 2286 2357 2342 minime
2398 2288 2739 2342 adhiberent.
2775 2290 2913 2344 Audi
2948 2292 3092 2344 enim
3126 2290 3461 2360 Scripturam

1886 2377 1985 2447 ipsi
2047 2376 2159 2431 Noe
2210 2378 2312 2432 hoc
2361 2377 2685 2432 indicentem
2735 2398 2748 2434 ε
2803 2381 3140 2450 «Ingredere
3186 2382 3239 2434 in
3281 2395 3463 2436 arcam

1888 2481 1943 2523 tu
1984 2479 2036 2523 et
2069 2469 2161 2524 lilii
2218 2472 2315 2535 tui,
2346 2481 2400 2526 et
2436 2488 2569 2527 uxor
2613 2483 2723 2536 tua,
2766 2483 2821 2527 et
2851 2489 3047 2528 uxores
3077 2474 3307 2527 ﬁliorum
3344 2484 3466 2528 tuo-

1888 2577 2004 2615 rnm
2037 2561 2137 2614 υ.»
2169 2560 2560 2631 Sejungamini,
2592 2564 2787 2634 inquit,
2813 2565 2912 2619 viri
2940 2565 3213 2635 privatim,
3244 2574 3297 2621 et
3325 2581 3460 2620 uxo-

1885 2669 1975 2709 res
2016 2654 2289 2724 privatim.
2331 2654 2434 2710 Per
2465 2657 2641 2711 illatas
2692 2672 2862 2727 aquas
2913 2660 3170 2713 scortatio
3212 2668 3267 2715 et
3302 2659 3464 2715 lasci-

1884 2748 1969 2801 via
2017 2747 2282 2817 supplicio
2344 2748 2626 2803 multatur.
2674 2748 2781 2805 Vos
2830 2752 2992 2820 igitur
3040 2766 3110 2806 ne
3154 2750 3290 2806 labis
3344 2753 3463 2821 qui-

1885 2838 2003 2893 dem
2032 2854 2095 2893 ac
2129 2839 2351 2894 maculae
2401 2856 2597 2910 expers
2634 2842 2810 2897 cubile
2855 2843 3150 2914 attingetis.
3185 2844 3337 2911 Quod
3367 2860 3465 2899 au-

1886 2942 1992 2983 tem
2032 2930 2102 2984 ita
2145 2945 2230 2985 res
2262 2946 2322 2985 se
2358 2932 2599 2998 haberet,
2630 2932 2753 2986 hinc
2804 2942 2971 3002 patet,
3013 2932 3157 3002 quod
3200 2949 3320 2987 cum
3362 2933 3463 3002 ipsi

1883 3034 1945 3074 ex
2001 3036 2122 3075 arca
2170 3037 2383 3075 rursum
2445 3026 2848 3091 egrederentur,
2916 3024 2999 3079 bis
3060 3024 3234 3078 verbis
3272 3024 3463 3089 utitur,

1892 3133 1910 3166 ι
1940 3112 2208 3183 Egredere
2259 3131 2325 3170 ex
2359 3131 2512 3180 arca,
2544 3128 2596 3169 tu
2652 3126 2708 3171 et
2747 3133 2884 3171 uxor
2912 3126 3027 3185 tua,
3052 3128 3105 3171 et
3154 3118 3246 3171 lilii
3279 3118 3377 3182 tui,
3410 3129 3468 3173 et

1886 3221 2081 3261 uxores
2124 3207 2353 3262 ﬁliorum
2386 3216 2599 3261 tuorum
2624 3208 2723 3261 δ’.»
2760 3208 3001 3264 Deletum
3050 3224 3117 3264 ac
3172 3212 3240 3264 de
3288 3210 3466 3265 medio

1887 3298 2161 3353 sublatum
2192 3307 2274 3353 est
2304 3314 2475 3368 genus
2491 3298 2961 3368 ﬂagitiosntuﬂos
2996 3315 3211 3356 rursum
3265 3302 3319 3356 in
3371 3316 3467 3357 vo-

1887 3390 1971 3444 bis
2027 3391 2159 3459 ipsis
2207 3392 2373 3447 estis:
2424 3408 2488 3446 ac
2518 3395 2662 3462 piutn
2719 3407 2892 3462 genus
2931 3409 3145 3449 rursum
3180 3405 3463 3466 augeatur.

1886 3481 1969 3535 An
2002 3497 2110 3536 non
2134 3481 2399 3550 jejunium
2425 3483 2698 3548 Ninivitis,
2735 3500 2857 3539 cum
2887 3486 3104 3541 brevem
3154 3500 3219 3541 ac
3236 3486 3465 3542 celerem

1887 3575 2081 3630 mortis
2134 3577 2460 3632 sententiam
2490 3579 2827 3647 accepissent
2856 3579 3021 3632 vitam
3049 3578 3330 3634 attulit”?
3358 3581 3469 3633 An-

1887 3682 1993 3721 non
2023 3666 2286 3736 jejunium
2338 3670 2551 3723 exintiae
2582 3670 2802 3724 virtutis
2837 3669 3234 3725 adolescentem
3273 3670 3469 3727 Danie-

1888 3756 2074 3825 lem“,
2111 3771 2333 3826 eosque,
2367 3759 2459 3825 qui
2508 3758 2719 3823 eadem,
2756 3774 2860 3827 qua
2905 3758 3013 3824 ille,
3051 3768 3230 3813 mente
3254 3760 3464 3828 praediti

1886 3855 2067 3912 erant,
2105 3857 2159 3901 et
2192 3857 2422 3916 tyranno
2451 3856 2504 3902 et
2529 3856 2747 3903 tonante
2771 3850 2894 3916 igne
2930 3850 3263 3918 superiorem
3289 3848 3467 3904 reddic

1888 3938 2009 3991 dit?
2064 3937 2254 3992 Annon
2284 3937 2549 4007 jejunium
2597 3954 2661 3993 ac
2692 3938 2816 3992 vitae
2849 3940 3112 3994 sanctitas
3137 3939 3239 3993 hoc
3271 3937 3466 3993 Joanni

1886 4030 2162 4101 praestitit,
2189 4038 2248 4084 ttt
2293 4031 2633 4085 incarnatum
2667 4031 2833 4086 Deum
2859 4032 3249 4102 baptizaret“:
3281 4042 3339 4086 ut
3370 4033 3465 4102 qui

1887 4123 2104 4191 dignam
2134 4130 2292 4176 tanto
2323 4132 2670 4177 sacramento
2708 4123 2996 4193 puritatem
3027 4124 3253 4200 adeptus
3282 4124 3469 4178 esset?

1886 4213 2083 4267 Annon
2144 4211 2434 4283 jejunium,
2470 4222 2525 4267 et
2550 4213 2793 4279 nuditas,
2824 4222 2879 4267 et
2903 4213 3246 4279 chameunia,
3270 4224 3324 4267 et
3343 4228 3469 4268 cor-

1886 4304 2036 4370 poris
2064 4303 2358 4356 maceratio
2393 4303 2495 4357 hoc
2524 4302 2692 4357 Paulo
2717 4304 2902 4357 attulit
2926 4343 2941 4367 ,
2988 4313 3046 4357 ut
3106 4305 3343 4372 paradisi
3372 4319 3468 4359 ar-

1891 4408 2155 4450 canorum
2193 4395 2411 4449 auditor
2433 4404 2577 4450 esset
2594 4396 2683 4449 3‘?
2714 4396 2853 4462 Quid
2879 4395 3251 4466 igiturharum
3274 4412 3458 4452 rerum

1886 4487 2193 4541 imitatione
2252 4487 2440 4542 relicta
2470 4525 2487 4553 ,
2531 4488 2674 4542 malo
2727 4489 2955 4543 consilio
3004 4489 3273 4544 deteriora
3304 4502 3469 4544 com-

196 4585 290 4637 τοῦ
328 4586 457 4638 ἰδίου
485 4584 896 4655 ὲξαγοράσαντα
922 4582 1177 4651 αἵματος,
1203 4578 1301 4633 καὶ
1335 4576 1637 4668 μὴᾼσαρκὸς
1664 4573 1781 4668 δού-

1887 4576 2185 4646 plecteris?
2234 4578 2414 4644 Quare
2449 4579 2555 4633 nisi
2610 4581 2833 4634 omnino
2888 4596 2917 4634 a
2959 4582 3131 4650 teipso
3158 4582 3463 4648 excessisti,

197 4672 289 4737 ὶος
323 4675 647 4745 γενόμενος,
690 4671 783 4725 τὸν
830 4672 1060 4743 Σωτῆρα
1097 4669 1192 4723 καὶ
1236 4666 1532 4739 εὐεργέτην
1585 4664 1778 4737 κριτὴν

1887 4664 2093 4736 Deique
2125 4666 2400 4722 oblivione
2447 4679 2637 4738 captus
2678 4684 2738 4723 es
2770 4670 2835 4723 ad
2869 4680 3138 4733 naturam,
3181 4686 3303 4740 qua:
3343 4685 3465 4726 oni--

200 4766 359 4819 ποιοῦ
388 4768 482 4820 καὶ
510 4766 803 4821 ἀντίδικον.

1882 4759 1974 4813 nia
2002 4773 2066 4813 ea
2097 4760 2282 4825 habet,
2312 4760 2510 4829 quibus
2564 4761 2706 4816 Deus
2737 4762 3081 4827 conciliatur,
3118 4762 3266 4818 redi:
3302 4773 3464 4832 atque

199 4875 351 4924 eum,
385 4860 476 4930 qui
514 4870 568 4914 te
599 4857 806 4914 creavit
861 4864 917 4909 et
974 4852 1187 4908 cruoris
1236 4850 1319 4906 sui
1360 4847 1540 4920 pretio
1577 4848 1828 4916 redemit,
1870 4864 2139 4920 agnosce:
2173 4865 2272 4906 nec
2322 4851 2636 4919 committe,
2675 4861 2734 4905 ut
2780 4855 2962 4909 carnis
2994 4853 3245 4908 servituti
3307 4854 3464 4908 addi-

204 4965 352 5018 ctus,
397 4952 722 5006 salvatorem
752 4957 806 5002 et
830 4944 1234 5001 benefactorem
1264 4942 1317 4995 in
1341 4939 1580 5010 judicent
1606 4947 1660 4993 et
1690 4939 2058 4993 adversarium
2088 4948 2398 4996 convertas.

307 5070 351 5101 "
376 5067 568 5124 Genes.
598 5080 683 5131 ιιι,
717 5064 750 5119 6
776 5077 945 5131 seqq.
1011 5060 1077 5131 j‘
1110 5058 1246 5114 Gen.
1285 5073 1413 5131 xxv,
1438 5055 1513 5131 29
1552 5071 1706 5125 seqq.

201 5155 355 5204 ειη,
375 5105 750 5204 mirga..."
776 5105 971 5204 "me
1010 5105 1629 5204 negi'ii-nﬁ;i4ijsehf«i

205 5155 773 5276 52‘3‘1‘.§.'l.:,‘33§222..
826 5155 1157 5267 'i~'i;..‘.‘.”f.;

1798 5055 1842 5087 ⁷⁷
1898 5055 1912 5109 Ι
1953 5055 2086 5125 Reg.
2139 5072 2229 5117 xv,
2264 5056 2318 5112 4.

1639 5124 1677 5181 ,⁷
1758 5126 1805 5157 ⁸⁰
1827 5124 1979 5197 _Dan.
2012 5124 2119 5186 xlv.
2141 5128 2177 5181 2
2208 5143 2360 5197 seqq.

1357 5197 1404 5229 ⁸⁸
1449 5194 1641 5250 Matth.
1671 5212 1750 5263 ιιι,
1780 5194 1869 5249 12.
1922 5196 1967 5228 ⁸⁸
1992 5197 2031 5250 ll
2062 5198 2188 5251 Cor.
2225 5194 2444 5265 1:15,“.

2424 5055 2477 5129 ’δέ
2498 5055 2670 5129 Exod.
2716 5072 2829 5129 xvr,
2858 5058 2912 5112 5.
2996 5059 3063 5090 ⁷⁸·
3090 5057 3110 5111 l
3140 5057 3270 5129 Reg.
3303 5074 3365 5128 ll,
3396 5041 3465 5115 {.5

2462 5128 2506 5158 ⁸⁸
2531 5129 2666 5181 Gen.
2705 5144 2778 5190 γι,
2812 5128 2863 5181 1.
2978 5129 3025 5159 ⁸⁸
3057 5130 3191 5183 Gen.
3222 5128 3338 5196 viti,
3377 5131 3459 5186 16.

1301 5330 1538 5387 VARUE
1574 5328 1963 5387 LECTIONES
2001 5330 2091 5387 ET
2129 5330 2367 5388 NOTIE.

284 5486 384 5557 (68)
404 5484 508 5563 P_ro
530 5482 843 5563 χωρίσθητε
874 5480 995 5537 cod.
1026 5478 1346 5563 Alt..habet,
1381 5477 1574 5563 χωρίς.
1602 5475 1776 5563 Versu

204 5547 445 5633 εεὰςιεῖιιί
489 5547 778 5633 dilecto;
825 5567 930 5633 ate
971 5550 1196 5633 ποργείε
1243 5547 1633 5633 σωφρονίξετιιι
1681 5548 1776 5601 καὶ

208 5622 456 5694 ἀσέλγεια
481 5625 638 5681 codd.
670 5625 791 5677 Vat.
828 5622 933 5694 649
955 5632 1015 5694 et
1041 5622 1640 5694 ΑΙιζΙοειιιιικπορνείςι
1668 5634 1774 5694 σω-

192 5687 512 5768 ’ςρονίζεσθε
541 5695 635 5768 καὶ
658 5693 938 5763 ἀσελγείᾳ.
959 5690 1128 5768 Xers.
1154 5691 1344 5768 39_pro
1377 5687 1580 5768 ἆιξεσθε
1609 5688 1769 5768 iidem

187 5756 399 5837 ’,Ῐιᾶιῖειιὶ
435 5766 664 5837 ἆψησθε,
701 5775 756 5817 et
790 5756 930 5837 vers.
959 5762 1019 5815 5|
1056 5777 1153 5837 pro
1186 5756 1596 5837 ἐξερχομένων,
1618 5756 1771 5827 ἐξερ-

224 5827 659 5907 χομένοιςίΙῖειιί
692 5850 837 5888 vers.
871 5834 940 5888 54
972 5827 1071 5900 pro
1104 5831 1164 5884 τὸ
1196 5827 1523 5899 ἁμαρτωλὸν
1584 5828 1769 5898 legunt

1882 5477 1990 5552 τῶν
2026 5477 2387 5552 ἁμαρτωλῶν.
2445 5476 2594 5552 Vers.
2641 5478 2709 5552 3_8
2742 5494 2839 5547 pro
2877 5478 3270 5552 ὁμογνώμονας
3292 5480 3463 5552 αὐτῷ

1880 5548 2118 5619 habent,
2151 5548 2461 5617 ὸμογνίους
2525 5549 2732 5613 αὐτοῦ,
2778 5548 3012 5619 moxque
3061 5565 3205 5605 vers.
3247 5551 3315 5605 59
3362 5548 3462 5619 pri)

1882 5616 2217 5690 βροντῶντος
2243 5620 2425 5689 legunt
2453 5619 2802 5690 κρατοῦντος.
2833 5616 2988 5673 Vers.
3015 5618 3085 5672 47
3112 5636 3207 5689 pro
3237 5616 3461 5693 ἐξῆλθες

1882 5691 1999 5743 end.
2030 5690 2138 5743 Alt.
2172 5690 2332 5743 habet
2350 5689 2593 5755 ἐξέλθῃς.
2620 5689 2768 5743 Vers.
2794 5692 2885 5755 49,
2911 5705 3006 5755 pro
3029 5689 3098 5743 τὰ
3122 5689 3277 5755 Θεὸν,
3297 5697 3458 5749 codd.

1879 5704 1999 5743 end.
2030 5704 2138 5743 Att.
2172 5704 2332 5743 habet
2350 5704 2593 5761 εζελυῃς.
2623 5704 2768 5743 vers.
2794 5704 2885 5755 49,
2911 5705 3006 5759 pro
3029 5704 3098 5743 τα
3122 5704 3277 5763 δεον,
3297 5704 3458 5749 ςοαυ.

1878 5760 1987 5814 Alt.
2013 5770 2068 5816 et
2097 5758 2273 5815 Vatic.
2304 5760 2408 5814 649
2436 5760 2621 5832 legunt
2647 5759 2736 5814 τὸν
2761 5759 2913 5815 Θεόν.
2950 5758 3161 5817 Possm.
