3896 6404
181 382 269 448 233
1050 375 1587 438 EPISTOLARUM
1620 373 1765 434 LIB.
1810 372 1858 431 Ι.
1900 396 1969 405 -
2006 371 2244 431 EPIST.
2286 373 2506 432 LXXV.

3298 375 3403 441 234

178 500 297 562 ἔχεις
319 494 371 545 ὲν
395 491 513 553 ταῖς
541 488 713 553 θείαις
738 491 1004 552 πτυκταῑς
1024 491 1121 560 τὴν
1148 489 1355 543 τούτων
1388 487 1588 559 ἀκριϐῆ
1609 486 1727 539 δια-

1841 489 1945 537 tam
1994 482 2150 550 hujus
2204 485 2278 537 rei
2319 482 2742 539 declarationem
2776 481 2831 537 in
2864 481 3063 539 divinis
3103 482 3283 541 Libris
3312 455 3436 559 ha-i

178 586 395 653 σάφησιν,
424 581 536 633 Καὶ
577 580 651 650 μή
679 579 810 633 ἄλυε
841 578 925 647 ἐφ’
953 575 1035 641 οἷς
1066 578 1160 632 νῦν
1196 577 1511 649 γενομένοις
1546 576 1722 645 ἑώρα-

174 692 272 735 κας.
298 672 355 726 Ei
393 671 503 743 γὰρ
550 674 652 741 τῆς
692 671 854 738 ἁγίας
885 669 1116 724 κιϐωτοῦ
1155 672 1257 724 οὐκ
1306 670 1578 739 ἐφείσατο,
1607 666 1724 723 ἀλλ’

172 765 350 831 ἐξέδοτο
379 763 584 833 ταύτην
613 763 934 831 ἀλλοφύλοις
963 765 1060 817 σὺν
1096 763 1332 835 ἱερεῦσιν
1369 764 1553 826 αὐτοῖς
1596 761 1722 814 ἀνο-

176 857 369 926 μήσασι,
396 856 488 908 καὶ
522 854 676 907 πόλιν
705 854 1070 925 ἁγιὰσματος,
1102 856 1197 909 καὶ
1236 854 1505 927 χερουϐὶμ
1536 853 1721 925 δόξης,

174 949 247 1000 καὶ
273 945 472 1016 στολὴν,
516 947 610 1001 καὶ
642 946 1001 1017 προφητείαν,
1033 946 1128 1000 καὶ
1157 946 1390 1019 χρίσμα,
1424 946 1520 1001 καὶ
1547 947 1723 1017 δήλω-

173 1056 257 1102 σιν,
290 1039 364 1101 εἰς
405 1038 784 1107 καταπάτημα
818 1038 912 1092 καὶ
948 1038 1190 1109 μιασμόν
1235 1038 1465 1094 ἀπέδοτο
1491 1036 1723 1092 ἔθνεσιν·

172 1127 267 1180 οὐδὲ
292 1126 392 1180 τῶν
425 1126 527 1179 νῦν
562 1126 848 1198 ἀχράντων
883 1126 1117 1196 φείδεται
1148 1128 1480 1198 μυστηρίων·
1508 1126 1594 1181 ἵνα
1619 1128 1729 1182 τῶν

170 1218 309 1273 αὑτοῦ
352 1218 535 1272 αὐλῶν
584 1218 856 1286 ἀφειδῶν,
906 1221 985 1282 είς
1038 1218 1205 1289 φόϐον
1252 1220 1381 1283 τοὺς
1433 1219 1728 1282 πταίοντας

172 1311 323 1380 κλίνῃ,
354 1310 737 1380 ἀπηνεστέραν
773 1310 1164 1380 περιμένοντας
1193 1312 1281 1381 ἐφ’
1302 1304 1383 1375 οἷς
1430 1309 1729 1381 πράττουσι

170 1402 424 1473 τιμωρίαν.
482 1421 503 1453 r
529 1401 855 1465 ὀλολυζέτω
891 1403 999 1474 γὰρ
1029 1402 1210 1466 πίτυς,
1243 1404 1327 1457 ὃτι
1357 1403 1614 1457 πέπτωκε
1638 1404 1731 1457 κέ-

171 1494 289 1563 δρος.
319 1513 337 1545 ι
382 1493 508 1547 Τῶν
559 1492 798 1565 ἰσχυρῶν
854 1496 1195 1561 πιπτόντων,
1240 1496 1311 1551 τὰ
1364 1496 1729 1568 ἀσθενέστερα

175 1584 499 1641 παῶευέσθω.

482 1791 608 1846 om.
628 1820 703 1832 -
726 1790 1033 1846 KPA'I‘ONI
1073 1792 1390 1862 MONAxn.

330 1905 471 1972 Περὶ
505 1904 629 1959 τῶν
657 1905 906 1975 μαλακὰ
935 1906 1133 1975 ἱμάτια
1168 1907 1532 1976 φορούντων.

232 2017 336 2071 Ὀτι
372 2017 635 2089 βλακεία,
662 2019 758 2073 καὶ
785 2018 1073 2092 λεπτότης,
1105 2022 1201 2076 καὶ
1234 2019 1459 2092 εὔχροια
1499 2020 1731 2091 ἱματίων

175 2111 224 2162 οὗ
250 2110 395 2173 σώζει
424 2111 532 2179 τῆς
560 2114 705 2164 κατὰ
728 2111 861 2165 Θεὸν
900 2113 1193 2184 ἀσκήσεως
1221 2112 1314 2166 τδν
1347 2113 1567 2174 κανόνα,
1597 2110 1734 2182 ἐρώ-

175 2220 309 2272 τησον
339 2204 603 2274 Ἰωάννην
628 2202 720 2255 τὸν
741 2202 1002 2269 Θεολόγον
1030 2202 1121 2256 τὸν
1148 2202 1241 2256 τοῦ
1274 2201 1481 2273 Κυρίου
1508 2201 1734 2273 διαγρά-

177 2310 313 2362 φοντα
334 2294 578 2364 χιτῶνα·
616 2293 713 2347 καὶ
745 2292 943 2364 φράσει
976 2309 1090 2346 σοι·
1133 2311 1152 2345 ι
1196 2293 1255 2346 '0
1283 2294 1339 2346 δὲ
1370 2291 1538 2363 χιτὼν
1566 2292 1731 2347 αὑτοῦ

174 2379 227 2453 ἦν
257 2386 528 2457 ἅῤῥαφος,
570 2386 637 2439 ὲκ
664 2385 774 2438 τῶν
806 2385 1012 2440 ἄνωθεν
1053 2385 1288 2454 ὑφαντὸς
1316 2385 1384 2437 δι’
1410 2385 1557 2441 ὅλου.
1584 2404 1603 2437 ι
1638 2386 1735 2449 Τίς

175 2475 219 2527 δὲ
242 2477 411 2544 ἀγνοεῖ
438 2477 549 2547 τὴν
599 2477 877 2531 εὐτέλειαν
911 2477 1015 2547 τῆς
1058 2478 1285 2548 ἐσθῆτος
1316 2478 1554 2549 ἐκείνης,
1586 2471 1733 2551 ᾗπερ

174 2568 213 2618 οἱ
244 2569 437 2639 πτωχοὶ
484 2568 788 2639 κέχρηνται
832 2569 941 2623 τῶν
976 2568 1304 2633 Γαλιλαίων,
1353 2568 1476 2622 καθ’
1514 2568 1608 2632 οὒς
1639 2571 1735 2623 καὶ

178 2658 377 2728 μάλιστα
398 2661 468 2714 τὺ
489 2660 705 2715 τοιοῦτο
728 2662 875 2730 φιλεῖ
898 2661 1145 2731 γίνεσθαι
1168 2661 1385 2731 ἱμάτιον
1406 2661 1543 2728 (75),
1567 2659 1733 2734 τέχνῃ

175 2753 275 2812 τινὶ,
296 2752 363 2815 ὡς
386 2755 445 2807 αἱ
476 2753 919 2825 στηθοδεσμίδες,
937 2753 1311 2825 ἀνακρουστὸν
1341 2753 1733 2824 ὑφαινόμενον;

175 2842 302 2895 Μάθε
327 2844 382 2897 δὲ
419 2845 527 2899 καὶ
571 2848 727 2917 παρὰ
768 2844 863 2899 τοῦ
894 2845 1040 2899 θείου
1087 2845 1390 2909 Ματθαίου,
1422 2849 1441 2868 ⁶
1478 2845 1737 2915 Ἰωάννην

174 2935 246 2987 τόν
272 2936 584 3008 Βαπτιστὴν
620 2938 1077 3007 ἀπαγγέλλοντος,
1112 2938 1341 3009 καὶὲρεϊ
1368 2954 1450 2991 σοι
1469 2955 1485 2971 ο
1517 2957 1536 2990 ι
1566 2938 1738 3002 Αὐτὸς

174 3026 221 3081 ει
243 3030 270 3080 ό
299 3029 560 3101 Ἰωάννης
594 3025 708 3101 εἶχε
737 3030 799 3084 τὸ
831 3030 1035 3101 ἔνδυμα
1066 3031 1232 3085 αὐτοῦ
1262 3031 1371 3084 ἀπὸ
1397 3030 1604 3103 τριχῶν
1635 3047 1739 3084 κα-

176 3120 341 3189 μήλου.
363 3141 385 3174 ι
426 3122 611 3176 Βλέπε
652 3122 748 3176 καὶ
775 3122 869 3175 τὸν
911 3122 1290 3191 μεγαλόφρονα
1334 3123 1428 3176 καὶ
1476 3122 1739 3192 θεοφόρον

1829 573 1948 629 bes.
1995 572 2105 629 Nec
2171 589 2299 630 vero
2373 588 2607 630 maerore
2649 583 2812 644 atque
2893 574 3061 630 animi
3132 574 3410 634 anxietate

1830 664 2198 721 consterneris
2239 667 2307 719 ob
2334 678 2398 719 ea
2444 680 2565 735 quae
2597 679 2744 720 nunc
2788 664 2905 720 ﬁeri
2953 664 3155 722 vidisti.
3191 663 3328 723 Nam
3355 679 3414 721 ut

1831 764 2033 811 sach
2065 769 2205 810 arcae
2234 757 2455 810 minime
2479 755 2738 825 pepercit,
2766 770 2953 811 verum
3004 770 3125 812 eam
3153 771 3263 813 una
3283 771 3410 812 cum

1832 847 1968 917 ipsis
1986 846 2362 903 sacerdotibus
2391 848 2481 917 qui
2508 847 2879 918 deliquerant,
2902 847 3151 903 barbaris
3179 849 3409 912 dedidit,

1831 950 1887 995 et
1924 941 2114 996 urbem
2149 940 2622 1005 sanctiﬁcationis,
2678 947 2734 995 et
2783 940 3065 996 cherubim
3101 940 3307 1012 gloriae,
3357 949 3413 995 et

1832 1032 2050 1095 stolam,
2098 1039 2153 1086 et
2186 1031 2554 1100 prophetiam,
2584 1040 2640 1088 et
2688 1031 3025 1098 unctionem,
3071 1042 3127 1089 et
3180 1034 3407 1090 thumim

1834 1124 1890 1179 in
1944 1124 2413 1180 conculcationem
2475 1132 2532 1179 et
2582 1123 3099 1180 contaminatiouem
3157 1126 3411 1196 gentibus

1834 1213 2044 1270 addixit
2065 1216 2113 1248 "
2140 1232 2153 1267 :
2190 1216 2261 1271 ita
2296 1231 2365 1271 ne
2392 1230 2535 1270 nunc
2570 1214 2788 1284 quidem
2817 1216 2883 1269 ab
2912 1215 3061 1269 omni
3093 1215 3215 1271 labe
3259 1217 3412 1285 puris

1834 1305 2108 1375 mysteriis
2125 1306 2318 1375 parcit,
2333 1303 2442 1377 24
2461 1313 2539 1371 ut,
2558 1305 2682 1359 dum
2701 1306 2815 1359 suis
2829 1304 2964 1359 aulis
2978 1306 3198 1361 minime
3216 1308 3410 1377 parcit,

1836 1404 2100 1451 terrorem
2138 1396 2226 1463 iis,
2271 1398 2363 1468 qui
2407 1408 2655 1467 peccant,
2689 1398 2918 1466 injiciat,
2961 1398 3287 1454 atrociorem
3333 1399 3413 1453 vi-

1834 1484 2032 1541 delicet
2085 1501 2297 1555 poenam
2339 1486 2410 1542 ob
2464 1502 2525 1543 ea
2549 1503 2668 1557 qua:
2712 1499 2899 1559 agunt,
2949 1488 3411 1559 exspectantibus.

1848 1593 1868 1627 ι
1908 1573 2094 1632 Ululet
2121 1578 2265 1632 enim
2298 1579 2468 1643 abies,
2501 1581 2625 1649 quia
2671 1581 2865 1635 cecidit
2907 1583 3100 1635 cedrus
3122 1582 3190 1636 ⁸ο.
3220 1599 3241 1635 ι
3277 1579 3414 1637 For-

1840 1665 1985 1724 tibus
2018 1670 2363 1735 cadentibus,
2398 1670 2750 1726 imbecilliora
2773 1673 3108 1728 erudiantur.

2082 1783 2322 1841 LXXIV.
2358 1816 2427 1826 —
2456 1785 2766 1843 CRATONI
2799 1786 3151 1844 MONACHO.

1974 1885 2054 1942 De
2090 1888 2157 1942 iis
2200 1889 2289 1957 qui
2324 1888 2569 1943 mollibus
2602 1890 2896 1943 induuntur
2932 1891 3271 1945 vestimentis.

1899 1977 2055 2068 Quod
2103 2000 2333 2056 vestitus
2385 2002 2662 2067 mollities,
2714 2012 2772 2058 et
2821 2003 3112 2071 subtilitas,
3156 2005 3414 2074 colorque

1830 2093 2049 2162 elegans
2080 2091 2350 2162 religiosa:
2370 2107 2434 2148 ac
2489 2094 2599 2149 Deo
2632 2102 2799 2163 grata:
2822 2095 3229 2158 exercitationis
3255 2110 3415 2169 regu-

1842 2184 1947 2237 lam
1966 2183 2189 2239 minime
2212 2194 2450 2247 servent,
2468 2182 2801 2255 'l‘heologum
2824 2185 3088 2241 Joannem
3118 2187 3412 2257 interroga,

1840 2275 2051 2329 Domini
2093 2276 2331 2330 tunicam
2357 2276 2787 2347 describentem;
2812 2292 2875 2333 ac
2905 2277 3003 2331 tibi
3028 2276 3203 2333 dicet:
3236 2296 3256 2329 ι
3284 2277 3417 2334 Erat

1836 2373 2017 2421 autem
2068 2365 2249 2420 tunica
2298 2364 2419 2433 eius
2478 2365 2823 2421 iucousutilis
2873 2368 3107 2438 desuper
3156 2378 3411 2423 contexta

1834 2472 1930 2526 per
1973 2466 2144 2513 totum
2168 2456 2237 2515 ⁹¹.
2273 2475 2293 2510 ι
2327 2456 2462 2524 Quis
2507 2469 2687 2514 autem
2746 2460 2914 2515 vestis
2948 2459 3094 2516 illius
3141 2460 3410 2515 vilitatem

1836 2550 2082 2617 ignorat,
2118 2558 2175 2602 ut
2196 2564 2299 2619 qua
2330 2550 2670 2605 Galilaeorum
2692 2565 2955 2621 pauperes
2984 2561 3240 2615 utantur,
3274 2555 3414 2621 apud

1838 2655 1971 2709 quos
2018 2640 2182 2696 etiam
2236 2642 2469 2698 maxime
2523 2643 2829 2712 huiusmodi
2874 2643 3039 2698 vestis
3070 2658 3239 2712 genus
3288 2644 3406 2697 lleri

1839 2731 1995 2795 solet,
2027 2743 2144 2785 arte
2175 2733 2432 2800 quadam,
2465 2743 2523 2787 ut
2558 2734 2875 2799 peetoralia,
2913 2735 3187 2790 retraetim
3213 2749 3416 2791 consu-

1838 2819 1992 2875 tum?
2014 2820 2150 2876 Audi
2172 2820 2333 2875 etiam
2356 2819 2688 2887 Matthaaum,
2709 2836 2830 2877 cum
2858 2822 2925 2876 de
2944 2820 3153 2878 Joanne
3177 2821 3414 2893 Baptista

1836 2912 2002 2966 verba
2065 2908 2231 2975 facit,
2260 2926 2325 2965 ac
2358 2912 2454 2966 tibi
2510 2913 2654 2966 dicet
2687 2930 2702 2967 :
2740 2930 2760 2964 ι
2792 2914 2911 2982 Ipse
2954 2924 3131 2969 autem
3180 2912 3417 2970 Joannes

1840 3002 2075 3057 habebat
2129 3002 2510 3058 vestimentum
2544 3018 2608 3058 ex
2639 3004 2763 3074 pilis
2781 3004 3105 3060 camelorum
3128 3005 3195 3060 “.
3236 3024 3257 3059 ι
3284 3004 3419 3062 Vide

1842 3092 1971 3146 item
2012 3091 2163 3147 illum
2196 3093 2360 3147 animi
2411 3095 2781 3163 magnitudine
2816 3096 3096 3166 praeditum
3121 3111 3186 3152 ac
3232 3098 3418 3153 divino

403 3214 507 3267 τὸν
543 3212 783 3285 Ἡρώδου
814 3183 1003 3283 τῦφον,
1031 3183 1379 3286 ἱστοροῦντα,
1407 3214 1500 3268 καὶ
1624 3183 1732 3284 ήμ-

1841 3183 2043 3255 Spiritu
2068 3183 2304 3240 alIlatum
2339 3184 2563 3253 Lucam,
2592 3185 2819 3243 Herodis
2844 3186 3041 3244 fastum
3066 3199 3410 3255 narrantem,

174 3302 373 3373 πίσχετο
402 3304 615 3374 ἐσθῆτα
642 3305 1016 3371 διαϐάλλοντα,
1043 3307 1135 3360 καὶ
1164 3308 1290 3370 τοὺς
1321 3308 1389 3361 τὰ
1430 3306 1650 3378 μαλακὰ
1680 3306 1738 3360 δὲ

175 3392 452 3462 φοροῦντας
474 3435 490 3458 ,
535 3397 594 3447 ἒν
641 3399 755 3460 τοῖς
788 3397 959 3460 οῐκοις
993 3397 1102 3450 τῶν
1150 3397 1415 3468 βασιλέων
1452 3398 1738 3469 τρίϐεσθαι

1846 3285 2009 3344 atque
2033 3290 2176 3342 eam,
2195 3290 2301 3345 qua
2322 3277 2541 3331 indutus
2562 3287 2701 3343 erat,
2731 3289 2934 3334 vestem
2964 3280 3413 3347 traducentem”,

1850 3368 2179 3436 eosque,qui
2218 3366 2397 3421 mollia
2414 3367 2725 3423 indumenta
2738 3368 3017 3437 gerunt,in
3042 3384 3227 3439 regum
3243 3370 3416 3424 domi-

174 3457 393 3547 λέγοντα.
427 3457 577 3539 Ἀλλ’
600 3486 699 3539 οὐκ
726 3457 850 3551 ἀξια
871 3457 965 3540 rei“)
989 3457 1174 3559 νοεροξῖ
1222 3457 1506 3559 νυμφῶνος
1546 3491 1732 3561 ἀστρά·

1850 3457 1951 3512 bus
1986 3457 2193 3512 versari
2229 3458 2494 3513 dicentem
2517 3458 2586 3511 θδ.
2626 3460 2695 3512 At
2753 3458 3055 3528 huiusmodi
3097 3461 3419 3518 vestimenta

180 3592 384 3642 πτοντος
424 3578 502 3631 τὰ
530 3578 825 3649 ἐνδύματα.
860 3581 924 3633 El
954 3574 1049 3633 οὖν
1084 3580 1274 3633 τούτου
1308 3581 1613 3651 ἐπιθυμεῖς,
1641 3583 1740 3652 τὴν

185 3666 337 3738 Ἰησοῦ
365 3670 468 3722 τοῦ
503 3669 637 3724 Θεοῦ
663 3672 822 3741 ήμῶν
848 3671 1039 3741 εὐτελῆ
1067 3670 1269 3742 ἐσθῆτα
1299 3670 1489 3741 μιμοῦ.
1529 3672 1593 3723 'H
1629 3672 1737 3742 γὰρ

177 3757 348 3829 θρύψις
394 3762 504 3832 τῆς
530 3763 761 3817 ἐνταῦθα
791 3762 1049 3834 τυγχάνει
1081 3762 1367 3833 βλακείας,
1407 3762 1469 3815 οὐ
1500 3763 1597 3832 τῆς
1624 3764 1738 3818 ἄνω

179 3853 524 3923 mmet“:-

516 4032 729 4087 OE'.—
752 4030 1016 4098 ΙΩΑΝΝῌ
1050 4028 1386 4101 armum.

438 4151 545 4215 Εἰς
575 4148 683 4202 τὸν
709 4145 1046 4217 πειρασμὸν
1072 4145 1179 4199 τοῦ
1210 4145 1453 4213 Kvpt’ov.

236 4261 297 4315 El
325 4260 405 4334 [ὁ]
447 4260 688 4331 Χριστὸς
734 4261 815 4323 εἰς
859 4257 1067 4331 ἔρημον
1108 4257 1318 4329 ἀνήχθη
1353 4257 1737 4328 πειρασθῆναι,

175 4351 288 4417 Θεὸς
316 4354 420 4425 [ὢν
450 4352 572 4425 καὶ]
597 4350 1020 4422 ἐνανθρωπήσας
1040 4352 1106 4404 δι’
1131 4352 1301 4420 ἡμᾶς,
1328 4351 1383 4404 τί
1418 4349 1738 4421 θαυμάζεις,

177 4446 218 4496 εἰ
248 4445 409 4509 αὐτὸς
431 4446 519 4498 ἐπ’
546 4444 782 4515 ἐρημίας
801 4443 1006 4511 διάγων
1043 4444 1393 4513 πειρασμοῖς,
1420 4441 1498 4506 ὡς
1537 4441 1736 4509 λέγεις,

1851 3548 2126 3617 spirituali
2157 3547 2249 3603 illo
2269 3548 2525 3616 thalamo,
2558 3549 2784 3622 fulguris
2813 3552 2864 3606 in
2893 3553 3108 3607 modum
3134 3553 3413 3618 rutilante,

1842 3640 2064 3695 minime
2094 3639 2255 3710 digna
2282 3648 2432 3697 sunt.
2477 3640 2839 3708 Quamobrem
2881 3642 2926 3699 si
2958 3643 3113 3708 hujus
3145 3646 3416 3701 desiderio

1842 3732 2063 3794 teneris,
2091 3732 2251 3786 vilem
2304 3734 2398 3787 Dei
2445 3736 2615 3789 nostri
2688 3734 2814 3791 Jesu
2863 3737 3114 3790 vestitum
3174 3738 3411 3793 imitare.

1841 3824 1973 3879 Nam
1997 3826 2246 3881 mollities
2277 3829 2555 3896 praesentis
2592 3828 2822 3884 lascivia:
2864 3840 2972 3895 est,
3022 3846 3128 3884 non
3174 3831 3415 3887 ctelestis

1841 3917 2162 3987 splendoris.

2146 4031 2359 4089 LXXV.
2395 4063 2466 4075 —
2486 4034 2726 4091 JOANNI
2758 4035 3107 4093 ΕΒΕΜΙΤΑΞ.

2282 4149 2349 4204 In
2380 4151 2717 4206 Mutationem
2744 4150 2980 4205 Domini.

1909 4257 2044 4313 Cum
2075 4258 2345 4327 Christus,
2371 4263 2462 4332 qtti
2496 4262 2635 4318 Deus
2669 4273 2806 4328 erat,
2840 4273 3003 4334 atque
3024 4272 3208 4319 ucstra
3234 4277 3408 4318 causa

1842 4354 2237 4409 humanitatem
2270 4354 2539 4422 induerat,
2572 4357 2624 4411 in
2659 4358 2956 4422 desertum,
2991 4365 3049 4411 ut
3092 4364 3408 4421 tentaretur,

1842 4446 2034 4500 ductus
2064 4444 2231 4499 fuerit
2252 4445 2321 4512 ⁵⁸,
2365 4447 2494 4516 quid
2524 4448 2761 4511 miraris,
2796 4456 2849 4502 te
2892 4447 2946 4502 in
2978 4446 3270 4502 solitudine
3306 4447 3413 4500 ade-

177 4538 455 4603 ιαλαίειςς
490 4537 732 4607 Πρόσεχε
758 4531 853 4589 οὖν
908 4535 1048 4607 μόνῃ
1078 4536 1146 4604 τῇ
1194 4532 1341 4604 νίκῃ·
1366 4533 1460 4586 τοῦ
1499 4532 1732 4602 Χριστοῦ

1844 4546 2077 4606 gentem,
2110 4540 2518 4605 tentationihus,
2561 4550 2621 4594 ut
2668 4541 2871 4610 inquis,
2926 4540 3271 4596 conﬂictari?
3322 4538 3405 4592 Ad

176 4630 410 4698 νομίμως
445 4629 742 4699 γενομένῃ·
789 4624 1062 4691 κενοδοξία
1097 4624 1206 4696 γὰρ
1233 4623 1509 4695 ἐκρατήθη
1538 4624 1671 4695 (74),
1706 4625 1739 4695 ή

174 4720 510 4791 ὑπρηφανὶα
537 4719 791 4791 ἐσϐέσθη,
824 4716 1158 4790 φιλαργυρία
1182 4714 1472 4785 κατελύθη,
1505 4714 1599 4769 καὶ
1626 4717 1653 4768 ὁ
1681 4715 1740 4782 ὲξ

174 4810 415 4877 ἐναντίας
447 4811 744 4881 ὲνετράπη,
772 4810 929 4863 οὐδὲν
953 4808 1063 4862 τῶν
1089 4807 1305 4861 οἰκείων
1352 4806 1523 4875 βελῶν
1550 4806 1741 4860 διαπε-

173 4905 393 4974 (vv-iisut
430 4904 672 4976 ἰσχύσας.
700 4902 812 4956 Καὶ
856 4901 1082 4963 εἰκότως
1109 4898 1335 4986 ἀνδρίσῃ
1369 4899 1464 4951 καὶ
1503 4898 1614 4951 τῶν
1652 4915 1741 4950 τι-

238 5077 285 5147 f’
307 5075 377 5130 IV
396 5076 522 5147 Reg.
548 5091 682 5139 xxv,
713 5075 746 5129 8
778 5088 935 5147 seqq.
1055 5072 1113 5147 ”_
1142 5069 1307 5125 Zaclt.
1343 5070 1493 5135 “,2.

173 5146 378 5202 “Luc.
402 5143 495 5212 vn,
536 5146 627 5201 25.
702 5147 748 5177 "
776 5143 1058 5209 Manium,
1093 5143 1118 5194 1
1156 5156 1310 5209 seqq.

1619 5070 1661 5101 “
1691 5067 1847 5125 Joan.
1880 5087 1992 5137 χιιι,
2020 5072 2111 5129 25.

1837 4626 2009 4682 solam
2056 4626 2220 4696 igitur
2243 4626 2444 4684 Christi
2479 4630 2761 4685 victoriam
2793 4628 3031 4701 legitime
3053 4638 3262 4699 partam
3290 4626 3412 4679 ani-

1841 4731 1986 4771 mum
2037 4717 2232 4786 adiice.
2266 4716 2446 4775 Inanis
2474 4722 2618 4775 enim
2672 4721 2839 4793 gloria
2892 4720 3102 4777 calcata
3153 4728 3258 4782 est,
3309 4734 3411 4773 ex-

1836 4808 2037 4862 stincta
2064 4810 2341 4877 superbia,
2372 4826 2630 4883 oppressa
2658 4813 2913 4877 avaritia,
2954 4816 3271 4885 pudoreque
3297 4813 3413 4866 suf-

1842 4898 1996 4955 fusus
2025 4899 2395 4970 adversarius,
2425 4904 2593 4975 utqui
2626 4904 2774 4960 nulla
2825 4906 3143 4978 sagittarum
3189 4917 3410 4960 suarum

2226 5076 2272 5105 "
2299 5074 2493 5129 Matth.
2526 5090 2607 5142 ιιι,
2638 5077 2694 5131 4.
2769 5078 2815 5109 ⁹³
2848 5078 2968 5134 Act.
3001 5095 3100 5143 xu,
3128 5078 3193 5132 ‘21
3250 5093 3409 5151 seqq“

1256 5282 1494 5339 VARUS
1532 5271 1916 5341 LECTIONES
1953 5286 2042 5343 ET
2080 5287 2312 5343 NOTAE.

235 5438 353 5511 (75)
381 5436 475 5492 Pro
498 5436 721 5509 ιμάτιον
741 5434 869 5511 cod.
894 5434 1015 5511 Yat.
1050 5431 1303 5511 649_legit
1327 5427 1459 5511 εἷμα
1479 5441 1541 5511 _et
1577 5430 1711 5511 duas

603 5507 838 5568 voculas,
876 5505 1042 5575 τέχνῃ
1084 5501 1601 5577 τινιέιιοιιιιαιιθι,
1638 5502 1715 5577 uti

1841 5501 1934 5577 lat.
1966 5502 2152 5577 649_é_t
2170 5501 2279 5556 Alt.

1886 5431 2021 5503 (74),
2049 5430 2154 5503 Pro
2186 5431 2497 5503 ἐκρατήθη,
2542 5434 2685 5503 quod
2731 5433 2943 5489 videtur
2994 5441 3201 5489 rectum
3251 5434 3409 5491 codd.

2320 5502 2524 5570 ponunt
2540 5502 2832 5574 ἠπατήθη.
2864 5502 3223 5574 Verisimilius
3246 5504 3409 5560 iidem

170 5571 472 5647 neqne'h‘t.
522 5580 573 5630 in
622 5587 876 5647 contextu
912 5571 1163 5647 ::l.atl|8lt_
1186 5573 1275 5627 hic
1315 5585 1427 5647 eas
1452 5571 1610 5647 _pon_i_t
1659 5571 1714 5625 in
1814 5574 1973 5647 ambo
2000 5572 2155 5647 codd.
2193 5587 2288 5641 pro
2319 5587 2383 5625 eo
2410 5572 2552 5647 quod
2578 5571 2735 5647 vers.
2768 5571 2809 5628 9⁷
2831 5573 3100 5647 l_e_gitttrin
3128 5574 3289 5631 editis
3314 5574 3412 5629 καὶ

167 5641 431 5717 margine.
460 5647 615 5702 Vers.
648 5645 850 5717 penult.
882 5644 1125 5717 mira‘est
1150 5641 1203 5695 in
1230 5645 1354 5717 cod.
1375 5641 1509 5717 -ᾼΙι.
1540 5642 1717 5695 diver-

1815 5640 2067 5717 είιιότως,
2112 5640 2321 5717 legunt,
2347 5640 2454 5717 Δκαὶ
2499 5643 2547 5695 εί
2599 5642 2791 5717 οὕτως.
2841 5640 2993 5698 νένιι.
3031 5653 3281 5715 antepen.
3310 5660 3410 5717 pro

166 5709 333 5780 sitas';
364 5731 473 5770 nam
504 5718 547 5771 is
578 5709 674 5783 pro
702 5716 736 5784 ἡ
765 5714 875 5785 γὰρ
902 5712 1123 5785 θρύψις,
1156 5712 1304 5785 quod
1340 5711 1548 5785 videtur
1573 5722 1721 5767 recte

1841 5709 2005 5766 ῖοῦτον
2042 5709 2303 5769 οοό.ἈΙι.
2347 5712 2506 5767 habet
2537 5712 2712 5766 τοῦτο.
2744 5711 2953 5770 Possm.

169 5788 482 5871 positum'm
508 5779 742 5855 vulgato,
774 5779 900 5852 leg'it
928 5779 983 5836 αἱ
1012 5779 1122 5853 γὰρ
1150 5779 1376 5852 θλίψεις.
1403 5779 1610 5836 Possm.

414 5882 674 5945 PATBOL.
716 5882 831 5943 Gn.
863 5878 1173 5943 LXXVIII.

2967 5879 3001 5938 8
