3896 6404
508 372 619 442 235
1702 371 1763 432 S.
1807 371 2101 433 ISIDORI
2140 372 2578 437 PELUSIOTE
2710 372 2719 380 ’
3644 373 3734 437 236

513 496 685 564 ipsius
706 498 894 561 pectus
938 486 1192 560 trajicere
1225 486 1510 560 potuisset.
1540 486 1621 541 Ad
1658 488 1904 543 eumdem
1935 488 2051 558 igitt

2198 490 2557 562 τρωσκόντων
2590 487 2691 560 τὴν
2738 486 2918 559 ψυχὴν
2967 484 3137 555 ξιφῶν
3175 482 3575 556 ὑπεμνάσχῃς,
3606 488 3733 544 ἀντι-

513 584 737 639 modum
784 580 833 635 si
879 588 936 634 tn
978 592 1195 649 quoque
1236 592 1382 644 eam,
1420 592 1580 648 quam
1624 589 1723 647 par
1764 586 1869 642 est,
1918 577 2051 630 anim

2196 581 2391 633 τυπίαν
2420 580 2766 650 κτησάμενος
2798 580 2897 652 τὴν
2927 577 3215 639 ἀπάθειαν,
3244 573 3464 642 ἄγγελοί
3494 591 3570 629 σοι
3614 580 3734 646 μετὰ

518 671 949 743 magnitudinem
980 670 1317 739 praestiteris,
1340 667 1871 741 gladiisque,qnibus
1902 667 2056 722 anim:

2199 668 2292 740 τὴν
2326 669 2504 740 πάλην
2530 670 2963 741 διακονήσουσιν,
2994 669 3057 720 οὐ
3087 665 3355 730 δουλικῶς
3393 665 3737 739 ὑπηρετούμε.

514 762 960 824 convulneratur,
993 760 1285 831 superatis,
1322 769 1372 815 te
1406 760 1459 815 in
1509 758 1679 813 animi
1725 758 2052 828 tranquillita

2198 776 2294 824 νοι,
2324 758 2511 829 ἐπειδὴ
2539 759 2696 813 τοῦτο
2732 757 2850 830 Θεῷ
2886 758 3031 829 μόνῳ
3064 755 3344 825 ὠφείλετο,
3386 754 3518 808 ἀλλά
3552 773 3736 828 νικητι-

521 866 631 911 tem
675 853 1014 917 asserueris,
1056 851 1234 922 angeli
1281 851 1379 907 tibi
1432 859 1553 919 post
1600 849 1884 904 victoriam
1924 849 2059 905 mini

2197 850 2309 913 κῶς
2350 849 2737 919 στεφανοῦντες
2768 867 2848 905 σε.
2878 848 3078 903 Τοῦτον
3105 848 3215 919 γὰρ
3243 846 3356 916 ἔχει
3405 845 3587 918 μισθὸν
3608 850 3634 901 ό
3659 849 3735 903 τὸν

512 946 861 1003 strabunt":
895 961 1002 1001 non
1056 945 1275 1013 quidem
1307 942 1555 998 servilem
1586 942 1639 997 in
1669 942 1887 997 modum
1919 941 2048 995 mini

1837 957 1887 995 m
1919 941 2081 995 mini-
2189 941 2435 1013 παρόντα
2472 942 2660 1010 ἀγῶνα
2684 941 2947 1010 γενναίως
2973 940 3375 1010 ἀνδριζόμενος.

512 1051 748 1102 strantes
798 1039 1252 1111 (quandoquidem
1298 1039 1398 1093 hoc
1452 1036 1551 1092 soli
1595 1035 1709 1091 Deo
1748 1034 2108 1105 debebatur),
2149 1050 2338 1090 verum
2378 1036 2604 1090 victoris
2643 1035 2697 1090 in
2758 1049 2963 1090 morem
3012 1043 3174 1102 caput
3222 1042 3370 1087 tuum
3415 1047 3602 1087 corona
3641 1032 3738 1087 cin-

512 1147 722 1204 gentes.
751 1131 904 1187 Hauc
925 1133 1069 1187 enim
1098 1129 1401 1185 mercedem
1426 1127 1589 1183 habet
1619 1126 1710 1196 qui
1739 1127 1793 1182 iu
1819 1128 2073 1197 presenti
2108 1128 2410 1182 certamine
2464 1136 2685 1181 strenue
2716 1140 2775 1180 se
2809 1125 2968 1196 gerit.

1002 1223 1235 1280 LXXVI.
1266 1251 1335 1264 —-
1367 1223 1600 1279 EIDEM.

2685 1222 2823 1287 oq'.
2845 1250 2915 1260 —
2943 1220 3032 1292 To
3071 1220 3276 1291 ΑΥΤῼ.

749 1340 860 1396 Cur
885 1339 1085 1410 lapidea
1116 1355 1221 1393 non
1244 1338 1369 1408 fecit
1395 1353 1556 1407 panes
1588 1337 1864 1393 Dominus.
2252 1332 2287 1386 Δ

2252 1332 2359 1386 Διὰ
2392 1332 2453 1387 τι
2486 1331 2627 1400 τοὺς
2673 1332 2907 1457 λίθουςὲ
2924 1335 3035 1420 ρύκ
3079 1332 3368 1401 ἐποίησεν
3402 1331 3612 1400 ἄρτους
3647 1334 3676 1387 ὀ

2907 1419 3091 1470 υριος.

518 1526 521 1527 ⁷
579 1518 735 1587 Quod
769 1510 975 1589 lapides
1006 1532 1035 1572 a
1065 1516 1285 1573 Christo
1313 1516 1366 1571 in
1393 1530 1561 1587 panes
1583 1516 1805 1572 minime
1832 1531 2056 1573 convers

2263 1514 2327 1568 Οί
2352 1513 2511 1577 λίθοι,
2533 1514 2688 1585 ἄρτοι
2711 1513 2862 1585 παρά
2882 1514 3117 1585 Χριστοῦ
3138 1515 3198 1567 ού
3223 1513 3526 1583 γεγόνασιν,
3547 1512 3732 1584 ἄριστε,

516 1610 693 1666 sint"
723 1610 829 1682 (vir
850 1608 1344 1679 praestantissime),
1374 1622 1481 1662 non
1515 1608 1715 1663 idcirco
1742 1607 1942 1663 factum
1972 1619 2054 1663 est

2196 1604 2304 1675 aiax).
2330 1606 2428 1675 τῆς
2449 1605 2598 1677 ὥρας
2617 1604 2725 1657 τῶν
2749 1604 3042 1675 θαυμάτων
3062 1602 3187 1676 [ἔτι]
3209 1604 3283 1675 μὴ
3305 1604 3597 1674 παρούσης,
3611 1605 3677 1666 ὡς
3694 1606 3734 1658 oi

506 1700 652 1774 quod
676 1700 1007 1756 edendorum
1028 1699 1410 1754 miraculorum
1441 1708 1651 1768 tempus
1679 1700 1910 1753 nondum
1933 1701 2044 1755 ade:

2196 1696 2500 1767 ιακόσχολοι
2526 1696 2925 1768 ῥητορεύουσιν,
2949 1696 3088 1751 ἀλλὰ
3107 1698 3208 1767 τῆς
3236 1695 3501 1766 αἰτήσεως
3525 1697 3734 1764 ματαίας

504 1804 611 1858 set,
638 1791 1089 1862 quemadmodum
1140 1790 1281 1845 male
1306 1790 1484 1846 feriati
1516 1791 1763 1846 homines
1787 1792 2035 1860 garriunt

2196 1787 2370 1859 δύσης,
2399 1790 2494 1843 καὶ
2519 1788 2599 1859 τῷ
2633 1787 2881 1860 ζητοῦντι
2910 1788 3245 1860 πρεπούσης.
3275 1788 3407 1851 Θεὸς
3437 1788 3539 1859 γὰρ
3582 1788 3734 1841 πάντα

502 1885 599 1940 sed
640 1882 764 1952 quia
802 1881 994 1951 petitio
1026 1896 1162 1935 vana
1194 1888 1334 1945 erat,
1358 1890 1413 1935 et
1443 1884 1672 1951 petitore
1719 1883 1903 1951 digna.
1937 1882 2040 1937 Deu

2198 1879 2402 1953 πάθμῃ
2434 1879 2572 1951 (75),
2594 1881 2693 1934 καὶ
2709 1882 2912 1951 μέτρῳ,
2945 1881 3039 1933 καὶ
3068 1881 3228 1950 χρείᾳ
3254 1880 3555 1950 χαρίζεται.
3586 1878 3736 1933 Ἔνθα

502 1975 651 2031 enim
682 1972 788 2043 25
819 1973 998 2027 omnia
1046 1987 1167 2027 cum
1204 1973 1461 2042 pondere,
1492 1988 1766 2038 mensura,
1794 1983 1850 2028 et
1891 1989 2040 2030 neces

2198 1971 2239 2024 ἰὲ
2269 1970 2374 2044 [τὸ]
2412 1972 2667 2045 περιττὸν
2697 1972 2756 2025 τὸ
2788 1971 3143 2043 ζητούμενον,
3188 1972 3283 2025 καὶ
3327 1971 3390 2025 τὸ
3418 1971 3736 2043 θαυματουρ-

505 2070 669 2123 sitate
711 2066 962 2137 largitur.
999 2064 1099 2120 Ubi
1138 2074 1322 2120 autem
1355 2066 1497 2135 quod
1532 2065 1791 2133 quaeritur
1818 2079 2043 2136 superva

1443 2066 1497 2119 ad
1532 2065 1791 2133 quaeritur
1818 2079 2077 2136 superva-
2180 2063 2298 2129 γείν
2329 2061 2547 2126 πάντως
2574 2061 2674 2116 οὐκ
2706 2061 2981 2134 εὔκαιρον.

503 2175 733 2217 caneum
779 2168 901 2221 est,
934 2158 1045 2211 illic
1081 2171 1295 2227 quoque
1341 2156 1601 2212 miracula
1645 2158 1808 2214 edere
1850 2172 2077 2229 prorsus

503 2250 943 2320 intempestivum
980 2256 1082 2301 est.

923 2339 1066 2396 LXX
1077 2342 1110 2395 γ
1121 2338 1182 2395 II.
1196 2370 1269 2381 —-
1290 2328 1650 2400 DIOSCORO.

2655 2334 2775 2389 oz'.
2816 2361 2887 2374 -
2924 2330 3284 2402 ΔΙΟΣΚΟΡῼ.

644 2455 977 2527 Impouibile
1001 2473 1117 2512 esse
1147 2456 1201 2510 in
1234 2457 1404 2511 medio
1437 2458 1664 2514 tumultu
1687 2459 1934 2515 virtutem

1167 2543 1425 2582 exercere.

2211 2452 2313 2505 οτι
2335 2449 2651 2520 ἀμήχανον
2680 2451 2753 2505 ἐν
2777 2450 2949 2576 μέιέιρ
2984 2451 3255 2521 θορύϐων
3290 2448 3519 2521 ἀρετὴν
3546 2465 3736 2519 κατορ-

2901 2535 3075 2576 ωσαι.

573 2641 758 2713 Usque
812 2640 946 2695 adeo
992 2639 1058 2694 ad
1105 2640 1333 2696 salutem
1415 2641 1666 2697 conducit
1715 2656 1960 2698 secessus
2008 2643 2077 2699 ab

2249 2638 2515 2692 Τοσοῦτον
2547 2638 2871 2710 χρησιμεύει
2902 2637 3042 2709 πρὸς
3084 2636 3360 2709 σωτηρίαν
3386 2638 3424 2708 ἠ
3456 2636 3564 2690 τῶν
3594 2632 3736 2707 θορύ-

501 2734 726 2789 urbanis
749 2730 1085 2795 tumultibus,
1116 2740 1173 2783 ut
1206 2731 1368 2785 etiam
1399 2729 1493 2785 Dei
1517 2730 1682 2787 Filius
1707 2731 1912 2789 relictis
1931 2733 2039 2789 urbi

2200 2725 2291 2781 iwv
2322 2727 2438 2798 (76)
2480 2727 2590 2781 τῶν
2624 2728 2862 2782 ἀστικῶν
2907 2728 3277 2800 ἀναχώρησις,
3308 2728 3391 2781 δτι
3424 2727 3525 2791 τὰς
3574 2728 3738 2789 πόλεις

505 2826 627 2889 bus,
652 2838 767 2891 eos,
795 2806 891 2891 qui
917 2837 1039 2878 cum
1075 2823 1308 2893 puritate
1340 2822 1551 2889 vivunt,
1583 2823 1636 2878 in
1668 2824 1867 2880 montis
1907 2839 2042 2880 cacu

2199 2819 2498 2875 ιαταλιπὼν
2527 2822 2555 2874 ὁ
2592 2820 2688 2873 τοῦ
2721 2819 2856 2874 Θεοῦ
2888 2819 3037 2885 mg,
3085 2821 3172 2873 ἐπ’
3201 2821 3385 2893 ἄκρων
3437 2820 3602 2891 ὀρέων
3627 2820 3737 2882 τοὺς

503 2914 651 2967 mine
695 2912 884 2966 beatos
923 2911 1232 2980 praedicarit
1288 2911 1354 2965 ⁸⁸.
1407 2909 1465 2966 In
1526 2927 1639 2984 quo
1676 2927 1775 2983 per
1824 2928 1909 2980 ea,
1955 2929 2041 2986 qui

2199 2910 2435 2983 ιαθαρῶς
2468 2911 2717 2982 βιοῦντας
2748 2910 3072 2984 ἐμακάριζε.
3105 2913 3329 2977 Δεικνὺς
3368 2912 3440 2967 δι’
3466 2905 3540 2967 ὧν
3581 2912 3737 2983 πράτ-

501 3003 756 3067 faciebat,
798 3000 929 3056 illud
954 3000 1293 3069 ostendebat,
1338 3001 1453 3057 ﬁeri
1493 3016 1599 3056 non
1654 3016 1836 3071 posse,
1877 3013 1937 3060 ut
1981 3019 2039 3075 qu

2200 3018 2289 3056 των
2319 3001 2617 3067 ἐδίδασκεν,
2658 3001 2733 3066 ὡς
2778 3002 3061 3069 ἀδύνατον,
3093 3003 3186 3057 τὸν
3221 3005 3299 3076 μὴ
3333 3003 3738 3059 ἀποσπασθέντα

501 3096 571 3150 ab
606 3094 794 3149 inieris
831 3092 999 3148 rebus
1036 3093 1259 3147 minime
1311 3107 1371 3148 se
1406 3093 1781 3160 abstraxisset,
1818 3106 1979 3165 atque
2007 3111 2037 3151 a

2202 3092 2288 3145 τῶν
2324 3092 2700 3165 χαμαιζήλων,
2747 3095 2842 3148 καὶ
2873 3095 3009 3167 πρὸς
3043 3096 3141 3167 τὴν
3175 3095 3352 3167 ἄκραν
3397 3095 3595 3168 ἀρετὴν
3624 3094 3740 3147 dva-

497 3186 719 3240 virtutis
756 3183 1031 3254 faStigium
1057 3185 1412 3250 ascendisset,
1445 3185 1636 3241 beatus
1669 3202 1699 3240 a
1741 3186 1853 3241 Deo
1880 3203 2035 3245 cense

2197 3182 2371 3250 Ξάντα,
2408 3185 2813 3255 μκαρισθῆναι
2848 3186 2999 3257 παρά
3024 3184 3181 3251 Θεοῦ,
3226 3186 3261 3258 ἢ
3299 3185 3410 3240 τῶν
3458 3184 3735 3257 μελλόντων

500 3284 672 3342 retur,
740 3284 834 3330 aut
889 3275 1072 3330 futura
1126 3275 1265 3329 bona
1290 3286 1736 3346 consequeretur.
1791 3276 1931 3334 Nam
1980 3294 2038 3350 qt

2196 3276 2353 3344 τυχεῖν
2377 3274 2619 3344 ἀγαθῶν.
2663 3275 2721 3329 Ὀ
2751 3276 2861 3348 γὰρ
2905 3277 2975 3331 τὰ
3006 3277 3119 3332 ἄνω
3147 3277 3385 3349 φρονῶν,
3418 3279 3540 3331 ἐκεῖ
3567 3291 3734 3330 κατοι-

504 3382 735 3437 superna
789 3368 969 3437 sapit,
1028 3366 1137 3421 illic
1189 3366 1397 3421 habitat
1447 3365 1539 3421 ubi
1590 3367 1838 3426 Christus
1885 3378 1970 3425 est
2016 3370 2042 3424 i1

2200 3366 2279 3431 :si,
2332 3360 2395 3419 οὗ
2428 3365 2669 3437 Χριστός
2721 3367 2869 3419 ἐστιν
2917 3368 2977 3422 ὲν
3024 3366 3173 3439 δεξιᾷ
3219 3366 3315 3421 τοῦ
3346 3367 3489 3422 Θεοῦ
3528 3364 3738 3431 καθεζό-

482 3458 692 3514 dextra
716 3458 806 3512 Dei
839 3461 1034 3512 sedens
1064 3459 1133 3514 ”.

839 3461 1034 3512 sedens
1064 3459 1133 3514 ”.
2176 3471 2356 3526 μενος.

680 3556 685 3563 ’
834 3568 1111 3624 LXXVIII.
1137 3599 1208 3614 η-
1235 3569 1461 3625 ΕΒΑΙᾸΞ
1493 3569 1723 3627 MILITI.

2529 3577 2657 3631 ora.
2681 3605 2750 3620 -
2776 3577 2984 3649 ΗΣΑΙᾼ
3014 3577 3423 3652 umnam.

763 3660 845 3712 Ad
868 3660 1087 3713 militem
1120 3659 1419 3716 inordinate
1449 3677 1502 3716 se
1532 3670 1812 3730 gerentem.

2469 3669 2628 3737 Πρὸς
2656 3673 3026 3739 στρατιώτην
3052 3672 3452 3727 ἀτακτοῦντα.

552 3773 629 3830 ’Si
659 3774 954 3845 gladiorum
1008 3777 1286 3845 cuspides,
1317 3786 1371 3832 et
1418 3777 1651 3847 galeam,
1684 3792 1749 3833 ac
1797 3778 2069 3834 thoracem

2253 3782 2315 3835 El
2352 3782 2533 3836 ὅπλων
2580 3782 2955 3854 αἰχμαὶε(77),
3001 3785 3094 3836 καὶ
3133 3785 3353 3856 κράνος,
3403 3787 3500 3839 καὶ
3551 3783 3735 3853 θώραξ.

476 3866 749 3939 δρτωείιιίο
804 3867 898 3922 tibi
954 3868 1020 3921 ad
1079 3867 1214 3923 bene
1258 3868 1542 3922 vivendum
1589 3882 1709 3923 esse
1768 3870 2013 3924 existima

2199 3872 2451 3943 ισφάλειά
2472 3891 2553 3927 σοι
2582 3876 2719 3944 πρὸς
2740 3875 2972 3939 εύζωῖαν
3000 3876 3334 3947 νενόμισται,
3354 3874 3737 3930 λωποδυτοῦντι

480 3960 707 4028 φυτεύω
748 3973 913 4026 agens
963 3973 1026 4013 ac
1074 3959 1187 4013 vias
1222 3959 1468 4014 desertas
1504 3959 1765 4023 reddens,
1804 3959 1904 4014 hoc
1935 3961 2011 4016 sci

2203 3965 2269 4019 :al.
2300 3966 2399 4027 τὰς
2436 3964 2740 4036 λεωφόρους
2788 3965 3112 4037 ἐρημοῦντιο
3151 3967 3259 4021 ἴσθι
3292 3967 3370 4032 ῶς
3418 3968 3601 4022 πολλοὶ
3625 3968 3741 4021 δυσ-

497 4050 693 4105 multos
736 4049 940 4103 ﬁrmius
993 4058 1043 4103 te
1077 4059 1259 4117 septos
1302 4058 1358 4103 et
1410 4059 1650 4105 armatos
1708 4050 2035 4105 miserrimar

2204 4057 2502 4126 λωτότερόν
2538 4072 2631 4109 σου
2658 4056 3027 4129 φραξάμενοι,
3075 4059 3343 4113 οἴκτιστον
3375 4062 3742 4131 ἀπηνέγκαντο

473 4150 726 4196 οωοτιοιη
775 4140 1044 4195 retulisse.
1083 4140 1339 4209 Exemplo
1400 4141 1541 4206 sint,
1577 4157 1641 4196 ex
1680 4143 1747 4196 iis
1789 4143 1879 4211 qui
1931 4158 2011 4212 apt

2206 4150 2422 4203 ἀνατον.
2476 4149 2612 4219 Παρ’
2662 4150 2795 4220 ἡμῖν
2848 4149 2946 4220 μὲν
2993 4151 3364 4222 ἀνάγραπτοι,
3428 4154 3615 4225 Ὢρὴσ,
3658 4151 3740 4206 καί

472 4247 596 4287 «nos
634 4232 935 4287 litterarum
983 4232 1344 4287 monumentis
1374 4234 1674 4303 consignati
1715 4243 1862 4298 sunt,
1902 4233 2007 4291 Ore

2201 4239 2364 4310 ξηϐεὲ,
2420 4241 2515 4292 καὶ
2560 4239 2838 4311 Σαλμανά,
2910 4241 3196 4312 ’Δὸιμελὲχ
3240 4245 3336 4297 καὶ
3383 4244 3599 4307 Γολιάθ,
3655 4244 3739 4297 καὶ

475 4322 625 4388 -Zeb,
641 4323 854 4388 .Zebee,
885 4324 1165 4388 Salmaua,
1185 4324 1520 4395 Abimelecb,
1545 4324 1783 4387 Goliath.
1808 4328 2013 4383 Absald

2203 4330 2559 4402 Αὸησσαλὼν,
2594 4331 2690 4385 καὶ
2738 4332 2851 4387 ὅσοι
2883 4333 3005 4386 κατ’
3048 4334 3314 4399 ἐκείνους.
3362 4335 3527 4407 Παρά
3553 4336 3609 4389 δὲ
3639 4337 3741 4397 τοῖς

494 4408 695 4485 aliique
740 4415 829 4470 his
861 4415 1067 4471 similes
1096 4417 1114 4448 ⁸
1145 4434 1163 4472 :
1206 4418 1346 4487 apud
1382 4428 1597 4473 exteros
1630 4429 1835 4483 autem,
1871 4419 2032 4475 ﬂecto

2202 4421 2316 4486 ἔξω,
2371 4422 2655 4493 ’Έκτορες,
2711 4424 2806 4477 καὶ
2859 4425 3108 4489 Αἴαντες,
3153 4428 3248 4480 καὶ
3297 4427 3453 4481 αὐτοὶ
3500 4430 3549 4481 oi
3606 4427 3740 4497 μέγα

481 4516 586 4559 res
605 4512 662 4559 et
684 4502 902 4573 Aiaces,
935 4512 1097 4576 atque
1137 4506 1235 4575 ipsi
1265 4505 1682 4573 Lacedaemonii,
1722 4509 1813 4578 qui
1858 4509 2019 4565 robor

2202 4514 2394 4568 πάντων
2423 4516 2792 4586 φρονήσαντες
2814 4517 3227 4588 Λακεδαιμόνιοι
3252 4519 3346 4572 ἐπὶ
3365 4519 3549 4592 ῥώμῃ,
3566 4518 3740 4588 ἐπειδὴ

493 4598 713 4651 nomine
758 4612 922 4666 supra
949 4612 1140 4653 omnes
1191 4599 1445 4655 mortales
1474 4600 1688 4671 gloriati
1722 4610 1870 4669 sunt,
1932 4618 2031 4673 quo

2208 4606 2275 4659 ὖκ
2307 4606 2465 4677 ἔσχον
2505 4606 2803 4678 σύνδρομον
2840 4612 2908 4679 τῇ
2941 4609 3169 4679 δυνάμει
3197 4610 3259 4664 τὸ
3302 4610 3532 4667 δίκαιον.
3565 4612 3626 4664 Ei
3654 4605 3743 4663 οὖν

494 4685 641 4741 niam
680 4685 947 4754 justitiam
1004 4689 1262 4756 potentiae
1322 4690 1571 4745 comitem
1649 4692 2032 4764 haudquaquam

2202 4696 2257 4768 ιὴ
2306 4697 2535 4769 μάταιος
2582 4694 2722 4752 εἶναι
2770 4698 2951 4769 βούλει
2995 4701 3242 4773 ὁπλίτης,
3285 4701 3455 4769 ὀξέως
3495 4701 3633 4773 πρὸς
3656 4701 3740 4753 τὸν

491 4775 817 4831 habuerunt.
873 4774 1054 4842 Quare
1095 4779 1208 4834 nisi
1267 4795 1437 4837 vanus
1474 4780 1632 4837 miles
1676 4796 1798 4837 esse
1837 4783 1939 4847 vis,
1995 4798 2026 4838 a

2200 4788 2362 4859 οητὸν
2397 4789 2696 4860 μεταταξαι
2738 4791 3000 4865 πόλεμον,
3034 4793 3133 4849 καὶ
3183 4792 3385 4866 μᾶλλον
3427 4796 3498 4866 τῇ
3550 4789 3738 4848 σαυτοῦ

484 4865 775 4935 spirituale
815 4866 1015 4921 bellum
1050 4872 1442 4939 quamprimum
1478 4881 1530 4927 te
1577 4883 1854 4939 converte,
1902 4882 2022 4944 atqu

1195 4872 1442 4939 iprimum
1478 4881 1530 4927 te
1577 4883 1854 4939 converte,
1902 4882 2066 4944 atque
2171 4878 2369 4950 ἀταξίᾳ
2401 4878 2733 4952 πολεμησον.

480 4958 546 5013 vid
572 4960 749 5029 potius
787 4974 905 5029 age,
950 4971 1011 5015 ut
1039 4962 1298 5020 adversus
1345 4965 1685 5021 inordinatos
1720 4977 1842 5023 tuos
1868 4980 2047 5026 motus
2089 4971 2287 5026 bellum
2334 4988 2509 5044 geras.

490 5113 920 5255 Π
953 5117 1040 5172 il.
1110 5118 1156 5151 "’
1186 5119 1317 5175 ibid.
1354 5121 1409 5176 3.
1486 5123 1533 5154 ’⁸
1563 5120 1755 5175 Matth.
1798 5138 1849 5188 ν,
1898 5122 1953 5180 8.
2042 5125 2089 5156 ”
2121 5123 2298 5182 Colos.
2334 5143 2416 5191 Ill,
2448 5127 2501 5184 I.
2578 5129 2593 5159 ¹
2629 5127 2803 5184 Judic.
2837 5145 2947 5195 vn;
2983 5129 3162 5189 Judic.
3194 5147 3331 5200 vm;
3361 5133 3381 5189 I
3420 5134 3559 5206 Reg.
3602 5150 3738 5201 xvu;

1584 5345 1820 5401 VARIE
1860 5346 2248 5404 LECTIONES
2284 5348 2374 5404 ET
2410 5348 2646 5406 NOTIE.

559 5501 823 5577 (ῖδλρεο
856 5502 1069 5572 σταθμῇ
1110 5498 1264 5554 codd.
1304 5495 1429 5554 Vat.
1467 5497 1571 5553 649
1599 5507 1653 5552 et
1692 5498 1801 5552 Alt.
1848 5498 2056 5569 legunt,
2170 5498 2479 5577 _Sfo_rtianus
2508 5510 2563 5556 et
2610 5501 2722 5577 Alt.
2747 5502 2944 5577 legunt
2988 5507 3015 5559 ὁ
3046 5508 3301 5577 Χριστός.
3338 5510 3498 5568 Vers.
3531 5514 3736 5569 ultimo.

491 5570 736 5633 σταθμῷ.
766 5570 973 5624 Possm.
998 5570 1007 5572 “
1044 5570 1067 5572 “

2166 5571 2315 5623 ἐστὶν
2343 5571 2497 5625 abest
2526 5586 2557 5625 a
2587 5575 2707 5627 cod.
2742 5570 3038 5631 Sfortiano.
3069 5570 3278 5633 Possm.

562 5591 623 5627 αυ
672 5591 736 5625 ω.
766 5591 973 5624 rosam.

562 5591 675 5714 (7ύῖ
690 5625 832 5722 ’ᾘοεῐ
849 5640 1091 5722 θορύβων
1108 5640 1226 5694 cod.
1250 5637 1537 5722 :A-lt.‘:'tddit
1564 5637 2055 5722 Eoljrtutbhvers.

2180 5591 2315 5623 εστιν
2343 5591 2497 5625 auesr.
2526 5591 2557 5625 a
2587 5591 2707 5627 COtl.
2742 5591 3038 5631 montano.
3069 5591 3279 5633 I'OSSIN.

2238 5641 2353 5722 (77)
2394 5637 2719 5722 Ρίνοάίχμιαςι
2743 5646 2862 5697 cod.
2894 5646 3002 5722 Alt.
3036 5649 3241 5722 scribit,
3279 5649 3479 5722 ἀκμαὶ,
3512 5660 3569 5709 et
3598 5668 3718 5710 vers

484 5710 523 5788 ξ)
569 5707 668 5788 pro
713 5707 1132 5788 ἀπο-σπασθέντα
1160 5707 1541 5788 ηεοιΙιΙκνειιίο.
1733 5720 1783 5761 et
1799 5708 1920 5788 _Alt.
1960 5708 2022 5788 lia

1808 5708 1920 5788 ‘Alt.
1960 5708 2058 5788 li_a_-
2168 5707 2420 5781 antepen.
2450 5728 2548 5784 pro
2578 5707 2825 5783 ὄᾶτλίτης,
2861 5714 3099 5788 πολίτης.
3138 5707 3346 5775 Possm.

474 5773 619 5840 bent
646 5781 988 5837 ἀπωσθέντα.
1006 5779 1164 5835 Vers.
1194 5778 1403 5850 penult.
1426 5792 1521 5847 pro
1537 5773 1598 5833 οὗ
1622 5779 1877 5849 Χριστὸς,
1896 5776 2057 5836 codd.
