1948 3202
224 215 277 248 239

821 213 852 243 s.
870 211 1016 242 ISIDORI
1034 189 1253 241 estusma

1800 213 1849 245 240

223 273 343 301 laborem
353 271 380 299 in
394 274 529 306 praecepto
537 271 558 297 ⁵.
566 279 576 296 ι
586 269 745 297 Animarum
755 276 910 298 sanctarum
921 270 1008 297 oratio

1073 276 1115 294 των
1124 267 1180 303 (80)
1191 268 1236 294 ἐπὶ
1251 267 1425 302 πρόσταγμα.
1443 275 1452 292 ι
1465 266 1606 302 Προσευχὴ
1621 266 1676 293 τῶν
1694 267 1779 302 ἁγίων
1793 269 1849 295 ἐστὶ

222 320 280 346 haec
297 323 350 350 est,
367 324 416 352 pro
429 316 532 345 cmlesti
545 315 715 344 confessione
730 316 929 348 dimicantium,
946 323 1011 350 sup-

222 365 340 399 plicique
357 364 476 391 clamore
488 363 522 390 ab
537 370 569 390 eo
583 361 775 397 postulantium
790 373 797 391 :
811 362 851 389 Ne
875 363 902 390 in
926 362 1011 390 altum

221 410 350 438 efferatur
382 402 497 437 thronus
523 409 677 443 iniquorum
705 408 732 434 in
774 413 921 443 conSpectu
953 412 1010 440 tuo,

222 457 347 487 Domine.
363 456 492 483 adversus
510 459 674 489 praeceptum
701 457 776 480 tuum
804 454 910 489 negotia
934 453 1011 482 nobis

223 503 373 530 facesseris.
392 500 548 534 Cuiusmodi
565 499 670 527 scilicet
682 499 733 533 piis
752 499 805 527 tuis
822 500 912 534 pueris
925 499 1014 535 Baby-

223 549 312 576 lonius
339 554 470 584 tyrannus
500 552 558 574 erat
570 547 592 579 ',
625 552 672 574 aut
704 546 806 574 sanctis
848 546 1013 581 martyribus

224 595 345 631 pestiferi
373 599 400 622 et
424 592 585 621 exsecrandi
611 593 744 626 homines,
770 597 851 627 atque
880 592 1013 619 idolorum

224 645 448 677 propugnatores.

339 695 469 724 LXXXII.
480 711 515 716 —
530 694 706 723 ARABIANO
719 693 901 723 EPISCOPO.

226 742 302 775 Quod
323 742 366 775 qui
382 747 485 775 propter
497 740 696 775 fornicationem
712 741 836 768 adversus
852 740 1013 768 Gabaonilas

259 784 292 804 ea:
309 776 355 803 Dei
374 777 506 803 voluntate
526 775 623 803 bellum
645 782 825 810 susceperunt,
845 783 897 803 non
916 776 1014 811 injuste

258 812 425 838 interierunt.

260 869 323 902 Qui,
349 872 378 895 ut
405 867 649 904 Benjaminitarum
675 869 867 895 scortationem
899 868 1013 896 ulcisce-

226 919 330 947 rentur,
343 914 369 941 in
385 913 477 941 Gabaa
494 914 684 946 ascenderant,
701 921 763 941 cum
787 914 821 941 de
843 914 947 941 Domini
968 920 1015 941 vo-

225 959 329 986 luntate
362 967 394 987 ac
419 959 551 986 sententia
586 958 685 985 bellum
728 959 921 993 suscepissent,
961 966 1014 986 non

226 1005 328 1039 inique,
350 1009 381 1031 ut
407 1009 497 1038 putas,
514 1004 625 1031 victoria
643 1004 802 1032 exciderunt
816 1014 823 1032 :
840 1012 933 1032 verum
947 1012 1016 1039 quo-

226 1051 395 1084 niamjustus
405 1049 486 1084 jndex
500 1057 535 1077 ex
550 1050 650 1084 iniquis
661 1050 890 1077 acieminstruere
907 1050 1016 1077 minime

226 1096 304 1128 solet,
339 1096 441 1123 idcirco
484 1103 531 1130 per
567 1095 699 1129 justitiam
738 1096 886 1123 admissum
927 1096 1016 1124 scelus

226 1140 383 1168 vindicavit.
401 1139 468 1167 Nam
489 1140 534 1174 qui
550 1140 655 1174 pejores
678 1139 798 1167 actiones
816 1140 963 1173 habebant,
983 1148 1015 1167 ac

226 1187 311 1214 nmho
324 1186 463 1221 graviores
479 1193 509 1212 ea
534 1193 594 1220 qua:
618 1189 675 1212 tum
702 1186 863 1220 contigerat,
888 1190 1014 1220 tanquam

227 1233 350 1259 insontes
379 1231 413 1257 ad
444 1230 559 1258 fratrum
573 1231 673 1258 czedem
700 1231 836 1259 communi
861 1232 1014 1259 animorum

226 1284 361 1304 consensu
392 1277 581 1304 ascenderant.
607 1276 707 1304 Verum
735 1276 802 1304 illud
829 1278 1016 1312 experimcnln

225 1323 394 1350 didicerunt:
406 1322 574 1358 «Hypocrita,
583 1322 649 1357 ejice
658 1323 774 1358 primum
786 1324 886 1351 trabem
896 1332 928 1351 ex
938 1324 1017 1352 oculo

227 1372 318 1400 tuo,et
334 1373 396 1396 tunc
408 1368 521 1400 videbis,
535 1367 589 1403 27
606 1373 635 1396 ut
645 1368 736 1403 ejicias
750 1369 880 1396 festucam
894 1369 927 1397 de
939 1370 1018 1397 oculo

227 1414 320 1442 fratris
334 1414 370 1441 tui
386 1414 424 1442 ⁸.»
437 1414 618 1447 Quamobrem
633 1415 757 1448 adulteri,
770 1416 896 1449 quoniam
911 1416 1017 1443 adulte-

226 1459 297 1486 rium
329 1459 439 1487 minime
475 1459 696 1488 committendum
725 1468 785 1488 esse
822 1461 1017 1495 praedicabant,

227 1503 309 1530 rebus
324 1503 389 1537 ipsis
411 1503 541 1537 convicti,
563 1503 613 1537 ipsi
635 1503 744 1538 quidem
764 1505 888 1532 meritam
909 1512 1016 1540 poenam

227 1548 255 1575 in
279 1547 350 1575 bello
372 1547 559 1582 pependerunt
573 1558 580 1576 ;
596 1548 642 1583 qui
659 1553 749 1576 autem
765 1549 941 1577 scortationis
965 1551 1018 1577 cri-

1061 313 1166 349 ψυχῶν,
1175 313 1229 339 τῶν
1240 313 1349 348 ὑπὸτῆς
1361 312 1466 340 ἐκεῖθεν
1477 312 1622 348 ὁμολογίας
1633 312 1848 348 ἀγωνιζομένων,

1063 360 1133 395 πρὸς
1149 358 1231 385 αὑτὸν
1239 359 1269 385 ἑν
1285 358 1410 394 ίκετηρίᾳ
1422 358 1555 393 βοώντων·
1571 358 1617 394 Μὴ
1626 358 1753 393 ὑψούσθω
1761 359 1850 394 θρόνος

1063 405 1171 440 ἀνόμων
1183 405 1303 431 ἐναντιον
1312 413 1370 437 σου,
1382 404 1479 440 Κύριε,
1490 405 1560 431 κατὰ
1575 404 1645 441 [τοῦ]
1658 404 1704 431 σοῦ
1718 406 1852 441 προστάγ-

1067 459 1150 487 ματος
1167 451 1340 485 κόπουςήμῖν
1356 450 1552 486 παρεχόμενος,
1563 451 1655 482 ὸποῖος
1664 451 1678 477 ὁ
1686 449 1852 482 Βαϐυλώνιος

1063 495 1098 533 ἦν
1112 498 1170 529 τοῖς
1193 496 1275 528 ὁσίοις
1298 495 1357 532 [σου
1383 496 1474 532 παισὶ]
1490 496 1632 532 τύραννος,
1649 497 1665 532 ἢ
1687 498 1745 528 τοῖς
1766 496 1852 531 άγίοις

1065 543 1200 579 μάρτυσιν
1212 543 1237 569 οἱ
1249 543 1409 579 ἀλάστορες,
1425 542 1473 569 καὶ
1487 542 1542 569 τῶν
1556 542 1674 569 εἰδώλων
1688 542 1851 578 ὑπέρμαχοι.

1206 691 1269 720 ΠΒ’.
1280 707 1317 712 —
1334 691 1507 728 ᾹΡΔΒΙΑΝῼ
1532 691 1719 726 ΕΠῘΣΚΟΠῼ.

1067 737 1129 765 Τῶν
1143 737 1261 765 κοιτῶν.
1278 738 1343 764 Ὅτι
1357 737 1406 764 διὰ
1428 737 1487 770 τὴν
1510 737 1652 771 πορνείαν
1667 736 1728 769 τοῖς
1745 736 1779 762 ἐν
1798 735 1853 764 Γα-

1102 771 1159 805 ϐαᾷ
1182 773 1258 799 κατὰ
1277 771 1405 808 ,γνώμην
1436 771 1510 808 Θεοῦ
1537 771 1777 806 παραταξάμενοι
1800 772 1853 798 οὐκ

1100 808 1211 840 ἀδίκως
1224 806 1352 840 ἁλόντες-
1367 806 1552 841 ἐφθάρησαν.

1100 864 1132 891 Oi
1142 864 1191 900 τὴν
1206 863 1333 900 πορνείαν
1345 864 1473 899 Βενιαμὶν
1485 863 1634 895 ἀναϐάντες
1645 864 1674 890 ὲν
1690 862 1787 899 Ταϐρὰ
1797 863 1852 897 (81)

1065 911 1293 946 τιμωρήσασθαι,
1321 910 1392 937 κατὰ
1415 910 1529 945 γνώμην
1559 910 1627 936 Θεοῦ
1661 910 1709 936 τοῦ
1737 909 1854 944 πολέμου

1031 945 1052 972 Β
1067 945 1215 992 ἁψάμενοι,
1230 956 1280 982 οὐκ
1295 955 1407 989 ἀδίκως,
1419 955 1456 987 ὡς
1469 956 1529 988 οῐει,
1546 956 1595 991 τῆς
1608 956 1686 991 νίκης
1700 956 1834 991 ἀπέτυχον
1845 964 1853 971 ·

1067 1002 1126 1029 ἀλλ’
1139 1002 1234 1037 ἐπειδὴ
1249 1002 1347 1037 δικαίῳ
1365 1003 1446 1038 κριτῇ
1456 1002 1506 1028 οὐκ
1521 1001 1594 1028 ἐστιν
1609 1001 1639 1034 ἐξ
1653 1001 1756 1028 ἀδίκων
1770 1001 1855 1036 παρά-

1066 1049 1154 1083 ταξις,
1172 1048 1331 1085 δικαιοσύνῃ
1354 1048 1384 1075 τὸ
1411 1048 1547 1084 τολμηθὲν
1561 1048 1726 1083 ἐξεδίκησεν.
1754 1047 1786 1073 Οἱ
1803 1047 1854 1082 γὰρ

1067 1096 1176 1131 χείρους
1191 1095 1297 1130 ἔχοντες
1311 1093 1435 1130 πράξεις,
1448 1094 1495 1120 καί¹
1507 1093 1596 1129 πολλῷ
1613 1093 1723 1128 μείζους
1737 1092 1787 1127 τῆς
1797 1092 1854 1119 τότε

1065 1140 1262 1175 γεγενημένης,
1279 1139 1317 1171 ὡς
1330 1138 1414 1165 ἀθῶοι
1429 1139 1498 1174 πρὸς
1513 1138 1558 1165 τὸν
1571 1138 1651 1172 φόνον
1667 1138 1723 1164 τῶν
1734 1136 1855 1171 ἀδελφῶν

1066 1185 1265 1221 όμονοήσαντες
1287 1184 1435 1218 ἀνέϐησαν.
1465 1183 1536 1211 Ἀλλ’
1565 1182 1667 1219 ἔμαθον
1695 1184 1729 1218 τῇ
1762 1183 1854 1218 πείρᾳ,

1070 1241 1079 1257 ι
1091 1230 1251 1267 ’Υποκριτὰ,
1262 1230 1360 1257 ἔκϐαλε
1376 1230 1484 1265 πρῶτον
1499 1228 1550 1265 τὴν
1559 1228 1637 1255 δοκὸν
1648 1229 1681 1254 ὲκ
1693 1227 1742 1254 τοῦ
1756 1227 1854 1262 ὀφθαλ-

1069 1276 1120 1313 μοῦ
1149 1285 1206 1310 σου,
1231 1277 1278 1303 καὶ
1294 1276 1355 1302 τότε
1378 1275 1532 1310 διαϐλέψεις
1555 1275 1682 1302 ἐκϐαλεῖν
1702 1274 1733 1302 τὸ
1753 1274 1855 1310 κάρφος

1068 1322 1101 1348 ὲκ
1111 1321 1158 1348 τοῦ
1174 1321 1311 1356 ὀφθαλμοῦ
1324 1320 1372 1347 τοῦ
1385 1321 1501 1355 ἀδελφοῦ
1519 1329 1575 1348 σου.
1591 1329 1600 1346 ι
1618 1321 1649 1347 οι
1664 1319 1754 1347 τοίνυν
1770 1320 1856 1355 μοιχοὶ

1066 1366 1161 1401 ἐπειδὴ
1176 1366 1213 1401 μὴ
1234 1365 1371 1401 μοιχεύειν
1388 1366 1550 1401 ἐκήρυσσον,
1568 1366 1620 1393 ὑπὸ
1645 1366 1699 1393 τῶν
1711 1365 1801 1401 ἔργων
1813 1365 1851 1397 ἑξ-

1067 1412 1250 1447 ελεγχόμενοι,
1265 1410 1342 1438 αὐτοὶ
1357 1411 1406 1446 μὲν
1419 1411 1500 1445 ἀξίαν
1514 1411 1610 1447 ποινὴν
1625 1411 1665 1447 τῷ
1681 1411 1794 1447 πολέμῳ
1805 1412 1855 1437 ἁπ-

1067 1458 1167 1485 ἐτισαν.
1178 1458 1210 1484 οι
1218 1457 1247 1483 δὲ
1259 1456 1314 1484 τῶν
1325 1457 1506 1492 ἐγκλημάτων
1515 1458 1565 1492 τῆς
1575 1457 1704 1492 πορνείας
1716 1457 1854 1492 ἀμέτοχοι,

1068 1503 1142 1530 οὐδὲν
1157 1503 1277 1530 τοιοῦτον
1292 1504 1322 1530 ὲν
1338 1503 1443 1535 ἑαυτοῖς
1464 1503 1573 1530 εῑδωλον
1588 1503 1707 1538 ἔχοντες,
1729 1503 1857 1539 λαμπρὰν

1068 1550 1117 1586 τὴν
1131 1550 1210 1586 νίκην
1228 1550 1401 1586 εἰργάσαντο.

226 1595 347 1623 minibus
363 1595 474 1623 minime
488 1594 682 1633 aﬂineserant,
714 1595 787 1631 quod
820 1596 923 1623 nullum
956 1596 1089 1631 ejusmodi
1114 1598 1142 1625 in
1166 1605 1196 1625 se
1224 1597 1325 1625 idolum
1354 1598 1495 1631 haberent,
1520 1598 1679 1633 prazclaram
1715 1599 1854 1626 victoriam

227 1642 316 1676 adepti
331 1646 403 1669 sunt.

352 1700 496 1729 LXXXIII.
513 1716 548 1721 —
560 1701 711 1729 LEONTIO
727 1700 903 1730 EPISCOPO.
1032 1704 1054 1732 C

226 1747 367 1780 Quomodo
390 1747 588 1782 intelligendum
603 1749 637 1774 sit
655 1748 731 1779 illud,
760 1757 770 1775 ι
798 1749 828 1776 Si
852 1748 943 1777 oculus
957 1754 1018 1776 tuus

493 1782 656 1809 scandalizat
667 1789 691 1810 te
701 1783 723 1811 ’.
740 1793 750 1810 ι

264 1837 376 1866 Oculum
404 1845 435 1865 ac
462 1845 570 1865 manum
599 1838 723 1866 dextram
750 1841 869 1874 optimtts
895 1840 1019 1869 Christus

229 1883 443 1911 necessariorum
457 1890 488 1909 ac
502 1883 692 1910 fidissimorum
705 1884 852 1911 amicorum
863 1886 1020 1920 propinqui-

230 1933 313 1955 tatem
339 1928 504 1961 nuncupavit
521 1936 528 1954 :
546 1934 593 1954 eos
623 1928 761 1961 nimirum,
775 1929 820 1963 qui
844 1930 877 1956 ad
899 1937 976 1964 opem
990 1935 1019 1958 et

230 1973 360 2000 auxilium
386 1973 493 2000 sincere
522 1972 598 2000 nobis
624 1973 789 2001 afferendum
805 1975 935 2003 benevolo
952 1984 1016 2011 erga

230 2027 281 2046 nos
296 2019 386 2045 animo
404 2023 477 2050 sunt,
496 2017 531 2046 iis
553 2019 733 2046 membrorum
756 2020 909 2047 nominibus
925 2021 1017 2055 appel-

230 2064 298 2096 lans,
312 2071 426 2098 quorum
451 2071 532 2098 opera
549 2071 597 2091 nos
610 2072 653 2096 ea,
669 2072 729 2099 qua:
749 2065 826 2092 nobis
839 2066 913 2093 cordi
941 2071 1015 2099 sunt,

230 2110 412 2143 exsequimur.
425 2107 493 2136 Cum
518 2109 598 2143 igitur
609 2110 742 2144 quispiam
759 2118 791 2137 ex
807 2111 873 2145 ipsis
897 2112 1017 2138 scandali
1032 2108 1035 2111 ’

229 2158 325 2181 auctor
338 2154 451 2187 exsistit,
464 2159 510 2181 aut
523 2154 549 2181 in
571 2160 681 2189 peccato
692 2155 790 2190 aliquo,
804 2157 874 2191 quod
892 2157 1018 2190 probrum

230 2201 309 2246 n.0bis
324 2200 429 2232 afferat,
445 2205 527 2234 atque
541 2200 714 2235 ignominiam
730 2201 780 2235 ipsi
791 2201 899 2234 coullet,
914 2202 1020 2229 voluta-

231 2252 286 2278 tur,
309 2246 460 2281 huiusmodi
496 2246 632 2273 hominem
658 2246 817 2274 exscindere
844 2251 970 2282 oportet:
987 2255 1021 2275 ne

230 2291 328 2325 alioqui
345 2296 446 2325 pestem
457 2291 572 2325 imitans,
588 2292 707 2325 corp0ris
719 2292 897 2327 integritatem
910 2298 938 2321 et
948 2294 1023 2322 inco-

1218 1703 1280 1731 [ιιι.
1299 1718 1335 1724 --
1352 1704 1504 1740 mourn;
1523 1704 1710 1741 ΕΠΙΣΚΟΠῼ.

1069 1748 1137 1781 Πῶς
1157 1750 1293 1783 νοητέον,
1320 1759 1330 1775 ι
1351 1750 1562 1787 Εὶᾷόφθαλμός
1585 1759 1644 1778 σου
1671 1752 1691 1787 ἣ
1715 1751 1782 1787 χείρ
1802 1760 1857 1780 σου

1313 1784 1509 1815 σκανδαλίζει
1523 1788 1570 1812 σε.
1597 1795 1606 1812 ›

1111 1840 1266 1877 Ὀφθαλμὸν
1283 1842 1331 1869 καὶ
1347 1843 1426 1878 χεῖρα
1438 1842 1529 1875 δεξιὰν
1544 1844 1558 1870 ὁ
1571 1844 1730 1878 πανάγαθος
1743 1844 1858 1881 Χριστὸς

1069 1888 1120 1924 τὴν
1143 1888 1282 1924 ἐγγύτητα
1308 1888 1363 1914 τῶν
1392 1889 1554 1924 ἐπιτηδείων
1583 1890 1630 1916 καὶ
1653 1890 1774 1925 γνησίων
1796 1891 1858 1925 ἡμῖν

1071 1933 1244 1969 ἐπωνόμασε,
1257 1934 1319 1966 τοὺς
1335 1933 1430 1966 εὔνους
1441 1935 1507 1969 ἡμῖν
1520 1934 1575 1970 (8'1)
1589 1935 1659 1970 πρὸς
1670 1936 1786 1971 γνησίαν
1800 1944 1858 1962 συν-

1070 1979 1176 2013 εργίαν,
1190 1979 1306 2011 ἐκείνοις
1320 1979 1436 2012 καλέσας
1447 1979 1502 2006 τῶν
1516 1979 1605 2015 μελῶν
1619 1982 1675 2012 τοῖς
1689 1981 1815 2017 ὀνόμασι,
1826 1980 1859 2007 δι’

1071 2020 1109 2050 ὧν
1122 2023 1202 2059 ἡμεῖς
1224 2023 1260 2050 τὰ
1279 2024 1431 2060 ἀρέσκοντα
1451 2025 1618 2060 πράττομεν.
1642 2026 1728 2053 Ὅταν
1751 2024 1799 2053 οὖν
1818 2035 1858 2057 τις

1071 2067 1102 2099 ἐξ
1126 2068 1216 2095 αὐτῶν
1234 2069 1385 2095 σκανδάλου
1413 2070 1499 2101 αἴτιος
1523 2070 1645 2104 γένηται,
1671 2071 1718 2097 καὶ
1738 2071 1859 2106 ἁμαρτίᾳ

1071 2113 1229 2149 καλινδῆταί
1250 2123 1314 2148 τινι,
1337 2116 1405 2151 ἡμῖν
1416 2115 1550 2151 λοιδορίαν
1564 2116 1696 2152 φερούσῃ,
1719 2117 1767 2144 καὶ
1786 2116 1859 2151 αὐτῷ

1072 2159 1184 2194 ἀτιμίαν
1197 2160 1374 2195 προξενούσῃ,
1389 2161 1535 2188 ἐκκόπτειν
1549 2161 1602 2197 χρὴ
1614 2161 1660 2188 τὸν
1676 2162 1805 2195 τοιοῦτον,
1818 2162 1859 2188 ἵνα

1075 2204 1114 2240 μὴ
1135 2204 1229 2240 λοιμὸν
1252 2206 1453 2241 μιμησάμενος,
1477 2206 1584 2242 νεμηθῇ
1602 2207 1651 2242 τὴν
1671 2206 1717 2233 τοῦ
1736 2207 1858 2242 σώματος

1076 2250 1270 2286 ἀκεραιότητα,
1292 2252 1349 2283 τοῖς
1376 2252 1543 2286 ὑγιαίνουσιν
1563 2253 1596 2279 ὲκ
1617 2253 1747 2280 τοιούτων
1767 2252 1859 2280 παθῶν

1077 2295 1228 2331 εἰσφρήσας
1242 2297 1290 2332 τὴν
1304 2296 1401 2323 ἑαυτοῦ
1415 2297 1556 2333 ἀλγηδόνα..

232 2338 381 2366 lumitatcm
395 2339 566 2373 depascatur,
581 2345 630 2366 suo
647 2339 773 2367 videlicet
785 2340 879 2368 dolore
892 2341 926 2369 iis
949 2342 995 2376 qui
1016 2343 1050 2370 ab
1063 2342 1215 2378 hujusmodi
1229 2344 1302 2372 vitiis
1317 2344 1376 2372 sani
1392 2350 1455 2373 sunt
1469 2344 1597 2380 impacto.

268 2415 280 2432 ⁸
291 2415 363 2444 Psal.
382 2423 459 2449 xcnr,
475 2415 521 2443 20.
558 2416 569 2432 τ
592 2416 658 2443 Dan.
675 2424 717 2448 ιιι,
733 2417 777 2445 l9.
814 2417 825 2433 ⁸
840 2417 932 2445 Matth.
945 2426 993 2450 vn,
1009 2419 1038 2448 5.

1075 2420 1085 2436 '
1102 2420 1198 2448 Matth.
1215 2428 1242 2453 ν,
1256 2421 1303 2449 9.9.

782 2493 899 2522 VARIAS
922 2495 1115 2523 LECTIONES
1138 2496 1183 2524 ET
1203 2496 1319 2525 ΝΟΤᾸΞ.

268 2562 324 2598 (80)
350 2562 381 2598 Ϊο
398 2560 559 2589 πλάσσων.
578 2560 629 2595 Qui
648 2561 743 2598 lingis,
760 2561 876 2598 reddidit
888 2566 964 2589 vetus
979 2562 1019 2589 in-

233 2596 337 2633 terpres
349 2597 526 2633 Psalmorum,
543 2604 623 2630 quem
640 2602 667 2623 et
679 2596 829 2633 Billiusrhic
842 2602 951 2633 secutus
965 2603 1019 2633 est.

232 2632 326 2660 Pniavi
350 2633 405 2667 jam
428 2632 509 2664 olim,
531 2632 618 2665 potius
632 2638 709 2663 esse,
726 2637 756 2659 ut
774 2632 826 2667 hoc
848 2632 1019 2666 participium

233 2666 427 2702 conjungamns
444 2675 503 2693 cum
520 2666 621 2701 θρόνος,
637 2667 708 2692 sedes
721 2675 778 2702 quo?
799 2666 882 2701 ﬁngit,
900 2667 924 2693 in
944 2668 1020 2695 tertia

238 2713 358 2736 inquam,
379 2712 429 2729 nun
446 2703 470 2728 in
488 2703 603 2728 secunda
618 2709 740 2735 persmia.
762 2701 843 2729 RtTT.

269 2754 303 2757 —
320 2739 364 2764 Im
376 2744 400 2763 lc
416 2738 540 2772 supplent
559 2737 636 2763 codd.
648 2736 732 2772 Vatic.
745 2736 796 2763 649
814 2742 841 2763 et
853 2737 907 2764 Alt.
919 2745 990 2764 vers.
1004 2738 1022 2764 2

235 2780 293 2806 [mal
309 2775 322 2799 ὁ
340 2770 574 2799 πλάσσωνιοοειιι
601 2772 692 2797 κόπον.
718 2770 800 2798 Recte
823 2773 901 2798 ctiam
919 2780 988 2800 vers.
1005 2773 1022 2800 5

234 2810 291 2834 λοι-ο
317 2809 441 2838 illorum,
459 2807 511 2832 ὑπὸ
543 2806 591 2840 τῆς
623 2806 725 2832 ἐκεῖθεν
755 2807 846 2840 ὀμολ,,
873 2814 936 2838 ριν..
966 2810 1022 2835 hinc

234 2844 373 2870 exhibenti
391 2842 461 2877 ὑπὲρ
478 2843 587 2878 τῇςηεὶς
601 2841 667 2867 θεὸν
682 2841 833 2878 ὁμολογίας.
847 2842 950 2869 Possm.

271 2878 326 2919 (8|)
347 2878 399 2904 Ἐν
528 2877 644 2919 Yerbum
658 2877 743 2919 nihili.
756 2876 824 2919 Vero
839 2877 928 2919 lectio,
940 2885 1020 2919 quam

235 2917 263 2942 et
274 2911 409 2948 interpres
419 2912 560 2945 divinavit,
571 2911 642 2940 haud
653 2911 734 2940 dubie
742 2912 895 2947 suggeritur
909 2921 923 2940 a
940 2911 1018 2941 codd.

238 3000 675 3194 ί

1075 2564 1137 2602 Nat.
1156 2566 1252 2602 6497et
1271 2566 1326 2593 Alt.
1339 2567 1386 2601 qui
1404 2567 1433 2593 ὲν
1448 2567 1543 2594 Γαϐαὰ
1562 2568 1662 2602 legunt.
1678 2569 1754 2596 Vers.
1771 2568 1798 2602 6,
1814 2576 1860 2596 so-

1075 2599 1193 2638 lus__cod.
1210 2600 1270 2638 Vat.
1284 2599 1361 2638 διο-ζ
1377 2609 1429 2638 non
1446 2602 1535 2638 πολλῷ
1549 2599 1668 2638 μείζους,
1686 2606 1732 2631 sed
1756 2599 1859 2631 πολλῶν

1077 2635 1196 2670 μείζους,
1216 2636 1305 2663 habet.
1325 2636 1403 2663 Vers.
1417 2637 1444 2669 8,
1458 2645 1508 2665 nec
1521 2635 1585 2665 Νι.
1602 2646 1651 2666 nec
1670 2638 1730 2666 Vat.
1747 2640 1798 2666 649
1813 2647 1860 2671 att-

1076 2675 1190 2709 noscunt
1205 2671 1313 2709 verbum
1340 2671 1487 2707 ἀνέϐησαν,
1508 2674 1556 2700 sed
1572 2675 1725 2707 praecedens
1747 2675 1861 2709 ὁμονοήα

1077 2712 1172 2744 σαντες
1185 2706 1377 2744 ιιιλὸμονὸησαν
1388 2712 1504 2740 mutant,
1517 2712 1544 2735 et
1555 2706 1684 2736 continue
1696 2706 1861 2744 subjungunt

1077 2739 1135 2766 ἀλλ’
1153 2739 1267 2775 ἔμαθον,
1281 2739 1332 2768 etc.
1347 2740 1453 2770 Possm.

1111 2775 1167 2810 (8‘2)
1181 2775 1253 2809 Τοὺς
1265 2776 1374 2809 εὔνους
1385 2777 1467 2810 ἡμῖν.
1481 2776 1589 2805 Plenior
1600 2785 1642 2806 est
1652 2780 1712 2806 cod.
1730 2779 1758 2805 Β.
1771 2778 1859 2810 lectio,

1074 2811 1137 2842 τοὺς
1153 2811 1282 2847 εύνοῖκῶς
1297 2812 1362 2846 ἡμῖν
1381 2811 1580 2847 διακειμένους.
1592 2813 1665 2840 Ιῖιττ.

1109 2860 1144 2865 ——
1159 2845 1237 2873 Vers.
1253 2847 1269 2873 ὕ
1294 2854 1341 2881 pro
1357 2845 1479 2881 γένηταί
1491 2849 1570 2877 codd.
1587 2849 1676 2878 Vatis.
1699 2848 1753 2877 649
1766 2853 1793 2878 et
1805 2849 1859 2876 Alt.

1076 2879 1185 2912 habent,
1202 2879 1315 2915 γίνεται.
1330 2879 1436 2909 Possm.
1540 2906 1542 2908 .
