3896 6404
719 472 843 524 m'.
876 500 946 510 —
982 471 1069 542 Tu
1106 471 1308 540 ΑΥἹᾩ.

357 584 463 651 Εἰς
493 582 584 646 τὸ,
626 600 646 635 ι
687 583 784 653 Μὴ
818 586 1018 653 γνώτω
1064 586 1101 652 ἠ
1137 586 1422 656 ἀριστερὰ
1454 602 1593 641 σου.
1640 605 1659 637 ι

290 699 402 754 οὐκ
440 699 613 763 ἐστιν,
664 691 711 754 ὦ
755 699 883 769 φίλη
930 700 1163 770 κεφαλὴ,
1218 700 1278 753 ὲν
1324 699 1661 770 παραΰύστῳ
1712 698 1808 752 καὶ

222 790 529 861 ἀποκρύφῳ
550 788 806 860 κείμενος
824 790 853 842 ὁ
879 789 971 842 τοῦ
1001 789 1203 858 Κυρίου
1232 790 1396 859 νόμος
1417 829 1431 853 ,
1454 807 1472 840 ι
1501 788 1593 858 Μὴ
1617 786 1808 857 γνώτω

223 881 256 949 ἡ
286 881 561 954 ἀριστερά
588 899 683 935 σου
724 882 779 935 τί
819 884 963 934 ποιεῖ
1002 884 1033 952 ἡ
1077 882 1230 948 δεξιά
1258 899 1374 948 σου,
1411 901 1429 932 ι
1462 879 1802 945 κελεύοντος,

220 970 353 1026 ἀλλὰ
395 974 598 1036 λευκὸς
642 974 739 1028 καὶ
792 975 1149 1043 σαφέστατος,
1197 974 1294 1028 καὶ
1345 975 1460 1037 τοῖς
1513 972 1808 1043 προσόχοις

218 1062 500 1133 ἀρίδηλος.
546 1064 766 1135 Ἐπειδὴ
810 1066 921 1135 γὰρ
946 1063 1024 1134 τῷ
1059 1059 1119 1117 εὖ
1156 1066 1330 1117 ποιεῖν
1359 1062 1632 1127 κενοδοξία
1663 1078 1808 1132 παρ-

217 1157 413 1209 ἐπεται
463 1157 563 1210 καὶ
594 1156 855 1221 ἐπίδειξις
908 1156 1113 1227 Μηδὲν,
1160 1157 1313 1227 φησὶ,
1366 1156 1533 1209 καλὸν
1572 1154 1807 1222 γινέσθω

220 1246 367 1317 παρὰ
405 1246 503 1300 σοῦ
539 1247 826 1318 ἐμπαθῶς,
878 1247 1011 1319 μηδὲ
1058 1246 1333 1318 πέρπερος
1381 1247 1643 1317 λογισμὸς
1689 1245 1804 1317 (85)

218 1338 587 1392 ἀκολουθείτω
613 1338 693 1409 τῷ
724 1339 1142 1410 κατορθώματισ
1170 1339 1289 1393 ἀλλ’
1318 1340 1367 1392 εί
1399 1335 1459 1392 εὖ
1489 1340 1684 1402 ποιεῖς,
1712 1340 1807 1394 ἁν-

216 1428 528 1511 επίδεικτος
558 1428 651 1482 Ξσο
696 1429 792 1483 καὶ
837 1432 1109 1500 ἄκομπος,
1134 1431 1262 1494 τοὺς
1305 1430 1538 1485 ἐνταῦθα
1576 1433 1806 1504 κρότους

208 1520 291 1588 μὴ
333 1519 548 1590 θηρῶν,
582 1521 723 1576 ἀλλὰ
768 1523 896 1586 eoi);
939 1523 1232 1593 μέλλοντας
1283 1523 1582 1592 στεφάνους
1628 1541 1803 1596 προσ-

212 1609 409 1666 δοκῶν.

624 1912 753 1967 ne.
793 1943 865 1955 —
900 1916 1399 1990 ΟΥΡΣΕΝΟΥΦΙῼ.

268 2001 373 2065 Εἰς
410 2000 480 2053 τὸ
501 2039 517 2064 ,
559 2018 581 2053 r
620 2003 817 2071 Πάτερ
853 2003 1044 2072 ἡμῶν,
1074 2006 1109 2059 ὁ
1135 2006 1207 2060 ἐν
1236 2009 1361 2075 τοῖς
1386 2010 1686 2079 οἰφανοῒς.
1729 2033 1749 2065 ›

293 2110 359 2163 Ἠ
392 2111 492 2164 τοῦ
525 2111 735 2183 Κυρίου
764 2113 954 2184 διδαχὴ
990 2114 1049 2167 ἐν
1076 2118 1140 2186 τῇ
1166 2122 1444 2191 προσευχῇ
1494 2121 1633 2191 μετὰ
1665 2122 1804 2176 πάν-

217 2218 316 2255 των
334 2203 448 2257 τῶν
470 2203 651 2257 ἄλλων
687 2203 1010 2275 θεοπρεπῶν
1035 2207 1403 2279 διδαγμάτων,
1436 2212 1552 2276 καὶ,
1594 2232 1612 2265 ι
1642 2215 1806 2287 Γενη-

217 2292 359 2364 θήτω
377 2294 441 2347 τὸ
466 2294 687 2366 θέλημὰ
705 2313 819 2360 σου,
845 2298 921 2362 ὡς
956 2301 1013 2352 ὲν
1037 2301 1251 2372 οὐρανῷ
1276 2304 1370 2356 καὶ
1391 2305 1483 2356 ἐπὶ
1502 2304 1601 2376 τῆς
1621 2305 1747 2377 γῆς,
1777 2325 1796 2359 ι

216 2385 422 2437 κελεύει
447 2387 853 2458 προσεύχεσθαι
874 2390 972 2460 τὴν
990 2391 1097 2443 τῶν
1113 2393 1225 2445 ἄνω
1253 2393 1532 2464 δυνάμεων
1554 2398 1798 2469 εἰρήνην,

217 2476 307 2546 τὴν
332 2478 704 2533 ἀστασίαστον
740 2481 1047 2549 φάσκουσα,
1081 2484 1147 2555 ἢν
1186 2483 1297 2555 (84)
1343 2486 1437 2539 καὶ
1485 2488 1617 2559 ἡμῖν
1664 2487 1801 2559 βρα-

216 2566 404 2621 ϐεῦσαι
430 2572 550 2633 τοῖς
581 2571 675 2625 ἐπὶ
702 2573 806 2643 γῆς
832 2573 1168 2638 καταξίωσον
1186 2588 1201 2603 ·
1229 2575 1294 2629 ἶν’
1317 2574 1506 2648 ὥσπερ
1528 2579 1585 2630 ἐν
1610 2579 1802 2644 αὑταῖς

217 2660 394 2714 πάντα
445 2662 814 2733 κατορθοῦται
868 2664 980 2737 [τὰ]
1026 2664 1343 2737 θελήματα,
1396 2667 1570 2733 οὕτως
1604 2670 1697 2723 καὶ
1742 2672 1801 2725 ὲν

216 2753 343 2822 fudi!
386 2754 459 2808 τά
506 2771 591 2807 σοι
626 2755 899 2827 εὐάρεστα
945 2758 1190 2828 γένηται.
1249 2758 1438 2814 Ταῦτα
1485 2761 1666 2816 τοίνυν
1708 2764 1803 2819 καὶ

218 2843 409 2913 πρώην
431 2844 613 2910 εἰδὼς,
655 2849 750 2900 καὶ
789 2848 885 2911 νύν
934 2848 1118 2918 μαθὼν
1150 2850 1281 2921 παρ’
1325 2852 1461 2922 ἐμοῦ
1510 2854 1797 2923 ὲπιλαόοὗ,

218 2936 308 2987 καὶ
349 2935 482 3005 ἔχου
516 2937 688 3009 ἀπρὶξ
718 2939 821 3009 τῆς
849 2941 1095 3012 εἰρήνης.
1126 2942 1393 3014 Ούράνιος
1429 2944 1538 3015 γάρ
1565 2946 1679 3001 ἐστι
1704 2949 1801 3003 καὶ

217 3026 330 3096 Θεῷ
357 3027 763 3098 πλησιάζουσα.

500 3230 643 3298 ηςυ.
665 3262 738 3272 -
756 3232 1003 3303 coemo
1033 3233 1515 3309 ΓΡΑΜΜΛΤΙΚῼ.

488 3318 623 3374 Ὀτι
652 3319 835 3375 οὐδὲν
866 3321 1084 3390 ἀρετῆς
1122 3327 1529 3396 ὑψηλότερον.

281 3431 617 3502 Σπίρματος
646 3434 825 3501 γένος,
852 3438 947 3489 καὶ
979 3436 1211 3507 αἵματος
1251 3439 1489 3510 κόμπος,
1521 3434 1567 3498 ὦ
1588 3442 1801 3515 ἄριστε,

218 3519 352 3594 [τῶν
387 3523 528 3595 (85)]
557 3526 795 3595 ποιητῶν
841 3527 942 3579 οὐκ
980 3527 1126 3581 ἔστιν
1157 3530 1346 3603 ἁρετὴ,
1391 3534 1508 3587 ἀλλ’
1548 3536 1805 3601 ἀκούσιός

218 3630 300 3677 ⁶τις
347 3614 575 3687 διαδοχὴ
620 3618 685 3670 ὲκ
734 3619 1003 3687 σωμάτων
1046 3622 1395 3695 καταγομένη
1447 3603 1543 3678 καὶ
1583 3629 1803 3698 ῥέουσα.

232 3708 432 3778 Ἀρετὴ
484 3708 575 3773 δὲ,
626 3710 885 3782 φρόνησίς
934 3714 1083 3776 ἐστι,
1127 3714 1443 3788 δικαιοσύνη
1481 3735 1540 3770 τε
1583 3722 1677 3772 καὶ
1713 3721 1807 3775 ἀν..

218 3797 396 3868 opsiti,
433 3800 534 3853 καὶ
564 3801 905 3873 σωφροσύνη.
962 3805 1057 3867 ’ος
1099 3804 1165 3857 ἂν
1204 3801 1299 3860 οὖν
1342 3807 1533 3879 ἔχηται
1574 3811 1805 3879 τούτων,

222 3892 316 3942 καὶ
362 3890 651 3958 πάγκαλός
692 3894 829 3957 ἐστι,
880 3894 976 3947 καὶ
1022 3896 1404 3966 περίϐλεπτος,
1449 3900 1543 3954 καὶ
1588 3902 1806 3968 οὐδενὸς

221 3980 357 4049 πρὸς
386 3981 628 4045 εὐζωϊαν
657 3980 1001 4052 λειπόμενος.

228 4283 350 4338 ΠΖ⁹.
386 4314 463 4325 —
498 4286 966 4340 ΜΟΝΑΣΤΡῘΑΙΣ
1018 4286 1569 4342 ΑΛΕΞΑΝΔΡΙΝΑῙΣ
1628 4288 1809 4362 [ΤΑΙΣ

667 4378 1171 4431 ΣΑΝΔΑΑΑΡιΑιΣ
1207 4378 1366 4451 (86)].

1075 360 1607 423 EPISTOLARUM
1648 362 1793 421 LIB.
1838 361 1889 420 Ι.
1914 386 1985 396 --
2012 361 2249 420 EPIST.
2291 359 2635 421 LXXXVII.
3374 354 3483 421 242

1834 481 1881 531 Δ

2383 467 2664 523 LXXXIV.
2695 498 2763 507 ——-
2798 466 3027 521 EIDEH.

2191 584 2255 638 In
2290 584 2442 648 illud,
2482 602 2500 634 ι
2534 581 2745 638 Nesciat
2783 582 2999 635 sinistra
3028 590 3143 634 tua.
3180 599 3198 632 ι

1979 700 2094 755 Non
2124 672 2294 763 est,..o
2326 700 2555 752 charum
2588 697 2718 750 mibi
2767 705 2948 765 caput,
2998 695 3113 749 haec
3149 695 3361 750 Domini
3405 696 3487 749 lex

1908 792 1961 845 in
1991 789 2206 845 occulto
2230 804 2295 843 ac
2323 788 2545 843 latebris
2600 788 2725 853 sita,
2792 802 2914 857 quas
2961 788 3062 841 hoc
3108 786 3301 853 jubet:
3333 805 3352 839 ι
3386 787 3489 842 Ne-

1911 882 2051 937 sciat
2090 882 2309 937 sinistra
2359 894 2549 934 manus
2603 879 2731 949 quid
2767 879 2931 934 faciat
2971 879 3159 933 dextra
3209 888 3298 933 tua
3331 898 3351 931 ι
3394 881 3485 934 ":

1906 988 2095 1029 verum
2129 983 2313 1043 aperta
2339 982 2395 1031 et
2427 972 2683 1037 dilucida,
2732 972 2907 1040 iisque
2938 973 3031 1042 qui
3071 981 3279 1025 attento
3304 972 3487 1027 animo

1905 1074 2054 1130 sunt,
2084 1064 2387 1133 perspicua.
2411 1061 2674 1128 Quoniam
2708 1060 2850 1115 enim
2898 1061 3183 1129 probarum
3213 1061 3487 1114 actionum

1908 1156 2082 1210 inanis
2102 1153 2273 1225 gloria
2302 1162 2358 1210 et
2412 1154 2706 1207 ostentatio
2734 1166 2920 1207 eomes
2948 1167 3070 1207 esse
3093 1152 3250 1214 solet,
3281 1152 3491 1206 idcirco

1907 1248 2143 1315 nullum,
2174 1247 2371 1317 inquit,
2424 1247 2621 1301 bonum
2654 1244 2752 1299 abs
2794 1253 2847 1299 te
2899 1260 3020 1299 cum
3078 1243 3270 1299 vitiosa
3322 1242 3486 1296 animi

1907 1339 2190 1396 aﬂectione
2219 1340 2335 1403 ﬂat,
2366 1354 2467 1394 nec
2499 1338 2744 1408 improba
2775 1346 2833 1391 et
2865 1344 3191 1406 praepostera
3231 1332 3489 1404 cogitatio

1905 1432 2221 1504 praclarum
2242 1441 2435 1487 etcum
2468 1429 2665 1484 virtute
2697 1427 3043 1496 coniunctum
3078 1426 3286 1481 facinus
3321 1425 3489 1478 comi-

1907 1533 2052 1580 tetur
2070 1542 2085 1579 :
2103 1526 2232 1593 quin
2260 1522 2438 1593 potius
2458 1522 2503 1577 si
2537 1522 2663 1591 quid
2683 1520 2809 1576 boni
2831 1518 2984 1585 facis,
3002 1518 3070 1573 ab
3086 1516 3230 1573 omni
3251 1524 3489 1571 ostenta-

1907 1617 2055 1670 tione
2082 1629 2147 1670 ac
2188 1614 2485 1683 iactatione
2532 1612 2741 1667 alienus
2791 1611 2890 1675 sis,
2939 1619 3235 1680 praesentes
3280 1606 3489 1661 scilicet

1908 1708 2129 1773 plausus
2193 1704 2419 1760 minime
2468 1711 2716 1773 captans,
2742 1716 2935 1757 verum
2990 1701 3201 1754 futuras
3256 1711 3488 1754 coronas

1838 1811 1883 1868 Β
1906 1806 2244 1867 exspectans.

2271 1908 2532 1966 LXXXV.
2556 1940 2627 1948 —
2655 1905 3119 1965 URSENUPIIIO.

2012 2004 2079 2059 In
2104 2004 2260 2067 illud,
2314 2021 2332 2053 ι
2369 2001 2531 2055 Pater
2554 2010 2751 2064 noster,
2788 2001 2878 2070 qui
2912 2017 2963 2054 es
2990 2001 3045 2052 in
3068 1999 3210 2054 cretis
3241 2000 3306 2053 ¹¹.
3343 2020 3363 2053 ι

1976 2119 2189 2173 Domini
2240 2116 2482 2171 doctrina
2534 2114 2587 2167 in
2647 2114 2929 2180 oratione,
2983 2129 3087 2183 qua
3139 2123 3334 2182 pra-ter
3382 2113 3485 2166 alia

1903 2209 2083 2262 omnia
2131 2206 2312 2262 divina
2366 2204 2652 2273 majestate
2713 2204 2872 2271 digna
2949 2204 3295 2265 documenta,
3385 2204 3490 2257 boc

1905 2300 2140 2367 petitur,
2196 2316 2214 2348 ι
2252 2296 2375 2351 Fiat
2424 2296 2674 2349 voluntas
2724 2303 2811 2349 tua
2855 2295 2992 2348 sicut
3046 2295 3105 2347 in
3152 2295 3290 2349 coelo
3334 2304 3389 2348 et
3435 2295 3499 2347 in-

1906 2399 2047 2444 terra
2099 2391 2165 2456 “,
2203 2408 2224 2441 ι
2258 2389 2503 2457 precibus
2540 2386 2643 2439 hoc
2684 2400 2714 2440 a
2757 2384 2867 2440 Deo
2918 2387 3246 2441 contendere
3308 2386 3485 2447 docet,

1902 2481 2161 2534 virtutum
2180 2478 2483 2534 cmlestium
2512 2492 2720 2545 pacem,
2740 2492 2858 2546 quae
2874 2478 3079 2532 dissidii
3098 2478 3274 2531 omnis
3296 2492 3493 2546 expers

1902 2583 2008 2635 est,
2040 2572 2196 2626 nobis
2227 2586 2442 2641 quoque
2472 2572 2563 2640 qui
2614 2570 2667 2625 in
2700 2580 2843 2623 terra
2876 2585 3179 2635 versamur,
3208 2570 3490 2638 impertire

1903 2665 2138 2732 digneris
2156 2704 2172 2728 ,
2194 2673 2252 2718 ut
2272 2662 2722 2733 quemadmodum
2750 2661 2804 2715 in
2827 2662 2957 2731 ipsis
2974 2661 3277 2716 voluntates
3301 2677 3490 2716 omnes

1905 2766 2010 2811 tuae
2038 2755 2391 2825 perficiuntur
2420 2772 2433 2809 :
2467 2754 2541 2808 ita
2568 2752 2730 2807 etiam
2756 2753 2807 2806 in
2850 2753 3024 2819 nobis,
3062 2769 3181 2823 qua:
3214 2754 3305 2808 tibi
3337 2764 3488 2823 grata

1903 2861 2049 2912 sunt,
2078 2848 2230 2901 fiant.
2262 2848 2388 2902 Haec
2420 2846 2603 2914 igitur,
2646 2853 2702 2899 et
2739 2859 2862 2899 cum
2904 2846 3054 2914 prius
3080 2855 3357 2914 perspecta
3392 2846 3490 2899 ha-

1905 2941 2110 3001 bueris,
2146 2947 2199 2991 et
2228 2952 2370 2991 nunc
2398 2952 2463 2989 ex
2487 2952 2573 2991 me
2599 2934 2954 2999 intellexeris,
2988 2935 3395 3004 pacemarripe,
3421 2949 3489 2988 ac

1905 3031 2183 3085 mordicus
2212 3044 2333 3085 eam
2368 3030 2560 3083 retlne.
2612 3024 2863 3081 C(elestis
2908 3027 3052 3081 enim
3106 3035 3189 3081 est
3260 3040 3323 3081 ac
3378 3026 3504 3081 Dee»

1831 3145 1876 3205 (ς
1906 3124 2103 3180 vicina.

2082 3233 2369 3291 LXXXVI.
2402 3264 2471 3275 ——
2499 3234 2796 3288 OPIIELIO
2829 3229 3309 3289 GRAMMATIGO.

2261 3327 2413 3392 Quod
2443 3327 2570 3380 nihil
2600 3328 2791 3380 virtute
2819 3325 3118 3384 sublimius.

1978 3439 2213 3494 Seminis
2239 3453 2423 3507 genus,
2439 3448 2493 3491 et
2524 3438 2797 3508 sanguinis
2815 3436 2980 3491 fastus
3011 3444 3175 3503 atque
3202 3432 3486 3502 iactantia,

1906 3540 2187 3600 poetarum
2231 3530 2694 3598 praestantissime,
2717 3530 2885 3582 virtus
2933 3526 3043 3596 28
3061 3542 3164 3580 non
3181 3533 3488 3587 est,verutn

1910 3622 2053 3676 haud
2111 3620 2410 3674 voluntaria
2464 3622 2707 3690 quaedam
2756 3620 3031 3675 SUCCGSsiO
3076 3633 3107 3672 e
3168 3617 3489 3687 corporibus

1908 3712 2259 3777 descendens,
2312 3726 2376 3766 ac
2428 3711 2569 3765 ﬂuxa
2600 3721 2652 3765 et
2687 3712 2910 3765 caduca.
2954 3710 3022 3763 At
3053 3723 3182 3763 vero
3232 3710 3400 3761 virtus
3430 3708 3485 3760 in

1909 3804 2213 3874 prudentia,
2236 3803 2465 3872 iustitia,
2496 3802 2832 3867 fortitudine,
2889 3816 2954 3855 ac
3004 3799 3357 3868 temperantia
3381 3798 3487 3853 sita

1909 3905 2011 3951 est.
2070 3894 2323 3964 Quisquis
2390 3894 2553 3963 igitur
2641 3895 2754 3948 haec
2815 3892 3128 3960 complexus
3178 3889 3377 3953 fuerit,
3435 3898 3490 3943 et

1910 3986 2329 4057 pulcherrimus,
2355 3996 2409 4039 et
2442 3985 2763 4053 conspicuus
2795 3992 2900 4046 est,
2940 3992 3102 4050 atque
3129 3979 3393 4049 ejusmodi
3429 3989 3489 4033 ut

1911 4078 2044 4132 nihil
2092 4078 2188 4147 ipsi
2237 4077 2402 4141 desit,
2430 4077 2571 4146 quod
2608 4076 2673 4130 ad
2714 4077 2851 4130 bene
2896 4076 3157 4143 beateque
3198 4074 3485 4127 vivendum

1909 4170 2198 4240 pertineat.

1910 4282 2292 4338 LXXXVII.—
2309 4281 2402 4337 AD
2426 4278 2930 4344 SANDALARIAS,
2957 4275 3497 4333 ALEXANDRINAS

2503 4372 2894 4431 MONACHAS.

297 4492 412 4545 Οὐκ
441 4486 546 4545 οἶδε
588 4492 922 4563 παραίτησιν
952 4492 988 4563 ἠ
1019 4492 1197 4561 φύσις.
1234 4494 1348 4547 Οὐκ
1390 4489 1503 4564 ἔχει
1551 4494 1800 4564 συγγνώ-

1976 4493 2390 4549 Excusationem
2428 4494 2600 4549 nescit
2629 4502 2817 4547 natura
2855 4510 2870 4546 :
2910 4489 3119 4544 veniam
3152 4487 3345 4542 femina
3384 4504 3494 4541 non

234 4600 341 4653 μην
361 4582 423 4636 τὸ
449 4582 605 4654 θῆλυ.
631 4583 868 4636 Δύναται
888 4583 998 4655 γὰρ
1017 4584 1277 4652 γενναίως
1304 4584 1795 4651 κατεξανίστασθαι

304 4735 750 4805 “Matth.vr,3.
846 4737 888 4769 ιι
914 4735 1048 4792 ibid.
1077 4735 1132 4792 9.
1212 4738 1255 4769 ιι
1286 4736 1417 4791 ibid.
1452 4737 1542 4792 to.

1903 4583 2083 4639 habet.
2133 4584 2315 4641 Potest
2380 4585 2524 4639 enim
2573 4584 2786 4638 fortiter
2837 4596 2903 4637 ac
2948 4592 3169 4636 strenue
3228 4579 3491 4634 adversus

1319 4871 1557 4928 VARUE
1597 4872 1982 4930 LECTIONES
2015 4873 2105 4928 ET
2147 4873 2383 4931 NOTAE.

308 5008 416 5077 (85)
445 5008 607 5076 Μηδὲ
633 5008 933 5079 πέρπερος
953 5011 1265 5080 λογισμός.
1295 5010 1447 5077 Quod
1479 5027 1575 5079 pro
1606 5011 1690 5066 his
1718 5011 1803 5065 in-

234 5081 358 5130 veni
394 5081 445 5131 in
489 5095 538 5132 e.
584 5080 738 5145 Bav.,
798 5080 988 5149 μηδεὶς
1032 5082 1323 5144 ἀντίπαλος
1376 5082 1686 5149 πρόφασις,
1735 5097 1803 5135 ex

238 5149 414 5220 glossa
462 5150 740 5217 irrepsisse
791 5162 958 5220 puto,
1004 5161 1063 5204 ut
1108 5163 1337 5211 taceam.
1374 5167 1653 5218 perperam
1703 5150 1805 5219 legi

241 5217 625 5297 μηᾷὶς,“ευω
668 5220 755 5273 vel
794 5217 983 5291 μηδὲ,
1039 5220 1122 5274 vel
1172 5220 1412 5291 μηδεμία
1462 5217 1804 5276 Scribendunt

241 5286 420 5340 fuerit.
460 5288 618 5342 Rl'r'r.

313 5385 379 5394 —
407 5357 515 5438 Non
538 5358 806 5438 τῷαύτῷ,
835 5360 1149 5438 eide_m,_hoc
1177 5370 1259 5438 est
1283 5359 1510 5438 Leontio
1532 5360 1807 5438 episcopo,

241 5436 302 5500 ut
329 5430 579 5494 superior.
616 5430 732 5500 haec
757 5430 995 5500 epistola
1026 5431 1341 5500 inscribitur
1380 5432 1430 5484 in
1463 5433 1582 5485 cod.
1609 5430 1807 5483 Barbe-

244 5496 389 5570 riuo;
436 5501 527 5570 sed
564 5496 818 5570 Τιμοθέῳ
873 5499 1215 5569 ἀναγνώστῃ,
1271 5498 1539 5554 Timotheo
1588 5500 1790 5553 lectori.

246 5562 396 5643 Vra-rs.
423 5566 588 5643 Ilpro
616 5562 729 5633 ’ἑοῖς
750 5562 1056 5641 π’ροσόχοίς,
1083 5562 1329 5643 οοιΪίΑΙι.
1352 5570 1471 5643 legit
1498 5570 1594 5643 τῇς
1622 5584 1794 5643 προσ-

243 5636 395 5703 οκῆς.
449 5636 573 5704 Quae
624 5636 955 5709 sequuntur"
984 5650 1104 5709 post
1150 5636 1460 5709 adverbium
1532 5636 1796 5709 ἐμπαθῶς

250 5718 429 5760 versus
456 5712 612 5777 sexti,
638 5706 955 5764 auctoribus
977 5706 1131 5765 codd.
1172 5706 1294 5762 Vat.
1325 5707 1428 5765 649
1462 5718 1518 5764 et
1545 5710 1679 5774 Alt.,
1714 5708 1796 5762 sic

250 5779 550 5846 corrigenda
579 5790 637 5838 et
669 5780 967 5851 supplenda
1004 5791 1148 5846 sunt,
1176 5779 1362 5851 μηδεὶς
1392 5779 1690 5854 ὑπέρτερος
1711 5777 1799 5831 λο-

1909 5014 2128 5099 γισμδς,
2152 5016 2355 5099 ⁴μηοεὶς
2382 5016 2996 5099 ἀντίπαλος-πρόφασις.
3026 5015 3237 5071 Possm.

1986 5085 2123 5157 (84)_
2148 5083 2298 5152 Quod
2328 5096 2509 5140 exstat
2542 5088 2593 5141 in
2634 5083 2833 5147 editis,
2858 5089 2945 5157 ἣν,
2987 5104 3099 5157 non
3126 5092 3401 5157 comparet
3427 5083 3483 5139 in

1914 5157 2035 5207 coal.
2064 5154 2198 5221 Alt.,
2221 5167 2275 5209 et
2309 5172 2493 5217 revera
2522 5158 2732 5211 videtur
2763 5154 3058 5210 abundare.
3087 5156 3242 5209 Vers.
3277 5156 3328 5215 7,
3366 5162 3487 5221 post

1916 5222 2125 5287 πάντα,
2156 5228 2275 5279 cod.
2307 5225 2416 5279 Alt.
2448 5235 2501 5279 et
2531 5226 2651 5280 Vat.
2686 5226 2791 5281 649
2830 5228 3030 5279 addunt
3056 5226 3124 5278 τὰ
3154 5225 3219 5276 σὰ
3240 5264 3255 5286 ,
3285 5232 3339 5276 et
3364 5238 3485 5292 quae

1919 5307 2237 5363 sequuntur,
2277 5297 2615 5350 emendatius
2650 5303 2751 5350 hoc
2791 5299 2949 5349 modo
2989 5298 3263 5353 scribunt,
3291 5310 3488 5363 κατορ-

1918 5361 2103 5435 ίὶᾼοῦται
2152 5364 2447 5435 Θελήματα.
2488 5365 2642 5421 Vers.
2675 5367 2708 5421 8
2748 5376 3164 5435 seQIIeItle._Pl'0
3216 5361 3488 5433 εὐάρεπα

1918 5431 2080 5506 iidem
2102 5431 2441 5506 ambo-codd.
2464 5436 2666 5506 legunt,
2686 5431 3009 5502 ἀρέσκοντα.
3042 5433 3256 5506 Possm.

1978 5501 2088 5571 (85)
2124 5504 2264 5566 Τῶν,
2305 5508 2443 5560 inter
2479 5501 2702 5559 uncinos
2732 5501 3045 5570 inclusum,
3080 5506 3123 5557 si
3160 5504 3266 5556 Alt.
3303 5501 3478 5557 codici

1903 5569 2172 5645 ﬁdesest,
2196 5576 2428 5645 expungi
2461 5576 2637 5631 debet.
2674 5574 2881 5630 Possm.

1978 5641 2089 5709 (86)
2132 5638 2342 5699 Titulus
2378 5638 2536 5715 htijus
2586 5646 2867 5715 epist._sic
2911 5653 3009 5715 est
3041 5641 3093 5715 in
3144 5641 3300 5715 codd.
3356 5638 3480 5715 Vat.

1906 5706 2009 5791 ριν
2048 5706 2102 5791 et
2130 5715 2272 5791 Alt_._,
2299 5706 2793 5791 _1\Iov;£crr_piai;_c§)_
2832 5716 2891 5767 ἐν
2936 5710 3342 5791 ’Ᾱλῗξανδρείας
3381 5711 3484 5791 ῥῖν’

1905 5776 2164 5854 δλλαρίῳ.
2209 5776 2370 5842 Multa
2420 5788 2473 5840 in
2530 5776 2627 5841 hac
2655 5776 2902 5841 'leeiioue
2938 5776 3343 5853 ambiguitatem
3380 5782 3481 5835 ha-
