3896 6404
429 377 532 441 21.3
1593 374 1654 432 s.
1697 370 1988 431 131110111
2025 364 2462 428 PELUSIOTAZ
3575 339 3678 403 2-H

437 481 713 539 mollitiem
760 479 1016 546 impetum
1058 477 1260 542 facere,
1300 477 1762 548 cupiditatumque
1793 465 2025 532 maelii?

2149 476 2208 546 ῆς
2247 472 2594 544 χαυνώσεως,
2632 468 2726 522 καὶ
2757 461 3159 538 ἀποκρούεσθαι
3191 458 3430 530 στερρῶς
3457 455 3557 519 τὰς
3576 457 3680 508 τῶν

437 589 534 627 nas
567 581 726 638 atque
772 575 1037 622 tormenta
1065 566 1289 622 firmiter
1310 566 1643 636 propulsare.
1672 567 2004 622 Documento

2149 563 2418 636 πιθυμιῶν
2465 561 2756 623 ἑλεπόλεις.
2810 558 2920 612 Καὶ
2957 552 3262 608 διδάσκαλοι
3309 549 3524 614 τούτου,
3572 548 3682 599 Σω-

436 672 563 717 sunt
610 659 840 716 celebris
896 659 983 713 illa
1042 657 1313 724 Susanna,
1365 674 1486 713 cum
1527 658 1633 712 filia
1673 656 1926 728 Jephthe,
1955 666 2010 712 et

438 752 756 808 admiranda
801 749 1007 805 Judith.
1051 751 1287 817 Quarum
1335 751 1506 819 prima
1539 766 1730 806 senum
1758 752 2012 818 intempe-

442 854 649 898 rantem
687 841 964 896 libidinem
1000 839 1288 910 injuvenili
1318 849 1477 895 aetate
1506 843 1810 910 superavit;
1843 841 2011 896 altera

438 943 666 992 mortem
695 946 908 1001 quoque
935 945 1128 1001 magno
1161 929 1341 984 animo
1385 933 1644 1000 suscepit,
1694 941 1856 1000 atque
1887 945 2010 986 cum

441 1025 755 1097 virginitate
789 1022 1048 1093 praeclare
1086 1023 1350 1077 abscessit
1378 1039 1393 1089 ;
1418 1031 1691 1091 postrema
1718 1037 1815 1092 pro
1843 1020 2012 1077 casti-

442 1117 571 1170 tatis
601 1115 822 1185 przemio
864 1114 966 1173 hoc
1005 1127 1036 1166 a
1071 1112 1180 1167 Deo
1209 1114 1440 1183 accepit,
1464 1121 1522 1168 ut
1558 1123 1789 1184 tyranno
1826 1127 2014 1168 necem

441 1208 680 1264 afferret.
717 1206 869 1261 Adde
921 1205 1265 1264 muliebrium
1311 1207 1655 1261 victoriarum
1684 1220 1748 1259 ac
1785 1213 2013 1275 tr0pzeo-

443 1318 561 1355 rum
608 1308 794 1369 caput,
837 1300 939 1354 hoc
991 1307 1074 1355 est
1118 1297 1261 1353 illam
1303 1298 1542 1352 omnium
1591 1298 1838 1352 laudibus
1873 1295 2016 1352 cele-

444 1391 655 1445 bratam
699 1390 980 1454 Theclam,
1029 1404 1148 1456 qua:
1201 1397 1459 1458 tanquam
1505 1387 1828 1442 immortalis
1872 1388 2020 1457 pndi-

445 1481 588 1535 CIIIEB
616 1479 862 1534 columna
891 1487 1121 1549 prOStat,
1157 1493 1384 1548 quaeque
1413 1494 1445 1534 e
1475 1478 1648 1534 media
1683 1478 2017 1532 turbidarum

2114 659 2283 712 σὰννα
2310 659 2343 728 ἡ
2375 655 2619 724 εὐκλεὴς,
2653 654 2748 706 καὶ
2784 653 2817 722 ἡ
2848 649 3096 718 θυγάτηρ
3141 643 3335 714 ’Ῑεφθὲ,
3365 640 3460 694 καὶ
3487 641 3522 710 ἡ
3558 638 3684 691 θαυ-

2117 747 2295 820 μαστὴ
2356 745 2594 816 Ἰουδήθ·
2636 746 2670 814 ἡ
2713 743 2811 813 μὲν
2869 740 3142 811 γερόντων
3191 733 3489 789 ἀκολασίαν
3535 729 3686 800 νική-

2115 859 2258 895 σασα
2296 842 2353 893 ὲν
2387 838 2634 907 νεότητι·
2692 835 2725 905 ἠ
2775 833 2831 887 δὲ
2862 833 2956 886 καὶ
3000 830 3229 884 θάνατον
3270 825 3534 896 ἀνδρείως
3571 821 3687 874 ἑλο-

2119 931 2279 1001 μένη,
2310 928 2403 981 καὶ
2433 928 2498 996 τῇ
2543 922 2813 995 παρθενίᾳ
2857 915 3269 973 συναπελθοῦσα
3315 913 3580 982 ἀοιδίμως
3605 926 3618 939 ⁸
3653 909 3688 979 ἡ

2115 1022 2173 1074 δὲ
2214 1019 2403 1092 μισθὸν
2430 1017 2530 1087 τῆς
2560 1013 2929 1086 σωφροσύνης,
2963 1010 3188 1080 δύναμιν
3231 1004 3385 1076 παρά
3425 1002 3564 1057 Θεοῦ
3613 1002 3688 1054 εί-

2117 1114 2339 1184 ληφυῖα,
2381 1107 2804 1181 τυραννοκτόνος
2831 1102 3105 1172 γενέσθαι.
3156 1100 3264 1154 Καὶ
3297 1097 3357 1151 τὸ
3395 1094 3692 1164 κεφάλαιον

2117 1205 2226 1257 τῶν
2249 1200 2572 1271 γυναικείων
2611 1196 2776 1250 νικῶν
2804 1196 2899 1248 καὶ
2941 1190 3237 1263 τροπαίων,
3270 1190 3303 1259 ἡ
3334 1186 3693 1254 πανεύφημος

2119 1294 2317 1355 eme,
2347 1291 2516 1363 στήλη
2549 1288 2762 1351 αἰώνιος
2787 1285 3006 1353 ἁγνείας
3037 1281 3270 1346 ἑστῶσα,
3299 1279 3375 1342 ὼς
3400 1275 3609 1348 πυρσὸς
3633 1276 3695 1328 ὲκ

2124 1385 2291 1456 μέσου
2320 1382 2411 1435 τοῦ
2442 1379 2707 1442 κλύδωνος
2747 1376 2856 1430 τῶν
2888 1373 3076 1428 παθῶν
3114 1369 3437 1440 ἀναφθεῖσα,
3479 1368 3561 1426 είς
3607 1363 3696 1456 τόν

2123 1455 2371 1546 ἀκύμονα
2420 1471 2708 1542 κατάρασα
2733 1467 2947 1537 λιμένα.
2981 1465 3046 1517 El.
3093 1461 3271 1516 τοίνυν
3311 1458 3488 1521 οὕτως
3534 1455 3698 1525 ἀναῤ-

447 1571 787 1625 δίΐθοιίοηιιηι
843 1579 1158 1638 tempestate
1205 1579 1460 1638 tanquam
1511 1568 1602 1624 fax
1658 1584 1907 1633 accensa,
1952 1567 2020 1621 ad

2149 1566 2358 1636 ίηθῆναι
2402 1562 2736 1632 ἐπιθυμεῖτε,
2759 1558 2856 1621 τὰς
2877 1554 3161 1627 λαμπάδας
3206 1550 3504 1611 ἀσϐέστους
3531 1549 3697 1639 τηρη-

448 1672 660 1731 portum
705 1663 774 1716 ab
824 1636 1073 1721 omnibus
1128 1636 1381 1718 fluctibus
1437 1662 1731 1715 immunem
1795 1660 2020 1729 appulit.

2149 1675 2284 1710 πατεο
2313 1658 2341 1709 6
2369 1655 2476 1724 γὰρ
2503 1652 2734 1723 νυμφίος
2763 1648 2925 1711 εὐθὺς
2961 1645 3356 1718 παραγίνεται·
3387 1641 3486 1694 καὶ
3515 1636 3701 1731 μηδεὶς

453 1753 714 1820 Quocirca
743 1752 872 1807 siad
900 1752 1044 1807 hunc
1070 1754 1287 1806 modum
1314 1751 1500 1807 laudes
1523 1759 1733 1806 vestras
1764 1761 2016 1820 tanquam

2149 1748 2272 1818 ιμᾶς
2307 1746 2472 1808 ὕπνος
2515 1743 2848 1815 ἡδυπαθείας
2888 1739 3168 1811 ἀνακλίνῃ,
3204 1738 3232 1788 6
3262 1734 3366 1800 ἔξω
3395 1732 3496 1800 τῆς
3533 1728 3699 1820 θύρας

448 1843 718 1911 pra-conis
767 1857 900 1897 voce
946 1842 1224 1912 praedicari
1276 1844 1494 1910 cupitis,
1529 1819 1887 1896 inexstincms
1918 1855 2014 1894 ve-

2151 1839 2211 1892 οὖ
2244 1835 2529 1908 νυμφῶνος
2559 1835 2658 1897 τὰς
2692 1831 2935 1899 ὑπνηλάς
2980 1830 3076 1882 καὶ
3109 1825 3387 1898 ῥᾳθύμους
3429 1819 3698 1890 κατέχων.

450 1947 592 1994 stras
629 1939 902 2008 lampades
927 1947 1245 2000 conservate
1276 1938 1480 2008 (statim
1507 1939 1651 1992 enim
1684 1951 1912 2005 sponsus
1949 1935 2231 1999 adfuturus
2260 1935 2388 2002 est),
2415 1946 2588 2002 neque
2612 1927 2956 1993 committite,
2997 1935 3056 1980 ut
3084 1939 3180 1979 vos
3213 1922 3354 1977 ullus
3391 1913 3689 1985 voluptatis

451 2050 675 2091 somnus
711 2035 998 2106 deprimat,
1025 2033 1118 2102 qui
1152 2035 1408 2088 socordes
1429 2049 1494 2087 ac
1533 2035 1901 2089 somnolentas
1923 2043 2078 2090 extra
2115 2030 2335 2086 thalami
2361 2028 2508 2085 fores
2539 2026 2823 2083 retinet".

848 2147 1180 2202 LXXXVIII.
1209 2181 1280 2190 -——
1314 2147 1638 2204 ARSENIO.

564 2240 717 2303 Quod
747 2241 829 2294 illi
851 2243 940 2310 qui
965 2241 1096 2294 nihil
1125 2240 1242 2322 boni
1265 2253 1474 2310 egerunt
1520 2258 1624 2301 non
1651 2239 1832 2294 debent
1868 2257 1923 2302 se

1146 2324 1367 2376 jactare.

525 2421 583 2474 Si
631 2421 965 2487 Pharisceus,
1015 2438 1136 2476 cum
1195 2438 1258 2477 ea
1315 2422 1536 2477 fecisset
1597 2438 1719 2492 quae
1765 2421 2028 2490 iactabat,

459 2521 745 2582 propterea
796 2513 1186 2569 condemnatus
1219 2515 1343 2583 quia
1397 2529 1456 2570 se
1502 2515 1746 2582 iactavit,
1805 2516 1932 2584 quid
1982 2525 2034 2570 te

453 2602 653 2675 iactas,
679 2605 920 2676 garrieus
947 2605 1230 2671 duntaxat,
1270 2621 1334 2661 ac
1351 2622 1458 2662 non
1490 2607 1623 2662 item
1660 2606 1788 2662 boni
1831 2607 2032 2676 aliquid

461 2695 669 2752 faciens
693 2736 709 2762 ,
744 2707 904 2766 teque
929 2699 1167 2767 graviori
1227 2713 1401 2769 poma:
1439 2699 1730 2756 obnoxium
1783 2699 2033 2762 reddens,

461 2803 624 2856 quam
652 2804 756 2858 qua
786 2787 1093 2846 Phariszeus
1120 2790 1379 2845 multatus
1401 2791 1524 2846 est?
1555 2807 1677 2846 cum
1696 2801 1872 2846 tamen
1903 2790 2036 2845 nihil

461 2880 888 2948 reprehensione
914 2881 1132 2952 dignum
1154 2883 1483 2946 admisisset,
1516 2898 1702 2936 verum
1729 2883 1832 2937 hoc
1873 2896 2036 2936 unum

463 2970 539 3036 illi
564 2971 778 3033 crimini
810 2973 996 3028 datum
1021 2973 1236 3042 fuisset,
1262 2976 1404 3044 quod
1431 2975 1500 3030 de
1529 2974 1715 3044 probis
1735 2975 2038 3030 actionibus

465 3063 808 3133 gloriaretur.

703 3174 1072 3232 LXXXIX.—-
1109 3175 1407 3234 ISODORO
1438 3175 1798 3233 EPISCOPO.

536 3288 737 3343 Omnes
774 3291 1013 3358 quidem,
1074 3290 1120 3346 si
1155 3291 1270 3346 fieri
1302 3299 1500 3361 potest,
1534 3291 1819 3345 mulierum
1867 3297 2042 3344 ctetus

2651 2142 2783 2194 HH'.
2861 2108 3175 2203 APSENIQ.

2133 2237 2261 2289 Ὀτι
2286 2235 2556 2306 μάλιστα
2597 2236 2649 2306 _ol
2696 2230 2906 2306 μηδὲν.
2934 2226 3159 2306 ἀπελθὸν)
3187 2220 3564 2306 πεπραχότες
3595 2216 3704 2271 οὐκ

2477 2297 2831 2374 ὀφείλουσιν
2875 2297 3356 2357 ἀλαζονεύεσθαι.

2204 2422 2318 2492 (87)
2358 2420 2422 2472 Εἰ
2451 2417 2664 2488 πράξας
2692 2417 2720 2468 6
2751 2413 3044 2484 Φαρισαῖος
3090 2407 3125 2462 ἀ
3172 2405 3537 2474 ἐκαυχήσατο,
3569 2399 3631 2453 σὺ
3653 2414 3705 2450 τι

2135 2513 2405 2583 καυχᾶσαι
2435 2507 2778 2579 λαρυγγίζων
2804 2502 3012 2566 ἁπλῶς,
3048 2500 3143 2553 καὶ⁸
3182 2498 3242 2550 οὺ
3276 2494 3536 2566 πράττων
3577 2505 3706 2583 χρη-

2137 2576 2298 2670 στῶς,
2336 2604 2431 2657 καὶ
2469 2576 2711 2673 χείρονος
2740 2597 2934 2652 ἑαυτὸν
2973 2592 3144 2646 ποιῶν
3168 2591 3352 2660 ἔνοχον
3382 2584 3618 2652 κρίσεως
3643 2576 3706 2652 ἧς

2136 2702 2165 2753 ὁ
2212 2697 2502 2763 Φαρισαῖος
2533 2692 2865 2762 ύπέμεινεν;
2905 2687 3056 2741 οὐδὲν
3111 2683 3213 2755 μὲν
3250 2681 3400 2747 ἄξιον
3453 2674 3710 2748 μέμψεως

2138 2786 2474 2859 πεπραχὼς,
2529 2783 2698 2855 μόνην
2752 2781 2810 2834 δὲ
2870 2779 2968 2850 τὴν
3024 2776 3200 2847 οἴησιν
3250 2772 3350 2841 τῆς
3408 2764 3709 2837 εὐπραγίας

2138 2880 2444 2951 ἐγκληθείςε

2463 3169 2589 3224 118'.
2627 3199 2698 3210 —
2734 3164 2995 3234 ΙΣῐΔΩῐᾮ
3033 3158 3397 3228 ΕΠΙΣΚΟΠῼ.

2215 3286 2402 3347 Πάσας
2448 3284 2567 3354 μὲν,
2601 3283 2649 3334 εί
2675 3274 2786 3334 οἷόν
2811 3295 2892 3344 τε,
2919 3275 3133 3348 ὁμιλίας
3155 3269 3434 3342 γυναικῶν
3461 3266 3716 3338 ἐκτρέπε-

469 3389 631 3450 atque
689 3381 960 3451 colloquia
1013 3381 1270 3452 defugere
1303 3359 1616 3453 _oporteret,
1676 3391 1734 3436 ut
1793 3396 1915 3451 quae
1975 3381 2036 3436 ad

2149 3375 2272 3441 σθαι
2311 3375 2436 3448 χρὴ,
2481 3375 2556 3438 ὡς
2602 3371 2830 3444 ἐχούσας
2874 3370 2996 3423 τινὰ
3036 3367 3174 3438 πρὸς
3216 3364 3491 3436 χαύνωσιν
3539 3359 3719 3453 ἐπιτή-

467 3470 846 3537 einolliendum
888 3472 1129 3527 animum
1165 3473 1271 3526 vim
1297 3474 1587 3543 quamdam
1637 3488 1702 3527 ac
1730 3472 2036 3526 facultatem

2149 3468 2328 3522 δευσιν
2349 3483 2362 3496 ·
2391 3469 2438 3521 εί
2459 3466 2516 3519 δὲ
2540 3465 2698 3520 τοῦτο
2723 3463 2986 3531 ἀδύνατον
3011 3460 3100 3514 διά
3125 3457 3475 3526 περιστάσεις
3507 3448 3718 3523 χρειῶν,

470 3558 723 3614 habeant.
753 3561 1016 3626 Quoniam
1053 3572 1231 3617 autem
1257 3603 1272 3627 ,
1302 3567 1372 3618 ob
1405 3564 1741 3618 necessarios
1774 3562 2036 3632 quosdam

2154 3560 2186 3631 ἢ
2236 3559 2541 3631 οἰκονομίας
2592 3557 2842 3628 πτωχῶν,
2887 3555 3038 3609 κάτω
3063 3551 3316 3613 νεύοντας
3358 3543 3718 3614 διαλέγεσθαι.

471 3665 636 3704 casus
683 3660 779 3704 aut
836 3667 1132 3723 pauperum
1186 3654 1640 3725 dispensationes,
1670 3655 1773 3710 hoc
1826 3654 2036 3708 minime

2154 3654 2282 3714 Τοῖς
2315 3651 2423 3722 γὰρ
2456 3651 2717 3718 πλείοσιν,
2747 3649 2779 3721 ἢ
2809 3650 2901 3702 καὶ
2941 3649 3074 3701 πᾶσι
3103 3644 3288 3715 σχεδὸν
3316 3644 3429 3704 τοῖς
3450 3638 3722 3710 ἡττηθεῖσι

475 3739 592 3793 fieri
647 3749 845 3809 potest,
901 3744 1199 3802 curandum
1247 3753 1332 3798 est
1377 3753 1434 3798 ut
1475 3744 1648 3799 oculis
1677 3745 1825 3798 humi
1853 3743 2036 3799 defixil

2156 3744 2385 3807 κάλλους
2414 3743 2708 3813 γυναικῶν,
2739 3742 2827 3795 διά
2850 3741 2960 3794 τῶν
2983 3738 3211 3809 θυρίδων
3235 3735 3401 3804 ἀνέϐη
3427 3735 3454 3787 6
3478 3733 3720 3792 θάνατος,

473 3843 570 3898 eas
603 3830 961 3900 alloquamur.
1003 3833 1176 3900 Quam
1212 3835 1460 3905 plurimis
1497 3835 1639 3889 enim
1676 3845 1769 3888 aut
1793 3835 1954 3889 etiam
1985 3834 2036 3889 iis

2157 3836 2218 3900 ὃς
2259 3837 2352 3890 καὶ
2379 3834 2475 3889 τοῦ
2522 3833 2758 3905 μεγάλου
2798 3832 3085 3904 Προφήτου
3129 3830 3226 3883 καὶ
3257 3825 3525 3898 βασιλέως
3568 3821 3726 3891 ἐκρά-

473 3921 644 3993 l'erme
687 3923 959 3991 omnibus,
990 3926 1081 3994 qui
1131 3924 1455 3980 feminarum
1485 3925 1888 3995 pulchritudine
1921 3925 2036 3981 sub-

2160 3943 2345 3995 τησεν,
2390 3928 2480 3980 ὅτε
2513 3926 2650 3999 πρὸς
2689 3924 2750 3980 τὸ
2792 3922 3014 3994 λουτρὸν
3056 3922 3232 3974 ἐκεῖνο
3269 3917 3330 3971 τὸ
3358 3913 3725 3986 θανατηφόρον

477 4014 583 4082 acti
627 4025 794 4082 sunt,
831 4015 932 4070 hoc
974 4015 1193 4080 accidit,
1233 4025 1289 4070 ut
1331 4030 1477 4071 mors
1520 4030 1616 4085 per
1662 4016 1931 4071 fenestras
1983 4013 2053 4070 ad
2161 4016 2455 4086 ἀπέϐλεψε.

475 4121 573 4161 eos
611 4109 1029 4165 ascenderet“:
1071 4110 1272 4180 quippe
1297 4124 1416 4179 quae
1443 4109 1608 4165 etiam
1647 4124 1900 4180 magnum
1933 4108 2083 4166 illum
2122 4107 2446 4183 PrOphetam
2479 4125 2543 4166 ac
2574 4123 2756 4178 regem
2796 4106 2990 4161 vicerit
3015 4104 3081 4136 ’δ’
3105 4146 3121 4168 ,
3147 4117 3270 4157 cum
3299 4097 3373 4154 ad
3419 4093 3727 4167 pestiferum

480 4201 611 4276 illud
637 4203 888 4272 balneum
925 4203 1114 4270 oculos
1147 4203 1401 4272 conjecit.

1031 4319 1144 4379 xc.
1178 4349 1248 4359 —
1276 4317 1506 4373 EIDEM.
2089 4301 2137 4358 D

611 4412 962 4488 Apostolicnm
989 4427 1100 4486 esse
1123 4412 1367 4488 mulieres
1397 4411 1450 4462 in
1477 4409 1710 4463 ecclesiis
1732 4422 1936 4463 canere.

2675 4317 2748 4380 ιο.
2789 4341 2860 4352 -
2896 4309 2984 4379 Tn
3022 4305 3225 4375 ΑΥΤῼ.

2175 4408 2304 4460 Ὀτι
2330 4404 2739 4462 ἀποστολικὸν
2768 4402 2835 4456 τὸ
2865 4401 2937 4454 ἐν
2965 4390 3609 4473 ὲρικλησίαιςψὰλλειν
3634 4404 3732 4460 γυ-

2489 4474 2722 4538 ναῖκας,
2751 4473 2852 4526 καὶ
2881 4470 3014 4539 περὶ
3058 4469 3417 4533 ἀσκητριῶν.

558 4610 897 4678 Importunas
928 4625 981 4665 In
1009 4611 1256 4679 ecclesiis
1315 4611 1669 4680 quuacitates
1708 4607 1918 4663 Domini
1955 4604 2036 4677 ξε

2239 4593 2352 4655 Τὰς
2391 4594 2450 4645 ὲν
2483 4587 2800 4658 ἐκκλησίαις
2844 4583 3113 4655 φλυαρίας
3157 4578 3512 4634 καταπαῦσαι
3559 4572 3734 4648 βουλόο

487 4698 714 4768 apostoli
763 4714 1016 4755 coercere
1071 4716 1136 4754 ac
1173 4703 1535 4771 comprimere
1583 4699 1884 4763 studentes,
1937 4714 2036 4752 moi

2177 4701 2328 4756 μενοι
2351 4683 2402 4735 of.
2430 4680 2522 4735 τοῦ
2552 4677 2760 4749 Κυρίου
2801 4675 3110 4740 ἀπόστολοι,
3155 4672 3380 4741 καὶτῆς
3423 4672 3581 4740 ἡμῶν
3616 4681 3736 4718 παι-

489 4791 784 4861 destiaaque
837 4802 999 4861 atque
1055 4760 1338 4862 gravitatis
1380 4792 1668 4862 magistros
1718 4804 1837 4844 sese
1914 4787 2036 4843 nobi

2172 4775 2355 4830 δευταὶ
2383 4770 2789 4830 καταστάσεως,
2817 4765 3041 4837 ψάλλειν
3065 4766 3122 4817 ὲν
3145 4765 3335 4824 αὑταῖς
3356 4760 3457 4824 τάς
3485 4760 3738 4828 γυναῖκας

489 4886 815 4963 praebentes,
842 4893 902 4938 ut
945 4883 1201 4938 mulieres
1231 4886 1288 4937 in
1323 4883 1457 4954 ipsis
1501 4891 1784 4946 canerent,
1832 4879 2036 4948 sapienl

2178 4867 2411 4931 συνετῶς
2456 4862 2858 4933 συνεχώρησαν.
2925 4857 3064 4912 Ἀλλ’
3094 4855 3214 4928 [ὡς]
3268 4855 3448 4909 πάντα
3497 4853 3577 4952 είς
3626 4853 3741 4963 τοῖς-

491 4937 721 5045 pensilio
775 4937 1161 5042 permiserunt.
1230 4937 1429 5031 Verum
1504 4981 1565 5029 ut
1621 4937 1802 5033 omnia
1883 4937 2032 5024 divin

2177 4960 2387 5017 ναντίον
2419 4959 2632 5029 ἐτράπη
2655 4954 2725 5009 τὰ
2755 4951 2992 5022 θεοφόρα
3015 4948 3336 5018 διδάγματα,
3352 5014 3356 5018 δ
3371 4944 3465 4998 καὶ
3485 4940 3644 4998 τοῦτο
3666 4937 3740 5002 είς

579 5129 625 5162 ³³
645 5128 837 5187 Matth.
871 5145 1000 5198 xxv,
1032 5132 1065 5188 5
1090 5144 1243 5201 seqq.
1350 5128 1396 5160 ¹⁶
1423 5125 1534 5200 Jer.
1565 5142 1642 5190 ιι,
1667 5125 1761 5203 2i.
1824 5123 1889 5166 “9
1912 5120 1952 5176 ll
1981 5120 2112 5192 Reg.
2144 5134 2222 5185 ιι,
2260 5118 2318 5174 2.

1576 5281 1816 5361 vitam;
1849 5276 2236 5363 LE_CTI_ONES
2271 5273 2362 5330 ET
2386 5270 2620 5329 morm.

2256 5416 2366 5488 (87)
2387 5413 2603 5488 Initium
2635 5409 2794 5488 hujus
2817 5409 2977 5488 epist.
3010 5406 3094 5488 si‘c'
3120 5403 3460 5488 emendati-ns
3491 5410 3542 5454 et
3575 5406 3745 5488 egeni

2183 5465 2518 5554 sius-legitur
2550 5485 2602 5535 in
2637 5465 2796 5554 codd.
2828 5465 2938 5554 Alt.
2975 5476 3178 5554 etYat.
3210 5475 3312 5554 6I9
3340 5493 3351 5527 :
3389 5474 3451 5525 El
3490 5465 3745 5554 πράξας-ό

2183 5540 2498 5629 ᾧαρισὶῖος,
2522 5547 3050 5629 κατεκρίθη-ἐπε.ιῇ
3077 5546 3440 5629 ἐκαυχήσατο,
3467 5542 3530 5629 συ
3550 5540 3741 5629 τίἱ

2186 5617 2492 5684 In'iisdem
2542 5624 2594 5676 in
2639 5617 2878 5673 νει-ειιῦ
2911 5618 3080 5670 ποιῶν
3115 5620 3384 5671 omittitur
3434 5621 3528 5684 aut
3580 5617 3746 5684 p0I|t|S_

2188 5672 2517 5754 Ean-sicam
2543 5672 2597 5746 iii
2625 5672 2841 5758 versum
2871 5695 3186 5755 sequentem
3219 5695 3336 5758 post
3369 5672 3621 5755 κρίσεως,
3659 5672 3746 5730 sed

2193 5771 2461 5825 mutatum
2488 5763 2538 5820 in
2575 5762 2770 5824 ποιεῖς.
2803 5757 3013 5815 Possm.

504 5433 654 5486 bent.
697 5429 828 5484 Eam
858 5445 980 5484 cum
1017 5430 1120 5486 ﬁde
1161 5429 1405 5498 expressi
1433 5469 1447 5493 ,
1480 5437 1540 5483 nt
1563 5428 1632 5482 sit
1661 5428 2071 5498 fundamentum

507 5501 830 5570 assequendi
857 5501 1216 5569 coniunctura
1236 5497 1433 5553 'veram
1454 5499 1691 5570 auctoris
1712 5497 2071 5570 scripturam.

507 5564 710 5636 vers-5
767 5564 984 5638 Ἰεφθαὲ
1024 5571 1286 5625 scribitur
1319 5570 1370 5622 in
1415 5570 1536 5622 cod.
1580 5569 1682 5622 Alt.
1712 5564 1867 5622 Vers.
1897 5564 2080 5638 fidei;

505 5640 676 5707 δίμως
700 5636 1014 5694 adverbium
1036 5640 1086 5693 in
1113 5655 1304 5694 nomen
1317 5639 1557 5708 ἀοίδιμος
1577 5639 1878 5708 mutatcod.
1903 5636 2080 5708 Vatia.

509 5705 635 5771 649.
661 5711 1033 5764 consentiente
1057 5711 1164 5763 Alt.
1199 5708 1356 5778 Vere.
1389 5705 1642 5778 antepen.
1669 5711 1826 5761 ambo
1852 5707 1888 5778 ii
1921 5705 2082 5778 codd,

515 5764 704 5868 μηδεὶς
727 5789 1061 5835 commutant
1087 5780 1139 5835 in
1171 5777 1354 5852 μήτις,
1387 5764 1600 5849 ονίιιὸπ,
1629 5778 1839 5836 melius.
1867 5764 2081 5847 Possm'.
