3896 6404
450 264 551 329 247

662 377 841 435 XCIII.
864 409 936 420 —
952 381 1405 443 TABENNESIE
1439 388 1807 447 MONACIIIS.

698 491 826 549 Non
863 506 1100 564 oportere
1126 501 1319 556 multos
1349 519 1461 557 esse
1486 505 1793 574 magistros.

527 622 547 656 ι
590 602 767 661 Nolite
816 607 969 662 multi
1030 611 1271 680 magistri
1309 612 1462 678 ﬁeri,
1503 613 1703 687 fratres
1738 656 1753 679 ,
1794 637 1814 669 ι
1853 616 2042 671 scribit

447 694 627 764 justus
652 693 881 753 Iacobus
902 699 973 753 η.
996 699 1172 757 Nolite
1206 705 1357 758 multi
1388 707 1633 776 magistri
1653 706 1813 775 eﬂici,
1850 723 2041 761 mona-

453 785 563 849 chi,
596 787 777 841 scribo
835 801 935 859 ego
964 792 1224 846 minimus
1252 791 1491 849 Isidorus
1518 836 1533 861 ,
1569 797 1669 849 etsi
1698 812 1804 851 non
1842 797 2043 866 probus

452 880 774 947 monachus,
821 890 877 935 at
927 896 1075 938 certe
1130 883 1316 940 Jacobi
1369 887 1601 942 auditor.
1629 889 1738 960 30
1782 888 2023 960 Equum

456 973 639 1042 itaque
682 973 844 1029 fuerit
892 990 1008 1041 vos,
1046 976 1259 1031 etiamsi
1298 977 1561 1034 auditoris
1602 981 1866 1034 vilitatem
1915 979 2040 1047 reji-

454 1063 631 1131 ciatis,
661 1073 717 1118 at
745 1073 893 1119 certe
910 1065 1113 1133 justam
1136 1067 1238 1120 viri
1266 1066 1395 1136 justi
1432 1082 1497 1123 ac
1530 1070 1803 1140 sapientis
1823 1070 2045 1140 sapien-

456 1153 589 1208 tiam
626 1152 845 1221 vereri;

727 1265 1401 1323 XCIV.-—PANSOPHIO
1437 1268 1758 1326 DIACONO.

520 1354 591 1411 In
618 1356 777 1421 illud,
814 1374 833 1409 ι
873 1358 1067 1413 Omnia
1091 1361 1233 1412 nuda
1261 1371 1308 1413 et
1339 1371 1520 1429 aperta
1561 1362 1725 1416 oculis
1752 1361 1886 1431 ejus.
1935 1381 1954 1415 ι

524 1532 649 1588 Haec
673 1534 855 1601 verba,
887 1554 906 1587 ι
927 1536 1069 1590 nuda
1093 1548 1149 1593 et
1172 1548 1356 1607 aperta
1380 1540 1477 1604 “,n
1509 1542 1858 1597 translatione
1880 1543 2038 1599 ducta

452 1639 484 1678 ιι
516 1624 752 1679 victimis
780 1641 899 1695 quae
925 1629 991 1681 ad
1034 1629 1362 1685 sacriﬁcium
1406 1632 1754 1698 adhibentur,
1789 1650 1819 1689 a
1850 1633 2036 1704 Paulo,

449 1714 655 1786 ingenti
686 1719 950 1788 sapientia
973 1720 1201 1789 praedito
1243 1724 1380 1788 viro,
1412 1725 1615 1795 scripta
1644 1735 1787 1781 sunt.
1832 1726 2034 1793 Quem-
2068 1752 2112 1808 Β

450 1807 739 1864 admodum
772 1813 916 1866 enim
944 1813 1069 1879 illae,
1112 1828 1235 1871 cum
1265 1814 1431 1884 pelles
1458 1817 1833 1883 detrahuntur,
1883 1818 2033 1874 omni

450 1899 746 1969 conspicuo
786 1902 1104 1961 indumento
1133 1906 1456 1977 Spoliantur,
1496 1908 1910 1979 abditarumque
1952 1910 2036 1965 in-

452 2001 607 2047 terne
630 1997 864 2063 partium
890 2007 1091 2052 statum
1114 2009 1167 2053 et
1192 2000 1538 2058 aﬂeclionem
1572 2002 1839 2070 indicant,
1872 2012 2036 2074 atque

449 2083 519 2139 ad
560 2086 765 2141 ossium
817 2090 1058 2145 omnium
1111 2102 1167 2147 et
1216 2094 1583 2149 membrorum
1633 2094 2033 2165 indagationem

450 2173 819 2241 dissecantur,
851 2185 911 2231 ut
954 2180 1157 2245 omnia,
1186 2180 1255 2235 ob
1281 2182 1481 2247 rei,cui
1508 2182 1851 2251 adhibentur,
1876 2185 2023 2254 puri-

452 2262 623 2318 tatem
671 2278 1038 2338 expurgentur
1072 2287 1088 2324 :
1124 2272 1312 2327 eodem
1351 2274 1514 2329 etiam
1560 2275 1721 2330 modo
1760 2276 1813 2331 in
1840 2292 2034 2348 magno

451 2352 546 2408 illo
587 2351 800 2435 Domini
852 2358 940 2413 die
986 2361 1259 2417 actionum
1321 2365 1477 2420 nobis
1519 2365 1918 2436 incognitarum
1978 2375 2035 2423 et

451 2444 808 2501 obscurarum
836 2450 1124 2517 patefactio
1173 2465 1364 2509 cuncta
1400 2456 1718 2523 denudabit,
1748 2458 2030 2514 dissectio-

452 2535 622 2606 nlque
679 2538 875 2596 similis
940 2545 1239 2613 apparebit.
1298 2548 1482 2617 Neque
1539 2550 1684 2604 enim
1736 2551 2025 2621 quisquam

452 2627 626 2685 latere
670 2632 896 2701 poterit,
950 2649 1138 2690 verum
1204 2652 1394 2695 omnes
1450 2641 1501 2694 in
1547 2650 1795 2711 apertum
1861 2644 2034 2698 addu-

450 2733 666 2779 CCllllﬂ'.

781 2840 942 2898 XCV.
961 2872 1033 2885 -
1053 2843 1361 2901 EUTONIO
1398 2846 1717 2907 DIACONO.

520 2948 967 3022 Quandoquidem
994 2960 1390 3016 exsecrationis
1417 2961 1579 3027 illius,
1609 2978 1713 3031 qua
1735 2972 1874 3018 terra
1902 2972 2031 3035 post

455 3044 768 3098 mandatum
828 3060 858 3100 a
905 3048 1060 3102 nobis
1114 3049 1370 3105 violatum
1430 3051 1652 3107 multata
1699 3062 1806 3119 est,
1878 3070 2110 3143 segesc

455 3134 610 3201 spina
656 3146 817 3205 erat;
863 3138 1124 3195 Dominus
1153 3152 1355 3208 autem,
1405 3151 1466 3197 ut
1509 3158 1725 3199 omnem
1771 3146 1825 3201 in
1856 3147 2037 3217 seipso

456 3235 703 3280 morbum
731 3238 969 3295 curaret,
1000 3230 1290 3286 advenerat
1319 3250 1333 3286 :
1362 3232 1563 3289 idcirco
1584 3235 1773 3302 spinea
1804 3251 2036 3302 corona,

456 3324 517 3368 nt
553 3316 745 3382 victor,
789 3319 1075 3376 redimitus
1127 3328 1211 3376 est
1238 3361 1255 3387 ,
1322 3325 1785 3392 quemadmodum
1831 3328 2038 3383 scilicet

454 3404 589 3458 clari
620 3421 685 3461 ac
720 3408 965 3464 celebres
1013 3410 1251 3465 victores
1302 3410 1532 3477 faciunt,
1577 3414 1669 3483 qui
1706 3415 1809 3469 hoc
1858 3416 2035 3485 ipsum

454 3493 619 3548 telum
661 3504 755 3550 aut
781 3497 1220 3566 instrumentum,
1248 3501 1406 3572 cujus
1443 3516 1546 3572 ope
1582 3504 1866 3560 victoriam
1908 3521 2039 3561 con-

452 3581 625 3637 secuti
679 3593 822 3649 sunt,
872 3586 926 3641 in
981 3587 1312 3657 triumphum
1360 3600 1601 3661 gestant.
1662 3609 1683 3645 ι
1744 3592 2034 3662 Conﬂdite,

456 3674 652 3739 inquit,
683 3688 786 3742 ego
814 3675 917 3729 vici
954 3677 1212 3733 mundum
1244 3679 1309 3733 ".
1353 3698 1373 3732 ι
1411 3679 1546 3735 Nam
1574 3682 1668 3752 qui
1703 3683 1761 3738 in
1802 3684 2037 3741 humana

455 3774 647 3819 natura
675 3766 796 3835 fuit,
834 3783 932 3824 nec
961 3777 1139 3823 tamen
1163 3771 1215 3825 in
1258 3772 1513 3828 humanis
1551 3773 1701 3829 vitiis
1733 3774 1859 3841 fuit,
1887 3784 2037 3833 vete-

454 3872 568 3911 rem
633 3857 819 3926 generi
879 3868 1068 3915 nostro
1116 3860 1575 3930 pulchritudinem
1652 3863 1908 3931 reddidit,
1972 3882 2039 3923 ac

453 3948 727 4003 maledicti
761 3960 815 4005 et
843 3952 1237 4009 exsecrationis
1272 3954 1439 4009 robur
1480 3955 1533 4009 in
1567 3954 1685 4025 ipsa
1718 3967 1914 4013 natura
1943 3959 2039 4015 de-

450 4036 584 4094 levit
608 4040 674 4097 ³⁸.

558 4152 741 4210 XCVI.
759 4153 1118 4213 —MAXIMO
1147 4156 1587 4216 PHILOSOPHO
1617 4159 1923 4217 GENTILI.

1012 4271 1210 4329 Contra
1238 4277 1479 4346 gentiles.

1646 276 1707 336 S.
1750 276 2042 337 ISIDORI
2073 276 2508 337 PELUSIOTJE

3599 278 3709 342 248'

2061 411 2109 467 Α
2206 391 2320 459 an.
2339 420 2410 432 -
2434 392 2530 463 Tu
2558 389 2651 445 EN
2686 390 2783 463 Τῌ
2810 389 3254 462 ΤΔΒΕΝΝΗΣΙᾼ
3280 389 3481 462 noun
3510 390 3637 462 (9|).

2208 503 2347 571 Περὶ
2376 503 2483 558 τοῦ
2507 503 2595 572 μὴ
2625 502 2893 570 πολλοὺς
2923 504 3196 573 γίνεσθαι
3224 503 3648 572 διδασκάλους.

2218 633 2237 665 ι
2274 614 2367 687 Μὴ
2419 615 2605 671 πολλοὶ
2662 617 2880 685 γίνεσθε
2937 616 3285 682 διδάσκαλοι,
3341 617 3587 685 ἀδελφοὶ,
3615 636 3633 670 ι
3679 621 3705 673 ὁ

2140 705 2347 770 δίκαιος
2411 708 2612 781 γράφει
2681 709 2960 773 Ἰάκωϐος.
3024 708 3116 780 Μὴ
3171 708 3353 762 πολλοὶ
3415 708 3705 765 διδάσκαλοι

2140 797 2377 865 γίνεσθε,
2416 799 2656 869 μοναχοὶ,
2688 801 2717 853 ό
2749 799 3029 870 ἐλάχιστος
3092 800 3289 870 γράφω
3351 799 3633 869 Ἰσίδωρος·
3662 804 3704 855 εί

2142 887 2238 939 καὶ
2275 887 2350 958 μὴ
2380 888 2602 959 δόκιμος
2648 888 2900 960 μοναχὸς,
2953 888 3067 941 ἀλλ’
3123 888 3379 942 Ἰακώϐου
3418 890 3703 961 ἀκροατής.

2143 978 2353 1033 Δίκαιοι
2385 984 2566 1036 τοίνυν
2594 982 2660 1036 ἂν
2683 983 2851 1053 εἴητε,
2886 983 2934 1035 εἰ
2962 982 3057 1035 καὶ
3115 980 3211 1037 τοῦ
3250 983 3519 1054 ἀκροατοῦ
3545 1000 3708 1054 παρα-

2141 1070 2419 1140 γράφεσθε
2447 1073 2547 1142 τὴν
2576 1070 2873 1136 εὐτέλειαν,
2901 1071 3017 1125 ἀλλ’
3051 1072 3316 1126 αἰδεῖσθαι
3356 1070 3452 1126 τοῦ
3506 1073 3701 1127 δικαίου

2141 1160 2236 1213 καὶ
2267 1158 2434 1228 σοφοῦ
2465 1161 2563 1231 τὴν
2587 1160 2804 1214 δικαίαν
2836 1160 3133 1231 ἀπόφασιν.

2499 1270 2612 1336 ιιΔν.
2644 1270 2992 1340 ΠΔΝΣΟΦΙῼ
3046 1268 3366 1339 ΔΙΑΚΟΝ

2142 1356 2247 1425 Εἰς
2277 1357 2366 1425 τὸ,
2400 1377 2419 1411 ι
2457 1359 2661 1413 Πάντα
2698 1360 2893 1428 γυμνὰ
2922 1362 3019 1413 καὶ
3055 1359 3568 1429 τετραχηλισμένα
3594 1361 3706 1428 τοῖς

2602 1430 2939 1499 ὀφθαλμοῖς
2966 1430 3175 1485 αὐτοῦ.
3217 1448 3236 1481 ι

2220 1559 2239 1592 ι
2266 1539 2347 1594 Τά
2378 1541 2562 1612 γυμνά
2602 1542 2698 1596 καὶ
2726 1542 3205 1614 τετραχηλισμένα
3230 1559 3254 1597 ι
3292 1545 3357 1598 ὲκ
3403 1548 3710 1616 μεταφορᾶς

2140 1629 2248 1684 τῶν
2282 1630 2517 1702 ἱερείων,
2548 1633 2656 1687 τῶν
2687 1634 2769 1697 εἰς
2799 1633 2995 1688 θυσίαν
3037 1637 3490 1707 προσαγομένων,
3523 1636 3600 1707 τῷ
3627 1654 3711 1691 πο-

2142 1722 2371 1793 λύφρονι
2400 1723 2720 1796 γέγραπται
2742 1724 2959 1794 Παύλῳ.
2995 1725 3209 1796 Ὥσπερ
3252 1728 3362 1798 γὰρ
3392 1728 3578 1781 ἐκεῖνα
3609 1728 3709 1784 τῶν

2136 1812 2311 1883 δορῶν
2361 1812 2474 1885 (92)
2531 1812 2932 1884 ἀφαιρούμενα,
2991 1814 3173 1885 πάσης
3233 1814 3333 1886 τῆς
3382 1815 3707 1886 φαινομένης

2134 1903 2545 1974 ἀπογυμνοῖηαι
2610 1904 2924 1977 περιϐολῆς,
2995 1905 3092 1959 καὶ
3154 1904 3264 1959 τῶν
3323 1905 3711 1976 κεκρυμμένων

2134 1994 2347 2050 ἔνδοθεν
2376 1996 2743 2051 ἐπιδείκνυται
2774 1996 2872 2069 τὴν
2906 1997 3166 2061 διάθεσιν,
3201 1996 3295 2050 καὶ
3332 1995 3710 2067 τραχηλίζεται

2134 2087 2214 2150 εἰς
2236 2087 2461 2158 ἔρευναν
2490 2088 2692 2153 παντὸς
2720 2088 2910 2142 ὀστέου
2938 2089 3032 2142 κα)⁸
3052 2089 3269 2160 μέλους,
3293 2089 3431 2161 πρὸς
3453 2089 3514 2141 τὺ
3539 2088 3709 2143 πάντα

2147 2178 2575 2251 ἐκκαθαρθῆναι,
2616 2179 2703 2233 διά
2734 2180 2834 2251 τὴν
2863 2180 2957 2233 τοῦ
2991 2180 3314 2252 πράγματος
3340 2173 3384 2248 ᾧ
3412 2180 3711 2251 προσάγον-

2136 2285 2228 2322 ται
2272 2269 2661 2340 καθαρότητα·
2714 2268 2859 2323 ούτω
2910 2270 3006 2323 καὶ
3038 2270 3132 2322 ἐπὶ
3182 2272 3281 2339 τῆς
3332 2268 3579 2339 μεγάλης
3622 2264 3710 2321 τοῦ

2144 2356 2350 2427 Κυρίου
2395 2356 2609 2427 ἡμέρας
2658 2358 2693 2429 ἠ
2737 2357 2845 2410 τῶν
2891 2357 3101 2428 ἀδήλων
3145 2357 3240 2410 καὶ
3280 2356 3510 2426 ἀφανῶν
3558 2356 3711 2427 ἡμῶν

2138 2448 2390 2520 πράξεων
2422 2447 2783 2519 ἀνακάλυψις,
2813 2448 3202 2520 ἀπογυμνώσει
3233 2450 3330 2502 καὶ
3348 2440 3713 2520 ζτραχηλισμῷ

2136 2542 2347 2594 ἐοικυῖα
2376 2541 2697 2610 φανήσεται,
2744 2540 2958 2604 οὐδενὸς
3003 2540 3183 2594 λαθεῖν
3221 2540 3550 2607 δυναμένου,
3583 2538 3713 2594 ἀλλά

2134 2633 2353 2687 πάντων
2383 2633 2462 2695 εἰς
2493 2632 2553 2684 τὸ
2586 2632 2827 2704 ἐμφανὲς
2856 2632 3159 2704 ἀγομένων.

2459 2832 2573 2899 ιιιςο.
2602 2861 2675 2872 -
2706 2830 3013 2901 ΕΥΤΟΝΙῼ
3064 2829 3400 2901 ΔΙΑΚΟΝῼ.

2225 2946 2442 3017 Ἐπειδὴ
2474 2947 2717 3018 κατάρας
2739 2940 2808 3017 ἦν
2836 2948 2869 3015 ἠ
2908 2944 3120 3000 ἄκανθα
3151 2944 3442 3014 γεώργιον,
3489 2945 3613 3016 ῆνή
3646 2942 3715 3014 γῆ

2138 3037 2503 3109 κατεδικάσθη
2533 3038 2671 3109 μετά
2694 3037 2792 3108 τὴν
2837 3037 3111 3108 ἡμετέραν
3151 3034 3491 3107 παράϐασιν,
3541 3035 3715 3087 πᾶσαν

2137 3131 2195 3184 δὲ
2224 3130 2563 3203 θεραπεῦσαι
2589 3134 2646 3184 ὲν
2684 3130 2863 3201 ἐαυτῷ
2893 3131 2921 3184 ὁ
2942 3130 3168 3201 -Κύριος
3196 3127 3562 3199 παρεγένετο·
3594 3125 3710 3180 τού-

2136 3239 2233 3276 του
2288 3223 2450 3294 χάριν
2514 3221 2757 3284 ἀκάνθας
2808 3220 2886 3283 ὡς
2925 3220 3221 3291 νικηφόρος
3286 3216 3714 3286 ἐστεφανώσατο,

2138 3312 2326 3384 ὥσπερ
2363 3314 2411 3366 oi
2462 3311 2674 3383 δόκιμοι
2724 3309 2939 3363 ποιοῦσι
2993 3309 3103 3362 τῶν
3158 3308 3425 3379 νικητῶν,
3486 3306 3619 3361 αὐτὸ
3659 3304 3716 3358 τὸ

2137 3402 2299 3457 ὅπλον
2330 3402 2362 3472 ἦ
2389 3401 2619 3474 ὄργανον
2648 3397 3073 3472 θριαμϐεύοντες
3097 3397 3234 3469 (95),
3259 3395 3330 3451 δι’
3349 3391 3409 3452 οὗ
3430 3397 3534 3466 τὴν
3560 3395 3711 3465 νίκην

2138 3495 2500 3566 εἰργάσαντο,
2538 3511 2557 3544 ι
2593 3492 2878 3560 Θαρσεῖτε,
2921 3490 3121 3558 λέγων,
3160 3487 3272 3559 ἐγὼ
3318 3488 3586 3559 νενίκηκα
3623 3486 3712 3540 τὸν

2138 3586 2361 3655 κόσμον.
2386 3602 2405 3636 ι
2451 3584 2511 3637 '0
2537 3582 2647 3654 γὰρ
2678 3583 2737 3635 ὲν
2763 3584 2831 3653 τῇ
2862 3580 3023 3651 φύσει
3069 3580 3177 3634 τῶν
3221 3578 3531 3651 ἀνθρώπων
3574 3578 3717 3647 γενό-

2142 3694 2325 3748 μενος,
2360 3674 2475 3747 [καὶ
2498 3676 2565 3729 ’ἐν
2592 3676 2707 3737 τοῖς
2732 3673 2913 3726 αὐτῶν
2938 3672 3246 3743 πταίσμασι
3282 3672 3359 3743 μὴ
3375 3667 3714 3742 γενόμενος’]

2138 3769 2336 3840 καὶτῷ
2366 3769 2515 3838 γένει
2547 3769 2647 3839 τὴν
2685 3768 2918 3838 ἀρχαίαν
2945 3766 3212 3837 καλλονὴν
3250 3764 3588 3829 ἀποδέδωκε,
3628 3761 3718 3815 καὶ

2138 3862 2202 3916 τὸ
2231 3861 2432 3934 κράτος
2460 3862 2561 3931 τῆς
2594 3860 2838 3931 κατάρας
2863 3861 2921 3913 ὲν
2949 3859 3088 3930 αὐτῇ
3126 3860 3196 3929 τῇ
3232 3855 3393 3926 φύσει
3427 3855 3716 3909 κατέλυσε.

2246 4163 2378 4229 ιιιῖσ.
2409 4190 2482 4201 -
2509 4159 2779 4231 ΜΑΞΙΜῼ
2807 4158 3141 4229 ΦΙΛΟΣΟΦῼ
3175 4156 3446 4213 suum
3475 4156 3613 4228 (94).

2649 4272 2810 4328 Κατὰ
2857 4270 3189 4338 Ἑλλήνων,

522 4376 925 4451 PhilosOphiam
974 4384 1174 4454 jactas,
1230 4400 1377 4443 verae
1413 4390 1694 4457 sapientiae
1735 4389 2033 4457 inimicam,

2212 4388 2538 4459 Κομπάζεις
2569 4385 2892 4457 φιλοσοφίαν
2924 4383 3128 4457 ἐχθρὰν
3150 4384 3253 4454 τῆς
3292 4383 3461 4476 ὅντως
3499 4378 3709 4476 σοφίας.

452 4465 635 4537 ipsum
664 4486 879 4542 quoque
927 4473 1155 4544 hujusce
1191 4477 1272 4532 rei
1314 4493 1513 4533 nomen
1556 4479 1778 4551 ejurans
1811 4488 1868 4537 et
1908 4479 2035 4535 inii-

2143 4480 2240 4533 καὶ
2268 4479 2402 4534 αὐτὸ
2447 4478 2780 4551 ἀρνούμενος
2809 4476 2872 4530 τὸ
2896 4474 2993 4529 τοῦ
3021 4475 3349 4547 πράγματος
3372 4471 3568 4543 ὄνομα.
3611 4467 3716 4523 Οὐ-

524 4648 572 4682 ¹⁵
594 4649 709 4706 Jac.
738 4668 821 4720 ιιι,
854 4655 907 4709 1.
980 4656 1025 4688 ¹⁶
1052 4655 1219 4715 Hebr.
1253 4674 1327 4726 IV,
1374 4660 1463 4716 I5.
1533 4661 1576 4692 ¹⁷
1604 4659 1764 4716 Joan.
1788 4676 1902 4728 xvn,
1923 4660 2015 4718 '55.

2166 4660 2347 4719 Galat.
2371 4675 2457 4727 ιιι,
2488 4660 2584 4728 l5;
2609 4656 2821 4717 Coloss.
2844 4674 2907 4727 ιι,
2941 4658 3032 4714 14.

1542 4815 1781 4873 ἿΑῙΠΛΕ
1817 4816 2210 4876 LECTIONES
2257 4816 2348 4873 ET
2387 4813 2624 4872 NOTAE.

524 4961 639 5035 (9i)
675 4963 889 5037 Titulus
921 4967 1081 5037 hujus
1112 4968 1354 5035 epistola
1383 4972 1461 5026 sic
1489 4972 1747 5028 scribitur
1777 4975 1831 5028 in
1861 4976 2021 5030 codd.

448 5034 561 5088 All.
590 5048 647 5088 et
675 5034 797 5114 Yat.
829 5034 1095 5114 §49_:_—_Tﬁ
1135 5034 1194 5093 ὲν
1215 5040 1545 5114 Ταϐεννήσῳ
1575 5046 1734 5114 μονῇ.
1775 5044 1931 5099 Vers.
1967 5046 2023 5110 5,

450 5106 919 5187 tapaypdcp‘ecrﬂs,
949 5106 1134 5187 iideiir
1158 5113 1319 5187 ambo
1372 5106 1530 5167 codd.
1575 5106 1775 5187 habent
1799 5157 1815 5182 ,
1850 5106 2028 5187 παραὲ

450 5122 919 5228 παραγράφεσυε,
949 5122 1111 5162 nuem
1160 5122 1319 5163 ambo
1372 5122 1530 5167 codd.
1578 5122 1815 5196 habent,
1850 5132 2026 5187 παρα-

446 5179 1806 5318 tt.32:22.Saturitasstaasuasum

648 5264 921 5308 ιοεσῠηναι
954 5264 1051 5308 DI‘O
1084 5264 1373 5304 αιοεισυαι.
1400 5264 1614 5308 I'OSSIN.

503 5261 579 5313 gn
606 5261 921 5318 αισεσυηναι
954 5264 1051 5318 pro
1084 5261 1373 5304 αιοεῑσυαι.
1400 5261 1614 5308 Possm.

526 5316 639 5393 (92)
668 5316 820 5393 Quod
847 5319 1043 5393 legitur
1080 5321 1131 5393 in
1165 5320 1313 5393 edito
1337 5321 1509 5393 δορῶν
1533 5326 1796 5392 Optimum
1836 5335 1942 5392 εει,
1970 5334 2029 5381 et

449 5385 573 5463 sine
602 5387 767 5463 dubio
820 5385 1468 5463 praeferendumlectidni
1512 5385 1674 5463 quam
1718 5396 1877 5451 offert
1904 5385 2024 5451 cod.

451 5452 578 5508 Vat.
605 5456 730 5531 6&9,
754 5452 939 5531 legens
969 5459 1307 5531 φόρωνηδοά
1338 5477 1462 5516 eum
1486 5452 1577 5518 hic
1598 5467 1791 5521 merito
1824 5468 2031 5521 deserit

452 5539 639 5580 comes
666 5527 783 5595 ejus
810 5527 952 5585 alias
984 5527 1300 5585 individuus
1340 5534 1461 5586 cod.
1487 5532 1621 5596 Alt.,
1657 5551 1780 5589 nam
1821 5536 1907 5591 hic
1940 5538 2026 5589 di-

452 5607 601 5648 certe
617 5599 978 5674 consentiens
1015 5600 1271 5674 editioni,
1306 5601 1479 5674 δορῶν
1511 5604 1691 5659 habet.
1724 5605 1883 5661 Vers.
1922 5606 2023 5660 ult.

453 5679 557 5735 pro
583 5666 641 5719 τὸ
670 5669 931 5737 ἐμφανὲς,
974 5671 1095 5726 cod.
1130 5666 1262 5726 Alt.’
1293 5666 1590 5743 elegantius
1619 5675 1806 5731 scribit
1857 5678 2026 5746 τούμ-

2129 4974 2663 5051 φαγέςοέοειειηο--ί
2917 5049 2923 5051 Α
2986 5039 3036 5051 ..

2204 5034 2316 5131 (9⁵)
2344 5044 2513 5127 (δεξίω-
2566 5042 2704 5131 Υὲιί
2738 5041 2943 5131 βέἓέἰί.
2973 5034 3712 5131 A_':_,PEE‘lEiPiJ'.‘F‘_.1853}?

2129 5107 2380 5187 δεύοντες
2412 5116 2464 5168 in
2482 5115 2711 5187 verbum
2737 5120 2968 5187 mutant,
2997 5107 3316 5187 scribendo,
3345 5107 3714 5187 θριαμβεύον-

2130 5203 2243 5240 ται.
2286 5174 2437 5240 Vers.
2475 5183 2530 5248 8,
2570 5184 2692 5238 cod.
2734 5182 2845 5235 Alt.
2887 5174 3012 5251 post
3033 5179 3325 5251 γενόμενος
3345 5174 3550 5230 oinitlit
3586 5174 3718 5239 καὶ,

2130 5266 2190 5312 et
2220 5265 2343 5325 post
2366 5258 2425 5309 ὲν
2453 5247 2594 5325 quod
2614 5254 2857 5325 sequitur
2875 5247 3052 5325 addit,
3073 5249 3149 5325 δέ.
3168 5247 3396 5325 Possm:

2207 5310 2322 5396 ('94)
2359 5327 2415 5379 Ιιι
2454 5310 2760 5396 ι’ἰιιιιολ-ἱίιει
2803 5322 2967 5396 verba
2983 5359 3014 5396 _,
3026 5310 3316 5396 φιλοσόφῳ
3344 5316 3588 5396 Έλληνι,
3621 5310 3718 5392 ab-

2138 5386 2262 5449 sunt
2291 5386 2320 5449 .3
2350 5395 2469 5449 cod.
2500 5394 2604 5448 Alt.
2625 5386 2789 5448 ’Vers.
2821 5408 2860 5457 ι,
2890 5393 2942 5443 in
2983 5386 3171 5444 iisdem
3202 5386 3323 5442 eoa.
3358 5386 3561 5457 ἔχθραν
3586 5386 3722 5457 εει-ἱτ

2138 5466 2285 5541 bitur
2320 5482 2440 5520 cum
2466 5474 2690 5519 accentu
2726 5463 2781 5517 in
2814 5451 2862 5518 εξ
2884 5460 3106 5541 _Ve-r's.
3135 5451 3550 5541 ιιιλιξθεότηταςλ
3571 5451 3717 5541 quod

2138 5538 2351 5590 vitlelur
2379 5544 2606 5600 rectum,
2629 5550 2769 5590 unus
2795 5536 2918 5589 cod.
2968 5524 3147 5586 Vatic.
3175 5530 3302 5596 649,
3336 5524 3500 5583 habet
3522 5524 3719 5589 θεότη-

2136 5623 2246 5671 τος.
2274 5607 2482 5662 Possm.
