3896 6404
220 347 313 411 249

1097 345 1634 407 EPISTOLARUM
1672 346 1821 408 LIB.
1864 346 1913 405 Ι.
1979 374 2023 382 -
2060 351 2299 412 EPIST.
2340 355 2542 414 XCIX.

3348 362 3455 427 250

218 465 297 518 ὁὲν
314 460 417 529 γὰρ
455 456 644 527 ἕτερόν
685 456 802 508 ἐστι
851 454 1157 524 φιλοσοφία,
1189 455 1222 525 ἢ
1260 455 1322 507 τὸ
1347 455 1565 518 πάντως
1594 454 1766 523 φιλεῖν

1887 457 2048 513 cians.
2084 458 2269 530 Neque
2290 463 2435 516 enim
2467 463 2612 517 aliud
2636 465 2931 534 quidquam
2956 477 3043 523 est
3084 469 3452 542 philosophia,

217 554 303 623 τὴι
340 549 550 617 σοφίαν.
618 547 680 601 Ei
732 542 827 599 οὖν
866 546 1035 609 ὅντως
1093 545 1332 616 ἐραστὴς
1395 540 1539 598 εἶναι
1592 544 1772 614 βούλει

214 644 408 714 σοφίας,
456 640 559 711 τὴν
616 639 788 703 ὅντως
852 640 1045 707 ἀγάπα
1094 638 1311 707 σοφίαν,
1362 639 1425 690 οὐ
1479 638 1573 691 τὸν
1616 637 1770 706 λόγον

212 739 376 810 μόνον,
428 733 567 787 ἀλλὰ
607 732 704 785 καὶ
753 732 846 784 τὸν
906 732 1018 801 βίον
1062 730 1474 799 σεμνύνουσαν,
1528 729 1624 782 καὶ
1672 731 1775 801 τὴν

207 827 367 897 ἁληθῆ
397 824 698 896 θρησκείαν
721 824 1111 879 παιδεύουσαν.
1137 824 1241 877 Ἢν
1270 824 1379 895 γὰρ
1408 822 1571 884 αὐτὸς
1598 825 1772 891 ἐπαγ-

207 919 382 989 γέλλῃ,
424 918 525 971 καὶ
578 915 674 970 νῦν
720 916 1039 987 ὀφλισκάνει
1083 916 1318 985 γέλωτα,
1358 914 1622 987 θεότητας
1671 933 1775 970 κα-

206 1010 470 1074 λοῦσατὰς
498 1010 681 1081 πηγὰς
702 1012 799 1079 τῆς
821 1009 1198 1081 αίσχρότητος,
1231 1011 1326 1063 καὶ
1356 1011 1414 1062 ὲν
1438 1010 1517 1081 τῷ
1552 1011 1776 1081 μέλλον-

206 1120 253 1154 τι
276 1103 546 1173 τιμωρίαν
578 1102 758 1155 ὠδίνει
810 1102 1270 1174 [ἁσύγγνωστον],
1324 1104 1459 1155 ὅπου
1506 1119 1589 1155 σοι
1644 1104 1770 1166 τοὺς

207 1196 491 1258 limatus-ob;
550 1195 646 1248 καὶ
690 1194 1194 1265 Πυριφλεγέθοντας
1248 1196 1276 1248 ὁ
1325 1194 1550 1247 Πλάτων
1606 1194 1772 1263 ἠπεί-

208 1288 265 1357 λη
275 1303 378 1340 σεν.

708 1379 823 1444 t,z'.
862 1407 934 1420 --
966 1378 1257 1449 mana.

277 1516 433 1570 Κατὰ
470 1513 960 1581 Μακεδονιανῶν,
993 1514 1126 1584 ἤτοι
1156 1515 1710 1586 Πνευματομὰχων.

268 1629 373 1681 Ἵνα
399 1627 556 1701 δείξῃ
590 1628 688 1699 τὴν
743 1628 879 1700 πρὸς
924 1627 1114 1683 ἑαυτὸν
1147 1628 1242 1681 καὶ
1280 1627 1371 1681 τὸν
1417 1628 1644 1701 Πατέρα
1677 1628 1772 1683 τοῦ

1876 566 2037 618 quam
2062 552 2386 619 sapientiam
2422 556 2644 609 omnino
2685 572 2891 614 amare.
2927 560 3289 627 Quamobrem
3324 566 3371 621 si
3398 575 3457 621 tu

1877 656 2038 695 verus
2066 644 2344 710 sapientia:
2390 656 2605 700 amator
2643 661 2765 703 esse
2799 652 2974 720 cupis,
3016 667 3199 707 veram
3235 657 3457 725 sapien-

1880 734 2008 787 tiam
2063 749 2184 788 ama
2248 752 2263 791 :
2323 751 2442 805 quae
2500 753 2606 792 non
2668 754 2975 797 sermonem
3032 745 3313 812 duntaxat,
3362 750 3457 802 sed

1876 826 2040 878 etiam
2093 825 2258 880 vitam
2307 838 2553 892 exornat,
2613 843 2677 884 ac
2717 846 2899 885 veram
2935 833 3251 904 religionem
3275 839 3453 892 docet.

1876 915 2011 970 Nam
2054 931 2140 983 ea,
2191 933 2351 986 quam
2402 933 2545 973 nunc
2590 921 2882 989 proﬁteris,
2927 935 2984 977 et
3029 941 3171 981 nunc
3230 928 3459 983 ridicula

1876 1014 1980 1071 est,
2014 1016 2073 1059 ut
2116 1022 2234 1076 qum
2284 1010 2637 1063 ob8t:cnil.al.is
2679 1009 2857 1067 fontes
2901 1013 3215 1071 divinitatea
3256 1027 3456 1081 vocet,

1877 1098 2007 1152 etin
2034 1098 2215 1153 futuro
2251 1114 2365 1152 aevo
2382 1100 2679 1155 cruciatum
2702 1103 2872 1157 venia:
2887 1114 3165 1172 expertem
3195 1107 3458 1174 parturit,

1880 1192 1966 1245 ubi
2000 1192 2207 1244 scilicet
2231 1191 2464 1261 Cocytos
2489 1193 2584 1246 tibi
2617 1209 2681 1247 ac
2712 1193 3132 1265 Phlegethontas
3163 1198 3314 1254 Plato
3351 1199 3456 1253 mi-

1878 1294 2037 1337 natus
2062 1294 2165 1338 est.

2339 1401 2545 1459 XCVII.
2566 1432 2636 1446 —
2665 1402 2994 1460 HYMETIO.

1914 1534 2110 1590 Contra
2140 1533 2571 1605 Macedonianos,
2610 1518 2982 1610 seujSpiritum
3026 1543 3416 1613 impugnantes.

1946 1649 2051 1720 31
2081 1651 2336 1707 Dominus
2365 1663 2418 1706 et
2445 1654 2605 1707 herus
2628 1666 2828 1720 uoster,
2851 1665 2910 1709 ut
2932 1656 3258 1710 sanctissimi
3278 1656 3455 1726 Spiri-

208 1720 455 1789 παναγίου
530 1721 848 1791 Πνεύματος
881 1720 1094 1783 ἕνωσιν,
1140 1721 1168 1772 ὁ
1224 1720 1430 1790 Κύριος
1481 1722 1640 1791 ἡμῶν
1677 1722 1773 1775 καὶ

1887 1746 1968 1796 tus
1997 1757 2183 1796 secum
2206 1753 2399 1797 etcum
2424 1742 2584 1797 Patre
2606 1744 3040 1813 conjunctionem
3063 1720 3396 1812 ostenderet,
3420 1763 3455 1802 a

206 1812 487 1881 Δεσπότης,
512 1810 617 1881 ἔφη
639 1814 750 1874 τοῖς
775 1810 1044 1881 μαθηταῖς
1063 1811 1127 1864 ἐκ
1150 1811 1256 1863 τῶν
1273 1812 1483 1883 νεκρῶν
1508 1813 1768 1877 ἀναστὰς,
1808 1802 1851 1860 Β

213 1920 230 1953 ι
249 1900 443 1954 Λίιεετε
476 1900 704 1971 Πνεῦμα
735 1901 917 1969 ἅγιον.
940 1902 1040 1955 Ἀν
1065 1919 1225 1954 τινων
1258 1904 1432 1971 ἀφῆτε
1461 1904 1560 1968 τὰς
1591 1906 1772 1977 ἁμαρ-

206 1995 325 2058 τίεις,
354 1994 610 2063 ἀφίενται
631 2011 647 2026 ο
683 2012 702 2045 ι
725 1997 792 2065 τῇ
816 1993 1072 2066 αὐθεντίᾳ
1098 1995 1255 2066 δῆλον
1280 1997 1361 2049 ὅτι
1383 1990 1444 2050 οὗ
1466 1997 1774 2068 λαμϐάνετε

210 2087 530 2156 Πνεύματος,
562 2085 658 2138 τοῦ
703 2084 901 2150 θεῖκῶς
923 2085 1035 2157 (95)
1084 2092 1392 2159 συγχωρεῖν
1421 2089 1492 2143 τὰ
1516 2091 1773 2162 ἁμαρτή-

210 2194 337 2246 ματα
357 2176 600 2247 ἔχοντος.

424 2293 554 2359 ur.
591 2324 661 2333 —
690 2292 1038 2365 ΦΡΟΝΤΙΝῼ
1072 2294 1178 2365 (96)
1209 2295 1523 2366 ΜΟΝΑΧῼ.

377 2407 526 2474 Περὶ
564 2406 673 2460 τοῦ
703 2407 1000 2474 λαϐόντος
1029 2409 1117 2473 εὶς
1146 2406 1263 2476 τὴν
1293 2410 1571 2478 σιαγόνα.

264 2520 320 2572 Ei
347 2519 536 2589 λόγοις
562 2519 833 2592 ὲτρώθης,
880 2522 978 2575 καὶ
1008 2522 1147 2593 πρὸς
1180 2522 1350 2603 ὀργὴν
1395 2522 1623 2592 ἄσχετον
1676 2522 1767 2587 ἐξ·

206 2611 444 2682 ηνὲχθης,
475 2612 597 2675 πῶς
615 2612 843 2667 δύνασαι
864 2613 958 2666 τοῦ
997 2614 1329 2668 Δεσποτικοῦ
1352 2616 1591 2686 ἐργάτης
1618 2615 1775 2684 γενέέ

210 2701 703 2772 σθαιὰμπελῶνος;
756 2704 849 2756 τὸν
876 2703 985 2777 γὰρ
1029 2704 1129 2775 τὴν
1186 2706 1315 2775 μίαν
1356 2706 1584 2774 σιαγόνα
1618 2705 1776 2759 παιό-

213 2811 371 2863 μενον,
443 2796 541 2848 καὶ
598 2794 698 2865 τὴν
765 2795 961 2866 ἑτέραν
1016 2796 1369 2866 προστιθέναι
1443 2796 1767 2866 δυνάμενον,

206 2886 391 2939 ἐκεῖνον
420 2880 567 2939 εἶναι
590 2884 853 2956 ὁρίζεται,
883 2884 1019 2958 [τὸν]
1042 2887 1103 2939 τὸ
1124 2886 1289 2956 βάρος
1313 2889 1412 2957 τῆς
1435 2887 1653 2957 ἡμέρας
1680 2887 1778 2940 καὶ

207 2977 286 3032 τὸν
320 2980 585 3033 καύσωνα
619 2980 880 3052 φέροντα,
919 2979 996 3043 ὡς
1032 2981 1215 3033 πᾶσαν
1260 2980 1528 3050 ἐργασίαν
1559 2979 1661 3050 τῆς
1687 2981 1778 3032 ὲν-

208 3070 345 3142 τολῆς
391 3070 494 3124 τοῦ
538 3072 745 3142 Κυρίου
798 3072 1188 3143 πληρώσαντα.
1225 3072 1289 3125 Ei
1321 3067 1416 3126 οὖν
1451 3072 1624 3145 ὀρέγῃ
1669 3072 1781 3127 τῶν

1880 1844 2056 1891 morte
2087 1836 2155 1891 ad
2191 1837 2355 1891 vitam
2392 1838 2682 1903 excitatus,
2714 1840 2992 1909 discipulis
3025 1840 3182 1906 dixit,
3229 1860 3249 1892 ι
3284 1843 3448 1897 Acci-

1874 1929 1984 1997 pite
2032 1928 2293 1998 Spiritum
2348 1941 2619 1986 sanctum.
2675 1930 2917 1996 Quorum
2966 1931 3286 1987 remiseritis
3328 1945 3458 2001 pec-

1875 2029 2017 2086 cata,
2084 2023 2426 2076 remittantur
2483 2023 2603 2076 eis:
2637 2023 2695 2091 ,⁸⁸
2729 2042 2749 2076 ι
2829 2023 3152 2078 auctoritate
3206 2023 3459 2079 videlicet

1874 2112 2013 2182 ejus,
2039 2128 2199 2183 quem
2235 2113 2499 2181 accipitis,
2533 2113 2789 2183 Spiritus,
2822 2114 2923 2177 hoc
2950 2114 3134 2170 divine
3186 2115 3460 2182 habentis,

1875 2216 1936 2259 ut
1967 2216 2190 2274 peccnta
2234 2207 2491 2260 remittat.

2110 2318 2418 2373 XCVlll.-—
2438 2319 2835 2375 PHRONTINO
2872 2320 3230 2376 MONACIIO.

2099 2412 2174 2467 De
2201 2430 2260 2467 eo
2288 2415 2378 2485 qui
2406 2414 2616 2484 plagam
2638 2416 2693 2468 in
2711 2416 2985 2469 maxillam
3015 2417 3236 2481 accepit.

1952 2531 2008 2585 Si
2051 2531 2232 2587 verbis
2288 2531 2607 2586 vulneratus
2658 2545 2741 2596 es,
2793 2541 2955 2600 atque
3004 2532 3057 2586 in
3109 2531 3465 2601 impotentem

1879 2624 2214 2679 iracundiam
2240 2623 2735 2693 erupisti,quonam
2771 2633 2928 2691 pacto
2960 2622 3254 2677 Dominicae
3294 2623 3466 2677 vinea

1878 2719 2160 2788 operarius
2197 2716 2333 2773 eﬂici
2382 2725 2535 2787 potes
2571 2717 2657 2771 “i
2697 2716 2897 2771 etenim
2926 2730 3071 2782 eum,
3113 2714 3205 2784 qui
3246 2730 3370 2768 cum
3406 2714 3463 2767 in

1879 2826 2043 2865 unam
2084 2810 2361 2863 maxillam
2405 2809 2617 2872 feritur,
2655 2810 2880 2863 alteram
2918 2822 3134 2878 quoque
3172 2807 3469 2878 adjnngere

1881 2912 2079 2972 potest,
2110 2902 2255 2956 hunc
2276 2916 2400 2956 esse
2432 2901 2645 2967 statuit,
2683 2901 2774 2970 qui
2814 2899 2919 2954 diei
2949 2900 3159 2968 pondus
3191 2910 3244 2953 et
3274 2908 3468 2951 aestum

1883 2991 2007 3056 fert,
2039 3000 2097 3045 ut
2127 2992 2217 3059 qui
2259 3005 2474 3044 omnem
2516 2988 2777 3044 Dominici
2817 2988 3054 3043 mandati
3082 2986 3453 3056 operationem

1881 3083 2197 3153 expleverit.
2240 3082 2420 3149 Quare
2458 3081 2504 3136 si
2555 3092 2607 3134 te
2644 3094 2963 3148 magnarum
2995 3077 3211 3131 illarum
3257 3089 3466 3129 merce-

210 3163 449 3231 μεγάλων
484 3164 694 3233 μισθῶν
729 3163 1024 3237 [statvam],
1060 3164 1201 3235 πρὸς
1241 3165 1368 3230 τοὺς
1401 3166 1633 3237 ἥττονας
1679 3166 1776 3219 πό-

1887 3179 2011 3231 dum
2051 3174 2319 3243 cupiditas
2368 3181 2532 3238 tenet,
2575 3176 2643 3226 ad
2694 3171 2931 3225 minores
2984 3168 3197 3223 labores
3221 3168 3465 3222 animum

209 3271 315 3317 voti;
333 3256 417 3325 μὴ
449 3255 602 3320 ilus,
626 3254 765 3309 ἀλλὰ
792 3256 1045 3327 στέργειν
1068 3258 1197 3320 τοὺς
1227 3255 1483 3327 μείζονας
1504 3256 1672 3323 ἔθιζε,
1701 3257 1778 3321 ὡς

205 3346 294 3399 αὒκ
318 3348 497 3411 ἄλλως
545 3348 801 3419 δηνάριον
846 3349 1232 3420 κομιούμενος,
1269 3352 1321 3404 εί
1355 3351 1432 3422 μὴ
1475 3350 1661 3405 κόπων
1686 3367 1778 3404 τε·

208 3435 431 3511 λειότητι
463 3440 740 3511 μαρτυρού
752 3459 932 3513 μενος.

506 3620 620 3687 ne.
656 3651 729 3661 —
753 3620 1047 3693 ΓΕΛΔΣΙῼ
1077 3623 1288 3676 AOYKI
1319 3621 1465 3694 (97)..

210 3710 336 3777 Περὶ
378 3712 821 3781 ὑπερηφανίας,
863 3712 963 3767 καὶ
998 3713 1359 3784 ἀδυναμίας,
1403 3714 1505 3769 καί
1534 3715 1780 3773 οὐθενό-

883 3800 1085 3851 τητος.

274 3896 433 3959 Ἔθος
478 3897 600 3950 ἐστὶ
660 3896 775 3960 τοῖς
832 3895 1166 3967 ἀνθρώποις,
1205 3896 1255 3949 εἰ
1311 3896 1557 3951 καὶτῶν
1620 3896 1781 3953 θείων

211 3984 470 4055 ἀλλότριον
501 3986 703 4055 νόμων,
730 3987 880 4057 ὅμως
907 3986 1003 4039 ἐπὶ
1048 3985 1265 4050 πολλοῖς
1298 3985 1332 4057 ἢ
1370 3985 1540 4056 γένει,
1575 3986 1609 4058 ἢ
1648 4004 1782 4057 φρο-

216 4082 373 4146 νήσει,
407 4079 443 4149 ἢ
478 4080 692 4148 κτήσει,
734 4077 769 4148 ἢ
803 4077 1015 4140 κάλλει,
1047 4076 1083 4148 ἢ
1136 4077 1265 4149 ἀξία
1294 4076 1641 4155 ἐπαίρεσθαι.
1675 4079 1780 4133 Οὐ-

213 4168 291 4223 δὲν
315 4172 371 4224 δὲ
398 4172 598 4240 ὠφελεῖ
625 4171 766 4242 πρὸς
788 4171 1172 4242 ὑπερηφανίαν
1200 4172 1400 4235 αὐτοὺς
1430 4171 1557 4235 τοὺς
1582 4173 1648 4225 ἐκ
1678 4171 1781 4242 τῆς

217 4261 310 4329 γῆς
330 4263 508 4326 ὄντας,
563 4263 660 4317 καὶ
691 4242 856 4317 πάλιν
904 4264 1043 4335 πρὸς
1090 4263 1261 4335 αὐτὴν
1314 4263 1777 4333 ὑποστρέφοντας.

214 4350 417 4403 Τούτων
445 4353 529 4405 ὅτι
559 4353 713 4406 οὐδέν
754 4370 836 4407 σοι
866 4358 927 4406 τὸ
960 4353 1184 4407 σύνολον
1222 4352 1539 4424 πρόσεστιν,
1570 4352 1680 4406 οὐδ’
1711 4352 1779 4413 ἂν

215 4442 365 4506 αὐτὸς
396 4445 713 4516 ἀρνηθείης.
747 4446 814 4499 Εἰ
848 4440 942 4498 οὖν
975 4445 1342 4498 πάντων-τῶν
1370 4446 1508 4517 πρὸς
1543 4445 1779 4517 ἔπαρσιν

218 4536 494 4601 φυσώντων
527 4538 842 4607 ὲστέρησαι,
874 4537 1139 4608 δυσγενὴς
1169 4538 1246 4591 ὢν
1292 4538 1389 4593 καὶ
1437 4539 1652 4608 πτωχὸς
1681 4539 1778 4594 καὶ

219 4625 425 4692 δύσνους
453 4630 548 4683 καὶ
582 4630 801 4701 ἰδιώτης
819 4628 987 4703 [λίαν]
1022 4631 1119 4685 καὶ
1143 4630 1477 4701 δύσμορφος,
1497 4632 1551 4684 τί
1574 4630 1781 4703 [σοὸεἰς

218 4718 302 4773 διὰ
342 4722 437 4791 τῆς
480 4722 734 4796 πόλεως,]
789 4724 867 4788 ὼς
915 4725 1138 4778 πάντων
1176 4724 1573 4795 ἐπιδοξότερος,
1632 4724 1776 4798 [καὶ]

222 4812 415 4867 πολλῶν
433 4819 452 4837 ⁸
483 4817 620 4888 αὐτῇ
644 4817 769 4888 γίνῃ
798 4816 1042 4889 θορύᾶων
1073 4818 1349 4890 ἀρχηγός;
1382 4820 1455 4873 Ἢ
1474 4818 1645 4887 γνῶθι
1672 4820 1778 4874 τοί-

224 4920 310 4958 νυν
342 4908 545 4972 σαυτὸν,
583 4910 681 4963 καὶ
714 4910 1031 4981 σύμμετρον
1069 4911 1273 4981 κτῆσαι
1310 4912 1405 4965 τὸν
1444 4913 1648 4983 τρόπον
1672 4913 1775 4985 τῆς

300 5062 339 5093 ¹⁹
365 5061 512 5120 Joan.
546 5082 639 5132 xx,
668 5065 763 5135 22,
788 5066 883 5123 25.
953 5068 999 5100 ³⁸
1029 5067 1223 5124 Matth.
1250 5084 1346 5136 xx,
1381 5069 1409 5123 I
1448 5083 1606 5141 seqq.

1880 3266 2103 3320 minime
2127 3264 2369 3332 dejicias,
2402 3278 2589 3317 verum
2622 3262 2687 3316 ad
2722 3261 2955 3330 majores
2983 3258 3368 3330 amplexandos
3414 3266 3469 3313 te

1879 3371 2097 3421 exerce,
2160 3364 2219 3410 ut
2266 3356 2358 3426 qui
2419 3354 2621 3423 alioqui
2675 3354 2955 3407 denarium
3009 3353 3234 3405 minime
3276 3364 3467 3419 perce-

1878 3459 2069 3521 pturus
2092 3448 2192 3514 sis,
2210 3449 2316 3503 nisi
2338 3458 2391 3503 te
2414 3448 2629 3501 labores
2649 3445 2803 3515 plebe
2824 3443 3209 3514 cumulateque
3231 3440 3470 3497 subiisse

1877 3550 2117 3597 οοιιειει.

2264 3629 2450 3687 XCIX.
2470 3660 2540 3671 —
2561 3627 2858 3684 GELASIO
2897 3624 3076 3681 DUCI.

2069 3723 2150 3780 De
2176 3724 2420 3794 superbia
2448 3734 2495 3778 et
2525 3724 2834 3792 impotentia
2860 3737 2921 3775 ac
2944 3727 3268 3787 contemptu.

1948 3906 2046 3963 Est
2075 3906 2180 3962 hoc
2222 3904 2363 3976 apud
2413 3903 2611 3961 multos
2651 3903 2901 3958 homines
2960 3902 3014 3955 in
3062 3897 3456 3955 consuetudine

1879 4000 2139 4072 positum,
2172 3998 2280 4054 etsi
2303 3998 2505 4067 alioqui
2545 4012 2575 4050 a
2611 3996 2812 4052 divinis
2854 3995 3063 4065 legibus
3108 3994 3373 4059 alienum,
3408 4000 3471 4047 ut

1880 4101 1976 4148 aut
2001 4091 2235 4163 generis,
2259 4100 2353 4145 aut
2376 4089 2702 4159 prudentia,
2735 4095 2828 4141 aut
2858 4101 3046 4155 opum,
3094 4094 3189 4139 aut
3220 4082 3466 4153 pulchri-

1881 4183 2108 4249 tudinis,
2160 4191 2253 4238 aut
2300 4182 2579 4252 dignitatis
2632 4180 2852 4234 nomine
2902 4177 3231 4248 glorientur.
3279 4174 3469 4241 Quan-

1881 4290 2044 4345 quam
2085 4273 2222 4328 nihil
2248 4272 2349 4327 hoc
2379 4272 2513 4340 ipsis
2550 4270 2619 4325 ad
2654 4268 2963 4339 superbiam
3000 4266 3249 4322 utilitatis
3285 4265 3467 4331 aﬂ'ert,

1882 4368 1974 4438 qui
1996 4381 2027 4421 e
2056 4374 2197 4421 terra
2222 4365 2327 4422 orti
2359 4373 2507 4428 sunt,
2541 4373 2595 4416 et
2626 4378 2818 4417 rursus
2844 4361 2912 4415 ad
2938 4376 3059 4416 eam
3093 4367 3464 4415 revertuntur.

1883 4460 2086 4515 Harum
2109 4466 2289 4511 autem
2315 4472 2494 4511 rerum
2528 4454 2727 4509 nullam
2762 4453 2985 4507 omnino
3022 4451 3116 4506 tibi
3154 4451 3353 4513 inesse,
3389 4462 3459 4503 ne

1882 4553 2000 4621 ipse
2024 4551 2241 4620 quidem
2275 4550 2489 4604 inﬁcias
2537 4547 2725 4603 iveris.
2757 4546 3020 4613 Quocirca
3058 4559 3181 4598 cum
3218 4541 3471 4597 omnibus

1883 4640 1967 4696 his
1992 4642 2176 4708 rebus,
2199 4657 2317 4711 qua:
2347 4640 2627 4695 hominum
2664 4638 2877 4692 animos
2917 4635 3128 4698 inﬂant,
3169 4648 3232 4687 ac
3277 4645 3471 4701 super-

1881 4730 1981 4786 bos
2033 4740 2089 4785 et
2132 4731 2428 4786 insolentes
2466 4729 2717 4792 reddunt,
2760 4741 2950 4781 careas
2986 4725 3216 4795 (quippe
3264 4721 3355 4792 qui
3406 4728 3465 4775 et

1879 4823 2104 4893 ignobili
2145 4837 2344 4894 genere
2385 4822 2482 4887 sis,
2522 4828 2579 4875 et
2621 4833 2832 4889 pauper
2869 4827 2923 4872 et
2956 4815 3095 4872 tardi
3145 4813 3368 4885 ingenii,
3398 4818 3457 4867 et

1879 4914 2132 4972 indoctus
2180 4914 2469 4970 admodum
2520 4926 2587 4968 ac
2638 4907 2954 4979 deformis),
2998 4906 3150 4978 quid,
3210 4916 3470 4975 tanquam

1298 5224 1537 5280 VARIZE
1582 5224 1974 5282 LECTIONES
2006 5224 2095 5280 ΕΤ
2138 5221 2382 5280 NOTIE.

292 5376 394 5444 (95)
428 5379 529 5435 Pro
554 5379 647 5435 τοῦ
675 5378 874 5444 θεῖκῶς
903 5381 1022 5436 cod.
1060 5381 1166 5433 Alt.
1198 5380 1321 5446 legit
1341 5380 1403 5433 τδ
1426 5380 1642 5445 θεῖκῶς,
1673 5390 1780 5436 etc.

1964 5383 2077 5453 (97)
2109 5381 2163 5435 In
2196 5383 2351 5453 titulo
2391 5397 2489 5453 pro
2532 5380 2693 5453 Δουκί
2726 5379 2886 5453 codd.
2916 5376 3063 5453 _Vat._
3099 5375 3202 5453 (ξ49
3244 5382 3299 5427 et
3350 5372 3465 5453 Αιι.

232 5442 530 5523 Ῡειίςιινσιιο
562 5453 660 5505 ult.
697 5442 867 5523 ambo
889 5452 1044 5505 codd.
1074 5451 1195 5506 Vat.
1222 5442 1327 5506 6⁷49
1349 5464 1405 5506 et
1432 5453 1542 5508 Alt.
1569 5442 1776 5522 ἔχοντος

1893 5442 2570 5523 ΙνδῆθηίῗΔουκικῷίΥειδε.
2593 5451 2628 5504 2
2663 5451 2820 5523 codd.
2852 5449 3015 5523 iidem
3047 5446 3153 5523 sui
3176 5445 3467 5523 m_uta_n_t'in

235 5514 285 5567 in
313 5518 529 5585 διδόντος
556 5532 794 5577 vertunt.
827 5521 1036 5575 Possm.

300 5588 397 5656 (96)
424 5591 541 5646 Haac
573 5593 733 5659 epist.
764 5591 818 5644 in
842 5593 999 5646 codd.
1034 5591 1157 5646 Vat.
1183 5591 1286 5647 649
1306 5599 1361 5646 et
1382 5591 1492 5646 Alt.
1526 5592 1783 5648 inscribi-

242 5663 319 5733 tur
342 5676 433 5711 non
464 5662 731 5733 Φροντίνῳ
757 5704 769 5723 ,
803 5663 906 5733 sed
932 5661 1337 5733 Φροντωνιανῷ.
1385 5661 1541 5733 Vers.
1581 5662 1780 5733 ὅλτὴν

247 5678 319 5707 ι111·
342 5678 433 5711 non
464 5678 505 5713 ιιι
635 5678 731 5730 ινῳ
757 5704 769 5723 ,
810 5678 906 5714 seu
932 5678 1337 5733 φροντωνιανῳ.
1393 5678 1541 5716 vers.
1581 5678 1616 5716 ο
1639 5702 1654 5724 ,
1679 5678 1777 5733 την

247 5724 357 5802 μίαν
384 5678 754 5802 smmum.
787 5729 895 5785 Alt.
931 5734 1110 5797 habet,
1132 5736 1199 5802 τῇ
1231 5734 1330 5802 μιᾷ
1357 5732 1586 5798 σιαγόνι.
1620 5732 1777 5789 Vers.

246 5793 277 5847 5
296 5796 373 5850 τὸν
391 5793 618 5858 clausum
647 5802 862 5860 uncinis
893 5818 922 5857 a
944 5804 1066 5860 cod.
1098 5793 1207 5860 Ali.
1231 5793 1412 5861 "abest.
1439 5793 1652 5860 Possm.

1890 5522 2026 5576 ἐστί.
2065 5522 2220 5577 Vers.
2252 5524 2285 5577 5
2313 5513 2410 5592 pro
2439 5522 2496 5575 δὲ
2523 5525 2642 5577 cod.
2683 5520 2791 5592 Alt.
2842 5516 2951 5587 γὰρ
2984 5518 3281 5592 substituit.
3318 5513 3466 5568 Idem

1887 5608 2030 5647 vers.
2060 5594 2094 5664 8
2125 5585 2390 5664 δυσγενὴς
2441 5593 2494 5647 in
2518 5590 2804 5664 ίδυστενὴς
2834 5585 3123 5664 convertit.
3164 5585 3444 5664 Versuﬂse

1885 5662 2071 5731 quenti
2102 5651 2250 5730 quod
2283 5651 2480 5734 legitur
2515 5663 2567 5716 in
2624 5651 2804 5723 editis,
2835 5657 2991 5721 λίαν,
3024 5657 3077 5711 in
3123 5656 3283 5712 codd.
3336 5651 3462 5707 Vat.

1885 5732 1989 5787 649
2021 5741 2075 5786 et
2104 5734 2212 5788 Alt.
2260 5750 2365 5788 non
2396 5740 2691 5801 comparet.
2730 5730 2903 5801 lidem_
2936 5727 3095 5801 cgdd.
3134 5741 3278 5782 vers.
3305 5732 3463 5779 anto-

1881 5804 2085 5873 penult.
2108 5821 2206 5877 pro
2230 5803 2434 5876 χρυσοῦ
2478 5795 2669 5859 habent
2702 5796 2928 5873 χαλκοῦ.
2962 5795 3177 5855 Possm.
