3896 6404
481 384 591 452 235

1675 383 1736 444 S.
1780 383 2073 445 ISIDORI
2114 384 2550 449 PELUSIOT/E

3643 380 3747 443 236

486 508 657 575 ipsius
680 509 867 573 pectus
911 498 1164 572 trajicere
1197 499 1483 571 potuisset.
1513 498 1594 552 Ad
1632 501 1877 554 eumdem
1909 500 2037 570 igitu

2171 502 2530 574 τρωσκόντων
2564 500 2663 573 τὴν
2711 499 2891 572 ψυχὴν
2941 497 3110 567 ξιφῶν
3149 495 3561 568 ὑπερανάσχῃς,
3598 497 3749 550 ἀντι-

486 596 709 650 modum
757 591 806 646 si
853 600 909 645 tu
952 605 1168 660 quoque
1210 605 1354 655 eam,
1393 605 1552 659 quam
1598 602 1696 659 par
1738 599 1842 654 est,
1892 589 2044 642 anim

2165 593 2364 645 τυπίαν
2393 593 2738 662 κτησάμενος
2771 593 2869 664 τὴν
2900 590 3188 652 ἀπάθειαν,
3217 585 3439 654 ἄγγελοί
3474 603 3555 639 σοι
3605 587 3750 656 μετά

491 684 922 754 magnitudinem
954 682 1290 750 praestiteris,
1313 680 1844 752 gladiisque,quibus
1876 680 2044 734 anima

2165 681 2265 752 τὴν
2299 682 2476 752 πάλην
2503 683 2936 754 διὰκονήσουσιν,
2967 682 3029 733 οὐ
3060 678 3328 742 δουλικῶς
3368 677 3754 748 ὑπηρετούμε-

487 774 933 836 convulneratur,
966 772 1258 842 superatis,
1295 781 1346 826 te
1380 772 1432 826 in
1483 770 1651 825 animi
1699 771 2059 840 tranquillita-

2164 789 2266 836 νοι,
2297 771 2484 841 ἐπειδὴ
2512 772 2668 825 τοῦτο
2706 770 2823 842 Θεῷ
2859 772 3004 841 μόνῳ
3037 769 3316 837 ὠφείλετο,
3361 767 3497 820 ἀλλά
3533 783 3753 837 νικητι-

495 877 603 922 tem
648 865 987 928 asserucris,
1030 863 1207 933 angeli
1255 863 1352 918 tibi
1405 872 1527 931 post
1573 861 1857 916 victoriam
1898 862 2044 916 mini-

2167 862 2282 925 κῶς
2324 863 2709 932 στεφανοῦντες
2741 881 2821 917 σε.
2851 861 3050 915 Τοῦτον
3079 861 3187 932 γὰρ
3217 859 3329 929 ἔχει
3379 857 3571 930 μισθὸν
3597 861 3625 912 ὁ
3655 858 3751 911 τὸν

484 958 832 1014 strabunt":
869 973 974 1012 non
1029 957 1247 1025 quidem
1280 955 1528 1009 servilem
1560 954 1612 1008 in
1643 955 1859 1008 modum
1892 954 2053 1008 mini-

2163 954 2408 1025 παρόντα
2445 955 2632 1022 ἀγῶνα
2658 954 2919 1022 γενναίως
2947 953 3350 1022 ἀνδριζόμενος.

485 1063 720 1113 strautes
771 1050 1224 1122 (quandoquidem
1272 1051 1372 1104 hoc
1426 1049 1524 1103 soli
1569 1047 1681 1103 Deo
1722 1046 2081 1117 debebatur),
2122 1062 2310 1102 verum
2351 1049 2576 1102 victoris
2616 1048 2668 1102 iu
2731 1062 2935 1102 morem
2985 1056 3147 1114 caput
3195 1055 3343 1099 tuum
3389 1059 3587 1100 corona
3632 1042 3753 1098 cin-

484 1158 695 1214 gentes.
725 1143 877 1198 Hauc
899 1145 1042 1198 enim
1072 1141 1374 1196 mercedem
1400 1139 1562 1194 habet
1593 1139 1682 1208 qui
1713 1141 1765 1194 in
1793 1140 2045 1208 praesenti
2082 1141 2383 1194 certamine
2437 1149 2657 1193 strenue
2689 1152 2747 1192 se
2782 1138 2940 1208 gerit.

976 1235 1208 1292 LXXVI.
1239 1263 1307 1275 —-
1339 1235 1572 1290 EIDEM.

721 1351 833 1407 Cur
858 1351 1058 1420 lapides
1090 1367 1194 1404 non
1217 1349 1341 1418 fecit
1368 1365 1529 1418 panes
1561 1349 1837 1404 Dominus.

552 1530 707 1598 Quod
743 1521 948 1600 lapides
980 1544 1008 1583 a
1039 1527 1258 1584 Christo
1287 1528 1338 1582 in
1367 1541 1534 1598 panes
1557 1528 1777 1584 minime
1805 1529 2053 1584 conversi

489 1621 665 1677 sint"
696 1621 801 1693 (vir
824 1619 1316 1690 praestantissime),
1348 1634 1453 1673 non
1489 1619 1688 1675 idcirco
1715 1619 1914 1675 factum
1945 1631 2051 1685 est,

479 1712 624 1784 quod
649 1712 980 1766 edendorum
1002 1711 1383 1765 miraculorum
1415 1720 1623 1779 tempus
1652 1713 1883 1764 nondum
1906 1713 2055 1766 ades-

477 1815 584 1869 set,
611 1803 1061 1872 quemadmodum
1113 1802 1254 1856 male
1279 1802 1457 1857 feriati
1490 1803 1735 1857 homines
1761 1805 2008 1871 garriunt
2033 1824 2046 1859 :

475 1897 572 1951 sed
613 1894 737 1963 quia
776 1893 966 1962 petitio
1000 1908 1135 1946 vana
1166 1900 1306 1956 erat,
1331 1902 1385 1946 et
1417 1896 1644 1962 petitore
1693 1895 1875 1963 digna.
1910 1894 2050 1950 Deus

476 1987 622 2042 enim
655 1984 761 2054 25
792 1985 970 2038 omnia
1019 1999 1140 2038 cum
1176 1985 1432 2053 pondere,
1465 2001 1738 2048 mensura,
1768 1995 1823 2039 et
1865 2001 2051 2041 neces-

479 2082 641 2134 sitate
685 2077 934 2148 largitur.
970 2075 1072 2132 Ubi
1111 2087 1294 2131 autem
1328 2078 1470 2146 quod
1505 2077 1764 2145 quaeritur
1791 2092 2050 2148 superva-

475 2187 705 2228 Caneum
753 2180 872 2234 est,
907 2169 1016 2223 illic
1054 2183 1267 2239 quoque
1314 2168 1574 2224 miracula
1618 2171 1781 2225 edere
1823 2184 2050 2240 prorsus

476 2262 915 2331 intempestivum
952 2268 1055 2313 est.

897 2350 1154 2407 LXXVII.
1169 2382 1242 2392 --
1264 2341 1622 2411 DIOSCORO.

616 2467 948 2538 Impouibile
974 2485 1089 2523 esse
1119 2469 1172 2522 in
1207 2469 1376 2523 medio
1409 2471 1636 2525 tumultu
1660 2471 1906 2527 virtutem

1140 2555 1398 2595 exercere.

547 2653 730 2725 Usque
785 2652 918 2707 adeo
965 2651 1030 2706 ad
1079 2653 1305 2706 salutem
1387 2653 1638 2708 conducit
1688 2669 1932 2710 secessus
1980 2656 2048 2710 ab

474 2747 698 2800 urbanis
722 2743 1057 2807 tumultibus,
1089 2753 1145 2795 ut
1179 2743 1340 2796 etiam
1372 2741 1465 2796 Dei
1489 2743 1654 2798 Filius
1679 2743 1883 2800 relictis
1904 2745 2050 2800 urbi-

477 2838 599 2900 bus,
625 2851 740 2903 eos,
768 2833 860 2902 qui
890 2849 1010 2889 cum
1048 2834 1280 2903 puritate
1313 2834 1524 2900 vivunt,
1555 2835 1608 2890 in
1640 2836 1839 2891 montis
1880 2850 2044 2892 cacu-

476 2926 623 2978 mine
669 2924 856 2977 beatos
897 2923 1204 2991 praedicarit
1260 2923 1326 2976 ⁸⁸.
1380 2921 1438 2977 In
1499 2939 1608 2995 quo
1648 2939 1747 2995 per
1797 2940 1881 2991 ea,
1928 2941 2047 2997 qua:

474 3015 728 3078 faciebat,
771 3012 900 3067 illud
927 3012 1265 3080 ostendebat,
1311 3012 1426 3068 ﬁeri
1466 3028 1572 3068 non
1627 3028 1808 3083 posse,
1850 3026 1909 3072 ut
1953 3016 2044 3086 qui

2659 1235 2794 1299 oq'.
2818 1262 2888 1272 -
2917 1233 3004 1304 To
3045 1233 3249 1303 ΑΥΤῼ.

2226 1345 2331 1398 Διά
2365 1344 2425 1399 τί
2459 1344 2598 1411 τοὺς
2647 1345 2857 1410 λίθους
2897 1347 3007 1398 οὐκ
3052 1345 3340 1413 ἐποίησεν
3375 1344 3596 1412 ἄρτους
3637 1345 3673 1398 ὁ

2827 1417 3064 1482 Κύριος.

2236 1526 2299 1580 Οἱ
2325 1525 2482 1589 λίθοι,
2506 1526 2660 1597 ἄρτοι
2685 1525 2834 1597 παρὰ
2855 1527 3089 1597 Χριστοῦ
3111 1528 3171 1579 ού
3196 1526 3502 1595 γεγόνασιν,
3524 1525 3743 1595 ἄριστε,

2156 1616 2276 1687 οὐχὶ
2303 1619 2400 1687 τῆς
2422 1617 2570 1689 ὥρας
2590 1617 2697 1669 τῶν
2722 1617 3014 1687 θαυμάτων
3035 1615 3159 1688 [ἔτι]
3183 1617 3256 1687 μὴ
3279 1617 3577 1686 παρούσης,
3593 1617 3669 1678 ὡς
3690 1618 3744 1669 οἱ

2155 1709 2472 1778 κακόσχολοι
2499 1709 2896 1780 ῥητορεύουσιν,
2923 1708 3060 1762 ἀλλὰ
3080 1710 3180 1778 τῆς
3209 1708 3475 1778 αἰτήσεως
3500 1709 3745 1777 ματαίας

2156 1799 2342 1870 οῠσης,
2372 1802 2466 1854 καὶ
2492 1801 2570 1871 τῷ
2605 1800 2853 1872 ζητοῦντι
2883 1801 3218 1872 πρεπούσης.
3247 1801 3378 1864 Θεὸς
3408 1801 3514 1872 γὰρ
3561 1801 3745 1853 πάντα

2158 1891 2374 1964 στάθμῃ
2407 1892 2544 1963 (75),
2567 1893 2665 1946 καὶ
2682 1894 2884 1963 μέτρῳ,
2917 1894 3011 1945 καὶ
3041 1893 3200 1962 χρείᾳ
3227 1893 3530 1962 χαρίζεται.
3566 1891 3747 1946 Ἔνθα

2154 1983 2211 2035 δὲ
2242 1982 2346 2056 [τὸ]
2385 1984 2639 2056 περιττὸν
2670 1984 2728 2037 τὸ
2761 1983 3115 2055 ζητούμενον,
3161 1984 3255 2037 καὶ
3301 1984 3361 2037 τὸ
3390 1984 3746 2054 θαυματουρ-

2153 2075 2270 2141 γεῖν
2301 2073 2519 2138 πάντως
2547 2073 2647 2128 οὐκ
2679 2073 2953 2146 εὔκαιρον.

2628 2347 2747 2400 oz'.
2789 2374 2859 2386 --
2897 2342 3256 2414 ΔΙΟΣΚΟΡῼ.

2184 2464 2284 2516 οτι
2308 2461 2623 2532 ἀμήχανον
2653 2463 2724 2517 ἐν
2750 2463 2921 2588 pag?
2957 2464 3226 2532 θορύϐων
3263 2462 3489 2533 ἀρετὴν
3519 2479 3744 2532 κατορ⁴

2873 2548 3046 2588 ωσαι.

2873 2548 3046 2588 ωσαι.

2222 2650 2487 2704 Τοσοῦτον
2519 2651 2842 2722 χρησιμεύει
2874 2649 3014 2721 πρὸς
3057 2649 3331 2722 σωτηρίαν
3360 2651 3394 2720 ἠ
3426 2649 3536 2703 τῶν
3567 2647 3743 2720 θορύ-

2153 2739 2263 2792 ϐων
2295 2739 2410 2810 (76)
2452 2740 2562 2792 τῶν
2597 2740 2834 2794 ἀστικῶν
2879 2740 3248 2812 ἀναχώρησις,
3281 2741 3364 2794 ὅτι
3395 2740 3495 2803 τάς
3547 2742 3744 2804 πόλεις⁹

2154 2831 2470 2886 καταλιπὼν
2499 2835 2527 2886 ό
2564 2833 2660 2885 τοῦ
2693 2832 2828 2885 Θεοῦ
2860 2831 3009 2898 Υίὺς,
3058 2835 3143 2885 ἐπ’
3175 2833 3358 2905 ἄκρων
3406 2833 3574 2903 ὀρέων
3604 2835 3745 2897 τοὺς

2153 2922 2407 2994 καθαρῶς
2441 2923 2688 2993 βιοῦντας
2720 2923 3044 2996 ἐμακάριζε.
3077 2927 3302 2989 Δεικνὺς
3340 2925 3408 2979 δι’
3435 2918 3510 2979 ὧν
3554 2927 3744 2997 πράτ-

2151 3030 2262 3067 των
2292 3014 2589 3079 ὲδίδασκεν,
2630 3013 2706 3078 ῶς
2751 3015 3032 3081 ἀδύνατον,
3066 3015 3158 3070 τὸν
3194 3017 3271 3088 μὴ
3306 3017 3745 3071 ἀποσπασθέντα

474 3108 543 3161 ab
578 3106 766 3160 inferis
803 3104 972 3158 rebus
1009 3105 1231 3158 minime
1283 3119 1342 3160 se
1379 3105 1753 3171 abstraxisset,
1791 3118 1952 3177 atque
1980 3107 2044 3162 ad

2165 3104 2260 3156 τῶν
2297 3104 2672 3177 χαμαιζήλων,
2719 3107 2814 3160 καὶ
2846 3107 2981 3178 πρὸς
3015 3109 3113 3179 τὴν
3148 3107 3324 3179 ἄκραν
3369 3109 3566 3179 ἀρετὴν
3600 3108 3747 3161 ἀνα-

470 3197 690 3252 virtutis
729 3195 1002 3265 fastigium
1029 3197 1384 3261 ascendisset,
1417 3197 1608 3253 beatus
1641 3214 1671 3251 a
1713 3199 1824 3252 Deo
1853 3215 2046 3256 cense-

472 3297 644 3353 retur,
713 3297 806 3341 aut
861 3287 1044 3341 futura
1097 3286 1236 3340 bona
1262 3299 1707 3358 consequeretur.
1764 3288 1903 3345 Nam
1953 3292 2044 3362 qui

477 3394 707 3449 superna
761 3381 941 3449 sapit,
1001 3378 1109 3432 illic
1160 3379 1368 3433 habitat
1419 3377 1510 3434 ubi
1562 3379 1810 3437 Christus
1858 3391 1942 3437 est
1990 3382 2045 3436 in

453 3470 664 3526 .dextra
688 3471 778 3524 Dei
812 3473 1005 3524 sedens
1037 3471 1104 3526 ⁸⁵.

805 3581 1082 3636 LXXVIII.
1108 3612 1179 3626 η-
1207 3582 1432 3637 ΕΒΑΙᾸΕ
1465 3582 1695 3638 MlLlTl.

2153 3195 2343 3262 ϐάντα,
2381 3197 2784 3267 μακαρισθῆναι
2820 3199 2971 3269 παρά
2996 3196 3153 3262 Θεοῦ,
3199 3199 3233 3270 ἦ
3272 3197 3380 3252 τῶν
3426 3197 3740 3270 μελλόντων

2143 3289 2325 3356 τυχεῖν
2350 3287 2590 3356 ἀγαθῶν.
2636 3288 2693 3340 Ὀ
2723 3289 2833 3360 γάρ
2878 3289 2947 3341 τὰ
2979 3289 3091 3344 ἀνω
3120 3289 3357 3360 φρονῶν,
3389 3292 3510 3342 ἐκεῖ
3537 3305 3740 3343 κατοι-

2145 3379 2251 3443 κεῖ,
2305 3372 2366 3430 οὗ
2401 3377 2640 3448 Χριστός
2694 3379 2842 3431 ἐστιν
2890 3380 2949 3433 ἐν
2996 3378 3145 3451 δεξιᾷ
3191 3379 3287 3433 τοῦ
3319 3380 3456 3434 Θεοῦ
3497 3379 3743 3445 καθεζό-

2149 3483 2329 3537 μενος.

2503 3589 2629 3642 OH'.
2653 3617 2722 3631 —-
2749 3589 2956 3661 ΗΣΑΙᾼ
2987 3590 3393 3664 ΣΤΡΑΤῘΩἸᾘ.

736 3672 816 3724 Ad
839 3673 1058 3725 militem
1091 3672 1391 3728 inordinate
1421 3690 1474 3728 se
1505 3683 1784 3742 gerentem.

2443 3681 2600 3748 Πρὸς
2629 3686 2998 3750 στρατιώτην
3025 3684 3420 3738 ἀτακτοῦντα.

524 3786 600 3842 ’Si
631 3787 925 3857 gladiorum
980 3790 1257 3857 cuspides,
1289 3798 1342 3843 et
1391 3790 1622 3859 galeam,
1656 3804 1721 3844 ac
1770 3790 2042 3845 thoracem

449 3879 720 3951 praesidio
777 3879 870 3934 tibi
926 3880 991 3933 ad
1053 3880 1186 3934 bene
1231 3880 1513 3934 vivendum
1561 3894 1681 3934 esse
1741 3882 2039 3948 existimas,

450 3973 678 4040 .zprtedas
720 3986 885 4038 agens
935 3985 998 4024 ac
1046 3972 1159 4024 vias
1195 3971 1440 4025 desertas
1476 3971 1738 4034 reddens,
1777 3971 1876 4025 hoc
1908 3974 2042 4027 scito

469 4063 664 4116 multos
709 4061 912 4114 ﬁrmius
965 4071 1014 4114 te
1049 4072 1230 4128 septus
1274 4071 1329 4114 et
1382 4071 1622 4116 armatos
1681 4063 2039 4118 miserrimam

446 4163 697 4208 'mortem
747 4152 1016 4207 retulisse.
1057 4152 1310 4220 Exemplo
1372 4153 1513 4218 siut,
1549 4169 1613 4207 ex
1653 4155 1719 4207 iis
1762 4155 1851 4224 qui
1903 4156 2042 4223 apud

2226 3795 2288 3846 Εἰ
2325 3794 2505 3848 ὅπλων
2552 3796 2746 3865 αἰχμαὶ
2773 3794 2927 3866 .-(77),
2973 3799 3066 3848 καὶ
3106 3797 3325 3868 κράνος,
3373 3801 3467 3851 καὶ
3520 3799 3738 3868 θώραξ,

2147 3885 2423 3954 ἀσφάλειά
2445 3903 2525 3938 σοι
2555 3888 2691 3956 πρὸς
2713 3888 2944 3951 εὐζωΐαν
2973 3889 3306 3959 νενόμισται,
3327 3889 3739 3944 λωποδυτοῦντι

2144 3977 2241 4031 καὶ
2273 3978 2371 4038 τὰς
2408 3976 2711 4048 λεωφόρους
2760 3977 3084 4049 ἐρημοῦντι’
3124 3980 3231 4032 ἴσθι
3266 3980 3342 4044 ῶς
3389 3981 3572 4034 πολλοὶ
3599 3982 3745 4034 δυσ-

2143 4069 2474 4137 αλωτὸτερόν
2511 4085 2602 4121 σου
2631 4068 2998 4140 φραξάμενοι,
3048 4071 3315 4126 οἴκτιστον
3347 4075 3744 4143 ἀπηνέγκαντο

2145 4161 2394 4215 θάνατον.
2449 4161 2585 4230 Παρ’
2634 4163 2767 4232 ἡμῖν
2821 4162 2918 4232 μὲν
2966 4163 3336 4234 ἀνάγραπτοι,
3397 4167 3585 4237 Ὠρὴ6,
3633 4169 3742 4221 καὶ

459 4260 567 4299 nos
607 4245 906 4298 litterarum
956 4245 1316 4298 monumentis
1347 4245 1645 4314 cousiguati
1688 4255 1835 4310 sunt,
1875 4246 2038 4313 Oreb,

2165 4252 2336 4322 ζηϐεὲ,
2394 4253 2487 4304 καὶ
2533 4252 2810 4322 Σαλμανά,
2883 4254 3168 4324 Ἀὁιμελὲχ
3213 4257 3308 4309 καὶ
3355 4257 3569 4320 Γολιάθ,
3629 4262 3740 4312 καὶ

446 4335 597 4400 -Zeb,
615 4336 826 4399 .Zebee,
857 4336 1136 4399 Salmana,
1159 4336 1492 4405 Abimelech,
1518 4337 1755 4400 Goliath,
1781 4340 2038 4405 Absalon,

2165 4343 2531 4414 Ἀδησσαλὼν,
2567 4345 2662 4397 καὶ
2710 4345 2823 4398 ὅσοι
2856 4345 2977 4398 κατ’
3021 4347 3286 4411 ἐκείνους.
3335 4348 3495 4418 Παρὰ
3521 4350 3578 4402 δὲ
3611 4355 3741 4415 τοῖς

466 4427 666 4496 aliique
712 4427 800 4482 his
834 4428 1039 4482 similes
1069 4429 1086 4459 ⁸
1118 4446 1134 4483 z
1179 4431 1318 4498 apud
1355 4441 1570 4484 exteros
1604 4441 1807 4495 autem,
1844 4431 2040 4486 llecto-

2165 4433 2288 4498 ἔξω,
2343 4435 2627 4505 Ἕκτορες,
2684 4437 2778 4489 καὶ
2831 4438 3079 4500 Αἴαντες,
3126 4440 3220 4492 καὶ
3270 4439 3422 4493 αὐτοὶ
3469 4443 3517 4494 οί
3577 4443 3742 4512 μέγα

455 4529 557 4571 τοι
577 4515 874 4585 etAjaces,
907 4523 1068 4586 atque
1109 4517 1206 4586 ipsi
1237 4517 1654 4584 Lacedmmonii,
1695 4522 1785 4590 qui
1831 4521 2040 4576 ruboris

2165 4526 2366 4580 πάντων
2396 4529 2764 4598 φρονήσαντες
2787 4529 3199 4600 Λακεδαιμόνιοι
3225 4532 3318 4584 ἐπὶ
3338 4532 3516 4605 ῥώμῃ,
3535 4535 3740 4607 ἐπειδὴ

464 4610 684 4664 nomine
731 4624 892 4678 supra
921 4625 1112 4664 omnes
1164 4611 1416 4666 mortales
1447 4613 1660 4682 gloriati
1695 4623 1842 4681 sunt,
1905 4630 2041 4684 quo-

2165 4618 2247 4670 δύκ
2279 4618 2436 4688 ἔσχον
2478 4618 2775 4689 σύνδρομον
2812 4624 2880 4692 τῇ
2913 4621 3141 4691 δυνάμει
3170 4623 3231 4676 τὸ
3275 4623 3500 4678 δίκαιον.
3533 4626 3597 4678 El
3629 4622 3744 4680 οὖν

466 4698 611 4753 uiam
652 4698 918 4766 justitiam
980 4701 1234 4768 potentia:
1294 4702 1543 4757 comitem
1622 4704 2036 4775 haudquaquam

2165 4709 2229 4779 ul)
2279 4711 2507 4780 μάταιος
2556 4706 2694 4764 εἶναι
2743 4711 2923 4781 βούλει
2967 4713 3213 4785 ὁπλίτης,
3258 4713 3426 4780 ὀξέως
3465 4715 3604 4786 πρὸς
3630 4719 3742 4772 τὸν

463 4789 788 4843 habuerunt.
844 4787 1025 4854 Quare
1069 4791 1180 4846 nisi
1240 4808 1409 4849 vanus
1448 4793 1604 4849 miles
1649 4809 1770 4849 esse
1810 4795 1910 4859 vis,
1968 4796 2036 4850 ad

2165 4800 2334 4871 νοητὸν
2369 4802 2668 4872 μετάταξαι
2711 4804 2971 4877 πόλεμον,
3007 4806 3104 4861 καὶ
3155 4805 3356 4878 μᾶλλον
3399 4809 3466 4878 τῇ
3519 4809 3742 4864 σαυτοῦ

456 4878 746 4947 spiritualc
786 4879 987 4934 bellum
1022 4884 1414 4951 quamprimum
1451 4893 1502 4938 te
1550 4895 1826 4950 converte,
1875 4895 2038 4955 atque

2165 4891 2342 4962 ιταξίᾳ
2373 4891 2504 4944 πολέ
2514 4911 2705 4964 μησον.

462 4971 516 5026 id
543 4973 720 5041 potius
758 4987 877 5041 age,
923 4985 982 5026 ut
1011 4975 1271 5032 adversus
1318 4978 1657 5033 inordinatos
1693 4989 1814 5035 tuos
1841 4992 2019 5037 motus
2062 4984 2260 5038 bellum
2306 5001 2480 5055 geras.

461 5127 891 5268 Π
925 5130 1012 5184 ii.
1083 5131 1128 5163 9"
1159 5131 1289 5187 ibid.
1327 5134 1382 5188 '5.
1459 5135 1505 5165 ⁸⁸
1536 5131 1727 5187 Matth.
1771 5151 1822 5200 v,
1871 5135 1925 5190 8.
2015 5137 2061 5168 ⁹⁹
2094 5137 2270 5194 Colos.
2308 5155 2388 5203 III,
2421 5140 2473 5196 I.
2551 5141 2566 5170 ¹
2602 5139 2774 5196 Judic.
2809 5159 2919 5208 vn;
2955 5142 3134 5201 Judic.
3167 5160 3302 5212 vm;
3333 5146 3352 5201 l
3394 5147 3526 5219 Reg.
3573 5167 3740 5221 xvu;

1557 5358 1792 5413 VARIL
1834 5359 2220 5416 LECTIONES
2257 5360 2346 5415 ET
2383 5361 2618 5418 NOTAE.

531 5514 795 5596 (ζῶ-ΡΨ
829 5515 1041 5584 σταθμῇ
1082 5510 1236 5566 codd.
1277 5509 1402 5566 Vat.
1440 5509 1542 5564 649
1573 5521 1626 5564 et
1665 5511 1774 5564 Alt.
1821 5511 2028 5580 legunt,

463 5583 594 5639 σταθ
606 5584 708 5654 μῷ.
737 5583 945 5654 Possm.

535 5650 646 5726 (7G)
663 5650 803 5708 'Post
822 5653 1062 5726 θορύβων
1081 5653 1198 5707 cod.
1223 5651 1509 5726 Alt._ad(_lit
1537 5650 1850 5726 πολιτικῶν,
1870 5650 2027 5726 V’ers.

457 5724 494 5778 5
543 5720 640 5794 pro
686 5720 1104 5794 ἀποσπασθέντα
1147 5720 1513 5794 εοιΙιΙηνιιιίο.
1705 5733 1755 5773 et
1773 5721 1891 5794 Alt.
1933 5722 2030 5794 ha-

447 5786 591 5853 .bent
619 5794 961 5850 ἀπωσθέντα.
979 5793 1136 5848 Vers.
1167 5791 1375 5863 penult.
1398 5805 1494 5860 pro
1511 5786 1570 5845 οῦ
1595 5792 1849 5861 Χριστὸς,
1869 5790 2028 5848 codd.

2143 5511 2452 5590 _Sl'o‘rtia_nus
2480 5522 2535 5568 et
2583 5513 2694 5590 Alt.
2719 5515 2915 5590 legunt
2960 5520 2987 5571 ὀ
3019 5521 3273 5590 Χριστός.
3311 5523 3467 5580 Vers.
3501 5528 3728 5589 ultimo.

2139 5583 2678 5657 éarigabestacod.
2714 5585 3010 5643 Sfortiano.
3040 5583 3250 5645 Possm;

2211 5653 2324 5734 (7'7)
2367 5651 2690 5734 ι’ὲοοίχμιαςι
2715 5659 2833 5709 cod.
2867 5659 2973 5734 Alt.
3008 5662 3212 5734 scribit,
3251 5663 3449 5734 ἀκμαί,
3481 5675 3536 5722 et
3569 5683 3704 5726 vers

2140 5733 2392 5793 antepen.
2423 5740 2519 5795 pro
2551 5724 2797 5795 ὁπλίτης,
2833 5727 3071 5800 πολίτης.
3111 5731 3318 5786 Possm.
