3896 6404
435 405 540 471 239

1629 399 1691 459 s.
1726 395 2018 458 ISIDORI
2054 353 2493 454 PELUSIOT/E

3583 396 3677 460 240

433 523 672 578 laborem
694 518 747 574 in
776 523 1045 587 pracepto
1062 516 1104 568 ⁸.
1119 533 1138 566 ι
1160 513 1476 569 Animarum
1497 524 1808 569 sanctarum
1828 513 2004 567 oratio

2142 525 2217 561 ων
2237 506 2348 578 (80)
2369 507 2459 559 ἐπὶ
2489 504 2837 576 πρόσταγμα.
2874 521 2892 555 ι
2917 502 3200 576 Προσευχὴ
3230 502 3339 558 τῶν
3373 504 3543 574 ἀγίων
3569 508 3678 561 ἐστι

433 616 548 669 haec
581 622 687 676 est,
721 624 820 680 pro
845 607 1051 665 caelesti
1077 605 1417 663 confessione
1446 605 1847 669 dimicantium,
1879 618 2009 674 sup-

431 706 667 775 plicique
701 704 939 757 clamore
964 700 1032 755 ab
1061 714 1126 754 eo
1154 697 1537 770 postulantium
1566 719 1581 755 :
1609 697 1689 753 Ne
1737 698 1791 752 in
1840 697 2010 752 altum

430 796 687 852 ell'eratur
752 780 982 849 thronus
1034 792 1341 860 iniquorum
1398 790 1450 842 in
1535 799 1830 859 conspectu
1892 797 2007 853 tuo,

431 889 683 950 Domine,
715 888 972 941 adversus
1007 892 1336 953 praeceptum
1391 888 1540 934 tuum
1595 882 1808 951 negotia
1855 879 2010 936 nobis

434 982 735 1036 lacessens.
772 975 1085 1044 Cujusmodi
1118 973 1328 1028 scilicet
1352 972 1455 1041 piis
1492 972 1597 1027 tuis
1631 974 1811 1042 pueris
1838 971 2015 1043 Baby-

435 1075 611 1129 lonius
667 1085 927 1143 tyrannus
988 1069 1171 1133 erat",
1237 1078 1332 1122 aut
1395 1066 1600 1122 sanctis
1684 1065 2014 1135 martyribus

436 1166 679 1237 pestiferi
735 1174 789 1218 et
836 1159 1158 1218 exsecrandi
1210 1160 1478 1226 homines,
1528 1168 1690 1228 atque
1748 1157 2013 1212 idolorum

437 1267 884 1330 propugnatores.

666 1365 926 1423 LXXXII.
949 1397 1021 1406 —
1048 1362 1401 1420 ARABIANO
1426 1360 1791 1419 EPISCOPO.

440 1458 593 1525 Quod
634 1459 721 1525 qui
753 1468 958 1526 propter
983 1454 1382 1524 fornicationem
1414 1456 1661 1509 adversus
1693 1454 2015 1526 Gabaonitas

507 1545 573 1582 ea:
607 1528 700 1581 Dei
737 1525 1000 1581 voluntate
1042 1526 1235 1580 bellant
1279 1537 1638 1594 susceperunt,
1680 1540 1783 1579 non
1820 1525 2017 1595 injuste

505 1598 839 1653 interierunt.

510 1713 636 1780 Qui,
687 1720 745 1766 ut
800 1710 1287 1782 Bcnjaminitarum
1340 1711 1724 1765 scortationem
1787 1709 2016 1764 ulcisce-

2110 598 2319 670 ψυχῶν,
2337 598 2445 650 τῶν
2466 597 2573 651 ὑπὸ
2587 598 2685 668 τῆς
2710 595 2918 651 ἐκεῖθεν
2942 595 3230 668 ὁμολογίας
3253 595 3677 666 ἀγωνιζομένων,

2112 691 2253 762 πρὸς
2286 688 2449 743 αὐτὸν
2466 688 2525 741 ἐν
2558 687 2808 760 ἱκετηρία
2832 687 3097 758 βοώντων³
3130 687 3221 758 Μὴ
3240 686 3492 756 ὑψούσθω
3508 687 3680 758 θρόνος

2113 782 2331 852 ἀνόμων
2354 783 2593 835 ἐναντιον
2613 797 2727 845 σου,
2751 779 2945 850 Κύριε,
2967 779 3106 833 κατὰ
3136 778 3277 851 [τοῦ]
3303 779 3395 832 σοῦ
3423 782 3685 851 προστάγ-

2121 891 2288 946 ματος
2321 874 2668 943 κόπουςήμῖν
2699 872 3091 943 παρεχόμενος,
3114 871 3297 934 ὁποῖος
3316 873 3343 925 ὁ
3359 869 3685 935 Βαϐυλώνιος

2114 962 2185 1039 ἦν
2213 967 2328 1029 τοῖς
2373 964 2539 1028 ὁσίοις
2584 962 2702 1035 [σου
2753 962 2935 1035 παισὶ]
2969 962 3318 1035 τύραννος,ἢ
3362 966 3475 1026 τοῖς
3520 962 3686 1031 ἁγίοις

2118 1059 2388 1131 μάρτυσιν
2412 1059 2463 1110 οἱ
2487 1057 2806 1128 ἀλάστορες,
2838 1055 2934 1109 καὶ
2963 1054 3072 1109 τῶν
3101 1054 3335 1108 εἰδώλων
3364 1054 3684 1127 ὑπέρμαχοι.

2401 1354 2526 1411 IIB'.
2550 1386 2623 1395 —
2656 1352 3003 1426 summa
3052 1352 3426 1423 ΕΠῘΣΚΟΠῼ.

2123 1445 2248 1502 Τῶν
2274 1445 2511 1501 κριτῶν.
2544 1447 2675 1499 ’Ὁτι
2702 1445 2802 1499 διὰ
2846 1444 2963 1511 τὴν
3009 1444 3293 1513 πορνείαν
3323 1443 3445 1509 τοῖς
3478 1442 3546 1495 ἐν
3582 1441 3691 1497 Γα-

2193 1515 2307 1583 ϐαᾷ
2353 1519 2506 1571 κατὰ
2558 1515 2800 1585 γνώμην
2860 1513 3010 1586 Θεοῦ
3064 1513 3542 1583 παραταξάμενοι
3586 1514 3690 1565 οὐκ

2189 1588 2411 1653 ἀδίκως
2437 1586 2693 1652 ἁλόντες
2723 1585 3093 1654 ἐφθάρησαν.

2191 1701 2252 1755 Oi
2274 1700 2372 1772 τὴν
2402 1698 2655 1771 πορνείαν
2680 1699 2936 1770 Βενιαμὶν
2959 1698 3257 1761 ἀναϐάντες
3280 1698 3337 1750 ἒν
3369 1694 3562 1767 Ταόρά
3582 1695 3689 1765 (81)

440 1814 649 1868 rentur,
676 1804 728 1857 in
760 1802 943 1856 Galtaa
977 1802 1359 1867 ascenderant,
1391 1815 1515 1856 cum
1564 1801 1631 1855 de
1675 1800 1884 1855 Domini
1925 1814 2020 1854 vo-

2140 1793 2575 1863 τιμωρήσασθαι,
2631 1791 2773 1846 κατά
2819 1791 3048 1861 γνώμην
3107 1789 3242 1843 Θεοῦ
3312 1790 3408 1843 τοῦ
3464 1789 3693 1857 πολέμου

440 1895 648 1949 Iuntate
714 1909 779 1949 ac
829 1894 1092 1948 sententia
1161 1890 1359 1946 bellum
1446 1892 1833 1959 suscepissent,
1912 1905 2019 1944 non

2140 1862 2419 1955 ἡψάμενοι,
2450 1883 2550 1936 οὐκ
2581 1883 2804 1949 ἀδίκως,
2828 1881 2901 1946 ὡς
2927 1883 3048 1947 οῐει,
3081 1883 3179 1953 τῆς
3206 1883 3362 1953 νίκης
3390 1882 3654 1951 ἀπέτυχον
3677 1897 3692 1912 ·

442 1986 646 2053 inique,
691 1993 751 2038 ut
804 1994 985 2052 putas,
1018 1983 1241 2037 victoria
1277 1983 1636 2038 exciderunt:
1671 1997 1856 2037 verum
1884 1996 2022 2051 quo-

443 2079 780 2144 niamjustus
799 2074 963 2145 judex
991 2090 1059 2129 ex
1090 2074 1290 2143 iniquis
1311 2074 1770 2129 acietninstruere
1804 2073 2023 2127 minime

443 2168 599 2232 solet,
670 2167 873 2221 idcirco
957 2181 1053 2235 per
1125 2165 1388 2232 justitiam
1467 2165 1762 2219 admissum
1845 2164 2021 2221 scelus

443 2256 758 2312 vindicavit.
794 2254 926 2308 Nunt
969 2255 1058 2323 qui
1089 2254 1301 2323 pejores
1346 2253 1587 2308 actiones
1622 2253 1916 2319 habebant,
1957 2268 2021 2308 ac

444 2350 613 2403 multo
640 2348 917 2417 graviores
948 2361 1009 2399 ea
1059 2361 1179 2414 quae
1226 2353 1342 2399 tum
1395 2346 1716 2413 contigerat,
1767 2354 2020 2413 tanquam

445 2442 691 2493 insontes
750 2438 817 2490 ad
879 2435 1109 2490 fratrum
1136 2436 1336 2491 caedem
1390 2436 1662 2491 communi
1713 2438 2020 2492 animorum

443 2544 713 2585 consensu
775 2529 1153 2583 ascenderant.
1206 2527 1405 2583 Verum
1462 2527 1595 2583 illud
1649 2529 2024 2597 exnerimentn

441 2621 779 2677 didicerunt:
803 2619 1139 2691 «Hypocrita,
1158 2619 1290 2688 ejice
1309 2619 1539 2690 primum
1563 2622 1765 2675 trabem
1784 2636 1849 2675 ex
1867 2621 2027 2677 oculo

446 2721 629 2776 tuo,et
660 2722 784 2766 tunc
807 2711 1033 2775 videbis,
1062 2708 1169 2780 27
1202 2721 1261 2767 ut
1281 2710 1463 2781 ejicias
1491 2712 1752 2766 festucam
1780 2712 1845 2767 de
1871 2712 2026 2766 oculo

446 2805 631 2859 fratris
660 2805 732 2858 tui
764 2805 839 2860 ⁸.»
864 2804 1229 2869 Quamobrem
1257 2804 1506 2869 adulteri,
1532 2805 1784 2872 quoniam
1813 2804 2027 2859 adulte-

444 2894 586 2949 rium
649 2894 870 2949 minime
942 2894 1384 2950 committendum
1441 2909 1562 2950 esse
1636 2896 2025 2964 prazdicabant,

444 2982 609 3036 rebus
638 2981 769 3050 ipsis
815 2981 1073 3048 convicti,
1118 2981 1219 3050 ipsi
1262 2981 1480 3051 quidem
1521 2984 1767 3038 meritam
1809 2998 2023 3053 poenam

447 3071 502 3126 itt
550 3071 693 3126 bello
737 3070 1110 3139 pependerunt
1140 3092 1152 3125 :
1184 3070 1276 3140 qui
1309 3080 1489 3126 autem
1524 3072 1874 3127 scortationis
1921 3074 2028 3126 cri-

2124 1975 2241 2030 ἀλλ⁹
2268 1975 2458 2047 ἐπειδὴ
2488 1974 2684 2045 δικαίῳ
2721 1977 2881 2047 κριτῇ
2902 1974 3002 2027 οὐκ
3033 1966 3178 2027 ἐστιν
3208 1973 3268 2038 ἐξ
3296 1972 3500 2026 ἀδίκων
3528 1970 3697 2042 παράι

2123 2070 2299 2139 ταξις,
2334 2068 2653 2142 δικαιοσύνῃ
2699 2068 2759 2121 τὸ
2813 2066 3084 2138 τολμηθὲν
3113 2066 3443 2136 ἐξεδίκησεν.
3496 2064 3560 2117 Οί
3594 2064 3696 2133 γὰρ

2125 2164 2343 2235 χείρους
2372 2162 2585 2233 ἔχοντες
2612 2157 2860 2233 πράξεις,
2887 2160 2981 2211 καὶ
3004 2157 3182 2228 πολλῷ
3217 2156 3436 2226 μείζους
3465 2154 3563 2224 τῆς
3583 2154 3697 2207 τότε

2121 2252 2515 2322 γεγενημένης,
2549 2250 2624 2313 ώς
2650 2249 2818 2302 ἁθῶοι
2849 2248 2987 2319 πρὸς
3016 2247 3107 2300 τὸν
3133 2246 3293 2315 φόνον
3324 2245 3435 2298 τῶν
3458 2242 3698 2311 ἀδελφῶν

2122 2343 2521 2415 ὁμονοήσαντες
2565 2340 2861 2409 ἀνέδησαν.
2920 2337 3061 2392 Ἀλλ’
3122 2335 3324 2408 ἔμαθον
3380 2338 3448 2406 τῇ
3513 2336 3696 2405 πείρᾳ,

2130 2455 2147 2487 ι
2172 2432 2493 2506 Ὑποκριτά,
2516 2432 2712 2485 ἐκὸαλε
2743 2430 2958 2502 πρῶτον
2990 2428 3091 2500 τὴν
3109 2427 3264 2481 δοκὸν
3287 2428 3352 2479 ἐκ
3378 2424 3475 2479 τοῦ
3501 2424 3699 2494 ὀφθαλ-

2129 2524 2231 2598 μοῦ
2288 2542 2404 2590 σου,
2452 2525 2546 2577 καὶ
2578 2523 2700 2576 τότε
2748 2521 3054 2591 διαϐλέψεις
3102 2520 3355 2574 ἐκϐαλεῖν
3395 2518 3456 2574 τὸ
3493 2518 3701 2589 κάρφος

2128 2617 2194 2669 ἐκ
2214 2615 2308 2669 τοῦ
2339 2613 2614 2684 ὀφθαλμοῦ
2640 2611 2735 2667 τοῦ
2761 2612 2993 2681 ἀδελφοῦ
3029 2628 3143 2666 σου.
3173 2630 3191 2662 ι
3227 2612 3289 2665 Οἱ
3319 2609 3496 2663 τοίνυν
3532 2609 3703 2680 μοιχοὶ

2125 2704 2314 2775 ἐπειδὴ
2345 2703 2419 2774 μὴ
2459 2702 2733 2774 μοιχεύειν
2768 2703 3092 2774 ἐκήρυσσον,
3127 2702 3231 2755 ὑπὸ
3281 2702 3390 2755 τῶν
3414 2700 3593 2772 ἔργων
3617 2700 3694 2763 ἐξ·

2125 2796 2492 2866 ελεγχόμενοι,
2521 2793 2676 2848 αὐτοὶ
2706 2794 2803 2864 μὲν
2831 2794 2992 2861 ἀξίαν
3020 2793 3211 2865 ποινὴν
3242 2792 3320 2864 τῷ
3354 2792 3579 2863 πολέμῳ
3603 2792 3703 2844 ἀπε

2126 2888 2327 2942 έτισαν.
2348 2889 2412 2940 Οἱ
2429 2886 2486 2939 δὲ
2510 2885 2620 2940 τῶν
2642 2885 3004 2956 ἐγκλημάτων
3023 2886 3121 2954 τῆς
3142 2884 3398 2955 πορνείας
3424 2884 3701 2955 ἀμέτοχοι,

2127 2979 2276 3033 οὐδὲν
2306 2977 2546 3031 τοιοῦτον
2577 2980 2635 3031 ἐν
2667 2977 2877 3041 ἑαυτοῖς
2920 2976 3137 3031 εἴδωλον
3169 2976 3405 3047 ἔχοντες,
3449 2975 3707 3046 λαμπρὰν

2128 3073 2227 3145 τὴν
2254 3072 2411 3144 νίκην
2449 3072 2796 3143 εἰργάσαντο.

444 3165 685 3221 minibus
717 3165 940 3222 minime
969 3163 1356 3241 aﬁineserant,
1421 3164 1565 3236 quod
1633 3167 1839 3219 nullum
1904 3166 2171 3235 ejusmodi
2221 3168 2277 3223 in
2324 3183 2384 3223 se
2440 3167 2642 3222 idolum
2700 3167 2982 3233 haberent,
3033 3166 3350 3237 praeclaram
3422 3166 3703 3221 victoriam

446 3259 625 3329 adepti
655 3268 798 3314 sunt.

697 3376 985 3433 LXXXIII.
1020 3407 1089 3417 —
1112 3376 1414 3433 LEONTIO
1448 3376 1799 3434 EPISCOPO.

446 3471 727 3537 Quomodo
772 3470 1169 3539 intelligendum
1199 3471 1267 3524 sit
1303 3471 1455 3532 illud,
1514 3488 1532 3523 ι
1589 3471 1649 3526 Si
1696 3470 1879 3526 oculus
1908 3482 2029 3526 tuus

979 3539 1304 3593 scandalizat
1326 3551 1374 3594 te
1396 3540 1439 3596 ’.
1473 3560 1492 3594 ι

521 3650 746 3706 Oculum
802 3665 864 3705 ac
917 3666 1134 3705 manum
1192 3651 1440 3705 dextram
1494 3655 1731 3723 optimus
1783 3653 2031 3712 Christus

452 3741 880 3798 ae‘cessariornm
908 3755 970 3794 ac
998 3741 1378 3795 li‘dissimorum
1404 3741 1697 3795 amicorum
1719 3745 2035 3814 propinqui-

454 3842 620 3885 tatem
672 3831 1001 3897 nuncupavit
1035 3846 1049 3882 :
1086 3844 1179 3883 eos
1239 3831 1515 3896 nimirum,
1544 3831 1634 3900 qui
1681 3833 1748 3884 ad
1792 3848 1946 3901 opem
1975 3843 2031 3888 et

454 3922 714 3977 auxilium
768 3920 979 3975 sincere
1037 3919 1191 3975 nobis
1242 3920 1573 3975 all'erendum
1605 3923 1865 3978 benevolo
1899 3941 2027 3995 erga

455 4029 556 4069 nos
586 4013 766 4066 animo
802 4022 948 4075 sunt,
986 4010 1055 4066 iis
1099 4012 1461 4066 membrorum
1506 4012 1813 4067 nominibus
1844 4013 2029 4083 appel-

456 4104 592 4167 lans,
619 4117 847 4171 quorum
897 4116 1057 4171 opera
1092 4116 1189 4155 nos
1216 4117 1301 4166 ea,
1332 4118 1451 4173 quae
1492 4104 1646 4157 nobis
1673 4105 1820 4158 cordi
1876 4114 2025 4171 sunt,

453 4194 819 4261 exsequimur.
846 4189 980 4246 Cum
1030 4192 1190 4261 igitur
1213 4194 1479 4262 quispiam
1513 4209 1577 4248 ex
1609 4194 1740 4264 ipsis
1788 4196 2027 4249 scandali
2058 4188 2065 4195 ’

455 4293 646 4337 auctor
670 4283 898 4347 exsistit,
924 4292 1015 4336 aut
1043 4283 1094 4336 in
1137 4294 1357 4352 peccato
1378 4284 1575 4353 aliquo,
1603 4286 1743 4354 quod
1779 4286 2032 4353 probrum

456 4377 613 4444 ttpbis
643 4374 854 4440 σίτοισι,
885 4384 1049 4444 atque
1076 4374 1422 4444 ignominiam
1455 4376 1554 4444 ipsi
1576 4376 1793 4441 conﬂet,
1822 4376 2034 4432 voluta—

458 4434 567 4531 tur,
613 4467 915 4537 ltujusmodi
988 4467 1259 4521 hominem
1312 4466 1630 4522 exscindere
1683 4476 1934 4537 Oportet:
1970 4483 2038 4523 ne

457 4558 653 4625 alioqui
686 4567 887 4626 pestem
910 4557 1141 4625 imitans,
1170 4558 1411 4624 corporis
1435 4557 1789 4628 integritatem
1816 4570 1870 4615 et
1891 4561 2041 4617 inco-

2428 3378 2552 3433 nr'.
2592 3408 2663 3421 ——
2697 3379 3000 3450 ΛΕΟΝΤΙῼ
3038 3380 3411 3451 ΕΠΙΣΚΟΠῼ.

2131 3469 2266 3536 Πῶς
2307 3471 2580 3539 νοητέον,
2633 3490 2653 3523 ι
2696 3472 3117 3544 El_dgp0€_t.1;t(5c
3162 3488 3281 3527 σου
3335 3474 3374 3544 ἢ
3422 3472 3557 3543 χείρ
3597 3489 3711 3529 σου

2620 3540 3009 3601 σκανδαλίζει
3039 3548 3133 3595 σε.
3187 3561 3206 3594 ι

2215 3654 2525 3727 Ὀφθαλμὸν
2560 3657 2656 3711 καὶ
2686 3659 2846 3728 χεῖρα
2870 3656 3051 3722 δεξιάν
3081 3660 3110 3711 ό
3135 3658 3453 3727 πανάγαθος
3477 3644 3712 3731 Χριστὸς

2132 3748 2232 3820 τὴν
2280 3749 2556 3821 ἐγγύτητα
2610 3747 2720 3801 τῶν
2778 3749 3102 3819 ἐπιτηδείων
3160 3751 3254 3802 καὶ
3300 3748 3540 3819 γνησίων
3585 3752 3714 3819 ἡμῖν

2136 3838 2482 3910 ἐπωνόμασε,
2508 3840 2631 3904 τοὺς
2663 3838 2853 3903 εὔνους
2875 3842 3007 3910 ἡμῖν
3033 3839 3144 3910 (8‘2)
3172 3840 3310 3911 πρὸς
3334 3841 3565 3912 γνησίαν
3593 3858 3713 3893 συν-

2135 3931 2345 4000 εργίαν,
2375 3929 2605 3993 ἐκείνοις
2634 3930 2866 3995 καλέσας
2888 3930 2997 3984 τῶν
3027 3929 3203 4000 μελῶν
3231 3933 3343 3994 τοῖς
3370 3931 3624 4003 ὀνόμασι,
3648 3930 3715 3984 δι’

2136 4012 2212 4072 ὧν
2238 4020 2398 4089 ἡμεῖς
2443 4018 2514 4072 τὰ
2553 4021 2856 4091 ἀρέσκοντα
2896 4020 3230 4091 πράττομεν.
3279 4022 3449 4076 Ὅταν
3494 4019 3591 4077 οὖν
3632 4039 3715 4085 τις

2136 4107 2197 4171 ἐξ
2246 4109 2426 4161 αὐτῶν
2462 4109 2764 4162 σκανδάλου
2820 4110 2992 4172 αἴτιος
3039 4110 3285 4179 γένηται,
3334 4113 3429 4164 καὶ
3468 4111 3717 4183 ἁμαρτίᾳ

2138 4198 2453 4271 καλινδῆταί
2495 4218 2623 4268 τινι,
2670 4203 2804 4273 ἡμῖν
2827 4201 3095 4272 λοιδορίαν
3122 4202 3386 4274 φερούσῃ,
3430 4204 3527 4257 καὶ
3567 4202 3718 4273 αύτῷ

2138 4291 2364 4361 ἀτιμίαν
2390 4292 2743 4363 προξενούσῃ,
2773 4293 3064 4347 ἐκκόπτειν
3092 4293 3199 4364 χρὴ
3222 4293 3314 4347 τὸν
3346 4293 3606 4360 τοιοῦτον,
3632 4293 3717 4346 ἵνα

2145 4381 2223 4452 μὴ
2265 4380 2453 4452 λοιμὸν
2499 4384 2901 4454 μιμησάμενος,
2950 4383 3162 4454 νεμηθῇ
3198 4384 3297 4454 τὴν
3337 4383 3428 4437 τοῦ
3466 4383 3716 4454 σώματος

2147 4473 2535 4545 ἀκεραιότητα,
2579 4477 2693 4539 τοῖς
2747 4475 3080 4544 ὑγιαίνουσιν
3121 4478 3186 4529 ἐκ
3229 4475 3486 4531 τοιούτων
3526 4473 3718 4530 παθῶν

2149 4564 2451 4635 εἱσφρήσας
2479 4565 2576 4635 τὴν
2604 4564 2798 4618 ἐαυτοῦ
2826 4566 3108 4637 ἀλγηδόνα.

460 4652 758 4706 lumitatcm
787 4653 1128 4721 depascatur,
1159 4665 1256 4706 suo
1291 4651 1542 4708 videlicet
1566 4653 1753 4709 dolore
1780 4655 1847 4710 iis
1895 4656 1986 4724 qui
2028 4658 2096 4713 ab
2121 4657 2427 4727 huiusmodi
2455 4660 2601 4715 vitiis
2630 4660 2747 4715 sani
2779 4670 2906 4716 sunt
2933 4660 3189 4731 impacto.

533 4806 555 4839 ⁶
580 4806 724 4861 Psal.
760 4820 913 4872 xcut,
946 4804 1038 4858 20.
1112 4806 1134 4837 "
1180 4806 1312 4859 Dan.
1346 4821 1429 4869 ιιι,
1463 4807 1550 4862 19.
1624 4806 1647 4839 ⁸
1676 4807 1860 4863 Matth.
1885 4824 1982 4873 vn,
2014 4812 2071 4868 5.
2145 4813 2167 4843 ’
2200 4811 2391 4867 Matth.
2427 4828 2480 4878 v,
2509 4813 2602 4870 9.9.

1561 4958 1795 5016 VABL‘E
1841 4962 2227 5020 LECTIONES
2272 4963 2362 5020 ΕΤ
2402 4964 2635 5021 ΝΟΤᾸΞ.

534 5098 646 5170 (80)
696 5097 760 5170 :0
794 5094 1114 5152 πλὰσσων.
1154 5094 1256 5163 Qui
1291 5095 1484 5170 lingis,
1517 5094 1749 5170 reddidit
1773 5104 1925 5151 vetus
1954 5096 2034 5152 in-

465 5166 672 5240 terpres
695 5168 1049 5240 Psalmorum,
1083 5181 1243 5240 quem
1277 5176 1331 5220 et
1356 5166 1655 5240 Billiushic
1682 5178 1899 5240 secutus
1925 5178 2035 5240 est.

464 5236 651 5292 Puiavi
699 5240 809 5306 jam
854 5237 980 5291 olim
1002 5277 1015 5302 ,
1046 5237 1233 5306 potius
1262 5249 1415 5299 esse,
1449 5246 1509 5290 ut
1544 5237 1648 5306 ltoc
1692 5236 2035 5305 participium

466 5304 853 5378 conjungatttus
886 5322 1005 5361 cum
1036 5305 1242 5376 θρόνος,
1270 5307 1414 5359 sedes
1438 5322 1553 5378 qutg
1594 5304 1763 5377 ﬁngit,
1797 5307 1847 5360 itt
1884 5304 2037 5362 tertia

475 5374 716 5446 inquam,
755 5396 857 5431 non
889 5378 940 5430 itt
973 5374 1206 5446 secunda
1233 5374 1479 5446 persona.
1500 5374 1685 5446 BHT.

538 5444 607 5488 -'—-
638 5450 801 5501 [tecte
830 5447 1078 5517 supplent
1116 5445 1271 5517 codd.
1291 5444 1464 5517 Vatic_.
1487 5444 1590 5500 649
1625 5456 1679 5500 et
1702 5446 1811 5501 Alt.
1834 5462 1978 5501 vers.
2006 5448 2041 5500 9..

470 5531 587 5583 μηδι
619 5521 645 5570 ὁ
679 5513 1147 5570 πλάσσωννοοοιιι
1198 5516 1383 5569 κόπον.
1432 5513 1598 5569 Recte
1642 5518 1802 5570 etiam
1834 5533 1974 5572 vers.
2007 5518 2041 5571 5

470 5589 583 5639 Iuro
635 5588 883 5649 illorum,
918 5586 1021 5638 ὑπὸ
1084 5585 1181 5653 τῆς
1243 5585 1448 5639 ἐκεῖθεν
1507 5585 1690 5654 όμολ.,
1742 5598 1871 5649 clm,
1931 5591 2042 5641 hac

471 5658 746 5727 θχΙιιΙιριιιί
782 5657 923 5726 ὑπὲρ
956 5659 1173 5727 τῆςῌείς
1200 5655 1333 5707 Θεὸν
1360 5654 1665 5727 ὁμολογίας.
1690 5655 1899 5712 Possm.

544 5726 653 5796 (81)
695 5728 799 5779 Ἐν
824 5725 1029 5794 Ταϐρά.
1054 5725 1286 5797 Verbum
1314 5726 1485 5797 nihili.
1510 5725 1647 5779 Vero
1675 5727 1855 5793 lectio,
1878 5742 2038 5797 quant

475 5806 528 5853 et
552 5794 818 5866 interpres
839 5797 1119 5861 divinavit,
1142 5796 1283 5851 ltaud
1306 5794 1466 5852 dubie
1484 5797 1789 5866 suggeritur
1815 5813 1846 5853 tt
1877 5794 2035 5854 codd.

2148 5102 2271 5157 Vat.
2308 5104 2411 5158 649
2447 5112 2501 5157 et
2538 5103 2648 5157 Alt.
2675 5105 2767 5174 qui
2804 5106 2862 5158 ἐν
2893 5105 3083 5188 Γαϐᾶ-ἀ
3119 5106 3321 5229 legunt.
3351 5107 3504 5162 Vers.
3539 5107 3594 5173 6,
3628 5124 3725 5164 so-

2148 5172 2231 5225 lus
2261 5174 2382 5227 cod.
2416 5173 2537 5227 Vat.
2564 5174 2668 5229 649
2702 5214 2719 5229 .
2750 5190 2855 5229 non
2887 5175 3067 5229 πολλω
3096 5193 3162 5229 με
3188 5176 3332 5229 Coa;
3369 5182 3460 5229 sed
3508 5178 3724 5229 πολλῶν

2147 5172 2382 5247 luscod.
2416 5173 2537 5247 Vat.
2564 5172 2719 5247 649:,
2750 5190 2855 5247 non
2887 5175 3067 5247 πολλῷ
3095 5172 3332 5247 μείζους,
3369 5182 3460 5233 sed
3508 5172 3724 5232 πολλῶν

2150 5242 2389 5312 μείζους,
2429 5243 2606 5297 habet.
2649 5242 2803 5298 Vers.
2831 5244 2885 5309 8,
2912 5260 3012 5300 nec
3038 5242 3167 5300 λιι.
3201 5263 3299 5302 nec
3335 5247 3456 5301 Val.
3491 5250 3595 5303 649
3627 5266 3726 5313 ag-

2148 5323 2378 5388 noscunt
2407 5314 2622 5388 verbum
2676 5314 2971 5385 ἀνέὃησαν,
3014 5318 3109 5371 sed
3140 5320 3447 5385 praecedens
3491 5319 3729 5388 ὁμονοή-

2152 5396 2341 5458 σαντες
2368 5383 2751 5458 ἱιιᾼὸμονόησαν
2773 5383 3006 5450 mutant,
3031 5395 3085 5441 et.
3107 5383 3365 5442 continue
3389 5383 3729 5458 subiungunt

2150 5451 2266 5503 ἀλλ’
2304 5451 2530 5522 ἔμαθον,
2559 5451 2661 5508 etc.
2692 5453 2903 5512 Possm.

2220 5522 2331 5592 (εἳ)
2359 5522 2503 5588 Τοὺς
2527 5524 2745 5588 εὔνους
2768 5524 2932 5592 ἡμῖν.
2959 5524 3175 5581 Plenior
3198 5540 3282 5583 est
3302 5531 3421 5582 cod.
3456 5526 3514 5580 Β.
3540 5526 3725 5591 lect-io,

2146 5591 2272 5654 τοὺς
2304 5592 2562 5666 εύνοίκῶς
2593 5595 2723 5663 ἡμῖν
2758 5591 3158 5666 διακειμένους.
3180 5596 3327 5649 Ιῖιττ.

2215 5691 2285 5701 -
2316 5660 2472 5733 Vers.
2504 5665 2536 5716 6
2586 5660 2681 5733 pro
2712 5660 2956 5733 γένηταί
2980 5668 3138 5725 codd.
3171 5668 3349 5725 Vatic.
3394 5666 3503 5725 649
3530 5677 3585 5726 et
3611 5669 3727 5724 Alt.

2149 5730 2368 5797 habent,
2402 5730 2628 5801 γίνεται.
2657 5730 2869 5790 Possm.
3078 5784 3082 5787 Α
