3896 6404
214 343 321 408 249

1118 342 1654 405 EPISTOLARUM
1693 345 1842 407 LIB.
1885 345 1935 404 Ι.
2000 372 2043 381 -
2082 349 2320 411 EPIST.
2362 354 2563 412 XCIX.

3368 361 3475 426 250

212 461 302 514 δὲν
322 457 437 527 γὰρ
474 454 664 525 ἔτερόν
706 454 823 506 ἔστι
873 452 1178 522 φιλοσοφία,
1209 453 1244 524 ἦ
1281 453 1343 506 τὸ
1368 454 1587 517 πάντως
1616 453 1787 521 φιλεῖν

1907 456 2068 512 cians.
2105 457 2289 528 Neque
2311 462 2455 515 enim
2488 462 2633 516 aliud
2656 464 2953 534 quidquam
2976 476 3064 523 est
3105 469 3473 541 philosophia,

211 550 310 620 τίει
352 547 572 615 σοφίαν.
639 546 701 599 Εἰ
753 540 848 598 οὖν
888 545 1057 607 ὅντως
1115 544 1352 615 ἐραστὴς
1416 538 1559 597 εἶναι
1612 542 1793 612 βούλει

208 640 429 711 σοφίας,
478 638 581 709 τὴν
637 637 808 701 ὅντως
874 638 1066 706 ἀγάπα
1116 636 1332 705 σοφίαν,
1382 637 1445 689 ού
1500 636 1593 689 τὸν
1636 636 1791 705 λόγον

206 736 394 806 μόνον,
450 731 589 784 ἀλλὰ
629 731 725 783 καὶ
774 731 867 783 τὸν
926 730 1039 800 βίον
1083 728 1495 797 σεμνύνουσιν,
1549 727 1645 781 καὶ
1693 730 1795 799 τὴν

200 824 385 895 ἁληθῆ
418 822 720 895 θρησκείαν
742 822 1132 878 παιδεύουσαν.
1159 822 1262 877 Ἦν
1290 822 1400 893 γὰρ
1429 820 1592 883 αὐτὸς
1619 824 1793 890 ὲπαγσ

201 916 401 986 γέλλῃ,
448 916 546 969 καὶ
600 914 695 969 νῦν
741 915 1059 985 ὀφλισκάνει
1104 914 1339 984 γέλωτα,
1378 913 1642 985 θεότητας
1692 932 1796 968 κα-

200 1007 373 1061 λοῦσα
386 1008 492 1072 τὰς
520 1008 703 1079 πηγὰς
724 1010 820 1077 τῆς
842 1008 1219 1079 αίσχρότητος,
1251 1010 1347 1061 καὶ
1377 1010 1435 1061 ὲν
1460 1008 1538 1079 τῷ
1572 1010 1796 1079 μέλλον-

198 1117 253 1151 τι
279 1101 567 1171 τιμωρίαν
599 1100 778 1153 eam:
832 1100 1291 1172 [ἁσύγγνωστον],
1344 1101 1479 1154 ὅπου
1526 1117 1610 1153 σοι
1664 1102 1791 1165 τοὺς

200 1195 512 1256 Κωκυτοὺς
571 1194 666 1246 καί
711 1192 1214 1262 Πυριφλεγέθοντας
1268 1195 1297 1246 ὁ
1345 1193 1571 1246 Πλάτων
1627 1192 1792 1261 ἠπεί-

201 1285 268 1354 λη
280 1301 399 1339 τεν.

728 1376 845 1443 ι,Ζν.
884 1405 955 1418 -
987 1376 1277 1447 manus.

280 1514 456 1567 Κατὰ
492 1511 980 1579 Μακεδογιανῶν,
1014 1512 1147 1582 ἢτοι
1177 1513 1730 1585 Πνευματομάχων.

270 1626 396 1679 Ἵνα
423 1625 577 1698 δείξῃ
611 1626 709 1697 τὴν
764 1626 901 1698 πρὸς
944 1610 1135 1681 ἑαυτὸν
1168 1626 1262 1678 καὶ
1301 1626 1391 1679 τὸν
1438 1626 1664 1699 Πατέρα
1696 1626 1793 1681 τοῦ

1897 564 2059 617 quam
2083 551 2407 618 sapientiam
2442 556 2665 609 omnino
2706 571 2912 613 amare.
2947 558 3310 627 Quamobrem
3345 565 3392 619 si
3418 574 3478 620 tu

1898 655 2059 695 verus
2087 643 2366 710 sapientiae
2412 655 2626 699 amator
2664 660 2786 702 esse
2820 651 2994 719 cupis,
3036 666 3220 706 veram
3255 656 3478 724 sapien-

1901 733 2029 786 tiatn
2085 749 2205 787 ama
2268 752 2283 790 :
2344 750 2463 804 quae
2521 752 2627 791 non
2689 753 2995 796 sermonem
3052 744 3333 811 duntaxat,
3382 749 3478 802 sed

1897 825 2061 877 etiam
2114 823 2278 879 vitam
2328 836 2575 890 exornat,
2633 841 2697 882 ac
2738 844 2919 884 veram
2956 831 3271 902 religionem
3295 838 3474 891 docet.

1896 914 2032 968 Nam
2075 929 2161 982 ea,
2212 932 2372 985 quam
2423 932 2565 971 nunc
2610 920 2902 987 profiteris,
2948 934 3004 976 et
3049 940 3191 980 nunc
3250 927 3479 982 ridicula

1897 1013 2001 1069 est,
2035 1015 2094 1057 ut
2136 1021 2255 1075 qua:
2305 1008 2657 1062 obsvenitatis
2700 1008 2877 1065 l‘outes
2922 1012 3236 1070 divinitates
3277 1027 3431 1071 vocet
3459 1056 3477 1081 ,

1898 1105 1951 1150 et
1975 1097 2028 1150 in
2055 1097 2236 1151 futuro
2272 1113 2385 1151 aevo
2403 1099 2699 1154 cruciatum
2722 1102 2892 1157 venia:
2908 1113 3185 1171 expertem
3216 1106 3478 1173 parturit,

1901 1191 1987 1243 ubi
2022 1190 2227 1243 scilicet
2252 1190 2485 1259 Cocytos
2510 1192 2604 1245 tibi
2638 1208 2701 1246 ac
2732 1192 3153 1263 Phlegethontas
3183 1197 3335 1253 Plato
3371 1198 3477 1252 mi-

1899 1293 2058 1335 natus
2082 1293 2185 1337 85L

2359 1400 2565 1457 XCVII.
2586 1430 2657 1445 —
2685 1401 3014 1459 HYMETIO.

1935 1533 2130 1588 Contra
2160 1532 2591 1604 Macedonianos,
2630 1520 3002 1609 scufSpiritum
3046 1542 3437 1612 impugnantes.

1967 1648 2071 1718 31
2101 1649 2357 1705 Dominus
2385 1662 2439 1705 et
2465 1652 2625 1706 herus
2648 1665 2849 1718 noster,
2871 1664 2931 1707 ut
2952 1655 3279 1711 sanctissimi
3299 1655 3475 1725 Spiri-

203 1718 477 1786 παναγίου
549 1719 869 1788 Πνεύματος
901 1718 1115 1781 ἕνωσιν,
1161 1719 1189 1770 ό
1245 1718 1450 1788 Κύριος
1501 1720 1660 1790 ἡμῶν
1696 1720 1794 1774 καὶ

1907 1745 1987 1795 tus
2018 1755 2203 1794 secum
2227 1751 2420 1796 etcum
2444 1740 2604 1796 Patre
2626 1742 3060 1813 conjunctionem
3084 1748 3417 1812 ostenderet,
3441 1762 3475 1802 a

201 1810 508 1879 Δεσπότης,
532 1808 639 1879 ἔφη
658 1812 770 1872 τοῖς
797 1809 1064 1879 μαθηταῖς
1083 1809 1147 1861 ἐκ
1170 1809 1277 1861 τῶν
1294 1810 1503 1880 νεκρῶν
1528 1811 1788 1876 ἀναστὰς,
1828 1800 1871 1859 Β

208 1918 229 1950 ι
250 1898 466 1952 Λάϐετε
499 1898 725 1969 Πνεῦμα
756 1898 939 1967 ἅγιον.
961 1900 1061 1953 Ἀν
1086 1917 1246 1953 τινων
1278 1902 1452 1969 ἀφῆτε
1481 1903 1580 1967 τὰς
1611 1904 1793 1974 ἀμαρ-

200 1993 340 2055 τίας,
374 1992 631 2060 ἀφίενται
651 2009 668 2024 ·
702 2010 721 2043 ι
746 1995 814 2063 τῇ
838 1991 1093 2065 αύθεντίᾳ
1118 1994 1275 2065 δῆλον
1300 1996 1382 2047 ὅτι
1404 1989 1464 2048 οὗ
1486 1995 1794 2066 λαμϐάνετε

205 2085 343 2137 Πνεύ
354 2101 552 2153 ματος,
583 2082 678 2136 τοῦ
724 2082 922 2148 θεῖκῶς
946 2084 1056 2155 (95)
1104 2090 1413 2157 συγχωρεῖν
1441 2087 1511 2141 τὰ
1536 2089 1793 2159 ἁμαρτή-

206 2191 355 2243 ματα
382 2174 621 2245 ἔχοντος.

450 2291 575 2356 ur.
612 2322 681 2331 —
710 2290 1059 2362 ΦΡΟΝΤΙΝῼ
1092 2292 1199 2363 (96)
1230 2293 1543 2365 ΜΟΝΑΧῼ.

404 2405 547 2472 Περὶ
584 2404 692 2458 τοῦ
724 2405 1021 2472 ,λαϐόντος
1049 2407 1137 2471 εὶς
1166 2404 1283 2474 τὴν
1313 2408 1591 2476 σιαγόνα.

267 2519 337 2571 Εἰ
373 2517 558 2586 λόγοις
583 2517 853 2590 ἐτρώθης,
900 2519 999 2573 καὶ
1028 2520 1167 2591 πρὸς
1200 2520 1370 2600 ὀργὴν
1415 2520 1643 2591 ἄσχετον
1696 2521 1787 2585 ὲξ-

202 2610 469 2680 ηνέχθης,
498 2611 616 2673 πῶς
635 2610 863 2665 δύνασαι
884 2610 979 2664 τοῦ
1017 2612 1349 2666 Δεσποτικοῦ
1372 2614 1611 2684 ἐργάτης
1638 2613 1795 2682 γενέά

207 2700 334 2753 σθαι
366 2700 724 2770 ἀμπελῶνος;
776 2702 868 2754 τὸν
897 2701 1006 2775 γὰρ
1050 2703 1149 2773 τὴν
1205 2703 1335 2773 μίαν
1376 2705 1604 2773 σιαγόνα
1638 2704 1796 2757 παιό-

210 2810 397 2863 μενον,
466 2793 562 2846 καὶ
618 2792 718 2863 τὴν
785 2793 982 2864 ἑτέραν
1034 2794 1389 2864 προστιθέναι
1462 2795 1787 2865 δυνάμενον,

202 2885 417 2937 ἐκεῖνον
446 2879 587 2938 εἶναι
610 2882 873 2954 ὁρίζεται,
904 2882 1039 2957 [τὸν]
1062 2885 1123 2937 τὸ
1143 2884 1309 2956 βάρος
1333 2887 1432 2956 τῆς
1456 2886 1673 2956 ἡμέρας
1701 2885 1797 2939 καὶ

204 2977 296 3031 τὸν
342 2978 605 3031 καύσωνα
639 2978 901 3049 φέροντα,
939 2978 1016 3042 ὡς
1052 2980 1235 3032 πᾶσαν
1279 2978 1548 3049 ἐργασίαν
1578 2978 1681 3049 τῆς
1706 2980 1797 3032 ὲν-

204 3070 368 3140 τολῆς
416 3068 516 3122 τοῦ
558 3070 766 3141 Κυρίου
818 3070 1207 3142 πληρώσαντα.
1244 3071 1308 3124 Ei
1340 3065 1435 3124 οὖν
1471 3071 1643 3144 ὀρέγῃ
1688 3072 1801 3126 τῶν

1901 1842 2075 1889 morte
2107 1836 2175 1889 ad
2210 1836 2375 1890 vitam
2412 1837 2703 1902 excitatus,
2734 1839 3013 1908 discipulis
3045 1840 3202 1905 dixit,
3249 1858 3269 1891 ι
3305 1842 3468 1896 Acci-

1894 1928 2004 1995 pite
2052 1926 2314 1997 Spiritum
2368 1940 2639 1984 sanctum.
2695 1929 2937 1996 Quorum
2986 1930 3306 1987 remiseritis
3348 1944 3479 2000 pec-

1894 2028 2037 2085 cata,
2104 2022 2446 2075 remittantur
2503 2022 2623 2075 eis:
2657 2022 2715 2090 ,"
2749 2040 2770 2075 ι
2849 2022 3172 2077 auctoritate
3226 2023 3479 2079 videlicet

1894 2110 2032 2180 ejus,
2059 2126 2219 2182 quem
2255 2112 2519 2180 accipitis,
2553 2112 2809 2181 Spiritus,
2841 2113 2944 2177 hoc
2970 2112 3154 2169 divine
3207 2114 3481 2182 habentis,

1896 2215 1956 2259 ut
1988 2214 2211 2273 peccata
2254 2206 2511 2258 remittat.

2130 2317 2437 2372 XCVlll.—
2458 2318 2855 2374 PllllONTINO
2892 2318 3251 2375 MONACHO.

2120 2411 2194 2465 De
2220 2428 2279 2466 eo
2307 2414 2398 2483 qui
2426 2413 2635 2483 plagam
2658 2415 2713 2467 in
2731 2415 3005 2468 maxillam
3035 2417 3256 2481 accepit.

1972 2529 2028 2585 Si
2071 2529 2251 2584 verbis
2309 2530 2626 2585 vulneratus
2678 2544 2760 2595 es,
2813 2539 2975 2599 atque
3025 2530 3078 2585 in
3129 2530 3484 2600 impotentem

1898 2622 2233 2678 iracundiam
2259 2622 2755 2692 erupisti,quonam
2790 2631 2948 2691 pacto
2980 2622 3275 2676 Dominicae
3315 2622 3486 2677 vineae

1898 2718 2179 2786 operarius
2217 2715 2353 2772 eﬂici
2402 2724 2555 2786 potes
2590 2716 2677 2769 “7
2717 2715 2916 2770 etenim
2946 2729 3091 2780 eum,
3132 2713 3225 2783 qui
3266 2729 3390 2767 cum
3426 2714 3483 2767 in

1900 2824 2063 2863 unam
2103 2808 2381 2862 maxillam
2425 2808 2637 2871 feritur,
2674 2808 2900 2862 alteram
2938 2821 3154 2877 quoque
3191 2806 3489 2877 adjungere

1900 2910 2099 2970 potest,
2129 2900 2274 2955 hunc
2296 2915 2420 2955 esse
2452 2900 2665 2965 statuit,
2702 2900 2794 2969 qui
2833 2898 2938 2953 diei
2969 2899 3179 2968 pondus
3210 2908 3264 2952 et
3294 2907 3488 2950 aestum

1902 2990 2027 3055 fert,
2059 2999 2117 3044 ut
2146 2991 2237 3059 qui
2278 3004 2494 3043 omnem
2534 2988 2796 3043 Dominici
2836 2987 3074 3041 mandati
3102 2985 3473 3055 operationem

1901 3081 2217 3152 expleverit.
2260 3080 2439 3148 Quare
2478 3080 2524 3135 si
2574 3090 2627 3133 te
2664 3092 2983 3147 magnarum
3015 3076 3230 3130 illarum
3276 3088 3486 3129 merce-

208 3162 470 3232 μεγαλιη
505 3162 713 3232 μισθῶν
749 3161 1044 3236 [ὲκείνων],
1080 3163 1220 3234 πρὸς
1260 3164 1388 3228 τοὺς
1421 3166 1653 3236 ἥττονας
1699 3165 1796 3218 πό-

1907 3178 2029 3230 dum
2070 3173 2339 3242 cupiditas
2388 3180 2552 3237 tenet,
2594 3174 2663 3225 ad
2714 3170 2951 3224 minores
3004 3167 3217 3223 labores
3241 3167 3484 3221 animum

206 3270 336 3317 γους
356 3255 439 3323 μὴ
472 3253 620 3318 ἇλυε,
645 3253 784 3308 ἀλλά
812 3256 1064 3325 στέργειν
1088 3258 1216 3319 τοὺς
1246 3254 1503 3326 μείζονας
1524 3255 1691 3322 ἔθιζε,
1720 3256 1797 3320 ὼς

202 3346 308 3398 οὐκ
339 3346 517 3409 ἄλλως
564 3347 820 3417 δηνάριον
866 3347 1251 3419 κομιούμενος,
1288 3350 1340 3402 εί
1374 3349 1451 3421 μὴ
1495 3349 1680 3403 κόπων
1705 3366 1799 3403 τε·

206 3435 452 3509 λειότητι
483 3439 951 3510 μαρτυρούμενος.

526 3618 640 3685 aer.
676 3649 749 3658 —
773 3618 1066 3691 ΓεΑΑΣιᾳ
1096 3622 1307 3675 Δογιςι
1337 3621 1483 3693 (97)..

210 3708 353 3777 Περὶ
398 3710 840 3779 ὑπερηφανίας,
881 3711 982 3764 καὶ
1017 3711 1378 3782 ἀδυναμίας,
1423 3713 1523 3769 καί
1554 3715 1798 3772 οὐθενό-

901 3798 1105 3850 τητος.

284 3894 453 3957 Ἕθος
498 3895 620 3949 ἐστὶ
681 3895 794 3959 τοῖς
850 3893 1185 3964 ἀνθρώποις,
1225 3895 1275 3947 εί
1330 3894 1428 3949 καὶ
1465 3894 1576 3949 τῶν
1639 3894 1799 3952 θείων

210 3984 490 4054 ἀλλότριον
520 3984 723 4053 νόμων,
749 3985 899 4055 ὅμως
926 3984 1022 4037 ἐπὶ
1067 3984 1284 4048 πολλοῖς
1317 3983 1352 4054 ἢ
1389 3984 1559 4053 γένει,
1595 3984 1629 4056 ἢ
1666 4002 1801 4055 φρο-

215 4080 390 4146 νήσει,
426 4076 462 4147 ἢ
497 4078 711 4146 κτήσει,
754 4076 788 4147 ἢ
822 4075 1033 4139 κάλλει,
1066 4074 1101 4146 ἢ
1154 4075 1284 4147 ἀξίᾳ
1313 4074 1661 4152 ἐπαίρεσθαι.
1694 4076 1799 4131 Οὐ-

212 4168 304 4223 δὲν
328 4170 387 4222 δὲ
416 4169 617 4238 ὠφελεῖ
645 4169 784 4252 προς
806 4169 1191 4241 ὑπερηφανίαν
1218 4170 1419 4233 αὐτοὺς
1449 4170 1576 4233 τοὺς
1600 4171 1666 4223 ὲκ
1697 4169 1801 4240 τῆς

218 4260 323 4328 γῆς
344 4261 527 4324 ὖντας,
582 4261 680 4314 καὶ
709 4260 874 4315 πάλιν
923 4262 1062 4333 πρὸς
1109 4262 1280 4333 αὐτὴν
1332 4262 1797 4332 ὑποστρέφοντας.

216 4350 436 4402 Τούτων
463 4351 547 4403 ὃτι
578 4351 731 4404 οὐδέν
772 4368 855 4404 σοι
883 4356 945 4404 τὸ
978 4352 1203 4404 σύνολον
1241 4350 1558 4423 πρόσεστιν,
1589 4351 1700 4405 οὐδ’
1730 4350 1799 4410 ἂν

216 4442 381 4505 αὑτὸς
413 4443 732 4513 ἁρνηθείης.
766 4444 833 4496 Εἰ
865 4438 961 4496 οὖν
994 4443 1360 4496 πάντων-τῶν
1389 4444 1526 4515 πρὸς
1562 4442 1799 4515 ἔπαρσιν

221 4536 511 4601 φυσώντων
545 4535 861 4606 ὲστέρησαι,
893 4535 1158 4606 δυσγενὴς
1187 4535 1264 4590 ὢν
1310 4537 1408 4591 καὶ
1455 4538 1671 4607 πτωχὸς
1701 4537 1797 4593 καὶ

221 4625 441 4690 δύσνους
468 4628 567 4681 καὶ
601 4627 818 4699 ἰδιώτης
838 4626 1006 4700 [λίαν]
1041 4629 1137 4683 καὶ
1163 4628 1495 4700 δύσμορφος,
1515 4630 1570 4683 τί
1593 4629 1801 4702 [σοϐεῖς

221 4718 313 4772 διὰ
355 4721 452 4789 τῆς
496 4720 753 4794 πόλεως,]
806 4722 885 4786 ὡς
934 4723 1155 4776 πάντων
1195 4723 1592 4794 ἐπιδοξότερος,
1650 4722 1795 4796 [καὶ]

226 4810 429 4865 ’πολλῶν
448 4817 469 4835 ⁶
500 4814 639 4885 αὐτῇ
662 4816 787 4886 γίνῃ
816 4814 1061 4887 θορύσων
1092 4817 1368 4887 ἀρχηγός;
1402 4818 1474 4870 Ἣ
1493 4817 1663 4886 γνῶθι
1690 4818 1797 4873 τοί-

228 4920 321 4958 νυν
354 4907 563 4971 σαυτὸν,
602 4907 699 4961 καὶ
733 4908 1049 4980 σύμμετρον
1088 4909 1291 4979 κτῆσαι
1328 4909 1424 4963 τὸν
1463 4911 1667 4982 τρόπον
1691 4912 1794 4984 τῆς

310 5061 350 5092 ¹⁹
377 5059 530 5118 Joan.
563 5079 659 5131 xx,
688 5063 782 5133 22,
807 5064 901 5120 25.
972 5066 1018 5098 ³ο
1049 5064 1241 5122 Matth.
1269 5083 1364 5135 xx,
1400 5067 1427 5120 l
1467 5082 1625 5138 seqq.

1899 3265 2123 3319 minime
2147 3262 2389 3331 dejicias,
2421 3276 2609 3315 verum
2642 3261 2707 3315 ad
2741 3260 2974 3329 majores
3002 3258 3388 3329 amplexandos
3433 3266 3487 3312 te

1898 3370 2116 3420 exerce,
2180 3363 2240 3409 ut
2285 3355 2378 3425 qui
2439 3354 2640 3422 alioqui
2694 3353 2974 3405 denarium
3029 3352 3253 3405 minime
3296 3363 3486 3418 perce-

1897 3458 2089 3520 pturus
2111 3447 2211 3514 sis,
2229 3448 2336 3502 nisi
2358 3457 2410 3501 te
2434 3446 2648 3500 labores
2668 3445 2822 3515 plebe
2844 3442 3228 3513 cumulateque
3251 3440 3489 3496 subiisse

1896 3548 2136 3597 constet.

2284 3628 2469 3685 XCIX.
2489 3658 2559 3670 —
2580 3626 2878 3683 GELASIO
2916 3623 3096 3681 DUCI.

2088 3722 2169 3779 De
2196 3723 2439 3793 superbia
2467 3733 2515 3777 et
2544 3723 2853 3790 impotentia
2879 3736 2941 3773 ac
2964 3726 3287 3787 contemptu.

1968 3905 2065 3962 Est
2094 3904 2199 3961 hoc
2241 3904 2382 3975 apud
2432 3902 2630 3960 multos
2670 3902 2921 3957 homines
2979 3901 3033 3954 in
3081 3896 3475 3954 consuetudine

1898 3999 2159 4071 positum,
2192 3998 2298 4053 etsi
2322 3997 2524 4066 alioqui
2565 4012 2594 4050 a
2630 3995 2831 4051 divinis
2874 3994 3082 4064 legibus
3127 3993 3393 4058 alienum,
3427 3999 3490 4046 ut

1899 4100 1995 4146 aut
2020 4090 2254 4162 generis,
2278 4100 2373 4144 aut
2396 4088 2721 4158 prudentiae,
2754 4094 2847 4140 aut
2877 4100 3065 4155 Opunt,
3113 4093 3208 4138 aut
3239 4082 3485 4152 pulchri-

1900 4182 2127 4248 tudinis,
2178 4190 2272 4236 aut
2319 4181 2598 4251 dignitatis
2652 4179 2871 4233 nomine
2919 4177 3250 4247 glorientur.
3298 4173 3488 4241 Quan-

1900 4289 2063 4343 quam
2103 4272 2241 4327 nihil
2267 4271 2368 4326 hoc
2397 4271 2532 4339 ipsis
2569 4269 2638 4324 ad
2674 4267 2981 4339 superbiam
3019 4266 3267 4321 utilitatis
3303 4264 3486 4331 affert,

1901 4367 1993 4437 qui
2015 4379 2047 4420 e
2075 4374 2216 4420 terra
2240 4364 2345 4420 orti
2378 4372 2527 4427 sunt,
2560 4371 2614 4415 et
2646 4376 2837 4416 rursus
2862 4360 2931 4415 ad
2957 4375 3078 4415 eam
3112 4366 3483 4414 revertuntur.

1903 4458 2105 4513 Harum
2128 4465 2308 4510 autem
2333 4470 2513 4510 rerum
2547 4453 2746 4507 nullam
2781 4452 3004 4506 onmino
3039 4450 3135 4505 tibi
3173 4450 3372 4512 inesse,
3408 4461 3478 4502 ne

1901 4551 2020 4620 ipse
2042 4549 2260 4618 quidem
2294 4548 2507 4603 inﬁcias
2556 4546 2744 4601 iveris.
2776 4544 3039 4611 Quocirca
3076 4558 3199 4597 cum
3236 4540 3490 4596 omnibus

1902 4639 1987 4694 his
2011 4640 2195 4707 rebus,
2218 4655 2336 4709 quae
2366 4638 2645 4693 hominum
2682 4636 2896 4690 animos
2936 4634 3147 4697 inﬂant,
3188 4647 3251 4686 ac
3296 4645 3490 4700 super-

1900 4728 2000 4785 bos
2051 4738 2108 4783 et
2152 4729 2446 4784 insolentes
2484 4727 2736 4790 reddunt,
2779 4739 2969 4779 careas
3005 4724 3235 4794 (quippe
3282 4720 3374 4791 qui
3425 4728 3483 4775 et

1898 4821 2123 4892 ignobili
2163 4836 2362 4893 genere
2404 4821 2501 4886 sis,
2541 4826 2598 4874 et
2640 4832 2850 4888 pauper
2888 4826 2942 4871 et
2974 4814 3113 4871 tardi
3164 4812 3387 4885 ingenii,
3416 4818 3477 4866 et

1898 4912 2151 4970 indoctus
2198 4912 2487 4969 admodum
2539 4925 2605 4967 ac
2656 4907 2973 4978 deformis),
3016 4906 3169 4977 quid,
3228 4915 3488 4974 tanquam

1315 5222 1555 5278 VARUE
1602 5223 1993 5281 LECTIONES
2024 5222 2113 5278 ΕΤ
2157 5219 2401 5277 NOTAE.

296 5377 403 5444 (95)
441 5377 546 5433 Pro
572 5376 666 5433 τοῦ
694 5377 891 5442 θεῖκῶς
920 5379 1041 5434 cod.
1078 5380 1185 5432 Alt.
1217 5378 1339 5445 legit
1359 5378 1421 5432 τὸ
1444 5379 1660 5443 θεῖκῶς,
1692 5389 1797 5435 etc.

239 5442 395 5524 Fersn
409 5466 547 5524 vero
580 5450 678 5504 ult.
716 5450 877 5524 ambo
906 5450 1063 5503 codd.
1092 5450 1213 5503 Vat.
1241 5442 1345 5505 649
1367 5463 1423 5504 et
1450 5451 1561 5505 Alt.
1588 5442 1803 5521 ἔχοντος

242 5518 288 5568 in
318 5518 545 5583 διδόντος
574 5529 813 5575 vertunt.
845 5519 1055 5573 Possm.

302 5588 406 5658 (96)
434 5590 558 5644 Haec
589 5590 752 5657 epist.
782 5589 834 5642 in
859 5591 1017 5645 codd.
1052 5589 1175 5645 Vat.
1201 5590 1304 5645 649
1324 5599 1379 5644 et.
1400 5589 1511 5644 Alt.
1545 5590 1800 5646 inscribi-

247 5664 322 5731 tur
347 5676 443 5711 non
475 5660 749 5731 Φροντίνῳ
775 5703 787 5722 ,
821 5661 924 5731 sed
951 5659 1355 5731 Φροντωνιανῷ.
1402 5660 1560 5731 Vers.
1600 5661 1671 5731 ὅ,
1697 5661 1797 5731 τὴν

251 5726 361 5803 μίαν
390 5726 628 5803 σιαγόνα,
648 5726 787 5803 (ευὶί.Δ
806 5728 913 5803 Alt.
950 5726 1128 5803 habet,
1150 5735 1217 5803 τῇ
1249 5726 1348 5801 μιᾷ
1375 5730 1605 5803 σιαγόνι.
1639 5726 1795 5787 Vers.

250 5794 278 5849 5
298 5797 377 5851 τὸν
396 5794 634 5858 clausum
664 5800 881 5858 uncinis
911 5816 940 5856 a
963 5802 1084 5858 cod.
1115 5794 1225 5859 Ali}
1249 5794 1431 5858 'ab'cst.
1457 5794 1670 5858 Possm.

1982 5382 2095 5452 (97)
2128 5380 2181 5434 In
2214 5381 2369 5452 titulo
2404 5396 2507 5452 pro
2550 5378 2711 5452 Δουκί
2744 5378 2904 5452 codd.
2936 5375 3081 5452 δίιῑ.Δ
3117 5374 3221 5452 (ξιξ)
3263 5381 3318 5427 et
3369 5372 3483 5452 Alt.

1910 5445 2588 5522 habentAouxth.'Yers.
2611 5451 2647 5502 2
2681 5450 2839 5522 codd.
2870 5448 3033 5522 iidem
3065 5445 3171 5522 επὶ⁸
3195 5445 3485 5522 m_uta_n_t'in

1908 5522 2043 5575 ἐστί.
2083 5521 2238 5576 Vers.
2269 5523 2304 5576 5
2331 5513 2428 5591 pro
2457 5521 2514 5575 δὲ
2541 5523 2661 5576 cod.
2700 5519 2809 5591 Alt.
2860 5516 2970 5587 γὰρ
3003 5518 3299 5591 substituit.
3336 5513 3483 5568 ldem

1903 5606 2048 5645 vers.
2077 5592 2112 5663 8
2143 5585 2408 5663 δυσγενὴς
2460 5592 2512 5646 in
2536 5588 2822 5663 decrevi];
2852 5585 3141 5663 convertit.
3182 5585 3462 5663 Versnﬂse

1902 5661 2089 5733 quenti
2119 5651 2267 5733 quod
2301 5651 2498 5733 legitur
2533 5662 2585 5715 in
2641 5651 2823 5733 editis,
2854 5656 3009 5721 λίαν,
3141 5656 3301 5712 codd.
3354 5651 3481 5733 Viat.

1902 5726 2007 5786 649
2039 5740 2093 5785 et
2122 5726 2229 5787 Alt.
2278 5726 2383 5786 non
2413 5739 2709 5799 comparet.
2748 5729 2922 5799 lidetn
2955 5726 3113 5799 codd.
3152 5741 3296 5782 vers.
3324 5732 3480 5779 anto-

1899 5803 2102 5871 penult.
2125 5819 2224 5875 pro
2247 5801 2452 5875 χρυσοῦ
2496 5794 2686 5857 habent
2720 5795 2947 5872 χαλκοῦ.
2982 5794 3194 5855 Possm.
