3896 6404
377 324 480 389 251

1561 337 1621 398 S.
1669 337 1964 397 ISIDORI
1996 334 2462 402 PELUSIOTIEl

3521 337 3628 399 252

381 439 621 494 ninnium
667 443 973 499 mortalium
1013 444 1372 514 clarissimus,
1427 461 1520 517 per
1572 451 1762 504 urbem
1809 454 1991 510 inso—,

2073 447 2332 509 >ὐδενείας
2358 464 2475 511 σου,
2509 445 2542 517 ἢ
2575 445 2713 518 πρὸς
2765 444 2962 509 πόνους
2993 445 3087 499 καὶ
3137 445 3418 510 κινδύνους
3458 449 3638 518 παράο

383 535 577 598 lenter,
622 542 785 602 atque
819 536 1036 591 obvium
1083 553 1353 608 quemque
1400 537 1784 606 submovenda,
1831 554 1958 610 gra-

383 622 549 686 deris,
598 623 996 696 multorumque
1035 625 1136 696 ipsi
1186 627 1507 682 tumultuum
1557 642 1774 683 causam
1820 643 1958 696 prae-

384 713 512 766 bes?
565 714 925 780 Quamobrem
973 727 1068 772 aut
1125 727 1177 773 te
1220 720 1393 789 ipsum
1446 734 1628 784 nosce,
1677 735 1741 775 ac
1787 735 1962 775 mores

382 806 572 860 vilitati
628 818 728 862 tuae
813 821 1207 867 consentaneos
1250 812 1442 882 collige

1510 827 1525 867 :
1577 821 1672 868 aut.
1727 815 1988 868 adversus
2029 812 2241 868 labores
2287 822 2341 866 et
2388 812 2628 882 pericula
2701 820 2754 867 te
2809 811 3015 866 instrue
3062 828 3080 869 :

2055 539 2233 602 ταξαι,
2262 533 2344 601 οἷς
2380 555 2439 590 σε
2472 538 2525 590 οἱ
2560 538 2618 590 ἐν
2656 536 2883 608 δυνάμει
2910 537 3250 607 ἀμείψονται.
3284 538 3501 609 Χρυσοῦ
3534 541 3645 611 γὰρ

2058 631 2290 700 ἀπορεῖς
2319 629 2415 684 τοῦ
2439 629 2793 700 όμαλίζοντος
2819 628 3081 693 πολλάκις
3113 627 3215 695 τὰς
3244 629 3352 684 τῶν
3379 631 3646 703 περιστά-

2062 737 2198 773 σεων
2227 721 2321 773 καὶ
2354 719 2636 790 μαστίγων
2657 718 3026 790 τραχύτητας.

2177 792 2241 868 tes
2287 822 2341 866 et
2388 812 2628 882 pericula
2701 820 2754 867 te
2809 811 3015 866 instrue
3062 828 3080 869 :
3132 811 3329 882 quibus
3361 818 3413 866 te
3457 810 3516 875 ii,
3550 808 3644 879 qui

383 899 622 963 potentia
665 902 869 967 praediti
910 911 1061 966 sunt,
1101 906 1542 962 remunerabunt.
1594 905 1729 961 Nam
1795 921 1931 960 auro
1985 920 2162 973 cares,
2211 906 2354 978 quod
2410 906 2762 961 adversarum
2806 919 2986 961 rerum
3057 914 3113 961 et
3153 904 3444 976 ﬂagrorum
3479 920 3646 975 aspe-

287 1063 294 1068 _
386 989 573 1044 rilates
599 991 919 1062 plerumque
943 995 1130 1061 planas
1161 996 1357 1050 reddit.

815 1132 876 1189 C.
899 1163 968 1172 —
985 1131 1168 1189 SYRO
1206 1134 1523 1191 LECTORI.

876 1245 1073 1301 Contra
1105 1247 1452 1304 Novatianos.

458 1379 552 1432 Dic
599 1380 664 1432 ad
713 1379 992 1435 Novatiani
1039 1384 1312 1451 supercilii
1377 1384 1703 1453 discipulum
1750 1400 1766 1440 :
1820 1384 1960 1452 Quid

389 1477 642 1538 tanquam
729 1487 894 1540 purus
971 1474 1161 1528 stolide
1225 1474 1512 1542 gloriaris?
1587 1475 1724 1542 Quid
1777 1486 1829 1530 te
1877 1478 1962 1544 ip-

389 1577 507 1616 sum
583 1565 786 1632 peccati
845 1577 1122 1634 expertem
1197 1568 1471 1623 simulas?
1531 1569 1668 1634 Quid
1747 1579 1955 1623 natura:

387 1656 699 1709 societatem
756 1657 1052 1712 inliciaris?
1109 1658 1273 1714 Isaias
1329 1662 1660 1714 immundum
1716 1676 1777 1715 se
1833 1675 1954 1715 esse

386 1747 823 1816 prmdicat“"';
862 1750 1030 1804 David
1067 1767 1280 1806 omnem
1337 1753 1610 1808 hominem
1645 1753 1957 1807 mendacem

2406 1118 2486 1172 P'.
2521 1146 2593 1157 —
2619 1115 2799 1186 ΣΥΡῼ
2846 1113 3284 1184 ΑΝΔΓΝΩΣΤῌ.

2545 1230 2709 1285 Κατὰ
2735 1225 3149 1284 Ναυατιανῶν.

2135 1385 2269 1438 Εἰπὲ
2297 1384 2376 1455 τῷ
2409 1385 2624 1456 μαθητῇ
2651 1386 2752 1454 τῆς
2777 1383 3031 1438 Ναυάτου
3051 1381 3274 1454 ὀφρύος·
3304 1381 3371 1435 Τί
3391 1381 3645 1455 φρυάττῃ

2066 1477 2141 1542 ῶς
2167 1477 2425 1548 καθαρὸς,
2469 1477 2802 1546 άνοηταίνων
2833 1477 2972 1546 (98);
2997 1475 3063 1528 Τί
3090 1475 3478 1546 ἀναμάρτητον
3506 1492 3644 1529 σαυ-

2065 1571 2159 1624 τὸν
2191 1569 2486 1644 εἰρωνεύῃς
2523 1570 2587 1622 Τί
2634 1569 2773 1640 ἀρνῇ
2804 1570 2903 1638 τὴν
2942 1568 3040 1638 τῆς
3073 1567 3288 1637 φύσεως
3316 1566 3644 1631 κοινωνίαν;

2076 1663 2303 1726 Ἡσαΐας
2334 1662 2640 1733 ἀκάθαρτον
2671 1661 2861 1715 ἑαυτὸν
2889 1661 3222 1730 ἐξαγγέλλει·
3253 1659 3418 1713 Δαϐιδ
3461 1660 3648 1713 πάντα

2065 1753 2348 1823 ἄνθρωπον
2372 1754 2703 1824 ψευδόμενον
2732 1750 2862 1817 οἵδε,
2886 1753 2979 1806 καὶ
3009 1752 3220 1816 πάντας
3257 1754 3316 1804 ὲν
3342 1751 3648 1822 ἁμαρτίαις

385 1854 506 1893 esse
535 1842 779 1906 agnoscit
820 1841 886 1906 ’³,
918 1851 1080 1911 atque
1112 1858 1303 1897 omnes
1347 1844 1399 1896 in
1453 1845 1708 1912 peccatis,
1752 1853 1806 1899 et
1831 1860 1959 1898 con-

2073 1845 2160 1898 καὶ
2191 1845 2614 1913 συλληφθέντας,
2666 1845 2760 1898 καὶ
2819 1845 3140 1914 κυηθέντας.
3185 1843 3359 1905 Αὐτός
3414 1859 3474 1895 τε
3505 1841 3648 1904 Θεὸς

385 1939 594 1997 (περιος,
621 1942 673 1984 et
697 1931 749 1984 in
797 1931 972 1987 lucem
1022 1934 1196 1988 editos
1244 1935 1412 1990 fuisse
1460 1936 1528 1990 “.
1586 1937 1759 2004 Atque
1799 1936 1960 1990 etiam

388 2020 530 2073 Deus
561 2023 672 2090 ipse
705 2023 950 2078 homines
980 2025 1175 2079 mirum
1203 2027 1255 2078 in
1295 2028 1509 2080 modum
1549 2037 1604 2082 et
1638 2027 1824 2080 sedulo
1861 2027 1965 2080 im-

387 2113 640 2180 probitati
678 2114 922 2169 addictos
952 2131 1091 2180 esse,
1126 2131 1188 2170 ac
1227 2117 1342 2172 sola
1367 2117 1724 2172 humanitatis
1755 2117 1964 2171 miseri-

386 2205 568 2258 cordia
591 2205 832 2276 indigere
858 2208 953 2273 ait,
991 2208 1096 2277 32
1128 2218 1179 2261 et
1205 2219 1256 2262 tu
1285 2209 1533 2278 puritatis
1571 2211 1768 2263 fastum
1811 2224 1964 2263 arro-

385 2296 809 2366 ganterjactas?
848 2298 1208 2366 Quamobrem
1233 2312 1326 2354 aut
1360 2302 1579 2355 mentiri
1608 2301 1815 2367 desine,
1871 2310 1964 2356 aut

387 2402 453 2439 ex
480 2389 562 2442 his
588 2405 707 2458 quae
727 2391 844 2460 agis
870 2401 920 2446 te
949 2391 1160 2445 irrideri
1195 2401 1428 2458 constat,
1454 2394 1538 2449 vel
1566 2393 1742 2462 potius
1761 2392 1963 2464 ingenti

389 2478 685 2549 ignominia
718 2482 880 2537 atIici.

545 2591 714 2648 CL—
740 2594 1203 2653 THEOGNOSTO
1235 2596 1421 2654 Νονο
1455 2597 1807 2655 MONACIIO.

733 2707 984 2776 Oportere
1008 2727 1209 2780 semper
1225 2714 1456 2766 sobrium
1482 2729 1616 2769 esse.

459 2842 724 2900 Praeclare
779 2846 1013 2916 ligonem
1075 2850 1372 2920 arripuisti.
1432 2849 1699 2905 Praeclare
1752 2865 1840 2906 res
1895 2867 1962 2907 ex

388 2936 612 2987 materia
659 2947 965 3002 concretas,
1023 2947 1080 2993 ut
1129 2941 1546 3008 stnmgulantes,
1604 2941 1764 3010 fugis.
1816 2939 1960 2995 Prae-

384 3023 532 3078 clare
561 3025 625 3078 ad
655 3027 942 3083 sublimem
978 3040 1030 3084 et
1061 3033 1326 3085 excelsam
1370 3033 1534 3085 vitam
1563 3031 1808 3086 evolasti.
1836 3031 1963 3086 Per-

2062 1939 2188 2001 τοὺς
2217 1937 2583 2010 [ἀνθρώπους]
2617 1937 2896 2008 ἐπιμελῶς
2926 1935 3358 2009 προσκειμένους
3380 1937 3446 2005 τῇ
3479 1951 3646 2003 πονη-

2065 2029 2157 2101 ρίᾳ
2202 2028 2478 2098 γινώσκει,
2538 2030 2631 2084 καὶ
2674 2016 2976 2101 χρῄζοντάς
3009 2028 3174 2099 μόνου
3227 2025 3647 2096 φιλανθρωπίας

2063 2121 2235 2187 ἐλέου,
2294 2121 2390 2174 καὶ
2444 2121 2507 2174 σὺ
2553 2121 2856 2192 ἀλαζονεύῃ
2893 2120 3262 2191 καθαρότητος
3311 2117 3512 2186 τῦφονς
3565 2116 3649 2168 Ἦ

2062 2211 2270 2266 παῦσαι
2305 2213 2484 2266 τοίνυν
2513 2213 2864 2283 ψευδόμενος,
2917 2212 2949 2282 ἣ
2984 2211 3148 2283 φαίνῃ
3187 2210 3248 2275 ἐξ
3275 2201 3350 2264 ὧν
3379 2208 3648 2281 πράττεις

2061 2303 2444 2376 γελώμενος,ἢ
2479 2304 2677 2375 μᾶλλον
2716 2302 2956 2367 δυνατῶς
2993 2301 3409 2373 αἰσχυνόμενος.

2131 2607 2254 2661 PA'.
2294 2639 2364 2648 ——
2413 2608 2815 2682 ΘΕΟΓΝΩΣΤῼ
2865 2610 3158 2682 ΜΟΝᾹΧῼ
3198 2607 3566 2663 ΝΕΟΠΑΓΕΙ.

2343 2725 2485 2796 Περὶ
2513 2727 2620 2782 τοῦ
2654 2727 2784 2782 δεῖν
2813 2726 3072 2781 πάντοτε
3096 2725 3334 2796 νήφειν.

2133 2863 2327 2929 Καλῶς
2348 2863 2472 2934 ἥψω
2487 2863 2589 2933 τῆς
2611 2861 2843 2934 σμινύης
2866 2860 3144 2931 συντόμως
3167 2859 3298 2932 (99).
3316 2859 3514 2924 Καλῶς
3535 2859 3645 2932 τὴν

2063 2953 2195 3025 ’ύλην
2221 2953 2296 3017 ὼς
2349 2952 2760 3021 συμπνίγουσαν
2792 2949 3014 3018 φεύγεις
3038 2963 3051 2977 ·
3090 2947 3272 3010 καλῶς
3311 2947 3450 3020 πρὸς
3496 2945 3645 3016 ὑψη-

2061 3047 2159 3116 λὴν
2190 3046 2463 3099 πολιτείαν
2509 3044 2752 3114 ἐξέστης.
2804 3042 2979 3111 Στῆκε
3011 3040 3190 3094 τοίνυν
3237 3038 3526 3110 γρηγορῶν
3557 3037 3643 3101 ὡς

386 3117 512 3187 vigil
571 3119 772 3188 itaque,
830 3133 887 3176 ut
945 3124 1116 3186 miles,
1178 3126 1388 3188 incede,
1445 3141 1511 3179 ne
1561 3125 1683 3193 quis
1737 3140 1991 3207 somnus,

2073 3136 2308 3206 5πλίτης,
2343 3137 2416 3206 μή
2449 3153 2535 3198 τις
2572 3133 2738 3197 ὕπνος
2783 3132 3115 3205 παρεισέλθῃ
3154 3131 3372 3202 χαυνῶν
3419 3148 3500 3195 σε,
3535 3129 3643 3220 καλ

384 3211 632 3280 obrepat,
656 3215 746 3283 qui
781 3225 832 3269 te
857 3213 1068 3285 frangat
1103 3227 1157 3270 et
1200 3217 1461 3282 emolliat,
1503 3215 1782 3286 clypeique
1819 3215 1962 3283 abie-

2073 3228 2348 3300 ρίψασπιν,
2380 3227 2409 3279 ὃ
2441 3226 2517 3296 μὴ
2544 3225 2776 3294 γένοιτο,
2809 3224 2976 3296 δείξῃ.
3010 3224 3086 3277 Οὐ
3115 3223 3223 3295 γὰρ
3259 3221 3354 3278 τοῦ
3387 3219 3643 3294 Πονηροΰ

386 3316 594 3357 etorem
646 3321 708 3358 ac
765 3305 1067 3376 perfugam,
1100 3308 1242 3376 quod
1297 3309 1456 3370 absit,
1511 3308 1722 3364 reddat.
1778 3305 1963 3377 Neque

393 3400 540 3452 enim
583 3399 809 3467 improbi
847 3401 1017 3455 hostis
1042 3402 1403 3470 cogitationes
1434 3402 1745 3470 ignoramus
1769 3402 1842 3457 ’⁸.

715 3514 821 3571 Cll.
839 3547 908 3555 —
924 3516 1277 3572 TIMOTHEO
1316 3518 1636 3574 LECTORI.

389 3603 585 3658 Contra
616 3622 701 3660 eos
743 3607 832 3674 qui
865 3609 1260 3683 dic_nnt__Deum
1305 3628 1516 3676 passum
1556 3630 1689 3683 esse,
1712 3623 1761 3670 et
1803 3633 1963 3672 unam

799 3692 909 3732 esse
941 3681 996 3731 in
1032 3678 1240 3733 Christo
1279 3690 1544 3737 naturam.

459 3787 916 3854 Quemadmodum
949 3799 1126 3845 nautae
1156 3792 1371 3846 hamum
1407 3809 1528 3850 esca
1549 3796 1853 3862 occultant,
1897 3813 1962 3854 ac

388 3882 566 3949 pisces
622 3881 911 3952 improviso
976 3883 1234 3951 capiunt,
1283 3885 1472 3939 eodem
1523 3888 1681 3942 modo
1731 3889 1959 3957 improbi

389 3972 653 4026 ineresum
704 3971 1018 4029 defensores
1062 3976 1330 4029 sermonis
1381 3976 1647 4032 suavitate
1679 3994 1963 4048 perversae

388 4077 515 4117 suas
571 4063 870 4120 sententias
912 4068 1251 4136 obtegentes,
1310 4069 1664 4137 simpliciores
1717 4073 1962 4129 homines

387 4157 454 4208 ad
483 4166 706 4210 mortem
737 4165 993 4227 tanquam
1052 4161 1210 4214 hamo
1263 4161 1498 4228 quodam
1547 4164 1787 4233 capiunt.
1820 4165 1935 4230 Quo

388 4247 530 4300 circa
558 4249 704 4302 omni
755 4250 998 4304 custodia
1039 4266 1194 4305 serva
1227 4267 1322 4305 cor
1354 4262 1501 4306 tuum
1528 4255 1575 4285 "
1598 4296 1613 4320 ,
1647 4271 1713 4309 ne
1760 4256 1960 4310 Christi

389 4347 634 4392 naturam
667 4349 786 4407 post
809 4341 1232 4396 incarnationem
1281 4359 1488 4398 merum
1527 4346 1794 4400 duntaxat
1832 4363 1957 4415 spe-

2063 3320 2132 3374 τά
2158 3320 2405 3389 νοήματα
2429 3316 2751 3390 ἀγνοοῦμεν.

2339 3499 2462 3555 PB'.
2485 3529 2557 3541 —
2587 3498 2892 3567 ΤΙΜΟΘΕῼ
2923 3496 3361 3569 ΑΝΑΓΝΩΣἸᾘ.

2063 3612 2224 3667 Κατὰ
2255 3609 2713 3679 Θεοπασχητῶν,
2769 3607 2871 3661 καὶ
2913 3607 3032 3661 τῶν
3062 3607 3211 3675 μίαν
3245 3607 3344 3660 ἐπι
3375 3606 3640 3677 Χριστοῦ

2467 3681 2658 3750 φύσιν
2700 3679 2853 3732 εἶναι
2891 3679 3213 3748 λεγόντων.

2133 3797 2342 3864 Ὥσπερ
2388 3796 2438 3848 oi
2482 3793 2727 3848 ναυτικοὶ
2789 3791 3038 3863 βρώματι
3090 3790 3152 3844 τὸ
3204 3791 3396 3861 δέλεαρ
3459 3806 3640 3846 κατα-

2063 3889 2385 3960 κρύπτουσι,
2421 3887 2515 3940 καὶ
2549 3887 2674 3948 τοὺς
2706 3884 2893 3953 ἰχθύας
2918 3883 3248 3954 άπροόπτως
3280 3881 3636 3953 ἀγρεύουσιψ

2061 3979 2230 4042 οὕτως
2249 3979 2298 4031 οξ
2321 3977 2546 4047 πονηροὶ
2561 3976 2669 4028 τῶν
2685 3974 2948 4045 αἱρέσεων
2977 3974 3282 4044 σύμμαχοι,
3307 3975 3373 4044 τῇ
3397 3989 3642 4045 χρηστο-

2060 4071 2217 4142 λογίᾳ
2273 4070 2372 4132 τάς
2427 4069 2636 4121 ἑαυτῶν
2693 4066 2979 4129 κακονοίας
3018 4067 3409 4131 καλύπτοντες,
3467 4066 3639 4133 ἀγκι-

2064 4159 2347 4230 στρεύουσι
2381 4159 2506 4221 τοὺς
2549 4157 2950 4227 ἁπλουστέρους
3007 4157 3143 4228 πρὸς
3181 4155 3428 4209 θάνατον.
3473 4154 3638 4227 Πάσῃ

2060 4252 2238 4304 τοίνυν
2287 4251 2502 4321 φυλακῇ
2558 4251 2716 4319 τήρει
2771 4248 2870 4317 τὴν
2925 4247 3022 4319 σὴν
3078 4245 3326 4318 καρδίαν,
3389 4246 3464 4318 μή
3525 4263 3636 4299 που

2065 4344 2306 4415 [δόκησιν
2360 4341 2482 4414 τὴν]
2542 4341 2636 4395 τοῦ
2695 4340 2931 4411 Χριστοῦ
2988 4338 3149 4410 φύσιν
3200 4338 3278 4411 (1)
3332 4338 3470 4409 μετὰ
3523 4339 3631 4408 τὴν

390 4437 568 4483 ctrum
627 4445 748 4485 esse
791 4433 1000 4487 credas.
1058 4433 1383 4490 Alterutram
1445 4437 1587 4489 enim
1645 4438 1802 4504 tollit,
1861 4440 1991 4507 qui,

2073 4436 2338 4505 σάρκωσιν
2363 4433 2509 4506 δέξῃ.
2538 4431 2784 4501 Θατέρας
2812 4432 2918 4502 γάρ
2941 4432 3088 4484 ἐστιν
3117 4429 3399 4500 ἀναίρεσις
3423 4430 3457 4498 ή
3502 4429 3637 4498 περὶ

386 4536 548 4574 unam
609 4532 814 4577 tantum
862 4525 1192 4580 conﬁtetur:
1239 4541 1430 4597 nempe
1480 4527 1565 4582 vel
1611 4529 1787 4582 divina
1840 4500 1991 4585 ητα-1

2073 4499 2190 4597 una;
2221 4499 2488 4599 [τούτωνΪ
2525 4499 2924 4592 συγκατάθεσις
2947 4538 2960 4553 ⁸
2997 4522 3030 4593 ἢ
3067 4520 3167 4590 τῆς
3201 4499 3353 4584 θείας
3391 4520 3631 4590 τραπεί-

389 4617 496 4660 tata
530 4608 611 4662 vel
637 4620 815 4664 nostra
873 4611 1175 4666 imminuta.
1213 4612 1334 4667 Haec
1361 4623 1442 4668 est
1481 4613 1653 4669 Manis
1707 4615 1952 4686 Charyb-

384 4695 468 4747 dis
499 4711 593 4762 per
611 4712 772 4766 quam
803 4714 993 4755 omnes
1019 4701 1072 4755 in
1101 4701 1402 4772 gehennam
1443 4703 1749 4772 praecipites
1793 4719 1952 4773 agere

385 4789 609 4842 studuit.

2062 4636 2184 4687 σης,
2218 4619 2252 4690 ἢ
2294 4617 2391 4688 τῆς
2438 4615 2594 4686 ἡμῶν
2650 4613 2994 4685 μειωθείσης.
3035 4611 3182 4684 Α’ύτη
3247 4611 3342 4666 τοῦ
3374 4612 3634 4682 Μάνητος

2059 4712 2096 4779 ἡ
2123 4707 2416 4777 Χάρυϐδις,
2450 4706 2517 4760 δι’
2561 4699 2628 4778 ἦς
2655 4705 2862 4769 πάντας
2910 4706 2991 4769 εἰς
3027 4703 3254 4773 γέενναν
3289 4703 3635 4772 καταγαγεῖν

2061 4799 2382 4854 ἐσπούδασε.

453 4987 574 5018 ³⁸σό
599 4985 703 5043 lsa.
729 5002 806 5058 vr,
839 4988 895 5045 5.
969 4989 1019 5025 ³⁸
1048 4989 1190 5048 Psal.
1224 5008 1350 5061 τιν,
1391 4993 1478 5048 Η.
1555 4993 1603 5028 ’⁵
1631 4991 1779 5050 Psal-
1807 5011 1861 5060 ι.
1893 4994 1950 5051 7ο

2101 4994 2144 5050 ll
2170 4994 2296 5051 Cor.
2324 5009 2383 5062 II,
2418 4993 2504 5049 Η.
2580 4991 2626 5024 ³⁸
2658 4991 2819 5048 Prov.
2848 5007 2919 5057 tv,
2949 4990 3041 5046 9.3.

1473 5169 1712 5227 VARIA‘J
1747 5170 2134 5230 LECTIONES
2166 5169 2257 5227 ET
2306 5168 2537 5226 NOTAE.

455 5347 568 5415 (98)
600 5346 706 5420 Pro
731 5347 1063 5420 ἀνοηταίνων
1094 5347 1253 5403 codd.
1289 5347 1413 5420 vat.
1445 5347 1549 5405 649
1592 5358 1646 5404 et
1672 5348 1779 5420 Alt.
1822 5366 1947 5420 sng-

383 5417 980 5493 get'ut_tt,_&pa0taivtov.
1015 5416 1174 5473 Vers.
1207 5419 1410 5488 penult.
1468 5434 1567 5489 pro
1609 5419 1772 5493 φαίνῃ
1821 5416 1944 5477 cod.

384 5487 654 5574 Αιελὲεξεὶξ
682 5487 1088 5574 amvi-Passis-

467 5555 578 5624 (99)
611 5556 746 5610 Cod.
778 5555 896 5611 Vat.
933 5557 1036 5612 649
1058 5566 1112 5611 et
1135 5557 1241 5612 Alt.
1273 5556 1539 5621 συντόνως
1561 5559 1784 5614 malunt.
1809 5559 1940 5615 Cod.

385 5623 493 5701 Alt.
532 5641 669 5701 vers:
707 5629 740 5680 '6
771 5643 866 5695 pro
884 5627 1113 5701 ἐξέστης
1146 5628 1308 5683 habet
1335 5628 1666 5701 ὲξὲπτης,θι
1687 5645 1942 5700 vers.pc-

387 5696 523 5750 nuit.
557 5693 725 5763 δεῖξαι
757 5693 854 5768 pro
878 5697 1046 5768 δείξῃ.
1069 5693 1292 5753 Ῥοδδικ.

2122 5350 2198 5422 (1)
2222 5348 2428 5422 Verba,
2467 5350 2540 5420 μή
2579 5366 2680 5422 που
2715 5348 3070 5422 δόκησινίτην
3114 5349 3210 5404 τοῦ
3240 5348 3481 5420 Χριστοῦ
3506 5348 3624 5422 ίφύο

2049 5420 2154 5482 σιν,
2181 5420 2269 5475 sic
2292 5420 2482 5474 melius
2507 5420 2771 5475 exhibent
2822 5420 2980 5475 codd.
3027 5420 3206 5474 Vatic.
3251 5422 3353 5476 649
3395 5432 3449 5474 et
3488 5420 3624 5482 ΑΙι..

2051 5492 2246 5560 μήπως
2290 5489 2418 5558 μίαν
2452 5489 2688 5560 Χριστοῦ
2739 5490 2899 5558 φύσιν
2944 5490 3083 5559 μετά
3129 5491 3250 5560 τὴν,
3307 5502 3412 5544 etc.
3472 5488 3630 5557 Quod

2045 5559 2190 5614 vers.
2223 5574 2339 5628 scq.
2373 5568 2551 5614 exstat
2579 5559 2807 5624 τούτων,
2840 5561 2908 5614 ab
2943 5559 3298 5628 ulroqueisto
3326 5562 3483 5614 abest
3525 5574 3627 5614 σοι

2046 5629 2186 5691 dice,
2225 5630 2312 5698 qni
2348 5641 2403 5695 et
2440 5630 2771 5684 conveniunt
2800 5631 2852 5683 in
2902 5629 3176 5698 mutando,
3210 5645 3370 5688 versu
3405 5630 3621 5696 ultima,

2049 5697 2376 5769 καταγαγεῖν
2405 5699 2456 5755 in
2487 5699 2862 5756 κατασπάσαι.
2899 5697 3112 5757 Possm.
