3896 6404
994 396 1219 452 CVll—
1244 394 1470 451 EIDEM.

788 511 868 568 De
894 512 1341 568 Testamentorum
1366 512 1669 568 concordia.

514 622 749 690 Nullam,
783 638 817 678 ο
851 624 1040 689 amice,
1064 624 1373 694 dogmatnm
1407 625 1706 678 novitatem
1740 622 1833 677 Dei
1853 621 2024 678 Filius

438 715 545 787 legi
591 731 656 772 ac
697 716 979 787 prophetis
1014 718 1267 773 induxit:
1308 731 1495 772 verum
1528 717 1614 784 iis,
1646 732 1766 786 quae
1787 717 1917 771 olim
1957 718 2025 770 de

444 809 561 875 ipso
584 808 839 875 praedicta
870 808 1105 874 fuerant,
1144 808 1309 863 ﬁnem
1358 809 1615 880 imposuit
1647 810 1714 864 '°.
1743 810 1822 864 Ac
1865 824 2024 879 pror-

442 913 555 963 sus,
582 899 627 953 si
659 898 828 957 Vetus
857 898 1270 954 Testamentum
1306 910 1513 956 attento
1552 901 1737 959 animo
1779 902 2025 965 evolvas,

442 990 624 1044 omnia
673 1005 793 1060 quae
843 990 992 1045 Novo
1052 990 1401 1047 Testamento
1454 995 1820 1056 continentur,
1857 993 1909 1047 in
1959 1006 2026 1047 eo

450 1083 743 1149 praedicata
801 1098 922 1138 esse
989 1084 1311 1152 comperies.
1382 1083 1746 1150 Quamobrem
1808 1082 1875 1138 iis
1930 1082 2023 1153 qui

439 1174 547 1245 iegi
599 1175 981 1230 inniteliantur
1027 1175 1284 1245 viamque
1329 1189 1524 1229 novam
1577 1184 1633 1228 et
1686 1174 2025 1246 peregrinam

443 1266 806 1336 evangelicam
846 1266 1148 1320 doctrinam
1181 1280 1305 1322 esse
1349 1265 1778 1327 arbitrabantur,
1803 1280 1870 1319 ex
1894 1264 2028 1333 ipsis

446 1354 579 1421 legis
618 1358 817 1423 verbis,
843 1358 1158 1426 dogmatum
1202 1357 1393 1428 gratiae
1446 1358 1732 1412 veritatem
1764 1356 2025 1412 declarat.

439 1444 642 1515 Sicque
678 1447 945 1502 internam
1000 1448 1287 1518 utriusque
1319 1446 1652 1511 Testamenti
1679 1446 2027 1513 concordiam

446 1538 725 1593 videbunt.

621 1650 780 1709 CVIII
801 1682 874 1692 —
890 1649 1310 1709 PROIERESIO
1350 1648 1848 1709 SCHOLASTICO.

974 1763 1049 1818 De
1079 1764 1280 1818 vivente
1318 1762 1492 1817 verba.

515 1875 834 1931 Orationum
890 1875 1204 1945 congeriem
1260 1876 1452 1940 habes,
1492 1883 1553 1929 ut
1616 1873 1800 1937 audio,
1834 1872 2033 1943 quibus

444 1983 609 2023 aures
637 1968 856 2037 quidem
922 1967 1281 2033 oblectamur,
1318 1966 1533 2021 animus
1587 1974 1767 2020 autem
1811 1963 2034 2020 minime

448 2061 631 2116 alitur.
657 2063 724 2115 At
744 2061 836 2116 tibi
864 2062 985 2115 vivo
1015 2074 1269 2116 sermone
1296 2074 1431 2129 opus
1461 2067 1579 2113 est:
1602 2072 1711 2128 quo
1733 2057 1824 2126 qui
1858 2063 2029 2122 caret,

448 2154 585 2208 nihil
604 2155 748 2209 aliud
770 2165 1030 2225 estquam
1063 2152 1371 2225 cymbalum
1403 2152 1642 2207 tinniens
1669 2151 1737 2205 ³⁷.
1762 2149 2033 2218 Quocirca

443 2248 493 2301 si
524 2262 646 2301 eum
691 2249 913 2312 insuper
941 2245 1239 2316 acceperis,
1291 2259 1552 2300 canorum
1591 2258 1656 2299 ac
1688 2258 1855 2299 suave
1873 2257 2037 2315 orga-

446 2356 577 2396 num
615 2341 748 2404 eris,
785 2339 1003 2409 Deoque
1035 2347 1089 2394 et
1122 2338 1436 2394 hominibus
1469 2338 1818 2393 concinnum.

702 2454 818 2511 CIX
842 2484 910 2496 -
926 2451 1386 2510 MARATHONIO
1427 2452 1779 2511 MONACHO.

484 2548 679 2604 Contra
711 2547 1123 2603 Macedonianas
1155 2564 1247 2603 seu
1295 2546 1552 2617 Spiritum
1598 2548 1991 2618 impugnantes.

518 2643 653 2701 Cum
701 2640 842 2697 Deus
858 2649 913 2696 et
942 2638 1197 2696 Salvator
1226 2649 1412 2694 noster
1438 2639 1600 2694 homo
1632 2639 1812 2694 factus
1856 2638 2035 2708 Spiri-

450 2735 613 2790 ritum
660 2743 908 2789 sanctum
960 2731 1197 2788 divinam
1236 2730 1561 2787 Trinitatem
1606 2728 1881 2799 complere
1927 2728 2037 2803 34

450 2828 755 2893 tradiderit,
789 2837 953 2897 atque
983 2826 1037 2880 in
1066 2825 1240 2880 sancti
1267 2823 1521 2895 baptismi
1556 2822 1901 2879 invocatione
1930 2838 2035 2877 una

448 2936 572 2975 cum
634 2919 794 2974 Patre
823 2934 889 2975 ac
942 2917 1100 2983 Filio,
1134 2926 1390 2986 tanquam
1429 2932 1459 2971 a
1491 2916 1733 2986 peccatis
1775 2914 2034 2981 liberans,

450 3023 787 3077 numeretur,
815 3022 870 3068 et
898 3013 951 3068 in
981 3011 1205 3083 mystica
1240 3025 1425 3066 mensa
1449 3024 1789 3065 communem
1818 3025 2034 3078 panem,

1665 283 1726 372 S.
1763 282 2057 345 ISIDORI
2096 280 2535 343 PELUSIOTIE

2052 400 2099 456 Α

3600 277 3704 340 256

2622 392 2742 446 PZ'.
2767 419 2836 432 -
2872 390 2962 460 τι)
2997 390 3205 463 arm.

2304 507 2446 577 Περὶ
2481 507 2591 576 τῆς
2640 504 2760 559 τῶν
2795 507 3105 561 Διαθτικῶν
3139 505 3515 576 συμφωνίας.

2196 623 2509 694 Καινότητα
2558 622 2880 693 δογμάτων,
2919 616 2965 675 ὦ
3008 620 3235 692 φιλότης
3259 661 3276 687 ,
3325 621 3585 693 οὐδεμίαν
3633 620 3708 694 τῷ

2126 716 2277 788 νόμῳ
2328 716 2425 770 καὶ
2474 717 2588 779 τοῖς
2642 715 2952 786 προφήταις
2999 715 3027 767 ὁ
3070 712 3164 768 τοῦ
3199 714 3334 768 Θεοῦ
3370 715 3498 781 Υίὸς
3525 716 3709 770 ἐπεισ-

2125 809 2331 879 ήγαγεν
2354 808 2453 879 (6),
2486 806 2623 860 ἀλλά
2647 809 2757 871 τοῖς
2784 806 2955 861 πάλαι
2993 804 3123 876 περὶ
3154 806 3321 859 αὐτοῦ
3349 806 3709 877 προφανθεῖσι

2125 901 2186 956 τὸ
2214 900 2388 972 πέρας
2417 899 2672 971 ἐπέθηκε.
2693 899 2805 953 Καὶ
2831 900 3049 963 πάντως
3071 899 3337 970 νουνεχῶς
3354 899 3450 972 τήν
3470 900 3711 955 Παλαιὰν

2125 990 2509 1055 ἀναπτύσσων,
2526 989 2706 1043 πάντα
2736 990 2805 1043 τὰ
2831 991 2930 1059 τῆς
2950 990 3097 1052 Νέας
3125 990 3184 1042 ὲν
3210 989 3347 1060 αὐτῇ
3370 988 3713 1061 κηρυχθέντα

2126 1081 2399 1153 εὑρήσεις.
2436 1080 2562 1143 Τοῖς
2603 1080 2784 1133 τοίνυν
2832 1079 2926 1131 ἐπὶ
2961 1077 3043 1149 τῷ
3077 1079 3229 1150 νόμῳ
3275 1079 3711 1151 ὲρηρεισμένοις,

2127 1171 2223 1227 καὶ
2254 1171 2412 1242 ξένην
2448 1171 2565 1226 ὁδὸν
2608 1171 2709 1242 τὴν
2751 1170 3115 1242 εὐαγγελικὴν
3166 1170 3456 1242 οἰομένοις,
3491 1171 3561 1224 ὲκ
3607 1171 3715 1225 τῶν

2127 1262 2223 1318 τοῦ
2250 1263 2418 1335 νόμου
2452 1263 2734 1334 ῥημάτων,
2770 1263 2879 1316 τῶν
2923 1264 3023 1334 τῆς
3049 1264 3271 1335 χάριτος
3298 1264 3590 1333 δογμάτων
3618 1266 3716 1334 τήν

2129 1356 2388 1429 ἀλήθειαν
2432 1357 2635 1427 τρανοῖ.
2666 1354 2778 1408 Καὶ
2814 1354 3037 1424 ὄψονται
3081 1355 3258 1419 οὕτως
3286 1354 3433 1428 [τὴν]
3479 1355 3718 1426 ἀμφοτέ-

2133 1465 2244 1509 om
2266 1447 2379 1507 τῶν
2404 1446 2688 1507 Διαθοκῶν
2717 1447 3024 1503 ἐνδιάθετον
3053 1449 3400 1520 συμφωνίαν.

2342 1652 2474 1709 Pll'.
2500 1681 2570 1691 —
2590 1651 2998 1723 ΠΡΟΑΙΡΕΣΙῼ
3036 1651 3498 1724 ΣΧΟΛΑΣΤΙΚῼ.

2537 1766 2679 1835 Περὶ
2718 1766 2825 1821 τοῦ
2863 1764 3081 1835 ζῶντος
3116 1770 3328 1837 λόγου.

2204 1881 2396 1951 Λόγων
2430 1882 2572 1953 ἔχεις
2609 1882 2948 1955 συναγωγὴν,
2977 1883 3053 1948 ὼς
3085 1882 3345 1955 μανθάνω
3365 1924 3381 1947 ,
3412 1885 3586 1957 ἀκοὴν
3620 1887 3717 1957 μὲν

2134 1975 2465 2046 τερπόντων,
2486 1975 2583 2047 τὴν
2612 1976 2667 2029 δὲ
2692 1975 2870 2046 ψυχὴν
2897 1976 2956 2029 οὐ
2985 1976 3320 2048 τρεφόντων.
3339 1976 3515 2045 Λόγου
3544 1976 3604 2030 δὲ
3625 1977 3718 2031 τοῦ

2135 2066 2337 2132 ζῶντός
2388 2084 2469 2120 σοι
2521 2067 2621 2134 δεῖ,
2669 2061 2730 2120 οὐ
2762 2070 2789 2121 ὁ
2825 2067 3077 2139 χηρεύων
3123 2068 3401 2139 κύμϐαλον
3447 2068 3719 2133 ἀλαλάζον

2134 2159 2301 2215 ὲστίν.
2335 2160 2398 2212 El
2453 2160 2630 2215 τοίνυν
2678 2161 2885 2214 ἐκεῖνον
2932 2159 3291 2232 προσλάϐοις,
3341 2161 3578 2234 ὄργανον
3623 2161 3721 2234 ἔσῃ

2132 2252 2473 2324 ήδύφθογγον
2499 2253 2592 2306 καὶ
2621 2252 2740 2324 Θεῴ
2769 2254 2863 2307 καὶ
2887 2250 3199 2325 ἀνθρώποις
3224 2253 3587 2325 εὐάρμοστον.

2435 2458 2558 2514 eo.
2580 2488 2653 2503 -
2672 2457 3075 2530 ΜΑΡΑΘΩΝΙῼ
3111 2459 3430 2531 ΜΟΝΔΧῼ.

2208 2552 2372 2606 Κατὰ
2405 2550 2894 2618 Μακεδονιανῶν,
2933 2551 3067 2621 ἤτοι
3104 2553 3654 2623 Πνευματομάχων.

2210 2643 2273 2697 Et
2305 2648 2333 2699 ὁ
2369 2644 2503 2709 Θεὸς
2550 2644 2644 2699 καὶ¹
2691 2644 2885 2716 Σωτὴρ
2930 2639 3089 2716 ήμῶν
3115 2645 3552 2717 ὲνανθρωπήσας
3583 2665 3723 2720 παρα

2138 2735 2308 2795 ἔδωκε
2362 2737 2821 2808 συμπληρωτικὸν
2862 2733 3004 2791 εἶναι
3053 2737 3154 2808 τῆς
3191 2738 3344 2802 θείας
3392 2740 3626 2810 Τριάδος
3665 2742 3724 2793 τὸ

2139 2829 2406 2897 πανάγιον
2452 2830 2696 2900 Πνεῦμα,
2733 2830 2827 2887 καὶ
2873 2830 2933 2883 ὲν
2983 2833 3051 2902 τῇ
3096 2831 3382 2903 ἐπικλήσει
3430 2832 3527 2886 τοῦ
3571 2833 3724 2901 ἁγίου

2143 2920 2519 2991 βαπτίσματος
2554 2923 2653 2976 σὺν
2680 2921 2855 2994 Πατρὶ
2885 2922 2982 2975 καὶ
3019 2922 3133 2994 Υίῷ
3164 2922 3243 2989 ὼς
3272 2923 3595 2996 ἐλευθεροῦν
3623 2923 3727 2978 τῶν

2141 3014 2447 3086 ἁμαρτιῶν,
2480 3014 2903 3087 ἀριθμούμενον,
2938 3015 3035 3070 καὶ
3064 3016 3158 3069 ἐπὶ
3204 3016 3304 3086 τῆς
3327 3016 3612 3088 τραπέζης
3632 3015 3728 3085 τῆς

450 3105 730 3175 μιιριιὶιιιιι
757 3103 1150 3159 incarnationis
1204 3102 1373 3171 ipsius
1411 3115 1616 3169 corpus
1659 3102 1871 3167 reddat,
1909 3101 2038 3171 quid

2150 3107 2417 3176 μυστικῆς
2445 3105 2537 3160 τὸν
2568 3108 2733 3177 ἄρτον
2757 3108 2850 3160 τὸν
2877 3106 3077 3172 κοινὸν,
3104 3107 3266 3179 σῶμα
3308 3108 3474 3163 ίδικὸν
3502 3108 3606 3179 τῆς
3638 3108 3728 3161 αὐ-

451 3206 533 3264 ιν,
562 3211 596 3251 o
627 3210 826 3251 vesane
857 3204 1019 3264 atque
1039 3194 1291 3258 attonite,
1324 3208 1445 3248 eum
1476 3193 1739 3263 quiddam
1773 3192 2039 3248 factitium

449 3298 544 3340 aut
566 3296 833 3354 creatum,
864 3295 957 3339 aut
982 3285 1196 3341 servilis
1236 3295 1473 3349 naturae,
1502 3297 1567 3339 ac
1622 3300 1726 3339 non
1768 3284 1957 3339 herilis
1988 3295 2042 3340 et

452 3378 764 3444 eﬂectricis,
784 3392 848 3432 ac
872 3378 1035 3448 regia:
1063 3378 1317 3432 essentiae
1374 3385 1688 3447 cognatum,
1722 3386 1777 3431 et
1806 3378 2044 3433 consub-

453 3472 763 3526 stantialem
794 3471 1059 3541 Spiritum
1102 3460 1364 3529 sanctum
1413 3483 1537 3524 esse
1564 3468 1769 3524 doces?
1806 3467 1941 3522 Nam
1997 3469 2043 3523 si

454 3580 646 3621 servus
708 3573 814 3629 est,
868 3579 991 3621 cum
1034 3562 1266 3617 Domino
1317 3562 1542 3621 minime
1596 3573 1935 3617 numeretur.
1985 3561 2044 3617 Si

454 3664 673 3717 creatus
734 3662 840 3719 est,
892 3668 1016 3707 eum
1060 3650 1325 3707 Creatore
1371 3651 1597 3705 minime
1659 3651 2042 3722 coniungatur.

453 3746 673 3801 (lumen
695 3760 857 3816 porro
886 3742 1167 3813 c0pulatus
1223 3757 1285 3797 ac
1322 3752 1637 3796 numeratus
1663 3753 1767 3806 est,
1800 3744 2047 3813 quando-

455 3840 673 3906 quidem
736 3846 928 3894 exacto
986 3836 1294 3906 ltnjusmodi
1350 3851 1531 3891 rerum
1586 3838 1795 3893 doctori
1824 3838 2045 3894 Christo

458 3932 617 3991 Iidem
639 3930 900 3985 adhibere
926 3930 1203 3993 convenit,
1232 3929 1298 3983 de
1349 3938 1540 3984 natura
1575 3939 1726 3984 certo
1773 3930 1988 3986 docenti
2026 3949 2042 3986 :

451 4021 557 4075 etsi
595 4021 689 4076 tibi
716 4034 875 4075 secus
903 4019 1170 4084 videatur,
1211 4020 1528 4087 sapientiori
1563 4020 1772 4076 scilicet
1802 4022 1944 4089 viro,
1975 4037 2043 4078 ac

460 4112 649 4181 majori
703 4111 1007 4166 caelestium
1058 4126 1241 4167 rerum
1279 4112 1591 4180 cognitione
1642 4112 1935 4181 praaditum
1990 4123 2047 4170 te

456 4220 580 4259 esse
599 4202 854 4272 iactanti,
874 4204 981 4267 vel,
1012 4212 1070 4256 ut
1097 4203 1300 4259 rectius
1326 4202 1541 4274 loquar,
1574 4204 1841 4271 adversus
1872 4205 2044 4261 Deum

457 4296 801 4365 impudenter
826 4294 1130 4365 iargutanti.

801 4408 893 4465 CX
914 4439 986 4449 —
1007 4407 1312 4469 CRATONI
1341 4407 1699 4465 MONACHO.

2144 3196 2239 3249 τοῦ
2273 3195 2605 3267 σαρκώσεως
2636 3198 2937 3265 ἀποφαῖνον
2974 3197 3051 3268 (7)
3079 3213 3093 3227 '
3146 3199 3265 3263 πῶς
3297 3199 3597 3266 διδάσκεις,
3630 3201 3728 3272 ὲμ-

2146 3288 2430 3359 ϐρόντητε,
2462 3290 2704 3355 ποιητὸν,
2734 3290 2768 3362 ἢ
2817 3290 3058 3356 κτιστὸν,
3087 3290 3124 3361 ’ἢ
3160 3290 3263 3362 τῆς
3287 3291 3483 3363 δούλης
3515 3293 3729 3362 φύσεως

2146 3375 2307 3443 εἶναι,
2340 3378 2458 3434 ἀλλ’
2488 3379 2550 3431 οὐ
2583 3382 2684 3451 τῆς
2715 3378 3065 3450 δεσποτικῆς,
3110 3379 3202 3433 καὶ
3231 3379 3595 3453 δημιουργοῦ,
3635 3382 3731 3437 καὶ

2148 3469 2417 3541 βασιλίδος
2454 3470 2643 3535 οὐσίας
2684 3471 2945 3541 συγγενὲς
2969 3472 3064 3526 καὶ
3094 3471 3381 3543 ὀμοούσιον
3414 3473 3475 3526 τὸ
3507 3474 3727 3545 Πνεῦμα

2144 3562 2208 3616 τὸ
2244 3562 2435 3631 ἆγιον;
2488 3564 2553 3615 ΕΞ
2582 3561 2690 3633 γὰρ
2718 3562 2928 3629 δοῦλον,
2966 3561 3041 3634 μὴ
3068 3562 3409 3634 ἀριθμείσθω
3457 3564 3602 3634 μετά
3637 3563 3729 3619 τοῦ

2146 3652 2439 3713 Δεσπότου.
2459 3654 2571 3707 Καὶ
2596 3652 2695 3728 [εἰ]
2718 3653 2945 3724 κτίσμα,
2972 3653 3047 3725 μὴ
3072 3653 3381 3723 συγκείσθω
3397 3654 3475 3725 τῷ
3502 3654 3728 3725 Κτίστῃ.

2148 3744 2392 3801 ἼΙνωται
2415 3745 2473 3798 δὲ
2500 3746 2595 3798 καὶ
2623 3745 3049 3817 συνηρίθμηται,
3076 3744 3262 3816 ἐπειδὴ
3285 3745 3363 3817 τῷ
3384 3747 3610 3818 ἀκριϐεῖ
3626 3746 3731 3800 τῶν

2146 3836 2404 3889 τοιούτων
2467 3836 2807 3909 δογματιστῇ
2861 3836 2940 3907 τῷ
2992 3837 3217 3909 Χριστῷ
3265 3837 3553 3893 πείθεσθαι
3604 3839 3728 3909 χρὴ,

2148 3926 2409 3997 ἀσφαλῶς
2437 3928 2506 3981 τὰ
2544 3928 2674 3999 περὶ
2704 3928 2806 4000 τῆς
2838 3927 3046 3993 οίκείας
3083 3929 3273 3993 οὐσίας
3310 3928 3648 3984 διδάσκοντι·
3683 3929 3731 3981 εί

2147 4019 2242 4073 καί
2277 4037 2359 4073 σοι
2394 4019 2468 4092 μὴ
2496 4020 2661 4085 δοκεῖ,
2689 4020 2768 4092 τῷ
2793 4021 3092 4094 σοφωτὲρῳ
3129 4038 3190 4075 τε
3241 4022 3337 4075 καὶ
3386 4020 3458 4078 τά
3502 4020 3725 4093 οὐράνια

2148 4110 2314 4171 πλέον
2342 4110 2479 4166 Θεοῦ
2510 4112 2709 4167 ειδέναι
2744 4111 3171 4185 κομπάζοντι,»ἢ
3203 4113 3410 4183 μᾶλλον
3442 4111 3731 4186 τολμηρῶς

2150 4204 2499 4277 ρητορεύοντι
2527 4204 2670 4267 κατά
2699 4204 2858 4260 Θεοῦ.

2482 4410 2587 4467 Pl'.
2617 4444 2690 4454 —
2725 4414 3033 4470 KPATQNI
3071 4416 3389 4489 ΜΟΝΑΧῼ.

458 4501 778 4569 Religiosam
811 4502 971 4575 vitant
1008 4501 1272 4575 profusas
1297 4501 1485 4575 debere
1529 4501 1712 4575 omnia
1731 4516 1852 4570 qua:
1881 4502 1937 4555 in
1976 4517 2038 4556 ea

2150 4500 2300 4575 Ὅτι.
2326 4504 2361 4555 ὁ
2381 4500 2669 4575 ’ἄσκησιν
2702 4504 3246 4575 ἐπαγγελλόμενος,
3278 4506 3477 4561 πάντα
3515 4507 3589 4562 τὰ
3623 4507 3729 4562 αὐ·

758 4582 876 4625 sunt
898 4570 1163 4626 laboriosa
1193 4571 1444 4629 alacriter
1468 4572 1733 4641 amplecti.

530 4687 633 4754 Qui
673 4687 980 4757 religiosam
1021 4686 1187 4742 vitam
1240 4686 1797 4757 proﬁteristudet,ac
1850 4686 2045 4745 salutis

536 4871 583 4905 ³⁸
616 4872 750 4926 an.
794 4884 947 4937 xxiv,
968 4869 1040 4925 25
1069 4884 1228 4942 seqq.
1304 4871 1350 4904 ⁸⁷
1383 4870 1405 4925 Ι
1432 4870 1562 4927 Cor.
1594 4884 1716 4936 xm,
1750 4871 1804 4925 1.

2226 4570 2338 4640 τῆς
2368 4570 2629 4627 ἐπίπονα
2663 4570 2976 4644 προθύίιως
3004 4570 3234 4646 ὀὲοείλέι
3265 4576 3657 4639 ἁσπάᾰςσθαι.

2233 4685 2295 4739 Ὃ
2322 4684 2564 4758 ἀσκῆσαι
2594 4685 2917 4759 βουλόμενος
2940 4727 2957 4755 ,
2989 4690 3085 4744 καὶ
3115 4691 3392 4763 σωτηρίας
3421 4691 3728 4764 ἐφιέμενος,

1563 5011 1800 5068 ἼΑΒΙΕ
1836 5009 2228 5069 LECTIONES
2271 5011 2360 5066 ET
2403 5010 2642 5068 NOTAE.

543 5157 618 5230 (6)
661 5154 1113 5243 Ἐαξςτισήταγεῃ
1142 5154 1341 5243 'Melius
1372 5156 1493 5243 cod.
1676 5154 1807 5243 Legit.
1864 5154 2060 5243 εὐπειρ-

464 5224 692 5300 ήγαγεν.
744 5224 925 5300 Vers.
950 5224 1001 5281 6⁷
1029 5227 1282 5300 εὑρήσεις
1324 5228 1481 5300 codd.
1521 5224 1646 5278 Vat.
1680 5225 1785 5280 649
1829 5235 1885 5280 et
1936 5225 2048 5281 Alt.

470 5296 524 5355 in
560 5296 809 5365 praesenti
835 5308 1040 5365 ponunt
1063 5297 1359 5368 εὑρίσκεις.
1405 5296 1619 5350 Possm.

541 5364 617 5440 (7)
649 5368 721 5424 Ut
751 5364 846 5423 hic,
867 5370 944 5422 ait
973 5364 1231 5435 Spiritum
1271 5376 1517 5440 sanctum
1550 5369 1600 5420 in
1638 5381 1792 5440 sacra
1834 5364 2054 5420 Domini

468 5438 623 5495 ruina
656 5441 846 5509 (quam
874 5449 1030 5492 vocat
1065 5454 1303 5509 mensam
1338 5438 1659 5509 mysticam)
1689 5449 2059 5509 panetncom-

470 5505 689 5565 munem
706 5505 947 5563 'reddere
972 5510 1248 5576 proprium
1277 5505 1674 5561 incarnationis
1700 5505 1903 5576 Christi
1932 5520 2059 5576 θοι-τ

471 5596 604 5649 pus,
634 5579 715 5634 sic
746 5589 801 5633 et
838 5574 983 5649 infra
1004 5574 1083 5649 ide
1119 5581 1242 5631 vino
1274 5578 1512 5646 loquitur
1545 5576 1704 5649 epist.
1737 5574 2057 5649 515.7quod

473 5644 537 5702 es
568 5650 687 5716 ejus
711 5648 966 5721 primitiis
990 5648 1222 5721 Spiritus
1254 5644 1466 5721 divinus
1497 5644 1831 5721 sanguincnt_
1852 5644 2057 5721 Christi

473 5713 828 5788 etiiciat,'tb;
871 5713 1283 5791 αἷμαΧριστοῦ
1328 5718 1425 5791 τὴν
1476 5713 1667 5771 τούτου
1699 5715 1835 5791 (τοῦ
1887 5714 2056 5785 οἴνου)

2158 5154 2416 5226 ἀπαρχὴν
2442 5153 2502 5226 τὸ
2525 5153 2675 5226 θεῖον
2699 5149 2991 5226 ἐργάζεται
3024 5145 3476 5226 ῌνεῦμακβιττ..

2217 5217 2292 5265 -έ
2312 5217 2629 5279 inscribitur
2651 5217 3003 5287 haebettistola
3025 5222 3075 5274 in
3097 5217 3256 5275 codd.
3282 5218 3400 5272 Vat.
3430 5219 3533 5273 649
3552 5228 3606 5272 et
3625 5217 3725 5287 Alt:

2145 5309 2250 5348 non
2268 5293 2636 5362 Μαραθωνίῳ,
2649 5294 2739 5347 sed
2754 5283 3160 5359 Μακεδονιανῷ.
3178 5289 3383 5362 verle
3396 5283 3728 5362 δημιουργοῦ

2159 5365 2212 5417 itt
2259 5352 2656 5434 δημίουργικῆς
2698 5375 2867 5434 mnta,
2897 5352 3127 5434 auctore:
3147 5360 3281 5434 ‘cod.
3320 5359 3425 5434 All.
3450 5352 3728 5434 Verg.”

2156 5450 2255 5502 pro
2282 5425 2360 5505 τῷ
2388 5425 2742 5505 Χριστῷιξοό.
2771 5431 3021 5505 νει-649
3037 5430 3130 5505 τοῦ
3146 5428 3384 5505 Χριστοῦ
3407 5430 3554 5496 legit.
3576 5425 3724 5505 Yers.

2158 5499 2225 5558 lt}
2258 5499 2354 5574 pro
2386 5499 2467 5557 σοί
2524 5499 2597 5573 μή
2634 5503 2781 5574 δοκεῖ
2821 5501 2943 5558 cod.
2986 5502 3118 5574 Alt.,
3165 5499 3365 5557 omissa
3421 5499 3717 5574 negatione,

2158 5566 2270 5627 σοι’
2293 5574 2440 5628 δοκεῖ
2495 5566 2693 5643 habet.
2716 5571 2889 5643 Versu
2913 5570 3135 5643 Aeodent
3171 5579 3292 5643 post
3332 5566 3630 5641 σοφωτέρῳ
3662 5579 3721 5618 σε

2156 5656 2383 5716 uterque
2411 5646 2533 5702 col.
2562 5642 2698 5697 Θεοῦ
2719 5641 2887 5700 addit.
2912 5640 3124 5698 Possm.
