3894 6412
200 342 290 406 957
982 343 1520 405 EPISTOLARUM
1558 342 1705 403 LIB.
1742 341 1860 403 III.
1900 365 1970 378 -
2000 343 2237 406 EPIST.
2278 345 2661 407 CCLXXXII.

3336 351 3442 411 9'58

198 457 290 525 γὰρ
317 452 700 523 προσπεσοῦσα
742 454 1000 525 λοιδορία,
1044 456 1200 509 νόσον
1232 455 1412 526 ψυχῆς
1453 455 1488 525 ἢ
1531 456 1750 523 ἀγνοου-

1865 454 1909 508 si
1944 464 2126 511 autem
2149 456 2449 519 offendunt,
2478 459 2547 511 ab
2608 456 2842 513 inimicis
2876 458 3164 513 utilitatem
3196 461 3441 528 capiunt.

199 546 364 614 μένην,
389 544 424 614 ῆ
456 542 839 615 ἀμελουμένην
868 544 1225 616 ἐθεράπευσε.
1257 549 1350 599 Δεῖ
1380 547 1487 619 γὰρ
1516 549 1627 611 τοῖς
1668 548 1757 599 εὐ-

194 636 435 705 δοκίμοις,
468 635 502 704 ἢ
535 636 775 705 γνησίων
808 636 998 705 φίλων,
1035 637 1068 708 ἢ
1101 637 1381 708 διαπύρων
1427 638 1659 709 ἐχθρῶν.
1688 637 1756 692 Ol

196 728 282 796 μὲν
308 726 410 797 γὰρ
430 727 827 791 νουθετοῦντες,
848 730 897 782 οί
923 730 980 782 δὲ
1004 729 1365 800 λοιδοροῦντες
1387 730 1756 801 ἀποτρέπουσι

194 819 288 871 τῶν
321 820 697 890 πταισμάτων.
737 821 956 891 Ἐπειδὴ
983 820 1039 874 δὲ
1076 821 1172 874 νῦν
1207 823 1240 892 ἡ
1288 820 1439 889 φιλία
1488 822 1755 892 ἰσχνόφω-

192 928 289 974 νος,
316 911 515 981 μᾶλλον
542 912 587 966 δ’
609 912 823 982 ἄφωνός
848 914 963 967 ἐστι
986 913 1080 967 τοῦ
1108 913 1585 986 παρρησιάζεσθαι
1612 914 1748 983 (84),

194 1004 276 1055 καὶ
309 1003 369 1056 τὸ
421 1004 522 1074 μὲν
550 1003 830 1075 στωμύλον
866 1006 1037 1074 αὐτῆς
1071 1007 1167 1060 καὶ
1198 1006 1559 1071 θωπευτικὸν,
1590 1006 1754 1062 λάλον

192 1097 296 1149 ἐστὶ
331 1096 426 1149 καὶ
472 1098 858 1167 γεγωνόφωνον
880 1114 894 1127 ·
937 1096 1001 1151 τὺ
1038 1097 1097 1151 δὲ
1154 1097 1438 1152 νουθετοῦν
1492 1099 1585 1152 καὶ
1627 1101 1753 1157 ἐπι-

192 1190 409 1259 πλῆττον
450 1188 701 1258 ἆφωνονο
733 1190 827 1243 καὶ
870 1190 1165 1247 ἀκουστέον
1208 1190 1363 1261 παρά
1394 1190 1501 1245 τῶν
1541 1190 1754 1264 ἐχθρῶν

190 1280 276 1353 τὴν
300 1279 580 1352 ἀλήθειαν,
606 1281 701 1334 καὶ
729 1281 1069 1353 διορθωτέον.

666 1600 837 1654 amr.
861 1630 934 1643 -
957 1600 1047 1672 Τῼ
1082 1599 1285 1671 arm.

249 1735 409 1790 οὐδὲν
456 1733 704 1789 κολάκων
736 1731 889 1804 οἴμαι
936 1732 1351 1805 ἀργαλεώτερον
1379 1734 1517 1803 (85),
1546 1734 1597 1789 οἳ
1647 1734 1747 1803 τῆς

1860 544 2108 616 Perstepe
2127 549 2269 602 enim
2290 548 2537 603 obortum
2568 548 2934 615 maledictum,
2967 551 3131 604 animi
3166 553 3439 616 morbum,

1859 649 1953 693 aut
1986 639 2323 707 ignoratum,
2359 650 2455 694 aut
2504 640 2806 707 neglectum
2871 642 3103 695 curavit.
3135 641 3299 711 37o
3348 639 3439 695 Si-

1857 729 2071 797 quidem
2105 730 2258 799 probi
2290 741 2345 786 et
2402 731 2533 786 clari
2586 731 2709 797 viri,
2743 739 2838 786 aut
2898 736 3043 787 veris
3098 732 3310 794 amicis,
3346 742 3441 785 aut

1857 820 2074 875 acribus
2121 830 2175 875 et
2224 821 2573 876 inﬂammatis
2629 821 2864 877 inimicis
2919 837 3055 891 opus
3103 821 3327 877 habent.
3358 823 3437 876 llli

1856 909 2123 980 siquidem
2152 912 2513 977 admonendo,
2543 912 2632 966 isti
2677 926 2809 967 vero
2860 913 3217 967 conviciando
3242 926 3273 966 a
3311 927 3439 982 pec-

1856 1006 1994 1060 catis
2011 1015 2283 1059 avertunt.
2314 1004 2579 1072 Quoniam
2622 1019 2751 1060 vero
2782 1020 2925 1060 nunc
2954 1005 3191 1059 amicitia
3219 1015 3435 1059 tenuem

1855 1112 2048 1154 vocem
2080 1098 2263 1162 habet,
2298 1097 2409 1153 imo
2438 1098 2619 1167 potius
2644 1106 2794 1153 muta
2823 1107 2908 1153 est
2931 1097 2996 1151 ad
3020 1097 3189 1152 libere
3210 1096 3435 1167 loquen-

1856 1188 1981 1243 dum
2016 1205 2032 1242 :
2065 1196 2229 1257 atque
2270 1188 2335 1241 ad
2370 1188 2719 1258 garriendum
2780 1188 2999 1257 quidem
3038 1196 3095 1242 et
3148 1197 3440 1243 assentan-

1854 1279 1981 1336 dum
2011 1279 2205 1349 loquax
2236 1287 2291 1332 et
2315 1279 2552 1335 clamosa
2595 1287 2681 1334 est
2713 1298 2728 1334 :
2763 1280 2831 1333 ad
2863 1278 3264 1335 admonendum
3309 1293 3440 1333 vero

1853 1386 1919 1428 ac
1948 1370 2456 1440 reprehendendum
2490 1380 2634 1425 muta
2668 1389 2681 1426 :
2710 1371 2779 1425 ab
2809 1370 3043 1427 inimicis
3066 1370 3328 1427 audienda
3355 1379 3442 1426 est

1856 1464 2076 1530 veritas,
2102 1464 2322 1533 vitaque
2346 1463 2703 1518 emendanda.

2303 1593 2633 1652 CCLXXXI.
2650 1626 2722 1637 —
2753 1596 2990 1654 EIDEM.

1922 1733 2069 1790 Nihil
2102 1748 2225 1789 meo
2251 1733 2469 1803 quidem
2496 1732 2700 1801 judicio
2753 1731 3124 1787 adulatoribus
3154 1731 3439 1786 molestius

188 1829 285 1883 τῶν
320 1828 588 1882 πλουσίων
622 1827 732 1896 (86)
767 1799 1031 1897 γλώττης⁷
1052 1799 1455 1897 ἀπηρτημένοι,
1477 1799 1744 1896 ’ὀμνύουσι

1859 1836 1955 1888 est,
2011 1824 2103 1894 qui
2125 1824 2191 1878 de
2221 1799 2453 1878 divitum
2489 1799 2669 1889 lingua
2714 1823 2985 1890 suspensi,
3011 1822 3256 1876 adhibito
3282 1821 3436 1891 jure-

191 1923 277 1991 μὲν
302 1922 381 1975 ὅτι
409 1920 627 1974 πάντων
654 1920 893 1989 ἄριστον,
920 1918 969 1970 εἰ
1000 1917 1315 1988 προέλοιντό
1342 1934 1397 1970 τι
1425 1918 1624 1971 ἐκεῖνοι
1654 1917 1748 1970 κοιλ⁵

1859 1916 2082 1986 iurando
2104 1913 2450 1977 conﬁrmant,
2482 1914 2526 1968 si
2558 1913 2687 1983 quid
2733 1913 2829 1979 illi,
2863 1915 3025 1968 etiam
3054 1914 3195 1982 quod
3228 1914 3436 1982 turpis-

186 2011 281 2064 τῶν
317 2011 678 2064 ἀτοπωτάτων
716 2008 1026 2078 θαυμάσαι,
1068 2007 1351 2070 κακίζουσι
1386 2008 1443 2061 δὲ
1554 2007 1747 2077 τάχος,

187 2106 230 2157 εί
270 2105 364 2156 καὶ
407 2103 577 2172 αὐτὴν
626 2102 1036 2172 ἐπιχειρήσουσι
1084 2098 1321 2153 κακῦναι
1368 2100 1467 2171 τὴν
1524 2101 1748 2172 ἀρετήν.

185 2196 295 2265 Χρὴ
323 2194 605 2266 τοιγαροῦν
630 2193 756 2256 τοὺς
785 2192 1083 2263 ἐχέφρονας
1111 2191 1333 2261 φεύγειν
1366 2192 1460 2244 καὶ
1483 2191 1546 2244 τὸ
1582 2191 1751 2244 κολα-

185 2286 358 2339 κεύειν
393 2286 489 2337 καὶ
529 2283 591 2336 τὸ
627 2281 1044 2336 κολακεύεσθαι.
1070 2282 1274 2351 ’Ἄμφω
1312 2278 1442 2351 γὰρ,
1476 2281 1561 2333 ἵνα
1590 2280 1749 2350 παρῶ

182 2377 262 2429 τὸν
290 2377 397 2429 τῶν
424 2374 729 2446 ἀνθρώπων
768 2372 1003 2441 γέλωτα,
1046 2372 1138 2425 καὶ
1179 2371 1380 2425 κακίαν
1426 2372 1745 2442 ἀνήκεστον,

184 2470 267 2523 καὶ
291 2469 559 2539 τιμωρίαν
590 2470 915 2523 ἀνύποιστον
940 2465 1139 2519 ώδίνει.

1854 2011 2051 2062 simum
2108 2015 2163 2062 et
2224 2004 2678 2060 absurdissimum
2740 2006 2833 2070 sit,
2874 2005 3119 2060 miriﬁcis
3184 2004 3437 2059 laudibus

1855 2097 2049 2152 efferre
2077 2096 2390 2160 instituant,
2423 2095 2478 2149 id
2501 2096 2744 2150 omnium
2787 2096 3048 2163 optimum
3082 2112 3146 2151 ac
3175 2104 3437 2164 praestan—

1855 2189 2129 2243 tissimum
2158 2201 2323 2243 esse:
2359 2201 2424 2242 ac
2477 2196 2692 2251 contra,
2723 2189 2768 2243 si
2819 2189 2892 2243 illi
2954 2188 3119 2243 etiam
3178 2189 3435 2241 virtutem

1852 2281 2026 2349 ipsam
2059 2279 2369 2347 vituperare
2436 2279 2845 2348 aggrediantur,
2879 2295 2999 2335 eam
3049 2295 3211 2351 quam
3266 2279 3439 2334 celer-

1852 2374 1990 2428 rime
2008 2373 2367 2427 insectantur.
2400 2371 2765 2438 Quamobrem
2796 2375 3035 2430 conlatis
3065 2374 3198 2428 viris
3228 2382 3439 2427 utrum-

1849 2477 1954 2533 que
1976 2462 2287 2532 l'ugiendnm
2315 2470 2420 2526 est,
2451 2477 2643 2532 nempe
2664 2474 2717 2519 et
2755 2466 2990 2531 adulari,
3026 2475 3081 2519 et
3107 2462 3441 2524 adulationi-

184 2564 272 2615 bus
303 2560 536 2613 deliniri.
572 2560 749 2614 Ambo
777 2559 921 2612 enim
955 2557 1081 2623 ista,
1117 2566 1177 2611 ut
1233 2557 1511 2613 hominum
1565 2556 1735 2612 risum
1776 2555 2004 2611 missum
2074 2554 2292 2621 l'aciam,
2322 2562 2378 2609 et
2426 2554 2727 2613 incurabile
2788 2558 2999 2624 vitium,
3026 2566 3080 2611 et
3136 2556 3441 2612 intoleran.

187 2654 301 2707 dum
332 2652 632 2717 cruciatum
660 2650 989 2719 parturiunt.

334 2788 500 2843 XHB'.
521 2816 595 2828 —
625 2787 976 2856 ΑΡΧΟΝΤΙῼ
1013 2784 1582 2855 ΠΟΛΙΤΕΥΟΜΕΝῼ.

241 2993 401 3049 Μάλα
454 2991 701 3062 ἀκριὸῶς
739 2985 882 3055 οἶδα,
923 2989 1006 3043 ὅτι
1038 2987 1095 3043 el’
1133 3004 1194 3041 σε
1232 2986 1484 3057 ἐροίμην,
1520 2986 1749 3059 πότερον

1937 2787 2288 2847 CCLXXXII.
2855 2787 3351 2846 REMPUBIJCAM

1922 2988 2055 3044 Illud
2085 2991 2303 3061 quidem
2334 3007 2595 3063 perquam
2639 2990 2977 3061 exploratum
3014 2991 3188 3048 habeo
3216 2990 3355 3056 fore,
3379 3001 3440 3045 ut

180 3084 285 3154 ἐγὼ
328 3084 429 3154 τὴν
471 3082 693 3135 σύνεσιν
741 3080 1004 3152 ἀμείνων,
1050 3079 1086 3149 ἢ
1129 3078 1342 3143 Παῦλος
1367 3096 1381 3111 ο
1430 3079 1601 3151 αὐτὴν
1650 3080 1749 3152 τὴν

1859 3085 1897 3141 si
1933 3087 2032 3142 abs
2062 3094 2115 3140 te
2134 3100 2375 3156 quaeram
2425 3085 2784 3154 prudentiane
2823 3094 2987 3154 atque
3044 3084 3244 3155 ingenii
3299 3098 3433 3138 acn-

180 3174 436 3248 ἐρώτησιν
460 3176 540 3235 είς
571 3171 893 3235 ἀλαζονείαν
919 3170 1125 3241 θήσεις.
1161 3168 1288 3234 Πῶς
1314 3164 1407 3224 οὖν
1432 3170 1462 3222 ὃ
1494 3169 1571 3240 μὴ
1601 3171 1750 3240 ἴσχυ-

1859 3177 2001 3232 mine
2060 3177 2283 3232 Paulum
2354 3176 3045 3244 antecellam,hujusmodi
3104 3185 3436 3246 percuncta-

182 3285 267 3322 σεν
290 3268 496 3329 ἐκεῖνος
528 3266 641 3336 (87)
672 3263 803 3333 παρ’
826 3261 961 3333 ἐμοῦ
991 3262 1175 3331 ζητεῖς
1206 3260 1650 3332 κατορθωθῆναι;
1687 3261 1749 3314 Εἰ

180 3358 280 3429 γὰρ
306 3356 501 3427 ἐκείνῳ
528 3354 607 3425 τῷ
635 3353 927 3425 ύποπτέρῳ
954 3352 1185 3423 γεωργῷ
1215 3352 1323 3425 (ἵνα
1345 3353 1473 3414 τοὺς
1504 3352 1623 3407 καθ’
1651 3353 1748 3407 ἕνα

182 3448 517 3521 παραλείψω,
545 3447 633 3516 ἐφ’
651 3442 732 3509 οἷς
759 3443 1046 3516 ἐπυροῦτο)
1080 3444 1175 3498 καὶ
1203 3444 1266 3497 τὸ
1297 3443 1554 3498 Γαλατῶν
1587 3444 1746 3512 γένος

181 3539 548 3611 ἐξεπολεμήθη
591 3541 671 3602 εἰς
706 3536 1039 3607 Ἰουδαῖσμὸν
1078 3536 1368 3590 ἀποκλῖναι
1394 3552 1407 3565 ’
1456 3537 1547 3589 καὶ
1591 3538 1639 3590 oi
1687 3537 1752 3590 ἐκ

178 3636 270 3705 τῆς
298 3634 486 3697 Ἀσίας
515 3633 577 3687 οὐ
611 3632 934 3701 προσέσχον,
967 3630 1060 3684 καὶ
1084 3632 1136 3683 οἱ
1170 3629 1596 3700 ψευδαπόστολοι
1634 3632 1751 3684 δια-

179 3726 398 3797 πρύσιον
444 3724 752 3795 ἐπολέμουν
789 3723 991 3793 μάχην,
1025 3722 1119 3775 καὶ
1146 3722 1323 3785 οὐδεὶς
1363 3721 1525 3775 αὑτὸν
1571 3724 1751 3775 αἱτιᾶ-

178 3835 294 3871 ται·
324 3818 439 3871 ἀλλ’
477 3815 589 3871 ἀπὸ
630 3816 730 3886 τῆς
771 3813 996 3885 γνώμης
1035 3813 1321 3881 στεφανοῖ,
1366 3813 1434 3866 δι’
1476 3814 1541 3884 ην
1574 3813 1751 3865 αἰτίαν

180 3906 275 3978 ἐμὲ
300 3907 469 3978 αἰτιᾷ,
496 3904 611 3970 τὸν,
638 3903 715 3967 ὡς
744 3903 873 3973 φὴς,
913 3902 1140 3965 πολλοὺς
1173 3901 1271 3971 μὲν
1301 3901 1383 3965 εἰς
1410 3900 1611 3971 ἀρετὴν
1644 3918 1751 3955 πα-

181 3997 551 4068 ρακαλέσαντα
578 3994 674 4048 καὶ
703 3993 1005 4047 πεπεικότα
1023 4009 1038 4023 ο
1072 3992 1301 4055 πολλοὺς
1328 3991 1374 4044 δ’
1403 3994 1468 4044 ἐκ
1511 3992 1611 4060 τῆς
1651 4008 1753 4045 κα-

180 4090 297 4154 κίας
334 4089 724 4159 ἐξαρπάσαντα
743 4102 759 4116 ο
790 4086 874 4139 ὅτι
904 4083 964 4137 δὲ
1001 4081 1290 4146 Εὐσέϐιος,
1326 4083 1423 4136 καὶ
1452 4082 1753 4151 Μαρτινια-

178 4181 293 4247 νὸς,
330 4178 583 4249 Ζώσιμὸς
615 4194 698 4241 τε,
744 4177 842 4230 καὶ
872 4175 1081 4246 Μάρων
1128 4175 1230 4226 οὐκ
1263 4173 1594 4243 ἐπείσθησαν
1631 4175 1754 4236 ταῖς

180 4272 595 4345 παραινέσεσινς
635 4268 777 4322 Ἀλλ’
801 4268 924 4338 ὅρα,
960 4266 1036 4337 μὴ
1067 4265 1239 4319 δοκῶν
1288 4264 1387 4335 ἐμὲ
1436 4263 1750 4328 αἰτιᾶσθαι,

180 4365 334 4428 αὐτὸς
360 4364 548 4426 ἀνοίας
576 4362 821 4434 ὀφλήσῃς
852 4359 1085 4428 γέλωτα,
1115 4358 1212 4412 ἀτε
1242 4356 1333 4411 τὸν
1361 4356 1462 4427 τῆς
1495 4353 1755 4420 αὐτεξου-

184 4456 417 4527 σιότητος
440 4457 567 4527 ὅρον
593 4452 822 4522 ἀγνοῶν,
846 4451 942 4506 καὶ
966 4451 1063 4522 τὴν
1085 4449 1264 4504 αἰτίαν
1288 4448 1395 4502 τῶν
1419 4449 1480 4502 οὐ
1511 4446 1755 4501 πεισθέν-

180 4565 285 4601 των
306 4549 396 4600 ἐπὶ
420 4548 514 4600 τὸν
542 4546 602 4598 οὗ
633 4541 895 4598 πείσαντα
926 4541 1267 4612 μεταφέρων.

1855 3269 2060 3324 tionem
2093 3267 2420 3339 arrogantia:
2450 3269 2636 3324 ducas.
2666 3267 2768 3334 Qui
2802 3269 2968 3337 igitur
2999 3267 3051 3321 id
3085 3281 3116 3321 a
3164 3281 3250 3322 me
3298 3265 3436 3321 ellici

1855 3357 2055 3425 poscis,
2084 3359 2228 3427 quod
2281 3357 2370 3413 ille
2422 3358 2646 3413 minime
2683 3355 3065 3429 potuit?Nam
3114 3372 3236 3412 cum
3292 3357 3441 3413 alato

1857 3448 1931 3503 illi
1960 3448 2212 3517 agricolae
2239 3447 2332 3520 (ut
2354 3449 2597 3517 singulos
2627 3458 2968 3519 praeteream,
3008 3463 3239 3518 quorum
3272 3464 3437 3504 causa

1856 3539 2150 3611 urebatur)
2183 3550 2237 3595 et
2266 3539 2579 3596 Galatarum
2633 3542 2785 3595 natio
2813 3556 2985 3611 usque
3030 3541 3167 3595 adeo
3209 3540 3435 3596 subacta

1856 3638 1913 3684 et
1950 3644 2210 3699 oppressa
2256 3630 2443 3695 fuerit,
2471 3640 2530 3684 ut
2576 3633 2631 3686 in
2666 3630 3004 3687 Judaismnm
3055 3634 3438 3703 propenderet,

1856 3729 1911 3776 et
1927 3721 2153 3775 Asiatici
2187 3722 2359 3791 ipsius
2389 3723 2568 3777 verbis
2618 3723 2859 3777 animum
2901 3724 3043 3778 haud
3080 3725 3438 3789 attenderint,

1857 3820 1911 3864 et
1939 3811 2374 3880 pseudoapostoli
2424 3810 2687 3867 infestum
2746 3813 3012 3868 adversus
3070 3828 3192 3867 eum
3238 3813 3437 3869 bellum

1857 3899 2146 3969 gesserint,
2203 3914 2303 3955 nec
2362 3908 2540 3954 tamen
2607 3910 2888 3971 propterea
2973 3902 3262 3971 quisquam
3312 3916 3437 3958 eum

1857 3996 2096 4055 accuset,
2130 4005 2312 4045 verum
2348 4001 2538 4046 contra
2565 3994 2634 4047 ob
2658 3993 2961 4047 institutum
3012 4009 3077 4047 ac
3104 3994 3449 4049 voluntatem-

1861 4095 2063 4137 corona
2093 4083 2275 4145 donet,
2340 4083 2533 4153 ecquid
2594 4086 2809 4138 tandem
2843 4099 2931 4157 me
2973 4099 3203 4141 accusas
3238 4102 3253 4140 :
3292 4085 3437 4153 quod

1857 4183 1981 4225 cum
2007 4169 2327 4238 permultos,
2350 4181 2409 4225 ut
2445 4172 2545 4226 abs
2583 4180 2635 4226 te
2673 4173 2883 4228 dictum
2937 4182 3045 4241 est,
3079 4173 3145 4228 ad
3175 4174 3434 4229 virtutem

1858 4263 2180 4319 cohortatus
2210 4263 2335 4329 sim,
2360 4272 2524 4332 atque
2551 4265 2718 4319 etiam
2776 4265 3106 4330 induxerim,
3138 4265 3437 4334 permultos

1859 4359 1988 4414 item
2023 4371 2054 4412 a
2079 4357 2214 4413 vitio
2247 4358 2601 4421 extraxerim,
2634 4356 2900 4413 Eusebius
2943 4366 2999 4412 et
3053 4355 3436 4423 Martinianns,

1858 4460 1916 4506 et
1935 4450 2184 4506 Zosimus
2237 4464 2302 4504 ac
2353 4448 2502 4502 Maro
2550 4448 2792 4504 consiliis
2842 4449 2977 4504 meis
3020 4449 3438 4518 haudquaquam

1856 4538 2321 4608 obtemperarint?
2352 4541 2423 4593 At
2470 4538 2614 4602 vide,
2651 4552 2719 4593 ne
2760 4538 2889 4592 dum
2926 4552 3011 4593 me
3040 4538 3319 4593 criminari
3352 4537 3439 4592 vi-

184 4637 319 4691 deris
344 4636 639 4691 amentiam
671 4636 788 4705 ipse
820 4642 965 4687 tuam
1005 4632 1354 4688 deridendam
1395 4629 1666 4701 propines,
1694 4639 1754 4684 ut
1782 4630 1873 4699 qui
1901 4629 2054 4683 liberi
2078 4630 2291 4684 arbitrii
2352 4628 2597 4700 regulam
2651 4628 2893 4700 ignores,
2954 4629 3282 4700 culpantque
3344 4645 3442 4687 eo-

183 4746 318 4798 rum,
345 4732 436 4801 qui
462 4746 569 4787 non
618 4737 932 4802 paruerunt,
959 4728 1012 4783 in
1064 4742 1187 4783 eum
1243 4726 1336 4797 qui
1386 4726 1607 4781 minime
1632 4725 1922 4795 persuasit,
1953 4723 2275 4781 transferas.

1269 4902 1508 4960 VAlll/E
1548 4900 1936 4958 LECTIONES
1975 4902 2061 4958 ET
2103 4900 2338 4959 NOTAE.

251 5057 358 5128 (84)
383 5054 505 5128 Pro
542 5053 639 5108 τοῦ
684 5055 881 5128 mppx
915 5053 1036 5128 _c_od.
1066 5052 1193 5128 _Vat.
1237 5050 1340 5128 650
1372 5050 1500 5120 legit
1544 5049 1628 5128 τῷ
1662 5050 1739 5120 μη

1859 5050 1949 5128 μὲν
1978 5050 2069 5128 ὅτι
2095 5050 2317 5128 πάντων
2346 5049 2570 5128 ἄριστον
2584 5048 2686 5128 ἐἴη
2710 5048 2739 5102 δ
2764 5048 3045 5128 προέλοιτο
3057 5047 3150 5128 τίς
3170 5046 3429 5128 ἐκείνων·

186 5116 352 5199 παρρί
382 5126 542 5199 vers.
581 5139 700 5199 seq.
736 5116 1181 5199 pi-bﬂtaiogsm
1223 5122 1317 5199 καὶ
1347 5116 1740 5199 γεγωνόφωνον
1848 5116 1952 5199 κᾶν
2001 5120 2110 5199 τῶν
2125 5116 2516 5199 κὰτοπωτάτων
2550 5116 2685 5190 ein"
2713 5116 2815 5172 καῖ
2863 5119 3235 5199 θαυμάζουσι·
3271 5116 3430 5170 κακί-

1850 5189 2004 5252 ζουσι
2032 5190 2089 5271 δέ
2121 5191 2205 5243 ὅτι
2226 5191 2411 5259 τάχος.
2442 5190 2570 5271 Haec
2593 5189 2846 5270 cumpara
2876 5204 2997 5244 cum
3044 5190 3107 5242 iis
3133 5202 3253 5256 quae
3291 5202 3433 5310 gau-

1857 5259 1968 5310 lum
2023 5262 2236 5310 diverse
2278 5262 2530 5310 leguntur
2558 5276 2611 5310 In
2647 5260 2793 5310 edito
2833 5274 2864 5310 a
2913 5273 3075 5310 versu
3102 5258 3127 5310 1
3175 5256 3242 5310 ad
3329 5294 3345 5310 .
3376 5266 3432 5310 et

1857 5259 1968 5314 lunt
2023 5261 2236 5314 diverse
2278 5256 2530 5329 leguntur
2558 5260 2611 5313 in
2647 5256 2793 5313 edito
2833 5274 2864 5312 a
2913 5273 3075 5312 versu
3102 5258 3127 5310 1
3175 5256 3242 5310 ad
3291 5256 3345 5322 5,
3376 5266 3432 5311 et

1851 5332 1994 5400 quod
2030 5334 2201 5400 magis
2232 5333 2427 5397 probas
2459 5330 2618 5400 elige.
2650 5329 2861 5383 Possm.

186 5191 317 5320 idem
361 5197 484 5250 cod.
531 5191 749 5258 scribit,
787 5193 987 5264 μᾶλλόν
1031 5194 1147 5246 ἐστι
1187 5192 1282 5246 καὶ⁵
1320 5191 1736 5259 γενναιόφωνον.

230 5281 392 5320 ossis.

230 5281 369 5321 OSSIN
377 5308 392 5320 .

258 5336 361 5407 (85)
380 5333 587 5389 Ὀὐδὲν
606 5331 886 5407 κολάκων
899 5332 1365 5407 ἀργαλεώτερον.
1381 5328 1566 5407 Usque
1588 5329 1743 5394 adeo,

189 5395 511 5475 ut'prz'estet
534 5406 772 5475 incidere
813 5405 893 5467 είς
925 5395 1167 5475 κόρακας
1276 5403 1356 5475 είς
1388 5395 1649 5475 κόλακας,
1689 5410 1747 5454 ιιι

1923 5400 2034 5475 (87)
2200 5395 2424 5475 illis,‘
2439 5395 2768 5475 plfi’cxuaev
2794 5400 3026 5475 ἐκεῖνος,
3064 5396 3261 5475 melius
3294 5395 3419 5449 cod.

190 5467 290 5529 ille'
305 5476 430 5529 olim
465 5474 669 5529 aiebat.
705 5472 863 5528 Corvi
898 5467 1041 5527 enim
1068 5488 1094 5524 a
1118 5467 1422 5525 viventibus
1451 5470 1746 5532 abstinent,

1859 5467 2024 5540 Yatic.
2053 5469 2177 5531 650,
2196 5470 2232 5524 ἃ
2262 5468 2386 5540 μηδ’
2410 5467 3107 5540 ἐκεῖνοςήῖσχυσενάνῦσαι,
3132 5467 3284 5535 παρ’,
3316 5475 3428 5540 etc.

189 5554 244 5598 et
288 5548 548 5600 cadavera
591 5552 801 5596 tantum
844 5543 1084 5607 laniant;
1134 5551 1190 5593 at
1246 5550 1614 5596 assentatores
1645 5553 1749 5594 nec

1859 5537 2005 5594 Vers.
2036 5540 2068 5593 8
2096 5536 2384 5593 ἀποκλῖναι
2417 5546 2585 5592 mutat
2614 5536 2754 5593 idem
2784 5540 2837 5592 in
2865 5538 3170 5607 ἀποκλῖναν
3200 5537 3427 5607 pa_r_tici-

191 5613 321 5668 vivis
349 5622 597 5682 parcunt.
628 5611 829 5682 Confer
858 5627 943 5681 ep.
976 5603 1101 5665 559.
1139 5610 1303 5665 Rrr-r.
1370 5681 1379 5682 ί
1441 5679 1484 5682 __
1845 5609 1995 5679 pium
2034 5610 2219 5682 aoristi
2255 5620 2312 5665 ut
2343 5609 2576 5682 quadret
2614 5624 2746 5682 cum
2774 5607 2930 5682 γένος
2956 5603 3232 5682 Γαλατῶν.
3263 5603 3422 5682 _Vers.

260 5674 366 5755 (εδδ
402 5683 527 5755 Post
548 5674 963 5755 ἀργαλεώτερον
984 5682 1065 5735 sic
1092 5682 1253 5755 habet
1281 5681 1404 5755 cod.
1440 5679 1564 5755 vat.
1602 5677 1737 5755 _650,

1859 5674 1973 5749 pen.
2006 5689 2060 5736 et
2088 5680 2183 5736 ult.
2214 5696 2301 5751 ep.
2333 5674 2500 5737 codex
2524 5678 2667 5736 idem
2695 5674 2876 5735 bis'ob
2918 5688 3088 5733 mutat
3117 5678 3174 5733 in
3212 5676 3309 5747 μή.
3344 5674 3423 5731 In.

194 5752 244 5805 οἱ
268 5748 328 5827 τῇ
349 5748 473 5809 ’τῶν
522 5748 791 5807 πλουσίων
838 5748 1215 5823 ἀπηρτημένοι
1248 5751 1441 5823 γνώμη
1480 5748 1741 5821 ὀμνύουσι
