3894 6412
438 319 546 383 959

518 429 897 489 CCLXXXIII.
924 462 991 475 —-
1009 427 1404 485 THEODOSIO
1447 428 1945 484 SCHOLASTICO.

504 550 624 617 Quo
656 559 898 615 tempore
946 543 1209 598 Ezechias
1251 541 1599 597 Hebraeorum
1646 557 1738 596 rex
1768 553 2025 611 trOpmum

433 643 695 695 adversus
727 637 943 700 Persas,
973 645 1084 689 tum
1109 636 1254 690 omni
1294 635 1655 689 admiratione
1693 634 1890 703 majus,
1915 645 2028 688 tum

432 731 672 786 hmnauo
698 730 894 783 robore
940 738 1103 798 atque
1158 729 1389 782 humana
1426 743 1522 797 spe
1560 728 1847 782 sublimius
1873 727 2029 781 exci-

440 830 609 876 tatum
663 821 820 884 vidit,
850 829 963 874 tum
1021 819 1277 874 nimirum
1334 820 1526 875 morbo
1561 834 1851 889 percussus
1899 832 2029 875 est:

436 928 545 983 quo
576 913 774 967 animze
802 911 974 967 saltus
1037 911 1193 965 freno
1265 910 1591 977 compressi,
1635 925 1740 964 non
1802 922 2034 974 eum,ut

442 1015 594 1059 extra
645 1007 904 1057 decorum
975 1002 1275 1070 prosiliret,
1324 1002 1624 1070 adigerent,
1685 1002 2035 1070 victoriaeque

439 1096 729 1149 materiam
823 1094 1149 1163 arrogantiae
1235 1092 1435 1148 bellum
1519 1094 1817 1164 exciperet.
1872 1093 2032 1164 371

439 1187 805 1251 Quamobrem
854 1201 979 1241 cum
1040 1196 1144 1239 tuae
1199 1201 1418 1255 quoque
1479 1187 1645 1240 animi
1708 1185 2039 1254 praestantiae

440 1278 677 1332 felicitas
709 1278 857 1333 omni
900 1293 993 1347 spe
1025 1278 1376 1348 praestantior
1432 1278 1747 1349 contigerit,
1784 1278 1850 1333 da
1905 1293 2036 1348 ope-

448 1385 583 1435 ram,
615 1384 682 1423 ue
715 1370 864 1439 quid,
896 1370 1039 1441 quod
1088 1370 1381 1424 absurdum
1439 1380 1605 1439 atque
1654 1369 2038 1424 inconcinuum

447 1461 535 1524 sit,
562 1470 653 1514 aut
682 1460 939 1530 loquaris,
969 1471 1061 1515 aut
1098 1462 1288 1516 facias.
1321 1461 1462 1528 Quin
1502 1461 1683 1530 potius
1713 1460 2045 1515 immodera-

450 1558 553 1603 tam
607 1549 845 1604 laetitiam
912 1565 1123 1605 coerce.
1181 1549 1296 1605 Hac
1348 1551 1491 1603 enim
1541 1550 1654 1619 ipsa
1706 1557 1899 1602 natura
1935 1557 2041 1613 est,

451 1651 505 1694 ut
543 1642 667 1709 plus
723 1641 1063 1696 incommodi
1120 1656 1382 1713 persaepe,
1421 1658 1584 1711 quam
1639 1656 1862 1706 maeror,
1907 1638 2041 1694 alie-

452 1741 554 1789 rat.

554 1846 932 1901 CCLXXXIV.
953 1880 1022 1889 ——
1038 1847 1507 1905 THEOPEMPTO
1568 1846 1928 1904 EPISCOPO.

454 1937 516 1992 In
547 1940 709 2005 illud,
741 1959 759 1991 ι
810 1941 870 1995 Si
904 1940 1020 2009 ﬁeri
1050 1950 1239 2009 potest,
1271 1952 1528 2011 quantum
1550 1942 1605 1995 in
1627 1943 1771 1997 vobis
1798 1952 1896 2010 est,
1921 1958 2040 1995 cum

806 2011 1048 2064 omnibus
1077 2028 1259 2081 pacem
1293 2013 1538 2066 habentes
1561 2012 1630 2067 ".
1660 2032 1679 2065 ι

521 2138 658 2194 Etsi
690 2141 1053 2193 humanorum
1080 2139 1324 2194 omnium
1366 2140 1632 2196 bonorum
1670 2157 1831 2212 seges
1854 2156 1919 2197 ac
1946 2158 2043 2196 ve-

457 2229 961 2286 lutfundameutum
988 2233 1277 2288 concordia
1329 2242 1433 2301 est,
1465 2250 1642 2304 neque
1688 2236 2035 2290 committere

457 2324 743 2391 quisquam
811 2324 990 2391 debet,
1028 2333 1087 2380 ut
1140 2325 1265 2381 belli
1298 2341 1364 2381 ac
1415 2343 1606 2397 pugna:
1662 2343 1851 2383 ansam
1883 2327 2044 2383 alicui

457 2412 699 2482 porrigat
729 2431 742 2467 :
773 2424 950 2467 tamen
984 2415 1027 2468 si
1056 2415 1183 2485 quid
1229 2415 1554 2471 incommodi
1620 2418 1808 2487 pietati
1842 2418 2049 2488 imporo

458 2506 582 2569 tari,
615 2506 1089 2563 autimbecillibus
1143 2508 1398 2579 injuriam
1447 2510 1636 2565 inferri
1670 2511 2046 2579 conspexeris,

459 2612 591 2651 cave
630 2613 698 2652 ne
732 2614 919 2668 pacem
959 2600 1171 2655 veritati
1218 2611 1518 2672 anteponas
1552 2618 1779 2657 :verum
1828 2602 1955 2658 forti
1985 2618 2050 2658 ac

461 2699 680 2745 strenuo
715 2693 898 2747 animo
930 2695 1196 2762 consiste,
1225 2695 1490 2750 adversus
1546 2708 1827 2766 peccatum
1862 2698 1928 2753 ad
1953 2712 2051 2752 ex-

462 2792 695 2838 tremum
725 2801 899 2856 usque
957 2788 1210 2856 spiritum
1256 2790 1548 2845 dimicans.
1578 2790 1874 2861 Propterea
1903 2793 2049 2847 enim

464 2876 530 2930 ab
560 2877 817 2945 Apostolo
872 2879 1003 2933 illud
1060 2880 1266 2935 dictum
1320 2893 1427 2946 est,
1469 2884 1614 2952 quod
1657 2884 1751 2938 tibi
1788 2900 1817 2938 a
1849 2900 1935 2938 me
1961 2900 2052 2938 ex-

464 2969 585 3035 poni
618 2971 927 3037 postulasti.
963 2990 984 3024 (
1026 2973 1081 3027 Si
1124 2974 1240 3028 ﬁeri
1278 2984 1475 3043 potest,
1508 2985 1764 3045 quantum
1789 2991 1855 3030 ex
1900 2978 2053 3033 vobis

467 3070 572 3125 est,
606 3078 729 3117 cum
796 3064 1053 3120 omnibus
1102 3065 1415 3121 hominibus
1466 3082 1652 3137 pacem
1703 3068 1987 3123 trahentes.
2027 3087 2047 3121 ι

1637 313 1697 373 S.
1739 312 2031 372 ISIDORI
2064 310 2502 372 PEI.USIOT.‘E

2055 432 2103 489 Α

3613 312 3718 375 960

2287 428 2453 480 zur'.
2483 456 2549 466 -
2583 424 2913 497 ΘΕΟΔΟΣΙῼ
2952 424 3066 496 (88)
3105 427 3575 498 ΣΧοΑΑΣτιιςᾳ.

2214 541 2407 594 Ἦνίκα
2457 540 2705 610 Ἐζεχίας
2748 542 2777 595 6
2820 540 2930 593 τῶν
2982 539 3249 611 Ἐϐραίων
3302 540 3564 612 βασιλεὺς
3615 539 3719 595 εἶδε

2131 633 2394 705 τρόπαιον
2428 633 2541 703 (89)
2590 632 2734 686 κατὰ
2780 632 3008 703 Περσῶν
3042 633 3155 703 (90)
3189 634 3589 706 ἐγηγερμένον,
3632 636 3723 689 καὶ

2134 724 2413 795 θαύματος
2458 725 2726 794 κρεῖττον,
2770 725 2867 777 καὶ
2908 724 3089 793 πάσης
3126 724 3479 795 ἀνθρωπίνης
3529 723 3724 797 ῥώμης

2132 835 2194 872 τε
2227 818 2320 872 καὶ
2360 817 2576 880 ὲλπίδος
2605 816 2956 888 ὑψηλότερον,
2990 817 3113 870 τότε
3146 817 3231 884 δὴ,
3266 818 3388 870 τότε
3418 819 3564 890 νόσῳ
3598 820 3723 887 βάλ-

2135 909 2309 975 λεται,
2344 909 2430 961 ἵνα
2459 908 2530 961 τὰ
2564 909 2911 980 σκιρτήματα
2944 908 3046 978 τῆς
3085 892 3279 979 ψυχῆς
3297 910 3519 979 χαλινοῦ
3563 912 3723 977 ἀξιω-

2138 1002 2296 1055 θέντα
2325 1001 2458 1074 (9|),
2499 1000 2575 1073 μὴ
2610 999 2713 1067 ἔξω
2741 1000 2837 1053 τοῦ
2873 1000 3175 1072 πρέποντος
3202 1000 3363 1053 αὑτὸν
3399 1000 3720 1072 παριππεύε-

2140 1111 2232 1147 σαι
2259 1094 2633 1162 ἀναγκάσωσι,
2664 1094 2759 1147 καὶ
2786 1092 2885 1164 τὴν
2913 1095 3012 1159 τῆς
3053 1093 3211 1164 νίκης
3237 1093 3496 1146 ὑπόθεσιν
3534 1094 3721 1158 ἀλαζοο

2139 1185 2287 1248 νείας
2311 1186 2618 1254 διαδέξηται
2662 1185 2926 1256 πόλεμος.
2967 1186 3031 1238 El
3060 1184 3238 1238 τοίνυν
3270 1186 3364 1238 καὶ
3408 1188 3475 1255 τῇ
3509 1188 3577 1256 σῇ
3625 1203 3718 1255 με·

2141 1276 2419 1349 γαλονοία,
2451 1277 2719 1347 εὐημερία
2746 1275 2959 1340 ἐλπίδος
2994 1275 3263 1347 κρείττων
3296 1274 3525 1345 ἐπέστη,
3558 1276 3718 1346 μηδὲν

2142 1370 2373 1442 ἀπηχὲς,
2416 1370 2550 1440 μηδὲ
2580 1368 2706 1438 λέγε
2759 1368 2896 1440 μηδὲ
2939 1370 3183 1440 πρᾶττε·
3218 1368 3356 1423 ἀλλὰ
3389 1370 3489 1422 καὶ
3532 1368 3718 1433 κόλαζε

2143 1462 2242 1534 τὴν
2274 1460 2542 1530 ἀμετρίαν
2585 1463 2686 1531 τῆς
2737 1462 2951 1531 χαρᾶςσ
3000 1461 3177 1532 λύπης
3225 1458 3336 1532 γὰρ
3376 1459 3519 1531 αὕτη
3568 1461 3720 1514 πλέον

2140 1552 2552 1607 καταδλάπτειν
2587 1551 2846 1616 πολλάκις
2881 1552 3117 1623 πέφυκε.

2298 1851 2553 1904 ΣΠΔυ.-
2577 1847 3005 1921 ΘΕΟΠΕΜΙΙΤῼ
3045 1848 3157 1919 (91)
3200 1849 3567 1919 ΕΠΙΣΚΟΠῼ.

2147 1942 2225 1997 Τό
2261 1941 2323 2011 (ί.
2357 1945 2445 2008 είς
2483 1942 2586 2012 τό)
2612 1960 2625 1973 ο
2662 1962 2679 1992 ι
2710 1944 2777 1995 Εἰ
2808 1941 3094 2007 δυνατόν,
3120 1941 3187 1994 τὸ
3232 1941 3301 2005 ἐξ
3346 1940 3533 2010 ὑμῶν,
3582 1942 3720 2010 μετά

2370 2012 2616 2066 πάντων
2646 2012 2995 2077 ἀνθρώπων,
3023 2012 3455 2082 εὶρηνεύοντες.
3482 2032 3501 2061 ι

2216 2145 2445 2199 Πάντων
2477 2143 2576 2214 μὲν
2604 2142 2713 2196 τῶν
2737 2144 2859 2196 κατ’
2885 2142 3207 2215 ἀνθρώπους
3232 2142 3453 2212 ἀγαθῶν
3478 2143 3723 2207 ὑπόθεσίς

2146 2240 2263 2291 ἐστι
2301 2238 2399 2291 καὶ
2432 2236 2639 2308 κρηπὶς
2666 2237 2700 2307 ή
2735 2235 2959 2306 ὁμόνοια
2979 2274 2995 2300 ,
3039 2235 3137 2289 κα).
3167 2236 3276 2307 χρὴ
3319 2236 3511 2308 μηδενὶ
3538 2236 3722 2290 διδόναι

2148 2327 2387 2397 πολέμου
2432 2329 2527 2381 καὶ
2572 2329 2752 2399 μάχης
2789 2328 3068 2398 ἀφορμήν.
3100 2328 3165 2381 El
3194 2327 3255 2381 δέ
3286 2345 3391 2381 που
3433 2327 3534 2398 τὴν
3578 2329 3720 2381 εὐσέ-

2150 2421 2306 2475 ϐειαν
2343 2420 2907 2492 παραϐλαπτομένην,
2938 2422 2972 2493 ἢ
3010 2421 3135 2484 τοὺς
3180 2421 3431 2484 ἀσθενεῖς
3477 2420 3585 2491 (93)
3618 2422 3722 2476 ἀδι-

2150 2512 2448 2583 κουμένους
2474 2511 2713 2577 θεάσαιο,
2746 2512 2820 2583 μὴ
2853 2511 3097 2581 προτίμα
3122 2511 3221 2583 τὴν
3244 2513 3468 2583 εἰρήνην
3492 2514 3586 2583 τῆς
3608 2513 3722 2583 ἀλη-

2152 2604 2303 2669 θείας
2323 2620 2336 2633 ·
2369 2605 2484 2659 ἀλλ’
2514 2605 2699 2658 ἵστατο
2731 2604 3019 2674 γενναίως,
3050 2604 3156 2669 ἕως
3200 2604 3432 2674 αἵματος
3469 2605 3599 2677 πρὸς
3632 2605 3720 2676 τὴν

2152 2696 2429 2768 ἁμαρτίαν
2459 2694 2988 2767 ἀνταγωνιζόμενος.
3035 2694 3134 2748 Διά
3179 2694 3338 2748 τοῦτο
3382 2694 3493 2765 γάρ
3526 2695 3720 2766 εἴρηται

2151 2788 2229 2859 τῷ
2259 2786 2566 2859 Ἀποστόλῳ
2595 2785 2739 2840 τοῦθ’
2766 2788 2904 2858 ὅπερ
2941 2784 3218 2856 ἠθέλησας
3252 2784 3444 2855 μαθεῖν
3463 2800 3477 2813 ·
3510 2803 3530 2836 r
3553 2784 3613 2837 Εἰ
3639 2784 3721 2837 δυ-

2153 2881 2312 2934 νατὸν
2349 2879 2409 2933 τὸ
2446 2879 2506 2945 ἐξ
2561 2878 2739 2950 ὑμῶν,
2790 2878 2929 2949 μετά
2976 2878 3199 2932 πάντων
3233 2877 3536 2948 ἀνθρώπων
3578 2880 3715 2947 είρης

2154 2971 2425 3035 νεύοντες.
2452 2991 2471 3024 ι
2519 2973 2673 3027 Ἔστι
2714 2972 2823 3045 γὰρ
2866 2973 3001 3026 ὅπου
3055 2973 3117 3027 οὐ
3166 2972 3412 3037 δυνατὸν,
3451 2966 3577 3034 οἷον,
3606 2971 3720 3025 ὅταν

2156 3063 2284 3133 περ).
2329 3063 2614 3128 εὐσεϐείας
2636 3106 2652 3129 ,
2698 3066 2774 3128 ὡς
2809 3062 2981 3135 ἔφθην
3015 3063 3206 3129 είπὼν,
3247 3065 3277 3115 6
3302 3064 3463 3126 λόγος
3487 3080 3499 3094 ·
3530 3063 3562 3134 ἢ
3605 3065 3719 3117 ὅταν

468 3152 740 3210 Interdum
773 3157 918 3211 enim
966 3158 1017 3211 id
1072 3158 1189 3213 ﬁeri
1224 3160 1411 3228 nequit
1449 3179 1461 3212 :
1505 3162 1658 3216 verbi
1689 3162 1892 3230 gratia,
1928 3176 2048 3215 cum

2160 3156 2290 3229 περὶ
2331 3157 2704 3224 ἀδικουμένων
2733 3159 2761 3211 6
2788 3156 2958 3226 ἀγών.
3000 3156 3106 3212 Καὶ
3134 3156 3190 3210 τί
3220 3156 3538 3228 θαυμάζεις,
3569 3159 3612 3210 εί
3638 3157 3719 3209 ἐπὶ

468 3246 531 3299 de
561 3246 785 3315 pietate,
812 3257 871 3303 ut
907 3252 1162 3319 superius
1222 3251 1357 3316 dixi,
1406 3266 1588 3307 sermo
1642 3252 1922 3317 institutus
1947 3263 2052 3318 est,

469 3345 559 3390 aut
593 3353 712 3392 cum
742 3355 840 3408 pro
861 3342 952 3406 iis,
977 3342 1175 3412 quibus
1227 3345 1423 3413 injuria
1456 3344 1538 3409 ﬁt,
1569 3354 1849 3399 certamen
1879 3347 2058 3401 susci-

470 3428 631 3495 pitur.
668 3429 807 3494 Quid
844 3441 1027 3487 autem
1086 3435 1306 3489 miraris
1355 3436 1458 3489 hoc
1498 3436 1549 3488 in
1579 3434 1701 3488 aliis
1740 3436 2055 3491 hominibus

470 3534 574 3572 non
608 3520 810 3590 ubique
843 3524 957 3576 ticri
983 3538 1165 3593 posse,
1192 3540 1317 3579 cum
1349 3525 1402 3579 in
1432 3526 1549 3580 viro
1578 3526 1744 3581 etiam
1770 3535 1826 3580 et
1858 3542 2054 3593 uxore,

2161 3248 2269 3302 τῶν
2301 3248 2477 3303 ἄλλων
2518 3248 2822 3320 ἀνθρώπων
2866 3249 3026 3302 τοῦτο
3070 3249 3133 3301 οὐ
3169 3248 3453 3319 πανταχοῦ
3496 3248 3715 3309 δυνατὸν,

2157 3343 2293 3397 ὅπου
2334 3360 2397 3411 γε
2436 3343 2533 3395 καὶ
2566 3344 2652 3395 ἐπ’
2689 3341 2878 3412 ἀνδρὸς
2916 3344 3014 3394 καὶ
3046 3344 3307 3409 γυναικὸς
3340 3341 3450 3394 τῶν
3491 3342 3565 3404 είς
3607 3340 3718 3410 μίαν

2159 3434 2341 3507 σάρκα
2397 3433 2719 3498 τελούντων,
2769 3434 2978 3504 ταύτην
3015 3433 3173 3485 ἔλυσε
3206 3433 3308 3504 τὴν
3352 3434 3610 3503 ἀνάγκην,
3647 3434 3716 3484 aio

2157 3527 2305 3583 πρῶν’
2342 3548 2360 3582 ι
2392 3530 2456 3583 Et
2486 3530 2541 3583 δὲ
2567 3531 2595 3582 6
2621 3528 2847 3591 ἄπιστος
2878 3530 3194 3601 χωρίζεται,
3224 3529 3561 3602 χωριζέσθω.
3588 3546 3604 3579 ι

471 3612 556 3678 qui
595 3627 698 3665 una
748 3624 802 3667 et
854 3616 1048 3669 eadem
1110 3633 1241 3672 caro
1305 3632 1431 3673 esse
1463 3629 1781 3687 censentur,
1852 3619 1995 3676 hanc
2060 3625 2441 3680 necessitatem
2502 3621 2845 3695 perfregerit,
2880 3624 2947 3678 ad
3002 3626 3145 3679 hunc
3194 3625 3413 3679 modum
3465 3623 3712 3694 loquens:

473 3722 493 3757 ι
532 3704 589 3759 Si
627 3714 806 3761 autem
832 3707 1069 3763 inﬁdelis
1092 3711 1339 3775 discedit.
1373 3713 1615 3767 discedat
1642 3714 1710 3767 ³⁸.
1735 3734 1755 3767 ι

904 3824 1257 3882 CCLXXXV.
1284 3852 1355 3867 --
1384 3829 1617 3885 EIDEM.

1161 3918 1366 3973 Simile.

542 4030 655 4100 Ego
687 4047 787 4087 nec
816 4036 1023 4103 peccati
1058 4049 1252 4104 expers
1286 4052 1428 4104 sum,
1460 4054 1562 4093 nec
1607 4039 1813 4107 peccati
1855 4055 2053 4108 exper-

472 4134 553 4177 tes
580 4124 786 4179 amicos
816 4141 1001 4194 quaero
1033 4129 1177 4198 (non
1223 4130 1368 4182 enim
1397 4130 1669 4184 inveniam
1688 4130 1729 4201 ),
1756 4146 1942 4185 verum
1960 4146 2057 4186 eos

471 4216 820 4285 quidemqui
878 4218 1128 4273 maximis
1181 4221 1494 4286 virtutibus,
1530 4237 1593 4277 ac
1650 4224 1836 4292 paucis
1888 4224 2048 4277 mini-

544 4371 589 4403 "
626 4371 786 4437 Rom,
828 4391 928 4441 xu,
962 4376 1049 4434 18.
1128 4377 1174 4411 ’⁸
1221 4378 1238 4432 l
1279 4378 1406 4434 Cor.
1432 4395 1530 4443 vn,
1566 4379 1652 4433 15.

2650 3831 2816 3884 me.
2840 3863 2909 3872 —
2933 3832 3020 3904 Τῼ
3058 3832 3266 3903 arm.

2759 3926 3000 3995 Ὅμοιον
3035 3924 3169 3995 (94).

2247 4038 2390 4107 Ἐγὼ
2429 4038 2542 4092 οὔτ’
2584 4038 2970 4109 ἀναμάρτητός
3010 4040 3146 4107 είμι,
3177 4036 3289 4090 οὔτ’
3331 4038 3720 4109 ἀναμαρτήτους

2164 4131 2312 4201 ζητῶ
2339 4131 2527 4199 φίλους
2553 4130 2665 4203 (95)
2685 4147 2698 4161 ’
2731 4132 2792 4184 οὐ
2824 4130 2933 4202 γὰρ
2961 4131 3212 4200 εὑρήσω·
3245 4130 3386 4185 ἀλλὰ
3416 4132 3539 4194 τοὺς
3578 4131 3721 4183 πολλὰ

2156 4224 2256 4294 μὲν
2287 4224 2381 4277 καὶ
2413 4223 2647 4293 μέγιστα
2677 4222 2897 4294 ἔχοντας
2928 4222 3351 4295 κατορθώματα,
3378 4223 3537 4293 ὀλίγα
3566 4224 3619 4277 δὲ
3645 4222 3721 4277 καὶ

1583 4522 1813 4576 νΑΒυΕ
1856 4521 2242 4577 LECTIONES
2279 4520 2369 4575 ET
2407 4520 2642 4579 NOTAE.

551 4684 664 4756 (88)
711 4683 828 4739 Non
880 4684 1144 4756 Θεοδοσίῳ
1195 4682 1306 4756 sed,
1348 4681 1609 4756 Θεοδώρῳ
1664 4682 1780 4736 luec
1827 4682 2057 4753 epistola

481 4753 801 4813 inseribitur
826 4756 878 4808 iu
908 4756 1028 4808 cod.
1062 4753 1180 4808 vat.
1212 4754 1338 4807 750.
1368 4753 1575 4806 Possm.

555 4826 670 4893 (89)
709 4826 837 4879 Post
867 4824 1131 4895 τρόπαιον
1161 4824 1300 4895 idem
1321 4824 1470 4895 addit.
1505 4822 1585 4877 τό.
1626 4820 1701 4895 In.

553 4891 667 4965 (90)
706 4895 865 4949 Κατὰ
890 4891 1170 4965 Περσῶν.)
1207 4894 1413 4965 Voluit,
1471 4902 1621 4947 certe
1662 4891 1846 4965 debuit
1878 4892 2059 4946 dicere

482 4962 627 5021 κατὰ
652 4962 983 5036 Ἆσσυρίων.
1020 4964 1210 5036 §imile
1238 4964 1461 5036 σφάλμα
1489 4962 1823 5036 μνημονικὸν
1867 4973 2060 5036 notare

486 5039 612 5092 licet
642 5037 781 5092 inl'ra
820 5031 981 5104 epist.
1026 5034 1150 5095 ⁸554,
1199 5035 1287 5089 ubi
1322 5031 1610 5104 Περσικὴν
1628 5031 1865 5104 δύναμινΔ
1888 5032 2061 5085 ιιοιιιί-

486 5118 572 5160 nat
606 5124 702 5179 pro
729 5102 1078 5179 Assyriorum
1106 5105 1367 5179 potentia.
1398 5102 1634 5179 Necdum
1663 5102 2061 5179 enimEzecltia

486 5172 669 5231 rerum
703 5179 754 5230 in
810 5172 994 5230 J'udma
1044 5176 1288 5244 pntieute
1320 5172 1539 5229 Persica
1575 5174 1862 5228 monacltia
1921 5182 2061 5237 erat,

485 5250 578 5302 sed
616 5256 801 5310 postea
839 5249 1055 5299 demum
1085 5246 1269 5311 coepit.
1308 5245 1475 5299 Rt'rr.

561 5318 673 5390 (91)
716 5316 822 5371 Pro
859 5316 1161 5390 ἀξιωθέντα
1181 5317 1331 5390 idem
1360 5314 1675 5390 cod.__ltabet
1707 5313 2061 5390 ἀμοιρούντα.

490 5384 665 5444 νει-εί
695 5397 815 5454 post
859 5388 915 5451 2,
952 5404 1064 5458 ντί),
1090 5385 1416 5458 διαδέξηται-
1438 5384 1853 5458 πόλεμος--ίιειξο
1902 5384 2067 5458 habet

491 5459 616 5516 coll.
657 5453 777 5513 Vat.
820 5458 925 5514 650
955 5453 1234 5529 πρόφασιν
1266 5453 1636 5529 λύποδέξητάι.
1680 5453 1988 5529 Vers’._pos_t
2031 5453 2068 5507 2

493 5530 633 5582 idem
662 5529 791 5598 legit
815 5525 1026 5598 ὲπέπτη
1062 5525 1159 5595 pro
1179 5527 1382 5598 ἐπέστη
1411 5537 1464 5578 et
1497 5525 1642 5580 vers.
1676 5542 1793 5598 seq.
1815 5525 1899 5579 bis
1919 5525 2066 5598 idem

499 5599 640 5669 μήτε
666 5594 818 5668 ponit
844 5614 942 5668 pro
980 5594 1139 5669 μηδέ.
1174 5594 1380 5653 Eodem
1403 5610 1561 5651 versu
1593 5597 1685 5651 καί
1714 5606 1839 5650 ante
1867 5594 2067 5656 κόλαζε

499 5669 650 5723 abest
673 5686 700 5719 a
728 5671 845 5723 cod.
882 5671 1005 5722 Vat.
1033 5671 1109 5723 In.

499 5680 650 5723 abest
673 5686 700 5719 a
728 5680 845 5724 cod.
887 5680 1005 5722 Vat.
1034 5680 1109 5723 ID.

575 5738 686 5810 (9'2)
724 5739 836 5794 Non
871 5739 1216 5813 Θεοπέμπτῳ
1269 5740 1364 5796 sed
1398 5740 1708 5811 Θεοπόμπῳ
1758 5737 2071 5795 inscribitur

2166 4682 2281 4735 haec
2306 4696 2391 4750 ep.
2430 4681 2482 4736 in
2512 4682 2636 4737 cod.
2672 4680 2797 4737 Vat.
2831 4679 2959 4736 650.
2998 4680 3207 4735 Possm.

2237 4744 2355 4822 (95)
2391 4751 2497 4807 Pro
2524 4750 2772 4814 ἀσθενεῖς
2802 4750 2943 4822 idem
2975 4751 3261 4822 cod.__legit
3291 4747 3544 4822 θεσμούς.
3579 4744 3712 4822 vers.

2166 4817 2286 4889 post
2313 4817 2471 4877 tertio
2508 4838 2607 4892 pro
2639 4820 2853 4892 ὶιίεκτῷ
2893 4817 3206 4892 Ἀποᾼστόλῳ
3247 4819 3345 4892 τοῦ
3371 4817 3417 4872 θ’
3448 4817 3721 4892 mugiunt:

2166 4887 2332 4981 habet
2378 4887 2524 4981 cadi
2553 4890 2673 4981 Vat.
2713 4887 2840 4981 6&0,
2900 4890 3052 4981 παρά
3086 4887 3184 4942 τοῦ
3245 4887 3565 4981 ’.θποστόλου
3606 4887 3719 4981 ὅπερ

2170 4963 2362 5031 μαθεῖν
2401 4962 2576 5025 ὴθέλ.,
2602 4970 2710 5017 etc.
2748 4959 2905 5015 Vers.
2935 4959 3059 5014 inde
3089 4962 3327 5015 secundo
3368 4960 3573 5013 sublato
3595 4966 3713 5008 aste-

2168 5034 2310 5118 risco
2337 5044 2391 5118 et
2421 5033 2687 5117 6ta‘id‘eut
2721 5032 2935 5118 reponit
2955 5028 3479 5118 767t'ouLYers‘zseq.‘

2163 5101 2239 5165 ὡς
2276 5102 2450 5173 ἔφθην
2486 5102 2681 5164 εἰπὼν,
2722 5104 2750 5153 6
2779 5095 2966 5167 λόγος·
3024 5100 3057 5171 ἢ
3092 5101 3244 5165 ὅταν,
3288 5095 3572 5164 etc.,_cod.
3610 5095 3710 5146 Val-

2165 5173 2270 5228 650
2319 5175 2399 5229 sic
2449 5174 2631 5233 habet,
2671 5172 2756 5242 εἴη
2788 5172 2833 5248 6_
2855 5171 3012 5237 λόγος
3046 5170 3144 5248 ᾡς.
3170 5170 3336 5248 ἔφην,
3370 5169 3576 5248 ἢ-ὅταγ,
3623 5175 3713 5248 etc.

2165 5258 2310 5319 vers.
2340 5253 2602 5319 autepcn.
2646 5238 2875 5319 ερίτῶν
2900 5254 2962 5319 et_
2992 5238 3291 5319 τελούντων
3324 5243 3377 5294 iu
3396 5238 3545 5294 ’duali
3580 5238 3708 5307 ponit

2167 5314 2288 5390 cod.
2312 5312 2458 5390 Na}.
2478 5309 2609 5390 θὸθ,
2650 5309 2771 5390 τοῖν
2801 5322 2856 5365 et
2882 5310 3209 5390 τελούντοιν.
3242 5309 3348 5390 ln._
3528 5378 3539 5390 .

2243 5385 2354 5454 (94)
2395 5386 2434 5436 A
2480 5372 2636 5438 titulo
2681 5385 2841 5453 hujus
2870 5396 2958 5452 ep.
2998 5382 3153 5436 abest
3185 5396 3288 5436 vox
3322 5382 3502 5451 ὅμοιος
3527 5378 3575 5432 in
3607 5372 3707 5430 eod.

2172 5453 2297 5511 Vat.
2331 5454 2458 5509 650.
2488 5454 2560 5506 Ιῐ).

2599 5534 2657 5578 ιιι
2687 5524 2763 5577 ait
2798 5521 3077 5587 Horatius,

2253 5661 2405 5715 Vitiis
2438 5678 2587 5715 nemo
2610 5662 2723 5715 sine
2748 5660 3002 5721 nascitur,
3030 5658 3258 5728 optimus
3286 5656 3375 5713 ille
3404 5665 3496 5722 est,

2251 5734 2355 5799 Qui
2384 5734 2613 5789 minimis
2639 5742 2873 5803 urgetur.
2905 5729 3071 5785 Rtn.
