3894 6412
161 354 236 420 961

882 342 1422 405 EPISTOLARUM
1458 339 1607 402 LIB.
1650 338 1765 397 III,
1801 361 1874 374 ι’-
1911 338 2151 398 EPIST.
2190 336 2620 399 CCLXXXVII.

3281 335 3388 400 962

162 472 377 537 ἐλάχιστα
421 461 779 529 ἐλαττώματα
821 457 1060 527 ἑγκρίνω
1088 452 1168 522 τῷ
1198 451 1312 523 (96)
1356 448 1503 519 χορῷ
1525 465 1539 478 ·
1577 447 1703 510 τοὺς

1839 448 2020 518 nisque
2050 448 2194 501 vitiis
2244 448 2453 516 praediti
2518 455 2666 514 sunt,
2700 446 2753 500 in
2799 448 3101 501 amicorum
3152 447 3383 503 classem

160 556 437 617 δ’ὲναντίως
477 554 592 616 τοῖς
624 550 934 622 εἰρημένοις
964 544 1343 616 διακειμένους
1377 542 1502 596 οὔτε
1536 558 1703 594 κατα-

162 653 323 724 ριθμῶ,
346 648 471 701 οὐτε
497 643 880 715 άποκηρύττω.
908 641 982 695 Οὐ
1006 637 1330 710 καταριθμῶ
1359 634 1479 706 μὲν,
1511 633 1599 686 ἴνα
1628 633 1703 703 μὴ

159 741 371 811 διαϐολὴν
432 738 777 809 ἐργάσωνται
838 732 917 803 τῷ
970 731 1252 800 συλλόγῳ·
1305 727 1531 781 εἰώθασι
1596 725 1705 794 γὰρ

160 836 323 895 πάντες
355 831 463 884 ἀπὸ
494 828 602 882 τῶν
638 827 903 880 συνόντων
937 824 1061 886 τοὺς
1087 822 1284 892 ἄνδρας
1318 819 1523 890 κρίνειν
1558 816 1667 887 (97)
1691 832 1705 845 ⁶

157 930 234 981 οὐκ
248 922 602 994 άποκηρύττω
625 920 703 983 δὲ,
728 918 919 971 ἐλπίδα
946 917 1130 977 αὐτοῖς
1155 911 1365 981 ἀγαθὴν
1392 906 1706 979 ἐγκαταλεί-

160 1038 267 1073 πων.
289 1019 414 1079 Τοῖς
447 1014 549 1085 μὲν
588 1012 698 1082 γὰρ
727 1011 823 1063 καὶ
865 1007 1190 1079 συμϐούλοις
1229 1004 1323 1059 καὶ
1358 1003 1531 1071 φίλοις
1565 1000 1709 1073 χρώ-

163 1129 263 1183 μαι·
285 1112 395 1171 τοῖς
414 1107 473 1161 δὲ
499 1107 559 1160 οὐ
584 1103 805 1175 πολεμῶ
831 1102 948 1173 μὲν,
975 1100 1111 1154 ἀλλὰ
1130 1099 1229 1170 τὴν
1252 1095 1606 1167 ἐνδεχομένην
1631 1093 1707 1145 εί-

165 1206 298 1273 ρήνην
316 1200 463 1270 νέμω
486 1198 596 1269 (98)
612 1196 691 1267 (τὸ
708 1192 1063 1250 ἀποστολικὸν
1085 1191 1373 1261 φυλάττειν
1392 1186 1708 1251 σπουδάζων

165 1293 438 1359 θέσπισμαο
487 1307 507 1339 ι
542 1287 605 1340 Ei
635 1285 880 1349 δυνατὸν,
910 1282 973 1336 τὸ
1001 1280 1062 1347 ἐξ
1101 1280 1274 1351 ὑμῶν,
1313 1277 1448 1349 μετὰ
1492 1277 1709 1330 πάντων

164 1382 425 1453 ἀνθρώπων
448 1376 837 1453 εἰρηνεύοντες.
855 1395 873 1426 ι
900 1373 1158 1443 Παραινῶ
1186 1372 1242 1424 δὲ
1274 1368 1575 1438 ἀπέχεσθαι
1613 1366 1709 1437 μὲν

164 1477 342 1538 κακίας,
372 1470 688 1541 ἀντέχεσθαι
737 1468 795 1521 δὲ
834 1465 1058 1539 ἀρετῆς.
1091 1465 1154 1517 Ei
1198 1463 1243 1515 δ’
1285 1461 1438 1513 αὐτοὶ
1471 1458 1569 1528 τὴν
1602 1474 1708 1511 πα-

168 1568 367 1640 ραίνεσιν
388 1564 589 1635 ἔχθρας
614 1560 868 1614 ὑπόθεσιν
894 1554 1388 1616 κατασκευάσουσι,
1414 1550 1591 1620 λύπην
1621 1565 1710 1617 μοι

161 1639 209 1712 οὐ
240 1657 428 1729 μικράν
470 1655 549 1726 τῷ
584 1654 659 1726 μὴ
688 1650 1038 1723 ὠφελεῖσθαι,
1071 1648 1133 1702 ού
1164 1645 1242 1717 τῷ
1288 1639 1710 1711 ὲκπολεμεῖσθαι

162 1750 573 1822 προξενήσουσιν.

592 2049 871 2115 xuqn—
908 2044 1077 2116 ΗΛΙᾼ
1116 2041 1252 2116 (99).

215 2170 329 2223 Ὀτε
354 2167 383 2219 ό
416 2166 517 2236 τῆς
552 2161 900 2230 δικαιοσύνης
930 2160 1082 2230 ἥλιος
1117 2155 1412 2227 οὐρανόθεν
1442 2154 1528 2208 ἐπ’
1564 2152 1719 2224 εὐερ⁴

162 2260 292 2332 γεσίᾳ
321 2258 429 2311 τῶν
467 2253 774 2326 ἀνθρώπων
810 2250 956 2322 δεῦρ’
1002 2249 1283 2318 ἐπεφάνη,
1313 2247 1436 2300 τότε
1485 2245 1548 2315 δὴ
1597 2244 1719 2297 τότε

162 2353 383 2422 καθάπερ
409 2350 465 2402 ἐν
497 2364 607 2401 τινι
650 2345 948 2417 παλιρροία
978 2342 1322 2415 πραγμάτων
1360 2340 1439 2402 εἰς
1466 2336 1721 2407 ὁσιότητα

162 2446 217 2499 τά
241 2446 327 2499 ὅλα
364 2441 623 2514 μετέστη.
671 2437 1063 2508 Πανηγυρικῆς
1103 2434 1212 2505 γάρ
1257 2428 1554 2501 εὐκοσμίας
1591 2443 1724 2496 τυγ-

165 2540 363 2609 χάνοντα
401 2536 643 2607 ἄμοιρα,
688 2533 783 2585 καὶ
825 2529 1031 2600 ἑορτῶν
1070 2528 1169 2599 μὲν
1202 2524 1459 2596 ὀνόμασιν
1487 2519 1725 2590 ἀναϐρυ-

165 2631 351 2701 νόμενα,
384 2626 583 2689 κακίας
609 2625 666 2678 δὲ
693 2623 933 2694 δράμασι
965 2617 1428 2691 καθυϐριζόμενα,
1460 2616 1540 2678 είς
1571 2613 1721 2667 θείαν

165 2722 240 2775 καὶ.
273 2718 638 2789 ύπερκόσμιον
690 2711 1135 2787 μετερρυθμίσθη
1197 2710 1528 2779 πανήγυριν,
1574 2704 1723 2759 διδα-

164 2814 331 2885 χθέντα
358 2811 662 2882 όμηγύριον
692 2807 768 2878 (1)
805 2807 975 2869 ὅντως
1005 2802 1259 2875 ἡγεῖσθαι
1291 2800 1389 2871 τὴν
1420 2797 1723 2862 εὐσέϐειαν,

161 2908 267 2960 ὅταν
310 2905 543 2977 μάλιστα
587 2901 692 2955 ὑπὸ
720 2900 820 2968 τῆς
868 2898 1099 2969 ἀρετῆς,
1147 2894 1339 2961 ὥσπερ
1374 2890 1605 2962 εὐαγοΰς
1650 2889 1726 2941 ἱε-

164 3001 312 3071 ρείας,
341 2995 731 3070 θεραπεύηται.

1805 541 2066 596 ascribo:
2100 556 2194 594 eos
2258 549 2464 604 autem,
2498 539 2589 607 qui
2643 549 2828 593 contra
2880 540 3057 593 an‘ecti
3105 548 3251 604 sunt,
3287 556 3388 594 nec

1806 647 2057 695 numero,
2080 647 2179 685 nec
2223 646 2412 685 rursus
2443 630 2656 685 abdico.
2691 630 2828 693 Non,
2859 630 3103 697 inquam,
3129 647 3383 695 numero,

1809 742 1877 782 ne
1901 727 2062 782 ccetui
2089 736 2276 780 nostro
2332 727 2662 781 calumniam
2720 727 2956 781 eiiiciant
2992 726 3163 796 (apud
3193 744 3385 783 omnes

1807 821 1950 873 enim
1991 820 2096 873 hoc
2127 818 2180 872 in
2201 818 2595 873 consuetudine
2634 819 2866 887 positum
2896 829 3001 885 est,
3036 829 3386 889 utquemqne

1810 927 1874 965 ex
1901 911 1986 977 iis,
2012 910 2251 979 quicum
2276 925 2341 961 eo
2380 912 2826 964 consuetudinem
2858 911 3345 978 habent,judiceut
3371 928 3389 968 :

1810 1022 1919 1059 non
1944 1014 2126 1057 autem
2186 1004 2396 1065 abdico,
2444 1019 2594 1073 spem
2622 1005 2752 1074 ipsis
2806 1006 3002 1059 bonam
3051 1006 3387 1073 relinquens.

1811 1098 1924 1153 lllis
1961 1097 2105 1151 enim
2143 1105 2196 1149 et
2242 1095 2592 1160 consiliariis,
2630 1108 2684 1148 et
2751 1096 2941 1150 amicis
2988 1106 3109 1150 utor
3140 1114 3154 1151 :
3191 1096 3276 1151 his
3302 1113 3392 1150 au-

1817 1197 1922 1239 tem
1979 1202 2084 1239 non
2117 1185 2311 1239 bellum
2349 1185 2543 1249 infero,
2581 1191 2673 1240 sed
2724 1202 2884 1255 quam
2938 1202 3179 1256 possum,
3204 1203 3391 1256 pacem

1817 1279 2012 1344 tribuo,
2046 1277 2398 1346 apostolicam
2429 1277 2639 1332 scilicet
2692 1280 2863 1348 legem
2898 1293 3113 1333 servare
3146 1280 3389 1333 studens.

1820 1390 1839 1423 ι
1877 1372 1932 1427 Si
1958 1372 2070 1425 ﬁeri
2102 1379 2298 1441 potest,
2333 1380 2593 1440 quantum
2632 1371 2682 1424 in
2716 1371 2867 1425 vobis
2915 1378 3018 1435 est,
3044 1385 3231 1439 pacem
3266 1385 3389 1423 cmn

1814 1464 2066 1519 omnibus
2109 1461 2421 1515 hominibus
2459 1461 2747 1530 habentes;
2778 1475 2912 1516 »εοε
2932 1470 3112 1513 autem
3177 1473 3392 1519 moneo,

1816 1556 2090 1612 utavitio
2153 1555 2425 1609 absistant
2490 1569 2555 1608 ac
2618 1533 2873 1607 virtutem
2942 1550 3395 1620 complectantur.

1815 1648 1969 1716 Quod
2000 1650 2042 1702 si
2076 1648 2176 1718 ipsi
2205 1645 2490 1701 consilium
2517 1660 2694 1699 meum
2744 1644 2795 1698 in
2836 1642 2943 1697 odii
2974 1652 3136 1711 atque
3156 1638 3398 1694 inimici-

1820 1740 1906 1794 tite
1936 1739 2279 1794 occasionem
2319 1736 2612 1795 traxerint.
2654 1734 2800 1789 haud
2846 1749 3072 1804 parvum
3107 1744 3398 1785 mmrorem

1818 1833 1959 1904 (non
1993 1832 2135 1901 quod
2186 1831 2530 1885 inimicitiam
2595 1828 2729 1881 mihi
2787 1825 3107 1891 indixerint,
3138 1825 3231 1878 sed
3254 1821 3401 1893 quod

1815 1922 2021 1978 nullam
2047 1920 2334 1976 utilitatem
2367 1920 2702 1989 acceperint)
2738 1917 2866 1970 mihi
2908 1924 3212 1971 accersent.

2243 2031 2615 2089 CCLXXXVI.
2635 2059 2704 2071 -
2723 2027 2976 2086 ﬂELlAS.

1888 2148 2521 2222 Quotemporejustitiae
2566 2147 2645 2203 sol
2704 2149 2771 2201 ad
2816 2147 3063 2201 homines
3120 2144 3403 2200 beneﬁciis

1818 2245 2127 2302 aﬂiciendos
2160 2258 2191 2298 e
2222 2242 2361 2297 c0310
2393 2241 2499 2295 huc
2530 2241 2781 2303 accessit,
2817 2248 2927 2293 tum
2974 2238 3231 2307 denique,
3256 2239 3408 2293 velut

1820 2340 1873 2396 in
1909 2342 2142 2410 quadam
2199 2351 2384 2392 rerum
2447 2334 2881 2405 reciprocatione
2937 2334 3004 2387 ad
3061 2334 3404 2389 sanctitatem

1821 2433 2006 2489 omnia
2062 2427 2583 2501 migrarunt.372
2638 2426 2774 2481 Nam
2821 2441 2944 2481 cum
3009 2426 3160 2496 prius
3213 2425 3409 2481 lestivo

1822 2535 2018 2582 ornatu
2066 2531 2336 2585 carerent,
2373 2534 2440 2575 ac
2487 2518 2752 2573 festorum
2817 2517 3035 2587 quidem
3096 2518 3405 2572 nominibus

1824 2617 2184 2680 exsultareut,
2214 2622 2469 2668 caeterum
2504 2611 2619 2665 vitii
2674 2612 2897 2682 tragicis
2929 2611 3239 2665 actionibus
3271 2610 3412 2666 infa-

1827 2719 2127 2772 marentur,
2162 2711 2228 2762 ad
2263 2704 2504 2759 divinam
2550 2719 2615 2758 ac
2666 2702 2942 2759 caelestem
3006 2701 3410 2759 solemnitatem

1826 2818 2092 2860 conversa
2149 2808 2297 2865 sunt,
2329 2799 2464 2853 illud
2495 2798 2685 2851 edocta
2716 2809 2902 2848 verum
2958 2791 3157 2846 festum
3218 2782 3417 2848 existi:

1829 2909 1979 2948 mare
2009 2890 2289 2962 pietatem,
2317 2902 2381 2942 ac
2439 2882 2742 2955 praesertim
2803 2897 2925 2936 cum
2977 2898 3006 2937 a
3045 2881 3244 2937 virtute
3298 2894 3414 2937 tan-

1829 2998 1991 3054 quam
2016 2998 2044 3035 a
2080 2981 2165 3051 pia
2188 2977 2422 3048 quadam
2453 2976 2700 3031 sacriﬁca
2725 2972 2943 3029 colitur.

162 3132 305 3186 zuz'.
342 3162 408 3172 —
461 3126 617 3183 Ton:
684 3120 1158 3199 sensurae!
1227 3111 1722 3172 ΠΡΕΣΒΥΤΕΡΟΥ

1867 3115 2267 3175 CCLXXXVH.
2291 3108 2629 3199 -—BONIﬂ'l
2651 3106 3128 3199 ΙΞΒΕΘΒΥΤΕΒΙ
3175 3107 3381 3165 DISCI-

670 3193 1043 3251 «portunus
1086 3190 1186 3262 (ε).

219 3315 419 3384 Ὥσπερ
470 3311 703 3383 σώφρων
751 3309 892 3379 γυνὴ
943 3306 1037 3360 ἐπὶ
1100 3303 1197 3358 τοῦ
1262 3298 1556 3373 προσώπου
1622 3296 1724 3366 τῆς

160 3405 360 3473 ἁγνείας
397 3406 469 3458 τὰ
514 3401 759 3473 σύμϐολα
806 3399 1067 3471 φέρουσα,
1111 3394 1211 3458 τὰς
1245 3392 1355 3446 τῶν
1405 3389 1723 3449 ἀκολάστως

158 3494 389 3564 ὁρώντων
443 3493 665 3558 κολάζει
732 3489 1061 3562 προσδοκίας
1084 3500 1099 3515 ⁶
1146 3485 1290 3538 οὕτω
1340 3482 1437 3535 καὶ
1487 3479 1721 3549 σώφρων

160 3586 289 3657 ψυχὴ
326 3588 421 3640 ὲπὶ
463 3584 575 3639 τῶν
619 3584 926 3652 αἰσθήσεων
976 3580 1222 3651 φέρουσα
1259 3576 1358 3646 τῆς
1406 3571 1610 3645 ἀρετῆς
1655 3569 1728 3622 τὰ

161 3678 461 3748 συνθήματα
501 3676 603 3739 τὰς
648 3693 758 3728 των
811 3674 1147 3743 διαφθείρειν
1185 3669 1390 3739 αὐτῆς,
1437 3666 1538 3735 τὴν
1580 3663 1728 3735 ὥραν

162 3769 485 3841 βουλομένων
529 3768 842 3822 διεκκόπτει
898 3764 995 3837 (3)
1055 3761 1300 3824 ἐλπίδας.
1346 3758 1444 3821 Τίς
1490 3755 1601 3825 γάρ
1639 3754 1732 3808 τὸν

160 3860 382 3914 τοιοῦτον
430 3860 577 3931 όρῶν
617 3856 917 3929 ὀφθαλμὸν,
959 3853 1260 3926 ἠμερότητι
1294 3850 1389 3905 καί
1426 3846 1733 3918 ἐλευθεριό-

159 3970 268 4023 τητι
326 3952 689 4024 κεκραμένον,
748 3947 1069 4022 προσελθεῖν
1134 3944 1466 4015 τολμήσειε;
1516 3940 1613 4003 Τίς
1670 3938 1730 3991 δὲ

160 4047 390 4115 γλῶτταν
459 4045 796 4117 σεμνότητος
861 4037 1027 4095 οὖσαν
1070 4039 1298 4110 τέμενος
1321 4077 1337 4103 ,
1380 4036 1482 4089 οὐκ
1530 4032 1732 4090 ἄϐατον

159 4140 293 4211 αὐτῷ
336 4140 435 4211 τὴν
467 4138 685 4210 ὁμιλίαν
718 4138 925 4206 νομιεῖ;
968 4134 1065 4197 Τίς
1109 4132 1166 4187 δὲ
1207 4131 1308 4195 τὰς
1344 4128 1511 4191 ἄλλας
1538 4123 1734 4196 αἰσθή-

163 4250 264 4296 σεις
293 4233 601 4302 θεώμενος,
648 4234 861 4299 ἁρετων
909 4227 1077 4290 οὔσας
1124 4225 1357 4296 ὄργανα,
1400 4222 1461 4275 ού
1494 4216 1735 4288 φοϐηθή-

162 4340 301 4379 σεται
325 4322 910 4397 παμσυμϐουλευσαη
934 4318 1144 4374 Οὐκοῦν
1176 4318 1271 4370 καὶ
1301 4316 1478 4385 ὑμεῖς,
1502 4306 1548 4365 ὦ
1579 4310 1732 4381 φίλου

161 4413 357 4480 λέοντος
396 4414 599 4485 εὐγενῆ
654 4412 1044 4484 βλαστήματα,
1095 4408 1329 4470 ἀϐάτους
1378 4402 1607 4466 ἑαυτοὺς
1654 4400 1732 4471 (4)

2508 3178 2734 3237 PULIS.

1900 3295 2363 3365 Quemadmodum
2419 3293 2616 3364 pudica
2677 3290 2892 3355 mulier,
2943 3290 3211 3346 castitatis
3260 3300 3416 3347 notas

1829 3390 1883 3444 in
1924 3388 2062 3444 facie
2085 3394 2323 3457 gestans,
2350 3399 2540 3439 eorum
2583 3382 2676 3451 qui
2711 3382 3016 3451 impudicos
3046 3381 3101 3436 in
3137 3397 3256 3436 eam
3284 3398 3417 3436 oeu-

1830 3484 1913 3538 los
1969 3482 2292 3550 conjiciunt,
2350 3477 2789 3547 exspectationes
2845 3474 3095 3546 reprimit
3150 3491 3166 3529 :
3227 3475 3419 3529 eodem

1836 3576 1996 3630 modo
2026 3575 2221 3644 pudica
2270 3570 2449 3625 anima
2506 3568 2724 3624 virtutis
2759 3577 2999 3622 tesseras
3054 3568 3108 3621 in
3166 3567 3420 3621 sensibus

1836 3668 2038 3731 ferens,
2079 3679 2289 3727 eorum,
2319 3661 2409 3729 qui
2444 3660 2614 3730 ipsius
2662 3657 3117 3727 pulchritudinem
3176 3673 3419 3714 corrum-

1837 3769 1967 3825 pere
1990 3753 2234 3823 cnpiunt,
2258 3763 2383 3820 spes
2419 3748 2678 3802 excindit.
2718 3748 2977 3814 Quisnam
3020 3748 3167 3802 enim
3228 3748 3421 3817 hujus-

1839 3846 1982 3902 modi
2019 3844 2235 3899 oculum
2297 3843 2562 3898 suavitate
2588 3848 2642 3894 et
2672 3838 3005 3909 ingenuitate
3064 3850 3422 3909 temperatum

1838 3935 2202 4006 conspiciens,
2264 3931 2487 4002 propius
2546 3930 2808 3983 accedere
2871 3930 3109 3985 audeat?
3162 3931 3422 3997 Quisnam

1840 4037 2019 4085 autem
2058 4027 2316 4096 linguam,
2348 4037 2470 4094 quae
2512 4021 2818 4078 honestatis
2840 4032 2897 4076 et
2926 4022 3210 4091 gravitatis
3267 4022 3421 4077 delu-

1841 4123 2000 4178 brum
2036 4120 2127 4183 sit,
2159 4120 2401 4182 intuens,
2432 4132 2539 4171 non
2572 4117 2676 4171 sibi
2711 4117 2918 4171 aditum
2937 4129 3155 4169 omnem
3191 4115 3259 4169 ad
3287 4130 3423 4170 con-

1841 4229 2086 4285 gressum
2118 4226 2406 4267 venereum
2430 4208 2784 4264 interclusum
2806 4207 3136 4263 arbitretur?
3162 4207 3423 4273 Quisnam

1842 4307 2080 4376 denique
2110 4307 2351 4375 reliquos
2372 4320 2564 4361 sensus
2607 4304 2872 4358 virtutum
2901 4302 3265 4356 instrumenta
3304 4314 3423 4354 esse

1842 4397 2305 4462 animadvertens,
2338 4400 2727 4465 praeposterum
2777 4389 3062 4447 consilium
3100 4387 3230 4442 dare
3264 4385 3423 4441 mini-

1251 4556 1490 4614 VARiA‘J
1532 4550 1917 4611 LECTIONES
1956 4550 2046 4605 ET
2085 4547 2317 4605 NOTAE.

226 4731 333 4803 (96)
367 4731 511 4786 Inter
547 4728 627 4800 τῷ
675 4736 727 4781 et
760 4724 907 4798 χορῷ
949 4722 1146 4778 inserit
1194 4719 1358 4784 idem,
1390 4716 1499 4771 τῶν
1544 4712 1734 4784 φίλων.

163 4799 529 4942 p0(siis"il')‘.Talis
552 4881 676 4924 esse
718 4867 951 4942 quisque
984 4860 1358 4942 prazsurnitur,
1390 4856 1581 4942 quales
1604 4862 1733 4942 sunt

160 4929 477 5013 illi‘qu'orum
500 4929 897 5013 consuetudine
921 4929 1114 4988 utitur.
1142 4929 1282 4986 Hine
1312 4938 1461 4984 recte
1495 4940 1742 4999 pronun-

163 5010 312 5067 tiavit
340 5010 629 5080 Euripides
654 5025 667 5060 :

226 5103 414 5164 Ὅστις
437 5100 483 5153 δ’
518 5096 725 5168 όμιλῷν
752 5093 941 5165 ἥδεται
973 5091 1166 5168 κακοῖς
1192 5088 1364 5168 άνὴρ,

224 5174 297 5225 Οὐ
328 5159 537 5225 πώποτ’
554 5159 849 5238 ’ἠρώτησα,
876 5160 1163 5238 γινώσκων
1190 5159 1274 5238 ὅτι

224 5241 473 5304 Τοιοῦτός
504 5228 653 5292 ἐστίν
686 5228 1099 5305 οἷσπερῆδεται
1130 5228 1325 5295 ξυνών.

227 5332 283 5389 Si
305 5333 423 5403 quis
450 5328 717 5383 malorum
747 5323 974 5403 gaudeat
1006 5319 1293 5403 consortia,

228 5382 592 5473 Ῑῖοῖῃᾷιιίωνο,
618 5382 852 5473 ᾳιιιιιῖαηι
880 5394 925 5445 is
956 5392 1212 5460 praeditus
1244 5382 1314 5443 sit
1345 5382 1523 5473 ipdole
1550 5397 1568 5436 :

229 5456 360 5527 Sam
386 5456 589 5532 certus,
624 5456 813 5520 iisdem
841 5456 1057 5532 prorsus
1095 5477 1210 5516 esse
1226 5456 1482 5514 moribus.

233 5544 432 5598 Confer
458 5557 548 5610 ep.
568 5538 640 5593 55
665 5537 759 5590 lib.
790 5533 957 5587 Rm.

227 5635 339 5706 (98)
375 5634 482 5688 Pro
504 5632 660 5706 νέμω
678 5627 881 5706 scribit
915 5625 1055 5706 idem
1086 5622 1207 5679 cod.
1237 5622 1439 5706 νέμων.
1459 5621 1517 5703 ,Ε
1536 5632 1737 5706 contra

162 5693 417 5773 veropro
461 5693 780 5773 σπουδάζων
834 5696 986 5766 ponit
1033 5696 1086 5748 in
1133 5693 1390 5773 pratsenti
1417 5693 1738 5773 “indicativi

164 5761 469 5841 σπουδάζω.
498 5770 657 5828 Vers.
683 5761 813 5839 post
836 5761 1051 5837 'quarto
1090 5761 1566 5827 κατασκεύαζουσι
1606 5764 1741 5819 scri-

1848 4710 1928 4766 bit
1955 4709 2009 4763 in
2044 4705 2390 4778 subjunctivo
2423 4704 2906 4778 κατασκευάσωσι,
2944 4713 2997 4778 et
3026 4715 3174 4778 vers.
3201 4699 3300 4754 ult.
3334 4714 3424 4771 ep.

1843 4795 1959 4851 pro,
1978 4770 2403 4851 ἐκπολεμεῖσθαι
2435 4774 3063 4851 Ιιδὺςιλεκπολεμιῖκξθαι.
3093 4770 3308 4851 [:osstu.

1918 4850 2057 4973 (99%
2077 4842 2226 4902 Hanc
2260 4862 2347 4915 ep.
2394 4861 2500 4900 non
2541 4846 2719 4916 Ἠλίᾳ,
2754 4842 2847 4899 sed
2890 4844 2967 4913 τῷ
3002 4843 3151 4914 αὐτῷ
3179 4842 3428 4896 inscribit

1918 4923 1970 4973 d.
2064 4929 2138 4973 at.
2174 4918 2300 4973 650.
2330 4918 2391 4970 ν.
2433 4918 2467 4970 5
2496 4931 2584 4973 en.
2629 4932 2726 4973 pro
2767 4914 3066 4973 παλιῤῥοία
3101 4914 3261 4967 habet
3295 4930 3428 4973 προ·

1845 4914 1970 4975 cod.
2013 4914 2138 4974 Vat.
2174 4914 2307 4973 65οζ
2330 4918 2391 4970 ν.
2433 4918 2467 4987 5
2496 4931 2584 4987 ep.
2629 4914 2726 4983 pro
2755 4914 3261 4987 _rta.)tt{2poiqt__ltabet
3295 4930 3428 4983 προ.

1844 4990 1988 5062 νοίᾳ.
2024 4990 2183 5062 Yers.
2208 4990 2242 5043 4
2271 4997 2397 5062 ante
2424 4981 2677 5062 61a_'deie
2704 4985 2775 5039 τά
2799 5001 2870 5062 ex
2893 4981 3020 5062 cod.
3041 4981 3179 5037 'Vat.
3210 4981 3288 5062 in.

1914 5054 1993 5132 (ἰ)
2028 5060 2133 5114 Pro
2172 5058 2476 5132 ὁμηγύριον
2520 5058 2661 5132 idem
2708 5059 2832 5132 cod.
2893 5058 3054 5132 habet
3092 5054 3427 5132 πανήγυριν.

1847 5123 2001 5187 Vers.
2037 5145 2152 5199 seq.
2187 5123 2530 5199 ῥτόίερείας
2557 5128 2696 5182 idem
2727 5126 2859 5199 legit
2898 5127 3072 5199 ἱερᾶς.
3097 5123 3180 5199 Ie.

1919 5200 1995 5271 ('2)
2036 5192 2135 5253 Ed'.
2177 5192 2352 5271 Paris.
2380 5192 2625 5271 legebat,
2660 5192 3025 5271 τοῐςίβοηθοίς
3063 5193 3161 5271 τού
3220 5192 3428 5271 ίπρεσϐ.

1848 5262 2154 5341 φοίτηταῖς,
2169 5262 2498 5341 “Presbyteri
2516 5262 2870 5341 adiutoribus
2890 5262 3192 5335 discipulis.
3218 5262 3429 5320 Lectio-

1847 5338 1969 5395 uem
1998 5338 2132 5395 cod.
2168 5338 2342 5393 Vatic.
2376 5338 2679 5404 sequimur.
2719 5338 2879 5392 Eun.

1917 5410 1994 5482 (3)
2034 5409 2140 5464 Pro
2196 5408 2862 5482 διεκκόςιττεει-οοόηνξιιἱ
2910 5407 3071 5482 habet
3118 5406 3427 5482 διακόπτει.

1848 5477 1998 5535 Vers.
2026 5495 2144 5549 seq.
2177 5496 2273 5549 pro
2298 5478 2578 5547 ὀφθαλμόν
2614 5479 2743 5547 legit
2766 5477 3084 5549 ὀφθαλμῶν.
3118 5481 3275 5534 Vera.
3305 5486 3428 5546 post

1842 5561 2037 5620 quarto
2070 5548 2169 5619 pro
2204 5550 2512 5620 αὑτῷγιοειι
2550 5549 2751 5619 ἑαυτῷ.
2789 5548 3000 5620 Possm.

1912 5621 1987 5691 (ι)
2032 5618 2160 5675 Ροει
2187 5618 2415 5691 ἑαυτούς
2465 5618 2605 5691 idem
2652 5618 2953 5691 cod._addit
2985 5621 3126 5688 ταῖς,
3171 5628 3229 5675 et
3278 5631 3422 5673 vers.

1838 5688 1934 5763 seq
1967 5688 2088 5762 'pl'o
2116 5688 2346 5757 ἑαυτῶν,
2375 5690 2566 5744 ἑαυτόν
2593 5688 2740 5759 legit.
2774 5689 2850 5743 In.
