3894 6412
501 339 608 401 963
1677 337 1738 395 S.
1781 335 2074 396 ISIDORI
2113 333 2555 394 PELUSIOTE
3657 337 3753 400 96.5

503 463 593 502 me
649 446 1042 516 pertimescat?
1091 443 1355 511 Quocirca
1409 458 1505 499 vos
1543 458 1781 513 quoque,
1831 460 1864 497 o
1914 445 2089 497 leonis

2210 444 2563 507 litasttoziaat;
2591 443 2900 507 συνουσίαις
2925 443 3313 515 διατηρήσατε,
3339 444 3426 498 ἵνα
3449 445 3542 499 καὶ
3568 447 3621 500 τὸ
3647 452 3756 504 ἐαυ-

503 540 636 593 mihi
660 539 816 594 chari
855 537 1062 593 nobiles
1087 543 1250 602 fetus,
1279 539 1353 590 ita
1399 551 1495 590 vos
1548 538 1907 601 conservetis,
1937 545 1996 590 ut
2024 537 2091 590 iis

2210 535 2309 589 τῶν
2359 537 2452 588 καὶ
2480 536 2539 588 τὸ
2572 535 2827 606 πατρῷον
2861 536 3133 608 αύξήσητε
3167 537 3345 599 κλέος.

506 634 968 688 familiaritatibus
1021 633 1201 687 nullus
1240 625 1464 687 omnino
1514 632 1579 686 ad
1631 648 1726 687 vos
1783 633 1963 686 aditus
1999 641 2231 702 pateat:
2303 647 2412 702 quo
2481 641 2539 687 et
2592 641 2850 698 vestram,
2899 643 2956 686 et
3038 641 3315 699 paternam
3401 631 3621 702 gloriam
3675 649 3760 687 au-

504 741 700 799 geatts.

541 841 966 898 CCLXXXVIII.
984 873 1056 884 —-
1072 841 1464 898 NILAMMONI
1517 842 1606 897 ET
1661 841 2061 898 NILAMMONI.

577 951 994 1022 Homonymiam
1063 953 1280 1021 quidem
1335 951 1488 1007 vobis
1552 961 1824 1020 parentes,
1855 965 2093 1022 synony-

507 1045 669 1098 miam
693 1053 871 1098 autem
901 1058 1082 1098 mores
1117 1044 1508 1112 imposuerunt.
1544 1041 1696 1095 Illam
1739 1043 1884 1096 enim
1929 1057 1956 1095 a
2001 1056 2093 1111 pa-

506 1138 752 1192 rentibus
775 1136 1086 1190 obtinuistis
1112 1155 1123 1189 :
1154 1137 1294 1191 hanc
1327 1147 1505 1192 autem
1543 1136 1613 1190 ab
1644 1137 1728 1202 iis,
1757 1152 1876 1205 quae
1923 1137 2094 1206 gessi-

505 1229 630 1291 stis,
659 1229 934 1282 consecuti
983 1229 1130 1283 estis.
1179 1227 1349 1293 Quam
1387 1229 1606 1299 quidem
1654 1230 1698 1283 si
1765 1231 1816 1282 in
1872 1229 2092 1298 Optimis

504 1318 815 1387 quibusque
843 1319 1152 1374 actionibus
1203 1319 1451 1374 homines
1507 1321 1779 1385 viderent,
1815 1321 2091 1389 voluptate

509 1425 640 1464 sane
671 1408 932 1464 alliceret.
961 1410 1227 1476 Quoniam
1257 1420 1437 1465 autem
1471 1411 1525 1465 in
1577 1412 1873 1466 contrariis
1929 1413 2092 1466 rebus

504 1512 626 1552 eam
660 1499 920 1554 exhibere
948 1500 1156 1563 vident,
1192 1501 1546 1555 vehementer
1594 1502 1697 1555 hoc
1746 1502 1964 1556 nomine
1992 1517 2092 1555 an-

505 1604 625 1658 gor.
670 1590 963 1658 [mpudens
1024 1591 1170 1646 enim
1231 1592 1444 1656 oculus,
1479 1603 1536 1648 et
1600 1593 1741 1648 elata
1801 1596 2006 1660 cervix,
2042 1603 2099 1649 et

504 1693 764 1752 perpetua
788 1684 1199 1750 superciliorum
1241 1686 1489 1754 agitatio,
1523 1694 1578 1741 et
1636 1687 1977 1742 turbulentus
2015 1687 2098 1742 in-

2294 841 2468 894 ΣΠΗ’.
2493 869 2561 880 -
2585 841 3036 894 ΝΕΙΛΑΜΜΩΝΙ
3076 842 3196 894 ΚΑΙ
3237 841 3682 896 ΝΕΙΛΔΜΜΩΝΙ.

2275 958 2387 1030 Τὴν
2427 957 2526 1028 μὲν
2574 958 2900 1028 ὁμωνυμίαν
2939 959 3069 1028 ὑμῖν
3118 959 3196 1029 (5)
3239 959 3288 1011 οἱ
3337 961 3545 1024 γονεῖς,
3584 960 3674 1030 τὴν
3712 962 3762 1014 δὲ

2204 1050 2548 1120 συνωνυμίαν
2586 1051 2635 1102 ot
2669 1051 2858 1121 τρόποι
2889 1051 3190 1119 ἐπέθηκαν.
3220 1050 3332 1120 Τὴν
3367 1050 3465 1120 μὲν
3495 1051 3595 1120 γὰρ
3629 1055 3762 1122 παρὰ

2199 1143 2308 1196 τῶν
2348 1142 2618 1195 τεκόντων
2654 1143 2945 1212 ἐσχήκατε,
2986 1143 3084 1212 τὴν
3116 1142 3174 1195 δέ
3204 1141 3354 1212 παρὰ
3385 1141 3489 1194 τῶν
3518 1143 3761 1212 πραχθέν-

2198 1252 2308 1287 των
2345 1235 2674 1306 ἐκτήσασθε.
2707 1236 2810 1288 Ἦν
2839 1237 2888 1288 εί
2922 1235 3020 1305 μὲν
3043 1236 3134 1287 ἐπὶ
3164 1237 3276 1297 τοῖς
3308 1235 3612 1298 καλλίστοις
3641 1233 3762 1290 εἶδον

2198 1319 2246 1380 οἱ
2287 1326 2588 1396 ἅνθρωποι,
2614 1327 2788 1397 ἥσθην
2814 1325 2880 1380 ἄν
2900 1344 2915 1358 ο
2948 1326 3136 1398 ἐπειδὴ
3162 1327 3218 1379 δὲ
3249 1328 3340 1378 ἐπὶ
3369 1328 3479 1388 τοῖς
3505 1329 3760 1395 ἐναντίοις,

2197 1416 2318 1470 λίαν
2372 1417 2628 1488 ἄχθομαι.
2664 1418 2858 1488 Ὀμμα
2901 1417 3010 1488 γὰρ
3065 1417 3280 1480 ἀναιδὲς
3333 1418 3427 1469 καὶ
3479 1417 3644 1488 αὐχὴν
3679 1438 3760 1489 με·

2200 1509 2427 1580 τέωρος,
2461 1509 2555 1562 καὶ
2597 1508 2817 1582 ὀφρύων
2860 1508 3090 1580 συνεχὴς
3139 1509 3354 1580 κίνησις
3411 1509 3509 1579 (6),
3558 1511 3646 1563 καὶ
3680 1511 3762 1580 βά-

2203 1600 2372 1670 δισμα
2405 1600 2796 1672 σεσοϐημένον,
2827 1602 2922 1656 καὶ
2947 1601 3008 1655 τὸ
3040 1601 3132 1654 ἐπὶ
3170 1602 3366 1672 μηδενὶ
3405 1601 3512 1654 τῶν
3547 1603 3764 1673 αἰσχρῶν

2206 1690 2470 1761 ἐρυθριᾷν
2532 1692 2831 1763 τεκμήριον
2862 1690 3044 1762 ψυχῆς
3100 1692 3247 1745 ἐστιν
3301 1693 3615 1761 αἰσχίστης,
3658 1694 3764 1756 τοὺς

502 1787 710 1840 cessus,
745 1782 798 1828 et
830 1773 898 1827 de
938 1774 1082 1828 nulla
1110 1790 1170 1830 re
1217 1776 1358 1845 turpi
1412 1777 1762 1841 erubescere,
1789 1777 2082 1833 ftedissimi

2210 1784 2435 1851 ἀφανεῖς
2465 1781 2574 1837 τῶν
2599 1783 2817 1837 οἰκείων
2847 1783 3039 1838 παθῶν
3071 1783 3430 1854 χαρακτῆρας
3459 1782 3766 1854 ἐντυπούσης

504 1865 673 1918 animi
729 1875 1106 1934 argumentum
1159 1874 1263 1931 est,
1301 1866 1563 1922 obscuras
1623 1868 2094 1937 perturbationum

509 1971 732 2011 suarum
771 1967 926 2011 notas
954 1959 1169 2027 corpori
1213 1959 1600 2028 imprimentis.

611 2067 992 2124 CCLXXXIX.
1021 2101 1092 2111 -—
1123 2070 1502 2126 TIIEODORO
1543 2071 1990 2130 CLARISSIMO.

515 2159 594 2215 De
616 2161 835 2236 _Moysis_
869 2164 1036 2217 animi
1064 2163 1452 2231 magnitudine,
1477 2168 1618 2234 quod
1642 2165 1844 2218 nullum
1869 2167 2102 2236 ﬁliorum

574 2232 757 2286 virtuti
799 2232 966 2287 Iosue
1007 2236 1398 2301 prwtuterit:et
1433 2232 1572 2305 quod
1609 2252 1711 2289 non
1747 2232 1947 2303 oportet
1971 2237 2101 2304 ﬁliis

578 2318 796 2384 regnum
826 2314 918 2384 aut
947 2305 1095 2357 aliud
1120 2307 1396 2372 imperium
1438 2306 1781 2370 committere,
1806 2307 1909 2360 nisi
1934 2323 2101 2363 mores

571 2382 895 2442 prtttcipatui
922 2382 1248 2444 congruant.

576 2549 713 2606 Cum
739 2553 924 2608 multis
975 2553 1097 2608 aliis
1142 2553 1456 2609 nominibus
1503 2554 1680 2610 virum
1718 2555 1826 2612 Deo
1858 2557 2086 2612 charum

508 2643 691 2698 Mosen
748 2645 990 2699 admiror
1039 2660 1104 2700 ac
1151 2647 1410 2716 suspicio,
1463 2655 1574 2700 tum
1631 2647 1734 2702 hoc
1793 2649 2096 2716 praesertim

505 2735 752 2800 nomine,
784 2735 927 2804 quod
965 2751 1089 2790 cum
1118 2737 1266 2790 omni
1288 2737 1482 2790 vitiosa
1510 2736 1800 2793 affectione
1847 2738 2101 2808 superior

503 2836 672 2889 esset,
711 2827 1018 2882 naturalem
1065 2843 1283 2898 quoque
1343 2829 1669 2883 charitatem
1723 2829 1880 2884 vicit.
1935 2829 2098 2900 373

507 2916 647 2971 Nam
683 2934 806 2972 cum
859 2919 995 2974 duos
1044 2919 1184 2974 filios
1232 2920 1478 2985 haberet,
1509 2923 1602 2990 qui
1649 2923 1900 2991 quamvis
1932 2921 2001 2975 ab
2035 2937 2100 2976 eo

505 3012 775 3079 procreati
825 3020 1032 3076 essent,
1089 3020 1268 3065 tamen
1324 3021 1566 3082 paterna:
1608 3013 1824 3068 virtutis
1878 3015 2101 3069 annulus

2204 1872 2284 1945 τῷ
2327 1874 2572 1945 σώματι.

2384 2083 2963 2154 mou—4950mm
3007 2083 3085 2153 (7)
3128 2082 3616 2151 AAMIIPOTATQ.

2206 2176 2348 2245 Περὶ
2386 2176 2601 2243 Ἰησοῦ.
2636 2175 2775 2244 Περὶ
2808 2175 2921 2243 τῆς
2951 2174 3211 2240 Μωσέως
3237 2174 3647 2245 μεγαλονοίας,
3679 2173 3758 2226 ὅτι

2275 2244 2499 2300 οὐδένα
2537 2245 2657 2299 τῶν
2705 2245 2851 2300 υἱῶν
2889 2245 3001 2312 τῆς
3037 2245 3239 2312 Ἰησοῦ
3290 2244 3514 2311 ἀρετῆς
3559 2246 3764 2309 προετί-

2271 2332 2502 2386 μησεν·
2539 2317 2638 2370 καὶ
2673 2318 2759 2370 ὅτι
2793 2318 2866 2370 οὐ
2899 2315 2990 2368 δεῖ
3027 2315 3203 2368 παισὶ
3228 2316 3563 2378 ,ϐασιλείαν
3596 2312 3633 2386 ᾗ
3661 2315 3767 2386 ἐτέ-

2266 2381 2389 2456 ραὼ·
2431 2388 2630 2457 ἀρχὴν
2669 2386 3033 2456 ἐγχειρίζειν,
3065 2389 3117 2439 εὶ
3144 2386 3230 2455 μὴ
3267 2389 3301 2439 ό
3339 2387 3562 2453 τρόπος
3596 2381 3633 2456 ᾖ
3666 2383 3762 2451 τῆς

2277 2459 2599 2527 ἡγεμονίας
2633 2457 2933 2527 ἁρμόδιος.

2286 2570 2374 2624 Ἐν
2417 2570 2631 2633 πολλοῖς
2675 2571 2774 2639 μὲν
2825 2569 2921 2622 καὶ
2953 2568 3136 2631 ἄλλοις
3181 2568 3395 2638 ἄγαμαι
3438 2568 3527 2621 τὸν
3565 2567 3761 2635 Θεοφιλῆ

2203 2664 2438 2719 Μωσὲαο
2472 2664 2529 2715 ἐν
2579 2662 2757 2733 τούτῳ
2794 2661 2852 2715 δὲ
2898 2661 3284 2732 διαφερόντως,
3316 2660 3401 2712 ὅτι
3449 2658 3639 2722 παντὸς
3667 2659 3759 2711 πά·

2205 2756 2330 2820 θους
2372 2757 2636 2826 κρείττων
2682 2755 2779 2820 ὢν,
2823 2754 2917 2807 καὶ
2961 2757 3061 2824 τῆς
3123 2753 3361 2822 φυσικῆς
3417 2752 3766 2824 φιλοστοργίας

2205 2845 2511 2916 ἐκτρὰτησε
2531 2860 2544 2874 ·
2573 2844 2667 2896 δύο
2697 2844 2806 2914 γὰρ
2829 2842 2968 2914 ἔχων
2996 2843 3148 2906 υἱοὺς
3182 2843 3477 2913 τεχθέντας
3523 2843 3613 2913 μὲν
3651 2843 3764 2912 παρ’

2204 2938 2390 3002 αὐτοῦ,
2419 2938 2518 3007 τῆς
2556 2937 2612 2990 δὲ
2642 2934 2903 3008 πατρῴας
2935 2937 3136 3006 ἀρετῆς
3180 2937 3253 3006 μὴ
3297 2935 3588 3004 γεγονότας
3616 2934 3766 3003 ζηλω-

2202 3027 2301 3092 τὰς
2333 3027 2407 3098 (89
2436 3027 2638 3098 ἀρετὰς
2702 3027 2892 3080 οὐδένα
2943 3025 3123 3079 αὐτῶν
3152 3025 3396 3094 διάδοχον
3424 3025 3522 3094 τῆς
3558 3041 3768 3094 στρατη-

507 3102 731 3156 minime
754 3116 814 3157 se
833 3102 1157 3172 praeberent,
1184 3113 1445 3157 neutrum
1471 3105 1664 3158 horum
1707 3106 1960 3161 militaris
2003 3108 2086 3160 sui

2210 3121 2319 3191 τίας
2368 3119 2798 3190 ἐχειροτόνησεν,
2843 3116 2979 3172 ἀλλὰ
3019 3117 3111 3170 τὸν
3141 3119 3313 3188 ἀρετῇ
3350 3116 3602 3187 μᾶλλονῆ
3637 3116 3766 3184 γένει

507 3195 722 3265 imperii
754 3210 1131 3252 successorem
1162 3196 1424 3262 instituit,
1459 3213 1643 3251 verum
1669 3214 1818 3264 eum,
1854 3203 1944 3267 qui
1982 3203 2094 3254 vir—

506 3295 622 3341 tute
671 3286 873 3356 potius,
918 3304 1085 3359 quam
1139 3304 1344 3358 genere
1401 3289 1502 3358 ipsi
1545 3290 1869 3357 conjunctus
1919 3302 2037 3346 erat
2079 3309 2093 3346 :

507 3379 765 3432 virtutem
811 3380 1068 3433 nimirum
1121 3387 1351 3444 natura',
1380 3381 1447 3433 ad
1485 3380 1696 3434 honesti
1748 3380 2095 3447 dijudicatio—

507 3484 630 3523 nem
697 3483 938 3540 persaepe
993 3471 1322 3536 caecutienti,
1391 3480 1749 3539 anteponens.
1803 3469 1938 3526 Nam
2004 3473 2096 3542 qui

506 3574 722 3626 aequum
748 3575 869 3614 esse
897 3571 1151 3625 censent,
1188 3571 1248 3615 ut
1273 3577 1303 3615 a
1329 3562 1574 3631 patribus
1601 3563 1668 3614 ad
1700 3561 1838 3617 tilios
1865 3561 2096 3631 imperia

507 3655 852 3718 delabantur,
910 3655 978 3710 ad
1063 3656 1352 3709 veritatem
1431 3655 1858 3710 hallucinantnr.
1911 3655 2100 3712 Honor

505 3749 727 3818 quippe,
777 3764 882 3802 non
936 3750 1142 3819 generi,
1200 3748 1294 3802 sed
1339 3748 1528 3802 virtuti
1595 3748 1845 3802 debetur.
1913 3748 2097 3818 Neque

506 3843 652 3896 enim
682 3842 822 3911 regis
873 3841 1065 3907 filium,
1098 3844 1142 3897 si
1194 3842 1505 3912 hujusmodi
1563 3856 1787 3897 munere
1834 3843 2094 3915 indignus

507 3937 604 3998 sit,
632 3935 686 3987 in
755 3934 1067 4004 hujusmodi
1127 3935 1448 4004 dignitatem
1502 3936 1779 3990 ascribere
1837 3948 2094 4005 oportet:

508 4044 696 4083 verum
725 4045 869 4094 eum,
898 4030 989 4098 qui
1028 4029 1174 4099 regio
1209 4029 1393 4082 animo
1428 4029 1686 4098 praeditus
1725 4037 1834 4093 est,
1863 4030 2097 4084 admini-

508 4122 826 4193 strandiquc
859 4123 1075 4192 imperii
1112 4121 1398 4176 scientiam
1429 4122 1716 4190 concipere
1747 4123 2095 4191 potest.lllnd

509 4231 642 4271 sane
665 4217 1012 4272 mitissimum
1067 4216 1220 4272 illum
1262 4217 1441 4271 virum
1503 4216 1806 4272 luculenter
1835 4220 2093 4282 ostendit,

505 4319 650 4382 quod
679 4328 744 4367 ne
779 4313 965 4368 fratris
987 4312 1209 4383 quidem
1238 4314 1416 4383 gratia
1461 4323 1516 4367 et
1554 4314 1742 4368 favore
1778 4315 1991 4375 ductus,
2026 4315 2092 4367 ad

505 4406 796 4460 sacerdotii
831 4406 1149 4476 dignitatem
1173 4406 1429 4460 obtulerit
1455 4407 1613 4477 (nam
1644 4406 1735 4476 qui
1774 4421 1890 4471 eos,
1913 4405 2004 4476 qui
2028 4422 2094 4460 ex

2200 3214 2548 3284 προσήκοντα
2567 3231 2581 3243 ·
2614 3210 2714 3280 τὴν
2734 3210 2937 3281 ἀρετὴν
2964 3209 3267 3280 προκρίνας
3285 3209 3385 3279 τῆς
3415 3209 3548 3279 πρὸς
3575 3208 3668 3278 τὴν
3687 3207 3764 3260 τοῦ

2200 3305 2366 3358 καλοῦ
2395 3305 2666 3374 διάκρισιν
2700 3302 2959 3367 πολλάκις
2995 3301 3416 3371 τυφλωττούσης
3460 3301 3681 3370 φύσεως.
3708 3301 3762 3352 Ol

2198 3394 2309 3463 γὰρ
2368 3395 2433 3445 ἐκ
2492 3392 2717 3462 πατρῶν
2759 3391 2837 3464 (9)
2888 3392 3203 3462 νομίζοντες
3249 3391 3459 3443 δίκαιον
3513 3387 3644 3443 εἶναι
3682 3391 3766 3450 τὰς

2198 3481 2374 3553 ἀρχὰς
2424 3482 2521 3534 ἐπὶ
2564 3483 2694 3544 τοὺς
2742 3481 2939 3544 παῖδας
2997 3480 3372 3544 καταὸαίνειν,
3421 3481 3763 3549 τυφλώττουσι

2197 3577 2335 3647 πρὸς
2368 3575 2471 3647 τὴν
2500 3574 2776 3645 ἀλήθειαν.
2803 3575 3177 3644 Χρεωστεῖται
3205 3573 3267 3627 τὸ
3300 3575 3493 3643 γέρας,
3526 3574 3583 3625 οὺ
3615 3572 3759 3640 γένει,

2197 3664 2315 3720 ἀλλ’
2344 3667 2536 3736 ἀρετῇ.
2566 3664 2699 3716 Οὐδὲ
2736 3664 2846 3734 γὰρ
2875 3664 2966 3716 τὸν
2999 3663 3265 3733 βασιλέως
3306 3665 3422 3716 υἱὸν
3471 3664 3537 3716 ἂν
3574 3662 3764 3726 ἀνάξιος

2198 3757 2284 3827 εἴη
2315 3755 2410 3808 τοῦ
2445 3755 2788 3824 πράγματος,
2821 3753 2901 3813 είς
2933 3751 3031 3823 τὴν
3061 3751 3219 3817 ἀξίαν
3260 3750 3618 3820 ἐγγραπτὲον,
3649 3748 3763 3802 ἀλλὰ

2197 3850 2288 3903 τὸν
2325 3846 2608 3918 βασιλικὴν
2639 3845 2833 3916 ἔχοντα
2861 3844 3062 3915 ψυχὴν,
3095 3843 3190 3897 καὶ
3217 3843 3315 3912 τὴν
3337 3842 3439 3912 τῆς
3469 3842 3634 3914 ἀρχῆς
3659 3843 3762 3892 ἐπι-

2201 3942 2418 4013 στήμην
2455 3939 2703 4010 χωρῆσαι
2732 3938 3050 4008 δυνάμενον.
3083 3935 3256 3988 Τοῦτο
3287 3934 3421 4003 γοῦν
3448 3937 3645 3988 ἐκεῖνον
3687 3934 3762 3985 τὸν

2199 4033 2503 4106 πραότατον
2537 4032 2651 4102 (10)
2689 4030 2960 4101 λαμπρῶς
3003 4029 3194 4096 ἔδειξε,
3243 4027 3379 4099 μηδέ
3423 4028 3516 4080 τὸν
3561 4025 3762 4094 ἀδελφὸν

2198 4128 2380 4198 χάριτι
2407 4127 2486 4188 είς
2511 4124 2610 4195 τὴν
2639 4122 2941 4194 ἱερωσύνην
2971 4121 3399 4194 προενηνοχέναι
3417 4137 3430 4150 ·
3464 4121 3493 4172 ὁ
3524 4121 3628 4191 γὰρ
3652 4121 3760 4180 τοὺς

2205 4221 2272 4272 ἐκ
2302 4218 2412 4272 τῶν
2463 4217 2707 4285 λαγόνων
2758 4214 2922 4268 αὐτοῦ
2959 4214 3166 4283 φύντας
3208 4213 3286 4283 μὴ
3325 4210 3561 4276 ἀξιώσας
3599 4208 3760 4262 τοιαύο

2196 4329 2296 4385 της
2319 4311 2510 4382 τιμῆς,
2533 4309 2668 4364 ἀλλὰ
2707 4308 3128 4380 περιγενόμενος
3161 4307 3260 4376 τῆς
3287 4307 3504 4375 φύσεως
3536 4302 3760 4375 τυραννί-

2195 4404 2284 4467 δος
2308 4443 2324 4468 ,
2367 4403 2468 4456 οὐκ
2504 4401 2570 4456 ἂν
2607 4400 2700 4454 τὸν
2743 4398 2975 4469 ἀδελφὸν
3016 4397 3196 4470 χάριτι
3226 4400 3294 4469 τῇ
3327 4397 3592 4468 ἱερωσύνῃ
3635 4397 3761 4447 ἐστε-

508 4499 677 4568 ipsius
737 4498 934 4554 lumbis
996 4498 1174 4552 exorti
1238 4496 1478 4564 fuerant,
1528 4496 1837 4565 hujusmodi
1889 4499 2092 4553 honore

2210 4496 2450 4566 φάνωσεν
2475 4512 2488 4526 ·
2531 4491 2668 4548 ἀλλὰ
2715 4493 2857 4546 κατὰ
2895 4491 3072 4554 θείους
3117 4489 3422 4561 χρησμούς.
3458 4488 3551 4542 Διὸ
3593 4489 3679 4541 καὶ
3717 4485 3759 4537 οἱ

506 4588 816 4642 alliciendos
839 4604 947 4643 non
985 4588 1232 4650 duxerat,
1260 4601 1448 4641 verum
1490 4597 1699 4641 natura:
1723 4588 1857 4651 vim,
1889 4603 1953 4642 ac
1986 4602 2082 4642 ve-

508 4681 586 4733 Iut
616 4679 956 4751 tyrannidem
988 4687 1366 4750 superaverat,
1398 4679 1816 4749 haudquaquam
1849 4680 2095 4749 profecto

507 4773 692 4827 favore
717 4772 942 4829 adactus
965 4771 1184 4840 fuisset,
1217 4781 1278 4827 ut
1299 4770 1530 4827 fratrem
1574 4772 1868 4828 sacerdotii
1892 4787 2093 4827 corona

2190 4589 2311 4643 κατ’
2352 4585 2518 4642 αὑτοῦ
2561 4584 3037 4656 ἐπιλυττήσαντες,
3082 4584 3178 4635 καὶ
3226 4583 3548 4653 νομίσαντες
3574 4581 3629 4634 οὐ
3655 4579 3758 4647 Θείᾳ

2195 4681 2391 4753 ψήφῳ,
2434 4677 2572 4733 ἀλλὰ
2627 4676 2808 4748 κρίσει
2861 4673 3139 4747 λογισμῶν
3181 4673 3359 4745 οἰκεία
3408 4688 3759 4743 κεχειροτονη·

2194 4773 2348 4825 κέναι
2381 4769 2473 4824 τὸν
2505 4769 2779 4839 ὁμαίμονα
2823 4766 2980 4832 δίκας
3023 4765 3214 4837 ἀήθεις
3247 4765 3459 4820 ἔδοσαν.
3505 4765 3638 4826 Τοὺς
3676 4763 3758 4833 μὲν

1609 4956 1844 5012 ῩΑΒΗΕ
1891 4953 2280 5011 LECTIONES
2327 4953 2417 5009 ET
2457 4952 2693 5008 ΝΟΤᾸΞ.

579 5119 654 5191 (5)
697 5118 800 5172 Pro
844 5118 1146 5191 ύμῖν-βοά.
1198 5117 1319 5191 Vat.
1359 5116 1476 5191 650Δ
1514 5115 1644 5191 legit
1692 5113 1868 5191 ὑμῷν.
1920 5110 2080 5166 Vers.

503 5185 1187 5260 ξαίζνθτὶηιιιιζὲπέοηκαν
1233 5188 1500 5260 abestab
1546 5187 1638 5260 illo
1686 5185 1808 5240 cod.
1842 5193 1897 5238 et
1939 5196 2081 5236 vers.

505 5254 624 5329 post
660 5277 755 5329 pro
797 5261 830 5313 5
860 5254 996 5312 εἶδον
1025 5254 1186 5313 habet
1222 5255 1813 5329 ἐκωμῴδουψΡρεεοικ.

578 5321 673 5402 (6)’
696 5331 932 5402 Συνεχὴς
965 5332 1178 5400 κίνησις
1212 5321 1408 5402 melius
1435 5346 1463 5380 a
1489 5327 1610 5402 cod.
1643 5322 1764 5377 Vat.
1801 5321 2086 5402 pluraliter

505 5392 727 5454 effertur
749 5392 994 5471 συνεχεῖς
1021 5392 1285 5471 κινήσεις.
1305 5398 1464 5453 Vers.
1484 5398 1582 5451 ult.
1609 5411 1694 5465 ep.
1723 5405 1851 5448 ante
1870 5392 2088 5462 σώματι

505 5473 636 5545 ευιίἑ
662 5474 803 5545 idem
830 5470 983 5545 ponit
1005 5470 1250 5545 φανερῷ.
1276 5471 1361 5545 In.
1420 5538 1439 5545 Α
1466 5538 1477 5545 _
1561 5538 1576 5545 Δ
1837 5534 1850 5545 .
1990 5533 2020 5545 η
2047 5533 2058 5545 .

579 5541 658 5612 (7)
700 5533 1115 5614 Νοιιᾙεοδώρφ
1139 5533 1231 5614 sed
1259 5538 1528 5611 Δωροθέῳ
1561 5538 1677 5592 haec
1711 5549 1800 5606 ep.
1837 5533 2092 5590 inscribi-

511 5611 597 5666 tur
628 5614 680 5665 in
702 5615 822 5667 cod.
857 5613 976 5666 Vat.
1011 5611 1135 5668 650.
1159 5611 1235 5666 In.

545 5682 829 5808 dl(S)l(lod.
861 5682 1007 5753 νειμ,
1049 5684 1208 5746 υἱεῖς.
1242 5681 1397 5738 Vers.
1461 5689 1584 5750 post
1630 5677 1668 5733 2
1700 5677 1906 5736 omittit
1956 5676 2089 5748 ἀρε-

579 5770 627 5808 ς.
682 5769 737 5808 D.

507 5768 627 5816 τας.
661 5768 737 5810 In.

2262 5108 2342 5182 (9)
2380 5109 2506 5182 _Pro
2553 5108 2777 5182 πατρῶν
2817 5107 3025 5182 scribit
3060 5105 3335 5176 πατέρων.
3374 5104 3562 5182 Vers._
3589 5101 3755 5182 inde}

2189 5172 2406 5236 ante'eb
2438 5179 2609 5250 γέρας
2638 5172 2788 5250 ρόιιῖι
2818 5178 2949 5248 γάρ.
2983 5177 3137 5250 Yers.
3163 5172 3439 5250 _seq_.‘post
3482 5175 3614 5240 υἱόν,
3648 5172 3755 5228 sub-

2192 5251 2304 5305 lato
2333 5247 2620 5313 asterisco,
2640 5247 2834 5311 addit,
2866 5247 2915 5301 et
2935 5247 3089 5310 νόθος
3117 5248 3224 5317 εἴη.
3259 5247 3334 5300 Ιυ.

2269 5320 2392 5393 (10)
2423 5320 2546 5393 Pro
2571 5319 2878 5393 πραότατον
2915 5319 3054 5393 idem
3084 5316 3204 5393 cod.
3240 5318 3366 5387 legit
3396 5316 3752 5387 λαμπρότερον

2190 5400 2245 5445 et
2273 5388 2424 5445 addit
2452 5391 2546 5444 καί
2597 5388 2723 5443 ante
2775 5389 3066 5459 λαμπρῶς.
3105 5388 3260 5460 V__ers.
3312 5404 3430 5456 seq.
3472 5400 3754 5460 ‘I'IPOEV'I'pto:

2189 5462 2347 5532 χέναι
2379 5461 2577 5532 scribit
2591 5476 2717 5532 eum
2746 5476 2797 5524 σ,
2846 5457 3072 5532 προσεν.
3121 5457 3278 5532 Vers.
3325 5475 3440 5527 seq.
3472 5457 3578 5532 Pro
3605 5457 3750 5532 αὑτοῦ

2191 5526 2321 5602 legit
2350 5530 2519 5600 αὐτῷ.
2561 5527 2681 5583 Mox
2714 5547 2820 5602 pro
2851 5526 2958 5591 his,
2983 5526 3419 5602 περιγενόμενος
3437 5528 3538 5598 τῆς
3560 5526 3750 5602 φύσεως

2189 5595 2526 5673 τυνραννίδος,
2559 5603 2681 5655 cod.
2713 5599 2838 5673 vat.
2871 5595 3511 5673 habet,'7téptyévo;tévqé
3539 5599 3635 5668 τῆς
3657 5595 3750 5649 ἀπὸ

2189 5671 2287 5743 τῆς
2318 5673 2536 5742 φύσεως
2559 5672 2896 5742 τυραννίδος.
2932 5671 3009 5726 ID.
