3894 6412
144 369 234 431 965
922 366 1462 428 EPISTOLARUM
1502 364 1650 425 LIB.
1692 360 1809 421 III.
1845 385 1915 397 -
1951 361 2193 421 EPIST.
2234 359 2506 421 CCXCII.

3289 351 3394 415 966

148 480 305 552 γὰρὴ
352 478 426 550 γῆ
475 479 668 550 χανδόν
721 479 1008 535 κατέπιεν·
1049 483 1099 535 οἱ
1148 481 1204 536 δὲ
1257 482 1430 554 πυρὸς
1477 479 1709 551 αἰθερίοι

1827 475 2156 546 redimeret)
2221 477 2314 529 sed
2386 472 2587 528 divinis
2643 468 2882 526 oraculis
2938 469 3260 538 obsequens.
3311 468 3391 522 Ob

147 574 284 644 ἔργον
309 575 577 640 ἐγένοντο.

1815 580 2046 635 eamque
2104 580 2350 627 causam,
2378 563 2467 631 qni
2522 561 2784 616 adversus
2817 576 2940 615 eum
2994 561 3183 614 rabido
3213 559 3393 613 animo

149 666 384 734 impetum
433 662 710 730 fecerant,
755 677 818 717 ac
867 679 972 718 non
1033 665 1215 720 divino
1245 665 1521 736 suffragio,
1566 672 1662 727 sed
1705 677 1918 745 privato
1961 676 2125 730 animi
2165 675 2371 744 judicio
2415 673 2638 728 fratrem
2684 673 2754 726 ab
2801 688 2866 726 eo
2908 674 3245 728 sacerdotem
3301 673 3389 727 de

148 761 393 830 signatum
420 761 587 814 fuisse
614 761 1044 825 arbitrabantur,
1085 776 1252 817 novas
1308 773 1362 817 et
1394 764 1678 824 inusitatas
1713 787 1900 840 poenas
1935 774 2324 842 pependerunt.
2359 769 2422 824 lli
2468 770 2611 824 enim
2661 768 2858 839 partim
2893 769 3206 824 dehiscente
3245 777 3392 823 terra

146 853 360 921 absorpti
394 861 542 914 sunt,
575 852 774 921 partim
799 853 1039 908 cmlestis
1071 853 1209 924 ignis
1258 858 1453 911 ardore
1503 861 1931 930 conﬂagrarunt.

334 1079 339 1084 _
409 1010 522 1075 2w.
559 1041 634 1054 —-
665 1010 1060 1064 ΧᾹῙΡΗΜΟΝΙ
1095 1012 1419 1081 ΔΙᾹΚΟΝῼ.

201 1126 259 1179 Εἰ
289 1125 385 1180 καὶ
416 1126 696 1190 Εὐσέϐιος,
749 1125 826 1189 ὡς
853 1125 1163 1195 γέγραφας,
1187 1129 1253 1197 τῇ
1291 1129 1461 1198 κακίᾳ
1490 1129 1709 1182 σπενδό-

141 1236 307 1290 μενος,
333 1221 402 1289 τῇ
436 1220 607 1289 ἀρετῇ
637 1218 890 1288 πολεμεῖ,
916 1218 1044 1284 ὀξὺς
1091 1219 1193 1288 μὲν
1238 1218 1313 1271 ῶν
1341 1221 1405 1272 ἐκ
1452 1220 1707 1290 διαϐολῆς

146 1313 212 1372 εἰς
255 1308 547 1372 ἐπιϐουλὰς
599 1309 902 1378 ἐπαχθῆναι
953 1309 1086 1378 (11),
1120 1310 1416 1380 πρόχειρος
1463 1311 1519 1363 δὲ
1570 1313 1704 1364 ὑπο·

146 1401 297 1464 νοίαις
328 1401 405 1472 μὴ
433 1399 846 1470 προσηκούσαις
899 1401 1091 1454 ἑαυτὸν
1147 1402 1524 1456 πιστώσασθαι
1552 1419 1563 1430 ⁸
1615 1405 1709 1457 καὶ

143 1495 192 1545 ἐν
225 1493 320 1562 μὲν
358 1494 473 1555 τοῖς
520 1492 820 1561 ἐπιτιμίοις
865 1492 974 1546 τῶν
1026 1494 1429 1564 ἡμαρτηκότων
1464 1495 1708 1566 ἀπαραί-

146 1600 308 1653 τητος,
343 1584 403 1636 ἐν
435 1581 492 1636 δὲ
527 1585 648 1646 ταῖς
679 1584 939 1654 ἀμοιϐαῖς
969 1583 1079 1636 τῶν
1105 1586 1516 1656 κατορθούντων
1547 1589 1708 1658 ὀκνη-

145 1677 352 1746 ρότατος
380 1673 539 1726 ’ἀλλ’
605 1670 700 1727 οῦν
730 1691 793 1742 γε
852 1673 1013 1736 αὐτὸς
1059 1675 1159 1727 οὐκ
1218 1674 1282 1728 ἂν
1331 1676 1449 1745 εἴης
1494 1677 1701 1740 δίκαιος

2028 1019 2223 1074 CCXC.
2263 1048 2334 1058 —
2370 1017 2803 1072 LHEREMONI
2857 1017 3178 1076 DIACONO.

1886 1124 1998 1180 Etsi
2030 1125 2296 1181 Eusebius
2322 1129 2779 1196 quemadmodum
2829 1130 2896 1182 ad
2955 1144 3042 1184 me
3080 1130 3379 1199 scripsisti,

1813 1216 1992 1272 {cadus
2015 1234 2136 1271 cum
2161 1219 2293 1272 vitio
2323 1221 2551 1281 feriens,
2579 1219 2766 1273 virtuti
2820 1219 3021 1274 bellum
3061 1222 3243 1287 infert,
3309 1231 3392 1276 at-

1817 1324 1924 1378 que
1956 1310 2212 1365 celeriter
2265 1325 2329 1365 ex
2384 1310 2656 1364 calumnia
2712 1311 2778 1365 ad
2827 1314 3118 1366 struendas
3166 1313 3391 1368 insidias

1814 1403 2126 1467 adducitur,
2167 1412 2525 1472 prompteque
2579 1403 2980 1471 suspicionibus
3022 1420 3214 1473 parum
3257 1419 3392 1458 con-

1814 1497 2090 1549 sentaneis
2121 1496 2279 1548 tidem
2304 1495 2525 1549 adhibet
2553 1511 2567 1546 :
2603 1510 2668 1548 ac
2697 1505 2957 1562 praeterea
3013 1497 3064 1549 in
3123 1496 3208 1550 his
3256 1497 3386 1565 qui-

1814 1586 1961 1650 dem,
1996 1586 2087 1654 qui
2119 1587 2490 1655 deliquerunt,
2523 1586 2788 1656 supplicio
2803 1585 3104 1641 alliciendis
3131 1588 3389 1642 acerbum

1812 1685 1868 1731 ct
1895 1676 2307 1742 inexorabilem,
2343 1678 2396 1731 in
2423 1677 2490 1731 iis
2509 1688 2713 1741 autem,
2738 1680 2827 1746 qui
2861 1679 3060 1747 aliquid
3089 1693 3152 1732 ex
3185 1680 3390 1734 virtute

145 1767 332 1819 ἐκεῖνον
366 1765 673 1835 κωμῳδεῖν,
709 1767 736 1817 ὁ
766 1765 837 1818 τὰ
879 1766 1016 1819 αὐτὰ
1065 1765 1234 1836 αὐτῷ,
1280 1765 1356 1828 ῶς
1396 1784 1581 1836 φασιν,
1620 1769 1708 1822 ἵνα

1820 1777 2026 1836 gerunt,
2062 1769 2472 1822 remuneraudis
2505 1769 2855 1838 pigerritnmn
2904 1784 2961 1824 se
3004 1773 3244 1839 praebet:
3283 1770 3391 1824 mi-

149 1859 211 1928 μὴ
263 1858 404 1926 λέγω
453 1856 880 1928 ἅργαλεώτερα,
931 1857 1291 1928 πλημμελῶν.
1340 1860 1410 1910 ’Ἡ
1469 1860 1577 1930 γὰρ
1631 1859 1706 1930 μὴ

147 1953 334 2021 πρᾶττε
365 1950 612 2012 τοιαῦτα,
717 1951 792 2020 μὴ
820 1949 1072 2020 κωμῴδει
1105 1951 1230 2014 τοὺς
1257 1949 1519 2021 δρῶντας.
1553 1950 1706 2021 Τάχα

142 2041 192 2095 δὲ
227 2042 366 2095 τοῦτ’
401 2041 552 2113 αὑτῷ
603 2043 722 2096 κατ’
749 2041 908 2105 ἀξίαν
963 2041 1189 2113 συνέϐη,
1245 2043 1326 2095 ὅτι
1365 2059 1422 2094 σε
1467 2042 1706 2095 τοιοῦτον

145 2138 257 2188 ὄντα
304 2137 713 2207 χειροτονήσας,
749 2135 848 2187 οὐκ
897 2133 1055 2187 ἔλαθε
1104 2135 1203 2205 τὴν
1254 2133 1432 2204 δίκην.
1499 2135 1555 2187 '0
1596 2135 1704 2206 γὰρ

145 2226 624 2297 ἆποκεκλεισμένον
665 2226 774 2280 ἀπὸ
811 2227 920 2278 τῶν
973 2224 1447 2295 ἐκκλησιαστικῶν
1487 2225 1706 2296 θεσμῶν

149 2317 302 2388 στόμα
331 2319 393 2371 οὐ
416 2317 650 2379 δεόντως
681 2316 920 2380 ἀνοίξας,
972 2315 1094 2368 καθ’
1125 2315 1347 2380 ἑαυτοῦ,
1390 2316 1465 2379 ὡς
1506 2317 1702 2382 ἔοικεν,

147 2409 306 2478 ἤνοιξε
325 2423 339 2436 ·
373 2409 470 2462 καὶ
513 2408 658 2462 κατὰ
683 2408 791 2460 τῶν
843 2406 1145 2476 εὐδοκίμων
1176 2407 1404 2476 νομίσας
1429 2406 1708 2476 ὰθύρωτον

140 2500 368 2566 ὐπλίζειν
409 2501 677 2570 γλῶτταν,
713 2498 836 2552 καθ’
868 2499 1060 2552 ἑαυτοῦ
1094 2499 1352 2554 ὥπλισεν.

148 2595 428 2663 oportebat,
458 2593 694 2662 aperuit,
729 2592 992 2646 adversus
1054 2591 1318 2658 seipsum,
1372 2599 1430 2645 ut
1499 2601 1745 2662 apparet,
1787 2593 2039 2662 aperuit:

1816 1859 1961 1912 nime
1989 1869 2168 1912 tamen
2226 1875 2440 1928 aequum
2474 1869 2559 1914 est
2615 1861 2786 1928 ipsum
2819 1875 2846 1913 a
2877 1869 2928 1913 te
2966 1859 3260 1930 suggillari,
3297 1860 3390 1928 qui

1824 1951 2040 2015 cadem,
2071 1965 2188 2018 quae
2221 1951 2357 2020 ipse,
2379 1960 2437 2004 ut
2464 1966 2649 2004 rumor
2676 1960 2776 2015 est,
2811 1966 2875 2003 ne
2903 1951 3082 2005 dicam
3110 1951 3389 2020 graviora,

1824 2053 2128 2112 perpetras.
2161 2045 2266 2096 Aut
2293 2043 2436 2098 enim
2463 2044 2530 2096 ab
2555 2041 2860 2110 huiusmodi
2889 2041 3106 2112 ﬂagitiis
3137 2045 3389 2098 abstine:

1815 2143 1908 2188 aut
1941 2150 2053 2199 eos,
2078 2137 2168 2205 qui
2188 2151 2248 2188 ea
2276 2134 2643 2198 committunt,
2672 2148 2738 2188 ne
2765 2135 3014 2203 suggilla.
3063 2135 3389 2202 Quanquam

1813 2226 2043 2280 fortasse
2073 2227 2174 2280 hoc
2206 2226 2303 2295 ipsi
2347 2227 2540 2279 merito
2568 2226 2788 2290 accidit,
2826 2226 2969 2294 quod
2997 2242 3118 2279 cum
3154 2235 3226 2287 te,
3262 2240 3387 2279 cum

1814 2319 1936 2370 talis
1957 2331 2128 2381 esses,
2163 2316 2450 2369 diaconum
2508 2317 2804 2380 creaverit,
2869 2330 2931 2369 ac
2992 2315 3221 2384 proinde
3279 2312 3388 2365 vim

1815 2409 2052 2463 numinis
2090 2408 2337 2462 ultricem
2367 2406 2586 2460 minime
2644 2406 2863 2474 fugerit.
2917 2405 3048 2459 Nam
3081 2405 3173 2475 qui
3206 2403 3391 2457 eccle-

1815 2502 2051 2556 siasticis
2088 2500 2464 2553 sanctionibus
2507 2498 2787 2552 occlusum
2835 2514 2920 2562 os,
2981 2508 3170 2552 contra
3221 2511 3388 2566 quam

2119 2601 2176 2646 et
2213 2590 2304 2658 qui
2351 2605 2409 2644 se
2461 2587 2776 2643 ell'renatam
2837 2589 3071 2659 linguam
3127 2590 3390 2643 adversus

145 2684 323 2752 probos
363 2683 635 2738 instruere
667 2680 1059 2745 arbitrabatur,
1111 2694 1232 2734 eam
1262 2680 1524 2736 adversus
1573 2682 1811 2752 seipsum
1847 2682 2103 2737 armavit.

510 2817 670 2887 ΣιιΑἎ
699 2848 774 2864 —
797 2819 837 2873 Γ
841 2818 1129 2890 ΕΡΜΑΝῼ
1160 2818 1294 2891 (12).

217 2936 270 2991 Ὀ
292 2936 392 3007 μὲν
414 2934 515 2998 τὰς
553 2933 771 2995 πολλοῖς
805 2933 1056 3004 ἀμάχους
1088 2927 1228 2985 εῖναι
1281 2930 1546 2994 δοκούσας
1584 2930 1708 3001 ἠδο-

2245 2814 2466 2870 CCXCI.
2490 2844 2559 2853 —
2582 2813 2938 2869 GERMANO.

1885 2929 1985 2994 Qui
2039 2927 2362 2997 voluptates,
2413 2943 2548 2997 quas
2604 2928 2754 2981 multi
2819 2931 3115 2998 expugnari
3168 2931 3392 2987 minime

141 3030 229 3092 νὰς
275 3025 601 3098 σωφροσύνῃ
633 3026 730 3077 καὶ
783 3024 1086 3096 ἐγκρατείᾳ
1131 3023 1476 3095 τυραννικῶς
1517 3022 1702 3093 βιαζό-

1820 3037 1971 3094 posse
2005 3022 2340 3084 existimant,
2395 3037 2491 3091 per
2533 3024 2949 3092 temperantiam
2998 3033 3053 3077 et
3093 3024 3391 3078 c0ntinen-

149 3137 311 3192 μενος,
345 3114 499 3181 οὗτος
525 3115 818 3187 ἐλευθέραν
850 3114 1052 3179 παντὸς
1080 3115 1310 3186 αἰσχροῦ
1338 3115 1544 3179 πάθους
1573 3114 1710 3185 ἔχων

147 3213 236 3283 τὴν
281 3210 482 3282 ψυχὴν,
543 3207 828 3279 τροπαίοις
871 3207 1146 3276 λαμπροῖς
1193 3207 1288 3259 καὶ¹
1329 3205 1546 3269 πολλοῖς
1597 3204 1710 3276 (15)

151 3301 528 3370 ἐναγόλλεσθαι
555 3299 786 3362 δίκαιος.
821 3296 882 3352 '0
904 3298 960 3350 δὲ
985 3297 1224 3361 ἐκείναις
1246 3297 1347 3367 μὲν
1369 3299 1712 3368 κατακράτος

144 3395 314 3458 ἁλοὺς,
346 3394 441 3447 καὶ
482 3390 588 3444 ὑπὸ
626 3390 736 3444 τῶν
773 3388 1123 3460 βαρϐαρικῶν
1164 3388 1261 3442 τοῦ
1311 3387 1562 3459 σώματος
1606 3404 1713 3441 πα-

153 3488 246 3541 θῶν
289 3485 747 3557 τυραννούμενος,
783 3482 1140 3554 βαρϐαρικοῖς
1165 3483 1222 3534 δὲ
1251 3482 1536 3552 τροπαίοις
1587 3483 1711 3534 ἐνα-

151 3580 489 3650 ϐρυνόμενος,
527 3573 685 3640 οὗτος
717 3576 811 3632 καὶ
844 3575 1050 3645 ἠλίθιος
1086 3569 1226 3628 εἷναί
1274 3591 1365 3645 μοι
1399 3575 1564 3636 δοκεῖ,
1614 3574 1712 3627 καὶ

148 3669 567 3742 ἀνδραποδώδης.
621 3665 802 3736 Δειλίᾳ
830 3665 939 3736 γὰρ
981 3665 1073 3718 καὶ
1109 3663 1262 3733 φόϐῳ
1293 3661 1560 3733 μειζόνων
1601 3680 1703 3715 κα-

154 3761 252 3815 κῶν
283 3764 350 3834 (ει
381 3761 480 3813 καὶ
510 3757 814 3830 παράδοξον
853 3757 952 3809 καὶ
981 3758 1157 3809 εἰπεῖν
1198 3756 1292 3808 καὶ
1327 3753 1582 3825 ἀκοῦσαι)
1615 3758 1714 3808 ἀν-

149 3852 308 3924 δρεῖος
332 3848 472 3906 εἶναι
509 3852 678 3905 δοκεῖ.
720 3848 1058 3918 Φοϐούμενος
1089 3847 1199 3920 γὰρ
1235 3845 1491 3901 δουλείαν
1518 3846 1550 3900 ἢ
1583 3847 1712 3898 ἐαυ-

152 3944 288 4015 τοῦῆ
320 3943 429 3998 τῶν
469 3941 702 4009 παίδων,
726 3941 979 4011 πολεμεῖ.

374 4239 534 4308 Σιτθο.
579 4271 648 4281 -
681 4237 944 4292 ΔΔΝΙΗΛ
981 4234 1453 4305 ΠΡΕΣΒΥΤΕΡῼ.

1815 3117 1942 3169 tiam
1970 3114 2116 3168 velut
2153 3113 2434 3184 tyrannide
2459 3113 2735 3181 opprimit,
2777 3113 2942 3184 374
2996 3114 3104 3180 hic,
3155 3130 3278 3168 cum
3309 3115 3386 3168 li-

1811 3205 1996 3259 beram
2015 3203 2084 3256 ab
2111 3204 2257 3257 omni
2287 3203 2484 3256 vitiosa
2532 3203 2819 3257 all‘ectione
2869 3204 3104 3256 animam
3165 3205 3390 3267 habeat,

1812 3297 1864 3352 id
1897 3306 2158 3362 meretur,
2191 3305 2249 3349 ut
2285 3295 2468 3349 multis
2521 3311 2585 3349 ac
2627 3297 2902 3364 pratclaris
2950 3296 3167 3365 tropaeis
3203 3297 3393 3351 exsul-

1813 3397 1910 3444 tet.
1935 3389 2037 3455 Qui
2059 3399 2265 3448 autem.
2291 3404 2418 3443 cum
2453 3390 2519 3443 ab
2553 3389 2659 3442 illis
2691 3402 2917 3458 prorsus
2948 3390 3284 3443 constrictus
3309 3401 3390 3442 te-

1813 3491 2028 3546 neatur,
2061 3491 2223 3550 atque
2255 3498 2282 3534 a
2317 3481 2622 3535 barbaricis
2650 3481 2897 3548 corporis
2922 3480 3069 3534 vitiis
3101 3482 3391 3551 tyrannide

1812 3583 2110 3643 prematur,
2140 3573 2440 3627 barbaricis
2475 3582 2653 3625 tamen
2709 3571 2923 3639 tropzeis
2963 3571 3244 3640 gloriatur,
3300 3572 3392 3626 hic

1832 3664 2077 3736 proiecto
2111 3665 2240 3718 mihi
2271 3675 2324 3717 et
2354 3663 2604 3728 stolidus,
2637 3677 2692 3716 et
2726 3662 2936 3717 servilis
2970 3662 3136 3716 animi
3169 3677 3289 3716 esse
3315 3663 3395 3715 vi-

1815 3760 1994 3810 detur.
2050 3755 2257 3824 Quippe
2320 3755 2388 3807 ob
2446 3753 2711 3819 majorum
2780 3753 3044 3807 malorum
3083 3764 3282 3808 metum
3328 3768 3394 3808 ac

1816 3847 2157 3901 formidinem
2194 3845 2432 3916 (etiamsi
2463 3846 2565 3898 hoc
2595 3851 2649 3897 et
2698 3842 2847 3897 dictu
2896 3853 2951 3898 et
3003 3841 3145 3897 iactu
3194 3843 3392 3897 mirum

1814 3939 1909 4004 sit)
1941 3937 2093 3991 fortis
2120 3946 2174 3989 et
2201 3935 2408 3990 strenui
2438 3935 2538 3988 viri
2563 3935 2800 4003 speciem
2847 3935 3010 4003 gerit.
3069 3935 3206 3989 Dum
3245 3935 3393 3989 enim

1813 4031 1868 4085 id
1895 4031 2069 4092 timet,
2107 4041 2174 4082 ne
2207 4037 2300 4081 aut
2333 4027 2470 4096 ipse,
2497 4037 2590 4080 aut
2627 4027 2796 4096 ipsius
2843 4026 2937 4080 lilii
2971 4027 3236 4094 serviant,
3274 4027 3394 4081 bel-

1815 4121 1925 4177 lum
1956 4121 2116 4190 gerit.

1992 4233 2238 4291 CCXCH.
2273 4263 2344 4274 —
2371 4231 2648 4287 DANIELI
2718 4230 3182 4288 PRESBYTERO

214 4377 310 4433 Τὸν
333 4377 597 4449 λαμπρᾶς
625 4373 940 4444 ἀπτόμενον
973 4370 1306 4434 ὑποθέσεως,
1339 4367 1435 4422 καὶ
1466 4366 1558 4421 τὸν
1590 4365 1709 4421 νοῦν

1889 4371 2051 4434 Eum,
2080 4369 2171 4436 qui
2227 4367 2549 4437 praeclarum
2614 4365 2832 4432 aliquod
2882 4374 3261 4433 argumentum
3309 4375 3394 4419 at-

157 4469 247 4525 τῶν
303 4470 466 4542 ἱερῶν
513 4465 755 4539 Γραφῶν
804 4464 1141 4537 ἑρμηνεῦσαι
1189 4460 1552 4531 πειρώμενον,
1609 4458 1716 4529 χρὴ

158 4563 242 4634 τὴν
270 4563 364 4634 μὲν
393 4562 642 4632 γλῶτταν
691 4559 835 4629 ἔχειν
871 4558 1076 4628 σεμνὴν
1119 4573 1178 4608 τε
1219 4555 1314 4608 καὶ
1356 4552 1581 4624 τρανὴν,
1617 4551 1717 4621 τὴν

157 4655 205 4708 δέ
232 4655 448 4728 γνώμην
488 4653 689 4724 εὐσεϐῆ
719 4669 778 4705 τε
817 4653 913 4705 καὶ
948 4648 1146 4718 εὐαγῆ,
1180 4644 1501 4702 ἀκολουθεῖν
1529 4660 1590 4697 τε
1621 4643 1720 4695 αὑ-

157 4749 278 4812 ταῖς,
313 4748 406 4800 καὶ
457 4747 534 4817 μὴ
584 4743 866 4816 ἡγεῖσθαι,
918 4741 1054 4813 μηδὲ
1088 4739 1223 4810 πρὸς
1266 4738 1326 4790 τὸ
1364 4738 1563 4790 οίκεῖον
1598 4734 1723 4805 βού-

157 4838 307 4910 λημα,
333 4841 425 4893 τὸν
457 4838 685 4893 ἐκείνων
709 4835 834 4890 νοῦν
862 4832 1235 4897 ἐκϐιάζεσθαι.
1255 4831 1381 4893 Τοῖς
1407 4828 1516 4900 γὰρ
1541 4844 1717 4898 παρα-

158 4932 312 4982 ποιεῖν
337 4930 430 4984 καὶ
463 4924 911 4999 παρερμηνεύειν
957 4921 1226 4993 τολμῶσι,
1265 4919 1510 4980 κίνδυνος
1540 4917 1714 4989 ἐπήρο-

159 5037 300 5092 τηται
341 5023 596 5096 μέγιστος
649 5022 729 5086 εἰς
767 5018 936 5091 αὐτὴν
963 5016 1064 5087 τὴν
1095 5013 1272 5086 ψυχὴν
1306 5011 1540 5084 βλέπων.

1823 4461 2001 4531 tingit,
2026 4475 2090 4514 ac
2124 4457 2531 4527 Scripturarum
2582 4471 2866 4510 sacrarum
2921 4465 3158 4510 tuentem
3221 4457 3397 4510 inter-

1816 4555 2017 4624 pretari
2075 4561 2325 4613 conatur,
2383 4549 2485 4603 hoc
2530 4549 2715 4603 lacere
2775 4557 3012 4617 oportet,
3069 4557 3126 4602 ut
3158 4548 3397 4619 linguam

1816 4646 2034 4716 quidem
2064 4658 2283 4714 gravem
2309 4652 2363 4696 et
2384 4651 2628 4710 apertam
2660 4656 2725 4696 ac
2775 4641 3094 4707 dilucidam,
3159 4651 3398 4696 mentem

1816 4756 1946 4798 vero
1985 4739 2128 4808 piam
2183 4746 2237 4793 et
2276 4747 2522 4793 sanctam
2557 4737 2755 4791 habeat
2787 4753 2804 4792 :
2857 4751 3058 4806 easque
3113 4745 3398 4805 sequatur,

1823 4847 1930 4888 non
1953 4841 2134 4890 autem
2160 4831 2467 4892 antecedat,
2492 4843 2592 4883 nec
2626 4830 2695 4883 ad
2753 4828 3041 4883 arbitrium
3095 4843 3251 4883 suum
3307 4843 3403 4883 ea—

1823 4941 1943 4980 rum
1975 4939 2194 4980 sensum
2232 4931 2502 4992 torqueat.
2531 4920 2601 4978 lis
2625 4921 2793 4987 enim,
2827 4921 2918 4990 qui
2943 4935 3037 4976 eas
3063 4929 3399 4990 pervertere,

1823 5033 1888 5073 ac
1917 5017 2138 5072 sinistra
2171 5014 2617 5086 interpretatione
2637 5014 2940 5085 depravare
2989 5028 3095 5067 non
3130 5012 3400 5074 dubitant,

1823 5110 2118 5164 maximum
2150 5107 2474 5180 periculum,
2507 5107 2574 5163 ad
2628 5107 2803 5178 ipsam
2843 5105 3085 5162 animam
3119 5112 3398 5173 spectans,

1825 5203 2119 5273 hnpendeL

1233 5405 1472 5464 VARIE
1507 5405 1894 5463 LECTIONES
1933 5404 2023 5461 ET
2064 5405 2299 5461 ΝΟΤᾹΕ.

218 5577 319 5646 (ll)
368 5575 504 5632 Cod.
544 5573 671 5629 Vat.
879 5569 1205 5646 non_émtx._
1248 5566 1341 5623 sed
1395 5565 1709 5646 ἀπαχθῆναι

165 5637 344 5702 scribit.
377 5648 537 5701 Vers.
569 5655 688 5713 post
710 5644 744 5697 2
783 5643 925 5698 inter
958 5639 1067 5695 τῶν
1093 5649 1148 5694 et
1181 5637 1584 5710 ἡμαρτηκότων
1625 5638 1709 5691 in-

164 5719 289 5788 serit,
301 5718 488 5788 μηδέν.
522 5715 734 5788 Possm.

220 5763 435 5859 (i'ai’lii'
451 5763 760 5843 titulo-voci
787 5779 1056 5855 Γερμανῷ
1080 5779 1203 5839 cod.
1237 5778 1365 5837 Vat.
1403 5777 1509 5836 650
1539 5792 1704 5849 appoo

1819 5563 1898 5619 nit
1925 5564 2165 5634 Κόμητι.
2191 5563 2351 5619 Vers.
2385 5563 2522 5634 epJ
2553 5577 2649 5634 pro
2682 5560 2898 5634 πολλοῖς
2923 5559 3053 5630 legit
3073 5557 3292 5634 πολλᾴς.
3320 5556 3402 5634 In.

1817 5707 1848 5762 λ
1879 5639 1910 5724 η(
1924 5627 2024 5759 15;’
2047 5627 2192 5690 Idem
2241 5635 2360 5692 cod.
2400 5627 2677 5691 t'ollit'illa
2735 5633 2841 5688 duo
2906 5627 3092 5699 verba,
3135 5630 3229 5683 καὶ
3267 5627 3403 5682 πολ-

1851 5725 1945 5772 οις.
2012 5723 2064 5762 υ.
