3894 6412
158 398 241 463 5‘39
1014 405 1373 467 EPISTULA
1382 405 1550 467 RUM
1584 408 1696 467 Ι.ῐὲ

1806 406 1883 467 ιι.
1924 431 1989 442 -
2029 407 2263 468 EPIST.
2305 408 2553 469 ccxcv.
3265 366 3366 471 976

162 515 333 583 βαδίζει
372 513 463 566 ἐπὶ
496 514 597 579 τὰς
668 518 975 589 συμφοράς.
1035 521 1247 592 Ὠσπερ
1300 522 1407 592 γὰρ
1459 524 1517 575 ἐν
1553 523 1695 593 θήρᾳ

1806 525 2044 594 protinus
2074 525 2275 594 Optima
2335 533 2654 591 est,verum
2713 539 2776 580 ea
2828 524 3043 581 demum
3092 543 3211 597 qua:
3242 545 3363 585 cum

159 604 312 657 καὶτὸ
334 603 473 657 ἑλεῖν
506 606 692 674 καλὸν,
732 610 827 663 καὶ
874 610 935 663 τὸ
980 611 1302 683 διαμαρτεῖν
1352 613 1571 667 κάλλιον
1625 614 1696 682 (εί

1806 615 2084 671 honestate
2107 617 2393 684 conjuncta
2412 628 2495 673 est
2524 637 2538 673 :
2576 633 2695 688 qua:
2723 619 2766 674 si
2796 618 2956 685 desit,
3013 621 3079 674 ad
3126 622 3365 675 calami-
3396 658 3412 691 γ.

158 696 205 746 τὸ
227 695 312 762 μὲν
342 696 645 761 ἀκινδύνως
670 714 685 727 ·
711 700 772 751 τὸ
807 700 886 767 δὲ,
938 703 1030 754 ἐπὶ
1055 702 1131 773 τῷ
1161 703 1393 773 χαλεπόν
1424 721 1477 756 τι
1506 702 1696 757 παθεῖν

1806 718 1937 763 tates
1974 721 2119 763 recta
2152 710 2343 764 tendit.
2370 710 2832 776 Quemadmodum
2885 712 3030 765 enim
3103 712 3154 765 in
3187 728 3361 766 vena-
3395 724 3407 781 ,‘

158 787 407 855 γίγνοιτο),
441 789 587 842 οὕτω
616 792 713 845 καὶ
752 794 847 847 ἐπὶ
887 794 997 848 τῶν
1027 795 1255 867 κερδῶν.
1290 797 1560 867 Αίσχύνην
1593 797 1696 867 γὰρ

1806 798 1967 864 tione,
1998 808 2053 852 et
2076 798 2288 868 cepisse
2319 798 2600 868 pulchrum
2647 809 2751 866 est,
2816 810 2870 854 et
2902 816 2930 851 a
2958 800 3138 869 przcda
3200 801 3364 854 aber-
3394 822 3409 896 γ

162 880 680 949 προσοφλισκάνουσι,
716 886 810 938 καὶ
845 887 1122 951 κινδύνους
1155 888 1577 960 κληρονομοῦσιν
1602 905 1615 918 ·
1652 889 1696 940 εἰ

1806 904 1955 944 rasse
1983 889 2284 959 pulchrius,
2349 891 2615 961 siquidem
2674 891 2800 944 illud
2854 891 3095 960 periculo
3142 880 3399 956 carem,"

160 987 208 1037 γε
230 971 579 1036 πλεονεκτεῖν,
606 976 744 1046 μετά
769 978 861 1030 τοῦ
885 978 1094 1032 δικαίου
1142 979 1240 1042 τὰς
1270 978 1528 1049 εὐπορίας
1555 978 1699 1048 ἔχειν

158 1063 431 1132 δυνάμενοι,
477 1067 825 1138 ἐπιχειροῖεν.
868 1071 931 1122 Ei
978 1071 1036 1123 δέ
1099 1088 1183 1135 τις
1238 1072 1411 1141 φαίηο
1454 1070 1549 1132 Τίς
1600 1070 1701 1123 οὐκ

158 1152 208 1205 ἂν
221 1153 481 1224 ἐθελήσειε
498 1156 785 1226 λαμϐάνων
815 1160 1067 1231 εὐπορεῖν
1090 1178 1104 1226 ;
1126 1192 1191 1200 -
1221 1162 1317 1226 Τίς
1368 1162 1411 1215 δ’
1437 1161 1500 1214 ἂν
1529 1162 1701 1214 ἕλοιτο

159 1243 393 1314 κερδήσας
443 1245 818 1314 ἀπολωλέναι;
877 1250 1044 1320 φαίην
1083 1249 1169 1303 ἄν·
1210 1250 1270 1303 τὸ
1319 1251 1426 1322 γὰρ
1481 1250 1575 1319 ἀφ’
1624 1243 1699 1302 ὧν

158 1333 454 1387 κινδυνεύειν
501 1338 769 1407 περίεστι,
817 1340 1121 1408 κερδαίνειν
1164 1341 1388 1405 ἐθέλειν,
1441 1340 1502 1393 οὐ
1535 1339 1701 1411 κέρδη

158 1426 462 1497 θηρωμένων
526 1432 698 1495 ἐστὶν,
760 1433 875 1485 ἀλλ’
936 1434 1154 1499 ἀδοξίας
1214 1436 1309 1487 καὶ
1378 1435 1698 1505 συμφοράς’

156 1520 311 1591 ἐπειδὴ
352 1521 465 1574 τῶν
496 1523 703 1592 κερδῶν
734 1524 846 1594 (19)
897 1526 966 1578 τά
1013 1528 1110 1596 μὲν
1161 1526 1392 1597 αἰσχρὰν
1437 1527 1549 1597 ἔχει
1602 1526 1700 1596 τὴν

157 1611 397 1674 ὑπόθεσιν,
425 1612 499 1666 τὰ
525 1612 582 1666 δὲ
607 1615 946 1669 ἐπικίνδυνον
964 1618 1062 1688 τὴν
1092 1617 1423 1682 πλεονεξίαν.
1454 1618 1577 1670 Εἴτε
1606 1613 1701 1670 οὖν

156 1702 224 1755 διὰ
238 1706 299 1755 τὰ
329 1704 590 1774 παρόντα,
619 1707 725 1758 εἴτε
751 1707 838 1760 διὰ
854 1708 921 1761 τὰ
948 1710 1229 1779 μέλλοντα,
1268 1710 1577 1780 βαρυτάτην
1595 1710 1695 1778 τὴν

156 1793 327 1864 ζημίαν
358 1797 416 1849 τὸ
472 1798 655 1860 κακῶς
700 1800 1000 1869 κερδαίνειν
1019 1803 1132 1873 (20)
1184 1803 1501 1874 ἡγούμενοι,
1538 1802 1701 1856 παντὶ

156 1887 302 1940 σθένει
344 1888 445 1959 τὴν
494 1890 707 1942 ἀδικίαν
737 1893 1105 1959 φευγέτωσαν.

1801 981 1903 1035 hoc
1935 992 2114 1035 autem
2172 983 2533 1037 calamitatem
2589 982 2825 1050 aliquam
2887 982 3123 1036 afferat:
3176 983 3363 1036 eodem

1800 1074 2028 1128 modoin
2056 1073 2221 1129 lucris
2248 1089 2463 1144 quoque
2501 1088 2562 1128 se
2596 1089 2683 1128 res
2740 1074 2921 1128 habet.
2983 1072 3355 1142 Praeterquam

1800 1166 2099 1235 quodenim
2126 1167 2378 1232 probrum
2415 1173 2469 1220 et.
2494 1164 2843 1235 ignominiam
2892 1164 3157 1229 conflant,
3226 1165 3365 1234 peri-

1801 1260 1919 1312 cula
1938 1258 2101 1311 etiam
2130 1257 2274 1311 velut
2308 1256 2656 1311 haereditario
2707 1256 2828 1322 jure
2886 1256 3237 1326 percipiunt:
3282 1256 3362 1310 si-

1799 1349 2016 1418 quidem
2051 1362 2173 1401 cum
2225 1347 2385 1417 justis
2442 1349 2743 1402 rationibus
2802 1362 2933 1415 Opes
2989 1362 3114 1401 suas
3165 1360 3363 1415 augere

1801 1440 2026 1510 possint,
2059 1440 2193 1494 alios
2226 1454 2318 1508 per
2352 1438 2590 1493 fraudem
2626 1440 3019 1493 circumvenire
3052 1439 3367 1508 aggredian-

1803 1538 1905 1581 tur.
1937 1527 2087 1594 Quod
2112 1528 2155 1581 si
2180 1530 2299 1595 quis
2320 1529 2517 1581 dixcrit
2546 1546 2558 1581 :
2589 1528 2721 1594 Quis
2751 1544 2854 1581 non
2882 1532 3146 1584 sumendo
3184 1527 3364 1582 facul-

1804 1626 1941 1671 tates
1978 1633 2126 1680 suas,
2153 1628 2319 1687 atque
2355 1618 2538 1687 c0pins
2590 1620 2864 1673 auctiores
2920 1620 3143 1672 reddere
3201 1617 3368 1672 velit?

1802 1721 1903 1776 ego
1936 1720 2121 1764 contra
2160 1713 2261 1764 hoc
2295 1698 2522 1765 dixerim
2565 1730 2578 1766 :
2616 1711 2748 1777 Quis
2778 1713 3033 1764 lucrando
3076 1713 3251 1779 perire
3314 1712 3366 1764 in

1802 1801 2037 1854 animum
2064 1802 2315 1856 inducat?
2343 1803 2549 1856 Etenim
2582 1808 2649 1857 ab
2706 1805 2770 1857 iis
2809 1806 2994 1867 rebus,
3062 1818 3180 1872 quae
3221 1805 3367 1872 peri-

1728 1887 1770 1945 B
1799 1892 1977 1945 culum
2010 1891 2262 1957 afferunt,
2304 1894 2503 1946 lucrari
2541 1895 2695 1958 velle,
2728 1912 2831 1947 non
2869 1895 3041 1957 lucra,
3080 1896 3174 1948 sed
3217 1896 3368 1962 igno-

156 1979 761 2034 miniasetcalamitates
837 1985 1224 2050 aucupantium
1292 1984 1567 2038 hominum
1628 1992 1735 2039 est.
1810 1980 2256 2051 Quandoquidem
2307 1984 2577 2038 lucrorum
2624 1986 2726 2039 alia
2787 1994 2995 2053 turpem
3047 2001 3267 2038 causam
3306 2001 3369 2039 ac

158 2072 402 2125 materiam
436 2073 659 2138 habent,
715 2078 821 2131 alia
852 2078 1212 2143 periculosam
1261 2076 1676 2131 fraudationem.
1719 2075 1849 2143 Quae
1879 2090 2000 2130 cum
2029 2075 2102 2129 ita
2132 2076 2390 2139 sint,sive
2410 2079 2478 2131 ob
2500 2078 2809 2145 praesentia,
2878 2081 2993 2134 sive
3048 2080 3118 2135 ob
3165 2080 3368 2145 futura,

153 2162 499 2229 gravissimum
523 2166 778 2221 damnum
812 2168 1013 2221 malum
1041 2178 1307 2238 quaestum
1336 2184 1458 2223 esse
1476 2168 1872 2229 existimantes,
1906 2167 2159 2222 omnibus
2185 2168 2389 2222 viribus
2420 2169 2673 2237 injuriam
2737 2170 2967 2239 fugiant.

233 2278 378 2343 Σιιεκ
411 2309 481 2322 -
511 2280 924 2349 ΧΑΙΡΗΜΩΝΙ,
978 2285 1252 2354 ΖΩΣΙΜῼ,
1303 2285 1591 2339 ΜΑΡΩΝΙ.

544 2372 665 2426 ’Ὁτι
689 2374 986 2441 ἀθάνατος
1009 2378 1047 2444 ἡ
1074 2376 1266 2445 ψυχή.

204 2461 281 2530 Μὴ
312 2460 648 2531 νομίζοντες,
689 2459 735 2518 ὧ
766 2464 1053 2534 βέλτιστοι,
1100 2468 1239 2536 μετά
1282 2469 1389 2521 τῶν
1434 2471 1702 2540 σωμάτων

152 2551 438 2607 σϐέννυσθαι
471 2556 572 2617 τὰς
603 2556 799 2626 ψυχὰς,
832 2558 1005 2621 ἀδεῶς
1046 2559 1415 2630 ἁμαρτάνετε,
1452 2560 1528 2620 ὡς
1548 2561 1702 2625 δίκας

155 2644 213 2713 μὴ
239 2646 522 2714 ὐερέξοντες
546 2664 560 2677 ·
595 2648 733 2701 ἀλλά
765 2650 917 2721 παρά
956 2650 1050 2703 τοῦ
1084 2652 1273 2722 κριτοῦ
1314 2652 1410 2723 τὴν
1439 2652 1694 2723 ἀλήθειαν

154 2739 402 2805 μαθόντες,
432 2741 517 2793 ὅτι
553 2741 648 2794 καὶ⁵
678 2741 937 2795 ἀθάνατοί
980 2745 1085 2796 εἰσι
1114 2744 1205 2796 καὶ
1232 2744 1385 2814 δίκην
1416 2744 1690 2814 ὑφέξουσι,

151 2828 452 2901 παλινῳδίαν
477 2830 664 2901 ᾄσατε.
694 2849 712 2882 ι
739 2833 830 2902 Μὴ
876 2833 1147 2903 φοϐηθῆτε
1172 2837 1300 2904 γὰρ,
1351 2838 1533 2906 φησιν.
1586 2836 1696 2888 ἀπὸ

152 2921 235 2971 τῶν
257 2922 682 2976 ἀποκτεινόντων
701 2924 763 2975 τὸ
794 2925 971 2994 σῶμα,
994 2926 1091 2995 τὴν
1122 2926 1183 2978 δὲ
1212 2927 1387 2996 ψυχὴν
1424 2926 1497 2997 μὴ
1534 2926 1695 2979 δυνα-

153 3011 304 3079 μένων
327 3014 645 3068 ἀποκτείναι
669 3035 687 3067 ι
705 3016 863 3085 (αὕτη
881 3016 1267 3088 ἀναντίρρητος
1285 3018 1381 3086 τῆς
1402 3017 1697 3078 ἀθανασίας

149 3101 230 3170 τῆς
259 3102 431 3173 ψυχῆς
469 3108 502 3172 ἡ
554 3108 848 3177 μαρτυρία)
869 3125 882 3138 ·
909 3127 926 3159 ι
955 3108 1228 3178 φοϐήθητε
1279 3108 1336 3162 δὲ
1381 3109 1578 3176 μᾶλλον
1607 3110 1697 3161 τὸν

1803 2282 2053 2339 CCXCV.
2092 2313 2161 2324 -—
2182 2283 2612 2340 CHIEREMONI
2633 2325 2647 2349 ,
2674 2283 2926 2339 ZOSIMO
2964 2283 3050 2341 ET
3081 2284 3371 2344 MARONI.

2238 2374 2389 2440 Quod
2413 2375 2724 2433 immortalis
2758 2376 2955 2429 anima.

1873 2465 1950 2520 Ne
1985 2465 2087 2520 hac
2110 2466 2365 2535 Opinione
2393 2466 2559 2529 ducti,
2587 2465 2775 2534 optimi
2819 2465 2940 2531 viri,
2983 2465 3124 2532 quod
3178 2465 3370 2520 anima!

1802 2573 1905 2611 una
1936 2572 2058 2611 cum
2091 2558 2408 2627 corporibus
2441 2557 2877 2625 exstinguantur,
2906 2558 3023 2612 sine
3066 2558 3173 2612 ullo
3227 2570 3369 2612 metu

1804 2648 2059 2717 peccetis,
2089 2657 2344 2716 tanquam
2375 2662 2562 2716 ptenas
2594 2649 2815 2702 minime
2851 2648 3026 2701 daturi
3054 2666 3067 2702 :
3122 2664 3309 2702 verum
3340 2665 3371 2703 a

1797 2740 1979 2810 judice
2014 2740 2295 2793 veritatem
2320 2739 2521 2804 edocti,
2548 2738 2648 2793 hoc
2678 2748 2782 2803 est,
2815 2740 2953 2809 quod
3004 2749 3052 2793 et
3093 2739 3371 2793 immorta-

1801 2831 1878 2885 les
1906 2832 2036 2895 sint,
2074 2841 2126 2884 et
2154 2830 2413 2898 judicium
2439 2830 2694 2884 subiturae
2737 2831 2869 2894 sint,
2924 2826 3371 2898 palinodiamca-

1802 2924 1932 2977 nite.
1968 2943 1985 2973 ι
2025 2921 2102 2977 Ne
2132 2922 2367 2977 timentis
2410 2924 2576 2983 enim,
2621 2922 2813 2989 inquit,
2858 2923 2925 2975 ab
2974 2922 3036 2975 iis
3088 2923 3177 2991 qui
3222 2923 3370 2974 Occi-

1802 3015 1936 3069 dunt
1965 3030 2180 3085 corpus,
2212 3015 2448 3067 animam
2494 3023 2672 3066 autem
2714 3030 2816 3067 non
2857 3027 3081 3083 possunt
3126 3016 3372 3070 occidere

1802 3106 1891 3177 (en
1948 3106 2212 3173 ejusmodi
2267 3104 2685 3158 immortalitatis
2738 3104 2929 3157 anima:
2978 3108 3368 3171 testimonium,

148 3192 414 3263 δυνάμενον
440 3197 533 3248 καὶ
552 3197 727 3267 ψυχὴν
746 3200 839 3251 καὶ
862 3198 1022 3269 σῶμα
1046 3199 1304 3252 ἀπολέσαι
1339 3203 1396 3252 ὲν
1423 3200 1636 3270 γεέννῃ.
1673 3218 1692 3252 ι

1806 3198 1887 3253 cui
1922 3212 2082 3251 nemo
2107 3197 2379 3251 adversari
2398 3195 2580 3266 queat)
2602 3214 2616 3258 ;
2640 3195 2826 3250 timete
2859 3205 3034 3249 autem
3059 3198 3233 3265 potius
3248 3213 3370 3252 eum

147 3282 275 3354 Αὕτη
302 3286 393 3339 καὶ
424 3288 523 3356 τῆς
555 3290 904 3353 ἀναστάσεως
946 3292 1037 3343 καὶ
1065 3292 1162 3360 τῆς
1210 3290 1485 3352 κολάσεως
1529 3290 1703 3360 ἀψευς

146 3375 229 3444 δὴς
265 3378 548 3445 ἀπόδειξις.
597 3380 706 3449 Τὴν
754 3381 863 3453 γὰρ
891 3382 985 3461 τοᾷ
1043 3382 1386 3457 Δημιουργοῦ
1424 3382 1695 3451 ἀπόφασιν

148 3468 303 3539 πάσης
353 3470 675 3535 ἀποδείξεως
719 3473 1067 3544 ἰσχυροτέραν
1119 3474 1225 3544 χρὴ
1263 3474 1523 3544 νομίζειν.
1574 3476 1696 3527 Ὅτι

144 3555 199 3607 δὲ
229 3560 314 3611 καὶ
365 3561 422 3612 ἐν
474 3562 539 3631 τῇ
608 3562 815 3632 Παλαιᾷ
882 3563 1124 3634 Διαθήκη
1176 3564 1225 3615 Ol.
1271 3564 1548 3633 εὐδόκιμοι
1603 3564 1701 3617 καὶ

145 3646 368 3719 λαμπροὶ
426 3650 523 3721 τὴν
570 3654 669 3723 τῆς
744 3651 922 3722 ψυχῆς
956 3652 1067 3723 (21)
1118 3653 1317 3724 ⁴ᾔδεσαν
1373 3652 1692 3720 ἀθανασίαν,

143 3739 392 3794 ἀκούσατε
424 3741 533 3794 τῶν
561 3741 727 3813 τριῶν
759 3743 963 3798 παίδων
986 3747 1043 3796 ἐν
1072 3746 1140 3814 τῇ
1170 3743 1387 3814 καμίνῳ
1410 3743 1692 3812 λεγόντων·

152 3850 169 3882 ι
214 3832 512 3901 Εὐλογεῖτε,
541 3833 825 3904 πνεύματα
852 3836 944 3888 καὶ
970 3836 1140 3905 ψυχαὶ
1175 3835 1422 3900 δικαίων,
1458 3835 1549 3887 τὸν
1579 3834 1694 3889 Κύ-

146 3940 267 3992 ριον.
302 3944 321 3976 ι
368 3924 697 3992 ’Δξιόπιστοι
724 3926 781 3979 δὲ
814 3925 1082 3996 δήπουθέν
1116 3927 1275 3992 εἰσιν,
1310 3928 1357 3978 οί
1382 3927 1471 3979 τὸν
1498 3926 1698 3996 τύραν-

146 4032 227 4066 νον
259 4016 331 4087 μὴ
357 4017 706 4086 φοϐηθέντες,
737 4018 876 4071 ἀλλὰ
901 4019 999 4089 τὴν
1024 4018 1306 4071 εὐσέϐειαν
1350 4018 1696 4089 ἐπιδειξάμε-

145 4123 236 4169 νοι,
259 4110 346 4160 καὶ
382 4107 444 4160 τὸ
486 4108 597 4180 πῦρ
637 4110 1084 4180 δυσωπήσαντες.
1122 4110 1180 4162 Ὀ
1209 4110 1267 4162 δέ
1304 4109 1411 4163 τῶν
1445 4112 1697 4182 Σεραφὶμ

148 4196 330 4268 θεωρὸς
371 4198 509 4269 βοῶν
533 4242 549 4266 ,
592 4219 610 4252 ι
655 4199 749 4263 Τίς
788 4201 1078 4270 ἀναγγελεῖ
1105 4202 1231 4270 ὑμῖν
1274 4202 1354 4256 ὅτι
1390 4201 1501 4272 πῦρ
1546 4201 1697 4255 καίε-

142 4308 251 4357 tat;
280 4313 297 4345 ι
346 4296 396 4349 τί
426 4296 554 4349 ἄλλο
596 4295 630 4367 ἢ
674 4297 770 4366 τὴν
815 4296 1060 4363 γέενναν,
1101 4295 1194 4349 καὶ
1223 4294 1322 4365 τὴν
1375 4294 1482 4347 τῶν
1508 4293 1695 4365 ψυχῶν

143 4382 444 4453 ἀθανασίαν,
472 4387 565 4440 καὶ
594 4387 693 4457 τὴν
733 4385 839 4439 τῶν
870 4386 1137 4455 σωμάτων
1168 4384 1462 4439 ἀναϐίωσιν
1492 4383 1696 4455 κηρύτ-

144 4492 252 4542 τει;
286 4480 373 4550 Μὴ
431 4474 528 4532 οὖν
578 4478 779 4549 μύθους
831 4477 1111 4549 ἡγήσησθε
1172 4479 1298 4540 τοὺς
1357 4476 1695 4548 ἐπᾳσθέντας

1803 3290 1892 3359 qui
1943 3296 2122 3356 potest
2158 3302 2356 3355 corpus
2405 3297 2459 3341 et
2498 3288 2735 3340 animam
2791 3288 3016 3356 perdere
3070 3289 3119 3341 in
3169 3290 3395 3358 gehenr

1804 3399 1925 3436 nam
1955 3382 2022 3433 ⁸⁸.
2066 3399 2084 3432 ι
2112 3380 2188 3433 Ειι
2211 3388 2268 3433 et
2290 3378 2707 3433 resurrectionis
2739 3388 2794 3431 et
2816 3379 3065 3447 supplicii
3114 3382 3181 3433 ab
3222 3382 3370 3435 oumi

1804 3472 2084 3526 mendacio
2112 3471 2286 3524 aliena
2311 3468 2725 3524 demonstratio.
2773 3469 3051 3538 Siquidem
3094 3470 3373 3527 Creatoris

1803 3564 2124 3619 sententiam
2149 3562 2343 3631 quovis
2377 3570 2700 3630 argumento
2739 3561 3034 3615 firmiorem
3080 3576 3147 3616 ac
3186 3563 3375 3618 valen-

1803 3655 1995 3709 tiorem
2019 3652 2336 3707 existimare
2364 3658 2595 3719 Oportet.
2665 3647 2817 3715 Quod
2866 3660 3046 3703 autem
3094 3649 3148 3704 in
3195 3648 3372 3705 Veteri

1802 3759 2016 3816 quoque
2050 3741 2394 3797 Testamento
2423 3740 2574 3809 probi
2605 3750 2657 3795 et
2681 3739 2811 3793 clari
2839 3740 2937 3793 viri
2977 3742 3243 3808 cognitam
3277 3743 3373 3795 ha-

1801 3836 2019 3891 buerint
2066 3836 2260 3889 anima:
2307 3833 2787 3891 immortalitatem.
2836 3832 3016 3886 audite
3066 3833 3196 3903 quid
3259 3842 3371 3889 tres

1800 3929 1953 3998 pueri
1979 3928 2032 3981 in
2058 3927 2279 3981 fornace
2301 3926 2484 3980 dicant
2512 3943 2526 3980 :
2562 3923 2921 3987 «Benedicitc,
2936 3924 3158 3993 spiritus
3175 3934 3227 3979 et
3254 3925 3373 3980 ani-

1802 4020 2206 4090 maajustorum,
2237 4017 2464 4075 Domino
2490 4017 2530 4071 ¹.
2562 4036 2582 4068 ›
2607 4016 2773 4086 376
2808 4015 2985 4070 ldonei
3012 4027 3191 4071 autem
3216 4018 3365 4072 scili-

1802 4122 1908 4177 cet,
1931 4110 2131 4181 quibus
2155 4110 2288 4165 ﬁdes
2318 4110 2660 4173 adhibeatur,
2693 4109 2767 4163 illi
2784 4116 2931 4171 sunt,
2955 4108 3046 4177 qui
3074 4116 3361 4177 tyrannum

1802 4205 2025 4258 minime
2050 4205 2470 4274 pertimuerunt,
2503 4216 2688 4255 verum
2721 4200 2934 4269 pietatis
2958 4201 3229 4270 specimen
3249 4201 3371 4255 edi.-

1803 4295 2017 4358 derunt,
2068 4300 2230 4362 atque
2276 4292 2449 4360 ignem
2491 4298 2747 4358 tanquam
2802 4288 3004 4358 pudore
3047 4286 3366 4343 affecerunt.
3410 4316 3411 4319 η

1802 4383 1918 4439 Jam
1954 4384 2042 4438 ille
2075 4382 2495 4452 Seraphinorum
2547 4390 2817 4450 spectator
2865 4379 3103 4435 clamans
3134 4397 3147 4433 :
3190 4398 3209 4432 ι
3239 4380 3371 4446 Quis

1803 4474 2142 4529 aununtiabit
2170 4473 2320 4527 vobis
2348 4472 2489 4540 quod
2515 4471 2654 4540 ignis
2692 4471 2882 4524 ardeat
2909 4470 2971 4523 ’?
3000 4488 3020 4522 ι
3059 4468 3187 4538 quid
3224 4469 3369 4523 aliud

144 4567 264 4636 ὑμῖν
297 4571 444 4641 παρά
490 4572 590 4640 τῆς
624 4570 844 4641 Γραφῆς
892 4570 1082 4638 λόγους
1109 4609 1122 4635 ,
1178 4568 1291 4622 ἀλλ’
1344 4569 1692 4637 ἀνενέγκατε.

1806 4582 1959 4634 quam
2006 4564 2302 4634 gehennam
2353 4559 2853 4630 atquetanimorum
2910 4558 3369 4615 immortalitatem

147 4660 347 4723 ’Ἔξεστι
391 4664 502 4734 γὰρ
546 4663 651 4727 ἕως
711 4663 895 4717 ἐνθάδε
944 4662 1131 4732 ἐσμέν.
1194 4662 1267 4714 Οὐ
1327 4660 1433 4730 γὰρ
1482 4660 1629 4714 θέλει
1666 4662 1696 4713 ὁ

138 4748 266 4814 Θεὸς
289 4754 375 4805 τὸν
403 4753 631 4807 θάνατον
658 4752 751 4805 τοῦ
792 4749 1146 4823 ἀμαρτωλοῦ,
1181 4750 1256 4813 ὡς
1282 4750 1341 4803 τὸ
1370 4751 1692 4821 ἐπιστρέψαι

140 4842 292 4897 αὐτὸν
353 4846 458 4898 ἀπὸ
488 4846 586 4915 τῆς
636 4845 754 4898 ὁδοῦ
809 4843 975 4899 αὐτοῦ
1006 4843 1106 4911 τῆς
1154 4843 1415 4911 πονηρᾶς,
1470 4842 1564 4894 καὶ
1595 4842 1694 4911 ζῇν

136 4935 295 4988 αὐτὸν
332 4938 425 5005 τὴν
457 4938 698 5007 ἀοίδιμον
730 4937 896 5006 ζωήν.
926 4936 989 4988 Εί
1030 4936 1137 5005 γὰρ
1186 4933 1600 5004 προφθάσοιμεν
1633 4933 1695 4986 τὺ

137 5025 412 5095 πρόσωπον
437 5028 600 5081 αὐτοῦ
628 5029 687 5081 ἐν
726 5026 1138 5097 ἐξομολογήσει,
1165 5018 1466 5089 τουτέστιν,
1496 5026 1545 5076 εἰ
1588 5023 1696 5095 πρὸ

132 5115 237 5185 τῆς
265 5119 446 5189 κυρίας
486 5119 578 5174 διὰ
624 5118 971 5191 πραγμάτων
1026 5116 1166 5170 αὐτά
1214 5114 1690 5186 ἀπολογησόμεθα,

1810 4669 2209 4725 corporumque
2237 4654 2302 4707 ad
2336 4654 2500 4705 vitam
2532 4651 2761 4706 reditum
2821 4649 3118 4720 praedicat?
3165 4650 3371 4717 Quam-

1801 4749 1989 4803 obrem
2026 4761 2091 4798 ne
2121 4747 2283 4798 verba
2311 4759 2373 4801 ea
2409 4758 2528 4811 quae
2553 4740 2831 4811 Scriptura
2854 4739 3007 4795 vobis
3030 4741 3250 4805 accinit,
3273 4756 3372 4809 pro

1798 4838 1994 4893 fabulis
2048 4837 2227 4891 ducite
2274 4833 2523 4889 :Verum
2563 4834 2629 4887 ad
2671 4832 2945 4888 meliorem
3000 4841 3234 4886 mentem
3282 4846 3371 4885 re-

1797 4931 1969 4986 dite’.
2029 4928 2086 4983 Id
2146 4928 2288 4983 enim
2319 4928 2465 4991 licet,
2507 4924 2821 4995 quantisper
2874 4924 2926 4978 in
2984 4927 3092 4977 vita
3159 4936 3367 4977 sumus.

1800 5022 1941 5075 Deus
1962 5022 2158 5090 quippe
2183 5035 2290 5072 non
2320 5019 2437 5071 vult
2466 5027 2695 5071 mortem
2748 5014 3073 5084 peccatoris,
3108 5013 3201 5068 sed
3252 5028 3372 5065 ma-

1802 5115 1883 5182 gis
1907 5121 1963 5165 ut
1997 5126 2025 5164 a
2051 5112 2134 5164 via
2167 5124 2266 5165 sua
2295 5110 2436 5173 mala
2460 5110 2846 5171 ‘convertatur,
2898 5118 2964 5159 ac
2994 5104 3256 5159 celebrem
3288 5102 3372 5155 vi-

212 5272 256 5305 ”
278 5272 449 5331 Matth.
478 5293 534 5343 ι,
554 5276 646 5332 28.
725 5274 743 5304 ¹
770 5274 884 5329 Dan
936 5288 1017 5339 ιιι,
1041 5270 1130 5327 86.
1204 5273 1223 5303 ²
1250 5270 1355 5325 isa.
1386 5284 1581 5332 χχχιιι,
1617 5268 1696 5324 14.

1821 5265 1922 5320 lsa.
1966 5264 2109 5343 XLvi,
2152 5262 2241 5316 11.

1160 5472 1167 5479 .
1214 5425 1448 5481 VARIAS
1491 5418 1879 5478 LEGTIONES
1921 5417 2009 5471 ET
2045 5413 2277 5472 ΝΟΤᾸΕ.

216 5585 314 5655 (l9)
343 5587 470 5643 Cod.
500 5587 651 5651 Vat.,
685 5585 896 5655 melius,
929 5584 1025 5655 ἐπὶ
1050 5578 1153 5655 οὖν
1181 5582 1289 5637 τῶν
1324 5581 1477 5655 κερδ.
1511 5579 1586 5655 lp.

217 5650 313 5727 (ω)
352 5650 698 5727 Βαρυτὼτιν
723 5654 839 5723 τὴν
852 5653 1061 5723 ζημίαν
1097 5654 1163 5727 τὸ
1192 5650 1683 5727 κακῶςκαερδιιίν-

128 5723 251 5781 ειν.
277 5723 523 5784 Hesiodus
548 5723 763 5796 qucque
790 5729 890 5780 hoc
918 5725 1156 5796 agnovit,
1181 5723 1570 5796 cutllAsgl'lps‘il.

217 5796 295 5850 Mi-
330 5797 469 5853 κακά
491 5788 796 5870 κερδαίνειν
815 5812 831 5828 ο
857 5788 1006 5848 κακὰ
1034 5792 1232 5863 κέρδεα
1258 5788 1329 5845 is‘
1360 5788 1574 5864 ἄτῂσιν.

441 5892 716 5954 Parnm.
762 5888 879 5951 Gn.
922 5884 1252 5950 LXXVIII.

1870 5572 1953 5629 Ne
1985 5572 2121 5626 male
2152 5569 2373 5625 lucreris
2399 5585 2419 5626 :
2443 5569 2585 5624 mala
2612 5569 2761 5623 lucra
2790 5564 3019 5638 aequalia
3047 5565 3279 5621 damnis.

1801 5645 1867 5700 Et
1896 5643 2194 5711 Sophocles
2229 5660 2242 5695 :

1864 5706 2165 5781 ’Τὰ-’φαῦλα
2205 5711 2370 5782 κέρδη
2405 5710 2657 5780 πημονὰς
2689 5707 2999 5782 ἐργάζεται.
3021 5706 3248 5782 _Rt1j'r._
3428 5756 3431 5759 η

1881 5786 1973 5855 ‘21)
2000 5774 2171 5838 Verba
2190 5774 2402 5854 τὴνιτῆς
2422 5774 2596 5853 ψιῖχῆς
2617 5774 2899 5837 omittebat
2913 5780 2998 5833 ed.
3020 5778 3191 5833 Paris.
3211 5774 3348 5831 Eutr

2934 5870 3002 5934 3i
