3894 6412
420 421 439 471 1.

427 475 465 572 ᾗ

516 386 618 454 971
1708 376 1771 437 s.
1805 374 2098 437 ISIDOBI
2136 375 2573 436 PELUSIUT/E
3640 384 3730 445 973

517 520 626 561 tam
683 485 898 557 vivat‘.
962 493 1018 550 Si
1065 493 1207 549 enim
1261 491 1454 547 faciem
1500 491 1616 560 ejus
1666 490 1721 546 in
1758 490 2076 545 confessioni

2193 490 2252 543 ἐν
2292 491 2358 560 τῇ
2399 488 2576 560 κρίσει
2628 485 3054 560 ἐλεηθησόμεθα.
3081 485 3195 559 (22)
3222 487 3337 559 Τὴν
3360 486 3471 559 γὰρ
3513 488 3601 543 τοῦ
3635 496 3728 563 Δη-

515 586 1092 665 przeoccupaverimus,
1134 586 1240 639 hoc
1287 590 1394 646 est,
1451 580 1499 635 si
1546 588 1671 635 ante
1722 581 2076 664 praestitutum

2190 580 2489 651 μιουργοῦ,
2537 580 2613 644 ὠς
2671 580 2829 651 ἔφην,
2879 579 3153 649 ἀπόφασιν
3204 579 3387 651 πάσης
3433 580 3731 647 ἀποδείξεως

520 654 659 739 diem
691 697 785 751 per
827 693 913 734 res
951 678 1095 747 ipsas
1123 675 1172 730 ei
1200 672 1655 737 satisfecerimus,
1682 672 1735 726 in
1760 654 1957 740 judicio
1989 670 2076 724 mi-

2202 671 2554 743 ἰσχυροτέραν
2584 672 2689 743 χρὴ
2720 671 2977 741 νομίζειν.

521 775 869 832 sericordiam
913 784 1326 840 consequemur.
1354 767 1628 823 Creatoris
1665 766 1831 834 enim,
1866 766 1940 820 uti
1957 766 2070 836 jam
2113 765 2246 831 dixi,
2279 757 2601 823 sententiam
2630 767 2818 837 quovis
2849 774 3166 835 argumento
3204 780 3267 820 ac
3299 766 3729 825 demonstratione

523 868 819 923 lirmiorem
846 864 1088 933 judicare
1109 870 1339 932 oportet.

670 976 940 1035 CCXCVI.
968 1006 1039 1016 —
1064 970 1416 1029 AGATHUNI
1442 968 1922 1025 PRESBYTERO.

516 1070 788 1140 Quomodo
819 1070 886 1122 sit
910 1066 1304 1140 intelligendum
1348 1063 1505 1140 illati”
1534 1063 1830 1140 Abrajtamo
1856 1062 2076 1125 dictum,

848 1156 868 1189 ι
899 1138 949 1191 Μ
960 1132 1259 1204 ιιίιὶιίίίεαηε
1281 1133 1635 1201 multiplicabo
1662 1132 1706 1185 '.
1740 1152 1759 1185 ι

584 1254 723 1310 Deus
742 1250 1033 1307 Abraliami
1065 1262 1248 1304 semen
1276 1246 1586 1302 caelestibus
1627 1245 1787 1299 astris
1819 1260 1882 1298 ac
1914 1243 2081 1297 maris

514 1358 689 1399 arenae
711 1351 1146 1411 comparaturum
1177 1352 1238 1392 se
1270 1336 1542 1407 pollicitus
1594 1345 1708 1390 est:
1746 1334 1873 1389 illud
1908 1334 2079 1404 signi-

515 1439 702 1500 lieans,
743 1434 886 1503 quod
916 1431 1133 1500 quidam
1159 1443 1226 1483 ex
1268 1426 1401 1497 ipsis
1432 1426 1721 1481 elucebunt
1741 1425 1956 1497 (quales
1976 1424 2083 1479 sci-

513 1525 640 1579 licet
675 1522 896 1575 fuernnt
928 1519 1203 1587 prophetae
1233 1514 1435 1583 etjusti
1482 1515 1606 1579 viri,
1657 1513 1883 1583 apostoli
1929 1514 2083 1578 item,

512 1624 567 1669 et
590 1612 680 1681 qui
714 1626 900 1666 eorum
937 1622 1099 1678 opera
1134 1606 1291 1661 ﬁdem
1332 1603 1563 1672 amplexi
1590 1613 1733 1668 sunt,
1792 1617 1854 1656 ac
1898 1601 2083 1671 probis

2425 972 2598 1039 Σιιςν.
2625 1000 2697 1011 -
2718 969 3010 1022 ΑΓΑΘΩΝΙ
3048 968 3512 1038 ΠΡΕΣΒΥΤΕΡῼ.

2187 1063 2321 1131 Πῶς
2359 1063 2613 1132 νοητέωθ
2656 1062 2723 1116 τὸ
2751 1060 3063 1130 εἰρημένον
3114 1060 3194 1132 τῷ
3248 1061 3518 1128 Ἀϐραὰμ,
3544 1079 3563 1112 ι
3595 1064 3732 1130 Πλη-

2679 1129 2886 1188 θύνὼνί
2904 1129 3211 1199 πληθυνῶ.
3240 1149 3259 1182 ι

2255 1246 2540 1318 Οὐρανίοις
2577 1246 2797 1317 ἄστροις
2855 1244 2957 1299 καὶ
3001 1244 3213 1313 ψάμμῳ
3256 1241 3523 1313 θαλαττίᾳ
3558 1260 3727 1314 rape:-

2182 1338 2373 1393 κάσειν
2427 1338 2487 1392 τὸ
2542 1337 2638 1391 τοῦ
2703 1336 2956 1407 Ἀϐραὰμ
3016 1336 3382 1405 ἐπηγγείλατο
3458 1335 3675 1403 σπέρμα
3706 1337 3734 1388 ὁ

2181 1430 2343 1497 Θεὸς,
2375 1428 2595 1500 μηνύων
2618 1430 2699 1483 ὅτι
2722 1431 2866 1492 τινὲς
2900 1430 2998 1499 μὲν
3044 1428 3103 1494 ἐξ
3132 1427 3312 1479 αὐτῶν
3356 1426 3730 1496 διαλάμψουσιν

2182 1516 2328 1594 (οἷοι
2356 1518 2497 1593 ἦσαν
2548 1521 2598 1575 οἱ
2636 1522 2909 1591 προφῆται
2962 1520 3055 1573 καὶ
3101 1519 3150 1571 οἱ
3202 1518 3421 1582 δίκαιοι,
3465 1516 3732 1569 ἀπόστολοί

2180 1631 2239 1667 τε
2279 1615 2372 1667 καὶ
2400 1615 2451 1666 oi.
2498 1614 2558 1680 ἐξ
2591 1615 2771 1668 αὐτῶν
2813 1610 3229 1673 πιστεύσαντες,
3269 1611 3363 1663 καὶ
3402 1609 3582 1680 ἔργοις
3628 1610 3730 1663 δια-

512 1704 814 1760 actionibus
838 1700 1165 1761 enituerunt,
1194 1696 1259 1750 ad
1283 1710 1417 1764 quos
1444 1692 1694 1748 Salvator
1717 1694 1847 1748 dicit
1876 1712 1889 1748 :
1924 1711 1943 1744 ι
1974 1694 2076 1747 ιυμ

2188 1704 2508 1775 πρέψαντες,
2538 1700 2619 1767 οἷς
2641 1706 2669 1756 ὁ
2698 1702 2888 1773 Σωτὴρ
2925 1702 3023 1772 μὲν
3047 1701 3174 1770 ἔφη,
3205 1699 3515 1769 ιΔαμψάτω
3540 1700 3597 1752 τὸ
3633 1700 3732 1767 φῶς

516 1805 639 1851 ceat
667 1794 759 1847 lux
783 1800 955 1845 vestra
984 1803 1169 1844 coram
1202 1787 1507 1841 hominibus
1533 1786 1554 1817 ⁸
1593 1801 1647 1850 ›;
1674 1795 1729 1839 et
1748 1785 2071 1855 Apostolus:

2188 1770 2335 1866 ὃμῶν
2360 1794 2669 1865 ἔμπροσθεν
2698 1794 2808 1847 τῶν
2836 1770 3165 1863 ανθρώπων
3200 1810 3219 1841 ι
3260 1794 3288 1844 ὁ
3316 1791 3373 1843 δὲ
3412 1790 3728 1853 Ἀπόστολος,

526 1905 547 1939 ι
580 1885 725 1940 Inter
746 1898 881 1952 quos
910 1880 1100 1935 lucetis
1151 1888 1406 1947 tanquam
1469 1874 1755 1929 luminaria
1816 1876 1870 1928 in
1925 1890 2080 1929 mun-

519 1976 639 2030 do"
673 1973 781 2045 ι),
837 1970 1051 2039 quidam
1106 1977 1283 2021 autem
1341 1963 1569 2033 abjecti,
1625 1979 1689 2018 ac
1742 1973 2076 2019 terrenarum

520 2079 700 2117 rerum
739 2060 932 2115 studiis
965 2056 1160 2112 addicti
1195 2070 1318 2111 esse
1370 2055 1865 2125 deprehendentur,
1909 2053 2079 2107 insta-

499 2155 753 2223 bilesque
776 2162 934 2221 atque
967 2150 1033 2204 ad
1065 2162 1279 2202 omnem
1307 2155 1525 2201 ventum
1546 2144 1767 2215 agitati:
1796 2145 1885 2216 qni
1915 2146 2077 2199 etiam

492 2244 732 2313 proinde
764 2248 1020 2309 tanquam
1050 2236 1258 2289 marina
1293 2244 1347 2287 et
1392 2234 1726 2288 infructuosa
1774 2248 1940 2288 arena
1990 2249 2077 2288 re-

488 2388 489 2391 η
513 2335 707 2406 putati,
741 2338 1177 2391 contemnemur,
1203 2342 1266 2381 ac
1294 2340 1391 2396 pro
1421 2325 1588 2380 nihilo
1612 2325 1970 2380 habebuntur.

963 2440 1255 2496 CCXCVII.
1284 2469 1355 2481 —
1376 2436 1621 2495 PAULO.

566 2557 669 2623 Si,
694 2566 948 2626 tanquam
985 2555 1036 2608 in
1063 2553 1290 2624 gratiam
1320 2552 1583 2618 redituri,
1620 2552 1709 2621 qui
1742 2565 1916 2621 nuper
1946 2551 2082 2605 ami-

510 2651 557 2708 ci
581 2658 757 2713 erant,
781 2649 921 2702 inter
954 2645 1317 2709 sedissident,
1363 2646 1533 2699 levius
1588 2644 1785 2698 malum
1844 2652 1970 2697 est:
2034 2642 2079 2697 si

510 2748 688 2795 autem
740 2746 993 2805 tanquam
1043 2734 1098 2788 in
1148 2735 1469 2803 implacabili
1528 2735 1650 2789 odio
1694 2749 1757 2787 ac
1810 2732 2081 2787 simultate

482 2882 485 2885 .
505 2828 874 2901 permansnri,
906 2826 1147 2897 gravius.
1186 2826 1416 2895 Quoquo
1473 2840 1600 2879 vero
1638 2826 1822 2879 animo
1865 2824 1996 2886 sint,
2023 2834 2081 2877 tu

474 2920 577 2975 eda
596 2932 837 2988 operam,
871 2926 1113 2983 utquam
1152 2912 1405 2967 ocissime
1458 2912 1512 2966 in
1557 2912 1788 2979 gratiam
1846 2924 1943 2965 eos
1990 2924 2079 2963 re-

510 3009 678 3063 ducas
706 3046 722 3073 ,
750 3019 817 3060 ne
844 3004 1042 3073 alioqui
1072 3002 1331 3071 temporis
1381 3016 1534 3056 mora
1562 2998 1827 3055 diﬂicilius
1857 2999 1958 3054 hoc
1982 3012 2081 3053 ne-

469 3145 479 3152 .
508 3099 715 3169 gotium
753 3097 964 3152 reddat.

953 3201 1274 3259 CCXCVII].
1298 3231 1369 3242 —
1402 3199 1630 3256 EIDEM.

476 3341 485 3349 η
512 3301 735 3358 Inillud
775 3300 828 3352 in
868 3296 978 3367 lege
1026 3297 1301 3364 scriptum,
1333 3311 1352 3344 ι
1408 3290 1665 3361 Pauperis
1722 3305 1825 3343 non
1870 3290 2083 3343 misen-

1017 3386 1152 3440 beris
1178 3388 1230 3439 in
1256 3384 1461 3454 judicio
1486 3384 1527 3436 ⁸.
1564 3400 1586 3435 ι

550 3506 686 3573 ιριιί
724 3508 1037 3574 paupertate
1066 3500 1130 3552 ad
1157 3497 1429 3568 negotium
1484 3496 1605 3551 aliis
1654 3495 1882 3549 libenter
1930 3493 2083 3550 exhi-

511 3593 747 3651 bendum
789 3589 1051 3651 abutitur,
1086 3586 1137 3638 is
1174 3602 1284 3638 non
1350 3584 1509 3639 modo
1552 3583 1802 3652 indignus
1854 3592 1939 3637 est
1989 3583 2080 3652 qui

517 3681 952 3741 misericordiam
975 3686 1361 3746 consequatur,
1394 3677 1487 3731 sed
1522 3678 1687 3731 etiam
1742 3676 1920 3729 odium
1951 3690 2081 3744 pro-
2136 3682 2147 3692 '

513 3786 775 3830 meretur.
814 3770 947 3825 Nam
979 3785 1076 3839 pro
1111 3784 1175 3822 eo
1202 3767 1351 3837 quod
1379 3767 1615 3837 quietem
1644 3782 1808 3837 agens
1834 3769 2083 3821 obsecra-

514 3882 577 3922 re
631 3866 883 3926 debebat,
938 3864 1051 3931 ipse
1113 3871 1301 3914 contra
1348 3861 1724 3914 accusationes
1773 3861 2079 3915 concinnat.

515 3959 685 4025 Quam
708 3957 869 4010 etiam
910 3954 980 4008 ob
1006 3950 1539 4021 causamScriptura
1600 3953 1798 4017 sanxit,
1842 3967 1911 4007 ne
1962 3952 2083 4022 quis

515 4044 766 4117 pauperis
798 4042 851 4098 in
882 4042 1086 4112 judicio
1128 4042 1487 4097 misereatur:
1527 4056 1631 4096 non
1667 4042 1812 4111 quod
1842 4043 1891 4097 ei
1924 4046 2084 4098 mise-

514 4136 806 4193 ricordiam
839 4134 1104 4204 impertiri
1130 4132 1284 4197 nolit,
1313 4133 1405 4187 sed
1429 4133 1571 4203 quod
1618 4149 1742 4190 eum
1778 4137 2082 4205 sycophan-

517 4238 625 4283 tem
658 4240 819 4299 agere
853 4226 1158 4296 prohibeat.
1191 4224 1353 4295 377
1396 4224 1528 4280 Nam
1588 4225 1636 4281 si
1693 4226 1782 4281 ille
1827 4227 2084 4296 supplicis

515 4317 696 4389 specie
725 4318 887 4371 missa
919 4316 1084 4379 facta,
1133 4316 1426 4385 litigatoris
1478 4331 1760 4386 personam
1810 4332 2085 4373 assumere

515 4412 733 4475 audeat,
758 4411 847 4478 jus
881 4409 1019 4477 apud
1049 4408 1283 4478 iudicem
1346 4409 1651 4478 superiores
1696 4420 1881 4479 partes
1921 4409 2081 4466 ferat.

2185 1905 2206 1937 ‹
2241 1886 2327 1937 Ἐν
2344 1881 2424 1947 οἷς
2445 1884 2699 1954 φαίνεσθε
2716 1883 2827 1953 (2⁸5)
2842 1883 2916 1946 ὡς
2935 1882 3222 1951 φωστῆρες
3246 1883 3303 1933 ἐν
3325 1878 3731 1949 κόσμῳ,ι)τινὲς

2177 1975 2233 2028 δὲ
2259 1977 2619 2045 χαμαιπετεῖς
2652 1974 2747 2027 καὶ
2777 1971 3106 2043 χαμαίζηλοι
3145 1970 3465 2033 ἁλώσονται,
3501 1969 3727 2023 ἁϐέόαιοί

2177 2080 2238 2117 τε
2277 2064 2373 2116 καὶ
2421 2063 2525 2116 ὑπὸ
2573 2062 2775 2126 παντὸς
2816 2062 3019 2131 ἀνέμου
3067 2061 3511 2132 περιφερόμενοι,
3549 2060 3726 2124 οἵτινες

2180 2154 2277 2208 καὶ
2298 2153 2854 2224 ἐξευτελισθήσονται,
2879 2155 2955 2217 ὡς
2991 2153 3218 2224 ψάμμος
3250 2152 3510 2206 θαλαττία
3552 2170 3609 2206 τε
3641 2153 3729 2206 καὶ

2179 2246 2426 2318 ἄκαρπος
2456 2246 2818 2315 λογισθέντες.

2628 2448 2785 2514 Σιιῑν.
2806 2476 2876 2485 -
2919 2446 3154 2517 name
3179 2445 3311 2515 (at).

2250 2556 2315 2611 Εἰ
2354 2556 2453 2628 μὲν
2481 2556 2555 2617 ὼς
2610 2554 3093 2625 διαλλαγησόμενοι
3130 2554 3185 2606 οἳ
3215 2551 3409 2625 πρώην
3451 2550 3587 2620 φίλοι
3625 2550 3723 2602 δια-

2185 2650 2464 2721 φέρονται,
2495 2642 2657 2718 ἦττόν
2680 2647 2798 2699 ἐστι
2826 2645 2994 2698 κακόν
3023 2661 3039 2706 °_
3085 2645 3135 2697 εί
3162 2643 3218 2697 δὲ
3247 2644 3323 2705 ὡς
3346 2642 3595 2698 ἄσπονδοι
3627 2640 3724 2692 6t:-

2184 2740 2493 2812 μενοῦντες,
2524 2740 2728 2810 μεῖζον.
2774 2738 2919 2808 Πλὴν
2960 2737 3107 2801 ὅπως
3137 2736 3202 2790 ἂν
3225 2735 3545 2799 διακέοιντο,
3576 2732 3726 2785 σπού-

2179 2834 2338 2886 δασον
2368 2833 2448 2896 είς
2469 2831 2689 2902 εἰρήνην
2713 2829 2905 2882 θᾶττον
2923 2829 3120 2892 αὐτοὺς
3154 2825 3502 2889 συναλλάξαι.
3534 2826 3727 2895 μήποτε

2181 2927 2276 2980 καὶ
2312 2924 2507 2998 χρόνος
2536 2922 2964 2995 δυσχερέστερον
2991 2919 3151 2975 τοῦτο
3175 2918 3584 2988 κατασκευάσῃ.

2639 3214 2803 3282 Σιπ.
2850 3243 2921 3254 -
2966 3213 3053 3283 re
3105 3211 3306 3281 ΑΥἸᾨ.

2182 3310 2287 3377 Εἰς
2315 3307 2382 3362 τὸ
2419 3306 2826 3377 γεγραμμένον
2868 3305 2940 3358 ἐν
2970 3303 3050 3368 τῷ
3080 3305 3241 3372 νόμῳ
3262 3318 3276 3331 ·
3316 3319 3335 3353 ι
3382 3301 3609 3367 Πένητα
3631 3297 3727 3351 οὐκ

2619 3396 2895 3464 ἐλεήσεις
2932 3395 3003 3455 ἐν
3031 3394 3249 3462 κρίσει.
3284 3411 3303 3444 ι

2262 3514 2320 3567 Ὅ
2347 3516 2413 3586 τῇ
2441 3513 2602 3584 πενίᾳ
2646 3513 2727 3574 είς
2749 3510 3272 3580 φιλοπραγμοσύνην
3299 3504 3719 3576 καταχρώμενος,

2181 3606 2242 3659 ού
2269 3606 2431 3676 μόνον
2461 3604 2643 3666 ἐλέους
2669 3604 2854 3672 τυχεῖν
2883 3601 2984 3654 οὐκ
3004 3599 3071 3654 ἂν
3105 3601 3188 3670 είη
3230 3598 3459 3661 δίκαιος,
3503 3595 3628 3649 ἀλλὰ
3650 3593 3729 3647 καὶ

2190 3695 2381 3764 μίσους
2434 3692 2582 3756 ἄξιός
2616 3691 2759 3746 ἐστι.
2812 3689 2940 3743 Δέον
2988 3688 3096 3761 γὰρ
3117 3688 3216 3751 τὰς
3275 3687 3507 3758 ἡσυχίας
3552 3686 3729 3753 ἄγοντα

2183 3784 2546 3853 παρακαλεῖν,
2598 3781 2919 3852 ἐγκλήματα
2960 3782 3173 3851 ῥάπτει.
3224 3779 3315 3831 Διὸ
3352 3779 3418 3849 δὴ
3455 3781 3546 3831 καὶ
3589 3780 3731 3848 ήτῆς

2182 3876 2528 3946 δικαιοσύνης
2551 3874 2724 3944 πηγὴ,
2746 3873 2821 3943 μὴ
2847 3872 3112 3925 ἐλεεῖσθαι
3135 3870 3223 3924 τὸν
3251 3870 3460 3941 πένητα
3488 3871 3543 3923 ἐν
3574 3868 3729 3939 κρίσει

2184 3968 2495 4031 ἐθέσπισεν,
2520 3968 2786 4019 ἐλεεῖσθαι
2809 3965 2919 4036 (25)
2958 3965 3055 4034 μὲν
3072 3963 3232 4017 αὑτὸν
3251 3962 3569 4032 βουλομένη,
3588 3977 3729 4014 συκο-

2183 4060 2404 4129 φαντεῖν
2425 4056 2483 4110 δὲ
2511 4054 2947 4126 ἀπαγορεύουσα.
2969 4054 3030 4107 El
3055 4053 3162 4123 γὰρ
3183 4053 3358 4105 ἐκεῖνο
3379 4052 3439 4104 τὸ
3455 4050 3548 4104 τοῦ
3574 4050 3729 4104 ίκέτου

2186 4150 2372 4220 σχῆμα
2398 4146 2690 4216 ἀφέμενος,
2723 4145 2783 4199 τὸ
2827 4143 2922 4198 τοῦ
2954 4143 3192 4197 διαδίκου
3219 4141 3511 4194 ἀναλαὸεῖν
3554 4139 3729 4209 τολμή-

2186 4258 2332 4303 σειε,
2378 4238 2438 4292 τὸ
2480 4238 2686 4292 δίκαιον
2731 4235 3001 4307 κρατείτω
3054 4232 3208 4305 παρὰ
3256 4230 3338 4303 τῷ
3377 4230 3726 4302 ψηφιζομένῳ.

2186 4334 2392 4405 Κύριος
2425 4331 2520 4400 μὲν
2546 4330 2654 4401 γάρ
2688 4330 2834 4382 ἐστιν
2861 4329 2889 4380 ὁ
2913 4325 3201 4397 ἐγκληθεὶς
3221 4325 3317 4377 καὶ
3344 4326 3586 4394 νικήσας,
3613 4320 3731 4393 μετὰ

2186 4422 2283 4493 τὴν
2304 4423 2458 4492 νίκην
2480 4422 2744 4491 οἰκτεῖραι
2768 4418 2859 4471 τὸν
2880 4416 3181 4488 ἡττηθέντα
3202 4431 3219 4446 ο
3260 4414 3321 4467 οὐ
3366 4414 3471 4485 μὴν
3494 4416 3522 4467 ὀ
3541 4413 3633 4483 τῆς
3648 4412 3729 4481 ψή-

514 4499 725 4554 Etenim
752 4498 967 4568 quidem
1009 4498 1055 4551 is
1079 4498 1169 4567 qui
1199 4498 1251 4552 in
1304 4498 1566 4568 judicium
1614 4511 1833 4554 vocatus
1859 4511 1964 4566 est,
2017 4519 2076 4561 ac

2188 4525 2286 4579 φου
2313 4507 2523 4578 κύριος,
2539 4506 2745 4570 δίκαιος
2768 4505 2835 4559 ἂν
2855 4506 2939 4575 είη
2953 4501 3295 4574 λυμήνασθαι
3322 4502 3434 4573 (26)
3455 4502 3727 4556 τὸδίκαιον.

514 4590 1176 4694 θδυδθῖη.θι)ιί¹¹υίινβθδί
1208 4588 1492 4694 Victoriam
1525 4590 1598 4657 ei,
1644 4591 1734 4659 qui
1793 4606 1958 4648 causa
2025 4602 2242 4665 cecidit,
2310 4597 2521 4653 facilem
2582 4612 2647 4652 ac
2674 4595 3076 4652 misericordem
3130 4607 3189 4649 se
3222 4595 3467 4664 prebere
3533 4604 3731 4664 potest:

517 4693 572 4738 at
605 4698 710 4738 non
735 4684 861 4739 item
885 4698 1099 4751 aequum
1130 4690 1235 4746 est,
1296 4690 1358 4735 ut
1382 4684 1449 4750 is,
1522 4697 1689 4752 penes
1754 4697 1913 4754 quem
1968 4690 2249 4746 sententiae
2314 4690 2597 4745 arbitrium
2660 4702 2725 4744 ac
2776 4696 3014 4758 potestas
3066 4686 3184 4751 est',
3236 4684 3327 4754 jus
3388 4686 3559 4757 ipsum
3604 4684 3729 4738 labe-

515 4778 699 4835 Iactet.

786 4868 1060 4924 CCXCIX.
1089 4897 1161 4910 ——
1183 4870 1435 4927 THEONI
1470 4871 1826 4929 EPISCOPO.

582 4980 644 5036 Si
674 4980 788 5051 ipsa
820 4991 1027 5049 quooue
1055 4983 1280 5038 seorsim
1308 4996 1572 5052 perpensa
1596 4983 1797 5038 Zosimi
1827 4985 2081 5054 improbi-

2524 4880 2679 4947 21,62
2715 4908 2786 4922 --
2822 4879 3024 4933 annm
3062 4876 3431 4946 Εηιειςοηο.

2257 4990 2321 5043 Ei
2350 4990 2445 5045 καὶ
2474 4988 2615 5059 αὐτὴ
2645 4988 2768 5042 καθ’
2801 4989 3003 5060 ἑαυτὴν
3028 4990 3062 5060 ή
3110 4988 3277 5042 κακία
3319 4985 3567 5057 Ζωσίμου
3606 4984 3709 5038 δοκι

581 5162 605 5196 δ
631 5162 826 5219 Ezech.
870 5175 1061 5225 xum,
1096 5160 1182 5214 ll.
1252 5160 1277 5191 ³
1315 5160 1450 5216 Gen.
1476 5176 1587 5229 ενι,
1618 5163 1707 5219 10.
1784 5165 1805 5196 ⁸
1841 5164 2030 5219 Matth.
2058 5180 2076 5215 ι

2188 5165 2236 5221 ἲς
2326 5164 2599 5235 'Philipp.
2630 5179 2692 5229 ιι,
2728 5164 2812 5219 l5.
2892 5165 2915 5197 ⁸
2942 5162 3113 5220 Exod.
3150 5178 3285 5230 mi,

1611 5315 1841 5372 vanus
1882 5293 2264 5372 anrtoiiss
2296 5317 2383 5371 ET
2412 5317 2643 5376 nom.

582 5472 694 5543 (2‘2)
732 5471 791 5543 In
812 5471 934 5543 cod.
959 5471 1081 5527 Vat.
1114 5472 1219 5527 650
1243 5471 1469 5543 epistola
1494 5473 1583 5529 hic
1613 5475 1830 5531 desinit.
1861 5474 2073 5532 Possm.

578 5542 691 5609 (εδ)
720 5542 851 5596 Cod.
883 5542 1003 5596 Val.
1038 5544 1162 5606 esse,
1193 5543 1339 5595 ἐστέ.
1363 5542 1437 5599 In.
1532 5608 1535 5609 ί

580 5612 693 5683 (24)
734 5611 790 5663 In
810 5612 980 5683 titulo
1018 5624 1140 5683 post
1189 5611 1387 5683 Παύλῳ
1432 5613 1551 5668 cod.
1604 5613 1725 5669 Vat.
1775 5616 1880 5670 650
1922 5616 2073 5670 addit

515 5681 863 5763 σχολαστικῷε
896 5681 1047 5737 Vers‘.
1078 5699 1200 5752 pen.
1228 5681 1386 5753 epist.
1414 5683 1551 5740 idem
1571 5700 1669 5755 pro
1692 5687 1911 5741 συναλλ.
1940 5686 2069 5755 legit

506 5750 821 5809 tandem.
850 5750 923 5804 In.

2255 5476 2367 5547 (25)
2402 5475 2548 5541 Haec,
2577 5477 2669 5531 τὸν
2697 5483 3012 5547 πένητα...;
3037 5474 3332 5543 ἐλεεῖσθαι,
3355 5475 3631 5532 omittebat
3656 5472 3715 5527 ed

2188 5544 2393 5613 Paris.,
2426 5548 2742 5617 typographi
2773 5544 2943 5617 lapsu.
2974 5545 3131 5600 Ent'r.

2257 5616 2369 5689 (26)
2411 5613 2703 5672 (ςδῑιπνεὶ.
2743 5613 2841 5687 pro
2886 5615 3233 5685 λυμήνασθαι
3273 5617 3456 5674 scribit
3496 5613 3727 5681 λυμαίνε-

2179 5685 2321 5741 σθαι.
2352 5687 2566 5744 Possm.
