3894 6412
192 417 275 481 9Ῐ3
1008 405 1545 473 EPISTULARUM
1584 412 1729 472 LIB.
1775 412 1889 472 III.
1932 438 1999 447 --
2038 400 2274 473 EPIST.
2318 406 2549 475 CCCIV.

3316 418 3419 479 975

191 523 469 595 μαςομένη,
504 522 583 589 ὡς
610 522 914 594 γέγραφας,
947 522 1159 594 χαλεπὴ
1191 525 1471 594 τυγχάνει,
1507 525 1730 588 καὶτοῖς

1847 534 1948 590 tas,
1981 534 2040 580 ut
2067 527 2134 581 ad
2174 542 2262 581 me
2291 526 2523 589 scribis",
2559 525 2740 595 gravis
2778 533 2894 593 est,
2928 536 3090 597 atque
3123 544 3247 584 cum
3292 532 3417 586 aliis

186 617 340 680 ἄλλοις
366 615 826 687 παραϐαλλομένη
851 616 990 687 (27),
1014 616 1375 687 χαλεπωτέρα
1406 616 1739 687 εὑρίσκεται,

186 708 316 760 τὸδὲ
370 706 508 777 μηδὲ
558 706 760 760 εἰδέναι
804 708 967 760 αὐτὸν
1002 709 1085 759 ὅτι
1135 710 1303 771 νοσεῖ,
1351 707 1743 778 χαλεπωτάτην

186 799 332 868 αὐτὴν
386 797 652 862 δείκνυσι,
697 798 750 851 τί
800 800 933 868 ἡμῖν
985 798 1254 869 ἐνοχλεῖς,
1307 798 1383 862 ὡς
1426 798 1744 867 δυναμένοις

189 890 460 959 ἀνήκεστον
515 886 858 959 θεραπεῦσαι
910 890 1162 959 νόσημα;
1217 888 1389 942 Τοῦτο
1446 888 1553 960 γὰρ
1604 887 1740 941 Θεοῦ

190 980 329 1049 μόνου
370 980 585 1051 χρῄζει,
633 979 729 1034 τοῦ
759 980 853 1034 καὶ
892 979 1080 1034 παθῶν
1113 980 1208 1035 καὶ
1242 980 1422 1052 πάσης
1463 997 1740 1052 περιγινο-

188 1073 331 1144 μένου
363 1073 585 1136 κακίας.

712 1276 789 1337 '1".
827 1310 899 1321 —
936 1280 1186 1352 ΠΕΤΡῼ.

186 1364 303 1441 Περὶ
343 1349 453 1441 τῆς
500 1371 572 1426 ἐν
606 1372 738 1440 ταῖς
785 1349 1177 1500 δῧμηῖοριαιξ
1243 1374 1584 1445 παῤῥησίας
1633 1376 1741 1428 τοὺ

863 1463 1078 1500 αυνου.

863 1463 1078 1500 αυλου.

236 1556 360 1610 Δίαν
393 1556 663 1630 θαυμάζω
705 1558 797 1612 τοῦ
825 1558 1074 1629 ἀοιδίμου
1112 1558 1327 1612 Παύλου
1351 1557 1450 1630 τὴν
1490 1559 1737 1629 ἀνδρίαν.

179 1648 278 1712 πῶς
307 1648 395 1703 καὶ
417 1649 737 1721 κρινόμενος
766 1651 1129 1722 ἐδημηγόρει,
1186 1652 1281 1704 καὶ
1318 1650 1548 1713 εὐθύνας
1576 1652 1742 1704 ἀπαι-

179 1737 411 1807 τούμενος
460 1738 729 1793 ἐδίδασκε.
786 1739 1121 1793 Διδασκάλου
1194 1740 1293 1811 μὲν
1337 1739 1446 1811 γάρ
1495 1740 1610 1793 ἐστι
1680 1740 1740 1793 τὸ

179 1829 280 1897 μετ’
305 1828 548 1893 ἐξουσίας
594 1829 795 1898 λέγειν,
835 1831 1156 1902 κρινομένου
1203 1830 1261 1884 δὲ
1301 1831 1362 1885 τὸ
1412 1834 1632 1902 μετρεῖν
1662 1831 1738 1902 τῷ

175 1894 329 1989 καιρῷ
346 1920 472 1983 τοὺς
497 1894 709 1987 λόγους.
728 1894 1042 1984 ’Ᾱλλίοῦτος
1066 1921 1145 1983 είς
1170 1894 1479 1974 τούναντίον
1503 1894 1728 1991 έχώρειζ
1766 1894 1809 1950 Β

175 2003 272 2078 εἶχε
292 2010 398 2081 γὰρ
422 2010 482 2063 ἐν
532 2009 713 2081 ἑαυτῷ
754 2010 845 2064 τὸν
873 2011 971 2080 τῆς
1016 2011 1208 2082 σοφίας
1258 2010 1493 2083 χορηγόν
1517 2028 1577 2064 τε
1635 2011 1730 2065 καὶ

174 2116 434 2171 πρυτανινο

325 2319 450 2378 'ra'.
484 2354 559 2366 —
590 2324 942 2396 ΔΡΧΟΝΤΙῼ
979 2325 1550 2398 ΠΟΛΙΤΕΥΟΜΕΝῼ.

244 2437 456 2501 Ἔοικας
486 2438 723 2507 ἀγνοεῖν,
766 2440 846 2492 ὃτι
879 2439 941 2493 τὸ
984 2438 1114 2493 αὐτὸ
1145 2439 1319 2511 ῥῆμα,
1353 2439 1448 2493 καὶ
1491 2437 1552 2491 τὸ
1597 2436 1728 2493 αὐτὸ

172 2528 342 2599 δνομα,
373 2531 469 2583 καὶ
496 2532 525 2583 ὁ
551 2530 711 2595 αὐτὸς
736 2530 913 2600 λόγος,
952 2530 1026 2603 μὴ
1057 2532 1198 2603 μετὰ
1239 2531 1334 2585 τοῦ
1379 2531 1547 2585 αὑτοῦ
1571 2531 1725 2585 τόνου

172 2621 461 2693 λεγόμενος,
493 2625 624 2677 ποτὲ
656 2624 755 2694 μὲν
783 2623 1039 2695 ἐμφαίνει
1067 2624 1352 2697 λογισμοῦ,
1380 2625 1509 2678 ποτὲ
1550 2624 1608 2677 δὲ
1635 2626 1727 2695 ὀρ-

172 2715 253 2786 γῆς
280 2716 511 2787 καρπόν.

660 2831 781 2883 TB'.
820 2859 891 2870 -
926 2830 1209 2901 annm.

233 2939 289 2993 '0
316 2941 472 3010 φίλος
515 2944 545 2995 ὁ
584 2942 701 3009 σδς;
731 2945 956 2997 παύσων
985 2943 1113 3008 τοὺς
1145 2943 1515 3008 ὀνειδίσαντας
1546 2944 1726 2999 αὐτῶν

167 3031 250 3101 τὴν
278 3032 411 3102 πρὸς
440 3033 503 3086 σὲ
540 3035 916 3107 γεγενημένην
943 3034 1093 3107 αύτῷ
1125 3036 1516 3107 μικροψυχίαν,
1545 3038 1725 3090 ἐκεῖσε

168 3123 373 3193 ἀφῖκτοο
414 3126 517 3197 ἧκε
551 3127 663 3197 γὰρ
688 3127 786 3198 τὴν
818 3129 937 3182 νυνὶ
964 3127 1367 3200 φιλοφροσύνην
1390 3127 1501 3198 (‘28)
1528 3130 1587 3182 ού
1628 3130 1724 3200 μό·

166 3232 251 3268 νον
296 3216 583 3287 καλύψων,
636 3216 774 3272 ἀλλὰ
822 3220 917 3272 καὶ
950 3219 1160 3273 σ6έσων
1201 3220 1302 3291 τὴν
1349 3219 1728 3292 προλαϐοῦσαν

166 3307 498 3379 δυσμένειαν
530 3310 710 3376 δέδεξο
734 3312 911 3366 τοίνυν
938 3312 1100 3365 αὑτὸν
1133 3311 1352 3375 ὑπτίαις
1385 3313 1570 3384 χερσίν
1594 3313 1727 3384 (29).

291 3543 408 3598 TI".
448 3573 520 3585 —
554 3543 1071 3598 AFAOOAAIMONI
1104 3542 1587 3614 ΓΡΔΜΜΑΤΙΚῼ.

225 3656 285 3711 Ei
315 3656 405 3711 καί
434 3672 578 3710 τισιν
616 3654 750 3718 ἴσως
778 3654 1134 3709 κολακεύουσι
1177 3672 1257 3717 σε,
1294 3653 1438 3718 ἔδοξε
1468 3652 1731 3725 λογισμοῦ

164 3744 310 3817 εἶναι,
344 3750 445 3803 οὐκ
473 3747 646 3821 ὀργῆς
675 3749 709 3818 ἡ
749 3746 1066 3819 ἀπόκρισις,
1114 3747 1241 3816 ἐμοὶ
1284 3748 1432 3799 δοκεῖ
1460 3744 1733 3818 θρασύτη-

163 3851 245 3898 τος
278 3834 474 3905 μᾶλλον
492 3830 689 3903 εἶναιῆ
716 3831 949 3902 θράσους
975 3834 1003 3885 ὁ
1027 3835 1259 3902 καρπός.
1285 3831 1375 3884 Διὸ
1396 3830 1460 3903 δὴ
1482 3830 1732 3902 παραινῶ

166 3942 238 3979 σοι
267 3925 570 3997 ἔμπροσθεν
598 3924 699 3992 τῆς
728 3922 897 3992 ὀργῆς
946 3920 1155 3974 τιθέναι
1193 3920 1286 3974 τὸν
1322 3919 1605 3991 λογισμὸν,
1637 3920 1732 3973 καὶ

164 4017 293 4072 οὕτω
346 4019 441 4072 καὶ
489 4016 672 4083 λέγειν
721 4016 818 4068 καὶ
868 4014 1123 4085 γράφειν.
1177 4013 1240 4065 Ei
1286 4012 1396 4084 γὰρ
1445 4014 1733 4083 συγχωρή-

166 4128 303 4176 σειας
328 4111 439 4183 (30)
476 4110 617 4180 αὐτῇ
651 4107 935 4179 προπηδᾷν
967 4106 1063 4160 τοῦ
1102 4105 1385 4175 λογισμοῦ,
1418 4104 1595 4163 πάντα
1619 4103 1731 4158 ἄνω

163 4204 249 4257 καὶ
274 4205 416 4259 κάτω
442 4202 681 4272 ποιήσει.

405 4505 529 4558 TA'.
567 4530 640 4542 -
675 4498 965 4569 sacoma
1001 4490 1463 4564 ΥΠΟΔΙΑΚΟΝῼ.

1843 615 2038 670 collata
2067 616 2284 686 gravior
2317 617 2624 684 invenitur,
2655 631 2718 672 ac
2747 616 2981 688 denique
3014 620 3115 674 hoc
3148 634 3265 674 eam
3295 637 3421 692 gra-

1842 706 2118 777 vissimam
2170 715 2225 761 et
2271 707 2664 762 atrocissimam
2709 721 2829 764 esse
2873 710 3241 777 demonstrat,
3276 713 3421 781 quod

1843 800 2090 853 morbum
2124 814 2280 854 suum
2336 800 2584 869 ignorat,
2633 800 2760 868 quid
2810 802 2964 857 nobis
2995 804 3218 872 perinde
3248 807 3418 859 mole-

1842 890 2003 946 stiam
2041 891 2267 947 exhibes
2299 931 2314 958 ,
2353 901 2609 962 tanquam
2662 887 2947 950 incurabili
2981 898 3169 952 morbo
3218 900 3419 953 mederi
3461 887 3473 938 i

1841 984 2143 1052 queamus?
2174 982 2284 1037 Hoc
2324 985 2466 1040 enim
2503 984 2667 1039 Deum
2701 987 2871 1042 solum
2914 988 3177 1056 requirit,
3226 991 3316 1059 qui
3365 1000 3421 1045 et
3468 966 3473 995 ⁸

1844 1078 2179 1134 turbulentas
2213 1080 2517 1134 animorum
2552 1083 2951 1150 permotiones,
2998 1093 3053 1140 et
3098 1101 3258 1142 omne
3298 1086 3415 1142 vitii

1840 1178 2012 1236 genus
2038 1167 2211 1225 fundit
2242 1185 2307 1225 ac
2338 1167 2607 1242 proﬂigat.

2368 1285 2517 1344 CCC.
2541 1319 2612 1331 —
2638 1289 2884 1347 PETRO.

1984 1376 2061 1431 De
2096 1377 2336 1435 libertate
2362 1380 2607 1452 loquendi
2635 1383 2799 1440 Pauli
2828 1386 2885 1440 in
2914 1389 3270 1445 contionibus.

1912 1559 2101 1633 Magna
2135 1578 2222 1619 me
2253 1564 2611 1621 admiratione
2647 1568 2813 1623 allicit
2836 1569 3067 1627 celebris
3100 1571 3241 1627 illius
3262 1572 3414 1631 Pauli

1840 1651 2101 1709 fortitudo
2121 1655 2164 1721 ’,
2197 1670 2293 1724 per
2322 1671 2486 1727 quam
2512 1668 2566 1713 et
2591 1674 2712 1713 cum
2736 1660 2787 1713 in
2814 1661 3076 1731 judicium
3106 1674 3413 1729 vocaretur.

1840 1747 2244 1803 concionatoris
2272 1764 2493 1805 munere
2527 1751 2887 1821 fungebatur,
2919 1764 2975 1809 et
3011 1771 3134 1810 cum
3169 1773 3331 1813 causa
3363 1760 3412 1813 ei

1841 1837 2067 1891 dicenda
2130 1850 2309 1904 esset,
2376 1842 2616 1897 doctoris
2669 1854 2850 1912 partes
2905 1848 3110 1907 obibat.
3171 1849 3414 1905 Doctoris

1838 1928 1983 1984 enim
2013 1941 2098 1986 est
2131 1947 2252 1987 cum
2288 1936 2609 1992 auctoritate
2640 1935 2823 2007 loqui:
2872 1940 2948 1996 rei
2982 1948 3161 1996 autem
3197 1958 3408 1999 sermo-

1839 2036 1937 2077 nes
1962 2036 2090 2077 suos
2111 2037 2207 2092 pro
2232 2032 2473 2095 tempore
2500 2027 2789 2082 moderari.
2814 2028 2881 2082 At
2905 2030 2994 2085 hic
3019 2042 3195 2087 tamen
3216 2042 3413 2089 contra

1837 2127 1897 2167 se
1946 2114 2203 2183 gerebat;
2254 2131 2355 2171 nec
2399 2117 2636 2175 mirum:
2684 2119 2921 2176 habebat
2964 2123 3108 2178 enim
3145 2125 3197 2180 in
3237 2126 3414 2195 seipso

1837 2206 2118 2274 sapientia:
2155 2208 2680 2266 subministratorem
2711 2227 2774 2268 ac
2805 2216 3216 2272 moderatorem.

1834 2318 2007 2377 CCCI.
2030 2352 2101 2362 —
2124 2323 2523 2381 ARCHONTIO
2553 2325 3057 2387 MAGISTRATUM
3085 2331 3410 2394 GERENTI.

1906 2435 2041 2492 lllud
2072 2438 2326 2507 ignorare
2356 2439 2577 2506 videris,
2606 2441 2746 2498 idem
2781 2446 3025 2513 verbum,
3056 2456 3111 2504 et
3144 2449 3284 2504 idem
3317 2466 3415 2504 no-

1837 2543 1959 2583 men
1991 2567 2007 2594 ,
2038 2538 2093 2583 et
2125 2531 2373 2587 eumdem
2404 2547 2712 2590 sermonem
2745 2577 2761 2602 ,
2822 2537 3023 2607 dispari
3068 2543 3414 2597 contentione

1834 2621 2130 2692 prolatum,
2159 2638 2303 2678 nunc
2329 2624 2545 2693 quidem
2570 2627 2795 2683 rationis
2824 2644 2886 2683 ac
2914 2631 3233 2699 prudentiae,
3271 2649 3411 2690 nunc

1835 2721 2013 2768 autem
2050 2713 2144 2768 ira:
2175 2713 2406 2771 fructum
2440 2732 2550 2787 prae
2581 2734 2640 2773 se
2676 2717 2839 2774 ferre.

2322 2824 2521 2886 CCCII.
2546 2859 2617 2871 —
2654 2830 2926 2889 ALYPIO.

1898 2938 2120 2994 Amicus
2149 2947 2273 2995 tuus
2299 2981 2314 3005 ,
2362 2949 2419 2996 ut
2462 2942 2530 2997 iis
2562 2983 2578 3007 .
2610 2944 2703 3012 qui
2744 2944 3074 3002 simultatem
3101 2963 3219 3005 eam
3243 2994 3258 3019 ,
3290 2966 3411 3022 quae

1836 3029 1934 3099 ipsi
1962 3039 2139 3085 tecum
2167 3029 2496 3097 intercessit,
2531 3031 2716 3100 probri
2739 3031 2857 3087 loco
2881 3033 3219 3104 obiecerunt,
3247 3038 3411 3092 silena

1836 3121 1972 3176 tium
2006 3122 2230 3187 indicat,
2265 3122 2408 3177 istuc
2436 3137 2495 3178 se
2524 3122 2772 3177 contulit.
2802 3125 3082 3181 Profectus
3121 3136 3207 3183 est
3240 3130 3406 3195 enim,

1834 3224 1894 3268 ut
1921 3229 2023 3268 non
2045 3214 2203 3268 modo
2224 3222 2541 3285 praesentem
2566 3217 2875 3272 comitatem
2897 3233 2960 3272 ac
2981 3219 3407 3275 benevolentiam

1833 3317 2093 3376 superet,
2128 3309 2221 3363 sed
2261 3306 2426 3363 etiam
2460 3318 2518 3362 ut
2540 3310 2825 3378 pristinam
2856 3310 3022 3365 animi
3058 3306 3407 3369 offensionem

1833 3400 2162 3469 exstinguat.
2207 3398 2430 3471 Snpinis
2458 3402 2639 3472 itaque
2675 3386 2927 3458 manibus
2964 3417 3086 3458 eum
3127 3405 3336 3474 excipe.

1916 3531 2135 3586 (ICCIII.
2163 3563 2233 3572 —
2254 3532 2830 3592 AGATHODEMONI
2856 3534 3335 3593 GRAMMATICO.

1902 3643 1973 3699 Et
2024 3644 2069 3698 si
2118 3644 2438 3713 quibusdam
2495 3645 2588 3699 tibi
2629 3645 2865 3702 fortasse
2907 3647 3405 3715 adhlandientibus,

1833 3748 2150 3804 responsum
2200 3745 2347 3789 tuum
2399 3750 2429 3789 a
2486 3738 2697 3792 ratione
2732 3753 2795 3793 ac
2825 3738 3061 3810 judicio,
3094 3756 3202 3794 non
3235 3744 3301 3795 ali
3329 3742 3406 3797 ira

1834 3842 2085 3884 manasse
2115 3828 2288 3882 visum
2321 3838 2399 3884 est
2431 3846 2445 3884 :
2475 3830 2606 3884 mihi
2637 3841 2814 3886 tamen
2858 3843 3044 3887 contra
3079 3838 3147 3887 ab
3180 3837 3403 3888 audacia

1831 3922 2012 3992 potius
2032 3928 2088 3976 et
2112 3922 2418 3976 temeritate
2451 3922 2756 3991 profectum
2786 3939 2905 3980 esse
2934 3926 3169 3981 videtur.
3203 3929 3402 3994 Quatu—

1831 4010 2021 4065 obrem
2077 4009 2172 4063 tibi
2246 4006 2550 4063 faciendum
2608 4024 2729 4064 esse
2773 4024 3008 4076 censeo,
3045 4021 3105 4067 ut
3139 4014 3404 4068 rationem

1831 4100 1927 4156 irae
1949 4109 2278 4171 anteponas:
2310 4100 2498 4170 sicque
2535 4109 2588 4156 et
2619 4102 2683 4154 ad
2713 4101 3060 4171 loquendum,
3093 4112 3148 4158 et
3176 4106 3241 4158 ad
3273 4107 3407 4160 seri.

1829 4191 2068 4247 bendum
2128 4200 2181 4246 te
2236 4206 2541 4261 compares.
2589 4190 2722 4245 Nam
2754 4194 2799 4247 si
2838 4194 2937 4263 ipsi
2975 4203 3100 4248 ante
3140 4196 3403 4251 rationein

1830 4282 2081 4352 prosilire
2108 4281 2457 4351 permiseris,
2490 4280 2627 4335 nihil
2658 4281 2763 4335 erit
2788 4320 2803 4347 ,
2837 4285 2977 4352 quod
3032 4299 3135 4339 non
3188 4301 3402 4340 sursum

1830 4370 2189 4443 deorsumque
2221 4373 2418 4428 volvat.

2003 4484 2224 4542 CCCIV.
2249 4516 2319 4528 —
2346 4485 2745 4542 THEOPHILO
2782 4485 3240 4544 SUBDIACONO.

224 4639 346 4694 Ὅτι
392 4640 490 4712 μὲν
522 4642 590 4711 τῇ
639 4636 806 4709 πείρᾳ
840 4634 941 4706 τὴν
983 4635 1174 4705 φήμην
1218 4630 1462 4703 ὑπερέϐη
1489 4631 1518 4683 ὁ
1548 4627 1727 4699 μακᾶ-

1855 4649 1863 4652 ν
1899 4625 2051 4693 Quod
2082 4626 2300 4696 quidem
2343 4627 2720 4697 experimento
2759 4626 2957 4681 famam
2999 4629 3189 4684 beatus
3229 4628 3407 4683 Timo.

159 4744 267 4801 ριος
294 4730 576 4802 Τιμόθεος,
607 4730 704 4783 καὶ
729 4727 990 4799 κρείττων
1014 4721 1082 4796 ἦν
1111 4725 1280 4795 ἀκοῆς
1305 4724 1386 4785 εἰς
1415 4721 1542 4775 θέαν
1566 4720 1723 4791 ἐρχό-

162 4838 335 4892 μενος,
361 4823 597 4885 ἇπαντες
634 4822 684 4873 οἱ
718 4820 817 4891 τῆς
866 4817 1132 4889 μειλιχίου
1160 4814 1374 4886 ἐκείνης
1406 4812 1726 4877 ἀξιωθέντες

159 4915 435 4978 συνοικίας
469 4916 670 4968 ῑσασιν.
704 4914 827 4966 Ὀτι
855 4911 913 4964 δὲ
940 4909 1034 4964 καὶ
1064 4909 1226 4973 αὐτὸς
1252 4907 1503 4978 ηὐχόμην
1529 4905 1724 4960 τοσοῦ-

158 5021 243 5060 τον
268 5007 563 5078 δυνηθῆναι
594 5004 822 5076 φράσαι,
869 5003 1067 5057 ὁπόσον
1095 5002 1189 5056 καὶ
1220 4999 1500 5071 βούλομαι,
1526 4997 1724 5061 οὐδεὶς,

158 5098 229 5163 ὡς
253 5094 426 5169 οἶμαι,
457 5096 810 5168 ἀμφιϐάλλει.
850 5092 1070 5165 Ἐπειδὴ
1111 5091 1369 5159 εὖξασθαι
1393 5090 1490 5161 μὲν
1524 5089 1725 5161 ῥᾴδιον,

155 5193 333 5261 τυχεῖν
379 5189 436 5243 δὲ
481 5188 852 5263 ἀπορώτερον,
886 5186 921 5257 ἢ
965 5186 1068 5240 ὅσα
1103 5184 1397 5257 πρόχειρον
1444 5179 1724 5246 εὔξασθαι,

223 5378 236 5394 .
294 5347 417 5401 Act.
448 5360 596 5412 xxvr,
628 5343 652 5395 ‘l
690 5357 844 5411 seqq.

218 5630 333 5700 (27)
375 5628 516 5700 idem
547 5628 695 5700 cum,
722 5623 1292 5700 napakapGavopt-qu.
1318 5619 1531 5700 Possm.

197 5691 358 5786 ’(28).
377 5698 541 5754 Recte
565 5691 691 5754 Vat.
744 5691 849 5753 650
873 5691 1153 5751 substituit
1182 5691 1267 5765 τῇ
1290 5692 1410 5745 νυνὶ
1464 5691 1721 5763 φιλοφρο.

153 5772 653 5913 ειυΧίὲεῖριἶλῖπτίαις
671 5837 907 5909 χερσίν.
928 5835 1147 5905 Supinis
1179 5833 1426 5891 manibus
1447 5832 1719 5900 excipere,

1832 4717 1994 4773 theus
2022 4718 2313 4787 superarit,
2343 4729 2696 4788 aspectuque,
2727 4732 2887 4785 quam
2921 4720 3196 4775 auditione
3216 4760 3232 4784 ,
3263 4737 3402 4790 prac-

1832 4811 2063 4866 stantior
2107 4811 2287 4875 fuerit,
2327 4824 2518 4866 omnes
2544 4811 2738 4880 quibus
2769 4812 2919 4866 suavi
2961 4811 3128 4879 ipsius
3172 4826 3407 4867 consue-

1833 4904 2020 4959 tudine
2050 4902 2152 4958 frui
2185 4904 2440 4957 donatum
2469 4911 2584 4967 est,
2610 4902 2779 4973 378
2813 4902 3148 4971 exploratum
3181 4904 3404 4958 habent.

1833 4993 1987 5061 Quod
2013 5004 2195 5048 autem
2224 4994 2338 5063 ipse
2371 5008 2586 5064 quoque
2615 5002 2819 5046 tantum
2852 4992 3030 5062 eloqui
3062 5007 3219 5061 posse
3247 5004 3405 5063 Opta-

1836 5089 1961 5151 ritn,
1996 5096 2256 5157 quantum
2293 5084 2471 5155 cupio,
2504 5100 2702 5150 nemo,
2735 5094 2791 5138 ut
2822 5084 3032 5153 opinor,
3072 5084 3305 5139 dubitat.
3332 5084 3407 5138 At

1834 5179 2091 5248 quoniam
2121 5185 2310 5249 optare
2331 5176 2494 5234 facile
2513 5185 2615 5245 est,
2634 5177 2892 5247 consequi
2922 5186 3105 5231 autem
3137 5174 3406 5233 dillicilius

1246 5463 1482 5522 VARUS
1517 5463 1905 5521 LECTIONES
1942 5465 2030 5519 ET
2074 5462 2303 5521 NOTE.

1851 5619 2187 5690 proverbiale
2216 5628 2319 5684 est,
2352 5635 2448 5690 pro
2474 5634 2686 5677 summo
2713 5621 2893 5677 studio
2915 5635 2978 5676 ac
3005 5620 3399 5679 benevolentia.

1831 5690 1922 5746 Sic
1952 5690 2149 5753 Latini,
2179 5692 2340 5761 obuiis
2380 5693 2523 5745 ulnis
2548 5692 2816 5761 amplecti.
2844 5691 3009 5747 Rt'r'r.

1902 5762 2017 5832 ('50)
2056 5761 2186 5817 Cod.
2236 5760 2352 5815 Val.
2387 5761 2511 5829 650,
2548 5760 2949 5833 συγχωρήσεις.
2984 5762 3188 5817 Possm.
