3894 6412
456 430 570 497 975

1647 421 1711 481 S.
1754 416 2047 478 ISIDORI
2086 415 2519 477 PELUSIOTIE
2873 403 2877 407 ’
3598 404 3689 467 978

465 555 552 603 est
579 558 699 615 qua:
726 540 885 597 facile
935 554 999 594 ac
1051 545 1297 609 prompte
1341 543 1596 607 aptantur
1622 578 1638 602 ,
1682 534 1888 589 idcirco
1936 547 2036 603 ego

2156 530 2250 600 εγὼ
2301 532 2400 602 μὲν
2449 529 2693 600 σιγήσω·
2749 524 2904 581 ουδ’
2953 523 3011 589 ἐξ
3040 514 3115 575 ὧν
3158 512 3400 591 ἀκριϐῶς
3442 511 3609 582 οἶσθα,
3637 520 3692 572 τδ

468 633 687 709 quidem
711 632 932 688 tacebo:
985 639 1039 684 tu
1065 644 1195 701 vero
1248 644 1315 684 ex
1373 629 1457 683 his
1490 628 1649 682 rebus
1672 666 1688 693 ,
1719 639 1857 695 quas
1886 633 2038 680 certo

467 729 709 800 cognitas
726 726 912 787 habes,
944 722 1247 777 encomium
1266 721 1363 788 ipsi
1383 728 1670 774 contexere
1687 733 1754 775 ne
1769 718 2035 789 graveris.

802 837 1000 921 cc_cv.
1026 867 1097 878 —
1125 835 1354 891 PETRO
1385 833 1701 890 LECTORI.

584 956 939 1025 Posteaquam
993 951 1341 1008 cunscelerati
1394 960 1556 1019 atque
1612 948 1805 1005 nefarii
1866 947 2039 1004 Juda-i

470 1056 689 1118 propter
731 1041 1148 1097 audacissimum
1190 1039 1318 1093 illud
1363 1051 1416 1093 et
1446 1038 1668 1092 insuave
1702 1036 1909 1092 facinus
1945 1037 2039 1089 ad-

468 1147 657 1186 versus
718 1129 1001 1183 Dominum
1063 1136 1431 1196 perpetratum
1490 1124 1734 1194 angelico
1799 1122 2039 1177 subsidio

470 1216 713 1273 destituti
746 1224 905 1280 sunt,
949 1226 1058 1268 tum
1087 1227 1213 1267 vero
1242 1211 1606 1266 Romanorum
1632 1211 1808 1280 gladio
1833 1201 2036 1272 traditi,

473 1321 624 1363 tanto
674 1321 900 1361 numero
949 1305 1088 1373 capti
1140 1312 1298 1367 sunt,
1337 1312 1415 1368 ut,
1469 1302 1561 1371 qui
1606 1314 2038 1371 conspexerunt,

471 1400 671 1455 adduci
697 1400 785 1454 vix
822 1408 1045 1468 possent
1071 1405 1128 1449 ut
1176 1396 1461 1451 crederent
1489 1409 1812 1465 quemquam
1848 1408 2037 1447 eorum

472 1490 776 1545 interiisse:
822 1503 887 1542 ac
928 1501 1142 1541 rursum
1205 1492 1385 1538 tantus
1456 1497 1715 1537 caesorum
1776 1494 2034 1535 numerus

474 1582 726 1635 inventus
752 1587 835 1633 est
860 1616 875 1642 ,
926 1586 983 1629 ut
1010 1588 1200 1629 omnes
1242 1572 1578 1641 ambigerem
1602 1609 1617 1633 ,
1651 1584 1717 1621 an
1755 1568 2040 1637 quisquam

474 1682 664 1742 captus
710 1671 921 1725 fuisset.
951 1668 1085 1722 Cum
1116 1666 1260 1721 enim
1293 1664 1553 1720 adversus
1585 1675 1876 1717 conservos
1904 1661 2041 1714 dun-

477 1772 626 1818 taxat
650 1777 837 1817 eorum
871 1760 1019 1814 furor
1063 1767 1370 1817 acueretur.
1402 1755 1617 1825 parcius
1650 1752 2039 1823 plectebantur.

2137 622 2412 694 ἐγκώμιον
2437 621 2584 693 αύτῷ
2610 621 2811 691 ceam
2849 619 2924 689 μὴ
2955 614 3289 686 παραιτήσῃ.

2314 846 2319 851 -
2403 827 2525 880 TE'.
2565 855 2635 866 .-
2670 822 2898 894 ΠΕΤΡῼ
2935 817 3375 889 mariscam.

2208 940 2343 995 Ὅτε
2375 941 2424 995 οί
2453 939 2721 1010 ἀλιτήριοι
2756 936 2998 991 Ἰουδαῖοι
3035 933 3137 1002 τῆς
3166 930 3463 1001 ἀγγελικῆς
3493 945 3708 998 συμμαο,

2139 1029 2279 1100 χίας,
2310 1029 2400 1083 διὰ
2423 1029 2482 1083 τὸ
2506 1028 2649 1082 κατὰ
2674 1026 2770 1080 τοῦ
2801 1024 3072 1079 Δεσπότου
3098 1022 3199 1093 τὴν
3240 1018 3545 1089 πάντολμον
3567 1017 3698 1070 ὲκεί-

2140 1138 2236 1191 νην
2257 1120 2460 1175 λύσσαν
2484 1116 3113 1191 δεδραματουργηκέναι,
3140 1111 3539 1183 ἐγυμνώθησάν
3555 1127 3569 1140 ο
3592 1110 3699 1162 τότε

2137 1212 2203 1284 δὴ
2235 1216 2302 1285 τῇ
2346 1212 2633 1283 Ῥωμαίων
2663 1208 3063 1281 παραδοθέντες
3088 1206 3296 1268 ἀσπίδι,
3333 1202 3577 1257 τοσοῦτοι
3612 1200 3702 1271 μὲν

2142 1304 2407 1369 ἑάλωσαν,
2436 1304 2511 1367 ὡς
2542 1304 2669 1365 τοὺς
2711 1298 3072 1370 τεθεαμένους
3108 1296 3221 1368 (51)
3252 1295 3524 1355 άπιστεῖν,
3562 1292 3702 1367 εἴτις

2141 1393 2389 1448 ἀπώλετο
2409 1411 2423 1425 ·
2459 1392 2705 1446 τοσοῦτοι
2733 1391 2791 1444 δὲ
2817 1390 2866 1443 οἱ
2897 1385 3247 1447 πεπτωκότες
3285 1382 3609 1453 εὑρέθησαν,
3636 1378 3703 1442 ὡς

2141 1488 2368 1559 ἀπορεῖν
2394 1486 2640 1547 ἅπαντας
2671 1483 2829 1546 εἴτις
2859 1481 3116 1536 ἑάλωκεν.
3154 1476 3285 1530 Ὅτε
3325 1475 3421 1545 μὲν
3451 1472 3559 1542 γὰρ
3590 1470 3703 1541 περὶ

2139 1581 2268 1643 τοὺς
2301 1578 2620 1641 συνδούλους
2645 1578 2679 1647 ἠ
2727 1573 2895 1646 μανία
2924 1571 3170 1642 ὲθήγετο,
3204 1567 3440 1639 μετρίως
3477 1566 3701 1634 ἐσωφρο·

2141 1670 2367 1734 νίζοντο.
2406 1671 2535 1722 Ὅτε
2568 1668 2623 1721 δὲ
2664 1665 2807 1721 κατὰ
2848 1663 2943 1718 τοῦ
2989 1660 3260 1716 Δεσπότου
3307 1660 3606 1726 ἐμάνησαν,
3637 1655 3704 1718 ὡς

2144 1754 2474 1825 συγγνώμης
2532 1751 2754 1823 μείζονα
2798 1749 3142 1811 πταίσαντες,
3190 1742 3540 1814 πανωλεθρίᾳ
3580 1757 3705 1811 παρ-

474 1854 547 1907 Αι
586 1868 708 1908 cum
740 1851 998 1905 adversus
1030 1848 1315 1903 Dominum
1353 1847 1503 1900 furor
1532 1845 1769 1914 ipsorum
1802 1843 2039 1897 exarsis-

2156 1847 2423 1917 εδόθησαν.
2456 1847 2520 1900 Οἱ
2549 1846 2646 1917 μὲν
2672 1844 2780 1915 γὰρ
2807 1842 2978 1914 πυρὸς
3006 1841 3100 1894 καὶ
3119 1839 3373 1930 σιδήρου,
3400 1835 3538 1930 οί-δὲ
3562 1832 3706 1903 λιμοῦ

474 1954 580 2011 set,
615 1954 726 1998 tum
755 1958 883 1997 vero
911 1983 927 2010 ,
972 1952 1032 1996 ut
1059 1939 1319 2009 ejusmodi
1354 1938 1558 1992 scelere
1591 1936 1828 1990 admisso
1856 1976 1871 2002 ,
1900 1936 2040 2004 quod

2156 1936 2304 2009 ἔργον
2336 1938 2600 2005 ἐγένοντο.
2634 1937 2697 1988 Οί
2728 1933 2785 1987 δὲ
2818 1929 3252 2003 περιλειφθέντες
3277 1926 3366 1980 διά
3390 1925 3549 1979 τοῦτο
3574 1939 3704 1993 περιρ

478 2037 685 2090 veniam
707 2049 922 2090 omnem
954 2042 1256 2102 superaret,
1291 2029 1642 2085 internecioni
1670 2028 1870 2083 addicti
1896 2036 2042 2082 sunt.

478 2124 582 2177 Alii
612 2124 756 2177 enim
799 2124 1010 2175 flamma
1042 2130 1095 2175 et
1124 2120 1287 2185 ferro,
1322 2120 1411 2173 alii
1455 2117 1597 2171 fame
1628 2117 1870 2186 oppressi
1895 2125 2040 2170 sunt.

476 2213 581 2280 Qui
624 2222 802 2266 autem
837 2210 977 2266 cladi
1011 2210 1426 2279 superfuerunt,
1471 2208 1539 2261 ob
1576 2207 1627 2260 id
1674 2206 2045 2260 tantummodo

478 2318 761 2374 superesse
788 2302 1031 2371 permissi
1069 2309 1214 2365 sunt,
1250 2309 1306 2353 ut
1334 2306 1388 2353 et
1418 2299 1541 2353 belli
1566 2297 1904 2352 calamitates
1930 2306 2042 2350 tra-

2144 2030 2283 2080 εῖναι
2315 2025 2794 2097 συνεχωρήθησαν,
2827 2023 2915 2076 ἵνα
2943 2021 3038 2075 καὶ
3061 2020 3159 2083 τὰς
3175 2017 3266 2071 τοῦ
3298 2016 3534 2086 πολέμου
3560 2030 3703 2086 τραγ-

2143 2117 2393 2188 ῳδήσωσι
2452 2114 2760 2186 συμφορὰς,
2806 2113 2901 2168 καὶ
2941 2112 3132 2181 ὥσπερ
3161 2108 3496 2180 αἰχμάλωτοι
3532 2121 3707 2175 μαστιο

2146 2209 2263 2278 γίαι
2311 2208 2408 2279 τὴν
2455 2209 2545 2279 ὑφ’
2576 2208 2711 2279 ἡλίῳ
2741 2205 3067 2278 περιιόντες,
3098 2203 3249 2256 ἴδωσι
3282 2199 3586 2270 πανταχόσε
3623 2199 3708 2250 άν·

2146 2302 2273 2356 θοῦν
2308 2301 2709 2373 σταυρωθέντος
2738 2299 2801 2361 τὸ
2833 2296 3017 2361 σέϐας.

478 2395 652 2470 gicum
696 2395 747 2448 in
775 2396 988 2447 modum
1027 2392 1386 2462 deplorarem,
1411 2401 1465 2445 et
1496 2390 1643 2444 velut
1669 2390 1865 2459 captivi
1912 2392 2123 2460 quidam
2157 2397 2483 2455 verberones
2511 2393 2700 2450 orbem
2725 2392 3034 2451 universum
3064 2393 3439 2460 peragrantes,
3463 2380 3709 2441 Cruciiixl

478 2485 679 2537 cultum
709 2498 772 2537 ac
808 2482 1208 2537 venerationem
1232 2482 1483 2536 omnibus
1510 2481 1561 2534 in
1602 2482 1733 2536 locis
1767 2479 2047 2539 ﬂorentem
2091 2488 2479 2559 prospicerent.

740 2618 963 2677 CCCVI.
996 2650 1067 2664 -—
1094 2617 1390 2706 CYRIL'LO
1424 2615 1780 2673 EPISCOPO.

555 2731 1013 2800 Quemadmodum
1048 2745 1176 2796 rex,
1211 2731 1300 2798 qui
1329 2729 1534 2799 legibus
1568 2738 1756 2798 paret,
1802 2728 1921 2781 viva
1959 2728 2045 2783 lex

470 2836 601 2882 est:
637 2824 827 2879 eodem
861 2824 1018 2878 modo
1055 2822 1311 2876 sacerdos
1337 2821 1673 2893 quodnequi
1702 2822 2043 2874 sanctiouum

474 2914 967 2970 ecclesiasticarum
997 2911 1226 2981 imperio
1278 2911 1507 2975 subest,
1562 2909 1724 2963 tacita
1759 2924 1947 2962 norma
1991 2916 2047 2963 et

468 3006 659 3075 regula
687 3014 790 3060 est.
1162 3014 1163 3017 ‘

839 3114 1086 3172 CCCVI].
1119 3145 1189 3165 -.-
1221 3114 1427 3171 ISAIE
1453 3116 1691 3172 MlLITl.

551 3254 1011 3322 Quemadmodum
1059 3254 1259 3310 sinceri
1295 3265 1455 3325 atque
1496 3259 1747 3316 ardentes
1776 3262 2050 3330 pudicitia:

470 3357 752 3402 amatores
784 3361 852 3401 ex
895 3361 990 3400 sua
1020 3347 1270 3401 castitate
1308 3350 1373 3401 de
1404 3349 1524 3403 aliis
1549 3351 1711 3406 etiam
1737 3391 1752 3418 ,
1801 3356 2049 3423 quamvis

476 3439 706 3493 minime
737 3438 870 3492 tales
903 3440 1033 3502 sint,
1066 3454 1229 3506 puras
1254 3442 1550 3495 sententias
1580 3441 1788 3509 ferunt,
1813 3460 1913 3499 nec
1950 3446 2050 3499 im-

474 3528 732 3599 pudicum
757 3543 1081 3597 quemquam
1119 3542 1239 3582 esse
1275 3529 1644 3585 arbitrantur:
1675 3533 1863 3587 eodem
1889 3534 2049 3588 modo

476 3617 569 3681 qui
597 3616 839 3669 libidinis
871 3624 1040 3670 (nstro
1069 3626 1322 3685 tanquam
1352 3617 1500 3671 rabie
1523 3620 1753 3688 quadam
1776 3623 2050 3691 agitantur

478 3706 736 3778 (quorum
782 3715 833 3760 te
868 3720 1081 3776 quoque
1110 3723 1279 3761 unum
1302 3724 1421 3763 esse
1457 3709 1644 3780 aiunt)
1689 3726 1757 3765 ex
1788 3712 2046 3780 petulanti

482 3812 579 3850 sua
612 3795 834 3851 libidine
871 3797 1042 3864 alios,
1076 3798 1240 3852 etiam
1282 3801 1373 3869 qui
1407 3815 1511 3854 non
1559 3808 1720 3865 sunt.
1758 3802 1891 3858 tales
1927 3818 2051 3860 esse

476 3887 744 3955 iudicant.
780 3887 1005 3959 Utrique
1046 3890 1189 3944 enim
1221 3906 1287 3946 ex
1325 3892 1435 3947 suis
1463 3892 1702 3951 moribus
1726 3894 1791 3951 de
1819 3896 2048 3951 aliorum

476 3991 695 4048 quoque
722 3979 923 4035 morbis
953 3980 1221 4036 calculum
1247 3980 1451 4037 ferunt.

733 4184 998 4241 CCCVI“.
1029 4216 1099 4227 —-
1126 4186 1447 4242 AMMONO
1480 4187 1807 4245 TRIBUNO.

548 4323 611 4379 Et
650 4324 768 4380 festi
804 4340 1019 4394 quoque
1054 4324 1158 4379 diei
1202 4334 1415 4394 tempus
1452 4340 1550 4380 suo
1579 4326 1785 4381 nomini
1822 4341 2051 4398 respon-i

2435 2581 2572 2692 Τις-λ.
2614 2655 2685 2667 -.
2719 2620 3025 2693 meum
3060 2616 3444 2688 animone;

2220 2741 2433 2809 Ὠσπερ
2461 2737 2715 2809 βασιλεὺς
2762 2735 2866 2789 ὑπὸ
2892 2734 3002 2788 τῶν
3027 2731 3207 2805 νόμων
3249 2731 3570 2802 ἀρχόμενος,
3616 2726 3707 2797 ἔμ-

2146 2831 2316 2901 ψυχός
2348 2833 2465 2883 ἐστι
2491 2828 2654 2900 νόμος
2675 2843 2690 2859 ο
2718 2826 2863 2882 οὕτω
2889 2825 2983 2880 καὶ
3016 2823 3193 2896 ἱερεὺς
3221 2822 3326 2876 ὑπὸ
3357 2821 3467 2874 τῶν
3506 2819 3708 2890 Θεσμῶν

2148 2920 2587 2993 βασιλευόμενος.
2611 2917 2790 2975 κανών
2822 2918 2969 2971 ἐστιν
2996 2915 3275 2986 ἄφθογγος
3300 2912 3441 2983 (52).

2475 3127 2595 3180 τεν.
2635 3157 2703 3166 -
2740 3123 2949 3196 mla
2983 3122 3393 3193 ΣΤΡΑΤΙΩἸᾘ.

2222 3265 2430 3335 Ὠσπερ
2473 3264 2523 3317 οἱ
2553 3263 2763 3335 γνήσιοι
2812 3261 2906 3315 καὶ
2946 3260 3199 3331 διάπυροι
3242 3260 3343 3331 τῆς
3373 3256 3709 3329 σωφροσύνης

2149 3357 2378 3427 ἐρασταὶ
2404 3356 2470 3409 ὲκ
2497 3356 2597 3425 τῆς
2619 3354 2824 3417 οἰκείας
2849 3354 3090 3423 ἁγνείας,
3122 3352 3217 3407 καὶ
3242 3349 3372 3423 περὶ
3404 3349 3510 3405 τῶν
3548 3350 3711 3405 ἄλλων

2148 3448 2242 3500 καὶ
2272 3447 2398 3518 περὶ⁴
2439 3445 2514 3517 μὴ
2545 3445 2714 3499 ὄντων
2766 3445 3022 3499 τοιούτων
3070 3444 3331 3508 πολλάκις
3356 3443 3595 3514 καθαρὰς
3622 3446 3708 3506 τάς

2147 3538 2362 3609 ψήφους
2392 3539 2637 3611 φέρουσι,
2671 3537 2764 3591 καὶ
2790 3538 2979 3592 οὐδένα
3017 3537 3280 3607 ἡγοῦνται
3307 3536 3601 3591 ἀκόλαστον
3641 3530 3709 3587 εἷς

2148 3646 2265 3685 ναι·
2302 3629 2444 3683 οὕτω
2476 3630 2570 3684 καὶ
2596 3631 2646 3682 οί
2676 3630 2754 3700 τῷ
2788 3630 2887 3699 τῆς
2930 3629 3218 3699 ἀσελγείας
3244 3629 3450 3700 οἴστρῳ
3487 3627 3708 3681 λυττῶν-

2147 3738 2261 3785 τες,
2293 3714 2368 3776 ὦν
2400 3717 2480 3785 εἷς
2513 3721 2608 3775 καὶ
2648 3722 2835 3785 αὐτὸς,
2875 3721 2951 3785 ὥς
2996 3739 3151 3791 φασι,
3185 3721 3495 3791 τυγχάνεις,
3531 3721 3593 3772 ἐκ
3621 3718 3710 3788 τῆς

2149 3813 2298 3883 σφῶν
2326 3812 2598 3882 λαγνείας,
2645 3812 2896 3876 καὶτοὺς
2953 3813 3028 3884 μὴ
3069 3813 3232 3878 ὄντας
3274 3811 3565 3876 τοιούτους,
3606 3802 3713 3863 τοι·

2148 3905 2335 3967 ούτους
2372 3899 2510 3957 εἶναι
2543 3903 2655 3973 (55)
2675 3902 3023 3973 ψηφίζονται.
3056 3906 3316 3958 “Exacto:
3353 3904 3464 3975 γὰρ
3506 3905 3568 3957 ὲκ
3610 3900 3711 3956 τῶν

2149 3994 2270 4048 καθ’
2315 3994 2562 4058 ἑαυτοὺς,
2590 3994 2683 4047 καὶ
2709 3994 2808 4057 τὰς
2840 3995 2969 4066 περὶ
3011 3994 3122 4049 τῶν
3150 3995 3325 4050 ἄλλων
3351 3995 3573 4067 φέρουσι
3609 3993 3711 4065 ψήο

2149 4102 2302 4154 φους.

2436 4200 2565 4252 Til'.
2604 4230 2673 4239 —-
2709 4200 3028 4271 ΑΜΜΩΝΙῼ
3065 4201 3431 4273 ΤΡΙΒΟΥΝῼ.

2216 4332 2327 4384 Καὶ
2356 4332 2386 4385 ό
2413 4348 2500 4385 και
2515 4331 2604 4402 gs;
2631 4331 2730 4402 τῆς
2760 4330 3120 4402 πανηγύρεως
3148 4330 3500 4402 ὲπαληθεύων
3526 4330 3711 4385 ἑαυτὸν

479 4418 614 4473 deus
638 4455 652 4481 ,
685 4428 890 4471 natura:
922 4416 1184 4470 felicitate
1213 4426 1461 4470 ornatum
1490 4426 1591 4472 est.
1634 4418 1705 4473 Ut
1744 4418 1886 4473 enim
1925 4420 2040 4474 ani-

2156 4422 2404 4494 εὐμοιρίᾳ
2452 4423 2666 4492 φύσεως
2716 4423 3074 4493 κεκόσμηται.
3125 4423 3244 4477 Ἵνα
3292 4423 3403 4495 γὰρ
3449 4423 3606 4494 παρῶ
3651 4422 3711 4475 τὸ

473 4525 689 4566 morum
720 4524 833 4575 ver,
864 4508 1006 4578 quod
1034 4516 1156 4577 post
1195 4518 1540 4578 peccatorum
1579 4510 1807 4565 hiemem
1839 4508 2040 4577 ﬂoruit,

480 4604 700 4655 missum
729 4599 944 4666 faciam,
975 4615 1043 4655 ne
1070 4600 1199 4656 illud
1225 4600 1469 4670 quidem,
1499 4617 1607 4670 quo
1633 4617 1859 4671 corpora
1890 4614 2051 4657 utun-

478 4704 583 4757 tur,
623 4692 979 4745 admiratione
1007 4701 1177 4747 caret.
1223 4691 1503 4761 Siquidem
1529 4692 1808 4747 bibernam
1850 4693 2049 4748 intem-

473 4786 677 4854 periem
723 4783 1062 4853 subsequens
1089 4821 1107 4849 ,
1130 4785 1373 4838 aestivam
1403 4784 1701 4838 molestiam
1745 4785 2046 4844 antecedit:

474 4889 585 4947 quo
615 4873 868 4929 nimirum
914 4872 1042 4928 illud
1096 4874 1390 4939 ostendat,
1453 4875 1595 4944 quod
1645 4875 1737 4945 qui
1783 4875 2050 4932 scelerum

477 4965 654 5019 hieme
684 4963 968 5018 defunctus
1026 4971 1108 5018 est
1139 5002 1156 5026 ,
1214 4964 1318 5018 nisi
1363 4979 1583 5019 vernum
1632 4974 1686 5019 et
1725 4980 1942 5033 gravem
1987 4981 2052 5023 ac

477 5059 813 5109 moderatum
842 5063 1040 5108 statum
1077 5056 1129 5109 in
1158 5056 1335 5124 seipso
1370 5056 1598 5109 retineat
1624 5094 1639 5118 ,
1666 5054 1856 5124 judicit
1890 5056 2048 5110 llam-

477 5147 578 5198 mis
605 5144 902 5197 addicetur.
946 5143 1011 5198 Ut
1043 5144 1188 5197 enim
1248 5146 1572 5200 necessitate
1616 5146 1848 5211 quadam
1884 5159 2045 5202 aestas

472 5237 582 5289 veri
612 5235 871 5298 succedit,
898 5235 1065 5305 379
1104 5236 1170 5288 ad
1201 5237 1446 5290 eumdem
1472 5239 1632 5292 etiam
1683 5240 1896 5292 modum
1923 5248 2047 5306 post

474 5326 729 5379 enitatem
764 5334 818 5381 et
846 5328 1155 5396 patientiam
1178 5325 1440 5393 judicium
1470 5328 1695 5383 omnino
1723 5329 1937 5383 veniet.

2147 4514 2257 4568 τῶν
2289 4515 2478 4584 ψυχῶν
2504 4514 2627 4586 ἔαρ,
2656 4514 2716 4568 τὸ
2751 4515 2887 4584 μετὰ
2916 4514 3008 4568 τὸν
3046 4517 3292 4586 χειμῶνα
3323 4517 3433 4569 τῶν
3469 4517 3710 4587 άμαρτη·

2156 4607 2345 4677 μάτων
2377 4604 2639 4676 ἀνθῆσαν,
2671 4606 2791 4660 οὐδὲ
2820 4607 2881 4660 τὸ
2912 4607 3020 4661 τῶν
3049 4608 3319 4677 σωμάτων
3364 4607 3470 4672 ἔξω
3502 4606 3709 4675 θαύμα-

2150 4715 2242 4761 τος
2272 4697 2594 4768 καθέστηκε.
2629 4697 2741 4767 Τῆς
2918 4700 3198 4769 χειμερίου
3242 4696 3564 4769 δυσκρασίας
3593 4694 3713 4749 δεύ-

2151 4806 2308 4860 τερον
2333 4788 2595 4861 όρμηθὲν,
2622 4789 2723 4859 τῆς
2751 4784 2968 4860 Θερινῆς
2994 4789 3269 4861 ὀχλήσεως
3295 4791 3594 4863 προτρέχει,
3626 4790 3711 4842 ἴνα

2151 4877 2320 4949 δείξῃ,
2353 4879 2434 4932 ὅτι
2471 4880 2501 4933 ὁ
2528 4878 2625 4932 τοῦ
2659 4878 2921 4950 χειμῶνος
2952 4880 3060 4933 τῶν
3094 4880 3501 4952 ἁμαρτημάτων
3535 4880 3709 4933 διπαλ-

2152 4970 2360 5039 λαγεὶς,
2392 4972 2440 5024 εί
2475 4970 2552 5041 μὴ
2585 4969 2801 5043 ἐαρινὴν
2835 4972 2927 5025 ita).
2968 4970 3262 5042 βεϐηκυῖαν
3306 4973 3627 5026 κατάστασιν
3653 4973 3712 5024 ἐν

2157 5063 2333 5133 ἑαυτῷ
2376 5062 2620 5132 φυλάξοι,
2656 5061 2735 5134 τῷ
2776 5063 2910 5133 πυρὶ
2959 5063 3055 5132 τῆς
3090 5064 3323 5134 κρίσεως
3354 5063 3712 5136 παραδοθήσε-

2153 5171 2264 5208 ται.
2298 5155 2510 5224 Ὤσπερ
2537 5154 2644 5224 γὰρ
2673 5154 2888 5224 ἀνάγκῃ
2921 5155 3026 5207 τινὶ
3056 5157 3195 5223 μετὰ
3222 5155 3284 5208 τὸ
3324 5155 3422 5227 ἔαρ
3452 5154 3509 5209 τὸ
3533 5154 3707 5221 Θέρος,

2149 5244 2294 5298 οὓτω
2326 5246 2422 5299 καὶ
2473 5245 2612 5315 μετὰ
2644 5246 2741 5316 τὴν
2795 5245 3142 5310 ἀνεξικακίαν
3190 5249 3226 5318 ἡ
3273 5249 3452 5319 κρίσις
3499 5248 3708 5308 πάντως

2150 5334 2510 5405 ἐπιφοιτήσει.

1558 5505 1793 5562 VARUS
1826 5507 2211 5566 LECTIONES
2266 5509 2355 5565 ET
2398 5512 2631 5567 NOTAE.

540 5659 650 5730 (3|)
673 5657 778 5715 Pro
799 5659 1156 5735 τεθεαμένους
1186 5660 1470 5735 c0t_l._Vat._
1491 5663 1593 5717 650
1620 5662 1779 5735 liabet
1811 5661 2020 5735 θεωμέ-

476 5747 614 5793 νους.
652 5741 705 5782 et
731 5746 876 5785 vers.
911 5730 1006 5783 ult.
1044 5742 1160 5798 post
1187 5730 1382 5785 ἀνθοῦν
1407 5733 1556 5787 addit
1588 5731 1667 5787 τό.
1690 5732 1901 5790 Possm.

543 5799 653 5869 (32)
695 5799 838 5855 Idem
869 5803 1013 5864 cod.,
1042 5800 1360 5870 εὖφῢογγος.
1392 5802 1467 5855 lo.

2203 5664 2314 5737 (33)
2487 5667 2683 5736 Paris,
2721 5670 2815 5728 καὶ
2842 5672 2970 5737 τοὺς
2998 5673 3075 5745 μὴ
3098 5673 3284 5738 ὄντας,
3320 5670 3576 5733 τοιούτους
3622 5660 3703 5723 εἷο

2133 5752 2240 5801 ναι,
2261 5748 2366 5793 etc.
2405 5737 2563 5794 EDIT.
