3894 6412
197 342 274 403 ΞΠἸ
1001 336 1533 403 EPISTOLARUM
1565 344 1711 405 LIB.
1754 344 1866 407 IlI.
1892 346 2221 407 -EPIST.
2259 347 2559 408 CCCXIII.

1762 469 1809 525 Δ

378 451 497 507 ΤΘ’.
534 483 608 497 --
653 452 1012 524 MAPTYPIQ
1052 455 1516 531 ΠΡΕΣΒΥΤΕΡῼ.

186 581 193 590 ·
247 565 299 616 El
348 561 549 632 βούλει,
594 558 642 618 ὦ
689 563 952 636 βέλτιστε,
986 565 1202 636 μεγάλα
1228 564 1401 636 δεῖξαι
1446 571 1515 625 τὰ
1546 570 1741 626 σαυτοῦ

194 654 588 726 κατορθώματα,
623 657 698 727 μὴ
730 657 872 727 μέγα
899 659 1105 729 φρόνει,
1134 661 1229 713 καὶ
1256 662 1379 714 τότε
1405 662 1578 716 ταῦτα
1603 663 1742 733 ἴμεί-

194 750 293 811 ζονα
334 746 675 816 ἀποφαίνεις.
725 749 817 821 Μὴ
861 751 1088 825 νομίσῃς
1136 770 1189 806 τι
1232 755 1612 824 πεποιηκέναι,
1647 754 1743 809 κα).

192 837 288 890 τότε
309 836 692 909 λαμπρότερος
721 839 840 914 ἔσῃ.
869 841 934 895 Ei
962 842 1069 910 γὰρ
1100 845 1128 897 6
1156 844 1477 914 ἁμαρτωλὸς
1506 846 1742 915 νομίζων

193 922 301 978 εἶναι
340 927 487 980 τοῦθ’
514 928 653 1000 ὅπερ
688 930 828 993 ἐστὶ,
864 931 1075 995 δίκαιος
1105 932 1312 1002 γίνεται
1341 934 1553 1007 (ὥσπερ
1589 936 1683 989 καὶ
1710 936 1740 988 6

190 1018 448 1089 τελώνης)·
480 1022 508 1073 6
548 1020 756 1087 δίκαιος
809 1022 1134 1095 ἁμαρτωλὸν
1183 1026 1375 1080 ἑαυτὸν
1427 1026 1745 1096 ἡγούμενος,

192 1109 283 1172 πῶς
306 1110 367 1163 ού
403 1110 724 1184 σεμνότερος
742 1116 854 1170 ἐστι
882 1118 974 1171 καὶ
1006 1118 1418 1189 εύκλεέστερος;
1450 1118 1514 1172 Ἡ
1539 1119 1748 1187 εὐγνω·

193 1200 374 1271 μοσύνη
404 1202 663 1273 στέφανον
700 1206 1008 1280 ἁμαρτωλῷ
1056 1210 1287 1279 ἧνεγκεν
1316 1207 1457 1279 (οὐδὲ
1496 1208 1604 1278 γάρ
1648 1225 1744 1263 τα-

193 1295 554 1364 πεινοφρονῶν,
593 1296 707 1351 ἀλλ’
736 1299 1015 1369 ἀληθεύων
1049 1302 1251 1370 ἔλεγε),
1273 1301 1738 1372 ταπεινοφροσύνη

189 1382 353 1453 δικαίῳ
410 1385 530 1450 πῶς
580 1388 642 1440 οὐ
677 1389 900 1460 μυρίους
928 1390 1113 1456 πλὲξει
1146 1392 1477 1461 στεφάνους

3249 372 3252 375 ’
3305 359 3410 417 978

2020 463 2249 520 CCCIX.
2278 496 2350 505 —
2376 462 2743 520 MARTYRIO
2771 462 3246 523 PRESBYTERO.

1916 577 1972 633 Si
1999 578 2125 633 illud
2157 578 2250 633 tibi
2297 579 2475 633 studio
2505 588 2587 632 est
2613 616 2629 641 ,
2666 576 2748 631 vir
2777 578 2979 646 optime
3006 616 3023 642 ,
3070 586 3130 633 ut
3163 593 3280 648 qua:
3314 581 3410 632 abs

1840 680 1896 727 te
1925 686 2044 725 cum
2077 670 2277 725 virtute
2306 678 2585 740 geruntur,
2612 685 2802 739 magna
2837 684 2956 724 esse
2988 668 3271 723 videantur
3295 710 3311 735 ,
3345 686 3411 725 ne

1842 761 2144 816 sublimiter
2168 773 2232 815 ac
2258 760 2538 829 magniﬁce
2572 760 2637 813 de
2671 770 2723 812 te
2762 760 2966 813 sentias
2991 799 3004 824 ,
3047 775 3110 812 ac
3140 768 3249 812 tttm
3295 775 3412 813 am-

1841 854 2008 922 pliora
2058 867 2120 907 ea
2169 852 2380 905 reddes.
2424 849 2503 904 Ne
2536 860 2587 905 te
2622 851 2815 904 fecisse
2846 850 3155 904 existinmas:
3207 866 3269 903 ac
3300 859 3411 902 tum

1850 943 2105 1012 majorem
2132 938 2467 1011 splendorem
2499 941 2871 1009 consequeris.
2902 939 3034 992 Nam
3061 940 3104 994 si
3135 949 3411 1007 peccator,

1848 1034 1898 1089 id
1933 1049 2013 1098 se,
2034 1035 2175 1103 quod
2203 1043 2307 1098 est,
2326 1047 2447 1088 esse
2478 1032 2746 1100 judicans,
2765 1033 2943 1101 justus
2966 1030 3414 1100 eiiicitur(quem-

1853 1123 2139 1177 admodum
2193 1121 2484 1191 publicano
2515 1120 2782 1190 contigit),
2818 1119 2945 1187 quid
2980 1118 3192 1171 tandem
3234 1116 3414 1170 all'erri

1841 1220 2038 1278 potest,
2070 1209 2198 1279 quin
2228 1209 2431 1278 justus,
2465 1217 2806 1277 peccatoretn
2836 1221 2896 1261 se
2925 1220 3044 1260 esse
3071 1203 3412 1267 existimans,

1840 1300 2098 1369 majorem
2130 1300 2256 1354 hinc
2294 1299 2695 1353 venerationem
2742 1297 3081 1366 gloriamque
3118 1297 3218 1351 sibi
3267 1308 3415 1349 como

1838 1399 2011 1461 paret.
2045 1391 2102 1445 Si
2132 1390 2357 1444 candida
2395 1389 2601 1458 peccati
2628 1389 2832 1460 agnitio
2854 1403 3110 1443 coronam
3144 1386 3411 1455 peccaturi

190 1474 342 1528 attulit
373 1476 503 1544 (non
541 1478 684 1533 enim
732 1495 828 1548 per
858 1482 1025 1537 animi
1079 1484 1518 1548 submissionem,
1549 1483 1645 1538 sed
1674 1482 1898 1537 veritate
1964 1483 2188 1545 ductus,
2257 1482 2360 1536 hoc
2428 1481 2662 1551 dicebat)
2706 1480 2833 1551 quid
2861 1495 3039 1535 causa:
3070 1488 3170 1539 est,
3223 1488 3415 1547 quam"

188 1565 349 1621 obrem
383 1568 661 1625 humilitas
686 1572 832 1639 justo
854 1585 1140 1629 sexcentas
1158 1589 1392 1631 coronas
1426 1590 1535 1630 non
1566 1575 1783 1629 nectat?

466 1685 567 1738 Τι’.
607 1718 678 1727 -
714 1688 940 1761 ΠΕΤΡῼ
980 1691 1436 1762 ΣΧΟΛΑΣΤΙΚῼ.

244 1772 427 1826 Πολλοὶ
458 1773 557 1844 μὲν
584 1775 887 1843 ἀνθρώπων
925 1780 1154 1849 (πάντας
1200 1780 1309 1852 γὰρ
1339 1780 1614 1835 αἰτιᾶσθαι
1643 1781 1742 1852 οὐχ

186 1856 350 1932 ὅσιον),
380 1866 451 1918 τὰ
483 1866 582 1935 μὲν
629 1868 776 1923 κακὰ
805 1870 900 1924 καὶ
936 1874 1010 1942 μὴ
1053 1872 1313 1942 μαθόντες
1349 1874 1537 1944 δρῶσι,
1585 1872 1654 1927 τὰ
1684 1874 1742 1928 δὲ

186 1954 347 2022 ἀγαθά
373 1956 498 2010 οὐδὲ
535 1958 907 2030 διδασκόμενοι
942 1964 1186 2018 συνίασιν
1206 1981 1220 1996 ’
1264 1963 1401 2019 ἀλλὰ
1429 1965 1497 2019 τὰ
1532 1964 1629 2036 μὲν
1657 1983 1740 2019 τι·

191 2045 378 2115 μωρίας
413 2048 643 2102 πνέοντα
684 2050 777 2118 ἀφ’
826 2053 935 2123 (5i)
986 2055 1194 2109 ἑαυτῶν
1243 2055 1521 2120 ποιοῦντες
1564 2057 1744 2110 διατε-

186 2134 316 2188 λοῦσι
335 2155 348 2167 ·
380 2137 449 2190 τὰ
484 2139 539 2192 δὲ
570 2141 850 2210 στεφάνων
883 2145 1139 2215 πρόξενα,
1169 2147 1279 2199 οὐδ’
1306 2145 1742 2217 ἀναγκαζόμενοι

186 2225 619 2297 διαπράττονται’
680 2232 906 2288 κάκεῖνα
973 2236 1072 2307 μὲν
1127 2237 1263 2307 μηδὲ
1325 2240 1743 2310 παραδείγματα

188 2318 423 2383 πολλάκις
448 2321 661 2390 ἔχοντες
690 2323 953 2378 τίκτουσι·
982 2328 1155 2382 ταῦτα
1186 2329 1264 2393 δὲ,
1309 2331 1403 2384 καὶ
1450 2331 1743 2400 παραδείγ-

188 2425 316 2476 ματα
362 2412 596 2479 ὁρῶντες
638 2416 1110 2486 παραγράφονται.
1169 2420 1434 2474 Τοσοῦτον
1482 2422 1741 2492 ἀπέχουσι

186 2498 266 2551 τοῦ
298 2501 605 2572 μιμεῖσθαι.
654 2504 761 2557 Τοῦ
794 2507 954 2577 χάριν
1001 2507 1066 2580 δὴ
1098 2510 1267 2564 ταῦτα
1319 2512 1533 2582 γράφω,
1582 2513 1741 2583 τυχὸν

185 2589 274 2642 ούκ
299 2592 513 2658 ἀγνοεῖς
533 2609 547 2624 ο
593 2593 676 2647 ὅτι
707 2595 957 2666 Ζωσίμου
990 2597 1084 2652 καὶ
1124 2598 1393 2670 Μάρωνος
1439 2601 1564 2663 τοὺς
1594 2600 1743 2671 βίους

188 2679 436 2754 ὲκωμῲδη
445 2699 561 2747 σας.

417 2862 566 2917 TIA’.
608 2897 678 2907 _
726 2867 982 2921 AANIHA
1022 2868 1493 2943 ΠΡΕΣΒΥΤΕΡῼ.

256 2950 313 3007 Ὀ
347 2955 510 3024 σοφὸς
555 2956 856 3022 Εύστάθιος
890 2961 919 3013 6
946 2960 1334 3033 πρεσϐύτερος,
1380 2965 1408 3016 6
1454 2962 1557 3016 ὑπὸ
1594 2964 1740 3028 θείας

2077 1690 2279 1746 CCCX.
2311 1721 2379 1730 —
2407 1689 2633 1744 PETRU
2667 1686 3167 1745 SCIIOLASTICO.

1918 1780 2168 1851 Plerique
2200 1781 2726 1853 mortalium(neque
2757 1783 2897 1836 enim
2934 1796 3123 1834 omnes
3156 1791 3417 1833 accusare

1851 1872 1931 1928 fas
1969 1875 2082 1942 est)
2130 1874 2268 1926 mala
2298 1872 2513 1942 quidem
2552 1872 2715 1926 etiam
2747 1871 2864 1926 sine
2899 1870 3217 1939 cujusquam
3252 1866 3415 1921 disci-

1849 1967 1989 2037 piina
2022 1965 2250 2031 faciunt,
2278 1966 2417 2019 bona
2445 1972 2621 2017 autem
2651 1963 2891 2016 adhibito
2912 1976 3125 2032 quoque
3152 1960 3414 2029 magistro

1848 2070 1952 2112 non
1980 2056 2322 2126 intelligunt:
2357 2063 2519 2122 atque
2559 2070 2621 2108 ea
2655 2069 2769 2122 quae
2800 2068 3011 2122 poenam
3039 2061 3091 2104 ct
3115 2050 3412 2104 cruciatum

1846 2146 2096 2213 spirant,
2129 2158 2225 2197 sua
2268 2153 2458 2212 sponte
2495 2156 2655 2209 agere
2694 2156 2798 2195 non
2838 2140 3245 2202 intermittunt,
3297 2153 3416 2207 quae

1848 2244 2028 2289 autem
2056 2247 2285 2289 coronas
2313 2240 2631 2296 accersunt,
2681 2246 2748 2283 ne
2787 2229 2960 2285 coacti
2998 2228 3211 2298 quidem
3240 2226 3415 2291 admi-

1848 2329 2113 2382 nistrant:
2157 2334 2318 2395 atque
2360 2324 2487 2389 illa,
2530 2323 2744 2376 tametsi
2779 2335 3015 2390 persaepe
3056 2335 3125 2374 ne
3170 2317 3415 2387 exempla

1846 2419 2060 2490 quidem
2089 2417 2193 2473 ulla
2225 2416 2489 2481 habeant,
2526 2415 2743 2484 pariunt
2771 2431 2785 2468 :
2824 2413 2940 2466 haec
2972 2419 3151 2465 autem
3178 2448 3194 2476 ,
3254 2409 3414 2463 etiam

1848 2508 2113 2579 exemplis
2147 2518 2272 2565 ante
2300 2508 2485 2563 oculos
2511 2504 2825 2576 propositis,
2859 2503 3185 2573 improbant,
3222 2502 3416 2555 nedum

1849 2603 2147 2657 imitentur.
2180 2592 2353 2668 Quam
2397 2601 2467 2655 ob
2494 2614 2713 2655 causam
2747 2598 2859 2651 hare
2894 2597 3160 2658 scribam,
3190 2594 3419 2648 fortasse

1848 2712 1951 2749 non
1982 2693 2237 2762 ignoras:
2291 2706 2485 2758 nempe
2528 2692 2655 2762 quia
2689 2687 2890 2743 Zosimi
2920 2697 2975 2742 et
2998 2685 3233 2741 Maronis
3279 2686 3429 2740 vitas

1849 2786 2110 2842 comicum
2145 2787 2195 2840 in
2223 2786 2437 2840 modum
2473 2782 2803 2853 proscidisti.

2063 2876 2283 2934 CCCXL
2312 2906 2381 2917 ——
2416 2872 2691 2929 DANIELI
2722 2867 3203 2928 PRESBYTERO.

1921 2968 2149 3037 Sapiens
2173 2966 2454 3037 presbyter
2479 2964 2811 3028 Eustathius,
2843 2962 2956 3031 qui,
2987 2975 3082 3031 pro
3110 2957 3290 3012 divino
3319 2971 3430 3011 suo

188 3044 594 3149 μισοπρνηρίας,
645 3045 740 3099 καὶ
785 3048 876 3099 ἐπὶ
903 3050 969 3120 τῇ
1015 3050 1308 3123 ὁμωνυμίᾳ
1349 3051 1442 3105 τοῦ
1494 3052 1740 3121 ἐναγοῦς,

1856 3061 1903 3116 in
1934 3059 2205 3131 improbos
2238 3059 2397 3122 odio,
2433 3057 2596 3112 etiam
2625 3058 2764 3111 idem
2807 3056 2911 3110 sibi
2950 3070 3071 3111 cum
3112 3053 3323 3119 impuro
3364 3059 3420 3102 et

184 3132 253 3196 ὡς
304 3130 483 3199 οἶσθα,
550 3136 850 3192 Εὐσταθίου
909 3138 1310 3210 βαρυνόμενος,
1360 3144 1454 3196 καὶ
1516 3143 1745 3213 ἀμεῖψαι

184 3224 366 3295 ἑαυτοῦ
410 3225 509 3297 τὴν
569 3230 940 3300 προσηγορίαν
984 3230 1305 3303 βουλόμενος
1352 3233 1579 3304 οἴχεται.
1644 3234 1747 3287 Τέ-

186 3316 342 3388 θιηκε
380 3320 511 3391 γὰρ,
542 3321 715 3374 εἰπεῖν
741 3322 871 3386 ἴσως
899 3323 961 3375 ού
994 3322 1170 3395 θέμις.
1211 3326 1277 3379 Ἡ
1324 3326 1433 3397 γὰρ
1469 3326 1576 3380 τῶν
1629 3326 1748 3395 φιλ-

185 3409 385 3478 αρέτων
430 3411 641 3483 ἀνδρῶν
673 3412 948 3485 κοίμησις,
980 3407 1055 3469 ὧν
1103 3409 1184 3478 εἷς
1206 3411 1275 3487 ἦν
1302 3417 1397 3470 καὶ
1435 3416 1613 3481 αὐτὸς,
1657 3435 1745 3470 τε-

185 3498 337 3572 λευτὴ
370 3503 469 3573 μέν
502 3501 617 3556 ἐστι
641 3503 750 3556 τῶν
792 3504 1069 3576 λυπηρῶν,
1096 3508 1239 3578 ἀρχὴ
1270 3508 1327 3561 δὲ
1358 3508 1464 3562 τῶν
1494 3508 1738 3578 ἀγαθῶν.

184 3591 256 3643 τὸ
286 3592 388 3664 γὰρ
416 3592 523 3647 τῶν
556 3593 732 3648 ἄθλων
764 3594 956 3667 πέρας,
988 3596 1130 3669 ἀρχὴ
1155 3597 1261 3650 τῶν
1305 3599 1580 3668 στεφάνων
1617 3599 1750 3653 καθ-

187 3680 394 3752 ἔστηκε.

459 3868 604 3922 TIB’.
650 3900 716 3910 ——
754 3870 1098 3941 ΠΔΑΛΑΔῘῼ
1139 3874 1462 3946 ΔΙΛΚΟΝῼ.

257 3960 403 4030 Ἔχει
431 3978 486 4013 τι
530 3964 563 4031 ὴ
608 3962 755 4033 ψυχὴ
792 3980 893 4033 μου
944 3965 1260 4036 ὲπιρρεπὲς,
1296 3961 1341 4020 ὧ
1374 3968 1517 4036 φίλε,
1565 3970 1644 4031 είς
1692 3968 1753 4022 τὸ

190 4053 453 4104 πιστεύειν
497 4052 597 4121 μὲν
640 4055 756 4113 τοῖς
807 4053 1084 4124 μεγίστοις
1130 4056 1571 4127 κατορθώμασιν,
1625 4060 1752 4111 ἀπι-

189 4143 330 4191 στεῖν
367 4140 424 4193 δὲ
457 4143 571 4205 τοῖς
624 4140 879 4210 μεγάλοις
933 4143 1310 4213 ἁμαρτήμασι.
1358 4144 1450 4196 Διὸ
1493 4144 1587 4196 καὶ
1626 4144 1753 4208 τοὺς

190 4233 363 4285 ἐκεῖνα
395 4234 490 4301 μὲν
527 4232 914 4303 διηγουμένους
957 4220 1196 4288 ἐπαινῶ·
1232 4236 1357 4300 τοὺς
1386 4236 1443 4289 δὲ
1480 4236 1670 4299 ταῦτα,
1703 4238 1753 4289 εί

192 4324 292 4393 μὲν
313 4326 596 4395 δυναίμην,
627 4323 994 4395 ἐπιστομίζω·
1031 4329 1079 4380 εί
1110 4326 1167 4381 δὲ
1204 4322 1300 4398 μὴ,
1323 4326 1402 4398 τῷ
1439 4329 1755 4397 στυγνάζειν

1845 3152 2141 3215 scelerato,
2174 3161 2232 3205 ut
2261 3150 2442 3216 nosti,
2474 3148 2755 3203 Eustathio
2786 3162 2988 3201 nomen
3028 3158 3148 3201 esse
3180 3146 3419 3213 graviter

1845 3252 1899 3300 et
1929 3243 2156 3297 moleste
2194 3240 2399 3295 ferebat
2430 3280 2445 3305 ,
2483 3254 2546 3294 ac
2578 3253 2770 3292 nomen
2814 3252 2967 3291 suum
2996 3235 3280 3289 immutare
3325 3249 3417 3286 cu-

1846 3338 2022 3407 piebat
2045 3376 2059 3399 ,
2093 3334 2221 3388 hinc
2253 3332 2533 3387 abscessit.
2567 3328 2755 3398 Neque
2787 3328 2931 3383 enim
2980 3326 3213 3382 fortasse
3240 3324 3420 3376 dicere

1848 3429 1928 3481 fas
1961 3434 2064 3492 est,
2103 3432 2346 3477 mortuus
2376 3431 2476 3476 est.
2507 3418 2642 3476 Nam
2672 3420 2959 3487 proborum
2995 3415 3233 3469 virorum
3264 3413 3419 3481 (quo-

1848 3534 1965 3573 rum
1995 3528 2278 3571 numerum
2328 3512 2442 3582 ipse
2485 3525 2699 3580 quoque
2726 3505 2977 3577 augebat)
3013 3520 3233 3559 somnus
3259 3541 3275 3566 ,
3302 3517 3417 3554 Ino-

1846 3606 2123 3661 lestiarum
2161 3602 2385 3672 quidem
2420 3601 2542 3655 linis
2579 3610 2691 3668 est,
2726 3601 2986 3653 bonorum
3014 3611 3144 3651 vero
3186 3595 3415 3649 initium.

1848 3696 2123 3765 Siquidem
2150 3691 2506 3748 certaminum
2544 3690 2667 3744 finis
2697 3730 2711 3754 ,
2743 3703 3065 3744 coronarum
3097 3685 3416 3755 principium

1845 3792 2080 3840 mm”.
2106 3873 2352 3930 cccxn.
2381 3901 2449 3913 -
2477 3868 2821 3925 PALLADIO
2854 3844 3170 3925 otACONo.

1920 3965 1992 4019 Ea
2017 3967 2413 4034 quodammodo
2436 3963 2601 4016 animi
2632 3963 2988 4031 propensione
3005 3977 3144 4025 sum,
3170 3974 3202 4013 ο
3222 3958 3419 4022 amice,

1850 4067 1908 4110 ut
1941 4058 2190 4110 maximis
2217 4055 2435 4123 quidem
2464 4052 2752 4106 virtutibus
2787 4052 2942 4105 ﬁdem
2973 4050 3293 4112 adhibeam,
3338 4048 3419 4100 in-

1851 4146 2100 4217 gentibus
2132 4157 2308 4198 autem
2344 4143 2582 4212 peccatis
2609 4144 2880 4212 abrogem.
2919 4142 2997 4195 Ex
3026 4157 3133 4210 quo
3168 4138 3416 4201 edicitur,

1853 4251 1910 4295 ut
1946 4256 2072 4307 eos,
2119 4240 2210 4309 qui
2244 4239 2330 4292 illa
2363 4247 2828 4303 commemorant,
2876 4237 3126 4291 laudibus
3155 4236 3415 4291 aﬂiciam:

1852 4330 1918 4385 iis
1945 4341 2120 4384 autem
2153 4371 2167 4394 ,
2199 4331 2289 4399 qui
2330 4328 2446 4383 lucc
2476 4337 2735 4395 narrant,
2781 4329 2823 4382 si
2854 4344 3066 4397 possum
3100 4368 3114 4391 ,
3145 4328 3427 4383 silentium

188 4416 505 4470 ἀναστέλλει).
544 4416 606 4470 Ei
639 4416 820 4471 τοίνυν
865 4416 961 4471 καὶ
1011 4419 1103 4472 τὸν
1153 4417 1242 4471 σὺν
1291 4418 1481 4489 ἐχθρὸν
1535 4420 1746 4492 ἄρρητά

1856 4421 2085 4475 indicam
2112 4438 2127 4487 ;
2158 4420 2239 4473 sin
2272 4420 2475 4483 minus,
2502 4419 2712 4474 tristem
2742 4419 2945 4473 vultum
2970 4420 3302 4490 praeferendo
3326 4435 3420 4476 eos

188 4522 312 4558 τινα
340 4507 475 4562 κατά
518 4507 612 4561 σοῦ
650 4507 1054 4579 ρητορεύσαντα
1101 4506 1453 4581 ὲπεστόμισα,
1508 4512 1582 4581 μὴ
1628 4513 1751 4579 ἐμοὶ

190 4598 350 4668 χάριν
387 4599 513 4665 ἴσθι,
544 4599 683 4653 ἀλλά
708 4602 787 4671 τῷ
814 4600 932 4673 Θεῷ
972 4600 1052 4671 ’τῷ
1083 4602 1340 4667 τοιαύτην
1372 4618 1461 4673 μοι
1493 4604 1752 4675 προαίρε-

192 4703 282 4741 σιν
309 4690 665 4761 χαρισαμένιρ.
718 4689 832 4744 Καὶ
876 4689 1052 4763 πειρῶ
1099 4693 1326 4755 ἐκεῖνον,
1359 4692 1426 4745 δι’
1458 4687 1533 4747 ὧν
1577 4694 1752 4765 πράτ-

190 4794 327 4844 τεις,
353 4780 605 4849 ἐλέγχειν.
642 4779 800 4834 Οὕτω
846 4781 955 4853 γὰρ
987 4780 1099 4850 ἐγὼ
1126 4783 1285 4853 χάριν
1329 4785 1566 4853 εἵσομαι,
1597 4786 1643 4837 εί
1676 4784 1749 4856 μὴ

192 4868 504 4942 ἑλεγχοίμην
546 4873 687 4943 ὑπὲρ
737 4872 852 4940 σοῦ,
886 4872 1001 4926 ἀλλ’
1036 4874 1176 4945 ὑπὲρ
1220 4875 1321 4946 τῆς
1364 4874 1622 4947 ἀληθείας
1657 4875 1748 4929 τὸν

194 4956 349 5026 λόγον
379 4961 761 5033 ποιησάμενος.

454 5145 598 5198 TlI".
637 5174 711 5185 —
747 5143 1108 5218 ΛΔΜΠΕΤΙῼ
1152 5145 1475 5219 ΔΙΑΚΟΝῼ.

536 5234 681 5304 Περὶ
721 5233 835 5304 τῆς
871 5237 1034 5303 θείας
1060 5237 1393 5307 ἐπιδημίας.

276 5319 423 5384 Ἴσθι,
452 5316 496 5376 ὦ
526 5324 716 5394 σοφίας
754 5327 1022 5397 αὐτοφυὲς
1064 5328 1302 5399 ἄγαλμα,
1343 5330 1424 5382 ὅτι
1455 5332 1483 5383 6
1516 5330 1751 5385 καλλίνι-

1852 4511 2163 4581 reptitnam.
2192 4510 2576 4576 Quamobrem,
2598 4511 2640 4564 si
2666 4511 2804 4565 hosti
2825 4526 3056 4580 quoque,
3083 4512 3174 4581 qui
3203 4511 3419 4567 infanda

1853 4603 2094 4673 quaedam
2119 4602 2403 4657 adversum
2429 4614 2480 4657 te
2505 4603 2815 4671 prolocutus
2838 4602 3036 4667 fuerat,
3066 4604 3429 4667 osobstruxi,

1852 4693 2092 4759 nemihi,
2126 4693 2220 4748 sed
2245 4694 2376 4757 Deo,
2410 4694 2499 4762 qui
2525 4695 2652 4748 mihi
2686 4696 2823 4749 hanc
2858 4695 3022 4748 animi
3056 4695 3425 4749 inductionem.

1853 4786 2031 4851 dedit,
2066 4786 2291 4854 gratiam
2324 4783 2497 4839 habe:
2547 4796 2749 4853 atque,
2781 4798 2837 4839 ut
2866 4787 3012 4839 illum
3043 4826 3058 4850 ,
3085 4802 3180 4854 per
3208 4802 3269 4839 ea
3305 4802 3423 4853 quae

1854 4876 1990 4944 agis,
2011 4891 2288 4945 coarguas,
2315 4878 2540 4930 enitere.
2572 4876 2704 4929 Nam
2727 4880 2799 4930 ita
2827 4880 3037 4932 demunt
3068 4894 3166 4946 ego
3197 4877 3421 4944 gratiam

1856 4964 1951 5017 tibi
1991 4964 2271 5019 habiturus
2306 4979 2448 5028 sum,
2489 4965 2533 5019 si
2566 4982 2672 5020 non
2708 4979 2821 5031 tua,
2856 4969 2949 5022 sed
2986 4968 3229 5022 veritatis
3262 4981 3422 5020 causa

1857 5055 2018 5110 verba
2054 5055 2250 5111 fecisse
2278 5058 2600 5126 comperiar.

1996 5148 2161 5218 380
2192 5147 2462 5205 CCCXIII.
2490 5179 2561 5190 —
2593 5149 2939 5206 LAMPETIO
2963 5146 3281 5205 DIACONO.

2361 5242 2437 5296 De
2480 5242 2657 5296 diuino
2693 5245 2940 5296 adventu.

1926 5330 2058 5384 Illud
2077 5332 2281 5399 scito,o
2310 5334 2548 5387 nativum
2586 5334 2864 5403 sapientia:
2886 5333 3258 5397 simulacrum,
3282 5334 3428 5403 quod

1246 5484 1475 5542 VARUE
1517 5484 1898 5543 LECTIONES
1935 5486 2024 5543 ET
2070 5487 2305 5544 ΝΟΤᾹΞ.

242 5702 259 5715 ,
281 5632 384 5715 (ξι)
408 5635 507 5690 Pro
531 5640 639 5715 de“
662 5642 783 5697 cod.
825 5642 954 5715 Vat:
974 5642 1078 5698 650
1110 5644 1270 5715 habet
1307 5643 1393 5713 ἐφ’
1426 5654 1480 5698 et
1529 5658 1669 5698 vers.
1703 5643 1736 5696 8

198 5703 445 5772 εὖρόντες
482 5703 665 5765 scribit
705 5728 803 5776 pro
854 5712 1109 5781 ὁρῶντες.
1153 5712 1307 5768 Vers.
1349 5703 1477 5782 pen.
1536 5728 1632 5784 pro
1660 5715 1742 5766 ὅτι

1849 5645 2119 5771 {efﬁgia
2161 5660 2301 5701 vers.
2340 5647 2436 5702 ult.
2477 5660 2573 5717 pro
2605 5648 2998 5720 ὲκωμῴδησας,
3051 5646 3425 5719 κωμῳδήσας.
