3894 6412
448 348 553 410 979

1636 354 1697 412 S.
1733 353 2027 414 ISIDORI
2058 351 2498 413 PELUSIOTE

3576 344 3673 405 980

452 461 541 514 ille
594 459 835 515 victoriae
892 461 1290 532 pulchritudine
1329 462 1558 534 insignis
1588 465 1853 518 caelorum
1899 477 2019 528 rex,

2148 479 2221 527 ιος
2250 462 2360 516 τῶν
2388 457 2635 533 οὐρανῶν
2685 455 2960 529 βασιλεὺς,
2988 456 3019 509 ὁ
3061 454 3155 508 ἐπὶ
3193 451 3436 525 σωτηρίᾳ
3461 452 3562 509 τῶν
3588 455 3676 508 ἀν.

450 550 541 619 qui
570 550 640 604 ob
687 551 906 605 humani
956 552 1173 622 generis
1199 551 1426 608 salutem
1460 553 1566 607 huc
1592 554 1774 618 venit,
1808 560 2024 620 postea-

451 657 613 711 quam
650 641 699 696 id
732 656 927 710 omne,
959 645 1101 714 quod
1135 645 1415 715 peccabat,
1444 653 1700 715 tanquam
1731 646 2024 701 barbarum

453 733 698 804 subegit;
733 744 845 789 tum
877 750 1006 791 vero
1026 743 1178 806 parta
1209 737 1433 793 victoria
1464 746 1717 806 tanquam
1745 736 2024 808 proprium

454 825 787 882 miserationi
824 826 1031 883 habuit.

663 936 933 993 CCCXIV.
959 969 1031 979 —
1056 938 1285 996 PETRO
1324 938 1822 997 SCHOLASTICO.

526 1049 628 1116 Qui
658 1066 761 1105 non
798 1051 972 1106 solum
1001 1067 1093 1107 eos
1117 1093 1131 1118 ,
1159 1053 1354 1122 quibus
1387 1052 1577 1121 injuria
1620 1055 1697 1117 tit,
1727 1052 2024 1118 ulciscitur,

456 1142 550 1195 sed
580 1143 741 1196 etiam
770 1141 900 1196 illud
927 1143 1196 1212 providet,
1231 1159 1298 1198 ne
1324 1145 1445 1213 quis
1479 1145 1642 1198 alium
1678 1143 1875 1214 injuria
1910 1144 2028 1197 affi-

457 1232 585 1296 ciat,
619 1232 705 1287 hic
739 1248 843 1287 non
877 1235 1034 1288 modo
1059 1235 1202 1288 acris
1228 1249 1290 1288 ac
1316 1233 1475 1289 fortis
1504 1235 1765 1304 principis
1791 1274 1806 1297 ,
1838 1250 2025 1289 verum

455 1318 620 1371 etiam
659 1319 920 1388 sapientis
945 1320 1271 1390 legislatoris
1315 1336 1509 1376 nomen
1543 1331 1813 1376 meretur:
1838 1330 1899 1375 ut
1935 1322 2026 1390 qui

456 1407 685 1461 alterum
733 1424 827 1477 per
867 1409 1075 1478 imperii
1108 1411 1402 1479 potentiam
1423 1449 1439 1475 ,
1465 1409 1693 1466 alterum
1734 1426 1828 1482 per
1860 1411 2028 1466 animi

457 1499 796 1567 prudentiam
837 1503 1110 1557 conficiat.

653 1612 903 1671 CCCXV.
936 1646 1007 1655 —
1042 1615 1345 1673 AUSONIO
1368 1616 1833 1680 CORRECTORI.

526 1747 628 1816 Qui
659 1762 758 1805 nec
783 1750 985 1821 favore,
1029 1769 1128 1809 nec
1154 1755 1299 1821 odio,
1331 1770 1430 1810 nec
1460 1756 1778 1812 muneribus
1801 1755 2029 1812 adduci-

2126 550 2359 620 θρὼπων
2388 549 2487 621 τὴν
2517 546 2813 617 ἐπιδημίαν
2845 542 2960 616 (55)
3001 541 3129 614 τῇδε
3167 539 3546 613 ποιησάμενος,
3578 544 3683 596 πᾶν

2124 640 2187 695 τὸ
2212 639 2526 712 ἁμαρτάνον
2546 638 2623 702 ὼς
2645 636 2919 709 βάρϐαρον
2944 632 3369 708 χειρωσάμενος,
3396 632 3470 696 ὡς
3497 635 3684 689 οἰκεῖον

2129 730 2269 805 μετά
2295 731 2396 803 τὴν
2422 730 2580 801 νίκην
2607 728 2860 802 ᾤκτειρε.

2402 941 2546 993 TIA'.
2586 970 2655 979 —
2700 935 2925 1006 ΠΕΤΡῼ
2964 931 3418 1002 ΣΧΟΛΑΣἹἸΚῼ.

2208 1057 2267 1108 Ὀ
2317 1054 2392 1125 μὴ
2447 1054 2606 1125 μόνον
2636 1054 2746 1114 τοῖς
2788 1048 3165 1118 ἀδικουμένοις
3207 1047 3513 1116 ὲπαμύνων,
3555 1045 3685 1105 ἀλλά

2128 1148 2223 1202 καὶ
2252 1148 2399 1210 ὅπως
2448 1146 2636 1217 μηδεὶς
2683 1144 2918 1215 ἀδικήσῃ
2960 1137 3428 1212 προμηθούμενος,
3456 1130 3600 1200 οὗτος
3625 1138 3685 1190 οὐ

2133 1239 2290 1308 μόνον
2325 1237 2507 1307 ἄρχων
2548 1233 2893 1306 δραστήριος,
2946 1229 3083 1286 ἀλλά
3131 1228 3225 1283 καὶ
3270 1227 3562 1298 νομοθέτης
3602 1245 3687 1279 σο-

2130 1330 2227 1398 φὸς
2278 1329 2485 1391 δίκαιος
2531 1326 2597 1380 ἂν
2630 1327 2714 1396 εἰή
2768 1323 3083 1378 καλεῖσθαι·
3130 1321 3191 1377 τὸ
3239 1321 3335 1391 μὲν
3380 1323 3447 1391 τῇ
3496 1320 3687 1393 ἀρχικῇ

2128 1420 2376 1492 δυνάμει,
2409 1419 2470 1472 τὸ
2498 1418 2553 1471 δὲ
2585 1419 2651 1489 τῇ
2678 1418 2881 1487 ψυχικῇ
2911 1414 3123 1469 συνέσει
3151 1411 3621 1483 διαπραττόμενος.

2371 1603 2521 1658 TlE’.
2559 1634 2629 1643 —
2662 1600 2962 1672 ΑΥΣΟΝῙῼ
2999 1597 3463 1653 ΚΟΡΡΗΚΤΩΡῙ.

2214 1738 2273 1791 '0
2306 1737 2443 1808 μήτε
2485 1735 2690 1807 χάριτι,
2722 1735 2858 1805 μήτε
2897 1732 3213 1807 δυσμενείᾳ,
3247 1733 3383 1803 μήτε

457 1846 545 1892 tur
566 1880 582 1905 ,
624 1849 682 1895 ut
706 1841 794 1909 jus
826 1820 1147 1910 labefactet,
1193 1820 1291 1901 hic
1322 1861 1445 1901 meo
1477 1846 1700 1916 quidem
1731 1846 1939 1916 judicio
1971 1856 2028 1903 et

2148 1830 2523 1903 ιυμαινόμενος
2552 1828 2614 1880 τὸ
2654 1827 2882 1889 δίκαιον,
2912 1820 3067 1889 οὗτος
3095 1826 3189 1879 καὶ
3214 1824 3436 1896 ἄριστός
3467 1825 3577 1876 ἐστι
3604 1823 3691 1876 τοῦ

457 1932 657 1999 optima
688 1944 770 1989 est
797 1934 1022 2003 justitiae
1068 1937 1248 2006 regula
1270 1976 1288 2003 ,
1336 1946 1391 1992 et
1437 1939 1784 2007 incorruptus
1814 1953 2027 2005 eorum,

456 2022 525 2079 de
553 2025 751 2094 quibus
781 2029 1155 2084 controversia
1188 2036 1293 2097 est,
1322 2029 1487 2100 judex
1519 2045 1584 2086 ac
1607 2032 1955 2101 disceptator.

668 2157 938 2215 CCCXVI.
954 2192 1025 2202 —
1039 2162 1313 2220 HlERACI
1337 2163 1819 2221 PRESBYTERO.

550 2290 569 2324 ι
610 2272 755 2329 Dan:
805 2275 1483 2400 sapientiam_sa‘plt;entibus
1523 2288 1571 2337 et
1615 2280 1948 2349 prudentiam

1070 2363 1207 2400 scren
1238 2365 1251 2399 ι
1290 2364 1372 2400 us.
1406 2367 1425 2400 ι

1070 2363 1372 2405 screntwus.
1406 2367 1425 2400 ι

528 2455 583 2509 ld
618 2456 760 2525 quod
788 2471 821 2511 a
849 2457 1073 2513 Daniele
1102 2458 1305 2513 dictum
1339 2470 1456 2515 est:
1496 2460 1672 2517 «Datis
1707 2462 2031 2532 sapientiam

459 2548 795 2617 sapientibus
819 2559 874 2603 et
902 2550 1242 2617 prudentiam
1276 2551 1577 2609 scientibus
1603 2553 1647 2585 ¹⁰
1675 2571 1690 2620 ;
1718 2572 1738 2606 ι
1789 2554 2027 2624 pruden-

462 2639 593 2692 tiam
631 2640 975 2708 potissimum
1009 2642 1223 2711 quidem
1266 2643 1332 2698 de
1363 2643 1542 2714 seipso
1579 2645 1755 2701 dixit:
1777 2646 2031 2715 quoniam

461 2731 604 2787 Deus
639 2747 742 2786 non
797 2733 957 2787 modo
1000 2735 1142 2803 regis
1187 2735 1514 2791 insomnium
1557 2736 1736 2808 (quod
1774 2738 2032 2808 ipsemet,

460 2825 551 2893 qui
584 2824 829 2891 viderat,
883 2825 1205 2897 ignorabat)
1270 2827 1369 2897 ipsi
1419 2828 1694 2897 patefecit,
1734 2829 1830 2884 sed
1868 2830 2033 2884 etiam

459 2933 680 2972 causam
709 2932 849 2985 eam,
882 2920 952 2974 ob
982 2935 1142 2990 quam
1163 2921 1334 2974 visum
1365 2920 1490 2975 illud
1523 2921 1572 2977 ei
1604 2922 2032 2977 demonstratum

462 3010 660 3076 fuerat,
698 3018 751 3065 et
781 3012 1307 3080 interpretationem.
1338 3014 1511 3069 Causa
1545 3029 1709 3085 porro
1736 3014 1879 3084 regis
1906 3030 2036 3069 con-

461 3102 583 3157 silia
612 3112 786 3159 erant.
823 3103 1266 3171 Quandoquidem
1297 3106 1439 3159 enim
1461 3148 1476 3171 ,
1508 3115 1566 3161 ut
1591 3121 1719 3161 vero
1747 3116 2034 3161 consenta-

2131 1925 2339 1979 δικαίου
2369 1920 2571 1987 κανὼν,
2603 1920 2697 1973 καὶ
2727 1918 3021 1981 ἀδέκαστος
3047 1916 3153 1971 τῶν
3182 1914 3695 1988 ἀμφισϐητουμένων

2132 2018 2346 2097 κριτής.

2391 2152 2552 2220 Τιαν.
2593 2183 2663 2193 -
2701 2147 2936 2203 ΙΕΡΑΚΙ
2975 2144 3447 2212 ΠΡΕΣΒΥΤΕΡῼ.

2140 2288 2159 2323 t
2184 2267 2394 2334 Διδοὺς
2423 2265 2649 2336 σοφίαν
2674 2262 2817 2336 ,τοῖς
2842 2258 3077 2336 σοφοῖς,
3106 2257 3205 2310 καὶ
3250 2258 3545 2326 φρόνησιν
3580 2254 3696 2321 τοῖς

2510 2333 2516 2345 ⁵
2633 2333 2825 2387 εἰδόσι
2854 2333 3131 2384 σύνεσιν.
3157 2346 3176 2379 ι

2203 2453 2276 2505 Τὸ
2309 2450 2469 2523 ῥηθὲν
2488 2449 2567 2528 τῷ
2602 2446 2819 2518 Δανιὴλ,
2865 2465 2883 2499 ι
2905 2444 3090 2506 Διδοῦς
3121 2442 3314 2512 σοφίαν
3348 2442 3460 2505 τοῖς
3504 2443 3695 2511 σοφοῖς.

2131 2545 2229 2600 καὶ
2259 2543 2518 2614 φρόνησιν
2533 2542 2646 2604 τοῖς
2676 2539 2858 2603 ειδόσι·
2887 2556 2907 2590 ›
2939 2536 3152 2603 σύνεσιν
3187 2535 3419 2606 μάλιστα
3453 2533 3551 2604 μὲν
3580 2533 3697 2604 περὶ

2133 2635 2326 2691 ἑαυτοῦ
2357 2631 2531 2688 εἶπεν.
2567 2631 2784 2703 Ἐπειδὴ
2810 2631 2870 2685 οὐ
2896 2630 3056 2701 μόνον
3085 2626 3231 2698 αὐτῷ
3258 2626 3319 2680 τὸ
3346 2625 3590 2679 ἐνύπνιον
3608 2623 3697 2679 τοῦ

2136 2728 2399 2799 βασιλέως
2442 2727 2602 2798 (ὅπερ
2638 2723 2801 2787 αὐτὸς
2830 2725 2859 2776 ό
2903 2718 3163 2793 ἑωρακὼς
3190 2719 3291 2773 οὐκ
3339 2718 3478 2789 ᾔδει)
3506 2716 3700 2773 ἀπεκά-

2135 2820 2301 2890 λυψεν
2329 2822 2357 2873 ὁ
2385 2818 2538 2884 Θεὸς,
2565 2816 2699 2872 ἀλλά
2745 2815 2840 2871 καὶ
2870 2814 2970 2885 τὴν
2999 2812 3198 2876 αίτίαν,
3227 2811 3295 2865 δι’
3327 2811 3396 2883 ἢν
3434 2808 3640 2880 ἐδείχθη
3665 2810 3699 2880 ή

2136 2912 2259 2981 ὄψις
2286 2910 2490 2982 ἐκείνη,
2526 2910 2621 2963 καὶ
2644 2907 2741 2980 τὴν
2772 2906 3081 2978 σύγκρισιν.
3127 2905 3189 2961 Ἠ
3215 2903 3271 2957 δὲ
3312 2902 3459 2957 αίτία
3501 2897 3590 2973 ἦν,
3612 2899 3698 2954 τοῦ

2140 3003 2405 3075 βασιλέως
2443 3004 2512 3056 τά
2552 2998 2915 3072 βουλεύματα.
2986 2996 3203 3068 Ἐπειδὴ
3244 2994 3355 3065 γὰρ
3417 2995 3494 3058 ὡς
3544 2992 3699 3056 είκδς,

2141 3096 2408 3168 ὠφρύωτο
2437 3098 2551 3157 τοῖς
2589 3092 2892 3164 τροπαίοις,
2922 3090 2983 3143 οὐ
3016 3090 3175 3160 μόνον
3220 3086 3367 3142 κατά
3404 3085 3511 3139 τῶν
3540 3084 3701 3138 ἄλλων

462 3210 622 3251 neum
647 3210 764 3262 est,
797 3197 866 3251 ob
900 3207 1099 3266 trapaaa
1141 3198 1491 3266 supercilium
1522 3198 1804 3253 attollebat
1831 3198 1912 3270 (ut
1942 3201 2032 3269 qui

2148 3190 2307 3245 ἐθνῶν
2354 3187 2707 3261 ἀριστεύσας,
2755 3184 2892 3241 ἀλλά
2935 3184 3029 3237 καὶ¹
3072 3180 3215 3239 κατά
3269 3178 3559 3243 Ἰουδαίων,
3602 3175 3702 3270 τῶν

465 3303 571 3341 non
605 3296 811 3341 tantum
842 3289 1104 3343 adversus
1135 3289 1269 3343 alias
1293 3289 1571 3353 nationes,
1601 3290 1696 3346 sed
1728 3291 1891 3346 etiam
1934 3291 2035 3343 ad-

462 3395 656 3434 versus
690 3377 929 3445 Iudaeos,
968 3381 1059 3450 qui
1082 3380 1265 3435 multis
1291 3394 1357 3434 ac
1387 3382 1617 3451 magnis,
1647 3390 1758 3435 tum
1784 3382 1837 3435 in
1863 3379 2034 3452 Αἰπ-

464 3483 578 3543 pto,
609 3483 719 3527 tum
754 3474 806 3526 in
844 3473 1198 3539 deserto,tum
1234 3472 1285 3527 in
1320 3472 1607 3527 Paltcstina
1638 3473 1918 3528 beneficiis
1940 3488 2036 3525 au-

466 3572 585 3615 ctos
618 3575 739 3616 sese
770 3572 933 3630 atque
966 3572 1189 3617 ornatos
1218 3561 1386 3616 fuisse
1406 3560 1690 3630 jactabant
1712 3602 1728 3627 ,
1759 3578 1871 3615 rem
1897 3561 2039 3616 mili-

468 3663 637 3705 tarem
679 3662 898 3706 strenue
948 3665 1011 3704 ac
1065 3649 1295 3704 feliciter
1347 3651 1846 3720 administrasset),
1906 3649 2035 3704 illud

466 3755 650 3794 secum
672 3780 687 3804 ,
705 3748 762 3793 ut
787 3739 1045 3794 credibile
1072 3749 1175 3805 est,
1204 3741 1456 3808 agitarat,
1477 3756 1598 3794 cum
1624 3740 1789 3794 multa
1815 3740 2039 3810 imperia

466 3831 742 3885 exstincta
767 3831 1127 3899 perspexisset
1151 3834 1294 3898 (nam
1321 3829 1666 3901 Assyriorum
1696 3846 1908 3904 quoque
1934 3832 2038 3885 im-

466 3920 674 3988 perium
720 3919 880 3972 linem
920 3920 1247 3991 acceperat),
1280 3935 1347 3974 an
1386 3921 1502 3990 ipse
1534 3935 1748 3990 quoque
1786 3922 2042 3980 mutatio-

470 4025 592 4063 nem
626 4011 857 4079 aliquam
889 4010 1165 4067 subiturus
1193 4022 1358 4070 esset.
1386 4012 1647 4079 Quocirca
1684 4023 2044 4070 consentanee

468 4103 639 4169 ipsius
681 4102 928 4157 consiliis
952 4113 1117 4172 atque
1142 4104 1306 4157 animi
1332 4104 1717 4172 agitationibus
1748 4104 1882 4159 visio
1913 4120 2045 4159 con-

472 4193 899 4265 tigit.Propheta
937 4206 1114 4249 autem
1138 4210 1236 4261 ea,
1265 4211 1385 4266 qua:
1421 4196 1535 4266 ipse
1560 4211 1683 4254 cum
1722 4197 1904 4252 animo
1943 4212 2043 4251 suo

473 4287 727 4353 agitarat,
757 4287 989 4355 primum
1018 4287 1115 4357 ipsi
1140 4287 1393 4357 exposuit
1418 4306 1430 4341 :
1464 4299 1520 4341 ut
1542 4287 1611 4351 ab
1638 4287 1724 4352 iis,
1750 4289 1869 4357 quae
1896 4296 2047 4342 certa

472 4387 527 4431 ct
558 4378 857 4431 indubitata
877 4385 1051 4445 erant,
1067 4393 1127 4431 ea
1156 4393 1371 4448 quoque
1389 4393 1508 4452 quae
1535 4378 1715 4449 ignota
1739 4386 1793 4433 et
1816 4378 2046 4433 obscura

471 4479 627 4524 erant
656 4510 669 4531 ,
707 4469 865 4524 ﬁdem
898 4469 1243 4534 invenirent,
1283 4478 1444 4539 atque
1495 4470 1845 4540 interpretata
1889 4467 2047 4523 facile

474 4564 913 4616 admitterentur.
945 4562 1026 4615 Ad
1060 4566 1202 4616 hunc
1232 4562 1413 4631 itaque
1441 4563 1656 4624 modum
1678 4576 1773 4617 rex
1802 4576 1888 4625 ea,
1924 4575 2044 4629 qua:

476 4652 615 4706 dicta
651 4661 810 4718 sunt,
857 4653 1250 4721 comprobavit.
1285 4651 1470 4722 Neque
1515 4653 1659 4708 enim
1690 4667 1758 4707 ex
1805 4667 1871 4709 eo
1901 4654 2042 4708 dun-

476 4754 627 4797 taxat
666 4746 805 4812 quod
835 4760 919 4812 ea,
959 4761 1078 4816 quae
1111 4747 1292 4801 animo
1324 4748 1607 4814 volvebat,
1645 4746 1817 4811 dixit,
1851 4746 2041 4815 conje-

475 4847 685 4890 eturam
718 4836 844 4891 fecit
868 4853 994 4891 vera
1018 4854 1137 4892 esse
1163 4854 1288 4907 quas
1310 4838 1455 4893 dicta
1481 4837 1723 4893 fuerant:
1759 4838 1853 4894 sed
1887 4839 2048 4894 etiam

477 4929 551 4991 id,
587 4930 728 4995 quod
762 4928 1008 4993 viderat,
1046 4940 1223 4984 mente
1254 4929 1483 4985 fortasse
1515 4930 1845 4999 resumpsit,
1886 4940 2050 4999 atque

476 5034 573 5086 per
599 5032 809 5087 eorum,
835 5035 954 5091 qua:
986 5030 1203 5074 narrata
1235 5020 1467 5085 fuerant,
1496 5020 1885 5086 sinceritatem,
1919 5021 2048 5077 illud

480 5112 536 5166 in
557 5112 869 5165 tnctttoriatn
892 5113 1184 5167 revocavit.
1215 5111 1390 5181 Atque
1411 5112 1525 5168 haec
1539 5112 1752 5182 quidem
1767 5113 2046 5170 hactenus.

578 5294 622 5325 ¹⁰
650 5293 784 5347 Dan.
814 5310 874 5360 tt,
897 5293 987 5349 2f.

2142 3282 2314 3336 πολλὰ
2345 3282 2440 3335 καὶ
2469 3280 2582 3349 (36)
2618 3277 2829 3349 μεγάλα
2855 3274 3165 3346 αὐχούντων
3193 3270 3594 3343 εὐηργετῆσθαι
3619 3266 3704 3321 ὲπί

2139 3392 2199 3430 τε
2238 3375 2336 3444 τῆς
2368 3372 2669 3441 Αἰγύπτου,
2714 3369 2807 3423 ἐπί
2853 3385 2914 3421 τε
2950 3367 3051 3437 τῆς
3084 3366 3317 3437 ἐρήμου,
3372 3362 3463 3416 ὲπί
3502 3378 3561 3414 τε
3612 3361 3701 3429 τῆς

2139 3465 2526 3536 Παλαιστίνης·
2553 3462 2852 3533 ἐνενόησεν,
2875 3460 2949 3523 ὡς
2974 3457 3140 3522 είκὸς,
3162 3455 3501 3525 θεασάμενος
3519 3450 3703 3513 πολλὰς

2142 3560 2419 3631 βασιλείας
2438 3555 2757 3617 σϐεσθείσας
2779 3549 2868 3624 (ἦν
2891 3552 3001 3623 γὰρ
3019 3552 3162 3622 καὶὴ
3185 3550 3293 3603 τῶν
3307 3549 3600 3619 Ἀσσυρίων
3623 3563 3705 3598 τε·

2140 3652 2493 3723 λευτήσασα),
2518 3652 2565 3702 εί
2583 3647 2677 3702 καὶ
2692 3645 2839 3716 αὐτῷ
2860 3643 3128 3715 μεταϐολή
3146 3659 3227 3705 τις
3243 3642 3553 3711 γενήσεται.
3570 3641 3705 3691 ’Δκο-

2143 3743 2349 3805 λούθως
2363 3739 2650 3811 τοιγαροῦν
2679 3739 2791 3800 τοῖς
2826 3736 3187 3807 βουλεύμασιν
3207 3736 3241 3804 ἠ
3264 3732 3387 3802 ὄψις
3402 3732 3636 3801 γέγονεν.
3654 3730 3705 3781 '0

2144 3835 2200 3888 δὲ
2235 3836 2518 3905 προφήτης
2545 3831 2613 3884 τὰ
2647 3829 3049 3901 βεϐουλευμένα
3089 3825 3239 3897 αὑτῷ
3272 3826 3491 3896 πρῶτον
3526 3822 3707 3893 διηγή-

2147 3944 2295 3991 σατο,
2347 3927 2434 3977 ἵνα
2482 3924 2589 3978 ἀπὸ
2637 3922 2745 3976 τῶν
2780 3921 3216 3993 ὡμολογημένων
3268 3917 3367 3972 καὶ
3411 3916 3484 3971 τά
3526 3913 3707 3968 λανθά-

2145 4033 2305 4070 νοντα
2345 4014 2631 4079 ἀξιόπιστα
2661 4014 2949 4082 γένωνται,
2980 4012 3076 4064 καὶ
3107 4012 3141 4079 ή
3171 4008 3436 4081 ἑρμηνεία
3482 4004 3707 4076 εὐπαρά-

2144 4108 2330 4170 δεκτος
2360 4108 2467 4176 εἴη.
2499 4105 2685 4169 Οὕτως
2714 4100 2807 4158 οὖν
2834 4104 2928 4157 καὶ
2952 4104 2980 4156 ὁ
3012 4100 3267 4172 βασιλεὺς
3309 4098 3627 4164 κατεδέξατο
3650 4094 3707 4149 τὰ

2144 4203 2424 4273 λεχθέντα.
2476 4201 2551 4255 Οὐ
2594 4200 2703 4269 γὰρ
2740 4199 2899 4270 μόνον
2939 4198 3030 4266 ἀφ’
3065 4196 3178 4266 ('57)
3224 4187 3301 4248 ὧν
3336 4193 3413 4247 τὰ
3441 4191 3583 4246 κατὰ
3607 4190 3708 4244 διά-

2146 4311 2295 4355 νοιαν
2325 4294 2451 4365 ἔφη,
2498 4292 2832 4363 ἐστοχάσατο
2862 4290 2936 4353 ὡς
2967 4287 3142 4359 ἀληθῆ
3169 4286 3240 4341 τὰ
3278 4285 3548 4356 εἰρημένα
3592 4298 3700 4348 τυγ-

2147 4384 2301 4456 χάνει
2325 4401 2338 4413 ο
2366 4382 2502 4439 ἀλλά
2535 4383 2629 4437 καὶ
2658 4380 2990 4450 ἀνεπόλησεν
3044 4380 3176 4440 ἴσως
3198 4376 3261 4430 τὸ
3291 4375 3476 4444 ὀφθὲν,
3525 4374 3616 4427 καὶ
3643 4372 3709 4432 είς

2153 4476 2373 4546 μνήμην
2418 4470 2582 4546 ἦλθεν
2637 4473 2743 4527 ὐπὸ
2790 4472 2889 4542 τῆς
2928 4469 3211 4541 ἀκριϐείας
3254 4466 3363 4521 τῶν
3412 4465 3710 4537 λεχθέντων.

2149 4568 2259 4631 Καὶ
2286 4566 2459 4620 ταῦτα
2493 4564 2592 4634 μὲν
2643 4564 2737 4617 ἐπὶ
2793 4561 3064 4616 τοσοῦτον.
3114 4560 3176 4613 El
3222 4558 3279 4611 δὲ
3328 4556 3580 4625 καὶπερὶ
3619 4553 3710 4605 τῶν

2146 4657 2322 4713 ἄλλων
2371 4655 2528 4709 τοῦτο
2575 4654 2714 4725 ἔφη,
2780 4654 3009 4723 σοφοὺς,
3060 4647 3248 4722 οἶμαι,
3292 4648 3449 4702 καλεῖ
3487 4646 3610 4708 τοὺς
3636 4642 3712 4697 τὸν

2163 4747 2307 4809 θεῖον
2331 4745 2708 4817 κτησαμένους
2741 4744 2906 4814 φόϐον
2936 4746 2981 4814 (ι
3005 4743 3171 4814 Ἀρχὴ
3200 4741 3313 4814 γὰρ
3338 4757 3549 4809 σοφιας,
3572 4736 3712 4805 φόϐοι

2161 4840 2412 4911 Κυρίου)·
2435 4858 2453 4891 t
2479 4838 2684 4902 είδότας
2730 4838 2788 4891 δὲ
2830 4836 3067 4899 σύνεσιν,
3100 4834 3227 4898 τοὺς
3269 4830 3715 4900 πεπαιδευμένους

2157 4929 2250 4983 τὸν
2276 4930 2461 4999 νόμον.
2496 4929 2557 4981 Et
2603 4928 2711 5000 γὰρ
2740 4927 2839 4998 τῆς
2867 4926 2977 4980 τῶν
3015 4924 3247 4979 εἰδώλων
3279 4927 3572 4983 ἀποσταῖεν
3595 4919 3708 4979 ἁπά-

2158 5039 2279 5091 της,
2315 5022 2533 5091 ἕψονται
2572 5020 2630 5075 δὲ
2675 5022 2787 5083 τοῖς
2837 5019 3108 5090 οὐρανίοις
3153 5019 3444 5088 χρησμοῖς,
3479 5013 3715 5085 λήψονται

2157 5112 2256 5185 τὴν
2297 5113 2405 5166 τῶν
2437 5113 2691 5184 ἀρρήτων
2725 5109 2944 5183 γνῶσιν.
2980 5130 2999 5163 ι
3027 5108 3220 5175 Δίδωσι
3241 5108 3351 5179 γὰρ
3401 5107 3589 5176 σοφίαν
3622 5103 3715 5161 τοῖς

1566 5449 1800 5507 νΑΡιΙᾸέ
1836 5447 2224 5506 LECTIONES
2261 5447 2349 5503 ET
2372 5446 2605 5504 NOTAE.

559 5612 674 5679 (55)
721 5611 851 5667 Post
878 5612 1172 5681 ἐπιδημίαν
1205 5612 1349 5666 addit
1375 5612 1494 5665 cod.
1526 5608 1652 5665 Vat.
1686 5609 1813 5681 650.
1845 5608 1965 5679 τὴν,
2000 5624 2030 5665 e

2163 5605 2383 5681 κιςιέυ·

490 5697 613 5753 tuo!
646 5696 743 5753 pro
767 5680 1135 5753 ποιησάμενος
1171 5683 1301 5752 legit
1327 5681 1710 5753 πεποιημένος.
1748 5680 1960 5753 Possm,

563 5752 677 5825 (56)
719 5751 824 5808 Pro
866 5748 1036 5815 πολλὰ
1087 5753 1181 5806 καὶ
1225 5748 1489 5813 EoLVat.
1516 5748 1639 5807 ’650
1684 5750 1812 5820 legit
1863 5748 2055 5811 πολλά-

2234 5662 2347 5747 ίδῚ)
2392 5675 2526 5732 Cod-
2563 5673 2712 5748 Vah,
2742 5673 2835 5741 ἀφ’
2862 5682 2915 5748 e_l
2935 5688 3083 5731 vers.
3113 5680 3235 5748 post
3264 5681 3431 5737 sexto,
3468 5662 3714 5736 κεκτημις

2163 5742 2287 5812 vos;
2312 5742 2410 5817 pro
2451 5744 2851 5817 κτησαμένους.
2882 5742 2959 5801 lo.
