3894 6412
176 356 270 427 981
967 367 1496 431 EPISTOLARUM
1531 367 1676 429 LIB.
1716 366 1828 427 III.
1870 392 1938 402 -
1971 367 2207 428 EPIST.
2241 369 2531 430 CCCXIX.
3293 366 3400 427 982

181 474 370 541 σοφοῖς,
390 490 408 525 ι
425 474 671 530 τουτέστι
682 476 781 549 τὴν
793 477 943 535 θείαν
955 482 1115 554 χάριν
1125 478 1237 545 τοῖς
1248 481 1600 554 φοϐουμένοις
1617 478 1719 552 (58]

1865 484 1987 551 Quod
2019 483 2064 538 si
2095 483 2162 539 de
2199 482 2322 538 aliis
2362 484 2527 538 etiam
2564 484 2665 539 boc
2695 483 2865 548 dixit,
2897 497 2992 552 per
3017 481 3307 552 sapientes,
3342 490 3403 538 ut

176 564 364 633 ὀρέγει·
404 583 423 617 t
458 567 720 639 φρόνησιν
750 569 807 624 δὲ
836 575 947 636 τοῖς
976 573 1143 627 είδόσι
1172 574 1403 639 σύνεσιν,
1433 592 1452 625 ι
1481 574 1714 627 τουτέστι

1860 590 1951 631 nea
1974 576 2155 645 opinio
2177 575 2299 640 l'ert,
2335 589 2431 630 eos
2452 574 2724 646 intelligit,
2762 573 2853 645 qui
2875 574 3063 628 divino
3086 583 3231 628 metu
3257 587 3398 642 prte-

174 654 274 707 τῶν
315 657 706 727 κεκρυμμένων
733 660 831 730 τὴν
872 662 1073 730 γνῶσιν
1103 665 1214 727 τοῖς
1248 663 1485 727 συνετῶς
1510 664 1602 716 ἐπὶ
1629 663 1712 717 τὸν

1860 664 1926 719 liti
1949 673 2072 720 sunt
2099 663 2260 735 381
2283 663 2627 733 (principium
2651 662 2796 718 enim
2828 660 3103 732 sapientia;
3128 668 3214 714 est
3235 659 3398 713 timor

174 743 233 796 τὰ
269 744 491 800 τοιαῦτα
518 749 921 805 ἀποκαλύπτειν
944 752 1237 823 δυνάμενον
1282 753 1712 825 κατατρέχουσιν

1861 754 2045 810 Domini
2079 753 2173 825 ιι),
2210 770 2304 825 per
2330 769 2425 810 eos
2456 763 2641 810 autem
2665 754 2757 824 qui
2801 751 3144 823 prudentiam
3196 750 3399 815 sciunt,

182 834 245 885 Ἦ
274 834 451 901 πάλιν,
480 838 673 907 σοφίαν
716 840 816 910 μὲν
863 845 973 906 τοῖς
1020 843 1198 912 σοφῶς
1242 843 1467 905 ἑαυτοὺς
1512 842 1720 910 άγουσι·

1862 863 1926 903 os
1972 848 2061 918 qui
2114 846 2246 916 legis
2289 846 2597 915 cognitione
2644 857 2804 916 atque
2857 844 3103 900 doctrina
3152 840 3400 895 instructi

178 924 424 993 φρόνησιν
459 926 539 995 δὲ,
588 932 699 994 τοῖς
729 930 944 986 σύνεσιν
975 933 1329 1006 γεωργοῦσιν,
1364 934 1429 988 ἵν’
1459 934 1492 1004 ἡ
1534 931 1716 1005 προαί-

1866 948 1979 993 unt.
2017 938 2150 995 Nam
2184 938 2229 994 si
2261 954 2290 992 a
2320 938 2459 993 falso
2489 937 2751 994 idolorum
2777 936 2921 992 cultu
2948 950 3007 991 se
3041 941 3314 994 avertant,
3339 947 3404 986 ac

177 1031 317 1084 ρεσις
348 1017 447 1086 τὴν
488 1020 646 1091 χάριν
692 1023 1093 1097 ἐπισπάσηται,
1128 1025 1223 1079 καὶ
1276 1023 1351 1096 μὴ
1412 1026 1551 1079 κατὰ
1595 1028 1715 1080 ἀπο

1869 1029 2077 1085 ωιεειίο
2099 1028 2314 1084 oracula
2334 1038 2658 1099 sequantur,
2682 1043 2860 1083 rerum
2883 1041 3092 1089 earum,
3115 1040 3235 1094 quae
3257 1022 3402 1077 nulla

175 1105 438 1176 κλήρωσιν
487 1110 616 1183 δόξῃ
668 1113 1001 1185 χαρίζεσθαι.
1052 1116 1196 1188 Πρὸς
1246 1116 1354 1186 γὰρ
1407 1115 1505 1179 τὰς
1551 1132 1713 1185 παρα·

1862 1122 2080 1176 »τοιίοιιο
2129 1120 2385 1190 explicari
2449 1129 2720 1192 possunt,
2776 1119 3058 1175 scientiam
3113 1115 3400 1185 accipient.

177 1200 361 1262 σκευὰς
406 1201 501 1253 καὶ
550 1204 583 1273 ἡ
626 1204 784 1275 χάρις
831 1206 1144 1275 ἐφίπταται.
1178 1207 1251 1260 Ἥ
1298 1206 1493 1271 πάλιν,
1542 1203 1715 1259 ὲπειδί

1896 1210 1993 1264 Dat
2018 1209 2160 1265 enim
2191 1211 2327 1265 Deus
2368 1211 2686 1281 sapientiam
2714 1207 3045 1277 sapientibus
3066 1247 3081 1272 ,
3108 1225 3127 1258 ι
3168 1207 3268 1259 hoc
3296 1213 3398 1268 est,

175 1289 347 1345 πολλοὶ
380 1293 473 1346 καὶ
505 1294 613 1347 τῶν
644 1295 840 1360 ἔξωθεν
888 1297 1065 1368 σοφῶν
1101 1300 1193 1351 καὶ
1216 1298 1450 1351 συνετῶν
1494 1295 1713 1367 προσελ-

1860 1298 2066 1351 livinam
2120 1297 2345 1367 gratiam
2380 1298 2479 1363 iis,
2527 1313 2557 1350 a
2598 1298 2794 1365 quibus
2849 1297 3091 1359 timetur,
3137 1297 3339 1363 praebet
3384 1308 3398 1345 :

176 1377 343 1443 θόντες
389 1380 467 1450 τῷ
509 1382 638 1454 θείῳ
683 1385 995 1457 κηρύγματι
1044 1388 1141 1459 τὴν
1183 1388 1350 1452 ὅντως
1388 1387 1600 1458 σοφίαν,
1632 1387 1714 1440 καῖ

1898 1388 2231 1457 prudentiam
2287 1398 2461 1442 autem
2498 1387 2791 1442 scientibus
2828 1386 3211 1455 prudentiam,
3243 1402 3263 1434 ι
3300 1383 3399 1437 boc

174 1469 259 1537 τὴν
292 1469 370 1539 τῷ
408 1470 521 1524 δντι
553 1474 766 1529 σύνεσιν
797 1475 1096 1547 δρέψασθαι
1121 1478 1373 1550 ἤμελλον,
1404 1476 1562 1531 τοῦτο
1592 1494 1712 1548 προ-

1861 1486 1934 1542 :st,
1962 1478 2263 1532 abditarum
2287 1480 2836 1547 rerumcugnitionem
2865 1478 2969 1541 bis,
2991 1478 3080 1546 qui
3105 1475 3399 1546 prudenter

176 1565 452 1632 εφτῖτευσε-
1833 1566 1899 1620 ad
1930 1580 2074 1630 eum,
2101 1566 2193 1635 qui
2222 1582 2308 1620 res
2340 1566 2642 1635 lmjnsmodi
2678 1564 2979 1633 patefacere
3009 1574 3208 1633 potest,
3262 1578 3395 1617 con-

178 1650 408 1718 fugiunt;
464 1654 545 1707 vel
592 1670 822 1722 rursum,
873 1657 1188 1727 sapientiam
1230 1658 1442 1728 quidem
1490 1657 1554 1713 iis
1589 1655 1684 1727 qui
1735 1655 1943 1725 seipsos
1995 1655 2265 1724 sapienter
2315 1665 2540 1724 regunt;
2600 1656 2941 1724 prudentiam
3002 1670 3127 1710 vero
3180 1656 3247 1709 iis
3302 1655 3394 1724 qui

176 1742 499 1804 prudentiam
555 1751 844 1811 excolunt,
886 1758 947 1803 ut
993 1750 1162 1804 animi
1209 1749 1443 1804 inductio
1494 1750 1719 1817 gratiam
1761 1747 2032 1809 attrahat,
2065 1760 2128 1799 ac
2155 1760 2259 1799 non
2290 1745 2430 1801 Deus
2483 1747 2626 1800 velut
2653 1746 2938 1801 sortitione
2976 1747 3207 1816 quadam
3265 1760 3397 1812 gra-

178 1833 354 1887 tiﬁcari
398 1836 658 1890 videatur.
691 1836 824 1892 Nam
860 1850 1019 1908 prout
1043 1856 1102 1895 se
1129 1841 1357 1910 quisque
1382 1840 1718 1911 praepararit,
1754 1840 1925 1910 gratia
1954 1852 2164 1908 quoque
2196 1838 2426 1893 advolat.
2458 1838 2566 1892 Aut
2628 1854 2878 1904 rursum,
2921 1837 3172 1908 quoniam
3244 1833 3397 1889 multi

174 1927 319 1979 etiam
357 1943 420 1981 ex
452 1930 519 1982 iis
550 1931 640 1999 qui
679 1932 817 2001 apud
851 1942 1066 1988 exteros
1109 1934 1385 2004 sapientiae
1417 1934 1819 2003 prudentiaeque
1880 1931 2038 1985 laude
2113 1929 2409 1984 ﬂoruerunt
2435 1972 2450 1996 ,
2507 1931 2572 1983 ad
2624 1931 2859 1984 divinam
2947 1930 3395 1999 prmdicatiouem

172 2016 705 2082 accedentes,veram
736 2022 1054 2088 sapientiam
1087 2037 1149 2075 ac
1175 2037 1352 2076 veram
1378 2020 1716 2092 prudentiam
1754 2019 2061 2090 percepturi
2086 2030 2263 2084 erant,
2302 2018 2511 2073 idcirco
2544 2019 2646 2073 hoc
2678 2018 2945 2087 praedixit.

682 2111 824 2165 TIZ'.
861 2140 935 2151 —
970 2112 1189 2168 ΘΕΩΝΙ.
1754 2115 1801 2173 Β

1754 2115 1801 2173 Β
2256 2109 2550 2165 (ZCCXVII.
2585 2140 2657 2152 --
2690 2108 2964 2164 ΤΗΕΟΝΙ.

235 2218 344 2290 Οὐχ
372 2220 405 2289 ἡ
430 2219 662 2293 δύναμις
692 2222 851 2293 μόνον
871 2263 886 2288 ,
916 2217 961 2278 ὦ
993 2224 1283 2296 θαυμάσιε,
1314 2224 1409 2279 τοῦ
1439 2224 1726 2297 κηρύγμα-

1909 2223 2022 2280 Non
2108 2224 2507 2294 praedicationis
2563 2225 2822 2280 duntaxat
2904 2225 3131 2290 virtus,
3198 2224 3395 2280 eximie

171 2328 284 2377 τις,
324 2311 463 2365 ἀλλά
502 2314 599 2367 καὶ
640 2313 670 2366 ό
719 2313 833 2384 βίος
857 2315 966 2369 τῶν
994 2318 1368 2395 κηρυττόντων
1414 2318 1709 2388 συμϐαίνωι

1869 2316 1946 2382 ir,
2020 2316 2114 2373 sed
2168 2317 2329 2372 etiam
2385 2316 2791 2386 praedicantium
2860 2318 2968 2371 vita
3027 2317 3407 2385 prmdlcationl.

171 2402 239 2469 τῷ
262 2402 608 2473 κηρύγματι,
643 2404 768 2468 τοὺς
794 2404 1110 2475 ἀνθρώπους
1142 2407 1469 2477 ἐπηγάγετο.
1500 2406 1598 2470 Τίς
1618 2406 1709 2479 γὰρ

1868 2408 2180 2464 onsentiens
2247 2407 2526 2463 hominum
2589 2408 2799 2463 animos
2878 2408 3167 2463 alliciebat.
3239 2409 3406 2475 Quis~

171 2490 229 2543 ἂν
255 2491 482 2561 ἐπείσθη
521 2493 849 2565 ἀνθρώποις,
885 2494 1018 2550 ἄλλα
1064 2496 1161 2566 μὲν
1201 2496 1498 2567 φράζουσιν
1520 2536 1535 2561 ,
1563 2496 1709 2567 ἕτερα

1874 2513 1950 2553 am
1995 2497 2140 2553 enim
2199 2497 2397 2567 alioqui
2448 2496 2752 2553 hominibus
2810 2498 2954 2552 aliud
3016 2497 3412 2567 quuentibus,.

172 2581 222 2633 δὲ
245 2582 605 2652 πράττουσιν;
641 2584 702 2636 El
731 2584 837 2656 γὰρ
874 2584 968 2638 νῦν
1008 2586 1192 2639 πολλοὶ
1218 2586 1535 2657 ριζωθέντες
1562 2589 1620 2639 ὲν
1658 2589 1710 2657 τῇ

1877 2627 1882 2639 .
1972 2588 2118 2644 aliud
2191 2588 2470 2659 agentibus
2557 2587 2716 2641 [idem
2804 2585 3183 2642 adhibuisset!
3262 2586 3415 2642 Nam.

173 2671 363 2736 πίστει,
390 2674 456 2725 ὲκ
481 2674 573 2727 τοῦ
600 2673 716 2745 βίου
743 2674 851 2728 τῶν
878 2675 1193 2747 ὑφηγητῶν,
1220 2678 1282 2729 οὐ
1310 2676 1469 2747 μόνον
1498 2676 1711 2730 ὲσαλεύ·

1859 2694 1956 2732 :mn
1988 2693 2131 2733 nunc
2161 2677 2438 2748 permulti,
2470 2677 2606 2733 actis
2633 2677 2746 2747 jam
2779 2676 2833 2730 in
2872 2676 2978 2731 ﬁde
3009 2678 3298 2741 radicibus,
3329 2678 3397 2732 ob

176 2760 332 2831 θησαν
357 2802 374 2827 ,
415 2763 552 2816 ἀλλὰ
594 2764 687 2817 καὶ
714 2764 1083 2837 αὐτόπρεμνοι
1134 2766 1592 2836 ἀνεσπάσθησανο
1642 2764 1714 2829 τίς

1885 2768 2206 2837 agistrorum
2251 2776 2431 2821 tamen
2481 2766 2649 2820 vitam
2698 2780 2802 2819 non
2852 2766 3009 2820 modo
3045 2765 3397 2831 vacillarint,

174 2850 231 2906 ἃν
260 2854 412 2925 παρὰ
444 2855 546 2924 τὴν
574 2856 749 2927 ἀρχὴν
785 2858 859 2927 μὴ
880 2857 1024 2929 ὁρῶν
1052 2858 1328 2913 πολιτείαν
1357 2861 1471 2922 τοῖς
1497 2858 1712 2928 λεγομέ-

1857 2874 2016 2913 erum
2037 2860 2199 2913 etiam
2227 2858 2485 2913 radicitus
2514 2857 2685 2913 evuIsi
2728 2860 2860 2926 sint,
2889 2858 3157 2929 quisnam,
3192 2872 3395 2927 quaeso,

172 2960 272 3008 νοις
300 2946 706 3017 συμϐαίνουσαν
733 2949 990 3021 ἐπείσθης
1023 2949 1118 3004 καὶ
1156 2949 1346 3014 ταῦτα,
1371 2949 1710 3020 κελευόμενος

1882 2953 1932 3004 ιι)
1983 2950 2194 3004 initium
2229 2950 2396 3004 vitam
2445 2965 2569 3005 cum
2622 2951 2964 3006 sermonibus
3009 2958 3420 3019 congruentem.

171 3036 265 3089 τῶν
284 3036 555 3108 πατρῴων
586 3037 723 3092 θεῶν
737 3056 796 3092 τε
820 3040 916 3093 καὶ
942 3040 1080 3094 ἐθῶν
1111 3040 1435 3111 ἀποστῆναι,
1460 3041 1552 3094 καὶ
1571 3039 1709 3094 πλοῦ·

1858 3040 2049 3094 ninime
2093 3040 2422 3109 perspiciens
2466 3042 2532 3094 ad
2576 3040 2901 3095 credendum
2960 3040 3224 3096 adductus
3261 3041 3396 3096 luis-

169 3142 249 3180 τον
273 3129 371 3198 μὲν
401 3131 497 3183 καὶ
516 3133 725 3203 τρυφὴν
753 3133 848 3185 καὶ
879 3132 1070 3205 ἡδονὴν
1095 3134 1346 3204 μισῆσαι,
1369 3133 1707 3188 ἀσπάσασθαι

1859 3130 1950 3184 et?
1981 3127 2146 3200 quue
2176 3144 2298 3185 cum
2344 3130 2584 3200 paternis
2612 3130 2716 3185 diis
2751 3143 2815 3183 ac
2855 3130 3048 3185 ritibus
3105 3132 3397 3188 abscedere

169 3216 219 3272 Et
236 3220 619 3292 ἀκτημοσύνην
642 3225 1042 3294 καὶνηστείαν,
1070 3226 1163 3278 καὶ
1195 3224 1441 3293 ἁγνείαν,
1471 3226 1567 3280 καὶ
1589 3224 1707 3297 πρὸς

1852 3220 2123 3287 uberetur,
2156 3230 2318 3291 atque
2345 3238 2475 3291 Opes
2516 3224 2733 3293 quidem
2764 3231 2819 3277 et
2861 3224 3121 3288 divitias,
3152 3232 3211 3279 et
3234 3224 3383 3279 volu-

170 3309 565 3386 καθημερινοὺς
597 3318 1118 3389 παρασκευάσασθαι
1153 3318 1435 3383 θανάτους.

1852 3323 2006 3366 nates
2034 3311 2160 3366 odio
2198 3313 2471 3382 prosequi,
2525 3323 2893 3384 paupertatem
2935 3324 3114 3368 autem
3160 3323 3212 3368 et
3274 3314 3390 3369 ine-

1754 3442 1798 3501 c
1830 3402 1971 3458 diam
2010 3412 2067 3458 et
2111 3404 2416 3459 castitatem
2457 3405 2731 3475 amplecti,
2765 3413 2927 3474 atque
2965 3405 3031 3458 ad
3053 3403 3397 3475 quotidianas

1834 3504 2038 3550 IIIOI‘ICS
2068 3509 2193 3550 sese
2215 3509 2550 3562 comparare.

472 3581 627 3637 TIH'.
666 3612 737 3622 —
772 3583 1032 3655 ΙΣΙΔΩΡῼ
1067 3584 1390 3656 ΔῘΑΚΟΝῼ.

2068 3583 2387 3641 CCCXVIII.
2418 3614 2492 3625 —
2517 3583 2794 3641 ISIDORO
2833 3583 3155 3640 DIACONO.

231 3670 393 3726 Οὐδὲν
419 3671 786 3745 δυνατώτερον
819 3675 1051 3745 ἀρετῆς,
1082 3669 1128 3729 ὦ
1169 3674 1455 3746 ὁμώνυμε,
1489 3676 1608 3731 οὐδὲ
1636 3694 1729 3733 su.-

1897 3674 2042 3731 Nibil
2068 3678 2266 3732 virtute
2283 3678 2477 3733 fortius
2506 3679 2713 3742 est,vir
2736 3677 2867 3733 mihi
2897 3676 3258 3745 cognominis,
3284 3691 3389 3733 nec

172 3760 570 3831 ραννικώτερον.
609 3762 754 3834 Αὕτη
801 3762 909 3831 γὰρ
953 3764 1248 3835 ἐλέγχουσα
1276 3764 1376 3828 τὰς
1407 3764 1514 3817 τῶν
1548 3781 1710 3839 πραγ·

1883 3766 2136 3822 olentius.
2170 3766 2293 3835 Ipsa
2348 3768 2493 3822 enim
2544 3783 2724 3822 rerum
2775 3767 3102 3822 mutationes
3147 3768 3421 3834 vincens,.

173 3851 345 3920 μάτων
378 3852 702 3922 μεταϐολάς,
732 3854 824 3905 ὑπ’
854 3852 1031 3907 αὐτῶν
1058 3854 1375 3924 ἐλέγχεσθαι
1407 3856 1507 3909 οὐκ
1536 3856 1711 3925 ἀνέχε-

1853 3857 1894 3912 ib
1924 3857 2054 3927 ipsis
2084 3857 2226 3913 vinci
2278 3858 2501 3913 minime
2551 3859 2824 3914 sustinet:
2858 3872 3046 3912 verum
3075 3872 3264 3912 omnes
3293 3857 3391 3913 ho-

168 3957 248 3993 ται
270 3956 284 3971 ⁸
321 3942 461 4004 άλλᾶ
502 3944 683 4006 πάσας
710 3944 806 4008 τὰς
834 3945 989 4015 ἡνίας
1021 3942 1115 3997 τοῦ
1161 3946 1462 4016 πρέποντος
1501 3945 1706 4000 ἐπιϐάλ

1884 3951 1964 4005 :sti
1990 3966 2052 4004 ac
2078 3950 2259 4005 decori
2293 3950 2531 4004 habenas
2563 3950 2883 4016 immittens,
2917 3950 3119 4019 aurigae
3163 3963 3422 4004 munere-

168 4031 355 4101 λουσα,
390 4036 596 4105 ἡνιοχεῖ
624 4034 717 4089 καὶ
740 4034 860 4103 ἄγει
893 4035 1030 4106 πρὸς
1056 4036 1190 4107 ὅπερ
1219 4035 1486 4105 βούλεται.

1146 4052 1190 4107 ;ρ
1219 4035 1486 4105 βούλεται.
1832 4038 2089 4110 fungitur,
2116 4039 2369 4107 ducitque
2393 4053 2501 4107 quo
2535 4037 2684 4093 libet.

414 4144 563 4201 Tne.
595 4176 667 4187 —
704 4147 1059 4218 ΑΣΚΛΗΠΙῼ
1096 4148 1464 4219 ΕΠῘΣΚΟΠῼ.

2052 4148 2330 4204 CCCXIX.
2357 4177 2430 4192 —
2454 4145 2789 4202 ASCLEPIO
2821 4144 3179 4202 EPISCOPO.

229 4234 290 4290 Εί
315 4236 411 4289 καὶ
444 4237 537 4289 ἐπὶ
567 4237 666 4305 τῆς
697 4236 987 4302 Εὑσεϐίου,
1017 4236 1091 4300 ώς
1121 4238 1421 4308 γέγραφας,
1461 4236 1724 4312 ἀναρχίας

1895 4240 1961 4295 Ει
2012 4241 2056 4295 si
2112 4241 2325 4312 vigente
2373 4239 2610 4303 Eusebii,
2666 4247 2726 4292 ut
2788 4238 3074 4308 scripsisti,
3131 4238 3420 4293 anarchia.

170 4326 289 4395 (τὴν
318 4327 429 4397 γάρ
468 4328 641 4400 ἀρχὴν
669 4325 831 4381 αὐτοῦ
864 4328 1127 4401 ἀναρχίαν
1155 4329 1379 4391 εἰκότως
1412 4328 1708 4400 κέκληκας]

1851 4332 2014 4399 ipsius
2039 4331 2182 4385 enim
2223 4330 2503 4401 imperium
2548 4328 2858 4383 anarcbiam
2898 4328 3040 4383 haud
3076 4328 3174 4384 abs
3200 4343 3256 4383 re
3289 4344 3386 4399 ap-

168 4417 265 4470 τῶν
288 4417 646 4489 ἐγκλημάτων
671 4418 907 4490 τιμωρία
928 4421 1270 4489 προηγεῖται,
1288 4416 1384 4471 καὶ
1402 4419 1458 4470 αἱ
1480 4418 1706 4479 κολάσεις

1856 4422 2060 4491 euasti)
2107 4422 2335 4477 crimina
2370 4420 2690 4492 supplicium
2737 4420 3029 4484 antecedit,
3066 4428 3231 4489 atque
3267 4434 3394 4475 cru-

167 4511 285 4572 τοὺς
316 4511 569 4582 ἐλέγχους
602 4511 883 4581 φθάνουσι,
920 4512 995 4582 μὴ
1027 4510 1291 4582 θαύμαζε.
1333 4512 1578 4580 Ἀλογίας
1617 4513 1705 4585 γὰρ

1852 4516 2005 4568 :iatus
2080 4513 2431 4585 probationes
2488 4523 2877 4572 antevertunt:
2935 4530 3003 4570 ne
3050 4522 3225 4567 tamen
3288 4513 3390 4567 boc

169 4597 237 4651 ὢν
259 4599 501 4672 θρέμμα,
528 4603 622 4656 καὶ
645 4602 825 4673 πάσης
851 4602 1196 4673 δικαιοσύνης
1223 4602 1485 4673 ἀμύητος,
1518 4604 1707 4674 ταράτ-

1851 4606 1919 4660 ibi
1954 4606 2256 4660 mirandum
2309 4606 2542 4662 accidat.
2575 4604 2709 4661 Nam
2750 4622 2872 4661 cum
2914 4606 3030 4675 ipse
3061 4603 3387 4660 temeritatis

168 4705 273 4745 τειν
312 4693 374 4747 τὸ
407 4694 615 4747 δίκαιον
645 4696 745 4748 οὑκ
781 4697 950 4750 ὀκνεῖ.
980 4696 1101 4766 Χρὴ
1144 4695 1256 4767 ('59)
1286 4694 1344 4748 δὲ
1383 4696 1483 4764 οὐχ
1508 4694 1706 4759 οὕτως⁴

1849 4706 1879 4749 :t
1917 4699 2165 4753 amentia:
2191 4697 2441 4753 alumnus
2471 4699 2562 4762 sit,
2595 4713 2657 4752 ac
2686 4698 2909 4767 iustitiae
2936 4699 3112 4752 omnis
3143 4696 3291 4752 rudis
3331 4707 3387 4750 et

169 4781 295 4835 ἀλλὰ
324 4786 433 4849 τοῖς
465 4785 772 4856 ἐγκλήμασι
809 4786 907 4857 τὴν
940 4785 1119 4854 κρίσιν
1149 4784 1594 4855 συμπεφυκέναι,
1628 4785 1707 4838 κα¹

1841 4790 2137 4859 imperitus,
2164 4789 2362 4844 idcirco
2391 4787 2480 4857 jus
2526 4788 2842 4857 perturbare
2890 4788 3110 4842 minime
3143 4799 3379 4843 veretur.

172 4875 301 4942 μετά
324 4879 448 4941 τοὺς
491 4878 749 4949 ἐλέγχους
774 4876 873 4949 τὴν
904 4878 1088 4931 πίστιν
1122 4877 1380 4931 ἕπεσθαιο
1414 4878 1508 4930 καὶ
1538 4877 1710 4930 τελευε

1864 4889 1898 4932 ιι
1932 4892 2036 4931 non
2079 4878 2152 4932 ita
2197 4876 2497 4933 faciendum
2567 4885 2652 4931 est
2700 4894 2714 4930 :
2766 4891 2952 4931 verum
2994 4876 3292 4931 curandum
3334 4883 3402 4930 ut

169 4966 316 5019 s-zt'av
345 4968 445 5039 τὴν
479 4969 659 5039 ψῆφον
694 4968 979 5039 φέρεσθαι,
1007 4968 1104 5041 τὴν
1132 4968 1226 5024 τοῦ
1254 4968 1591 5041 πταίσματος
1620 4968 1707 5040 φύ-

1851 4970 2082 5025 udicium
2115 4969 2433 5026 criminibus
2479 4969 2834 5037 adnascatur,
2863 4984 2925 5025 ac
2954 4977 3078 5039 post
3112 4968 3385 5038 probatio-

171 5071 276 5122 σιν,
309 5058 503 5130 μέτρον
528 5060 627 5131 τῆς
657 5060 810 5131 δίκης
840 5060 1144 5133 όρίζουσαν.

1840 5076 1923 5115 nes
1965 5061 2094 5116 lldes
2137 5070 2392 5130 sequatur
2440 5078 2455 5116 :
2492 5075 2555 5116 ac
2596 5069 2867 5131 postremo
2914 5060 3176 5116 sententia
3233 5057 3378 5115 fera-7

175 5156 271 5213 tur,
318 5165 436 5219 qua:
487 5166 586 5221 pro
618 5152 788 5220 culpae
827 5163 1021 5209 natura
1070 5168 1241 5225 paena
1291 5154 1503 5211 modum
1541 5154 1849 5209 constituat.

260 5301 299 5331 “
340 5301 496 5358 Prov.
529 5319 568 5367 ι,
597 5305 651 5358 7.

1236 5421 1474 5477 VARUS
1509 5422 1891 5479 LECTIONES
1930 5421 2019 5479 ET
2056 5421 2285 5477 ΝΟΤίΕ.

237 5567 528 5652 (ὃὸἱῐιίεηι
554 5571 674 5652 cod.
707 5580 826 5641 past
866 5572 1216 5652 φοϐουμένοις
1249 5576 1618 5652 οάιίἰιηαύτὸν,
1657 5586 1712 5633 et

1888 5576 1998 5652 (59)
2042 5575 2143 5631 Pro
2172 5576 2276 5652 χρὴ
2322 5577 2623 5652 idemcod.
2660 5577 2791 5652 _Iegi_t
2822 5579 2982 5651 χρῆν,
3010 5586 3067 5635 et
3094 5592 3238 5635 vers.
3283 5592 3379 5650 pe-

175 5649 307 5690 vers.
352 5641 473 5694 inde
518 5642 677 5696 tertio
716 5658 812 5710 pro
846 5641 1268 5716 κατατρέχουσιν
1305 5646 1494 5702 scribit
1541 5663 1708 5700 κοιτα-

182 5707 481 5764 φεύνουσιν.
513 5708 725 5767 Possm.

1305 5646 1494 5702 scribit
1541 5663 1708 5700 κατα-
1763 5700 1767 5706 ,
1817 5648 1951 5701 nult.
1984 5641 2116 5701 ante
2137 5641 2236 5719 τῆν
2257 5641 2359 5700 τοῦι
2385 5647 2535 5719 addit
2567 5641 2838 5718 πρόςῖιυζ
