3894 6412
462 256 565 323 983

840 360 1004 432 382
1037 358 1282 415 CCCXX.
1324 387 1382 397 —-
1413 356 1640 411 EIDEM.

466 450 737 519 Quomodo
759 451 825 502 sit
861 448 1291 519 intelligendum,
1313 465 1330 497 ι
1357 445 1494 519 ένοιί
1536 461 1646 498 esse
1681 445 1906 498 multum
1932 446 2029 513 ju-

1135 525 1247 571 stus
1280 516 1416 568 “-”.
1451 534 1471 566 ι

536 629 978 700 Quandoquidem
1003 642 1112 697 quo
1141 644 1302 683 sensu
1335 617 1462 680 illud
1493 627 1693 681 dictum
1726 627 1818 691 sit,
1849 644 1868 677 ι
1910 625 2032 680 Noli

464 738 587 780 esse
627 723 804 792 justus
837 719 1085 787 multum,
1118 736 1138 771 ι
1175 734 1205 773 a
1236 732 1320 772 me
1349 719 1443 773 tibi
1475 720 1671 785 exponi
1719 718 1896 788 cupis,
1926 720 2024 773 du-

466 813 655 883 plicem
690 813 879 866 borum
915 812 1203 865 verborum
1237 810 1736 879 interpretationem
1783 823 1908 863 esse
1940 825 2033 861 ar-

466 904 678 959 bitror:
727 916 919 968 nempe
969 910 1031 955 ut
1075 903 1157 955 vel
1212 902 1312 955 hoc
1367 900 1725 971 signiﬁcent:
1780 898 1900 953 Noli
1947 898 2031 968 jus

469 1003 615 1047 tuum
657 1006 845 1047 severe
878 1007 941 1047 ac
971 991 1143 1060 rigide
1172 992 1447 1060 persequi,
1484 1004 1669 1044 verum
1703 1005 1798 1059 per
1823 990 2035 1044 bonita-

469 1095 573 1138 tem
602 1084 655 1138 id
682 1097 968 1153 exsupera.
998 1082 1213 1138 Justum
1237 1084 1379 1137 enim
1408 1093 1492 1137 est
1513 1084 1580 1137 ab
1605 1082 1710 1136 alio
1735 1098 1842 1136 non
1874 1082 1991 1136 l-.edi
2016 1097 2031 1135 :

466 1176 901 1245 philosoplticum
958 1186 1161 1240 autem,
1230 1184 1506 1243 acceptam
1574 1175 1821 1243 iniuriam
1882 1189 2038 1244 aequo

468 1252 651 1324 animo
679 1268 845 1324 ferre.
876 1250 973 1325 Vel
1008 1269 1111 1324 ltoc
1145 1287 1161 1322 ι
1192 1288 1209 1320 ι
1236 1267 1817 1323 Mediumvirtutisiter
1842 1276 1983 1321 lene.
2012 1285 2031 1317 ι

471 1360 744 1428 Siquidem
789 1360 958 1428 ipsius
1006 1374 1264 1414 excessus
1314 1370 1369 1414 et
1403 1359 1647 1413 defectus
1690 1372 1719 1411 a
1762 1367 1911 1411 recta
1951 1356 2035 1409 via

468 1450 822 1517 abducentes,
858 1450 912 1504 in
946 1459 1166 1519 peccata
1215 1449 1486 1505 desinunt.
1522 1448 1675 1515 Quod
1710 1456 1892 1502 autem
1932 1447 2038 1501 ltuc

468 1550 670 1611 spectet
727 1542 1191 1612 sapientissimum
1242 1544 1345 1597 hoc
1400 1552 1771 1611 praeceptum,
1824 1555 1893 1595 ex
1946 1555 2035 1605 eo,

470 1634 612 1701 quod
641 1634 892 1703 deinceps
919 1636 1184 1704 sequitur,
1231 1635 1522 1689 constabit.
1571 1632 1687 1688 Nec
1715 1646 2037 1702 supervaca-

470 1741 571 1778 nee
603 1702 950 1794 sapienssis,
986 1702 1045 1780 ut
1083 1741 1147 1781 ne
1189 1727 1564 1795 obstupescas.
1597 1723 1752 1791 Quod
1794 1723 2034 1792 quidem,
2068 1702 2111 1757 Β

472 1825 531 1869 ttt
560 1816 773 1884 opinor,
807 1818 1024 1886 quidam
1060 1833 1125 1871 ex
1166 1816 1534 1871 celeberrimis
1570 1816 1676 1869 illis
1708 1824 1911 1883 septem
1948 1827 2041 1867 sa-

471 1906 744 1975 pientibus
790 1906 1044 1971 furatus,
1101 1917 1195 1960 aut
1250 1917 1397 1962 certe
1446 1906 1713 1960 sententia
1764 1905 2039 1973 collapsus

473 1995 699 2066 (furtum
730 1996 874 2051 enim
902 2007 986 2053 est
1014 1998 1313 2052 alienorum
1347 1996 1687 2069 [verborum]
1719 1996 2035 2064 subreptio:

469 2086 730 2156 collapsio
787 2098 965 2142 autem
1027 2087 1249 2143 fortuita
1310 2105 1489 2144 rerum
1547 2088 1872 2157 similitudo)
1912 2088 2041 2143 illud

470 2174 879 2245 pronuntiavit:
918 2193 937 2227 ‹
975 2175 1163 2231 Modus
1194 2178 1450 2246 optimus.
1487 2195 1507 2229 ι
1543 2179 1693 2232 ΑΙίυε
1723 2187 1903 2231 autem
1940 2179 2042 2233 hoc

475 2265 762 2321 traducens
789 2279 806 2319 :
837 2283 858 2318 ι
895 2264 973 2321 Ne
1006 2267 1134 2336 quid
1181 2267 1367 2331 nimis,
1396 2286 1415 2319 τ
1455 2268 1611 2322 dixit.
1648 2266 1818 2324 Porro
1848 2284 1953 2323 non
1984 2268 2039 2323 in

472 2357 762 2410 virtutibus
794 2358 1077 2423 duntaxat,
1102 2359 1192 2412 sed
1222 2359 1386 2412 etiam
1414 2359 1466 2412 in
1497 2358 1697 2427 pietate
1729 2359 1833 2414 hoc
1853 2359 2036 2415 valere

473 2445 789 2515 perspicias.
817 2446 1000 2502 Pietas
1034 2450 1178 2502 enim
1206 2449 1346 2502 inter
1381 2449 1719 2520 impietatem
1760 2460 1813 2506 et
1845 2465 2040 2522 super-

471 2536 745 2591 stitionem
783 2538 1059 2605 interiecta
1090 2550 1373 2609 utramque
1404 2541 1638 2597 abdicat.

930 2647 1210 2743 CQCXXI.
1238 2681 1309 2691 -—
1342 2649 1571 2706 EIDEM.

544 2771 834 2838 Quoniam,
852 2784 959 2839 qua
984 2769 1193 2824 ratione
1221 2768 1450 2823 virtutes
1483 2768 1890 2824 mediocritates
1911 2768 2044 2835 sint,

472 2880 539 2919 ex
570 2880 654 2919 me
685 2862 948 2933 qumsiisti
971 2900 989 2926 ,
1025 2860 1157 2916 illud
1188 2861 1346 2925 scito,
1380 2860 1521 2930 quod
1569 2862 1856 2930 prudentia
1905 2862 2047 2916 inter

474 2953 882 3021 simplicitatem
939 2960 993 3005 et
1052 2950 1316 3005 malitiam
1367 2951 1685 3005 consistat:
1749 2952 2045 3006 liberalitas

1656 250 1715 308 S.
1767 246 2058 307 ISIDORI
2092 244 2528 305 I’ELUSIOTA‘I
3578 227 3667 295 984

2606 347 2736 403 TK’.
2778 376 2847 388 -
2885 346 2972 418 To
3017 344 3219 415 arm.
3286 382 3287 385 γ

2134 440 2265 505 Πῶς
2288 441 2539 507 νοητέον
2563 440 2629 493 τὸ
2653 438 2733 503 τῷ
2760 430 3251 505 ἐκκλησιαστικῷ
3272 426 3667 499 γεγραμμένον,

2474 529 2494 563 r
2535 509 2631 577 Μὴ
2663 510 2834 577 γίνου
2866 507 3094 571 δίκαιος
3129 502 3307 556 πολύ.
3348 518 3369 553 ι

2474 529 2494 563 ι
2535 528 2631 577 Mn
2663 528 2834 580 γίνου
2866 528 3094 571 οικαιος
3129 528 3307 556 πονου.

2215 621 2433 693 Ἐπειδὴ
2483 622 2631 684 ὅπως
2682 618 2896 690 εἴρηται
2935 616 3030 683 τὸ,
3084 634 3102 667 ι
3158 613 3252 684 Μὴ
3302 610 3451 680 γίνου
3492 609 3672 673 δίκαιος

2137 714 2301 780 πολὺ,
2346 733 2365 767 ι
2416 712 2687 783 ἠθέλησας
2722 708 2953 782 μαθεῖν,
3001 704 3153 778 οἶμαι
3182 704 3364 774 διττὴν
3409 702 3697 772 ὲρμηνείανι

2136 807 2313 877 ἔχειν’
2355 805 2411 876 ἢ,
2447 803 2540 874 Μὴ
2589 803 2739 872 γίνου
2772 799 3199 873 ἀκριϐοδίκαιος,
3252 794 3365 850 ἀλλ’
3410 791 3672 862 ύπέρϐαινε

2135 898 2291 952 τοῦτο
2323 900 2388 968 τῇ
2427 895 2741 965 ἁγαθότητι.
2780 893 2999 945 Δίκαιον
3031 890 3128 961 μὲν
3169 886 3276 957 γὰρ
3310 884 3370 937 τὸ
3405 885 3477 954 μὴ
3507 884 3677 938 ἀδικεῖ-

2138 989 2296 1042 σθαι·
2329 986 2613 1056 φιλόσοφον
2639 984 2695 1038 δὲ
2722 983 2781 1036 τὸ
2808 980 3159 1052 ἀδικούμενον
3196 978 3413 1047 φέρειν·
3438 975 3491 1044 ἢ,
3527 993 3544 1024 t
3579 974 3673 1045 Τὴν

2141 1081 2312 1152 μέσην
2341 1078 2457 1131 ὁδὸν
2491 1077 2591 1148 τῆς
2620 1075 2729 1147 (40)
2762 1074 2962 1146 ἀρετῆς
2994 1071 3198 1143 βάδιζε.
3248 1088 3266 1120 ι
3299 1068 3366 1121 Αἱ
3403 1065 3507 1136 γὰρ
3533 1065 3677 1134 ὑπερ-

2139 1168 2290 1222 ϐολαὶ
2337 1167 2514 1221 αὐτῶν
2571 1166 2664 1221 καὶ
2706 1164 2971 1232 ἐλλείψεις
3033 1162 3131 1233 τῆς
3182 1158 3348 1229 ὀρθῆς
3396 1156 3678 1221 ἀπάγουσαι

2137 1260 2289 1323 ὁδοῦ,
2322 1261 2401 1323 είς
2431 1258 2805 1329 ἁμαρτήματα
2833 1252 3176 1308 τελευτῶσιν.
3208 1251 3330 1302 Ὅτι
3366 1247 3422 1300 δὲ
3447 1248 3519 1308 εἰς
3545 1245 3681 1298 τοῦτο

2136 1351 2239 1421 ὁρᾷ
2261 1351 2292 1419 ἡ
2323 1352 2603 1419 σοφωτάτη
2629 1347 2969 1418 παραίνεσις,
2993 1344 3054 1396 τὸ
3083 1344 3207 1412 ἑξῆς
3229 1340 3562 1409 ὲγγυήσεται.
3589 1336 3680 1387 Καὶ

2143 1442 2217 1512 μὴ
2270 1441 2521 1511 σοφίζου,
2561 1440 2727 1511 φησὶ,
2762 1436 3022 1507 περιττὰ,
3072 1435 3162 1487 ἵνα
3214 1433 3288 1503 μὴ
3332 1426 3678 1497 καταπλαγῇς.

2142 1534 2316 1605 Ὅπερ
2354 1534 2388 1605 ἢ
2425 1532 2703 1601 κεκλοφὼς
2743 1549 2859 1596 τις,
2899 1530 2975 1593 ὡς
3014 1523 3200 1598 οἶμαι,
3226 1523 3334 1577 τῶν
3385 1520 3517 1573 ἑπτὰ
3542 1518 3684 1589 θρυλ-

2140 1626 2413 1698 λουμένων
2450 1628 2630 1696 σοφῶν
2660 1627 2793 1699 (41),
2826 1626 2859 1697 ἢ
2906 1621 3196 1696 συμπεσὼν
3229 1620 3341 1689 (42)
3401 1621 3464 1688 τῇ
3513 1615 3682 1686 γνώμῃ

2141 1718 2336 1790 (κλοπὴ
2362 1720 2473 1788 (45)
2514 1720 2611 1789 μὲν
2643 1720 2749 1790 γάρ
2778 1721 2924 1772 ἐστιν
2957 1720 2990 1784 ἠ
3020 1717 3127 1770 τῶν
3163 1711 3453 1781 ἀλλοτρίων
3487 1708 3685 1778 ὑφαίρε-

2143 1828 2225 1875 σις
2245 1829 2259 1843 ’
2293 1813 2670 1884 συνὲμπτωσις
2710 1812 2797 1876 δὲ,
2833 1811 3209 1882 ἀπερίπτωτος
3241 1803 3504 1876 ὲμφέρεια
3531 1816 3684 1871 πραγ-

2144 1903 2371 1975 μάτων),
2406 1906 2739 1977 ἁπεφήνατο,
2772 1923 2790 1957 t
2827 1904 3041 1973 Μὲτρον
3063 1902 3277 1972 ἄριστον
3300 1896 3431 1968 (ιι).
3467 1914 3485 1945 ι
3519 1892 3685 1953 ’Ἄλλος

2139 1996 2195 2050 δέ
2221 2014 2305 2061 τις
2329 1998 2484 2051 τοῦτο
2516 1999 2910 2070 παραφράσας,
2945 2015 2964 2048 ι
2992 1995 3171 2065 Μηδὲν
3200 1991 3339 2059 ἄγαν
3372 1989 3503 2059 (45),
3531 2004 3550 2038 t
3575 1986 3681 2054 ἔφη.

2142 2090 2255 2144 Οὐκ
2284 2090 2506 2143 ἐπὶτῶν
2536 2091 2744 2161 ἀρετῶν
2772 2090 2828 2143 δὲ
2863 2089 3023 2160 μόνον
3048 2128 3061 2152 ,
3090 2084 3224 2139 ἀλλὰ
3252 2084 3347 2135 καὶ
3376 2082 3466 2133 ἐπὶ
3497 2080 3585 2149 τῆς
3608 2080 3685 2130 εὖ·

2143 2181 2356 2245 σεϐείας
2382 2182 2539 2235 τοῦτο
2571 2182 2803 2254 κρατοῦν
2830 2183 2975 2235 ἔστιν
3023 2181 3168 2233 ίδείν.
3204 2178 3270 2230 Ἠ
3300 2174 3409 2245 γὰρ
3444 2170 3684 2233 εὗσέθειαι

2142 2274 2397 2339 ἀσεϐείας
2425 2276 2517 2328 καὶ
2561 2274 2982 2345 δεισιδαιμονίας
3023 2272 3160 2343 μέση
3193 2269 3546 2338 τυγχάνουσα,
3584 2264 3688 2316 ἑκα-

2142 2368 2305 2439 τέραν
2343 2366 2730 2439 ἀποκηρύττει.

2597 2667 2772 2721 TKA'.
2817 2695 2889 2707 -
2926 2665 3015 2737 To
3058 2664 3259 2735 ΑΥΊᾨ.

2234 2784 2451 2855 Ἐπειδὴ
2481 2785 2629 2845 ὅπως
2658 2782 2750 2835 καὶ
2780 2782 2838 2834 αἱ
2866 2781 3059 2852 ἀρεταὶ
3091 2777 3387 2849 μεσότητές
3408 2776 3567 2836 εἰσιν,
3593 2772 3692 2842 ἠθέ-

2148 2874 2320 2945 λησας
2353 2878 2563 2946 μαθεῖν,
2596 2876 2702 2928 ἴσθι
2730 2916 2745 2939 ,
2789 2874 2869 2927 ὅτι
2907 2874 2940 2943 ἡ
2973 2872 3071 2942 μὲν
3101 2872 3380 2941 φρόνησις,
3416 2868 3549 2938 μέση
3578 2868 3690 2932 ἀφε-

2148 2967 2300 3030 λείας
2335 2970 2426 3022 καὶ
2467 2968 2803 3038 κακουργίας
2844 2966 3075 3031 ἕστηκεν
3097 2981 3112 2995 ’
3157 2965 3190 3033 ή
3222 2962 3279 3015 δὲ
3312 2959 3688 3031 ἐλευθεριότης,

476 3044 605 3099 item
640 3044 781 3097 inter
812 3042 993 3096 luxum
1018 3052 1072 3097 et
1107 3043 1453 3096 tenacitatem
1489 3059 1502 3096 :
1537 3044 1839 3111 eodemque
1882 3042 2041 3097 modo

2152 3059 2387 3120 ἀσωτίας
2421 3060 2514 3113 καὶ
2553 3034 2875 3128 φειδωλίας·
2907 3058 2939 3127 ἡ
2979 3056 3036 3109 δὲ
3083 3054 3487 3126 μεγαλοψυχία,
3525 3050 3691 3114 ἀλαζοι

478 3133 643 3187 animi
678 3132 997 3201 magnitudo
1027 3133 1172 3186 inter
1201 3131 1496 3184 vanitatem
1537 3140 1594 3186 et
1635 3131 1995 3186 humilitatem
2030 3150 2044 3187 :

479 3239 544 3277 ac
568 3225 800 3294 denique
831 3223 1093 3278 fortitudo
1117 3223 1259 3289 inter
1291 3222 1651 3276 temeritatem
1676 3232 1729 3275 et
1758 3223 2046 3292 ignaviam.

481 3316 843 3383 Quamobrem
878 3315 1037 3370 nobis
1075 3313 1380 3368 faciendum
1419 3323 1523 3377 est,
1575 3322 1634 3367 ut
1663 3322 1906 3367 extrema
1958 3314 2043 3368 fo-

480 3408 715 3476 giamus,
749 3421 813 3460 ac
842 3406 1017 3460 media
1051 3413 1451 3459 consectentur.

584 3515 883 3575 CCCXXII.
910 3545 982 3559 --
1006 3515 1441 3572 MARTINIANO
1465 3516 1943 3574 PRESBYTERO.

552 3626 634 3683 Ne
665 3628 883 3683 divitias
923 3638 1165 3698 expetas,
1215 3629 1301 3683 vir
1327 3629 1550 3699 optime,
1579 3646 1699 3700 qua;
1736 3632 2048 3703 superbiam

482 3729 539 3775 et
568 3720 937 3789 arrogantiam
990 3722 1228 3790 pariunt,
1265 3722 1569 3793 voluptates
1603 3726 2050 3793 subministrant,

492 3812 611 3866 vitii
647 3812 824 3867 omnis
875 3813 1187 3868 arcbitectae
1226 3825 1386 3876 sunt,
1421 3824 1582 3884 atque
1620 3816 1825 3871 homini
1866 3819 2053 3872 amici-

487 3905 613 3957 tiam
668 3904 733 3957 ad
790 3902 954 3958 Deum
1003 3905 1235 3975 eripiunt
1279 3918 1296 3959 :
1350 3920 1533 3960 verum
1578 3908 1866 3974 virtutem,
1927 3924 2047 3979 quae

487 3992 558 4046 ab
593 3991 847 4046 omnibus
897 3993 1055 4047 malis
1100 4010 1199 4049 uos
1242 3994 1502 4050 vindicat.
1543 3995 1698 4062 Quod
1749 3998 1793 4052 si
1839 3998 2053 4055 labores

489 4100 555 4140 ac
585 4086 806 4140 sudores
834 4086 1013 4150 habet,
1050 4102 1116 4141 ne
1149 4098 1431 4157 propterea
1466 4089 1637 4157 ipsam
1681 4089 1897 4160 fugias:
1925 4094 2055 4162 quin

487 4179 666 4246 potius
692 4178 794 4233 hoc
818 4179 935 4249 ipso
953 4181 1168 4234 nomine
1190 4182 1488 4249 praesertim
1516 4195 1635 4235 eam
1664 4184 2050 4254 complectere,

488 4266 617 4321 illud
650 4282 772 4321 eum
825 4268 1006 4323 animo
1064 4277 1157 4323 tuo
1208 4278 1486 4339 reputans,
1534 4274 1675 4341 quod
1727 4274 1779 4327 in
1839 4277 2054 4330 caeteris

2149 3152 2296 3214 νείας
2330 3154 2423 3205 καὶ
2462 3152 2880 3220 ταπεινότητος·
2921 3151 2953 3219 ἡ
3012 3149 3069 3202 δὲ
3114 3147 3341 3219 ἀνδρία,
3391 3143 3694 3216 θρασύτητϋς

2149 3245 2243 3297 καὶ
2270 3245 2492 3306 δειλίας.
2526 3245 2647 3314 Χρὴ
2677 3239 2769 3297 οὖν
2790 3242 2888 3305 τὰς
2912 3241 3010 3314 μὲν
3028 3242 3333 3313 ἀκρότητας
3365 3238 3597 3308 φεύγειν,
3615 3236 3693 3295 τὰς

2147 3336 2204 3389 δὲ
2240 3338 2542 3406 μεσότητας
2570 3334 2808 3389 διώκειν.

2304 3528 2477 3580 ΤΚΒ’.
2520 3558 2587 3569 -
2627 3526 3060 3596 ΜΛΡΤΙΝῙΑΝῼ
3104 3522 3571 3598 ΠΡΕΣΒΥΤΕΡῼ.

2222 3640 2313 3711 Μὴ
2342 3640 2490 3711 ζήτει
2523 3640 2749 3694 πλοῦτον
2768 3680 2784 3706 ,
2818 3635 2862 3694 ὦ
2894 3640 3168 3711 βέλτιστε,
3200 3640 3293 3693 τὸν
3320 3640 3421 3710 τῆς
3454 3640 3699 3710 ύπερηφαυ

2154 3732 2273 3795 νίας
2298 3732 2504 3805 πατέρα
2523 3774 2538 3798 ,
2570 3734 2661 3787 τὸν
2690 3734 2785 3804 τῆς
2810 3734 3106 3804 ὑπεροψίας
3138 3734 3440 3805 γεννήτορα
3458 3773 3473 3793 ,
3502 3732 3590 3803 τὴν
3607 3732 3696 3784 τῶν

2154 3828 2356 3899 ἡδονῶν
2390 3829 2622 3901 χορηγὸν
2640 3868 2656 3894 ,
2693 3830 2784 3883 τὸν
2808 3830 2987 3897 πάσης
3014 3829 3209 3891 κακίας
3235 3829 3559 3899 δημιουργὸν
3580 3870 3593 3893 ,
3621 3828 3698 3881 τὸν

2153 3920 2251 3989 τῆς
2284 3922 2421 3991 πρὸς
2472 3922 2604 3975 Θεὸν
2649 3921 2831 3991 φιλίας
2876 3922 3231 3975 ἀποσυλῶντα
3281 3922 3373 3975 τὸν
3406 3922 3694 3993 ἄνθρωπον

2157 4007 2272 4061 ἀλλ’
2301 4008 2522 4080 ἀρετὴν,
2546 4009 2644 4079 τὴν
2675 4011 2892 4064 πάντων
2918 4010 3024 4062 τῶν
3048 4009 3231 4061 κακῶν
3260 4010 3399 4062 ἀπα)
3410 4010 3694 4063 λάττουσαν.

2156 4099 2219 4152 El
2253 4100 2309 4153 δὲ
2337 4100 2567 4171 ἱδρῶτας
2610 4101 2723 4171 ἔχει
2758 4104 2851 4155 καὶ
2892 4102 3108 4165 πόνους,
3138 4102 3212 4172 μὴ
3251 4102 3338 4155 διὰ
3377 4101 3531 4154 τοῦτο
3554 4101 3698 4170 αὐτὴν

2156 4188 2477 4258 ἀποφύγοις,
2507 4191 2643 4245 ἀλλὰ
2688 4190 2776 4244 διὰ
2805 4190 2962 4244 τοῦτο
3002 4192 3231 4259 μάλιστα
3270 4182 3608 4261 περίπτύξαι,
3630 4189 3699 4241 λο-

2158 4279 2476 4350 γιζόμενος,
2525 4283 2604 4335 ὅτι
2646 4282 2741 4335 καὶ
2773 4283 2865 4335 ἐπὶ
2913 4282 3022 4335 τῶν
3066 4280 3238 4335 ἄλλων
3292 4285 3617 4353 πραγμάτων
3649 4279 3699 4331 τὸ

484 4356 651 4413 etiam
688 4357 848 4413 rebus
894 4356 948 4412 id
996 4358 1139 4427 quod
1168 4372 1291 4412 eum
1336 4358 1609 4415 laboribus
1654 4377 1717 4417 ac
1762 4364 2042 4420 sudoribus

2164 4370 2301 4440 μετὰ
2343 4372 2519 4424 πόνων
2566 4373 2676 4441 καὶ,
2707 4372 2945 4444 ἱδρώτων
2994 4372 3190 4445 κτηθὲν
3221 4371 3355 4445 (46),
3400 4371 3503 4426 κᾶν
3537 4368 3700 4441 μικρὸν

561 4510 681 4551 ¹’-¹⁶
714 4510 891 4567 Eccle.
921 4527 1017 4576 vn,
1062 4512 1148 4566 17.

1570 4646 1802 4704 ΥΑΒΗΕ
1839 4651 2224 4711 LECTIONES
2274 4656 2362 4710 ET
2403 4657 2634 4716 ΝΟΤᾸΞ.

561 4808 677 4879 (40)
717 4804 862 4879 Inter
885 4804 1069 4879 τῆς-ει
1098 4803 1315 4879 ’ἀρετῆς
1356 4806 1498 4879 idem
1535 4805 1657 4860 cod.
1694 4806 1908 4862 inlindit
1935 4809 2051 4864 haec

488 4871 601 4948 duo
636 4871 911 4948 vocabula,
943 4871 1054 4925 τῶν
1086 4871 1313 4948 opst-«In.
1356 4873 1567 4928 Possm.

564 4948 676 5018 (41)
727 4946 913 5018 Ἑπτὰ
951 4943 1417 5018 θριίτῑρλουμέιηων
1440 4943 1668 5012 σοφῶν.
1701 4943 1839 5018 Vide
1862 4945 2053 5018 Dioge-

495 5012 616 5074 ne‘nt
648 5012 920 5069 Laertittm
954 5016 1006 5068 in
1048 5012 1174 5067 Vilis
1201 5014 1649 5081 philosophorum,
1672 5024 1727 5070 et
1755 5012 2051 5072 Ausonium

490 5089 642 5143 Ludo
668 5094 857 5155 septem
880 5087 1193 5155 sapientum.
1230 5082 1391 5137 RITT.

567 5157 678 5227 (42)
701 5150 781 5210 At)
808 5154 892 5227 bis
918 5150 1171 5227 πτοῖαι)
1196 5150 1513 5227 συμπεοὼν,
1538 5169 1708 5223 usque
1731 5155 1798 5210 ad
1828 5155 1925 5227 illa
1940 5171 2053 5211 ver-

489 5222 587 5284 sus
613 5222 846 5294 septimi,
872 5224 1141 5294 ὲμφέρεια
1161 5222 1536 5294 πραγμάτων,
1569 5222 1761 5294 cuncta
1781 5265 1797 5291 ,
1829 5226 2048 5281 inclusis

497 5292 750 5364 utrinque
788 5292 1067 5364 terminis,
1093 5295 1290 5346 absunt
1316 5292 1493 5364 aceti.
1521 5294 1639 5347 Vat.
1666 5292 1790 5347 650.
1834 5295 2046 5350 Possm.

566 5360 679 5436 (45)
720 5361 1042 5436 Κεκλοςρὼς
1070 5399 1131 5436 _._._.
1162 5360 1731 5436 xlozﬁ._}lujttstttodi
1768 5364 1905 5417 furta
1930 5367 2050 5434 plu-

497 5432 633 5491 rima
663 5432 870 5489 detexit
897 5435 1023 5487 olim
1060 5432 1311 5495 Clemens
1342 5432 1604 5488 Alexaud.
1638 5442 1693 5486 et
1720 5444 1904 5489 nostra
1931 5432 2051 5491 'tne-

493 5506 668 5561 moria
701 5503 920 5559 Fulvius
954 5499 1182 5556 Ursinus
1208 5499 1367 5555 Rom.
1402 5502 1566 5557 Bt'rr.

568 5575 679 5643 (δὲ)
710 5573 941 5641 Μέτρον
966 5572 1237 5638 ἄριστον.
1261 5571 1317 5625 In
1337 5570 1398 5624 Β.
1419 5574 1482 5643 Ω.
1505 5584 1590 5626 est
1605 5573 1714 5626 πᾶν
1732 5591 1792 5643 μ.
1812 5574 1889 5637 ἄ..
1911 5574 2055 5629 unde

494 5642 811 5715 suspicabar
838 5644 1046 5714 legend.
1084 5642 1300 5695 πάντων
1344 5658 1404 5711 μ.
1434 5642 1485 5697 ἄ.
1526 5643 1619 5699 Est
1652 5642 1793 5699 enim
1834 5659 2051 5701 carmen

2157 4810 2539 4884 Pltorylideum
2577 4832 2591 4869 :

2158 4905 2410 4961 Πάντων
2432 4910 2654 4978 μέτρον
2698 4907 2973 4979 ἄριστον·
3020 4912 3702 5054 ὐπερόιιεῖῑίιιίόκάλεγει-

3302 5001 3379 5036 να
3411 5025 3423 5037 .
3506 4999 3611 5036 ιττ.

3302 4999 3423 5037 ναι.
3458 4999 3611 5036 κιττ.

2231 5088 2350 5164 (45)
2382 5089 2586 5157 Μηδὲν
2603 5091 2779 5159 ἄγαν.
2829 5090 2979 5147 Unus
3017 5109 3082 5147 ex
3116 5092 3207 5146 VII
3262 5094 3585 5164 sapientibus
3628 5092 3699 5147 di-

2161 5168 2305 5215 ctum
2341 5162 2441 5214 hoc
2464 5170 2581 5226 est;
2615 5164 2681 5215 de
2707 5177 2813 5230 quo
2843 5172 3023 5217 exstat
3058 5165 3157 5219 hoc
3187 5162 3523 5233 phaleucium
3556 5182 3568 5218 :

2230 5251 2304 5303 Τὸ
2333 5249 2440 5321 γὰρ
2484 5249 2647 5321 μηδὲν
2680 5249 2820 5318 ἄγαν
2854 5268 2918 5320 με
2943 5251 3155 5322 τέρπει.

2232 5342 2398 5407 Illud,
2435 5341 2532 5396 Nil
2568 5345 2746 5407 nimis,
2776 5344 2866 5407 alt,
2896 5344 3051 5398 nimis
3071 5345 3225 5412 juvat
3260 5346 3379 5399 me!
3416 5344 3488 5400 In.

2231 5432 2344 5503 (46)
2392 5433 2458 5485 Τὸ
2494 5434 2657 5503 μετὰ
2690 5434 2892 5487 πόνων
2935 5433 3033 5486 καὶ
3060 5433 3319 5503 ζὸρώτων
3346 5434 3571 5502 κτηθέν.
3621 5432 3695 5486 Sic

2159 5500 2427 5573 Pindarus
2454 5502 2506 5556 Ν
2510 5500 2672 5557 meo.
2706 5504 2755 5568 7,
2772 5505 2838 5555 Εἰ
2854 5506 3040 5570 πόνος
3054 5500 3154 5573 ἦν),
3172 5504 3237 5558 τὸ
3255 5500 3509 5573 τερπνὸν
3529 5503 3696 5556 πλέον

2160 5570 2532 5644 ποδέρχεζαι.
2568 5573 2634 5626 Ει
2665 5573 2893 5644 Basilius
2928 5570 3147 5642 Magnus
3179 5594 3194 5629 :
3227 5573 3300 5627 Τὸ
3316 5570 3469 5644 ’πόνῳ
3499 5573 3689 5644 κτηθὲν,

2163 5642 2478 5714 περιχαρῶς
2526 5642 2815 5714 ὑπεδέχθη,
2864 5645 2956 5698 καὶ
3016 5644 3318 5713 φιλοπόνως
3356 5642 3689 5713 διεφυλάχθη·
