3894 6412
173 302 265 364 985
1018 310 1555 377 EPISTOLARUM
1594 319 1741 381 LIB.
1784 320 1898 382 III.
1936 347 2008 360 -·
2044 325 2283 390 EPIST.
2324 328 2664 396 CCCXXVI.
2718 316 2727 323 ’

3305 348 3410 409 986
3446 368 3447 371 ‘

174 411 428 481 τυγχάνῃ,
463 411 841 486 ποθεινότερόν
887 416 1027 474 ἐστι.
1063 421 1136 473 Τὸ
1177 422 1223 475 δ’
1264 424 1585 495 αὐτομάτως
1625 428 1737 498 (47)

1855 445 2053 488 tartum
2095 447 2199 501 est,
2249 443 2498 508 quamvis
2540 446 2739 515 alioqui
2784 450 3038 519 exiguum
3088 453 3179 518 sit,
3205 453 3405 522 jucun-

176 503 485 572 προσπεσὺν,
518 506 1019 580 εὐκαταφρόνητον,
1052 513 1155 566 κᾶν
1190 516 1408 587 ὑπάρχῃ
1449 519 1608 588 μέγα.

382 799 558 855 τΚΓο.
604 829 673 842 -
720 798 969 872 ΖΩΣΙΜῼ
1023 801 1493 877 ΠΡΕΣΒΥΤΕΡῼ.

246 911 463 983 Ἐπειδὴ
516 913 575 965 αἱ
627 913 980 983 παραινέσεις
1029 915 1256 985 ἴσχυσαν
1283 917 1463 981 οὐδὲν,
1498 917 1598 985 τῆς
1630 918 1730 989 σῆς

179 1005 381 1074 μανίας,
411 1005 509 1073 τῆς
536 1006 665 1076 περὶ
684 1006 781 1076 τὴν
812 1007 1031 1068 κακίαν,
1066 1009 1369 1078 κρείττονος
1400 1010 1736 1080 διορθώσεως

1850 522 1968 575 dius
1997 535 2043 577 et
2071 529 2291 582 suavius
2319 533 2566 588 exsistit:
2594 539 2733 603 quod
2758 550 2935 592 autem
2966 556 3094 594 casu
3131 559 3195 595 ac
3221 556 3412 611 sponte

1842 615 2086 681 conligit,
2126 620 2287 673 etiam
2333 623 2376 675 si
2420 640 2670 694 magnum
2704 629 2793 692 sit,
2830 630 2881 683 iu
2910 645 3279 703 contemptura
3318 648 3395 687 ta-

1849 720 1968 758 men
2001 705 2157 760 facile
2188 713 2353 766 venit.

1998 815 2324 877 CCCXXIII.
2355 851 2424 864 --
2464 823 2724 882 ZOSIMO
2757 829 3240 890 PRESBITERO.

1905 924 2356 997 Quandoquidem
2392 937 2823 1004 cohortationes,
2849 953 3012 1012 atque
3035 948 3256 1002 consilia
3290 952 3406 1006 nul-
3456 944 3457 947 “

1835 1015 1939 1070 lam
1975 1020 2082 1071 vim
2133 1022 2478 1091 habuerunt,
2512 1029 2655 1095 quod
2705 1031 2915 1086 scilicet
2971 1035 3233 1091 furiosum
3278 1041 3409 1097 illud

174 1097 474 1166 εὑρεθείσης
498 1139 514 1160 ,
560 1099 641 1160 είς
670 1090 835 1168 εύχὰς
861 1099 1027 1151 πάλιν
1054 1101 1387 1169 τρεπόμεθα.
1425 1103 1524 1171 Εῑη
1553 1103 1735 1155 τοίνυν

1862 1112 2196 1177 mprobitatis
2229 1117 2487 1183 studium,
2513 1134 2617 1184 quo
2644 1120 2864 1189 ﬂagras,
2893 1128 3039 1180 omni
3065 1133 3407 1189 correctione

176 1189 228 1241 σε
251 1189 611 1257 ἁποςροιτῆσαι
639 1186 739 1259 μὲν
770 1189 868 1259 τῆς
904 1190 1106 1259 μανίας
1137 1191 1272 1262 (48),
1304 1194 1384 1255 είς
1404 1191 1529 1245 νοῦν
1557 1193 1613 1246 δὲ
1640 1193 1738 1246 σώ-

176 1297 331 1359 φρονα
362 1280 539 1351 ἥκειν.

356 1484 533 1539 TKA'.
574 1514 643 1525 ——
680 1485 1063 1557 ΣΤΡΑΤΗΓΙῼ
1099 1487 1527 1546 ΜΟΝΔΖΟΝΤΙ.

221 1595 293 1653 λυὶ
319 1593 528 1663 ἀρετῆς
557 1593 793 1663 ἐρῶντες
824 1595 918 1646 καὶ
948 1596 1139 1664 σοφίας
1168 1597 1501 1665 ἑαλωκότες,
1537 1600 1736 1673 ἀκόρε-

1845 1199 2037 1255 fortius
2071 1204 2341 1258 inventum
2377 1210 2466 1271 sit,
2494 1211 2559 1262 ad
2602 1222 2721 1265 vota
2766 1230 2978 1269 rursum
3014 1235 3099 1273 me
3128 1236 3408 1279 converto.

1841 1288 2000 1345 Faxit
2032 1293 2195 1361 igitur
2239 1297 2398 1359 Deus,
2453 1311 2507 1353 ut
2556 1302 2625 1355 ab
2668 1306 2768 1357 hoc
2807 1305 2991 1361 furore
3028 1309 3311 1376 abscedas,
3350 1332 3413 1371 ac

1842 1383 2161 1451 prudentem
2203 1401 2437 1442 mentem
2468 1391 2678 1447 induas.

2017 1495 2339 1553 CCCXXIV.
2367 1532 2437 1541 —
2462 1501 2853 1561 STRATEGIO
2880 1507 3233 1568 MONACHO.

1916 1609 2019 1676 Qui
2049 1611 2307 1665 virtutem
2350 1626 2557 1678 amant,
2592 1631 2655 1669 ac
2702 1620 2981 1688 sapientia:
3027 1626 3205 1678 studio
3250 1626 3414 1698 383

174 1702 277 1738 στοι
316 1687 415 1755 τὴν
466 1686 767 1756 ἐπιθυμίαν
825 1687 1012 1750 ὄντες,
1062 1690 1123 1740 ού
1172 1690 1593 1760 διαλιμπάνουσι
1650 1694 1739 1746 τὸν

1855 1709 2114 1766 tenentur,
2151 1700 2464 1770 inexplebili
2502 1705 2737 1770 quadam
2776 1712 3077 1778 cupiditate
3122 1686 3415 1784 ﬂagranti-vs

176 1778 305 1829 θεῖον
343 1776 533 1830 τοῦτον
569 1777 777 1847 πυρσὸν
820 1780 880 1832 ἐν
928 1780 1139 1843 ἑαυτοῖς
1171 1782 1521 1846 ἀνάπτοντες.
1567 1784 1738 1839 Τοῦτο

179 1867 267 1935 μὲν
289 1867 448 1939 ἔργον
471 1908 487 1932 ,
519 1869 588 1922 τὰ
617 1869 664 1922 δ’
696 1869 830 1923 ἄλλα
869 1871 1049 1925 πάντα
1079 1872 1390 1940 νομίζοντες
1428 1870 1567 1928 εἶναι
1590 1877 1735 1947 πάρ-

173 1964 318 2031 εργα.
370 1962 561 2030 Μικρὰ
608 1960 738 2030 γοῦν
799 1963 983 2026 αὐτοῖς
1035 1965 1103 2017 τὰ
1138 1968 1249 2028 τοῖς
1298 1966 1477 2030 ἄλλοις
1527 1969 1738 2039 μεγάλα

175 2048 301 2105 εἶναι
332 2052 594 2105 δοκοῦντα
619 2052 889 2121 φαίνεται,
920 2056 1011 2107 καὶ
1041 2056 1239 2123 γελῶσι
1270 2058 1337 2111 τὰ
1366 2060 1735 2130 περιμάχητα,

177 2143 260 2196 καὶ
301 2144 537 2197 πατοῦσι
577 2144 647 2198 τὰ
683 2145 1019 2209 ἁπόϐλεπτα,
1068 2151 1161 2202 καὶ
1198 2149 1306 2201 τῶν
1355 2150 1741 2223 ύπερκοσμίων

180 2234 342 2303 μόνων
382 2235 645 2303 ἐφίενται.
684 2236 775 2301 Εἰς
804 2238 895 2291 τὸν
935 2239 1174 2292 τοιοῦτον
1201 2241 1380 2295 τοίνυν
1418 2244 1579 2314 χορὸν
1603 2286 1618 2309 ,
1648 2246 1742 2298 καὶ

176 2322 326 2385 αὐτὸς
357 2322 576 2377 τελέσαι
618 2328 1031 2398 προῃρημένος,
1081 2331 1381 2399 ἀκοίμητον
1419 2332 1627 2397 δίκαιος
1675 2333 1743 2389 ἂν

175 2413 281 2486 εἴης
304 2414 366 2467 τὸ
407 2416 512 2484 τῆς
538 2417 719 2488 ψυχῆς
749 2419 902 2488 ὄμμα
938 2422 1279 2491 διατηρῆσαι.

1843 1792 2078 1845 divinam
2113 1794 2252 1848 hanc
2280 1795 2447 1849 l'acetn
2474 1796 2526 1850 in
2556 1800 2752 1853 animis
2785 1804 2898 1855 Suis
2919 1806 3158 1860 excitare
3192 1808 3415 1864 tninime

1845 1884 2227 1949 intermittunt,
2263 1887 2365 1941 hoc
2411 1889 2629 1955 quidem
2662 1908 2758 1961 pro
2786 1896 2929 1948 serio
2957 1913 3141 1965 opere,
3178 1900 3281 1952 alia
3318 1916 3416 1953 au-

1845 1983 1948 2027 tem
1978 1976 2159 2029 omnia
2202 1993 2301 2046 pro
2334 1978 2494 2031 rebus
2526 1979 2744 2035 levioris
2784 1999 2963 2054 Operae
3006 1989 3286 2046 ducentes.
3338 1992 3415 2043 Ac

1843 2077 2127 2136 propterea
2155 2084 2316 2137 parva
2353 2070 2481 2137 ipsis
2500 2087 2619 2126 esse
2649 2074 2923 2141 videntur,
2953 2094 3072 2146 quae
3104 2081 3192 2133 alii
3215 2096 3406 2151 magna

1842 2167 1894 2211 et
1918 2159 2095 2227 ampla
2132 2161 2447 2215 existimant
2478 2179 2492 2215 :
2530 2172 2691 2231 atque
2730 2180 2791 2220 ea
2830 2168 2894 2220 de
2921 2170 3116 2237 quibus
3150 2172 3236 2224 alii
3273 2174 3415 2226 inter

1844 2263 1901 2301 se
1956 2248 2342 2318 digladientur,
2397 2252 2529 2305 risui
2567 2253 2787 2321 habent,
2831 2268 2884 2311 et
2933 2274 3052 2326 quae
3105 2262 3192 2314 alii
3238 2263 3414 2332 Suspi-

1844 2337 2013 2399 ciunt,
2052 2338 2279 2406 pedibus
2319 2342 2660 2409 proculcaut,
2696 2347 3051 2417 cmlestiaque
3083 2352 3195 2405 sola
3246 2366 3413 2419 expe-

1849 2440 1987 2481 tunt.
2046 2432 2181 2484 Cum
2232 2434 2399 2499 igitur
2446 2436 2512 2487 ad
2569 2437 2879 2504 huiusmodi
2942 2442 3164 2495 chorum
3220 2458 3416 2498 nomen

178 2516 315 2564 tu‘um
342 2515 624 2568 ascribere
660 2516 711 2569 in
750 2517 990 2571 animum
1027 2518 1327 2583 induxeris,
1388 2535 1598 2590 aequum
1640 2524 1882 2593 profecto
1948 2529 2131 2591 fuerit,
2209 2539 2260 2581 te
2304 2530 2605 2585 insomnem
2651 2534 2847 2589 aninue
2929 2538 3146 2591 oculum
3192 2552 3416 2593 conser-

174 2615 230 2653 ηε
239 2615 312 2655 re.

263 2614 312 2655 θ’
638 2692 813 2749 TKE'.
856 2726 929 2739 -
972 2697 1263 2769 ΣΕΡΗΝῼ.

238 2814 372 2869 Δίαν
395 2815 661 2886 θαυμάζω
681 2815 800 2880 πῶς
831 2817 1098 2890 πρότερον
1133 2820 1230 2889 μὲν
1250 2820 1316 2873 τὰ
1348 2821 1456 2875 ῐδια
1484 2822 1743 2893 χρήματα

2270 2711 2571 2768 CCCXXV.
2604 2744 2676 2754 —
2701 2715 2993 2773 SERENO.

1917 2818 2105 2892 Magna
2160 2836 2248 2878 me
2293 2824 2584 2880 admiratio
2633 2835 2815 2892 tenet,
2869 2830 2963 2897 qui
3023 2830 3135 2895 ﬁat,
3185 2840 3243 2885 ut
3297 2848 3417 2887 cum

175 2907 248 2970 είς
278 2908 377 2977 τὴν
401 2908 588 2976 κοινὴν
621 2908 889 2975 ὠφέλειαν
910 2949 925 2973 ,
958 2910 1006 2962 oi
1036 2909 1114 2980 τῷ
1138 2909 1267 2981 θείῳ
1300 2912 1443 2982 λόγῳ
1478 2913 1741 2983 μαθητευ-

1855 2914 1997 2981 prius
2038 2914 2098 2977 ii,
2129 2916 2220 2982 qui
2274 2917 2457 2971 divino
2501 2933 2751 2973 sermone
2798 2920 3030 2975 instituti
3070 2933 3243 2989 erant,
3290 2940 3423 2992 opes

180 2999 355 3062 θέντες
376 3000 759 3070 προύτίθεσαν,
789 3001 907 3053 νυνὶ¹
940 3002 996 3055 δέ
1020 3018 1167 3066 τινες
1198 3001 1305 3055 τῶν
1331 3004 1625 3075 ύφηγητῶν
1652 3005 1744 3057 τοῦ

173 3088 461 3159 λόγου(ού
496 3091 603 3161 γὰρ
644 3090 861 3145 πάντων
927 3093 1402 3164 καταψηφίζεσθαι
1438 3096 1633 3167 θέμις)
1677 3098 1746 3150 τὰ

172 3182 319 3233 κοινὰ
357 3178 768 3252 σφετερίζεσθαι
801 3184 1065 3254 τολμῶσι.
1100 3187 1441 3257 Πεποιήκασι
1468 3187 1601 3257 γοῦν
1637 3189 1745 3243 ἀπὸ

172 3260 367 3343 ταύτης
400 3274 500 3343 τῆς
524 3273 774 3339 ἀτοπίας,
810 3275 906 3329 καὶ
930 3276 1055 3339 τοὺς
1086 3281 1458 3349 καρποφορεῖν
1484 3280 1745 3343 εἰωθότας

172 3363 569 3435 ἀποναρκῆσαι.
620 3365 749 3419 Δέον
802 3364 913 3436 γὰρ
964 3369 1023 3421 ὲν
1077 3372 1143 3439 τῇ
1198 3370 1588 3443 εὐγνωμοσύνῃ
1635 3373 1745 3424 τῶν

173 3454 418 3525 ὑπηκόων
468 3454 793 3510 ἀποκεῖσθαι
836 3457 964 3520 τοὺς
1013 3459 1113 3529 τῆς
1174 3458 1501 3533 Ἑκκλησίας
1543 3461 1745 3533 θησαυ-

171 3543 291 3614 ρούς
311 3584 326 3609 ,
356 3542 515 3599 τοῦτο
545 3545 606 3598 ού
642 3546 985 3619 συγχωροῦσι
1018 3549 1284 3617 γίνεσθαι.

602 3847 799 3914 τιςςῖα.
850 3876 926 3889 ——
971 3849 1058 3920 Τῼ
1102 3847 1305 3921 ΑΥΤῼ.

238 3957 300 4010 Et
327 3960 374 4011 oi
418 3958 744 4029 ίερωμένοι,
775 3962 870 4015 καὶ
914 3963 963 4015 οἱ
995 3963 1136 4032 ὑπὲρ
1169 3955 1244 4016 ὧν
1278 3966 1311 4034 ἡ
1349 3964 1616 4036 ἱερωσύνη
1655 3983 1743 4018 τε·

171 4045 335 4101 λεῐται
372 4052 430 4103 ὲν
458 4052 574 4114 τοῖς
603 4051 809 4117 αὐτοῖς,
848 4054 936 4117 τίς
976 4054 1283 4120 ὲξιλάσεται
1324 4056 1384 4109 τὸ
1409 4056 1594 4123 Θεῖον;
1623 4060 1743 4131 Χρὴ

172 4140 343 4194 τοίνυν
371 4142 429 4193 ὲν
466 4142 563 4211 μὲν
590 4144 711 4206 ταῖς
749 4144 857 4196 τῶν
886 4145 1206 4216 ἀρχομένων
1233 4145 1478 4217 γνώμαις
1520 4149 1744 4202 ἀποκεῖ-

1848 3019 1976 3059 suas
2004 3006 2070 3058 ad
2110 3021 2452 3063 communem
2490 3011 2778 3065 utilitatem
2826 3015 3229 3082 preposuerint,
3279 3032 3422 3069 nunc

1848 3106 2039 3151 contra
2073 3100 2317 3153 nonnulli
2344 3117 2408 3156 ex
2440 3104 2709 3157 sermonis
2741 3105 3015 3173 magistris
3042 3116 3094 3159 et
3143 3106 3411 3174 interpre-

1851 3189 1999 3243 tibus
2026 3190 2223 3259 (neque
2250 3194 2395 3247 enim
2425 3210 2615 3249 omnes
2639 3195 3002 3249 condemnare
3037 3196 3118 3249 fas
3140 3198 3245 3255 est)
3268 3213 3420 3253 com-

1849 3297 2039 3337 munes
2068 3298 2199 3352 opes
2239 3286 2305 3339 ad
2339 3301 2398 3339 se
2447 3296 2695 3342 avertere
2737 3302 2841 3341 non
2876 3300 3191 3344 vereantur.
3234 3289 3416 3359 Itaque

1846 3375 1915 3427 ob
1947 3374 2253 3442 hujusmodi
2305 3377 2696 3432 absurditatem
2745 3379 2848 3433 hoc
2891 3381 3212 3445 eﬂ‘ecerunt,
3246 3394 3307 3435 ut
3339 3384 3417 3437 illi

1847 3466 2031 3527 etiam,
2062 3468 2152 3532 qui
2203 3468 2402 3524 oﬂ'crre
2430 3481 2845 3535 consueverant,
2880 3473 3237 3542 elanguerint.
3283 3474 3419 3529 Nam

1848 3574 1969 3610 cum
2025 3558 2283 3614 Ecclesiae
2326 3562 2615 3616 thesauros
2667 3564 2720 3616 in
2763 3564 3109 3617 subditorum
3152 3565 3423 3633 probitate

1849 3646 2125 3714 animique
2171 3648 2410 3701 candore
2471 3653 2782 3706 reconditos
2815 3667 2937 3707 esse
2981 3660 3251 3723 oporteat,
3314 3655 3420 3711 hoc

1850 3737 1949 3806 ipsi
1984 3736 2098 3792 ﬁeri
2129 3740 2349 3794 minime
2383 3741 2585 3795 sinunt.

2289 3849 2611 3906 CCCXXV].
2638 3883 2709 3894 -
2739 3854 2947 3910 EIDEM
2966 3878 2989 3893 ν

1923 3956 1981 4013 Si
2011 3957 2068 4023 ii,
2101 3957 2192 4026 qui
2221 3959 2394 4012 sacris
2418 3960 2701 4015 ordinibus
2739 3961 2934 4016 initiati
2971 3971 3116 4031 sunt,
3148 3973 3202 4019 et
3226 3961 3284 4026 ii,
3318 3979 3418 4035 pro

1848 4048 2044 4118 quibus
2100 4049 2392 4103 sacerdotii
2440 4065 2633 4105 munus
2674 4051 2881 4117 obitur,
2929 4052 2982 4106 in
3024 4054 3214 4108 iisdem
3261 4054 3422 4109 rebus

1846 4150 2156 4207 versantur,
2184 4143 2432 4211 quisnam
2472 4142 2712 4196 divinum
2753 4160 2950 4198 numen
2982 4145 3255 4215 placabit?
3279 4144 3421 4211 Quo-

174 4229 292 4283 σθαι
328 4233 453 4294 τοὺς
482 4232 589 4285 τῶν
628 4234 877 4304 πενήτων
905 4234 1236 4306 θησαυροὺς,
1280 4239 1405 4301 τοὺς
1436 4239 1479 4291 δ’
1515 4240 1741 4311 ἱερωμέ-

1855 4236 1995 4289 circa
2026 4249 2159 4303 opus
2181 4242 2264 4290 est
2293 4245 2353 4288 ut
2380 4248 2676 4304 pauperum
2707 4234 2947 4291 thesauri
2979 4238 3031 4291 in
3069 4236 3414 4291 subditorum

173 4336 293 4384 νους
334 4324 399 4392 τῇ
452 4323 738 4395 ἱερουργίᾳ
794 4325 934 4397 μόνῃ
988 4326 1297 4395 σχολάζειν,
1337 4318 1424 4382 ἵνα
1468 4331 1743 4402 δυνηθεῖεν

174 4410 391 4480 εὐμενὲς
422 4412 484 4466 τὸ
509 4414 665 4467 Θεῖον
708 4417 919 4480 ἑαυτοῖς
953 4434 1011 4470 τε
1048 4420 1142 4471 καὶ
1171 4423 1282 4483 τοῖς
1314 4421 1576 4491 ὑπηκόοις
1611 4424 1748 4477 καθ-

176 4504 345 4571 ιστᾷν.
396 4505 461 4557 Εἰ
508 4505 565 4558 δὲ
598 4505 861 4577 θεώμενοι
908 4510 957 4562 οἱ
989 4509 1109 4563 λαοὶ
1142 4510 1270 4574 τὸὺς
1310 4512 1408 4583 τὴν
1446 4514 1746 4585 ἱερωσύνης

174 4592 445 4659 ἁγιστείαν
488 4597 982 4669 κεκληρωμένους,
1018 4601 1196 4654 πάντα
1226 4601 1297 4655 τὰ
1331 4602 1561 4672 βιωτικὰ
1586 4621 1747 4675 μετα-

174 4685 591 4757 χειριζομένους,
625 4687 989 4764 ὲξήμὸλωσαν
1013 4693 1113 4763 τὴν
1136 4694 1438 4759 εὐλάϐειαν,
1469 4697 1570 4749 οὐκ
1595 4696 1744 4750 ἔστιν

175 4773 355 4837 αὐτοῖς
380 4774 633 4847 τοσοῦτον
658 4778 1001 4849 μέμψασθαι,
1032 4781 1156 4835 ὅσον
1183 4779 1413 4845 ἐκείνοις
1435 4784 1549 4845 τοῖς
1575 4781 1744 4851 ἐμπό-

178 4879 289 4934 ροις
310 4903 325 4928 ,
355 4868 443 4919 καὶ
479 4866 942 4941 παλιγκαπήλοις,
977 4870 1073 4924 καὶ
1114 4873 1293 4926 πᾶσαν
1332 4872 1544 4925 κινοῦσι
1576 4890 1747 4943 πραγ-

180 4954 397 5022 ματείας
428 4956 547 5010 ὁδὸν
581 4957 786 5013 ἄδικον.
822 4960 885 5012 Ei
927 4959 1037 5032 γὰρ
1070 4959 1142 5013 τὰ
1174 4960 1297 5015 καθ’
1342 4961 1567 5026 ἑαυτοὺς
1600 4957 1744 5016 οὗτοι

177 5042 585 5116 διορθώσονται,
622 5049 776 5115 ἐλπίς
813 5053 932 5105 ἐστι
967 5052 1155 5106 καὶτὰ
1182 5053 1291 5107 τῶν
1325 5052 1469 5106 λαῶν
1498 5053 1742 5123 ἕψεσθαι.

1850 4324 2045 4378 animis
2073 4332 2127 4378 et
2154 4324 2431 4378 voluntate
2465 4325 2849 4392 recondantur,
2894 4325 3205 4380 sacerdotes
3231 4334 3413 4379 autem

1848 4426 2202 4471 sacrosancto
2235 4418 2500 4470 duntaxat
2542 4417 2846 4472 ministerio
2879 4418 3008 4471 dent
3046 4431 3264 4487 operam
3313 4435 3325 4470 :
3362 4425 3420 4469 ut

1848 4505 2044 4570 Deum,
2079 4515 2189 4560 tum
2218 4507 2319 4560 sibi
2355 4507 2510 4576 ipsis,
2546 4514 2659 4560 tum
2710 4507 2938 4562 subditis
2969 4507 3259 4575 propitium
3292 4506 3418 4558 red-

1846 4597 1997 4652 dant.
2026 4598 2083 4653 Si
2115 4613 2246 4653 vero
2272 4598 2452 4667 populi
2483 4614 2598 4664 eos,
2629 4600 2719 4667 qui
2749 4598 3042 4654 sacerdotii
3076 4598 3420 4652 sanctitatem

1851 4687 2029 4742 sortiti
2062 4696 2215 4753 sunt,
2264 4689 2446 4742 omnia
2491 4703 2576 4752 ea,
2610 4704 2731 4758 quae
2770 4690 2836 4742 ad
2875 4689 3014 4743 hanc
3045 4687 3212 4740 vitam
3251 4687 3420 4756 perti-

1851 4785 2005 4842 nent,
2054 4786 2288 4831 tractare
2333 4788 2497 4845 atque
2534 4778 2922 4833 administrare
2972 4777 3378 4845 conspicientes
3405 4816 3419 4840 ,

1852 4868 2155 4937 religiosam
2187 4868 2438 4937 pietatem
2481 4878 2859 4934 excusserunt,
2892 4884 2999 4923 non
3040 4878 3147 4923 tam
3193 4868 3293 4938 ipsi
3329 4885 3421 4921 ac-

1852 4960 2080 5015 cusandi
2120 4969 2443 5030 sunt,quam
2498 4960 2868 5031 negotiatores
2897 4960 2975 5015 illi
3011 4970 3174 5028 atque
3222 4972 3413 5025 caupo-

1853 5068 1969 5114 nes,
2000 5053 2092 5121 qui
2138 5054 2377 5123 iniquam
2445 5068 2662 5107 onmem
2717 5062 2774 5108 et
2813 5053 3137 5108 sceleratam
3178 5060 3419 5119 quaestus

178 5135 397 5197 faciendi
461 5144 728 5201 rationem
760 5145 970 5203 ineunt.
1038 5145 1176 5203 Nam
1219 5148 1266 5204 si
1312 5150 1413 5219 ipsi
1454 5164 1638 5205 mores
1677 5163 1806 5205 suos
1844 5149 2203 5213 correxerint,
2252 5164 2373 5219 spes
2423 5158 2508 5204 est
2561 5148 2770 5218 plebem
2822 5161 3041 5218 quoque
3100 5147 3420 5217 ;secuturam

180 5244 317 5286 €858.

1266 5353 1499 5410 VARUS
1534 5353 1921 5411 LECTIONES
1954 5353 2043 5410 ET
2093 5353 2326 5410 ΝΟΤᾸΕ.

116 5501 121 5505 ’
180 5494 255 5581 ὄιν
303 5503 478 5581 μέντοι
505 5507 795 5581 πρόχειρος
832 5510 886 5581 ὁ,
909 5508 1201 5581 πορισμὸς,
1237 5508 1440 5581 ’Ξοῦτων
1466 5512 1500 5579 ἢ
1546 5512 1739 5581 κτῆσις

180 5573 661 5649 εύκαταςρρόνητοξ.
686 5573 996 5649 Χειιιψίιοιῖ
1013 5573 1194 5632 Pridie
1220 5578 1348 5649 Cyri
1376 5594 1395 5631 :
1432 5573 1737 5632 Ἐκεῖνόδεί

180 5646 529 5720 καταμαθεῖν,
560 5647 643 5713 ὅτι
683 5648 922 5718 τοσούτῳ
954 5649 1169 5717 τάγαθὰ
1204 5646 1405 5720 μᾶλλον
1426 5650 1736 5720 εὐφραίνει,

176 5710 293 5775 ὅσῳ
320 5712 380 5767 ἂν
400 5710 1056 5784 μᾶλλονπροπονήσαςτις
1076 5722 1161 5772 ἐπ’
1186 5710 1327 5775 αὐτὰ
1358 5710 1549 5773 ἀπίοι’.’
1570 5710 1734 5774 Rtr'r.

1882 5509 2031 5595 τ(ΑΞ)
2072 5508 2204 5561 Cod.
2243 5507 2360 5564 Vat.
2399 5507 2503 5563 650
2535 5523 2633 5578 pro
2686 5505 3018 5578 αὐτομάτως
3071 5502 3248 5561 solum
3292 5499 3419 5572 legit

1843 5579 1931 5633 αὖ.
1967 5579 2177 5634 Possm.

1916 5650 2028 5721 (48)
2069 5650 2213 5705 Idem
2256 5650 2399 5713 cod.,
2443 5646 2657 5713 κακίας.
2699 5647 2778 5702 lo.
