3894 6412
381 303 487 367 987

454 409 800 469 CCC-XXVII.
836 442 905 453 --
939 410 1334 467 STRATECIO
1384 410 1883 468 SCHOLASTICO.

452 525 570 582 Etsi
610 526 774 581 Mosis
812 526 914 595 legi
974 526 1214 582 innitens
1250 537 1531 595 acceptam
1585 526 1839 596 injuriam
1875 526 1959 580 ul-

384 621 516 673 cisci
540 620 888 683 constituisti,
916 619 1045 673 illud
1072 628 1247 673 tamen
1280 619 1415 675 scito
1451 618 1568 674 ﬁeri
1591 620 1755 672 etiam
1776 633 1956 688 posse,

386 726 444 765 ut
479 712 570 781 qui
608 712 823 765 modum
864 712 916 764 in
952 711 1269 767 ulciscendo
1310 712 1549 777 excedit,
1584 710 1838 780 injuriam
1875 710 1957 763 in-

387 804 544 858 lerat.
578 801 713 873 Nam
748 819 871 857 cum
906 805 1178 873 quispiam
1226 803 1461 871 majores
1492 803 1705 859 delictis
1738 804 1955 858 crucia-

385 901 473 946 tus
500 892 684 957 infert,
722 909 935 947 rursum
976 893 1189 962 injuriae
1233 908 1433 962 auspex
1472 900 1576 947 est.
1613 890 1691 947 Ac
1730 893 1957 963 proinde

386 980 582 1035 melius
607 982 824 1051 quidem
859 993 1022 1050 atque
1071 981 1381 1037 consultius
1409 980 1573 1035 fuerit
1622 981 1826 1035 illatam
1877 982 1960 1036 in-

381 1072 581 1141 juriam
636 1073 860 1129 n’tinime
922 1072 1155 1137 referre,
1190 1088 1375 1128 verum
1425 1072 1591 1127 animi
1646 1072 1958 1142 patientiam

386 1163 646 1218 adhibere
674 1185 688 1218 :
723 1179 827 1218 non
857 1174 1039 1218 tamen
1072 1164 1313 1235 ineptum
1346 1172 1507 1233 atque
1553 1163 1868 1230 absurdum,
1899 1172 1959 1218 ut

386 1255 475 1323 qui
503 1256 797 1324 patientem
838 1258 1082 1311 anitnum
1119 1265 1379 1326 przestare
1414 1256 1642 1323 nesciat,
1670 1257 1963 1312 mediocri-

384 1354 472 1400 ter
509 1361 629 1401 sese
656 1347 965 1403 ulciscatur.
1019 1346 1155 1401 Nam
1186 1365 1229 1403 su
1265 1349 1316 1403 id
1353 1349 1641 1403 immodice
1672 1349 1784 1414 fiat,
1814 1364 1960 1415 eum,

394 1439 486 1507 qui
532 1449 808 1508 acceptam
852 1439 1105 1510 injuriam
1134 1441 1396 1505 vindicat,
1427 1441 1491 1494 ad
1540 1440 1702 1503 illius,
1736 1441 1825 1509 qui
1880 1440 1961 1494 la-

386 1532 609 1585 cessivit
665 1534 888 1602 gradum
940 1533 1275 1589 transmittit.
1322 1534 1401 1588 Ac
1435 1535 1501 1588 de
1550 1533 1634 1588 his
1675 1533 1957 1588 hactenus.

384 1623 522 1678 Illud
565 1635 746 1679 autem
793 1641 860 1680 ne
896 1625 1136 1694 ignores,
1173 1624 1257 1678 vir
1299 1625 1539 1694 sapiens,
1588 1623 1960 1693 legislatorem

1575 307 1639 367 S.
1680 306 1974 367 ISIDORI
2007 304 2444 366 PELUSIOT/E

1985 419 2034 475 Α

3531 308 3642 371 988

2237 413 2413 466 TKZ'.
2455 440 2526 452 —-
2563 413 2949 485 ΣΤΡΑΤΗΓΙῼ
2985 413 3447 487 ΣΧΟΛΔΣΤΙΚῼ.

2138 527 2203 579 Ei
2232 526 2327 581 καὶ
2354 526 2434 597 τῷ
2468 526 2619 597 νόμῳ
2656 527 2933 593 Μωῦσέως
2965 529 3403 602 ἐπερειδόμενος,
3432 528 3652 601 ἀμύνει-

2068 614 2192 668 σθαι
2226 615 2487 684 διέγνως*
2532 616 2649 671 ἀλλ’
2684 617 2792 671 ίσθι
2834 619 2916 673 ὅτι
2950 618 3069 674 ἐστι
3095 619 3193 674 καὶ
3223 622 3477 693 ἀμέτρως
3510 622 3652 692 ἀμυ-

2065 706 2289 777 νόμενον
2314 706 2540 762 ἀδικεῖν.
2569 708 2737 763 Ὅταν
2760 710 2869 781 γάρ
2889 727 2975 774 τις
3001 711 3220 781 μείζους
3243 712 3350 765 τῶν
3375 713 3655 783 πταισμά-

2064 816 2172 854 των
2213 800 2450 873 ἐπιφέρῃ
2478 800 2579 865 τὰς
2622 803 2921 875 τιμωρίας,
2967 802 3219 874 δεύτερον
3253 804 3415 875 ἄρχει
3454 804 3652 859 πάλιν.

2063 892 2270 947 Οὐκοῦν
2297 893 2518 964 ἄμεινον
2550 893 2651 965 μὲν
2679 893 2741 947 τδ
2776 896 2851 967 μὴ
2885 894 3231 967 ἀμύνασθαι,
3258 896 3397 951 ἀλλά
3436 896 3655 967 φιλοσο-

2064 986 2185 1053 φεῖν
2208 1001 2223 1017 ·
2250 984 2351 1038 οὐκ
2370 985 2634 1042 ἀπίθανον
2659 986 2770 1058 (49)
2790 986 2848 1041 δὲ
2872 987 2965 1041 καὶ
2989 987 3052 1042 τὸ
3073 989 3380 1059 ἀμύνεσθαι
3409 988 3657 1060 μετρίως

2063 1074 2155 1128 τὸν
2187 1073 2498 1145 φιλοσοφεῖν
2530 1076 2606 1147 μὴ
2631 1077 3015 1147 ἐπιστάμενον.
3047 1078 3121 1131 Τὸ
3148 1076 3258 1148 γάρ
3286 1077 3549 1147 ἀμέτρως
3572 1076 3657 1140 είς

2065 1167 2164 1239 τὴν
2190 1167 2285 1221 τοῦ
2311 1166 2371 1233 ἐξ
2402 1169 2575 1240 ἀρχῆς
2606 1168 2924 1235 ἀδικοῦντος
2952 1168 3105 1237 τάξιν
3154 1171 3525 1241 παραπέμπει
3561 1168 3657 1221 τὸν

2065 1259 2426 1331 ἀμυνόμενον.
2455 1261 2568 1314 Καὶ
2594 1260 2765 1316 ταῦτα
2796 1263 2895 1333 μὲν
2920 1265 3002 1327 είς
3027 1261 3302 1317 τοσοῦτον.
3333 1262 3430 1332 Μὴ
3464 1260 3656 1330 ἀγνόει

2059 1350 2146 1417 δὲ,
2175 1345 2220 1405 ὦ
2253 1352 2408 1421 σοφὲ,
2451 1351 2528 1416 ώς
2556 1354 2584 1406 ὁ
2613 1353 2910 1425 νομοθέτης
2948 1354 3151 1425 Μωσῆς
3190 1352 3659 1425 προαναστέλλων

2058 1442 2166 1496 τῶν
2217 1444 2484 1499 Ἰουδαίων
2527 1444 2627 1515 τὴν
2653 1446 2956 1500 ἀκάθεκτον
3007 1447 3185 1518 ὁρμὴν
3213 1451 3231 1511 (
3248 1448 3334 1500 ἵνα
3367 1444 3529 1514 φόϐῳ
3559 1442 3659 1496 τοῦ

2062 1535 2255 1589 παθεῖν
2301 1536 2377 1609 μὴ
2430 1535 2727 1607 δράσοιεν),
2766 1537 2924 1591 τοῦτο
2968 1538 3316 1610 συνεχώρησε
3362 1536 3577 1609 μᾶλλον
3619 1535 3655 1605 ἢ

2062 1630 2369 1687 ἐθέσπισεν.

387 1712 592 1768 Mosem
623 1754 639 1779 ,
670 1713 991 1769 ellrenatum
1028 1713 1336 1770 Iudaeorum
1403 1716 1659 1786 impetum
1692 1717 2071 1784 reprimentem
2110 1725 2240 1793 (quo
2306 1725 2559 1780 videlicet
2624 1727 2957 1797 perpetiendi
2991 1736 3135 1783 metu
3192 1728 3263 1784 ab
3341 1724 3657 1783 inferendis

385 1811 601 1879 injuriis
629 1811 1053 1881 deterrerentur)
1098 1811 1201 1867 hoc
1240 1813 1416 1881 potius
1456 1813 1784 1881 permisisse,
1818 1830 1979 1885 quam
2022 1821 2289 1876 sanxisse.

568 1923 734 1997 384
766 1923 1132 1982 CCCXXVIII.
1164 1957 1235 1969 —
1264 1925 1472 1982 AETIO
1508 1926 1764 1983 COMITI.

462 2036 561 2102 Qui
590 2038 676 2102 iis,
714 2053 742 2090 a
780 2038 978 2107 quibus
1023 2040 1254 2109 primum
1285 2039 1551 2096 beneficio
1585 2039 1762 2096 all‘ecti
1809 2050 1958 2112 sunt,

386 2129 607 2183 etiamsi
661 2129 736 2182 illi
778 2131 1001 2185 minime
1052 2147 1207 2199 aequa
1244 2141 1451 2200 petant,
1489 2133 1742 2189 omnibus
1776 2143 1958 2189 tamen

390 2221 445 2274 in
496 2224 655 2275 rebus
701 2221 1069 2278 obsecundare
1112 2232 1380 2293 satagunt,
1416 2238 1538 2278 meo
1576 2223 1778 2294 judicio
1832 2241 1963 2297 pec-

389 2322 541 2379 cant,
576 2314 855 2381 quamvis,
888 2314 1012 2367 dum
1050 2314 1247 2385 iniquae
1289 2315 1363 2369 rei
1403 2317 1692 2386 participes
1719 2332 1780 2373 se
1821 2334 1962 2387 prte—

389 2407 542 2471 bent,
574 2403 785 2472 culpam
813 2419 964 2459 suam
998 2405 1171 2461 altero
1207 2407 1331 2477 jure
1365 2406 1619 2464 obvelare
1647 2409 1937 2465 videantur

390 2507 584 2561 nempe
608 2496 748 2562 quod
774 2493 858 2559 iis,
881 2509 909 2548 a
935 2496 1129 2564 quibus
1153 2496 1473 2552 beneﬁcium
1495 2499 1830 2569 acceperint,
1851 2516 1967 2571 gra-

388 2583 523 2636 tiam
564 2586 883 2653 rependant.
922 2587 990 2640 At
1017 2602 1146 2642 vero
1179 2588 1441 2643 convenit
1479 2598 1538 2643 ut
1571 2591 1662 2658 qui
1703 2590 1967 2647 beneficio

390 2674 620 2732 affectus
649 2688 755 2742 est,
787 2679 858 2732 ita
889 2678 1214 2734 beneficium
1257 2680 1474 2747 referat,
1509 2692 1566 2737 ut
1600 2682 1652 2737 in
1691 2683 1848 2739 bonis
1887 2694 1968 2738 at-

2423 1936 2606 1990 TKH'.
2646 1966 2717 1976 —
2750 1934 2957 2007 ΔΕΤῙῼ
2991 1934 3291 1990 KOMHTI.

2139 2045 2201 2097 Οἱ
2236 2046 2347 2108 τοῖς
2379 2045 2437 2112 ἐξ
2466 2046 2642 2117 ἀρχῆς
2668 2047 3097 2117 εὐεργετήσασιν
3157 2048 3239 2109 εἰς
3274 2046 3493 2099 ἅπαντα
3525 2061 3660 2098 κατ-

2067 2134 2379 2188 ακολουθεῖν
2421 2136 2837 2200 σπουδάζοντες,
2866 2135 2967 2189 κᾶν
3004 2134 3080 2206 μὴ
3116 2135 3297 2189 δίκαια
3324 2137 3526 2187 ἐκεῖνοι
3574 2134 3662 2186 αἱ·

2067 2230 2238 2295 τοῖεν,
2284 2230 2621 2302 ἁμαρτάνειν
2660 2248 2752 2302 μοι
2797 2228 3015 2283 δοκοῦσι
3038 2245 3052 2259 ·
3099 2228 3199 2283 κᾶν
3226 2229 3427 2283 δοκῶσι
3461 2244 3663 2280 κοινω-

2069 2321 2285 2383 νοῦντες
2317 2323 2378 2375 οὐ
2415 2323 2609 2394 δικαίῳ
2643 2323 2952 2394 πράγματι,
2986 2321 3178 2392 δικαίῳ
3210 2321 3379 2391 ἑτέρῳ
3410 2319 3527 2389 (50)
3560 2330 3661 2371 τπ-

2077 2413 2371 2479 ριστέλλειν
2426 2415 2524 2485 τὴν
2588 2415 2825 2486 μέμψιν,
2891 2415 2970 2487 τῷ
3026 2414 3350 2485 ἀμείϐεσθαι
3402 2412 3533 2475 τοὺς
3596 2404 3660 2465 εῦ

2074 2505 2427 2571 ποιήσαντας.
2461 2504 2581 2575 Χρὴ
2620 2505 2675 2557 δὲ
2704 2505 2798 2557 τὸν
2842 2500 2901 2558 εὖ
2941 2503 3180 2557 παθόντα
3224 2503 3569 2557 ἀντευποιεῖν
3600 2502 3661 2553 ἐν

2074 2593 2258 2657 καλοῖς
2298 2595 2658 2667 ἀμειϐόμενον
2684 2637 2699 2659 ,
2744 2596 2844 2650 οὐκ
2878 2598 2936 2649 ὲν
2966 2598 3155 2658 κακοῖς
3203 2598 3657 2666 συμπράττοντα.

2072 2686 2221 2758 Αὕτη
2254 2688 2361 2758 γὰρ
2391 2688 2491 2741 οὐκ
2515 2688 2663 2741 ἐστιν
2692 2688 2924 2760 ἀμοιϐὴ,
2958 2687 3070 2741 ἀλλ’
3103 2687 3304 2742 ἀδικία.

387 2780 496 2832 que
538 2766 779 2824 honestis
817 2770 977 2825 rebus
1020 2784 1166 2835 eum,
1190 2771 1345 2842 cujus
1392 2771 1653 2828 beneﬁcio
1682 2788 1814 2829 usus
1842 2784 1945 2839 est,
1975 2788 2375 2846 remuneretur,
2410 2793 2517 2833 non
2552 2788 2733 2834 autem
2761 2780 2815 2835 in
2843 2779 2999 2837 malis
3050 2793 3267 2850 operam
3316 2778 3416 2847 ipsi
3466 2782 3654 2831 navet.

390 2856 516 2911 llaec
545 2858 688 2911 enim
720 2874 824 2913 non
856 2859 1219 2916 remuneratio
1244 2870 1345 2921 est,
1379 2861 1473 2915 sed
1518 2860 1804 2928 iniustitia.

501 2972 823 3029 CCCXXIX.
851 3006 918 3015 -—
959 2972 1320 3029 MACHARIO
1366 2973 1852 3032 PRESBYTERO.

390 3066 458 3123 In
503 3067 657 3131 illud,
695 3085 712 3116 ι
751 3065 978 3119 Cantate
1026 3065 1254 3121 Domino
1300 3068 1568 3121 canticum
1608 3084 1799 3122 novum
1835 3068 1902 3121 ¹⁵.
1941 3086 1960 3120 ι

465 3182 584 3247 Quo
611 3192 854 3249 tempore
896 3180 1137 3249 pestiferi
1172 3181 1446 3236 dtemones
1476 3196 1584 3236 una
1623 3197 1744 3236 cum
1794 3184 1967 3253 impe-

392 3285 574 3328 ratore
612 3288 709 3327 suo
740 3271 952 3326 diabolo
1001 3271 1134 3325 nihil
1184 3272 1235 3326 in
1274 3274 1466 3328 ordine
1502 3288 1726 3329 manere
1766 3274 1969 3342 permi-

391 3374 601 3432 serunt,
647 3379 833 3420 verum
876 3364 1023 3417 omni
1068 3363 1368 3432 iniquitatis
1411 3379 1476 3418 ac
1515 3364 1827 3433 rapacitatis
1879 3379 1973 3434 ge-

393 3474 521 3512 nere
557 3472 615 3511 se
665 3456 1077 3523 ingurgitantes,
1117 3468 1214 3507 nec
1256 3455 1418 3507 ullam
1465 3454 1807 3508 contumeliae
1850 3470 1961 3509 suae

395 3560 559 3616 atque
620 3545 934 3614 petulantia:
988 3545 1297 3598 satietatem
1354 3554 1731 3611 agnoscentes,
1763 3555 1969 3599 morta-

395 3635 472 3689 lcs
495 3635 547 3688 in
579 3633 842 3688 malorum
871 3642 1178 3686 extremum
1216 3632 1593 3700 compulerunt
1620 3648 1634 3685 :
1673 3640 1787 3685 tum
1819 3647 1967 3700 vero,

397 3736 533 3789 tum,
563 3725 806 3793 inquam,
848 3723 938 3778 ille
964 3722 1206 3777 omnium
1245 3738 1358 3785 rex,
1388 3733 1445 3778 et
1469 3734 1729 3792 paternus
1759 3738 1961 3788 sermo,

394 3817 538 3885 quod
563 3825 617 3871 et
656 3816 870 3868 illorum
908 3815 1250 3885 tyrannidem
1283 3816 1512 3880 odisset,
1541 3823 1595 3869 et
1626 3814 1819 3869 horum
1859 3814 1963 3867 nti-

395 3908 538 3961 seria
570 3915 1029 3968 commoveretur,
1053 3905 1344 3960 humanam
1376 3916 1626 3959 naturam
1660 3904 1884 3959 subiens
1913 3906 1968 3958 in

396 3999 513 4053 acie
546 3998 717 4052 stetit.
749 3996 938 4065 Itaque
971 4006 1170 4066 trepasa
1203 3996 1397 4066 partim
1418 3995 1528 4065 jam
1565 3994 1965 4058 statuebantur,

399 4091 594 4157 partim
656 4088 1025 4160 erigebantur,
1073 4088 1266 4157 partim
1308 4087 1360 4140 in
1405 4100 1499 4155 spe
1541 4096 1700 4140 erant
1743 4101 1758 4139 :
1800 4095 1965 4154 atque

396 4181 743 4237 barbaricum
793 4180 1010 4250 quidem
1064 4181 1364 4234 daemonum
1425 4192 1615 4247 agmen
1677 4192 1781 4231 una
1846 4191 1970 4230 cum

400 4290 500 4328 suo
552 4275 690 4329 duce
744 4273 1085 4328 calamitates
1131 4286 1257 4325 snas
1292 4270 1608 4337 deplorabat
1657 4285 1672 4323 :
1736 4272 1971 4321 humana

400 4376 579 4421 autem
619 4375 812 4421 natura
856 4364 925 4420 ad
969 4364 1274 4419 libertatem
1319 4374 1576 4432 tanquam
1630 4361 1966 4432 postliminio

403 4461 740 4516 recurrcbat.
771 4458 961 4529 anue
995 4460 1061 4512 de
1087 4472 1253 4512 causa
1291 4455 1612 4512 Psalmistes
1664 4456 1753 4522 iis,
1784 4455 1877 4524 qui
1911 4455 1964 4510 in

399 4557 706 4611 libertatem
763 4554 957 4609 asserti
1008 4553 1243 4619 fuerant,
1300 4563 1359 4607 ut
1426 4552 1699 4607 canticum
1770 4565 1970 4607 novum

400 4653 544 4723 quod
572 4653 811 4705 futurum
839 4658 955 4704 erat
980 4650 1262 4706 cernebat.

578 4766 874 4824 CCCXXX.
908 4798 976 4811 —
1010 4766 1397 4824 TIIEODOSIO
1435 4764 1791 4822 EPISCOPO.

471 4882 578 4937 Per
606 4880 1137 4936 commiserationem
1169 4894 1233 4933 ac
1258 4879 1751 4944 mansuetudinem,
1770 4878 1853 4930 vlr
1880 4893 1968 4929 sa-

401 4975 761 5046 pientissime,
790 4972 1131 5028 calamitates
1156 4987 1366 5037 eorum,
1401 4971 1493 5040 qui
1535 4972 1589 5025 in
1643 4969 1971 5024 tentationes

401 5067 729 5131 inciderunt,
771 5063 941 5119 lenire
987 5065 1256 5129 adniterc,
1325 5072 1487 5131 atque
1544 5062 1691 5131 ipsos
1747 5060 1852 5113 leni
1906 5075 1971 5113 ac

501 5219 706 5274 "Psal.
740 5234 863 5283 xcv,
896 5218 949 5271 ι.

2003 4763 2053 4821 D

2259 2979 2436 3035 TKG’.
2495 3010 2565 3022 υ-
2620 2981 2937 3053 ΜΔΚΑΡῙῼ
2988 2980 3461 3051 ΠΡΕΣΒΥΤΕΡῼ.

2147 3068 2254 3134 Εἰς
2287 3067 2355 3122 τὸ
2380 3107 2397 3135 ,
2442 3086 2463 3121 ι
2500 3069 2723 3140 ’ᾼσατε
2751 3068 2832 3136 τῷ
2863 3069 3056 3138 Κυρίῳ
3089 3062 3254 3138 ᾆσμα
3283 3068 3518 3124 καινόν.
3563 3084 3586 3119 ι

2148 3179 2278 3233 Ὅτε
2313 3181 2361 3233 οί
2404 3180 2673 3251 ἀλιτήριοι
2702 3180 2958 3250 δαίμονες
3002 3177 3141 3249 μετά
3172 3176 3268 3231 τοῦ
3297 3175 3663 3247 στρατηγοῦνι

2074 3289 2165 3333 τος
2192 3271 2376 3335 αὐτοῖς
2423 3272 2695 3339 διαϐόλου,
2748 3271 2899 3326 οὐδὲν
2944 3271 3132 3325 είασαν
3166 3271 3225 3323 ἐν
3263 3269 3415 3335 τάξει
3450 3267 3657 3338 μένειν,

2076 3363 2212 3417 ἀλλά
2243 3363 2425 3435 πάσης
2454 3364 2671 3426 ἀδικίας
2711 3364 2807 3417 καὶ⁴
2852 3360 3165 3426 πλεονεξίας
3211 3357 3619 3431 ἐμφορούμενοι
3640 3397 3657 3423 ,

2070 3456 2166 3508 καὶ
2200 3453 2413 3524 ὕϐρεως
2458 3452 2621 3523 κόρον
2666 3452 2766 3505 οὐκ
2807 3450 3009 3513 ειδότες
3047 3448 3141 3502 ἐπὶ
3182 3447 3244 3501 τδ
3287 3446 3519 3517 ἔσχατον
3548 3445 3662 3498 τῶν

2069 3542 2258 3597 παθῶν
2310 3543 2422 3613 (5|)
2472 3543 2601 3605 τοὺς
2653 3539 2978 3611 ἀνθρώπους
3028 3537 3320 3609 ἀπήλασαν
3344 3553 3359 3569 ο
3415 3534 3541 3589 τότε
3592 3532 3659 3603 δὴ

2067 3633 2189 3686 τότε
2220 3632 2371 3703 ὁξτῶν
2393 3632 2648 3686 ἁπάντων
2680 3629 2959 3700 βασιλεὺς,
2978 3629 3007 3680 ὁ
3034 3626 3289 3697 πατρῷος
3316 3625 3512 3693 Λόγος,
3544 3623 3656 3676 τῶν

2077 3726 2176 3797 μὲν
2224 3725 2466 3795 μισήσας
2494 3723 2593 3794 τὴν
2633 3722 2946 3792 τυραννίδα,
2986 3720 3096 3777 τῶν
3143 3719 3201 3773 δὲ
3243 3717 3523 3789 οἰκτείρας
3561 3715 3663 3779 τὰς

2077 3814 2390 3885 συμφορὰς,
2440 3813 2788 3884 ἀνθρωπείαν
2833 3810 3033 3873 ὑποδὺς
3067 3809 3252 3879 φύσιν,
3290 3809 3383 3863 ἐπὶ
3412 3808 3516 3879 τῆς
3562 3825 3664 3861 πα-

2076 3902 2348 3973 ρατάξεως
2386 3901 2537 3972 ἐστη.
2559 3901 2807 3971 Τρόπαια
2834 3897 3125 3971 τοιγαροῦν
3160 3899 3229 3951 τά
3258 3896 3358 3967 μὲν
3390 3897 3660 3966 εἱστήκει,

2076 3994 2144 4048 τὰ
2185 3994 2241 4046 δὲ
2269 3992 2548 4065 ἠγείρετο,
2576 3992 2646 4046 τὰ
2677 3992 2734 4045 δὲ
2755 3989 2823 4064 ἦν
2852 3991 2967 4062 (52)
2995 3993 3053 4044 ἐν
3082 3990 3284 4045 ἐλπίσι.
3320 3990 3430 4044 Καὶ
3466 3989 3530 4042 τὸ
3562 3989 3663 4059 μὲν

2079 4085 2353 4157 βάρϐαρον
2387 4085 2495 4137 τῶν
2534 4083 2807 4154 δαιμόνων
2839 4082 3027 4150 στίφος
3056 4081 3195 4152 μετά
3220 4079 3315 4135 τοῦ
3351 4079 3661 4152 στρατηγοῦ

2077 4176 2175 4239 τὰς
2201 4173 2486 4245 συμφορὰς
2511 4172 2728 4226 ἔστενεν
2750 4188 2763 4201 ·
2808 4173 2842 4242 ή
2867 4170 3027 4240 φύσις
3064 4170 3120 4223 δὲ
3155 4171 3189 4241 ή
3220 4170 3541 4241 ἀνθρωπεία
3579 4171 3663 4233 είς

2078 4267 2388 4339 ἐλευθερίαν
2421 4266 2697 4337 ἀνέτρεχε.
2724 4264 2815 4317 Διὸ
2839 4264 2934 4317 καὶ
2958 4264 2988 4315 ό
3013 4262 3266 4333 Μελῳδὸς
3290 4258 3442 4333 ᾆσμα
3478 4262 3663 4316 καινὸν

2078 4362 2225 4434 ᾄδειν
2252 4362 2366 4423 τοῖς
2395 4357 2809 4429 ἐλευθερωθεῖσι
2836 4354 3259 4426 παρεκελεύετο.
3291 4355 3663 4426 Προφητικοῖς

2078 4452 2185 4525 γὰρ
2208 4450 2508 4522 ὀφθαλμοῖς
2534 4448 2726 4503 ἐθεᾶτο
2749 4448 2811 4501 τὸ
2846 4448 3058 4518 μέλλον.

2039 4556 2339 4614 canerent,
2386 4544 2712 4616 imperabat.
2772 4542 3052 4613 Siquidem
3104 4538 3438 4611 propheticis
3493 4537 3664 4595 oculis

2367 4760 2492 4815 TA'.
2525 4789 2599 4802 —
2629 4754 2953 4828 ΘΕΟΔΟΣΙῼ
2991 4752 3367 4824 nmmum.

2147 4875 2328 4944 Οἴκτῳ
2362 4874 2458 4927 καὶ
2500 4871 2792 4944 πραότητι,
2821 4864 2866 4924 ὦ
2911 4866 3213 4936 σοφώτατε,
3250 4862 3659 4933 καταπραΰνειν

2078 4966 2252 5038 πειρῶ
2279 4965 2380 5029 τὰς
2406 4964 2515 5019 τῶν
2558 4965 2891 5035 πειρασμοῖς
2917 4960 3419 5032 περιπεπτωκότων
3455 4973 3663 5026 συμφο-

2081 5058 2202 5131 ράς,
2231 5059 2325 5112 καὶ
2351 5056 2605 5121 ὲκϐιάζου
2629 5056 2828 5119 αὐτοὺς
2859 5053 3004 5124 λόγῳ
3034 5051 3185 5123 ἠπίῳ
3208 5050 3347 5123 πρὸς
3371 5047 3657 5119 εὐθυμίαν,

1514 5326 1743 5382 VARIZE
1783 5322 2166 5381 LECTIONES
2200 5322 2288 5378 ET
2325 5320 2562 5379 NOTAE.

478 5488 590 5560 (-59)
620 5488 755 5560 Cod.
792 5486 1072 5560 _Vat._65(_),
1098 5485 1323 5560 ἀτοπον.
1352 5483 1567 5560 Possm.

480 5553 592 5628 (50)
632 5559 738 5613 Pro
787 5555 1195 5628 δικαίῳ-ἑτέρῳ
1244 5556 1382 5609 idem
1434 5557 1556 5611 cm].
1628 5553 1817 5608 scribit
1866 5567 1976 5609 uno

408 5626 592 5690 vtulm,
622 5627 964 5696 δικαιοτέρῳ.
999 5626 1073 5680 ID.

480 5700 595 5758 t5”
636 5697 741 5753 Pro
760 5692 949 5751 παθών
995 5695 1139 5752 idem
1169 5694 1290 5751 cod.
1341 5692 1463 5749 Vat.
1492 5692 1614 5749 630.
1675 5692 1822 5763 legit,
1873 5709 1975 5748 καφ

2081 5479 2408 5620 “ﬁdem
2434 5550 2586 5604 abest
2611 5563 2644 5620 a7
2667 5547 2787 5602 cod.
2827 5544 2946 5620 vat.
2973 5545 3105 5620 950.
3136 5543 3295 5620 Ver_s.
3329 5544 3429 5601 ult.
3462 5556 3557 5615 pro
3590 5539 3652 5594 τὸ

2083 5615 2275 5694 μέλλον
2305 5621 2447 5678 idem
2480 5620 2601 5678 cod.
2635 5619 2797 5675 habet
2818 5618 2886 5671 τὰ
2917 5616 3199 5688 μέλλοντα.
3235 5615 3314 5675 In.
