3894 6412
173 316 262 378 9.39

994 318 1529 384 EPISTOLARUM
1563 323 1710 386 LIB.
1753 324 1865 390 III.
1903 351 1972 361 ·-·
2010 327 2251 390 EPIST.
2291 327 2685 389 CCCXXXIV.

3301 327 3406 388 990

172 428 252 479 καὶ
272 424 598 497 ἀναμόχλευε
622 427 720 492 τάς
744 429 844 500 τῆς
863 428 1100 501 ἀθυμίας
1126 431 1304 500 ῥίζας.
1331 433 1393 485 Εἰ
1422 433 1532 504 γὰρ
1552 436 1706 502 γνοῖε·

1831 438 1982 493 suavi
2025 452 2278 494 sermone
2321 439 2388 493 ad
2440 437 2770 493 hilaritatem
2819 435 2996 501 trahe,
3044 435 3407 505 mterorisque

168 516 302 587 παρὰ
343 514 472 578 σοῦ,
519 516 602 570 δτι
649 519 699 571 εἰ
733 519 833 590 μὲν
869 519 1092 584 δικαίως
1139 522 1498 595 ἐπήχθησαν,
1536 543 1728 596 κουφι-

169 605 289 674 σμὸν
339 605 444 674 (53)
476 605 586 658 τῶν
623 609 982 679 πταισμάτων
1029 613 1387 682 ἐργάζονται,
1426 619 1474 670 εί
1503 617 1558 672 δὲ
1607 636 1730 672 συν-

173 687 508 759 εχωρήθησαν
533 692 783 746 ἐπελθεῖν
813 697 979 767 μηδὲν
1007 699 1210 768 φαῦλον
1247 702 1499 773 δράσασι,
1533 707 1726 776 στεφά-

165 796 274 871 νους
312 780 704 850 προξενοῦσιν·
748 787 810 840 οὐ
859 788 1018 857 μόνον
1047 791 1148 862 τὴν
1187 793 1425 865 ἀθυμίαν
1464 795 1723 871 ἐξοστρα-

165 868 368 935 κιοῦσιν,
399 873 537 928 ἀλλά
565 877 662 929 καὶ
689 875 954 950 θυμηδίας
980 880 1480 955 ἐμπλησθήσονται.

370 1077 540 1134 ΤΛΑ’.
595 1107 669 1122 -
715 1081 973 1142 ΔΑΝΙΗΛ
1018 1086 1488 1163 ΠΡΕΣΒΥΤΕΡῼ.

225 1191 336 1243 Ὅτι
380 1192 480 1260 μὲν
510 1194 539 1246 6
583 1196 851 1266 μακάριος
879 1198 1177 1263 Εὑστάθιος
1211 1202 1580 1275 πρεσϐύτερος
1621 1204 1722 1270 τὰς

167 1283 254 1353 μέν
287 1283 386 1334 τῶν
431 1286 676 1356 αἰσχρῶν
709 1287 1011 1358 λημμάτων
1044 1291 1343 1361 ἐπιθυμίας
1375 1298 1720 1367 κατακράτος

164 1371 487 1441 ἐχειρώσατο,
517 1374 547 1426 ὅ
581 1391 634 1426 τι
660 1374 716 1427 δὲ
748 1371 816 1446 ἦν
848 1379 942 1430 καὶ
970 1380 1340 1450 ἀνδραγαθίας
1380 1385 1598 1449 οἰκεῖον,
1639 1390 1719 1450 εἰς

164 1463 301 1516 τοῦτο
331 1467 512 1536 ῥέπων
542 1468 774 1537 ἑωρᾶτο,
799 1470 918 1522 οὐδέ
943 1471 974 1541 ἡ
1011 1472 1078 1541 σὴ
1111 1473 1297 1541 ἀγνοεῖ
1329 1475 1564 1540 σύνεσις.
1592 1478 1717 1532 Ὅτι

161 1557 210 1610 δέ
241 1557 418 1611 τούτου
448 1563 530 1622 είς
575 1561 674 1630 τὴν
707 1564 818 1616 ἀνω
861 1563 1165 1636 σύγκλητον
1206 1572 1712 1641 μεταπεμφθέντος,

161 1653 200 1702 οἱ
232 1651 319 1719 μὲν
343 1651 773 1723 ἀνδραποδώδεις
824 1649 922 1725 (ὧν
947 1653 1028 1721 εἷς
1057 1661 1172 1714 ἐστι
1205 1663 1298 1716 καὶ
1326 1663 1354 1717 ὁ
1383 1663 1585 1734 ἐναγὴς
1615 1667 1716 1718 Εὐ-

1832 530 2045 585 radiees
2067 529 2260 584 evelle.
2298 527 2430 583 Nam
2457 529 2502 583 si
2530 529 2632 584 hoc
2655 542 2719 583 ex
2746 537 2799 582 te
2825 525 3149 596 intelligant,
3176 525 3320 594 quod
3355 525 3400 580 si

1825 620 1971 690 juste
2001 622 2231 677 invectae
2252 630 2397 688 sunt,
2423 621 2748 676 delictorum
2772 618 3096 674 levationem
3126 615 3396 679 elﬁeiunt;

1830 715 1913 768 sin
1961 725 2168 778 autem,
2196 728 2320 768 cum
2365 712 2499 767 nihil
2539 710 2763 767 sceleris
2794 709 3165 772 admisissent,
3195 705 3403 762 oboriri

1827 805 2108 872 permissae
2137 813 2286 869 sunt,
2327 817 2559 858 coronas
2607 801 2972 857 conciliabula
3009 817 3023 854 :
3077 814 3186 854 non
3239 797 3405 852 modo

1827 904 2149 963 conceptum
2191 894 2372 946 animo
2420 907 2709 947 maerorem
2764 890 3160 961 proﬂigabunt,
3209 902 3402 944 verum

1825 983 1987 1038 etiam
2019 983 2202 1038 laetitia
2233 984 2635 1054 periundentur

1965 1095 2294 1153 CCCXXXI.
2343 1127 2414 1138 —
2449 1095 2723 1151 DANIELI
2771 1091 3252 1150 PRESBYTERO.

1893 1211 2047 1278 Quod
2079 1211 2272 1266 beatus
2317 1209 2602 1280 presbyter
2637 1208 2950 1262 Eustathius
2985 1205 3231 1276 turpium
3270 1205 3398 1274 qui-

1821 1304 1942 1358 dem
1978 1311 2279 1370 quaestuum
2317 1301 2644 1371 cupiditates
2697 1299 2923 1368 fregerit
2959 1313 3025 1352 ac
3069 1296 3391 1368 proﬂigarit,

1821 1393 2081 1463 quidquid
2106 1405 2285 1448 autem
2319 1394 2385 1447 ad
2415 1391 2737 1462 probitatem
2772 1388 3054 1454 attinebat,
3087 1389 3152 1442 ad
3183 1388 3234 1441 id
3264 1402 3395 1456 pro-

1828 1484 2062 1552 pendere
2087 1481 2434 1545 cernebatur,
2468 1497 2534 1536 ne
2559 1489 2646 1535 tua
2671 1481 2887 1549 quidem
2917 1478 3202 1548 prudentia
3235 1478 3392 1547 igno-

1830 1585 1932 1628 rat.
1977 1572 2131 1640 Quod
2183 1584 2387 1637 autem,
2427 1587 2492 1627 eo
2532 1573 2597 1626 ad
2622 1572 2861 1627 cmlitum
2897 1569 3183 1625 concilium
3220 1578 3396 1622 trans-

1821 1667 2016 1731 misso,
2065 1663 2248 1718 servili
2280 1664 2463 1717 animo
2494 1662 2742 1717 homines
2773 1660 3029 1733 (quorum
3071 1663 3122 1714 in
3167 1673 3394 1713 numero

163 1741 354 1806 στάθιος
396 1745 426 1797 6
475 1743 744 1838 διάκονος,
798 1742 859 1802 οὗ
911 1749 1003 1802 ἐπὶ
1048 1754 1113 1821 τῇ
1175 1752 1464 1826 ὁμωνυμίᾳ
1517 1757 1706 1829 κομιδῇ

1821 1766 1904 1810 est
1939 1757 2182 1824 impurus
2206 1770 2423 1825 quoque
2455 1756 2718 1808 diaconus
2761 1751 3094 1816 Eustathius,
3142 1751 3233 1821 qui
3268 1764 3392 1805 ctum

160 1836 362 1898 ἐκεῖνος,
395 1835 471 1897 ὡς
499 1831 677 1899 οἶσθα,
710 1837 946 1909 ἡχθετο),
973 1841 1047 1906 ὡς
1077 1842 1371 1908 τεθνεῶτος
1397 1846 1675 1918 ἐχάρησαν
1699 1864 1714 1881 ⁸

160 1926 201 1976 οἱ
236 1925 288 1977 δὲ
331 1926 611 1998 φιλάρετοι
659 1929 1013 2002 ἐλυπήθησαν
1065 1934 1166 2003 τῆς
1210 1935 1377 1990 αὑτοῦ
1432 1938 1715 2003 συνουσίας

162 2019 528 2090 στερηθέντες,
566 2022 725 2077 τοῦτο
760 2027 888 2097 παρ’
923 2027 1059 2098 ἐμοῦ
1098 2029 1356 2099 μάνθανε.

589 2227 756 2282 ΤΛΒ’.
783 2259 853 2270 .-
881 2229 1090 2284 HPoNt
1118 2231 1252 2302 (54).

158 2314 277 2382 Περὶ
305 2313 413 2384 τῆς
459 2316 843 2392 ἀλλοιωσεως
871 2321 968 2392 καὶ
1032 2322 1580 2392 ἀποκαταστάσεως
1605 2326 1713 2381 τοῦ

625 2389 1202 2462 Ναϐο-υχοδονόσωρ.

227 2492 484 2564 Ὀπηνίκα
519 2495 629 2548 τῶν
678 2495 1037 2552 Βαϐυλωνίων
1083 2502 1112 2553 6
1156 2501 1410 2573 βασιλεὺς
1443 2504 1586 2576 πέρα
1613 2505 1714 2576 τῆς

156 2579 480 2654 ἀνθρωπίνης
501 2583 740 2652 φύσεως,
775 2589 869 2640 καὶ
897 2593 1194 2662 φρονήσας,
1227 2593 1322 2646 καὶ
1348 2595 1584 2665 φράσας,
1617 2596 1714 2650 καὶ

158 2670 347 2740 πράξας
389 2677 673 2746 ἐφωράθη,
723 2677 960 2750 ἐξηλάθη
1005 2681 1104 2751 μέν
1141 2681 1243 2751 τῆς
1274 2683 1381 2738 τῶν
1407 2684 1712 2756 ἀνθρώπων

159 2765 415 2829 συνουσίας
443 2784 504 2820 τε
556 2769 649 2820 καὶ
686 2769 874 2840 τιμῆς,
921 2774 1035 2834 τοῖς
1089 2772 1147 2825 δέ
1177 2773 1390 2845 θηρίοις
1435 2776 1712 2840 συνέστιος

156 2857 233 2908 καὶ
281 2859 526 2922 σύνοικος
577 2860 822 2928 γέγονεν.
880 2863 1009 2917 Ὅτε
1063 2865 1121 2918 δέ
1173 2866 1271 2937 τὴν
1329 2869 1711 2939 προσήκουσαν

155 2947 262 3017 ἔσχε
301 2949 430 3021 περὶ
461 2949 555 3002 τοῦ
598 2951 737 3004 Θεοῦ
785 2952 964 3019 δόξαν,
1006 2955 1128 3008 τότε
1180 2957 1276 3010 καὶ
1331 2959 1434 3030 τὴν
1499 2960 1710 3014 οἰκείαν

153 3039 289 3104 δόξαν
326 3041 590 3098 ἀπέλαϐε.
642 3045 754 3115 Τῆς
787 3048 894 3120 γάρ
928 3050 1216 3118 συμφορᾶς
1262 3051 1387 3120 ὅρος
1434 3047 1502 3124 ἦν
1546 3053 1579 3124 ἡ
1615 3051 1707 3106 τοῦ

153 3132 436 3201 κρείττονος
460 3135 774 3204 ἐπίγνωσις.

153 3260 294 3315 Tm.
371 3293 439 3302 —
512 3263 1326 3342 M.tPTtgta_tgo,___zomMo,
1417 3272 1705 3342 MAPuNI,

738 3336 1101 3409 ΕΥΣΤΑΘΙῼ.

207 3442 430 3516 Πότερος
481 3445 589 3515 ἄρα
629 3446 858 3516 πότερον
901 3449 1108 3504 ἀδικεῖν
1147 3452 1352 3523 ἦρξατο
1385 3454 1480 3508 καὶ
1522 3471 1710 3525 παρα-

151 3537 332 3600 νομεῖν,
361 3536 538 3600 οὐδεὶς
575 3536 691 3608 ἐχει
738 3539 938 3610 ῥᾳδίως
973 3540 1174 3608 λέγειν,
1213 3543 1386 3608 οὕτως
1415 3547 1707 3600 ἀντίπαλον

149 3624 231 3694 τὴν
270 3628 466 3680 κακίαν
502 3630 597 3681 ἐπὶ
643 3629 802 3700 κακῷ
835 3631 934 3701 τῆς
975 3631 1188 3686 ἐαυτῶν
1227 3635 1471 3707 κεφαλῆς
1527 3637 1703 3708 ἔχετε.

153 3718 337 3790 Ὠσπερ
385 3715 478 3774 οὖν
528 3723 590 3774 οὐ
648 3722 830 3794 ῥᾴδιον
876 3724 968 3778 τὸν
1031 3726 1377 3796 κατάρξαντα
1457 3730 1554 3782 καὶ
1613 3731 1705 3784 τὸν

149 3810 566 3882 ἀκολουθήσαντα
610 3813 830 3879 εἰδέναι,
881 3815 1056 3880 οὕτως
1093 3818 1214 3872 οὐδὲ
1247 3819 1308 3871 τὸ
1356 3821 1704 3876 καταπαῦσαι

149 3897 230 3968 τὴν
258 3902 449 3971 μανίαν
471 3902 628 3974 ὑμῶν
677 3905 922 3975 εὐχερὲς,
957 3907 1094 3961 ἀλλά
1132 3912 1230 3962 καὶ
1263 3910 1405 3964 πάνυ
1441 3909 1702 3966 δύσκολον

150 3984 265 4043 εἶναι
290 3991 571 4062 νομίζουσι
597 4008 611 4024 ·
650 3993 727 4064 τῷ
754 3993 984 4047 ἕκαστον
1013 3995 1106 4048 τὸν
1132 3995 1323 4068 ἕτερον
1357 3999 1416 4051 ἐν
1439 4001 1504 4070 τῇ
1533 4016 1702 4069 πονη-

153 4079 229 4150 ρίᾳ
251 4083 606 4154 ὑπερϐάλλειν
627 4086 1044 4156 φιλοτιμεῖσθαι,
1067 4087 1168 4141 οὐκ
1196 4088 1490 4156 ἀγνοοῦντα
1514 4086 1570 4162 (ἦ
1596 4092 1704 4163 γὰρ

150 4169 205 4222 ἂν
249 4174 372 4237 ἴσως
418 4176 512 4228 καὶ
563 4176 959 4248 συνεγνῶσθη),
999 4177 1115 4231 ἀλλ’
1171 4179 1537 4250 ἐπιστάμενον
1575 4183 1696 4251 μὲν,

153 4262 238 4315 ὑπὸ
256 4264 310 4318 δέ
345 4265 441 4338 τῆς
471 4267 948 4338 ἀνανταγωνίστου
980 4267 1181 4340 ἔχθρας
1227 4272 1308 4334 είς
1361 4271 1520 4326 τοῦτο
1568 4290 1697 4344 τρε-

151 4358 381 4427 πόμενον.

300 4649 464 4704 ΤΛΔ’.
512 4681 581 4692 -
640 4651 993 4708 ΙΣΧΪῬΙΩΝΙ
1050 4654 1522 4728 ΠΡΕΣΒΥΤΕΡῼ.

149 4736 246 4816 Εἰς
284 4739 351 4793 τὸ
404 4741 738 4816 είρημένοτν·Δ
777 4743 898 4816 ὐπῤ
934 4744 1042 4798 τοῦ
1088 4747 1312 4816 Κυρίου
1373 4746 1525 4815 πρὸς
1585 4747 1702 4816 τὴν

203 4812 604 4952 ἱὲέιῗὲἕῖτῖδα,
655 4831 674 4865 ι
725 4813 915 4882 Ἡμεῖς
965 4812 1433 4886 πρυσκὺνοῦμεὺ
1455 4817 1503 4876 ,ὃ
1538 4812 1702 4873 οῖδα-

209 4996 441 5052 Μάλιστα
482 5000 584 5070 μὲν
620 4999 729 5054 οὐδ’
765 5000 1114 5073 ἀποκρίσεως
1153 5002 1321 5076 ἐχρῆν
1347 5005 1530 5075 τυχεῖν
1569 5003 1698 5069 τοὺς

219 5174 251 5205 ³⁸
275 5177 426 5233 Joan.
457 5195 529 5245 tv,
555 5178 650 5243 22,

1729 4495 1776 4551 D

1821 1847 1961 1900 idem
1991 1846 2090 1899 sibi
2131 1859 2327 1898 nomen
2366 1859 2490 1899 esse
2529 1842 2854 1912 permoleste
2887 1841 2997 1908 ille,
3028 1851 3084 1894 ut
3110 1841 3271 1901 nosti,
3310 1840 3394 1892 fe-

1822 1937 1991 2007 rebat)
2028 1948 2283 2009 tanquam
2317 1945 2530 1990 mortuo
2556 1933 2799 1988 laetitiam
2831 1932 3199 2000 conceperint,
3229 1929 3392 2002 385

1821 2030 2034 2084 virtutis
2062 2039 2242 2083 autem
2281 2039 2551 2090 amantes,
2581 2027 2750 2095 ipsius
2793 2025 3184 2080 consuetudine
3216 2025 3392 2078 orbati

1817 2137 2057 2178 maerore
2087 2121 2274 2176 allecti
2307 2130 2455 2186 sunt,
2485 2121 2616 2174 illud
2651 2135 2716 2174 ex
2747 2135 2833 2173 me
2862 2118 3028 2171 disce.

2199 2233 2549 2291 CCCXXX".
2599 2265 2669 2276 -
2720 2230 3003 2287 l‘lEllONl.

1815 2326 1894 2382 De
1913 2326 2205 2382 mulatione
2229 2336 2276 2380 et
2309 2324 2660 2406 restitutione.
2685 2324 2739 2377 in
2776 2337 2993 2392 regnum
3025 2319 3391 2376 Nabuchodo-

2485 2410 2707 2450 ηοεοτιε.

1886 2504 2113 2573 Quando
2145 2504 2560 2576 Babyloniorum
2590 2519 2682 2559 rex
2711 2516 2874 2571 supra
2908 2503 3157 2556 humanae
3184 2507 3392 2556 naturai

1816 2592 2116 2656 modulum,
2153 2603 2208 2647 et
2236 2593 2496 2656 sensisse,
2526 2601 2582 2646 et
2630 2590 2841 2646 locutus
2891 2589 3083 2656 fuisse,
3123 2601 3177 2645 et
3213 2591 3392 2662 egisse

1816 2693 2123 2751 compertus
2147 2689 2253 2748 est,
2285 2681 2352 2736 ab
2371 2681 2648 2735 hominum
2678 2689 2820 2736 ccetu
2854 2689 2909 2735 et
2937 2681 3142 2736 honore
3170 2681 3391 2735 submo—

1814 2782 1901 2830 tus
1930 2784 2033 2840 est,
2061 2787 2514 2842 communemque
2551 2788 2672 2828 cum
2701 2772 2894 2828 bestiis
2939 2787 3180 2827 mensam
3207 2785 3273 2825 ac
3301 2771 3391 2824 do-

1817 2883 1962 2923 mum
2012 2867 2222 2921 habuit.
2268 2865 2631 2935 Posteaquam
2676 2873 2854 2918 autem
2895 2878 3040 2929 eam,
3069 2877 3229 2931 quam
3259 2875 3391 2915 con-

1811 2959 2086 3024 veniebat,
2113 2959 2177 3014 de
2213 2957 2320 3012 Deo
2348 2959 2671 3012 sententiam
2703 2955 2896 3020 tenuit,
2927 2965 3054 3008 tunc
3078 2953 3242 3008 etiam
3274 2951 3389 3020 glo-

1814 3051 1950 3106 riam
2006 3064 2158 3105 suam
2211 3047 2436 3116 recepit.
2496 3047 2704 3116 Quippe
2742 3044 3070 3100 calamitatis
3126 3041 3391 3098 terminus

1737 3136 1776 3190 C
1811 3151 1930 3198 erat
1960 3141 2354 3212 praestantioris
2388 3139 2613 3209 agnitio.

1809 3272 2182 3328 cccxxxm.
2216 3299 2290 3314 —-
2317 3270 2770 3334 MARTINIANO,
2798 3269 3070 3336 zosmo,
3100 3265 3387 3334 meum,

2383 3341 2804 3398 EUSTATHIO.

1881 3452 2139 3518 Quisnam
2181 3452 2394 3506 tandem
2441 3451 2670 3504 alterum
2706 3451 2902 3504 laedere
2965 3458 3129 3515 atque
3193 3445 3389 3514 injuria

1809 3542 2021 3596 allicere
2049 3543 2271 3611 incepit,
2299 3557 2457 3596 nemo
2480 3541 2638 3596 facile
2661 3541 2842 3595 dicere
2867 3549 3061 3608 potest.
3095 3537 3170 3591 lta
3195 3539 3385 3590 adver-

1810 3636 2009 3689 sariam
2035 3634 2435 3701 improbitatem
2469 3635 2520 3687 in
2552 3633 2743 3700 capitis
2775 3631 2938 3684 vestri
2967 3629 3261 3700 perniciem
3297 3630 3389 3682 ha-

1807 3725 1966 3779 betis.
2022 3723 2484 3790 Quemadmodum
2537 3723 2700 3792 igitur
2741 3721 2883 3774 haud
2910 3719 3069 3773 facile
3103 3726 3206 3781 est,
3263 3732 3388 3771 emn

1809 3817 1900 3886 qui
1931 3816 2228 3877 lacessivit,
2255 3824 2310 3870 et
2339 3831 2462 3869 eum
2495 3815 2586 3882 qui
2633 3825 2853 3868 secutus
2882 3822 2988 3878 est,
3041 3825 3338 3882 agnoscere
3369 3825 3384 3863 :

1805 3909 1992 3962 eodem
2023 3907 2180 3962 modo
2201 3905 2439 3960 furorem
2471 3916 2707 3960 vestrum
2735 3906 3092 3974 comprimere
3113 3902 3389 3968 haudqua-

1807 4015 1968 4068 quam
2000 4013 2230 4068 pronum
2273 4013 2337 4052 ac
2366 3997 2626 4067 proclive,
2652 4012 2838 4051 verum
2884 4009 3140 4064 perquam
3167 3992 3387 4056 diilicile

1806 4102 1970 4160 atque
2009 4093 2236 4144 arduum
2273 4106 2395 4146 esse
2427 4091 2672 4145 homines
2711 4089 3026 4143 existimant
3056 4104 3069 4141 :
3103 4095 3384 4154 promerem

1806 4183 1948 4252 quod
1996 4182 2374 4252 unusquisque
2430 4179 2660 4233 alterum
2725 4176 3070 4246 improbitate
3125 4189 3386 4243 superare

1805 4274 2108 4339 contendit,
2140 4290 2246 4326 non
2300 4273 2557 4342 ignorans
2585 4271 2686 4342 (sic
2720 4271 2865 4324 enim
2903 4269 3133 4322 fortasse
3174 4267 3383 4318 veniam

1805 4364 2271 4434 consequeretur),
2313 4377 2503 4418 verum
2550 4363 2602 4415 id
2647 4360 2862 4430 quidem
2912 4357 3188 4428 cognitum
3225 4364 3384 4423 atque

1805 4466 2138 4526 compertum
2160 4455 2386 4519 habens,
2413 4463 2667 4510 cazterum
2685 4453 2753 4507 ab
2777 4449 3122 4520 insuperabili
3147 4447 3383 4517 quadam

1805 4549 2086 4604 inimicitia
2113 4548 2180 4602 ad
2214 4548 2315 4603 hoc
2335 4547 2620 4617 impulsus.

1897 4656 2270 4714 CCCXXXIV.
2294 4687 2366 4696 —
2383 4653 2778 4711 ISCIIYRIONI
2802 4646 3280 4708 PRESBYIERO.

1803 4750 1871 4806 In
1906 4749 2040 4804 illud
2070 4750 2268 4802 dictum
2302 4766 2334 4802 a
2379 4747 2602 4801 Domino
2639 4750 2707 4799 ad
2745 4746 3168 4808 Samaritanam,
3213 4764 3230 4796 ι
3272 4741 3383 4797 Nos

2170 4820 2457 4873 adoramus
2482 4817 2854 4889 quod_scimus
2881 4817 2947 4871 ⁸⁸.

1873 5007 2107 5064 Maxime
2159 5008 2374 5079 quidem
2435 5023 2536 5065 nec
2582 5022 2902 5080 responsum
2967 5021 3063 5063 eos
3104 5004 3364 5072 'consequ

1214 5290 1450 5348 VARle
1493 5292 1876 5350 LECTIONES
1910 5294 2000 5351 ET
2033 5293 2268 5353 ΝΟΤᾹΞ.

211 5444 311 5507 (55)
352 5444 474 5500 Post
508 5445 812 5516 κουφισμὸν
867 5446 1005 5502 adde
1040 5449 1074 5517 ἢ
1117 5447 1428 5519 ἀφανισμόν
1463 5463 1531 5504 ex
1565 5449 1690 5508 cod.

156 5511 252 5567 Vat.
290 5516 405 5570 650.
433 5515 646 5571 PuSsIN.

157 5653 181 5667 Ι,
213 5584 328 5667 (5&)_
349 5585 477 5640 Cod.
508 5586 629 5667 Vat.
662 5587 767 5667 65_0
792 5587 942 5667 addit
966 5586 1339 5667 πρεσϐυτέρῳ.
1377 5587 1602 5667 V_ers._2
1631 5599 1687 5645 et

156 5657 293 5726 Sep.
317 5658 423 5710 haec
448 5659 609 5712 verba
647 5659 741 5709 καὶ
768 5657 1003 5726 φράσας,
1029 5664 1224 5713 absunt
1262 5675 1290 5710 a
1324 5661 1508 5714 codice
1542 5658 1620 5712 in.

217 5724 320 5785 (55)
354 5726 546 5785 Ceui'er
575 5724 932 5794 Augustinum
967 5744 1129 5786 εει-ιιι.
1163 5729 1266 5785 176
1299 5728 1367 5785 de
1403 5739 1593 5799 temp.,
1627 5740 1684 5786 et

1804 5449 1880 5524 _D_e
1913 5450 2222 5524 Igeresibus,
2261 5467 2380 5524 cap.
2420 5453 2510 5519 56,
2555 5463 2610 5524 et
2643 5453 2921 5518 Photium,
2953 5452 3231 5524 Bibliolh._
3254 5468 3376 5524 pag.

1801 5521 1862 5573 ii
1890 5537 1904 5586 ;
1931 5520 2260 5577 Theodoret.
2294 5521 2388 5578 lib.
2437 5539 2509 5578 tv.
2563 5522 2637 5576 De
2667 5525 2899 5578 lucretio.
2957 5523 3122 5585 fabul.
3142 5539 3162 5587 ;
3193 5520 3364 5577 Nicet'.

2149 5592 2240 5649 lib.
2276 5608 2374 5660 vn,
2408 5591 2481 5647 De
2508 5594 2612 5649 vita
2638 5593 2901 5656 Manuelis
2944 5591 3220 5660 Comueni,
3241 5609 3368 5668 pag.
3407 5607 3416 5666 _‘
