3894 6412
463 344 566 413 901

1666 347 1728 407 S.
1771 347 2063 407 ISIDORI
2102 346 2540 411 PELUSIOTA!
3587 358 3675 416 992’.

478 455 782 531 oportebat,
815 457 909 527 qui
940 456 1203 511 Eunomio
1226 456 1383 512 iidem
1414 455 1803 524 adhibuerunt,
1838 457 2046 513 homini

2154 461 2398 531 Εὐνομίῳ
2427 458 2766 527 πεισθέντας,
2796 460 3070 532 ἀνθρώπῳ
3104 459 3264 532 δεινῷ
3305 461 3399 531 μὲν
3420 458 3549 516 εἶναι
3582 468 3679 537 οίηο

466 549 722 617 opinione
761 562 856 603 sua
886 547 1118 601 faciundo
1146 556 1310 616 alque
1356 556 1566 615 argnto,
1591 548 1686 601 sed
1719 547 1811 616 qui
1857 548 2037 602 dicere

467 655 573 694 non
616 640 877 695 dubitarit
908 637 1103 692 Filium
1152 654 1220 693 ex
1272 638 1609 692 adorantium
1647 654 1872 694 numero
1893 655 2034 705 esse,

469 747 641 799 neque
675 731 800 785 illud
834 732 1267 785 animadvertere
1300 733 1551 799 potuerit.
1580 732 1707 797 imo,
1740 742 1797 785 ut
1821 732 2035 800 quidem

469 822 586 887 ipse
629 837 775 885 reor,
800 821 875 875 ob
909 822 1260 890 anticipatam
1298 823 1603 889 opinionem
1633 838 1697 877 ac
1724 824 2035 879 dominandi

474 914 754 970 libidinem
789 913 1022 968 noluerit
1052 914 1153 967 hoc
1190 914 1393 977 dicere,
1433 915 1576 982 quod
1607 924 1661 969 et
1692 930 1879 969 verum
1932 925 2035 978 est,

470 1016 526 1060 et
555 1006 825 1075 sapientes
850 1006 1000 1074 juxta
1031 1020 1093 1060 ac
1122 1006 1302 1063 stolidi
1348 1007 1810 1072 animadvertunt,
1846 1022 2040 1076 nempe

471 1097 613 1165 quod
667 1097 735 1151 ad
801 1098 1157 1152 Samaritana;
1215 1098 1547 1167 opinionem,
1588 1114 1708 1167 quae
1762 1115 1882 1153 cum
1927 1101 2041 1167 ipso

473 1197 726 1257 tanquam
754 1205 872 1241 cum
918 1188 1102 1243 Jndzeo
1148 1190 1579 1257 colloquebatur,
1624 1206 1885 1260 suamque
1916 1192 2043 1244 reli-

474 1283 684 1351 gionem
742 1281 1042 1337 Judaeorum
1120 1282 1359 1350 religioni
1426 1281 1761 1349 przelerebat,
1801 1284 1865 1335 ad
1900 1283 2043 1336 hunc

475 1373 689 1425 modum
714 1374 1033 1442 respOndeat
1058 1389 1071 1426 :
1097 1391 1115 1425 ι
1143 1372 1249 1427 Nos
1276 1374 1563 1427 adoramus
1589 1373 1730 1442 quod
1763 1373 1984 1427 scimus.
2016 1391 2036 1425 ι

474 1462 861 1515 Constatenim
887 1477 1008 1516 eum
1046 1462 1184 1515 inter
1210 1476 1322 1523 eos,
1366 1461 1457 1529 qui
1502 1463 1813 1527 adorantur,
1852 1477 2045 1517 recen-

476 1552 604 1606 seri.
632 1553 739 1606 Sed
762 1563 937 1607 tamen
976 1569 1045 1608 ne
1068 1554 1134 1608 ab
1166 1554 1294 1622 ipsis
1318 1551 1520 1607 fastidii
1562 1569 1624 1607 ac
1656 1554 1924 1622 superbia:
1950 1569 2042 1609 ac-

478 1658 747 1705 cusemur,
805 1645 1060 1699 adversus
1106 1659 1198 1698 eos
1229 1644 1473 1709 velitans,
1501 1644 1585 1699 his
1618 1644 1795 1698 verbis
1841 1654 1993 1701 utere
2026 1664 2041 1701 :

483 1752 503 1786 ‹
543 1732 792 1791 Extrema
828 1753 957 1791 sane
1002 1737 1299 1792 stoliditate
1346 1736 1628 1800 laboratis,
1659 1737 1784 1791 huic
1838 1738 2042 1792 homini

481 1822 637 1877 iidem
670 1837 1007 1895 arrogantes,
1044 1826 1133 1895 qui
1168 1825 1380 1880 Patrem
1408 1836 1559 1880 extra
1581 1842 1797 1881 omnem
1826 1843 2044 1898 compa-

483 1916 743 1970 rationem
777 1932 897 1972 esse
942 1918 1155 1973 tradere
1188 1932 1350 1972 ausus
1382 1928 1485 1983 est,
1521 1918 1872 1988 divinumque
1908 1919 2047 1973 Pau-

482 2007 590 2060 lum
622 2007 824 2074 rejecit,
854 2010 991 2078 apud
1014 2024 1170 2077 quem
1205 2010 1317 2064 haec
1341 2010 1501 2064 verba
1536 2010 1803 2064 habentur
1835 2028 1848 2064 :
1879 2030 1897 2062 ‹
1927 2009 2043 2064 Non

484 2099 725 2166 rapinam
752 2099 1044 2154 arbitratus
1077 2110 1159 2153 est
1182 2115 1303 2155 esse
1321 2099 1577 2169 aequalem
1622 2100 1731 2155 Deo
1759 2101 1822 2155 ".
1860 2121 1880 2154 ›
1914 2099 2045 2155 lllud

481 2192 623 2244 enim
656 2191 847 2260 majus,
877 2192 1016 2259 quod
1049 2192 1113 2244 ad
1136 2191 1254 2246 Filii
1287 2194 1724 2246 extenuationem
1769 2193 2044 2262 profertis,

483 2296 545 2335 ex
577 2282 976 2349 comparatione
1006 2282 1207 2336 dictum
1256 2294 1357 2342 est,
1382 2296 1484 2335 non
1524 2292 1701 2336 autem
1734 2296 1800 2336 ex
1841 2283 2048 2337 incom-

485 2371 707 2439 parabili
759 2372 1090 2438 pracstantia.
1136 2370 1300 2441 386
1336 2370 1697 2436 Quamobrem
1750 2371 1796 2425 si
1844 2384 1908 2424 ex
1943 2387 2047 2425 non

484 2472 627 2527 ente,
662 2472 717 2515 ut
747 2463 843 2531 ipsi
867 2463 1132 2527 asseritis,
1171 2463 1343 2517 factus
1390 2472 1491 2520 est.
1526 2465 1591 2517 de
1616 2473 1789 2516 vestra
1829 2463 2046 2532 quidem

486 2552 751 2607 sententia
785 2554 960 2622 majus
989 2552 1117 2606 illud
1145 2569 1247 2607 non
1295 2553 1561 2608 consistit.
1592 2554 1872 2625 (Quzenam
1904 2554 2047 2609 enim

483 2642 816 2710 comparatio
842 2650 925 2696 est
950 2642 1069 2712 ejus
1097 2640 1187 2710 qui
1206 2642 1567 2707 sempiternus
1594 2652 1697 2708 est,
1725 2655 1846 2696 cum
1874 2656 1939 2696 eo
1960 2642 2050 2708 qui

483 2744 551 2787 ex
581 2748 686 2787 non
711 2741 833 2788 eote
862 2734 1035 2788 factus
1060 2734 1187 2802 sit?)
1218 2733 1313 2786 Sin
1352 2742 1530 2788 autem
1562 2734 1679 2789 sine
1710 2743 1954 2805 tempore
1985 2749 2050 2790 ac

484 2826 835 2893 perpessione
866 2823 1038 2892 ipsum
1080 2823 1277 2877 factum
1315 2821 1504 2887 fuisse,
1536 2821 1778 2893 profecto
1798 2826 2050 2880 eumdem

489 2922 710 2981 paterna
741 2914 1171 2983 sempiternitate
1220 2914 1605 2969 conlitebimini
1641 2934 1655 2971 :
1688 2917 1901 2971 etiamsi
1930 2930 2053 2987 per-

488 3005 682 3059 fectam
720 3012 773 3060 et
827 3013 1072 3061 exactam
1125 3007 1378 3075 consequi
1421 3006 1723 3075 nequeatis.
1774 3008 1844 3062 ob
1890 3022 2050 3077 quam

2140 548 2307 613 θέντι,
2337 553 2513 603 εἰπεῖν
2536 550 2594 604 δὲ
2622 550 2979 621 τολμήσαντι,
3020 551 3104 603 ὅτι
3132 550 3243 603 τῶν
3271 544 3705 621 προσκυνούντων’

2140 642 2342 695 ὲστὶνό
2398 643 2545 705 Υίὸς,
2595 644 2688 696 καὶ
2737 643 2812 713 μὴ
2852 642 3136 714 δυνηθέντι
3190 642 3455 713 ἐννοῆσαι,
3511 645 3564 715 ἢ,
3608 646 3682 709 ὡς

2142 730 2319 798 ἔγωγε
2371 727 2550 800 οἶμαι,
2603 732 2677 801 μὴ
2727 730 3043 801 βουληθέντι
3102 731 3207 784 ὑπὸ
3252 731 3560 803 προλήψεως
3600 736 3683 788 καὶ

2142 823 2433 893 φιλαρχίας
2477 826 2652 877 εἰπεῖν
2705 823 2850 876 τοῦθ’
2887 824 3024 895 ὅπερ
3087 824 3179 876 καὶ
3209 822 3401 893 ἀληθές
3446 826 3572 885 ἐστι,
3603 839 3685 878 και

2143 916 2296 983 σοςροί
2325 934 2383 968 τε
2412 916 2505 969 καὶ
2557 916 2774 987 ἀνόητοι
2814 916 3106 983 ἐννοοῦσιν,
3152 918 3233 971 δτι
3272 917 3405 988 πρὸς
3433 917 3527 989 τὴν
3574 919 3683 973 ὑπό-

2143 1023 2290 1059 νοιαν
2317 1006 2414 1077 τῆς
2436 1007 2848 1077 Σαμαρείτιδος,
2883 1008 2982 1077 τῆς
3026 1007 3102 1070 ὡς
3162 1008 3401 1077 Ἰουδαίῳ
3431 1008 3570 1078 αὐτῷ
3592 1010 3685 1062 δια-

2142 1096 2463 1168 λεγομένης,
2518 1100 2612 1152 καὶ
2640 1098 2707 1151 τὰ
2750 1100 2951 1168 ἑαυτῆς
2975 1097 3086 1151 τῶν
3138 1097 3444 1152 Ἰουδαϊκῶν
3474 1116 3677 1169 προκρι-

2143 1187 2360 1258 νούσης,
2378 1187 2474 1258 τὴν
2491 1188 2783 1256 ἀπόκρισιν
2801 1188 3005 1258 ταύτην
3029 1188 3345 1257 πεποίηται,
3368 1189 3448 1241 ὅτι
3470 1208 3488 1241 ι
3520 1191 3689 1260 Ἡμεῖς

2152 1278 2566 1346 προσκυνοῦμεν
2584 1279 2611 1331 ὃ
2630 1279 2871 1347 οἴδαμεν·
2900 1297 2918 1330 ι
2949 1278 3171 1349 εὔδηλον
3188 1278 3300 1348 γὰρ
3323 1281 3403 1332 ὅτι
3425 1280 3525 1332 τῶν
3541 1296 3689 1350 προσ-

2146 1371 2493 1439 κυνουμένων
2525 1372 2660 1425 ἐστί.
2691 1371 2836 1441 Πλὴν
2880 1370 2993 1424 ἀλλ’
3023 1372 3112 1425 ἴνα
3155 1372 3228 1441 μὴ
3262 1371 3497 1441 δόξωμεν
3544 1373 3687 1442 ὑπερ-

2145 1460 2299 1531 οψίας
2329 1460 2546 1532 γραφὴν
2582 1461 2889 1531 γράφεσθαι
2939 1463 3068 1532 παρ’
3103 1461 3306 1527 αὐτῶν,
3358 1462 3680 1531 ἀκροδολιζό·

2149 1569 2308 1621 μενος
2355 1552 2488 1623 πρὸς
2532 1553 2729 1615 αὐτοὺς
2781 1553 2923 1617 εἰπὲ,
2967 1553 3048 1605 ὅτι
3086 1550 3438 1623 Ἀὁελτηρίαν
3480 1553 3693 1625 ἐσχάτην

2147 1645 2372 1707 νοσεῖτε,
2396 1642 2711 1706 πεισθέντες
2732 1642 3002 1715 ἀνθρώπῳ
3017 1643 3345 1712 δογματίσαι
3360 1644 3691 1715 τολμήσαντι,

2148 1731 2477 1803 ἀσύγκριτον
2516 1727 2656 1786 εἶναι
2682 1733 2773 1787 τὸν
2804 1733 3044 1804 Πατέρα,
3085 1732 3181 1787 καὶ
3223 1734 3689 1805 παραγραψαμένῳ

2145 1823 2236 1878 τὸν
2284 1822 2567 1876 Θεσπέσιον
2601 1824 2811 1877 Παῦλον
2862 1825 3163 1895 εἰρηκότα·
3206 1843 3227 1876 ι
3275 1825 3389 1895 υὺχ
3429 1826 3695 1896 ἁρπαγμὸν

2146 1916 2389 1986 ἡγήσατο
2414 1913 2476 1967 τὸ
2508 1910 2646 1968 εἶναι
2677 1915 2766 1968 ἴσα
2795 1913 2933 1985 Θεῷ.
2970 1933 2989 1967 ι
3017 1915 3090 1967 Τὸ
3120 1914 3229 1987 γὰρ
3252 1915 3474 1984 μεῖζον,
3524 1914 3551 1968 ὃ
3574 1934 3693 1987 «po-

2148 2006 2341 2075 φέρετε
2398 2005 2534 2074 πρὸς
2590 2005 2887 2059 ἐλάττωσιν
2920 2003 3017 2058 τοῦ
3052 2005 3209 2069 Υἱοῢ,
3260 2007 3327 2060 ὲκ
3376 2008 3693 2080 συγκρίσεως

2147 2095 2379 2166 εἴρηται,
2439 2095 2532 2148 καὶ
2566 2096 2669 2148 ούκ
2730 2097 2794 2148 ἐκ
2866 2094 2967 2165 τῆς
3020 2094 3356 2166 ἀσυγκρίτου
3420 2096 3690 2166 ὑπεροχῆς.

2148 2186 2210 2239 El
2248 2186 2348 2255 μὲν
2369 2180 2461 2239 οὖν
2497 2186 2557 2250 ἐξ
2605 2187 2705 2239 οὐκ
2754 2186 2945 2251 ὄντων,
3001 2184 3075 2249 ὥς
3120 2202 3279 2253 φατε,
3325 2185 3563 2255 γέγονεν,
3593 2187 3695 2241 οὐδὲ

2148 2277 2208 2330 τὸ
2239 2278 2419 2347 μεῖζον
2454 2278 2667 2330 ἵσταται
2705 2276 2816 2348 (56)
2844 2276 2967 2330 καθ’
2993 2276 3159 2346 ὑμᾶς.
3185 2276 3323 2329 Ποία
3352 2277 3460 2348 γὰρ
3494 2277 3697 2349 σύγκρι-

2152 2386 2236 2430 σις
2267 2367 2360 2421 τοῦ
2390 2370 2477 2420 ἀεὶ
2528 2367 2679 2431 ὄντος
2716 2369 2852 2439 πρὸς
2906 2368 2975 2421 τά
3007 2368 3069 2420 ἐκ
3103 2366 3179 2438 μὴ
3219 2366 3390 2420 ὄντων
3434 2370 3694 2436 γεγονότας

2154 2462 2218 2513 Ei
2264 2460 2319 2513 δὲ
2374 2459 2617 2529 ἀχρόνως
2666 2460 2759 2512 καὶ
2810 2458 3041 2522 ἀπαθῶς
3089 2458 3418 2528 γεγενῆσθαι
3460 2458 3610 2511 αὑτὸν
3643 2459 3698 2510 ὲκ

2149 2550 2251 2620 τῆς
2280 2549 2557 2620 πατρικῆς
2596 2549 2860 2618 ἰδιότητος
2903 2548 3288 2619 ὁμολογήσετε,
3325 2548 3427 2602 κᾶν
3463 2553 3531 2618 μὴ
3558 2547 3697 2619 δυνη-

2152 2642 2333 2713 θείητε
2383 2643 2482 2712 τῆς
2527 2640 2788 2712 ἀκριϐοῦς
2823 2642 3033 2705 ἑννοίας
3079 2640 3388 2711 ἐφικέσθαι,
3417 2635 3486 2711 ἦς
3535 2640 3699 2692 ἕνεκεν

2152 2732 2388 2804 εἴρηται,
2421 2751 2439 2784 ι
2489 2731 2546 2785 '0
2582 2733 2773 2804 Πατήρ
2812 2750 2911 2803 μου
2965 2732 3163 2803 μείζων
3215 2731 3316 2803 μού
3374 2734 3587 2786 ἐστιν.)
3633 2732 3697 2783 Οὐ

2151 2824 2260 2896 γὰρ
2306 2824 2676 2890 διδασκαλίας,
2736 2824 2873 2879 ἀλλά
2901 2824 3255 2895 παραμυθίας
3310 2823 3496 2877 ἕνεκεν
3553 2824 3699 2894 μόνης

2150 2919 2310 2971 τοῦτο
2364 2920 2578 2989 εἴρηται
2623 2918 2736 2980 τοῖς
2806 2916 3123 2981 ἀποστόλοις
3152 2914 3266 2986 (57)
3309 2914 3591 2984 τεθνηκόσι
3634 2912 3700 2983 τῷ

2152 3004 2282 3074 δέει,
2315 3008 2391 3072 ὡς
2424 3008 2623 3063 αὐτίκα
2654 3007 2798 3077 μάλα
2840 3007 3265 3077 ἀλλασσομένοις
3303 3007 3438 3077 (58),
3473 3007 3556 3060 ἴνα
3587 3005 3700 3076 eap-

487 3097 687 3152 dictum
714 3096 806 3161 sit,
842 3115 860 3148 ι
898 3096 1058 3152 Pater
1092 3113 1242 3152 meus
1271 3098 1441 3166 major
1472 3114 1559 3154 me
1595 3109 1679 3154 est
1708 3100 1774 3154 η.
1810 3118 1830 3153 ι
1861 3097 2049 3169 Neque

2156 3104 2318 3173 ροῖεν,
2350 3102 2426 3165 ὡς
2456 3101 2589 3171 πρὸς
2604 3098 2697 3153 τὸν
2723 3097 2981 3153 δοκοῦντα
3011 3098 3193 3162 αὐτοῖς
3224 3098 3470 3167 μείζονα,
3497 3114 3707 3169 πορευο-

488 3186 630 3241 οηίιη
661 3188 942 3252 doctrina),
989 3187 1083 3243 sed
1145 3188 1533 3245 consolationis
1587 3190 1847 3244 duntaxat
1889 3206 2049 3245 causa

2160 3193 2320 3265 μένου
2366 3190 2554 3245 αὐτοῦ.
2612 3192 2723 3244 Καὶ
2772 3190 2964 3242 τούτου
3021 3188 3296 3255 ἀπόδειξις
3368 3189 3614 3259 ἐναργὴς,
3656 3189 3709 3239 τὸ

492 3278 594 3357 hoc
621 3282 689 3332 ad
716 3280 1010 3347 apostolos,
1048 3279 1139 3349 qui
1167 3290 1418 3349 tanquam
1482 3280 1769 3336 confestim
1800 3282 2051 3351 perituri,

493 3378 634 3420 uictu
665 3368 896 3421 coniecti
922 3384 985 3422 ac
1017 3382 1154 3437 pene
1186 3370 1437 3424 exstincti
1478 3378 1656 3437 erant,
1690 3371 1893 3425 dictum
1928 3380 2011 3425 est
2039 3389 2054 3426 :

490 3475 599 3528 quo
634 3461 883 3513 nimirum
915 3461 1057 3514 bono
1091 3460 1273 3515 animo
1311 3470 1513 3526 essent,
1564 3471 1818 3531 tauquam
1853 3462 1966 3529 ipse
1992 3463 2058 3516 ad

492 3566 638 3615 eum,
675 3567 832 3620 quem
858 3552 931 3605 illi
964 3552 1220 3621 majorem
1257 3554 1661 3618 existimabant,
1687 3552 2059 3622 proﬁciscere-

495 3652 603 3696 tur.
633 3643 806 3711 Atque
839 3642 963 3697 huic
984 3644 1060 3697 rei
1096 3644 1382 3713 perspicuo
1427 3653 1746 3713 argumento
1788 3644 1915 3698 illud
1954 3652 2057 3707 est,

494 3732 637 3800 quod
666 3747 771 3785 non
809 3733 860 3786 in
920 3733 1023 3786 alio
1046 3742 1308 3802 tempore,
1338 3748 1522 3787 verum
1557 3733 1609 3787 in
1640 3733 1753 3788 sola
1789 3748 1850 3787 ea
1880 3744 2058 3800 nocte,

497 3824 550 3877 in
575 3839 678 3893 qua
711 3823 949 3877 futurum
984 3835 1103 3879 erat
1132 3834 1190 3877 ut
1221 3824 1546 3888 traderetur,
1579 3825 1681 3879 hoc
1713 3824 1915 3879 dictum
1940 3825 2012 3880 sit
2042 3842 2059 3879 :

497 3917 551 3971 iu
584 3933 669 3981 ea,
703 3918 941 3985 inquam,
969 3930 1146 3985 nocte,
1200 3918 1252 3971 in
1304 3934 1406 3986 qua
1448 3919 1515 3973 ad
1552 3927 1754 3973 tantam
1786 3919 2060 3973 humilita-

497 4018 604 4061 tem
635 4024 914 4064 sermones
948 4025 1074 4064 suos
1125 4008 1505 4078 coni‘ormavit,
1533 4021 1592 4063 ut
1618 4011 1822 4066 diceret
1852 4029 1865 4064 :
1906 4029 1926 4063 ι
1982 4012 2061 4065 An

496 4102 697 4169 putatis
722 4103 865 4177 quod
897 4118 1000 4155 non
1040 4116 1258 4170 possmn
1310 4117 1498 4171 rogare
1532 4102 1746 4158 Patrem
1778 4118 1980 4166 meum,
2011 4111 2067 4157 et

496 4192 773 4246 exhibebit
808 4193 935 4246 mihi
972 4186 1253 4248 duodecim
1298 4193 1537 4263 legiones
1584 4193 1900 4264 angelorum
1929 4195 2005 4249 1’?
2040 4214 2059 4246 ι

497 4282 633 4350 Quid
657 4284 800 4337 enim
837 4293 986 4338 tanto
1015 4299 1238 4337 numero
1272 4300 1406 4353 opus
1435 4295 1571 4351 erat,
1606 4301 1726 4339 cum
1764 4304 1904 4343 unus
1929 4288 2067 4342 dun-

497 4382 665 4439 taxat,
692 4374 920 4429 Ezechia
951 4390 1174 4445 regnum
1223 4376 1523 4440 obtinente,
1556 4387 1769 4432 centum
1791 4381 2066 4450 octoginta

2161 3285 2236 3356 μὴ
2259 3286 2313 3337 ὲν
2342 3283 2486 3353 ἄλλῳ
2509 3282 2709 3353 καιρῷ,
2758 3278 2996 3352 ἑνάύτῇ
3030 3281 3086 3334 δὲ
3129 3282 3196 3351 τῇ
3231 3280 3388 3334 νυκτὶ
3420 3282 3575 3351 μόνῃ,
3608 3272 3710 3350 ἐνῇ

2158 3377 2348 3448 ἔμελλε
2399 3375 2811 3445 παραδίδοσθαι,
2846 3371 3006 3426 τοῦτο
3056 3373 3333 3444 είρῆσθαι,
3367 3374 3425 3426 ἒν
3471 3366 3616 3446 ᾖκαὶ
3642 3372 3709 3432 είς

2158 3466 2425 3537 τοσαύτην
2469 3464 2833 3535 ταπεινότητα
2866 3464 3205 3534 ἐσχημάτισε
3230 3462 3301 3517 τὰ
3336 3463 3618 3533 λεγόμενα,
3643 3461 3709 3525 ὡς

2159 3560 2354 3623 είπεῖν,
2394 3577 2412 3609 ‹
2450 3558 2663 3609 Δοκεῖτε
2702 3556 2786 3609 ὅτι
2832 3556 2891 3607 οὐ
2946 3553 3184 3622 δύναμαι
3220 3552 3598 3625 παρακαλέσαι
3625 3552 3703 3605 τὸν

2161 3649 2379 3715 Πατέρα
2406 3664 2530 3717 μου,
2576 3645 2674 3700 καὶ
2712 3644 2875 3698 δώσει
2910 3662 3001 3715 μοι
3054 3644 3269 3698 δώδεκα
3324 3644 3587 3712 λεγεῶνας
3625 3644 3712 3710 ἀγ-

2161 3740 2373 3808 γέλων;
2427 3757 2444 3790 ι
2489 3736 2555 3789 Τί
2595 3737 2702 3804 γὰρ
2729 3734 2999 3788 τοσούτων
3046 3734 3179 3796 ἔδει,
3215 3734 3335 3798 ἐνὸς
3357 3735 3452 3788 ἐπὶ
3496 3733 3715 3802 Ἐζεκίου

2165 3839 2281 3901 ρπε¹
2310 3830 2551 3902 χιλιάδας
2582 3828 2881 3892 ἀνελόντος,
2926 3827 3020 3881 καὶ
3059 3828 3157 3897 τὴν
3182 3826 3464 3897 Περσικὴν
3510 3826 3715 3895 δύναμιν

2162 3924 2580 3993 ἀποκείραντοςς
2650 3918 2789 3971 Ἀλλ’
2837 3919 2914 3982 ὼς
2978 3918 3137 3989 ἔφην,
3194 3918 3334 3988 πρὸς
3381 3917 3485 3989 τὴν
3535 3917 3717 3971 δειλίαν

2166 4012 2343 4067 αὐτῶν
2384 4010 2477 4063 καὶ
2513 4009 2610 4079 τὴν
2646 4009 2898 4063 ὑπόνοιαν
2918 4008 3240 4077 ἐφθέγξατο.
3276 4009 3339 4060 ΕΞ
3384 4008 3562 4060 τοίνυν
3600 4005 3715 4059 uti-

2164 4123 2263 4176 της
2285 4104 2394 4174 (59)
2428 4100 2660 4173 ἀληθοῦς
2699 4102 2907 4164 ἑννοίας
2939 4100 3043 4182 οὐκ
3083 4100 3411 4169 ἑφικνείσθε.
3438 4098 3718 4168 ἀφεστάναι

2164 4198 2221 4251 δὲ
2243 4197 2343 4265 τῆς
2378 4194 2486 4247 τῶν
2527 4192 2821 4261 ’Ᾱνομοίων
2850 4191 3105 4253 ἀσεϐείας
3139 4189 3477 4261 προῄρησθε,
3508 4188 3715 4242 δύνασθε

2166 4289 2365 4357 λέγειν,
2400 4286 2427 4339 ὃ
2464 4285 2632 4355 ἔφησέ
2668 4301 2752 4347 τις
2806 4283 2941 4353 πρὸς
2985 4283 3185 4345 αὐτοὺς
3211 4281 3609 4352 διαλεγόμενος,
3638 4281 3714 4333 ὅτι

2168 4381 2262 4433 καὶ
2290 4378 2348 4431 τὸ
2366 4375 2563 4447 μεῖζον
2587 4375 2817 4437 ἵσταται,
2912 4375 3211 4443 γεννήτωρ,
3245 4372 3339 4426 καὶ
3366 4373 3427 4425 τὸ
3467 4373 3579 4427 ἴσον
3612 4369 3705 4425 καθ

497 4464 736 4534 quinque
798 4468 1073 4521 hominum
1138 4468 1301 4521 millia
1340 4479 1602 4533 necasset,
1659 4483 1723 4524 ac
1780 4468 2049 4526 Persicam

2162 4473 2191 4527 ὃ
2214 4471 2346 4532 Θεὸς
2372 4470 2468 4521 καὶ
2497 4464 2801 4536 ὁμοούσιος.

500 4556 789 4623 potentiam
836 4558 1160 4615 concidisset
1182 4559 1267 4612 ὀἳ
1310 4560 1525 4625 Verum,
1558 4570 1615 4615 ut
1643 4561 1776 4628 dixi,
1810 4562 1876 4616 ad
1904 4564 2140 4633 ipsorum
2166 4563 2509 4619 timiditatem
2575 4566 2627 4611 et
2648 4556 2957 4625 opinionem
3024 4555 3237 4610 locutus
3300 4563 3406 4609 est.
3476 4551 3721 4618 Quocirca

497 4648 542 4703 si
579 4664 762 4705 veram
800 4650 939 4705 hanc
974 4653 1294 4708 sententiam
1333 4654 1474 4707 haud
1535 4655 1911 4724 assequimini,
1943 4666 2105 4727 atque
2145 4655 2359 4711 interim
2398 4663 2578 4706 tamen
2619 4650 2688 4704 ab
2714 4650 3104 4703 Anomteorum
3145 4646 3425 4716 impietate
3469 4643 3720 4698 absistere

497 4740 874 4805 constituistis,
904 4742 1032 4798 illud
1055 4744 1205 4799 vobis
1233 4745 1414 4800 dicere
1437 4745 1580 4811 licet,
1611 4747 1751 4817 quod
1779 4763 1810 4801 a
1850 4751 2080 4817 quodam
2122 4750 2246 4804 dum
2312 4747 2570 4799 adversus
2625 4756 2718 4795 eos
2772 4741 3066 4795 dissereret
3122 4738 3343 4793 allatum
3390 4747 3496 4805 est,
3546 4748 3724 4801 nempe

497 4833 639 4904 quod
664 4835 918 4905 et-majus
946 4837 1217 4905 consistit,
1266 4854 1370 4907 qua
1414 4841 1621 4894 ratione
1665 4840 1878 4910 genitor
1920 4851 2051 4897 est:
2126 4850 2182 4897 et
2243 4838 2468 4909 aequale,
2529 4847 2794 4905 quatenus
2849 4833 2991 4888 Deus
3035 4840 3138 4898 est,
3197 4831 3553 4902 ejusdemque
3597 4830 3719 4885 sub-

498 4929 734 4985 stantize.

468 5044 475 5077 ε
572 5046 613 5078 ιτ
639 5045 866 5115 Philipp.
902 5056 963 5108 tt.
992 5044 1046 5100 6.
1120 5045 1164 5079 ι’
1195 5043 1352 5103 Jonn.
1374 5059 1484 5109 τιν,
1510 5045 1602 5099 28.
1679 5045 1723 5077 ⁸⁸
1748 5044 1935 5100 Matth.
1966 5060 2049 5100 xw

2154 5045 2243 5100 55.

2337 5042 2383 5073 ὀ
2410 5041 2472 5095 IV
2510 5041 2644 5111 Reg.
2674 5056 2791 5106 xix,
2812 5038 2904 5095 55.

1585 5175 1824 5230 VARIAS
1867 5172 2249 5231 LECTIONES
2285 5173 2373 5228 ET
2413 5171 2645 5228 NOTE.

578 5315 690 5387 (56)
711 5313 841 5387 Pro
862 5312 1221 5387 ἵσταταιοοιὶ.
1254 5310 1375 5387 Vat.
1401 5310 1563 5387 habet
1589 5312 1794 5387 ἵστατο.
1816 5310 1987 5387 Versu
2022 5311 2056 5365 3
2160 5307 2514 5387 j_ud_icanduin_
2548 5307 2614 5361 de
2644 5306 2713 5387 iis
2744 5322 2864 5387 qua;
2892 5306 3153 5387 laudandi
3190 5320 3375 5387 _causa
3398 5304 3721 5387 ‘dicta‘snnt.

542 5379 601 5439 ro
632 5379 766 5456 πρὸς
789 5384 876 5448 τὰ,
914 5384 1039 5451 legit
1077 5383 1238 5456 idern,
1265 5382 1401 5452 πρὸς
1440 5382 1530 5434 τὸν
1546 5384 1609 5435 ὲκ
1637 5383 1733 5453 μή,
1758 5392 1863 5436 etc.
1896 5379 2053 5437 Vers.

542 5402 601 5439 ro
632 5401 766 5456 προς
789 5401 876 5448 τα,
915 5401 1039 5451 tegit
1077 5401 1238 5445 mem,
1265 5401 1367 5452 προ

503 5401 538 5511 ἓ
565 5471 660 5525 pro
688 5455 788 5509 κᾶν
820 5456 982 5525 habet
1007 5452 1121 5525 καί.
1156 5452 1367 5506 Possm.

577 5525 690 5595 (57)
732 5527 815 5595 Οὐ
872 5524 979 5592 γὰρ
1019 5523 1601 5595 διδασκαλίας........
1636 5521 1760 5586 τοῖς
1792 5520 2059 5575 ἀποστό-

2160 5374 2358 5434 Eadem
2388 5388 2469 5430 est
2491 5375 2714 5445 Joannis
2742 5374 3113 5445 Cbrysostomi
3153 5375 3493 5431 observatio.
3535 5374 3692 5429 Βιττ.

2232 5448 2344 5518 (58)
2379 5445 2515 5518 God.
2552 5443 2699 5518 Va_t.,
2730 5443 3121 5516 ἁλωσομένους.
3153 5446 3229 5518 in.

2235 5511 2346 5590 (ὅθ’)
2387 5515 2518 5590 Post
2535 5515 2737 5590 ταύτης
2764 5511 3384 5590 _idem'cod._addit1_:?j;._
3406 5511 3717 5590 versuinde

504 5581 994 5660 ,ποις-,Ἧιῑιὶεέὶιιῖιι
1028 5593 1341 5658 admonitio,
1391 5581 1497 5645 non
1540 5581 1792 5660 oportere
1831 5606 1892 5645 ea
1944 5604 2049 5659 qua

2161 5581 2324 5660 Ξιὶιό
2350 5587 2486 5660 πρὲις
2525 5581 2729 5660 εὐτρύξ
2762 5586 2916 5660 idem.
2953 5585 3154 5660 scribit
3188 5581 3328 5660 πρὸξ
3360 5585 3526 5660 Ρμᾶς·
3570 5581 3719 5660 3.8.??-

509 5663 823 5718 cousolandi
853 5677 1016 5731 causa
1046 5662 1253 5728 prolata
1282 5662 1479 5731 suntjin
1512 5662 1684 5731 sacris
1714 5660 1956 5731 Litteris,
1991 5661 2063 5713 ita

513 5734 760 5803 accipere
800 5733 954 5803 quasi
993 5730 1335 5800 δογματικῶς
1366 5729 1547 5788 essent
1588 5730 1751 5785 dicta.
1804 5729 2066 5785 Similiter

2296 5647 2409 5779 ᾖξᾶ
2438 5647 2583 5729 (καθ’
2625 5656 2676 5727 ό)
2708 5647 2834 5713 cod.
2873 5654 2996 5710 Vat.
3056 5653 3161 5708 650
3207 5647 3291 5709 sic
3360 5647 3539 5719 habet,
3568 5647 3651 5724 ἦθ’
3675 5649 3720 5713 ό,

2170 5741 2274 5783 εις.
2304 5741 2379 5780 ID.

3368 5921 3406 5946 ἢ
