3894 6412
513 387 619 450 995

1715 374 1775 433 8ο
1804 369 2103 433 ISIDORI

2210 367 2572 431 ELUSIOT/E
3657 366 3743 428 9%

513 491 855 563 perspicuum
896 497 999 546 est.
1028 486 1162 543 lllud
1212 485 1356 542 enim
1392 503 1409 541 :
1445 502 1464 537 ι
1500 482 1616 539 Non
1648 491 1826 552 potest
1860 479 2030 535 Filius
2059 495 2089 533 a

2210 479 2410 551 Βώμην,
2455 481 2539 534 ὅτι
2575 477 2929 542 άνεπίδεκτός
2980 479 3098 531 ἐστι
3152 474 3247 529 τοῦ
3293 472 3533 528 ἐναντίον
3586 491 3636 527 τι
3679 476 3745 546 τῷ

512 599 572 638 se
603 584 719 653 ipso
746 581 924 635 facere
949 580 1243 649 quidquam
1275 578 1346 643 ",
1382 594 1401 629 ι
1450 591 1559 632 non
1592 573 1762 644 ipsius
1807 572 2091 627 imbecilli-

516 684 681 726 tatem
724 672 926 741 prodit,
965 684 1151 724 verum
1195 668 1490 721 maximum
1532 664 1698 721 robur
1735 681 1749 719 :
1784 663 1926 733 quod
1947 662 2095 715 vide-

514 766 641 819 licet
680 764 732 818 in
765 780 888 818 eum
914 764 1111 816 cadere
1143 767 1380 829 nequeat
1407 767 1465 810 ut
1506 756 1732 824 aliquid,
1769 755 1913 822 quod
1945 752 2095 806 Patri

516 858 860 922 adversetur,
891 852 1117 907 efficiat.
1163 851 1430 916 Quoniam
1469 848 1615 902 enim
1650 847 1706 900 in
1736 846 2095 915 suspicionem

519 948 659 1017 apud
710 960 803 1000 eos
854 952 1095 1007 venerat,
1157 952 1410 1010 tanquam
1457 938 1548 1009 qui
1597 939 1706 993 Deo
1757 938 2098 991 adversarius

522 1051 688 1105 esset,
738 1050 900 1105 atque
954 1036 1185 1089 alienam
1262 1033 1487 1102 gloriam
1535 1038 1844 1099 usurparet,
1896 1028 2098 1082 idcirco

520 1132 635 1185 haec
664 1129 824 1184 verba
855 1129 1062 1194 habuit,
1090 1136 1298 1179 tantum
1330 1140 1438 1178 non
1470 1124 1537 1177 ad
1585 1124 1727 1176 hunc
1772 1121 1987 1174 modum
2021 1118 2101 1172 lo-

520 1238 693 1293 quens
724 1240 738 1275 :
773 1220 850 1275 Ne
887 1235 974 1275 me
1003 1218 1329 1274 existimetis
1356 1216 1650 1284 quidquam
1696 1222 1891 1283 praeter
1923 1210 2100 1264 Patris

522 1317 845 1373 sententiam
882 1329 948 1368 ac
972 1315 1301 1367 voluntatem
1328 1311 1533 1365 facere.
1566 1309 1680 1363 Hoc
1701 1308 1842 1361 enim
1878 1305 2100 1359 minime

526 1416 848 1482 contingere
881 1420 1078 1479 potest.
1116 1407 1260 1462 Fieri
1304 1405 1515 1474 nequit,
1550 1415 1609 1457 ut
1646 1404 1714 1457 ab
1756 1402 1900 1456 illius
1938 1414 2100 1468 scopo

522 1505 756 1559 alienum
788 1502 1082 1571 quidquam
1120 1498 1316 1552 faciam
1354 1516 1367 1551 :
1397 1497 1512 1550 fieri
1541 1511 1644 1549 non
1683 1503 1878 1561 potest,
1912 1502 1969 1544 ut
2000 1490 2100 1543 Pa-

526 1597 593 1649 tri
621 1607 910 1661 repuguem
944 1602 998 1645 et
1037 1591 1313 1644 adverser.
1348 1588 1611 1657 Quodque
1638 1584 1766 1638 illud
1803 1584 1887 1637 his
1921 1582 2100 1636 verbis

525 1680 813 1750 significet,
870 1694 993 1732 cum
1047 1691 1114 1731 ex
1178 1677 1282 1742 his,
1332 1692 1453 1745 quae
1509 1692 1538 1729 a
1582 1675 1735 1728 nobis
1776 1674 1916 1727 dicta
1952 1680 2095 1736 sunt,

526 1780 763 1836 constat,
809 1779 920 1823 tum
960 1769 1122 1822 etiam
1157 1782 1223 1821 ex
1263 1782 1329 1821 eo
1380 1767 1568 1834 liquet,
1600 1766 1740 1833 quod
1776 1764 1929 1816 valde
1967 1763 2097 1817 sub-

526 1863 751 1917 missum
801 1871 856 1914 et
907 1858 1109 1915 humile
1163 1859 1383 1911 verbum
1418 1856 1722 1911 collocavit.
1778 1854 1914 1922 Quid
1956 1853 2100 1907 enim
2134 1831 2176 1886 Β

527 1953 697 2009 dixit?
720 1971 738 2004 ι
764 1951 877 2006 Νοιι
902 1959 1077 2021 potest
1099 1947 1265 2003 Filius
1283 1964 1314 2002 a
1344 1949 1518 2016 seipso
1540 1947 1715 2002 facere
1737 1946 2048 2014 quidquam.
2077 1962 2097 1994 ι

526 2045 662 2100 Nam
694 2046 737 2099 si
776 2043 906 2098 illud
946 2042 1195 2105 dixisset,
1224 2056 1283 2095 se
1310 2056 1339 2093 a
1376 2041 1558 2108 seipso
1589 2038 1829 2107 quaedam
1867 2036 2101 2102 efﬁcere,

528 2138 772 2209 quaedam
797 2145 974 2188 autem
1002 2148 1105 2187 non
1138 2149 1166 2185 ιι
1192 2133 1395 2202 seipso,
1419 2131 1647 2185 fortasse
1675 2145 1776 2183 non
1812 2128 2102 2182 absurdum

527 2238 674 2286 esset
697 2228 1281 2294 existimarc,propter
1329 2222 1755 2277 imbecillitatem
1801 2221 1972 2289 ipsum
2023 2219 2106 2274 his

528 2319 710 2373 verbis
750 2333 904 2372 usum
940 2330 1081 2370 esse.
1115 2314 1251 2368 Cum
1284 2324 1466 2368 autem
1503 2314 1618 2384 ipse
1649 2328 1708 2368 se
1758 2312 1894 2366 nihil
1927 2311 2107 2365 facere

530 2427 689 2483 posse
717 2410 938 2473 dixerit,
982 2408 1085 2462 hoc
1136 2407 1309 2476 ipsum
1354 2421 1450 2461 eos
1507 2406 1694 2471 etiam,
1746 2406 1837 2474 qui
1874 2403 2106 2459 sublime

530 2500 737 2569 aliquid
789 2514 852 2553 ac
915 2510 1240 2567 generosqu
1297 2496 1478 2549 animo
1541 2493 1826 2562 complecti
1885 2492 2108 2545 minime

533 2591 742 2656 volunt,
768 2590 835 2644 ad
879 2590 1263 2658 cogitationem
1319 2587 1431 2640 Deo
1463 2594 1879 2640 consentaneam
1920 2598 1984 2637 ac
2025 2583 2107 2636 di-

532 2684 659 2737 vina
700 2681 791 2735 illa
827 2681 1060 2735 essentia
1106 2680 1322 2748 dignam
1386 2676 1638 2746 prosilire
1686 2677 1849 2745 cogit.
1886 2674 2030 2728 Nihil
2074 2688 2105 2727 a

530 2776 710 2843 seipso
740 2772 908 2827 facit?
954 2771 1116 2841 Atqui
1172 2771 1466 2824 maximum
1503 2771 1632 2823 illud
1660 2768 1890 2833 facinus,
1926 2778 1982 2822 et
2011 2770 2108 2821 bo-

540 2880 738 2922 norum
771 2865 1017 2919 omnium
1048 2874 1231 2932 caput,
1260 2864 1402 2932 quod
1432 2862 1755 2931 patriarcha:
1791 2861 2108 2915 ardentibus

528 2955 711 3010 verbis
742 2955 1089 3024 expetebant,
1122 2956 1401 3023 prophetae
1443 2952 1837 3022 praedicabant,
1864 2952 2105 3007 caelitum

531 3044 749 3112 agmina
778 3045 844 3096 ad
876 3051 1155 3112 stuporem
1192 3058 1366 3111 usque
1414 3043 1779 3106 mirabantur,
1817 3042 1931 3109 ipse
1960 3042 2103 3096 fecit.

2197 577 2374 646 Πατρὶ
2420 576 2616 628 ποιεῖν.
2659 574 2877 645 Ἐπειδὴ
2920 573 3031 646 γὰρ
3063 571 3419 626 ὑπωπτεύετο
3441 572 3571 640 παρ’
3591 571 3745 623 αὐτῶν

2196 668 2272 730 ώς
2318 667 2589 733 ἀντίθεος,
2630 668 2726 720 καὶ
2768 665 3058 738 ἀλλοτρίαν
3106 663 3561 734 σφετεριζόμενος
3590 661 3745 727 δόξαν,

2195 760 2357 813 τοῦτο
2387 759 2511 830 ἔφη,
2553 759 2837 830 μονονουχὶ
2883 759 3106 829 φράζων
3138 755 3270 827 (64)·
3298 755 3389 825 Μὴ
3429 754 3665 825 νομίζετέ
3692 771 3748 822 με

2200 851 2353 923 παρὰ
2385 851 2614 921 γνώμην
2663 868 2717 903 τι
2763 849 2859 903 τοῦ
2920 847 3135 920 Πατρδς
3191 849 3387 912 ποιεῖν,
3445 852 3506 897 οὐ
3551 845 3748 899 δύναται

2197 941 2357 994 τοῦτο
2387 941 2660 1010 γενέσθαι.
2692 941 2806 994 Οὐκ
2854 940 3125 1011 ἐνδέχεταί
3159 958 3227 1008 με
3266 938 3418 1010 παρά
3445 938 3635 991 σκοπὸν
3668 938 3750 990 αὐ-

2197 1033 2292 1085 τοῦ
2336 1032 2599 1104 πράττειν
2626 1047 2717 1084 τι*
2766 1032 2867 1084 οὐκ
2912 1032 3147 1100 ἐγχωρεῖ
3197 1028 3749 1098 ἐναντιωθῆναίμετῷ

2200 1123 2396 1194 Πατρί.
2450 1123 2562 1175 Καὶ
2609 1124 2714 1188 ὅτι⁴
2743 1122 2901 1175 τοῦτο
2960 1121 3177 1192 μηνύει,
3223 1121 3381 1190 δῆλον
3418 1121 3514 1190 μὲν
3547 1121 3635 1173 καὶ
3661 1121 3749 1173 ἀπὸ

2200 1213 2309 1267 τῶν
2344 1214 2671 1283 εἰρημένων,
2704 1212 2862 1282 δῆλον
2891 1211 2947 1264 δὲ
2973 1212 3067 1264 καὶ
3095 1208 3314 1264 ἀπὸτοῦ
3343 1210 3483 1277 ἄγαν
3512 1209 3750 1271 ταπεινῶς

2200 1306 2503 1358 τεθεικέναι
2549 1305 2608 1357 τὸ
2641 1305 2811 1375 ῥῆμα.
2862 1304 2927 1356 Τί
2956 1304 3068 1375 γὰρ
3118 1302 3257 1373 έφης
3319 1322 3338 1354 ι
3376 1304 3453 1355 Οὐ
3493 1302 3697 1356 δύναται
3730 1305 3753 1355 ὁ

2201 1396 2330 1459 Υἱὸς
2362 1397 2537 1448 ποιεῖν
2589 1396 2681 1464 ἀφ’
2727 1393 2920 1448 ἑαυτοῦ
2959 1394 3133 1450 οὐδέν.
3182 1413 3200 1445 ›
3231 1394 3293 1446 Εἰ
3336 1394 3435 1464 μὲν
3468 1393 3576 1463 γὰρ
3603 1390 3750 1454 εἶπεν,

2200 1489 2282 1542 ὅτι
2319 1489 2387 1543 τὰ
2411 1490 2509 1559 μὲν
2538 1489 2629 1558 ἀφ’
2673 1487 2867 1542 ἑαυτοῦ
2906 1491 3071 1553 ποιεῖ,
3112 1489 3181 1540 τὰ
3219 1486 3277 1539 δέ
3307 1487 3408 1539 οὐκ
3441 1485 3534 1554 ἀφ’
3562 1485 3749 1547 ἑαυτοῦ,

2201 1582 2343 1651 τάχα
2387 1579 2453 1634 ἂν
2482 1581 2581 1634 οὐκ
2626 1581 2853 1642 ἀπεικὸς
2886 1575 2954 1651 ἦν
3005 1578 3255 1647 ἐννοῆσαι
3289 1579 3372 1631 ὅτι
3401 1577 3469 1630 δι’
3502 1576 3754 1630 ἀσθένειαν

2201 1669 2359 1724 τοῦτο
2385 1670 2512 1741 ἔφη.
2562 1671 2625 1723 Εἰ
2658 1670 2714 1722 δὲ
2757 1670 2908 1722 οὐδὲν
2960 1668 3065 1738 ἔφη
3101 1667 3366 1721 δύνασθαι
3412 1669 3607 1728 ποιεῖν,
3645 1665 3754 1718 αὐτὸ

2204 1762 2347 1816 τοῦτ’
2388 1761 2689 1831 ἀναγκάζει
2717 1762 2811 1814 καὶ
2843 1762 2967 1823 τούς
2993 1760 3067 1832 μὴ
3110 1760 3470 1830 βουλομένους
3495 1757 3685 1826 ὑψηλόν
3711 1774 3755 1808 τι

2206 1856 2462 1927 ἐννοῆσαι
2515 1855 2608 1909 καὶ
2645 1857 2913 1923 γενναῖον,
2946 1855 3025 1917 είς
3056 1852 3263 1907 ἔννοιαν
3293 1850 3634 1920 ἀναπηδῆσαι
3660 1847 3758 1901 θεο-

2205 1949 2394 2020 πρεπῆ
2434 1948 2527 2000 καὶ
2562 1950 2662 2019 τῆς
2699 1947 2849 2009 θείας
2888 1945 3105 2015 ἐκείνης
3143 1944 3333 2007 οὐσίας
3389 1942 3565 2009 ἀξίαν,
3598 1941 3757 2008 λέγον-

2204 2055 2323 2102 τας’
2357 2036 2526 2093 Οὐδὲν
2559 2038 2652 2107 ἀφ’
2691 2035 2887 2090 ἑαυτοῦ
2935 2038 3108 2102 ποιεῖ;
3141 2036 3253 2088 Καὶ
3293 2034 3405 2105 μὴν
3440 2032 3500 2085 τὺ
3537 2032 3758 2101 μέγιστον

2206 2131 2561 2202 κατόρθωμα,
2595 2130 2691 2185 καὶ
2722 2130 2831 2183 τῶν
2856 2128 3081 2198 ἀγαθῶν
3105 2128 3360 2181 ἁπάντων
3387 2128 3449 2179 τδ
3472 2125 3756 2194 κεφάλαιον,

2206 2222 2235 2275 ὃ
2264 2221 2605 2293 πατριάρχαι
2657 2221 2755 2291 μὲν
2793 2218 3004 2283 ώδινον,
3055 2221 3331 2291 προφῆται
3374 2218 3433 2271 δὲ
3473 2217 3755 2287 προέλεγον,

2205 2317 2255 2368 οἱ
2288 2316 2332 2368 δ’
2363 2317 2604 2386 οὐράνιοι
2640 2316 2801 2387 δῆμοι
2836 2314 3249 2384 ἐξεπλήττοντο,
3293 2312 3461 2374 αὐτὸς
3493 2309 3752 2378 πεποίηκε.

2207 2408 2317 2461 Καὶ
2347 2407 2447 2479 βοᾷ
2485 2407 2544 2460 τὸ
2577 2406 2770 2469 σκεῦος
2792 2407 2889 2475 τῆς
2918 2405 3150 2475 ἐκλογῆς
3177 2407 3204 2458 ὁ
3238 2404 3349 2457 τῶν
3380 2404 3539 2456 θείων
3582 2418 3757 2472 μυστη-

2210 2496 2343 2567 ρίων
2372 2496 2597 2567 ταμίας,
2630 2498 2660 2550 ό
2706 2495 2800 2549 τοῦ
2835 2495 3191 2566 κηρύγματος
3234 2495 3611 2565 μυσταγωγὸς,
3640 2493 3758 2564 (ppa-

2209 2587 2350 2650 ζωνο
2386 2606 2405 2640 ι
2448 2590 2544 2652 Ὃς
2574 2589 2632 2641 ἐν
2672 2591 2853 2660 μορφῇ
2891 2588 3026 2642 Θεοῦ
3057 2589 3322 2659 ὑπάρχων
3355 2589 3456 2657 οὐχ
3492 2586 3757 2657 ἁρπαγμὸν

2210 2680 2457 2751 ἡγήσατο
2505 2680 2566 2734 τὸ
2591 2676 2733 2734 εἶναι
2794 2681 2885 2735 ἴσα
2931 2680 3074 2751 Θεῷ,
3129 2681 3245 2735 ἀλλ’
3305 2679 3500 2733 ἐαυτὸν
3553 2679 3757 2732 ἐκένωσε

2212 2771 2426 2844 μορφὴν
2463 2772 2650 2826 δούλου
2699 2773 2899 2827 λαϐών.
2942 2793 2961 2824 ι
3016 2774 3182 2827 Οὐδὲν
3237 2774 3336 2842 ἀφ’
3370 2772 3563 2825 ἑαυτοῦ
3590 2773 3749 2835 misi;

2218 2865 2333 2919 Καὶ
2363 2864 2471 2936 μὴν
2507 2865 2674 2930 αὐτὸς
2712 2865 3013 2937 διαρρήδην
3182 2881 3198 2897 ⁶
3257 2884 3275 2916 ι
3312 2865 3424 2917 Καὶ
3450 2867 3479 2918 ὀ
3509 2864 3645 2928 Υἱὸς,
3679 2862 3757 2925 οὓς

2210 2956 2377 3021 θέλει,
2421 2956 2697 3021 ζωοποιεῖ.
2754 2976 2774 3009 ›
2807 2958 3000 3022 ,Οὐδὲν
3055 2959 3148 3028 ἀφ’
3205 2959 3403 3013 ἑαυτοῦ
3450 2963 3622 3027 ποιεῖς
3667 2958 3759 3011 Καὶ

2213 3048 2320 3120 μὴν
2389 3049 2479 3104 τὸν
2532 3051 2631 3120 μὲν
2691 3049 3092 3120 ἑκατόνταρχον
3156 3051 3580 3121 μαρτυρήσαντα
3632 3050 3760 3120 αὐτῷ

527 3129 743 3188 Clamat
786 3136 891 3187 hoc
938 3148 1033 3187 vas
1102 3132 1229 3187 illud
1290 3132 1593 3195 electionis,
1640 3132 1730 3185 ille
1801 3132 2103 3187 divinorum

2213 3138 2679 3210 αὐτοκρατορικὴν
2706 3139 2934 3210 δύναμίν
2968 3155 3027 3191 τε
3058 3140 3151 3193 καὶ
3189 3140 3440 3205 ἐξουσίαν
3467 3140 3757 3211 ἀνεκήρυξε,

532 3222 916 3292 mysteriorum
957 3224 1105 3277 velut
1132 3238 1352 3292 promus
1376 3223 1602 3288 condus,
1634 3222 1801 3293 388
1842 3223 1930 3277 ille
1968 3239 2106 3293 pra:-

531 3312 820 3367 dieatiouis
845 3314 1099 3377 antistes,
1128 3314 1211 3368 his
1253 3314 1434 3367 verbis
1474 3324 1671 3368 utens:
1709 3331 1727 3364 ι
1768 3314 1869 3379 Qui
1894 3329 2017 3369 cum
2055 3317 2108 3369 iu

533 3405 708 3460 forma
747 3406 843 3461 Dei
896 3415 1062 3472 esset,
1093 3422 1201 3461 non
1254 3408 1499 3476 rapinam
1540 3407 1839 3463 arbitratus
1878 3417 1962 3463 est
1990 3424 2111 3464 esse

534 3510 596 3551 se
625 3497 887 3566 aequalem
917 3499 1048 3563 Deo,
1104 3503 1199 3553 sed
1242 3500 1592 3569 semetipsum
1648 3500 1972 3564 exinauivit,
2002 3499 2112 3553 fur-

534 3603 678 3641 mam
707 3588 848 3641 servi
870 3590 1141 3658 accipiens
1180 3589 1245 3643 ³³.
1283 3609 1302 3640 ι
1331 3590 1473 3644 Nihil
1494 3606 1523 3643 a
1554 3590 1735 3655 seipso
1762 3590 2109 3660 facit?Atqui

537 3678 652 3747 ipse
684 3678 904 3734 disertis
954 3679 1135 3734 verbis
1186 3680 1422 3734 clamat:
1465 3699 1483 3731 ι
1521 3682 1588 3735 Ει
1620 3680 1792 3735 Filius
1819 3695 1956 3750 quos
2001 3684 2113 3735 vult

536 3768 778 3823 vivificat
809 3769 875 3823 ".
921 3786 941 3821 ›
974 3764 1118 3825 Nihil
1157 3785 1185 3824 a
1222 3774 1403 3840 seipso
1433 3771 1597 3826 facit?
1628 3774 1789 3841 Atqui
1835 3776 2110 3827 centurio-

538 3873 686 3924 nem,
716 3860 807 3929 qui
830 3860 1234 3928 imperatoriam
1275 3863 1378 3915 vim
1413 3878 1477 3917 ac
1500 3865 1795 3932 potentiam
1837 3865 1937 3935 ipsi
1963 3866 2114 3920 testi-

540 3953 722 4007 monio
757 3968 857 4008 suo
900 3952 1185 4020 tribuerat,
1233 3955 1579 4024 collaudavit,
1623 3959 1924 4011 doctrinam
1966 3958 2114 4013 vide-

537 4039 667 4095 licet
698 4044 836 4097 hanc
868 4046 1222 4111 confirmans,
1256 4055 1311 4098 ut
1334 4046 1477 4114 quod
1522 4047 1728 4101 dictum
1777 4046 1974 4111 fuerat,
2006 4064 2112 4102 non

540 4134 701 4187 modo
731 4133 1064 4189 centurionis
1089 4137 1381 4203 sententia,
1412 4151 1600 4191 verum
1632 4139 1795 4191 etiam
1833 4139 2115 4206 ipsiusmet

543 4223 845 4277 Salvatoris
871 4223 1130 4294 suffragio
1187 4225 1283 4279 niti
1337 4228 1630 4281 videretur.
1674 4227 1850 4296 Atque
1880 4230 2007 4283 item
2047 4231 2114 4283 ad

539 4315 834 4386 leprosum,
868 4316 962 4385 qui
997 4317 1171 4385 ipsum
1207 4318 1423 4387 quidem
1450 4334 1611 4389 posse
1638 4325 1784 4375 clara
1826 4335 1957 4375 vace
1985 4337 2115 4375 con-

535 4403 716 4460 fessus
759 4406 952 4472 fuerat,
993 4417 1051 4460 ut
1089 4418 1271 4461 autem
1313 4410 1475 4464 vellet
1522 4422 1709 4482 aperte
1760 4413 2111 4483 supplicarat,

2215 3229 2450 3300 βεϐαιῶν
2481 3229 2541 3282 τὸ
2566 3229 2762 3300 δόγμα,
2800 3229 2887 3283 ἵνα
2920 3232 2993 3302 μὴ
3025 3231 3185 3300 μόνον
3209 3231 3310 3300 τῆς
3334 3231 3429 3284 τοῦ
3464 3233 3760 3303 ἑκατοντάρ-

2210 3336 2306 3389 χου
2361 3318 2607 3391 γνώμης,
2674 3320 2811 3374 ἀλλὰ
2865 3322 2964 3374 καὶ
3014 3322 3113 3393 τῆς
3153 3322 3320 3376 αὐτοῦ
3382 3323 3478 3376 τοῦ
3538 3323 3762 3393 Σωτῆρος

2215 3410 2422 3481 ψήφου,
2465 3411 2749 3484 νομισθείη
2789 3413 2849 3466 τδ
2877 3413 3088 3485 λεχθέν.
3133 3414 3225 3485 Τῷ
3260 3415 3319 3468 δὲ
3365 3415 3550 3487 λεπρῷ
3582 3416 3636 3468 τὺ
3675 3415 3762 3486 μὲν

2212 3503 2475 3557 δύνασθαι
2528 3504 2694 3558 αὐτὸν
2747 3504 3017 3576 λαμπρῶς
3064 3507 3504 3577 ὁμολογήσαντι·
3564 3509 3690 3579 ὑπὲρ
3711 3508 3761 3561 δὲ

2212 3594 2308 3647 τοῦ
2347 3594 2631 3665 βούλεσθαι
2670 3596 2771 3666 τὴν
2826 3597 3109 3668 ἱκετηρίαν
3177 3599 3367 3668 σαφῶς
3418 3600 3759 3670 ποιησαμένῳ.

2213 3686 2310 3739 καὶ
2341 3688 2598 3758 φήσαντι,
2629 3705 2648 3738 ι
2686 3687 2813 3741 Ἐὰν
2847 3688 3027 3761 θέλῃς,
3061 3688 3287 3743 δύνασαί
3315 3708 3383 3762 με
3416 3691 3708 3762 καθαρίσαι,
3741 3709 3758 3741 ι

2215 3779 2306 3833 καὶ
2340 3780 2534 3850 ἐντελῆ
2566 3780 2718 3850 αὐτῷ
2749 3780 2998 3845 ἐξουσίαν
3028 3782 3216 3852 σαφῶς
3240 3783 3627 3854 ἀφιερώσαντι,
3654 3786 3759 3854 ἔφη,

2220 3873 2407 3945 κυρῶν
2437 3873 2536 3944 τὴν
2569 3873 2796 3944 γνώμην
2847 3876 2913 3945 τῇ
2964 3876 3259 3943 ἀποφάσει·
3296 3896 3314 3927 ι
3353 3876 3525 3943 Θέλω,
3565 3876 3763 3945 καθαρίο

2220 3966 2399 4034 σθητι.
2436 3984 2455 4017 ι
2493 3966 2661 4019 Οὐδὲν
2696 3967 2789 4035 ἀφ’
2826 3966 3023 4020 ἑαυτοῦ
3050 3971 3223 4031 ποιεῖς
3273 3970 3385 4022 Καὶ
3432 3969 3540 4040 μὴν
3581 3973 3643 4040 τῇ
3666 3970 3762 4021 Χα-

2216 4057 2411 4127 ναναία
2466 4057 2592 4128 ἔφη,
2629 4077 2647 4109 ι
2685 4058 2974 4129 Γενηθήτω
3026 4076 3109 4112 σοι
3160 4060 3236 4123 ὡς
3282 4059 3479 4123 θέλεις·
3519 4080 3537 4111 ι
3582 4062 3668 4115 καὶ
3693 4058 3759 4127 τῷ

2220 4148 2319 4220 μὲν
2365 4149 2555 4219 ἀνέμῳ
2607 4149 2910 4220 ἐπετίμησε
2955 4152 3048 4204 καὶ
3098 4153 3165 4222 τῇ
3227 4151 3511 4225 θαλάσσῃ
3573 4152 3657 4204 τὸν
3711 4150 3760 4202 δὲ

2215 4239 2415 4309 τυφλὸν
2443 4240 2792 4311 ώμμάτωσε⁶
2827 4242 2922 4296 καὶ
2949 4242 3041 4295 τὸν
3079 4242 3178 4312 μέν
3207 4244 3519 4313 παράλυτον
3539 4241 3732 4313 ἔσφιγξε
3751 4255 3763 4271 ι

2216 4331 2308 4385 τὸν
2352 4332 2410 4385 δὲ
2462 4333 2718 4405 Λάζαρον
2766 4332 3011 4406 ἥγειρεν.
3076 4334 3215 4388 Ἀλλ’
3266 4336 3315 4388 εἰ
3371 4336 3550 4389 πάντα
3586 4336 3647 4388 τά
3684 4335 3766 4402 τὴν

2222 4422 2509 4476 αὐθεντίαν
2537 4423 2632 4477 τοῦ
2664 4424 2794 4477 Υίοῦ
2842 4425 3293 4495 ἀνακηρύττοντα
3330 4428 3411 4489 εἰς
3454 4428 3615 4498 μέσον
3651 4427 3767 4493 ἀγα-

537 4514 602 4553 ac
631 4499 878 4553 dixerat:
906 4519 924 4550 ι
958 4498 1013 4553 Si
1036 4504 1136 4563 vis,
1159 4509 1309 4568 potes
1337 4518 1424 4556 me
1444 4507 1722 4573 mundare,
1749 4524 1767 4558 ι
1787 4507 2105 4575 perfectam.

2219 4517 2338 4583 γεῖν
2366 4516 2785 4587 πειραθείημεν,
2816 4517 2926 4570 οὐδ’
2955 4519 3006 4570 εί
3041 4517 3357 4571 παύσασθαι
3382 4495 3764 4588 βουληθείημεν,

537 4605 644 4659 que
679 4591 781 4661 ipsi
827 4593 1129 4661 potentiam
1184 4594 1331 4648 haud
1394 4595 1625 4651 obscure
1668 4598 2011 4668 attribuerat,
2048 4616 2113 4656 ac

536 4683 684 4737 velut
727 4695 1092 4752 consecrarat,
1134 4687 1455 4742 sententiam
1514 4688 1632 4756 ejus
1688 4705 1785 4745 sua
1844 4695 2109 4749 sententia

536 4776 884 4841 confirmans,
932 4777 1109 4832 dixit:
1153 4796 1171 4829 ι
1229 4776 1384 4839 Volo.
1436 4779 1696 4835 Muntlare
1727 4783 1793 4839 ³ο.
1836 4802 1855 4834 ι
1890 4782 2037 4840 Nihil
2079 4802 2110 4840 a

536 4868 715 4934 seipso
740 4867 910 4928 facit?
938 4868 1103 4939 Atqui
1156 4873 1220 4925 ad
1257 4871 1619 4928 Chananaeam
1650 4875 1734 4930 his
1764 4878 1942 4933 verbis
1984 4894 2112 4935 usus

534 4969 661 5017 est:
699 4978 719 5012 ι
755 4959 876 5014 Fiat
904 4962 998 5015 tibi
1035 4962 1173 5017 sicut
1206 4963 1288 5017 vis
1325 4964 1391 5020 ³¹.
1425 4982 1445 5016 ι
1481 4966 1660 5034 Atque
1707 4975 1763 5021 et
1812 4978 2031 5023 ventum
2056 4979 2113 5024 et

537 5070 687 5110 mare
714 5056 981 5123 iucrcpuit
1014 5055 1080 5116 ",
1105 5065 1159 5110 et
1190 5072 1388 5111 caecum
1414 5058 1738 5112 illuminavit
1768 5058 1833 5123 ³³,
1859 5068 1913 5113 et
1948 5075 2112 5129 para-

536 5145 758 5219 lyticum
789 5147 1041 5201 astrinxit
1070 5147 1134 5212 ³⁸,
1154 5159 1209 5202 et
1240 5147 1502 5203 Lazarum
1535 5151 1791 5206 excitavit
1813 5151 1879 5208 ³⁸.
1910 5150 2109 5208 Verum

535 5239 579 5292 si
610 5248 804 5292 cuncta
837 5253 923 5303 ea,
963 5254 1083 5309 quas
1126 5238 1248 5294 Filii
1281 5242 1659 5297 auctoritatem
1714 5260 1778 5297 ac
1816 5245 2111 5314 potentiam

536 5329 858 5398 prmdicant,
909 5329 964 5384 in
1013 5332 1248 5385 medium
1304 5332 1552 5401 proferre
1597 5349 1875 5399 conemur,
1939 5351 2030 5400 ne,
2067 5336 2110 5390 si

2222 4606 2353 4668 ἴσως
2377 4605 2757 4677 δυνηθείημεν.
2811 4607 3012 4678 Διόπερ
3041 4607 3217 4661 ταῦτα
3263 4610 3533 4680 παρέντες
3552 4609 3651 4662 ἀπὸ
3674 4606 3767 4659 τῶν

2224 4696 2346 4750 καθ’
2408 4698 2633 4761 ἑαυτοὺς
2682 4698 3153 4771 συλλογισώμεθα.
3207 4699 3376 4753 Οὐδὲν
3447 4700 3540 4770 ἀφ’
3599 4696 3767 4753 ἐαυτοῦ

2220 4792 2393 4855 ποιεῖς
2421 4791 2533 4843 Καὶ
2565 4790 2672 4861 μὴν
2691 4791 2874 4861 ἡμεῖς,
2900 4784 2976 4845 ὧν
3006 4791 3157 4846 οὐδὲν
3191 4792 3574 4862 εὐτελέστερον
3599 4789 3768 4859 γένοιτ’

2221 4881 2310 4946 ἂν,
2340 4881 2513 4935 πολλά
2539 4881 2749 4935 οἴκοθεν
2783 4885 3115 4955 πράττομεν,
3140 4885 3238 4938 καὶ
3269 4885 3473 4940 κακίαν
3502 4885 3767 4955 φεύγομεν,

2222 4973 2318 5027 καὶ
2348 4974 2549 5045 ἀρετὴν
2586 4974 2875 5046 διώκομεν.
2900 4978 2965 5030 Et
2991 4977 3048 5030 δέ
3083 4977 3158 5049 μὴ
3182 4980 3278 5047 ἀφ’
3325 4978 3535 5032 ἑαυτῶν
3558 4978 3766 5049 δρῶμεν.

2222 5065 2348 5119 οὔτε
2377 5066 2533 5139 δίκην
2574 5069 2981 5139 ἁμαρτάνοντες
3021 5068 3206 5123 δοῦναι
3248 5070 3449 5124 δίκαιοι
3494 5072 3557 5125 ἂν
3582 5071 3769 5140 εἴημεν,

2220 5156 2345 5211 οὔτε
2384 5158 2775 5231 κατορθοῦντες
2812 5161 3094 5230 στεφάνων
3125 5161 3461 5219 ἀπολαῦσαι.
3512 5164 3661 5234 Ὁρᾷς
3699 5163 3769 5213 ὅτ.

2221 5252 2255 5320 ἡ
2293 5251 2623 5323 ταπεινότης
2654 5253 2749 5307 τοῦ
2802 5255 3065 5326 ῥήματος,
3122 5254 3244 5327 μεθ’
3295 5255 3599 5327 ὐπερὸολῆς
3621 5252 3771 5307 τεθει-

2225 5343 2383 5414 μένη,
2432 5345 2527 5397 καὶ
2581 5346 2708 5408 τοὺς
2757 5345 3084 5418 ἀγνώμονας
3125 5347 3306 5402 πείθει
3360 5350 3481 5419 μετ’
3531 5343 3769 5406 εὐσεϐοῦς

606 5484 651 5515 ¹⁷
671 5481 828 5538 Joan.
857 5498 911 5549 v,
940 5484 1028 5541 l9.
1103 5484 1150 5517 "
1175 5486 1402 5559 Philipp.
1435 5503 1496 5555 ιι,
1524 5488 1578 5555 6,
1620 5491 1673 5543 7.
1752 5492 1797 5523 "
1817 5492 1972 5548 Joau.
2005 5510 2057 5559 v,
2078 5495 2105 5548 9

535 5551 625 5607 39.
711 5553 757 5584 ³³
785 5553 940 5609 Joau.
977 5570 1057 5621 ιχ,
1089 5556 1115 5609 1
1151 5572 1307 5627 seqq.
1383 5558 1431 5589 “
1468 5561 1662 5615 Matth.
1697 5576 1771 5625 Ix,
1800 5564 1835 5615 2
1878 5580 2032 5633 seqq.

2249 5496 2294 5530 '°
2332 5497 2461 5557 Luc.
2486 5514 2539 5566 ν,
2573 5499 2660 5569 12,
2687 5501 2775 5558 15.
2856 5504 2909 5577 ³¹¹
2929 5503 3119 5563 Matth.
3159 5521 3251 5576 xv,
3279 5508 3374 5565 38.
3452 5509 3495 5542 ⁸³
3518 5507 3674 5564 Mare.
3701 5516 3766 5564 IV.

2210 5564 2355 5623 loan.
2384 5583 2459 5636 ιι,
2499 5572 2525 5625 1
2557 5584 2713 5642 seqq.

1641 5678 1873 5734 νΑιιιΑῑ
1912 5681 2294 5741 LECTIONES
2335 5686 2423 5741 ET
2463 5687 2693 5746 ΝΟΤᾸΞ.

618 5785 728 5857 (64)
764 5786 990 5858 Φράζων
1008 5791 1127 5846 cod.
1158 5788 1297 5846 idem
1322 5802 1469 5848 recte
1501 5803 1671 5847 mutat
1696 5793 1747 5849 in
1780 5758 2019 5865 xpa'tlé'wv.
2071 5795 2281 5856 Possm.
