3894 6412
196 395 296 459 907

948 387 1482 451 EPISTOLARUM
1515 390 1661 449 LIB.
1704 390 1817 450 Ιῐῐ.
1855 417 1925 426 -·
1962 392 2199 453 EPIST.
2235 393 2690 459 CCCXXXVIII.

3366 403 3469 467 998

191 506 425 569 διανοίας
471 499 874 565 καταδέξασθαι
943 503 1008 554 τὸ
1073 501 1207 570 ὕψος
1241 501 1352 554 τῶν
1411 501 1779 573 λελεγμένων;

1891 507 2168 574 cupiamus
2205 509 2442 576 quidem,
2478 511 2636 565 tinem
2675 511 2906 566 fortasse
2949 485 3126 566 facere
3178 529 3461 584 queamus.

191 600 249 652 Εἰ
287 597 345 649 δέ
374 596 473 648 καὶ
505 593 605 665 τὴν
639 593 1064 665 ἁντιδιαστολὴν
1114 593 1487 664 βασανίσειας,
1535 593 1786 664 εὑρήσεις

194 693 360 764 αὐτὴν
385 691 564 754 οὕτως
600 691 926 761 εἰρημένην,
969 690 1044 753 ὡς
1087 692 1215 762 παρ’
1248 691 1407 760 ἡμῶν
1432 690 1777 762 ὴρμηνεύθη.

193 788 324 840 Οὔτε
356 785 470 855 γάρ
500 781 674 846 εἶπεν,
715 783 788 836 Ού
813 781 1037 835 δύναται
1071 783 1099 834 ὁ
1128 781 1254 843 Υίὸς
1272 782 1446 832 ποιεῖν
1473 783 1564 848 ἀφ’
1590 780 1784 833 ἐαυτοῦ

201 878 370 940 οὐδὲν,
401 877 502 930 ἐὰν
558 875 634 946 μὴ
662 873 803 946 λάϐῃ
827 873 887 926 τὸ
916 873 1179 926 δύνασθαι
1213 873 1366 942 παρὰ
1403 872 1498 924 τοῦ
1549 872 1782 944 Πατρός.

194 968 360 1021 Τοῦτο
390 967 505 1038 γὰρ
535 965 614 1037 τῷ
641 965 779 1029 ὄντι,
809 963 889 1036 τῷ
925 963 999 1036 μὴ
1027 963 1286 1018 δύνασθαι
1311 965 1404 1016 ἀντ
1417 964 1785 1034 ιδιασταλῆναι

193 1058 354 1128 ἐχρῆν
412 1055 556 1127 (εἴτε
593 1054 878 1108 ἀσθένειαν
924 1053 1089 1107 αὑτοῦ
1127 1056 1454 1124 κατηγορεῖν
1494 1053 1686 1124 ἔμελλε
1718 1054 1779 1105 τὸ

196 1149 400 1220 ρηθέν)·
454 1147 592 1201 ἀλλὰ
643 1147 734 1212 τί;
771 1167 789 1199 ι
831 1147 958 1201 Ἐὰν
1007 1148 1142 1218 μήτι
1191 1143 1362 1218 βλέπῃ
1413 1146 1504 1199 τὸν
1561 1145 1780 1217 Πατέρα

195 1241 475 1293 ποιοῦντα.
510 1258 528 1291 ι
581 1238 746 1309 Ὁρᾷς
774 1238 891 1302 πῶς
915 1238 1014 1308 τὴν
1045 1239 1316 1309 ἰσοτιμίαν
1342 1238 1438 1292 κα)⁸
1467 1239 1528 1291 τὸ
1573 1238 1781 1290 ἰσοσθε-

1886 595 2249 661 Quamobrem
2297 598 2382 652 his
2430 600 2832 668 praetermissis,
2887 615 2916 652 a
2963 601 3278 655 uostrismet
3335 604 3464 671 ipsis

1879 689 2044 740 rebus
2081 698 2454 756 argumentum
2482 692 2758 744 ducamus.
2794 689 2939 744 Nihil
2966 708 2994 743 a
3047 694 3231 760 seipso
3289 692 3463 748 facit?

1883 778 2042 846 Atqui
2085 793 2204 841 nos,
2236 779 2430 846 quibus
2465 780 2594 832 nihil
2641 781 2800 834 vilius
2832 791 2994 849 alque
3025 781 3288 849 abjectius
3330 785 3458 850 tingi

1884 880 2086 938 potest.
2125 871 2289 923 multa
2331 887 2358 922 a
2394 873 2546 924 nobis
2578 870 2827 934 facimus,
2859 889 2922 925 ac
2957 873 3144 925 vilium
3203 874 3459 945 fugimus,

1888 971 1942 1015 et
1972 964 2225 1015 virtutem
2253 971 2652 1017 consectantur.
2678 962 2829 1028 Quod
2861 965 2904 1018 si
2941 964 3072 1017 nihil
3098 981 3125 1018 a
3153 968 3304 1018 nobis
3333 967 3462 1034 ipsis

1890 1054 2146 1116 iacimus,
2184 1070 2285 1108 nec
2317 1070 2438 1108 cum
2469 1071 2781 1123 peccamus,
2820 1057 3085 1126 supplicio
3121 1057 3246 1125 jure
3286 1058 3463 1112 allici-

1889 1162 2030 1212 mur,
2067 1162 2164 1200 nec
2188 1162 2310 1200 cum
2340 1147 2540 1201 virtute
2575 1147 2773 1215 aliquid
2800 1151 3058 1216 gerimus,
3084 1164 3314 1202 coronas
3334 1167 3464 1202 con-

1889 1236 2189 1302 sequimur.
2221 1235 2451 1290 Videsne
2483 1239 2942 1307 quemadmodum
2997 1239 3242 1292 vocabuli
3285 1240 3463 1292 humi-

194 1332 296 1397 νὲς,
333 1334 519 1386 καὶτὸ
558 1332 843 1402 ὁμοούσιον
884 1331 1179 1402 κηρύττει;

1891 1326 2012 1381 litas
2036 1342 2157 1381 cum
2184 1341 2413 1380 excessu
2443 1329 2636 1396 posita,
2684 1330 2948 1399 malignos
2971 1331 3134 1383 etiam
3168 1341 3223 1382 et
3255 1345 3468 1399 pra‘po-v

202 1438 376 1482 steros
429 1426 681 1481 homines
732 1427 986 1492 adducat,
1020 1437 1078 1480 ut
1123 1440 1330 1488 eorum,
1364 1439 1484 1496 qua
1529 1425 1668 1481 dicta
1709 1433 1853 1487 sunt,
1897 1422 2286 1476 sublimitatem
2334 1425 2422 1491 pio
2467 1439 2627 1476 sensu
2676 1425 2988 1494 excipiant?
3019 1426 3170 1490 Quod
3208 1425 3253 1479 si
3299 1427 3462 1479 etiam

196 1520 602 1574 distinctionem
637 1520 806 1585 ipsam
838 1519 1112 1587 expendas
1145 1535 1157 1570 :
1185 1532 1304 1570 eam
1333 1518 1430 1582 ita,
1465 1527 1524 1572 ut
1559 1533 1587 1570 a
1623 1517 1779 1571 nobis
1817 1515 2162 1583 explanatum
2222 1524 2325 1575 est,
2405 1515 2602 1568 dictam
2680 1531 2803 1570 esse
2881 1517 3202 1586 comperies.
3273 1517 3459 1587 Neque

195 1611 334 1666 enim
364 1612 506 1666 dixit
539 1629 551 1664 :
579 1609 694 1663 Non
731 1618 904 1679 potest
948 1609 1116 1664 Filius
1149 1627 1179 1664 a
1217 1611 1394 1680 seipso
1435 1609 1614 1665 facere
1642 1608 1956 1678 quidquam,
1990 1607 2098 1660 nisi
2121 1615 2444 1674 potestatem
2480 1622 2510 1660 a
2543 1607 2700 1662 Patre
2771 1611 3043 1677 acceperit
3122 1611 3248 1681 (hoc
3309 1612 3455 1663 enim

195 1718 377 1757 revera
406 1703 740 1772 impotentia:
781 1717 876 1770 per
903 1700 1308 1756 distinctionem
1383 1701 1600 1771 adjungi
1651 1700 1953 1770 Oportebat,
1989 1699 2033 1753 si
2095 1699 2198 1752 hoc
2246 1699 2448 1752 dictum
2507 1698 2932 1753 imbecillitatem
3005 1701 3175 1770 ipsius
3217 1702 3466 1770 proditu-

194 1807 307 1845 rum
351 1793 522 1860 erat),
563 1807 750 1845 verum
796 1791 966 1862 quid?
1023 1810 1042 1844 ι
1083 1791 1196 1845 Nisi
1255 1792 1396 1859 quod
1440 1791 1636 1846 viderit
1705 1791 1922 1845 Patrem
1987 1790 2302 1844 facientem.
2339 1807 2358 1840 ι
2413 1788 2755 1858 Perspicisue
2820 1806 3053 1860 quonam
3077 1801 3236 1861 pacto
3300 1793 3467 1845 hono—

197 1885 268 1939 ris
293 1901 358 1940 ac
382 1885 598 1938 roboris
621 1884 1010 1953 mqualitatem,
1037 1885 1390 1954 eamdemque
1416 1885 1776 1939 substantiam
1816 1883 2108 1954 praedicet?

401 1979 593 2061 τιιςν.
636 2025 706 2035 -
754 1995 965 2046 HPQNI
1003 1994 1570 2063 ΠΟΛΙΤΕΥΟΜΕΝῼ.

261 2179 388 2242 Τοῖς
429 2181 488 2230 ἐν
519 2181 585 2248 τῇ
620 2181 815 2248 σκηνῇ,
859 2173 904 2230 ὦ
957 2178 1226 2248 βέλτιστε,
1265 2179 1472 2250 σπουδὴ
1523 2178 1779 2249 μεγίστη,

194 2269 252 2321 οὐ
297 2270 361 2322 τὸ
416 2269 774 2340 σωφρονίζειν
830 2269 1059 2332 πολλοὺς
1118 2271 1231 2332 τοῖς
1292 2271 1644 2342 σκώμμασιν,
1708 2271 1785 2334 ὼς

194 2361 349 2431 ἔφης,
382 2361 602 2426 σαυτὸν,
642 2361 735 2414 καὶ
781 2362 908 2424 τοὺς
955 2361 1251 2426 ἀκούοντάς
1287 2379 1380 2416 σου
1419 2361 1783 2432 παραλογιζό-

206 2469 387 2522 μενος,
451 2452 588 2505 ἀλλὰ
632 2452 694 2504 τὸ
741 2452 969 2516 πολλοὺς
1020 2454 1378 2524 ἁμαρτάνειν.
1453 2455 1539 2507 Ἑν
1566 2456 1674 2525 γὰρ
1715 2457 1782 2526 τῇ

195 2541 367 2611 κακίᾳ
395 2542 502 2594 τῶν
537 2540 747 2594 θεατῶν
783 2543 883 2613 τὴν
923 2544 1226 2615 εὐημερίαν
1264 2544 1501 2614 ἔχουσιν,
1553 2544 1696 2597 ὥστε
1729 2546 1779 2597 εί

199 2635 398 2686 ἐκεῖνοι
463 2632 704 2702 βελτίους
757 2634 1020 2703 γένοιντο,
1062 2635 1271 2698 τούτοις
1313 2636 1380 2689 ἂν
1445 2637 1700 2690 ἀπόλοιτο
1748 2638 1783 2708 ἡ

197 2724 384 2794 τέχνη.
410 2724 550 2777 Οῠτε
570 2719 662 2777 οὖν
682 2724 889 2778 ἕλοιντο
909 2726 1289 2797 ἐπανορθῶσαι
1313 2726 1440 2790 τοὺς
1464 2727 1781 2792 πταίοντας,

198 2816 289 2867 καὶ
356 2814 718 2885 βουληθεῖσιν,
771 2817 870 2886 οὐχ
904 2811 1021 2871 οἶόν
1064 2835 1144 2873 τε.
1183 2818 1399 2889 Πέφυκε
1443 2819 1550 2891 γὰρ
1601 2820 1784 2884 αὐτοῖς

198 2905 287 2958 ἐπὶ
319 2905 384 2958 τὸ
416 2905 680 2976 βλάπτειν
710 2909 744 2978 ἡ
784 2908 1038 2978 μίμησις.

470 3200 637 3254 ΤΛΖ’.
672 3230 743 3240 -
773 3199 1102 3271 ΘΕΟΔΟΣῙῼ
1136 3199 1508 3273 ΕΠΙΣΚΟΠῼ.

1997 1989 2371 2048 CCCXXXV’I.
2430 2020 2500 2032 -—
2566 1989 2819 2045 IlERONl
2868 1991 3362 2048 REMPUBLICAM

2522 2062 2842 2116 GEIlEN'l‘l.

1959 2171 2233 2237 Seenicis,
2275 2172 2358 2223 vir
2389 2171 2614 2239 Optime,
2657 2187 2925 2224 summum
2955 2172 3055 2225 hoc
3095 2173 3329 2226 studium
3361 2183 3465 2236 est,

1889 2280 1998 2319 non
2034 2275 2090 2318 ut
2121 2280 2216 2334 per
2241 2264 2478 2330 ipsorum
2505 2263 2728 2317 cavillos
2771 2264 2922 2317 multi
2961 2264 3218 2319 meliores
3244 2265 3468 2319 reddan-

1885 2363 1973 2409 tur
2017 2354 2494 2426 (quemadmodum
2550 2357 2666 2424 ipse
2711 2356 2917 2419 dixisti,
2955 2357 3208 2424 teipsum,
3239 2368 3295 2410 et
3346 2373 3465 2422 eos,

1887 2448 1978 2516 qui
2011 2457 2059 2500 te
2082 2449 2330 2512 audiunt,
2365 2447 2682 2516 decipiens),
2715 2463 2900 2501 verum
2935 2459 2990 2503 ut
3037 2450 3188 2503 nmlti
3222 2463 3466 2518 peccent.

1885 2540 2096 2595 Etenim
2126 2542 2176 2594 iu
2194 2549 2563 2608 spectatorqu
2596 2541 2944 2608 improbitate
2971 2542 3282 2597 felicitatem
3314 2559 3468 2598 suam

1883 2633 2236 2687 constitutam
2281 2631 2502 2685 habent.
2560 2630 2634 2684 lla
2681 2632 2761 2693 lit,
2795 2633 2919 2686 utsi
2964 2633 3037 2685 illi
3072 2634 3318 2688 meliores
3347 2633 3469 2687 effi-

1885 2726 2120 2788 ciantur,
2154 2739 2250 2777 sua
2284 2724 2368 2777 his
2404 2737 2495 2776 ars
2518 2723 2754 2792 peritura
2790 2724 2880 2777 sit.
2913 2724 3079 2794 389
3104 2725 3466 2791 Quamobrem

1884 2831 1986 2870 nec
2010 2830 2243 2884 unquam
2277 2829 2390 2877 eos,
2418 2814 2507 2884 qui
2548 2815 2886 2882 delinquunt,
2944 2819 3219 2884 corrigere
3267 2819 3319 2870 in
3354 2819 3472 2870 aui-

1885 2925 2034 2963 mum
2085 2909 2422 2973 induxerint,
2452 2922 2573 2971 nec,
2611 2909 2652 2961 si
2687 2908 2872 2974 velint,
2902 2909 2952 2962 id
2991 2911 3218 2978 possint.
3254 2909 3470 2964 Mimica

1884 3002 2028 3055 enim
2058 3016 2242 3056 eorum
2283 3015 2372 3056 ars
2395 3009 2585 3055 natura
2635 3005 3009 3056 tantummodo
3063 3003 3131 3056 ad
3165 3002 3468 3056 nocendum

1885 3102 2196 3162 comparata
2223 3101 2326 3145 est.

2011 3201 2410 3258 CCCXXXVII.
2442 3233 2513 3243 —
2543 3199 2936 3257 TllEODOSlO
2974 3198 3332 3255 EPISCOPO.

271 3327 486 3397 Ὠσπερ
511 3327 732 3398 ἄριστος
765 3327 945 3398 ἰατρὸς
974 3326 1138 3398 τέχνῃ
1171 3328 1309 3400 πρὸς
1340 3328 1657 3400 συμμαχίαν
1684 3329 1780 3400 τῆς

1959 3351 2421 3418 Quemadmodum
2458 3351 2693 3418 optimus
2744 3349 2987 3403 medicus
3045 3349 3110 3402 ad
3155 3349 3469 3416 a-grotantis

201 3419 588 3489 ἀρρωστούσης
645 3418 864 3487 φύσεως
916 3419 1278 3490 ὡπλισμένος,
1331 3420 1458 3472 ὅταν
1521 3421 1784 3493 πολύτρο-

204 3527 292 3561 ποι
326 3509 436 3578 (65)
468 3511 792 3580 νοσημάτων
823 3510 959 3564 ἰδέαι
984 3511 1045 3563 τὸ
1083 3511 1241 3581 σῶμα
1269 3512 1619 3583 πολιορκῶσι,
1648 3515 1784 3584 πρὸς

201 3601 260 3653 τὸ
289 3604 611 3668 κατεπεῖγον
653 3600 940 3671 ἱστάμενος
975 3600 1044 3668 (ὁ
1091 3602 1200 3669 γὰρ
1244 3601 1361 3666 ἐξὸν
1400 3603 1590 3664 σῶσαι,
1626 3620 1782 3673 περι-

203 3691 476 3761 ορῶν,τῆς
501 3691 773 3750 ἀπωλείας
794 3689 1038 3760 δηλονότι
1068 3690 1266 3760 αἴτιος)
1302 3690 1370 3743 τὰ
1397 3691 1662 3763 ἀναϐολὴν
1692 3693 1787 3746 καὶ⁸

205 3782 498 3853 ὑπέρθεσιν
537 3781 896 3852 ἐπιδεχόμενα
925 3784 1084 3851 τηρεῖ
1114 3782 1364 3853 δεύτερα,
1392 3782 1478 3834 ἵνα
1512 3783 1587 3854 μὴ
1612 3783 1784 3836 ταῦτα

205 3875 360 3940 δόξας
394 3873 764 3942 νενικηκέναι,
820 3874 910 3926 ὑπ’
958 3873 1166 3926 ἐκείνου
1200 3873 1339 3946 λάθῃ
1371 3871 1669 3944 νικώμενος
1689 3875 1782 3928 τοῦ

204 3968 300 4018 καὶ
341 3967 440 4036 τὴν
489 3965 722 4028 δόξασαν
768 3964 1095 4034 γεγενῆσθαι
1128 3965 1284 4035 νίκην
1314 3966 1393 4027 είς
1432 3960 1600 4037 ἧτταν
1627 3983 1784 4037 περι-

205 4059 507 4129 τρέποντος·
536 4056 679 4111 οὕτω
707 4059 800 4112 καὶ
827 4058 1010 4124 αὐτὸς,
1040 4061 1106 4128 τῇ
1139 4057 1350 4111 συνέσει
1379 4058 1477 4128 τὴν
1504 4060 1601 4129 τῆς
1622 4058 1784 4131 θερα-

207 4151 363 4215 mla;
388 4151 494 4203 τῶν
525 4150 716 4220 ψυχῶν
744 4151 1057 4221 ἐπιστήμην
1092 4151 1351 4221 κεράσας,
1380 4151 1516 4221 πρὸς
1566 4150 1626 4204 τὸ
1651 4167 1784 4204 κατ-

205 4246 418 4312 επεῖγον
469 4243 686 4313 βλέψον.
753 4241 993 4295 Ἐκείνου
1044 4242 1153 4312 γὰρ
1204 4242 1444 4305 ἰαθέντος
1499 4241 1652 4306 ἐλπὶς
1689 4242 1783 4295 καὶ

203 4337 276 4390 τὰ
302 4337 459 4390 λοιπὰ
484 4335 931 4407 συνιαθήσεσθαι.

712 4633 890 4686 TAH'.
920 4663 992 4674 —
1018 4633 1270 4688 ΩΡῘΩΝΙ.

277 4764 342 4816 Δί
391 4765 486 4833 μὲν
535 4764 631 4817 τού
673 4762 928 4834 σώματος
960 4765 1147 4834 ἡδοναὶ
1195 4765 1477 4835 στωμύλαι
1510 4764 1619 4835 (66)
1653 4766 1778 4832 εἰσὶ,

207 4857 306 4908 καὶ
341 4856 508 4908 δειναὶ
547 4855 864 4924 γοητεῦσαι,
900 4857 992 4908 καὶ
1035 4857 1125 4908 τὸν
1166 4856 1426 4926 λογισμὸν
1451 4857 1548 4926 τῆς
1581 4858 1783 4926 ἡγεμο-

207 4945 326 5022 νίας
371 4946 670 5012 ἐκϐάλλειν,
728 4948 821 4999 καὶ
871 4947 1049 5001 πάντα
1099 4947 1212 5001 ἄνω
1263 4949 1357 5000 καὶ
1385 4948 1538 5002 κάτω
1585 4952 1777 5004 ποιεῖν.

221 5035 358 5088 Ἀλλ’
386 5039 431 5090 εἰ
458 5039 484 5090 ὁ
513 5039 683 5109 θυμὸς
704 5037 780 5108 τῷ
819 5037 1065 5108 λογισμῷ
1097 5039 1498 5109 συμμαχήσειε,
1528 5039 1622 5092 καὶ
1643 5039 1778 5092 καθ-

208 5128 351 5197 άπερ
379 5130 720 5200 ὑπασπιστὴς
768 5129 979 5200 βασιλεῖ
1011 5130 1365 5196 ὑπακούσειε,
1401 5131 1598 5203 ῥᾳδίως
1637 5133 1778 5183 ἐκεῖο

209 5237 301 5272 ναι
351 5221 939 5291 καταγωνισθήσονται.
991 5221 1218 5284 Δικαίας
1269 5223 1377 5294 γὰρ
1429 5223 1599 5292 ὀργῆς
1654 5223 1776 5274 κατ’

208 5311 380 5367 αὐτῶν
425 5313 738 5386 κινηθείσης
789 5313 889 5384 οὐχ
934 5312 1329 5384 ὕποστήσονται
1381 5315 1479 5384 τὴν
1523 5315 1773 5387 ἀπειλὴν,

1889 3458 2093 3500 natura:
2147 3445 2445 3498 subsidium
2497 3454 2613 3497 arte
2663 3444 2955 3496 instructus
2975 3452 3466 3506 etarmatus,cum

1886 3533 2054 3586 variis
2088 3531 2395 3585 morborum
2434 3531 2723 3598 generibus
2784 3547 2979 3600 corpus
3031 3530 3329 3594 obsidetur,
3378 3532 3468 3584 ad-

1887 3638 2077 3676 versus
2133 3639 2279 3685 eum,
2316 3623 2406 3690 qui
2444 3625 2622 3676 acrius
2668 3633 2821 3690 urget
2885 3624 2935 3674 iu
2987 3625 3266 3691 procinctu
3316 3634 3469 3678 stans

1888 3714 1997 3784 (qui
2030 3714 2169 3766 enim
2196 3729 2315 3766 cum
2348 3713 2574 3766 salutem
2625 3713 2817 3766 afferre
2867 3714 3046 3778 liceat,
3077 3715 3126 3768 id
3168 3717 3344 3770 facere
3370 3732 3466 3769 ne-

1887 3806 2055 3876 gligit,
2089 3805 2337 3858 interitus
2371 3805 2580 3858 scilicet
2620 3821 2779 3858 causa
2832 3808 2936 3876 εει)
2977 3820 3092 3870 eos,
3129 3808 3218 3876 qui
3259 3823 3465 3862 moram

1887 3914 1950 3952 ac
1999 3897 2311 3951 dilationem
2359 3897 2669 3960 admittunt,
2729 3898 2779 3950 in
2842 3898 3110 3966 posterius
3155 3910 3356 3962 servat,
3399 3915 3466 3954 ne

1886 3988 2127 4056 alioqui,
2160 3988 2284 4040 dum
2328 3987 2425 4041 hos
2472 3988 2665 4041 vicisse
2710 3989 2811 4042 sibi
2855 3990 3085 4055 videtur,
3129 3990 3336 4056 abillo,
3373 3992 3463 4060 qui

1885 4083 2044 4135 etiam
2079 4079 2361 4132 victoriam
2406 4094 2549 4142 eam,
2581 4094 2700 4148 quae
2747 4080 3024 4134 exstitisse
3068 4081 3369 4145 videbatur,
3409 4081 3463 4136 in

1885 4170 2094 4224 cladem
2150 4169 2436 4234 convertit,
2489 4169 2800 4238 imprudens
2857 4179 3143 4238 superetur
3198 4189 3210 4224 :
3271 4171 3460 4224 eodem

1885 4263 2044 4315 modo
2076 4273 2126 4314 tu
2156 4275 2368 4329 quoque
2424 4262 2797 4314 mandatarum
2841 4262 3144 4315 animarum
3179 4263 3462 4316 scientiam

1884 4352 2168 4422 prudentia
2221 4359 2553 4420 temperans,
2600 4353 2664 4406 ad
2702 4353 2776 4416 id,
2808 4356 2946 4420 quod
3002 4355 3230 4424 amplius
3284 4365 3459 4426 urget,

1885 4444 2165 4498 oculorum
2207 4444 2376 4498 aciem
2415 4444 2648 4498 intende.
2684 4443 2818 4498 Nam
2869 4461 2934 4500 eo
2976 4457 3186 4512 sanato,
3221 4463 3344 4518 spes
3377 4458 3463 4504 est

1888 4533 2006 4591 fore
2040 4545 2098 4589 ut
2122 4536 2326 4605 reliqua
2352 4536 2514 4590 etiam
2548 4544 2824 4590 sanentur.

2271 4640 2693 4697 CCCXXXVIII.
2717 4671 2783 4679 —
2813 4639 3069 4697 ORIONI.

1962 4768 2212 4837 Corporis
2246 4767 2460 4838 quidem
2496 4768 2796 4838 voluptates
2837 4769 3025 4838 lepidae
3052 4780 3198 4834 sunt,
3235 4785 3463 4841 eamque

1885 4858 1993 4911 vim
2027 4858 2227 4913 habent
2258 4867 2316 4912 ut
2339 4858 2610 4913 hominem
2640 4857 2786 4912 velut
2820 4859 3107 4928 praestigiis
3138 4862 3459 4931 quibusdam

1885 4952 2131 5018 illiciant,
2160 4968 2223 5007 ac
2250 4956 2514 5009 rationem
2547 4969 2577 5010 e
2615 4955 2917 5025 principatu
2958 4955 3271 5022 exturbent,
3299 4967 3464 5027 atque

1885 5044 2065 5097 omnia
2094 5058 2306 5098 sursum
2342 5054 2396 5098 et
2420 5045 2671 5099 deorsum
2721 5046 3004 5100 misceant.
3038 5046 3108 5102 At
3149 5049 3192 5102 si
3245 5049 3322 5101 ira
3371 5064 3461 5100 ra-

1889 5134 2017 5186 ti0ni
2051 5135 2323 5204 suppetias
2349 5135 2508 5201 ferat,
2544 5152 2606 5190 ac
2654 5147 2908 5206 tanquam
2937 5137 3166 5208 stipator
3193 5141 3300 5208 regi
3332 5143 3464 5195 obe-

1886 5224 2122 5278 dientem
2151 5241 2208 5280 se
2238 5227 2497 5295 prmbeat,
2523 5226 2667 5282 facili
2695 5229 2909 5298 negotio
2938 5228 3040 5283 ilhc
3066 5232 3459 5298 opprimentur.

1883 5313 2032 5369 Justa
2059 5316 2201 5370 enim
2250 5317 2331 5371 ira
2378 5317 2639 5374 adversus
2672 5334 2766 5375 eas
2795 5321 3052 5386 excitata,
3093 5321 3266 5376 minas
3319 5323 3459 5376 haud

1262 5513 1489 5571 VARUE
1525 5514 1912 5572 LECTIONES
1949 5517 2037 5572 ET
2076 5517 2308 5574 NOTIE.

284 5667 380 5737 (65)
417 5668 751 5740 Πολύτροποι
777 5668 842 5724 ad
873 5669 1087 5727 eodem.
1119 5671 1238 5726 cod.
1279 5680 1521 5726 mutatur
1570 5673 1623 5727 in
1673 5692 1769 5726 πο-

209 5736 495 5810 λυτρόπων.
530 5736 684 5796 vers.
715 5740 749 5794 4
773 5740 882 5796 et5
920 5740 1059 5798 tollit
1088 5741 1247 5811 idem
1293 5742 1445 5812 signa
1479 5747 1742 5814 parenthe

212 5809 307 5862 sis.
335 5810 534 5866 Possm.

1952 5673 2064 5746 (66)
2098 5675 2232 5747 Cod.
2270 5677 2388 5731 Vat.
2426 5675 2550 5740 650,
2573 5674 2820 5747 αἱμύλαι.
2848 5673 3017 5729 Versu
3051 5676 3211 5745 epist.
3250 5679 3458 5747 penult.

1884 5746 2334 5815 παρεσκευάσατο
2360 5762 2456 5817 pro
2491 5746 2929 5816 παρεκελεύσατο
2952 5747 3098 5819 legit.
3144 5748 3218 5804 lo.
