3894 6412
475 365 582 428 999

1641 361 1703 421 S.
1747 357 2036 420 ISIDORI
2083 353 2524 416 PELUSIOTIE

3576 359 3699 421 10m

475 491 745 549 quaquam
779 471 1122 530 sustinebunt
1151 486 1164 526 :
1196 484 1383 524 verum
1415 472 1569 524 irrito
1589 481 1783 524 conatu
1807 469 2049 528 abibunt,

2158 465 2292 520 ἀλλὰ
2338 464 2561 536 φροῦδοι
2603 463 2936 534 οἰχήσονται,
2963 463 3026 517 τὸ
3059 465 3238 536 νικᾷν,
3279 465 3360 535 τῷ
3386 467 3541 538 νικᾷν
3569 470 3715 538 ὀφει-

475 569 761 625 victoriam
795 564 1014 626 rationi,
1059 577 1178 632 qua:
1224 563 1417 617 victrix
1468 576 1590 618 esse
1636 562 1818 624 debet,
1854 575 2055 616 conce-

477 662 688 716 dentes.
723 657 899 724 Atque
923 656 1026 708 hoe
1057 662 1138 708 est
1163 654 1307 722 quod
1337 651 1548 708 Psaltes
1581 653 1798 721 quidem
1830 652 2055 716 monuit,

479 762 532 803 tu
565 760 744 802 autetn
802 743 1100 812 intelligere
1134 742 1287 812 cupis
1311 758 1338 796 ις
1375 761 1395 796 ι
1435 741 1754 806 lrascimini,
1792 751 1848 797 et
1890 741 2058 797 nolite

480 854 707 910 peccare
728 839 794 890 ³⁸.
837 855 856 889 ι

477 942 856 1002 CCCXXXIX.
909 969 983 985 -ι-
1063 937 1504 995 NEMESSIANO
1561 934 2054 992 SCHOLASTICO.

549 1052 1011 1122 Quemadmodum
1047 1049 1273 1120 gentiles
1301 1057 1357 1104 et
1386 1047 1600 1104 Judaaos
1621 1089 1636 1113 ,
1660 1057 1714 1103 et
1739 1049 1782 1103 si
1810 1048 1900 1116 qui
1929 1055 2057 1101 sunt

477 1149 570 1219 qui
606 1160 792 1201 eorum
838 1145 1088 1214 dogmata
1120 1152 1519 1208 consectentur,
1549 1141 1741 1209 impios
1789 1153 1845 1193 et
1875 1154 2057 1193 vecor-

476 1240 572 1293 des
605 1251 724 1290 esse
749 1244 950 1298 statuo,
982 1235 1123 1303 quod
1155 1238 1444 1303 prophetas
1492 1232 1624 1286 nihil
1678 1234 1745 1286 de
1775 1229 2057 1285 Salvatore

476 1327 682 1381 locutos
705 1339 826 1380 esse
855 1323 1237 1393 pronuntient:
1265 1323 1454 1376 eodem
1487 1321 1644 1376 modo
1667 1336 1782 1387 eos,
1812 1321 1902 1389 qni
1932 1322 2056 1374 uni-

475 1433 692 1475 versum
745 1416 916 1471 Vetus
961 1413 1366 1468 Testamentum
1418 1414 1486 1468 ad
1537 1415 1709 1484 ipsum
1763 1412 2058 1468 transferre

477 1518 740 1564 eona-ntur
773 1507 928 1576 culpa
968 1505 1188 1560 minime
1228 1519 1415 1559 carere
1449 1505 1644 1571 sentio,
1681 1513 1737 1559 ut
1776 1504 1868 1575 qui
1899 1506 1950 1558 in
1992 1520 2054 1558 ea

477 1616 679 1672 pugna,
733 1613 896 1669 quam
959 1598 1246 1651 adversum
1299 1611 1398 1651 nos
1455 1596 1662 1661 ineunt,
1716 1595 2056 1651 adversarios

475 1690 751 1758 adiuvent.
800 1687 934 1743 Nam
959 1687 1088 1743 dum
1116 1705 1237 1761 quae
1261 1686 1327 1742 de
1362 1687 1481 1755 ipso
1506 1701 1609 1740 non
1655 1696 1780 1741 sunt
1816 1689 1957 1742 dicta
1988 1689 2053 1741 ad

2158 557 2305 610 λοντι
2351 555 2598 627 λογισμῷ
2647 556 3035 628 ἐπιτρέψασαι.
3078 558 3186 611 Καὶ
3227 557 3376 611 τοῦτ’
3421 558 3565 614 ἐστιν
3591 561 3712 634 ὅπερ

2156 650 2184 702 ὁ
2205 647 2459 719 Μελῳδὸς
2497 648 2598 719 μὲν
2636 648 3082 716 παρεκελεύσατο
3097 688 3112 714 ,
3131 651 3197 703 σὺ
3216 649 3275 704 δὲ
3299 649 3494 720 μαθεῖν
3538 652 3717 724 ἠθέλη-

2158 757 2258 804 σας
2283 755 2300 773 ·
2341 759 2367 794 ι
2412 740 2748 812 Ὀργίζεσθε,
2777 742 2874 797 καὶ
2911 741 2984 812 μὴ
3015 742 3386 813 ἁμαρτάνετε.
3420 762 3441 795 ι

2331 938 2500 996 ΤΛΘ’.
2524 969 2598 981 —-
2621 941 3069 1014 ΝΕΜΕΣΣῙΑΝῼ·
3104 943 3559 1017 ΣΧΟΛΔΣἸἸ-Κῼ.

2229 1045 2443 1121 Ὠσπερ
2493 1049 2781 1123 Ἕλληνας,
2816 1051 2914 1104 καὶ
2957 1051 3268 1115 Ἰουδαίους,
3294 1055 3386 1106 καὶ
3417 1054 3472 1106 ετ
3489 1071 3625 1119 τινες
3654 1055 3715 1109 τὰ

2157 1137 2381 1192 ἐκείνων
2409 1138 2709 1209 ἐζήλωσαν,
2735 1140 2952 1204 ἀσεϐεῖς
2982 1155 3043 1191 τε
3075 1139 3171 1192 καὶ
3194 1140 3456 1211 ἀνοήτους
3484 1140 3592 1210 (67)
3614 1141 3715 1211 ορί-

2158 1228 2341 1297 ζομαιι
2397 1229 2866 1300 ἀποφαινομένους
2917 1235 3084 1308 μηδὲν
3157 1234 3286 1305 περὶ
3337 1230 3435 1286 τοῦ
3483 1232 3715 1304 Σωτῆρος

2156 1317 2283 1382 τοὺς
2324 1321 2610 1389 προφήτας
2671 1321 2977 1390 εἰρηκέναι·
3020 1322 3194 1386 οὕτως
3238 1325 3362 1386 τοὺς
3412 1323 3592 1374 πᾶσαν
3628 1321 3715 1393 τὴν

2157 1409 2400 1464 Παλαιὰν
2429 1413 2510 1473 εἰς
2537 1410 2699 1463 αὑτὸν
2731 1412 3055 1480 μεταφέρειν
3084 1414 3479 1483 πειρωμένους,
3511 1415 3605 1466 οὐκ
3625 1413 3715 1478 ἔξω

2157 1504 2336 1567 αἰτίας
2367 1502 2576 1572 τίθημι,
2619 1504 2714 1558 ἆτε
2745 1504 2810 1574 δὴ
2842 1505 2901 1556 ὲν
2929 1505 2994 1573 τῇ
3030 1503 3147 1555 καθ’
3180 1505 3337 1575 ἡμῶν
3366 1506 3510 1577 μάχῃ
3538 1505 3716 1575 τρόπον

2155 1597 2278 1651 τινὰ
2321 1600 2436 1660 τοῖς
2476 1597 2738 1662 διαδίκοις
2789 1597 3263 1668 συμπράττοντας.
3317 1599 3409 1669 Τῷ
3443 1600 3553 1668 γὰρ
3581 1598 3715 1666 ἐλέγ-

2158 1688 2348 1760 χεσθαι
2388 1688 2518 1759 παρ’
2569 1689 2796 1742 ἐκείνων
2847 1689 2978 1758 περὶ⁸
3022 1687 3186 1742 αὑτοῦ
3242 1689 3317 1758 μὴ
3356 1691 3613 1760 εἰρημένα
3646 1691 3716 1752 είς

475 1782 652 1850 ipsum
678 1779 819 1835 velut
854 1778 1072 1832 obtorto
1102 1791 1233 1830 naso
1280 1776 1495 1830 trahere
1552 1777 1619 1830 ab
1657 1777 1787 1847 ipsis
1819 1779 2052 1832 convin-

2158 1779 2320 1833 αὐτὸν
2345 1779 2525 1833 ἕλκειν
2555 1780 2958 1850 ἐκϐιαζόμενοι,
2981 1777 3188 1832 τούτων
3212 1780 3316 1832 κάν
3339 1783 3450 1843 τοῖς
3480 1781 3606 1850 περὶ
3631 1780 3717 1834 αὖ·

475 1883 693 1937 cuntnr,
721 1885 906 1925 eorum
941 1871 1102 1923 etiam
1149 1870 1203 1922 in
1257 1868 1360 1931 his,
1410 1882 1531 1936 qua:
1555 1882 1683 1922 vere
1731 1884 1798 1923 ac
1838 1869 2054 1924 disertis

474 1963 658 2020 verbis
687 1966 754 2019 de
779 1975 845 2018 eo
873 1960 1011 2016 dicta
1047 1969 1193 2026 sunt,
1220 1958 1580 2027 suspicionem
1626 1963 1860 2026 pariunt.
1891 1961 2053 2031 Atqui

476 2071 583 2110 non
613 2056 689 2109 ita
711 2054 889 2109 facere
922 2053 1175 2107 convenit
1206 2069 1219 2106 :
1257 2067 1442 2106 verum
1475 2067 1536 2106 ea
1563 2054 1802 2122 quidem,
1835 2068 1953 2122 ane
1986 2056 2053 2108 ad

474 2161 600 2201 eum
655 2153 842 2213 aperte
898 2151 1167 2212 spectant,
1201 2142 1425 2206 dicere;
1457 2157 1576 2211 quae.
1604 2152 1782 2197 autem
1827 2144 1894 2197 de
1935 2143 2053 2197 aliis

475 2236 660 2300 rebus,
684 2250 747 2290 ea
780 2236 847 2291 de
876 2235 962 2290 his
995 2235 1179 2299 rebus,
1204 2235 1271 2290 de
1309 2235 1504 2304 quibus
1537 2235 1681 2292 dicta
1733 2247 1877 2300 sunt,
1909 2237 2053 2292 dicta

475 2341 600 2383 esse
635 2328 836 2382 sinere.
861 2326 997 2380 Nam
1044 2327 1158 2381 haec
1185 2327 1400 2381 demum
1416 2327 1691 2403 .veritatis
1725 2343 1788 2382 ac
1827 2328 2052 2384 demon-

476 2419 757 2476 stra-tionis
785 2421 971 2489 regula
1015 2427 1116 2474 est.
1149 2420 1251 2485 Qui
1277 2430 1454 2476 autem
1499 2435 1588 2486 ea,
1642 2436 1762 2490 quae
1809 2421 1877 2476 ad
1929 2435 2052 2475 eum

477 2511 700 2565 minime
744 2513 998 2576 attinent,
1048 2510 1349 2580 proferunt,
1418 2512 1521 2566 hoc
1582 2513 1841 2577 eﬂiciunt,
1888 2522 1945 2566 ut
1988 2527 2052 2566 ea

475 2602 670 2667 etiam,
693 2617 815 2670 quae
847 2602 944 2670 ipsi
977 2603 1330 2666 conveniunt,
1361 2613 1694 2656 evertantnr.

675 2693 926 2750 CCCXL.
963 2723 1029 2736 -—
1071 2692 1323 2749 ZOSIMO
1371 2692 1849 2752 PRESBYTERO.

438 2832 440 2836 τ
545 2805 642 2858 Vir
665 2805 880 2873 quidam
910 2804 1166 2869 disertus,
1198 2812 1360 2872 atque
1395 2813 1448 2860 et
1477 2804 1715 2858 moribus
1743 2805 1969 2872 integer,
1995 2811 2052 2856 et

473 2896 587 2950 vita
621 2895 935 2965 splendidus
971 2897 1122 2966 (nam
1172 2897 1314 2964 quod
1341 2897 1504 2950 etiam
1547 2895 1711 2966 390
1751 2895 1865 2964 ipse
1911 2893 2054 2947 lucu-

473 2987 615 3042 lenta
655 2986 913 3057 dignitate
940 2998 1162 3042 ornatus
1201 2989 1291 3050 sit,
1321 2988 1644 3056 pratteribo:
1678 2986 1866 3040 umbra
1905 2986 2048 3040 enim

476 3078 579 3134 hoc
605 3088 690 3134 est
718 3089 772 3133 et
810 3077 1185 3149 insomnium),
1219 3095 1304 3132 me
1345 3072 1617 3141 convenit,
1646 3077 1881 3146 illudque
1926 3090 2051 3128 nar-

2153 1873 2248 1926 τοῦ
2284 1872 2500 1943 ἀληθῶς
2537 1874 2630 1926 καὶ
2663 1872 2960 1944 διαρρήδην
2993 1872 3323 1944 εἰρημένοις.
3360 1873 3608 1925 ὑπόνοιαν
3641 1872 3714 1925 τί·

2155 1983 2362 2020 κτουσι.
2381 1965 2502 2035 Χρὴ
2530 1965 2574 2018 δ’
2598 1963 2908 2034 οὐχ-οὓτως,
2934 1965 3070 2019 ἀλλὰ
3090 1965 3158 2017 τὰ
3189 1963 3285 2033 μὲν
3307 1965 3384 2022 εἰς
3401 1963 3560 2016 αὐτὸν
3585 1967 3716 2036 εἰρη-

2157 2056 2315 2127 μένα,
2344 2043 2531 2123 σαφῶς
2555 2057 2755 2124 λέγειν,
2775 2056 2843 2108 τὰ
2857 2055 2914 2107 δὲ
2931 2071 2997 2107 πε
3005 2054 3058 2124 pl.
3075 2053 3250 2107 ἄλλων
3277 2052 3612 2122 πραγμάτων
3634 2055 3714 2122 sit:

2152 2147 2288 2218 περὶ
2311 2147 2538 2202 ἐκείνων
2584 2146 2860 2218 εἰρῆσθαι,
2891 2148 3019 2216 περὶ
3045 2140 3121 2199 ὧν
3150 2145 3388 2216 εἴρηται.
3423 2136 3586 2206 Οὗτος
3619 2143 3715 2214 γὰρ

2155 2239 2249 2293 καὶ
2282 2238 2541 2310 ἀληθείας
2570 2238 2665 2291 καὶ
2691 2236 3022 2301 ἀποδείξεως
3049 2236 3193 2307 ὅρος.
3223 2237 3287 2288 Oi
3306 2234 3448 2290 δὲτὰ
3468 2235 3546 2305 μὴ
3565 2250 3715 2304 προσ-

2151 2331 2355 2401 ήκοντα
2404 2330 2790 2400 προφέροντες,
2836 2329 2932 2381 καὶ
2979 2327 3050 2382 τὰ
3102 2327 3455 2398 προσήκοντα
3505 2325 3715 2396 ἀνατρέ-

2153 2419 2354 2474 πεσθαι
2386 2420 2887 2491 παρασκευάζουσι.

2434 2688 2572 2744 ΤΜ’.
2603 2718 2672 2730 --
2700 2688 2956 2760 ΖΩΣΙΜῼ
2988 2686 3458 2759 ΠΡΕΣΒΥΤΕΡῼ.

2238 2798 2401 2870 ’Δνὴρ
2443 2799 2730 2870 ἐλλόγιμος
2758 2801 2851 2854 καὶ
2893 2799 3052 2869 ὀρθὸς
3084 2799 3182 2868 μὲν
3206 2798 3298 2852 τὸν
3342 2798 3561 2869 τρόπον,
3591 2803 3712 2866 Rap-

2153 2889 2289 2962 πρὸς
2321 2891 2378 2944 δὲ
2407 2891 2499 2945 τὸν
2534 2891 2646 2962 βίον
2682 2891 2765 2963 (τὸ
2793 2891 2904 2963 γὰρ
2933 2892 3026 2944 καὶ
3070 2890 3344 2962 ἀξιώματι
3376 2889 3540 2944 αὐτὸν
3586 2889 3710 2958 λαμ-

2153 2981 2280 3054 πρῷ
2339 2983 2740 3054 κεκοσμῆσθαι,
2797 2985 3046 3056 ’παρήσω⁸
3100 2985 3227 3037 σκιά
3252 2984 3386 3054 δγάρ
3428 2982 3583 3035 τοῦτο
3628 2980 3713 3034 καὶ

2151 3073 2330 3145 ὄναρ),
2353 3073 2588 3145 ἐντυχὼν
2613 3076 2744 3146 ἡμῖν
2770 3074 3217 3146 ἀπήγγειλεν,ὂτι
3239 3073 3506 3146 προσῆλθε
3534 3074 3625 3145 μὲν
3642 3074 3712 3142 τῷ

475 3171 615 3225 ravit
658 3185 717 3226 se
748 3171 816 3226 ad
860 3172 1229 3226 venerandum
1265 3169 1481 3239 quidem
1515 3169 1682 3222 altare
1729 3167 2044 3228 accessisse,

2158 3165 2338 3236 σεπτῷ
2371 3165 2743 3238 θυσιαστηρίῳ
2789 3166 2899 3221 τῶν
2929 3165 3088 3221 θείων
3123 3167 3440 3238 μυστηρίων
3491 3167 3709 3236 μεταληο

474 3272 536 3316 ut
567 3263 746 3316 divina
781 3263 1038 3332 mysteria
1067 3262 1408 3331 perciperet:
1442 3269 1498 3314 at
1525 3260 1612 3314 ubi
1651 3270 1721 3322 te,
1755 3259 2046 3322 hominem,

422 3420 426 3424 Ι
473 3362 632 3408 aztate
663 3353 877 3422 quidem
911 3367 1117 3413 senem,
1150 3351 1409 3421 dignitate
1435 3362 1611 3406 autem
1653 3353 2046 3421 presbyterum,

475 3441 698 3496 libidine
733 3451 910 3496 autem
955 3443 1240 3512 vigentem,
1269 3452 1429 3511 atque
1455 3457 1664 3505 omnes,
1693 3457 1921 3512 quorum
1949 3441 2049 3494 im-

477 3535 736 3602 pndicitia
759 3534 1036 3588 hominum
1066 3549 1314 3588 sermone
1336 3535 1657 3599 celebratur,
1683 3543 2049 3601 superantem,

477 3621 596 3675 illie
635 3629 814 3674 astare
862 3623 1162 3688 conspexit,
1193 3621 1380 3688 pedem
1415 3620 1708 3684 retulisse;
1757 3621 1898 3687 quod
1946 3620 2052 3672 sci-

478 3711 602 3766 licet
632 3711 905 3781 indignam
951 3725 1062 3765 rem
1099 3725 1219 3766 esse
1264 3709 1524 3772 duxisset,
1558 3720 1903 3765 sacrosancta
1937 3726 2050 3780 my-

475 3804 642 3858 steria
673 3819 768 3872 per
800 3804 1063 3872 impuram
1101 3819 1163 3857 ac
1188 3803 1470 3857 scelestam
1502 3819 1716 3857 manum
1745 3805 2047 3874 suscipere.

477 3893 591 3964 Ego
625 3909 752 3948 vero
781 3893 866 3948 his
911 3895 1104 3948 auditis
1148 3905 1406 3963 quantum
1441 3898 1620 3949 animo
1659 3896 1850 3951 vulnus
1892 3913 2052 3952 acce-

478 3987 671 4055 perim,
715 3985 896 4040 dicere
945 3987 1350 4054 praetermittam
1398 4001 1413 4040 :
1447 3989 1640 4057 quibus
1664 3997 1839 4043 autem
1873 3989 2052 4044 verbis

476 4092 600 4131 eum
649 4077 967 4147 gravissime
1017 4078 1479 4147 repredenderim,
1524 4094 1810 4149 exponam.
1868 4079 2047 4148 Nullo,

475 4169 719 4239 inquam,
757 4169 1098 4234 detrimento,
1128 4171 1213 4224 vir
1241 4170 1656 4239 sapientissime.
1685 4171 1750 4237 is,
1775 4171 1864 4240 qui
1889 4171 2056 4226 susci-

476 4262 574 4330 pit,
601 4258 848 4326 aﬂ‘tcitur,
885 4260 1050 4314 etiam
1102 4260 1148 4315 si
1203 4260 1248 4315 is
1296 4261 1387 4330 qui
1427 4262 1614 4316 tribuit
1643 4263 1893 4334 indignus
1934 4278 2054 4318 esse

461 4352 752 4417 videatur;
794 4365 970 4420 neque
1021 4352 1443 4406 incontaminata
1496 4355 1754 4424 mysteria
1786 4368 2051 4422 conspur-

469 4452 685 4508 cantur,
730 4441 942 4496 etiamsi
978 4444 1232 4498 sacerdos
1283 4457 1471 4498 omnes
1502 4443 1755 4498 mortales
1797 4444 2054 4514 improbi-

475 4541 587 4590 tate
629 4544 866 4602 superet.
905 4532 1059 4599 Quod
1099 4535 1144 4589 si
1177 4536 1306 4590 mihi
1340 4534 1562 4600 difﬁdis,
1597 4551 1817 4590 corvum
1851 4537 2050 4608 cogita,

472 4625 766 4695 impurum,
796 4625 1038 4695 inquam,
1088 4626 1218 4682 illud
1247 4637 1410 4698 atque
1458 4629 1512 4684 in
1560 4629 1733 4699 pullos
1777 4645 1902 4684 suos
1931 4647 2055 4685 eru-

471 4717 592 4770 dcle
623 4716 859 4782 animal,
891 4717 1049 4786 cujus
1084 4733 1247 4788 epera
1283 4721 1373 4775 ille
1419 4721 1472 4775 in
1513 4721 1707 4777 uelum
1761 4737 2055 4777 excurrens

471 4820 536 4860 ac
562 4805 682 4860 caeli
711 4807 844 4860 civis
890 4805 1035 4862 Elias
1072 4807 1319 4864 alebatur
1347 4809 1414 4866 ³⁷.
1459 4813 1637 4882 Atque
1683 4815 1789 4868 alia
1836 4814 2056 4883 insuper

471 4897 637 4948 multa
670 4895 802 4960 dixi,
832 4911 954 4966 quae
986 4898 1187 4968 duplici
1215 4901 1281 4954 de
1321 4915 1486 4956 causa
1518 4906 1586 4957 ad
1618 4914 1669 4959 te
1701 4906 1938 4961 scribere
1967 4921 2052 4962 re-

471 4987 656 5041 cusavi
700 5005 715 5042 :
770 4988 963 5054 altera,
1029 5005 1099 5046 ne
1155 5006 1606 5060 supervacaneam
1685 4996 2046 5063 prolixitatem

467 5075 709 5147 epistolae
767 5077 1065 5147 adderem;
1117 5079 1322 5144 altera,
1373 5097 1440 5136 ne
1493 5092 1581 5137 tua
1649 5087 1778 5140 vitia
1824 5089 2049 5142 nimium

468 5183 800 5240 exaggerare
829 5169 1035 5224 videar.
1065 5171 1527 5240 Quemadmodum
1577 5177 1741 5247 igitur
1797 5179 1871 5234 illi
1927 5197 2053 5239 suc-

2154 3259 2419 3329 ψόμενος·
2462 3259 2792 3330 θεασάμενος
2837 3258 2897 3314 δέ
2940 3276 3000 3313 σε
3046 3259 3193 3330 αὐτῷ
3236 3259 3594 3333 παρεστῶτα.
3624 3261 3709 3313 ἇν-

2157 3350 2370 3422 θρωπον
2433 3351 2748 3423 πρεσϐύτην
2809 3352 2910 3424 μὲν
2967 3352 3065 3424 τὴν
3123 3352 3366 3423 ἡλικίαν,
3429 3352 3710 3423 πρεσϐύτε-

2155 3459 2247 3513 ρον
2287 3443 2344 3496 δὲ
2387 3444 2484 3514 τὴν
2516 3443 2696 3512 ἀξίαν,
2739 3445 3059 3516 ἀκμάζοντα
3098 3445 3156 3498 δὲ
3206 3448 3273 3516 τῇ
3320 3445 3576 3516 λαγνείᾳ,
3624 3444 3708 3498 καὶ

2154 3534 2360 3610 πάντας
2399 3537 2525 3599 τοὺς
2570 3537 2657 3588 ἐπ’
2706 3536 2961 3606 ἀσελγείᾳ
3007 3535 3369 3606 βεϐοημένους
3424 3537 3708 3608 ὑπερακον-

2151 3625 2399 3694 τίσαντα,
2422 3627 2503 3688 εἰς
2530 3626 2772 3682 τούπίσω
2800 3624 3108 3699 κεχώρηκε,
3142 3627 3217 3698 μὴ
3241 3626 3479 3693 ἀξιώσας
3514 3630 3578 3683 τά
3600 3628 3709 3700 ἱερὰ

2155 3718 2432 3788 μυστήρια
2461 3718 2549 3772 διὰ
2579 3721 2784 3788 μιαρᾶς
2814 3719 2991 3790 χειρὸς
3017 3719 3290 3784 δέξασθαι.
3337 3721 3484 3790 Ἐγὼ
3511 3721 3556 3776 δ’
3575 3723 3709 3783 ὅπως

2157 3808 2256 3880 μὲν
2306 3810 2554 3881 ἐπλήγη-ν
2598 3810 2695 3882 τὴν
2739 3811 2916 3883 ψυχὴν
2967 3811 3138 3866 ταῦτα
3176 3813 3439 3880 ἀκούσας,
3475 3815 3705 3886 παρήσωο

2151 3901 2188 3956 ἃ
2227 3901 2272 3956 δ’
2316 3903 2522 3957 ἐκεῖνον
2562 3905 2907 3973 κατακράτος
2940 3905 3296 3976 ἐμεμψάμην,
3328 3906 3492 3972 λέξω.
3536 3908 3705 3969 οὐδὲν,

2153 3994 2310 4064 ἔφην,
2355 3989 2404 4050 ὧ
2440 3997 2740 4066 σοφώτατε,
2778 3999 3229 4068 παραόλάπτεται
3279 4001 3308 4052 ὁ
3341 4001 3638 4071 δεχόμενος,
3663 4000 3708 4052 εἰ

2153 4086 2248 4140 καὶ
2286 4088 2315 4140 ὁ
2353 4086 2527 4150 διδοὺς
2556 4088 2774 4154 ἀνάξιος
2836 4084 2975 4143 εἶναι
3000 4090 3204 4160 δοκοίη,
3228 4091 3350 4145 οὐδὲ
3382 4094 3454 4146 τά
3491 4094 3709 4162 ἄκραντα

2153 4178 2436 4249 χραίνεται
2468 4182 2763 4250 μυστήρια,
2798 4182 2846 4234 εί
2887 4182 2915 4234 ό
2953 4183 3131 4253 ἱερεὺς
3178 4185 3388 4247 πάντας
3411 4185 3708 4255 ἀνθρώπους

2153 4272 2235 4330 εἰς
2265 4270 2463 4325 κακίαν
2493 4272 2872 4342 παρελάσειεν.
2922 4274 2986 4328 Εἰ
3014 4273 3058 4326 δ’
3102 4276 3375 4340 ἀπιστεῖς,
3427 4277 3589 4331 ἐννόει
3629 4275 3707 4328 τὸν

2153 4361 2386 4431 κόρακα,
2431 4362 2492 4414 τὸ
2518 4362 2828 4433 ἀκάθαρτον
2857 4364 2950 4417 καὶ
2985 4365 3298 4433 μισότεκνον
3333 4365 3494 4428 ζῶον,
3517 4365 3576 4418 δι’
3603 4358 3660 4417 οὗ
3682 4365 3708 4416 ό

2155 4453 2548 4525 οὑρανοδρόμος
2587 4453 2682 4506 καὶ
2729 4453 3155 4525 οὐρανοπολίτης
3211 4456 3399 4519 Ἠλίας
3448 4457 3703 4528 ἐτρέφετο.

2157 4545 2265 4599 Καὶ
2308 4545 2440 4599 ἄλλα
2486 4545 2542 4598 δὲ
2597 4544 2769 4599 πολλὰ
2813 4543 2971 4614 ἔφην,
3007 4545 3152 4616 ἅπερ
3204 4545 3417 4616 γράψαι
3470 4563 3544 4599 σοι
3575 4546 3707 4598 δυεῖν

2156 4636 2339 4688 ἕνεκεν
2367 4635 2793 4708 παρῃτησάμην,
2814 4634 2908 4688 τοῦ
2937 4652 2998 4688 τε
3037 4635 3109 4706 μὴ
3147 4636 3322 4706 μῆκος
3362 4637 3608 4708 περιττὸν
3645 4638 3703 4704 τῇ

2157 4727 2412 4798 ἐπιστολῇ
2444 4727 2780 4798 προσθεῖναι,
2806 4726 2899 4780 τοῦ
2923 4744 2981 4779 τε
3009 4727 3084 4799 μὴ
3103 4727 3253 4794 δόξαι
3283 4728 3404 4782 λίαν
3429 4729 3494 4782 τὰ
3521 4729 3583 4782 σὰ
3625 4731 3707 4780 ἐκ·

2155 4818 2452 4889 τραγῳδεῖν
2482 4818 2649 4873 κακά.
2693 4819 2903 4890 Ὥσπερ
2931 4819 3109 4873 τοίνυν
3141 4821 3337 4892 ἐκείνῳ
3366 4822 3702 4892 ἐμεμψάμην,

2149 4909 2298 4966 ,οὕτω
2323 4911 2419 4964 καὶ
2449 4911 2533 4963 σοὶ
2561 4911 2830 4982 παραινῶ,
2875 4912 2909 4982 ἢ
2964 4913 3386 4986 μεταγνῶναι,ῆ
3421 4913 3705 4982 ἀποστῆναι

2153 5001 2248 5056 τοῦ
2297 5001 2495 5055 σεπτοῦ
2537 5001 2960 5074 θυσιαστηρίου,
3009 5005 3099 5058 ἵνα
3151 5005 3226 5077 μὴ
3276 5008 3404 5070 τοὺς
3440 5005 3704 5076 προσιέναι

2153 5093 2303 5165 αὐτῷ
2333 5095 2769 5167 προῃρημένους,
2803 5097 2895 5151 διὰ
2927 5097 3036 5152 τῶν
3084 5100 3291 5154 σαυτοῦ
3312 5097 3556 5172 πράξεων
3605 5099 3706 5150 άπ-

2157 5186 2426 5251 ελαύνοις.

466 5264 676 5358 censui,
709 5263 790 5318 sic
824 5265 995 5358 etiam
1035 5275 1086 5320 te
1119 5281 1310 5323 moneo
1347 5278 1406 5324 ut
1432 5281 1526 5326 aut
1552 5274 1862 5343 resipisces,
1891 5290 1983 5334 aut
2007 5297 2036 5335 a
2078 5284 2383 5337 venerando
2411 5282 2567 5338 altari
2624 5280 2928 5351 abscedas;
2975 5299 3048 5341 ne
3091 5285 3296 5358 alioqui
3360 5299 3473 5352 eos,
3516 5282 3598 5354 qui
3640 5296 3702 5334 ³ο

468 5357 641 5423 ipsum
673 5357 932 5412 accedere
987 5358 1299 5428 instituunt,
1333 5374 1430 5431 per
1474 5373 1592 5419 tuas
1624 5367 1868 5424 actiones
1909 5371 2248 5428 submoveas.

547 5509 592 5541 ³⁸
613 5508 838 5580 Psal.tv,
861 5512 918 5568 5.
1008 5515 1052 5546 ³⁷
1078 5513 1144 5569 Ill
1171 5514 1304 5588 Reg.
1332 5534 1464 5582 xvn,

537 5755 650 5827 {67)
692 5755 834 5814 Idem
854 5761 1000 5832 cod.,
1041 5763 1296 5834 ἀνόμους.
1333 5765 1406 5820 lu.

1531 5651 1767 5708 VARUE
1805 5653 2188 5714 LECTIONES
2226 5659 2314 5716 ΕΤ
2353 5660 2583 5720 ΝΟΤᾹ).
