3894 6412
136 329 233 397 1001
968 327 1505 388 EPISTOLARUM
1546 326 1689 388 LIB.
1733 325 1847 385 III.
1886 349 1955 359 --
1988 318 2225 383 EPIST.
2267 321 2569 382 CCCXLV.
3232 308 3370 375 1003

586 437 768 491 man
804 466 877 477 —
907 438 1159 509 ΠΑΥΛῼ.
1707 449 1752 502 Α

1707 449 1752 502 Α
2247 428 2519 486 CCCXLL
2552 458 2623 471 —
2653 424 2901 481 PAULO.

136 539 211 602 Εἰς
242 533 304 587 τὸ
352 529 844 602 τεπφαμμένονὴι
886 532 1007 583 Οὐκ
1054 530 1147 583 ἐπ’
1183 529 1341 599 ἄρτῳ
1386 531 1552 599 μόνῳ
1586 527 1674 594 ξιξ.

1940 525 2006 580 In
2035 525 2190 588 illud,
2218 542 2244 575 ι
2276 521 2402 577 Non
2426 523 2483 577 in
2512 520 2624 575 solo
2652 535 2785 588 pane
2816 518 2942 574 vivit
2970 519 3125 574 homo
3148 518 3214 573 ⁸⁸.
3238 537 3256 571 ι

584 617 753 653 σεται
774 600 1106 668 ἅνθρωπος.
1139 620 1159 653 ι

195 712 418 784 Ἐπειδὴ,
451 711 696 782 Ἑϐραῖοι
748 712 1161 782 τεσσαράκοντα
1223 710 1318 783 ἔτη
1361 709 1439 781 τῷ
1497 709 1679 780 μάννα.

1853 711 2121 779 Quoniam
2183 708 2419 773 Hebraei,
2494 722 2617 763 cum
2692 704 3052 775 quadraginta
3102 717 3373 758 annorum

131 805 435 875 τρεφόμενοι,
484 803 588 854 οὐκ
639 800 961 871 ἀξιοπίστῳ,
1015 802 1141 853 ὅσον
1177 800 1293 852 κατ’
1341 799 1669 869 ἀνθρώπινοι

1836 807 1959 858 ratio
1984 818 2181 857 manna
2207 801 2486 856 alerentur
2504 798 2695 871 (quod,
2716 798 2760 853 si
2792 798 3085 852 humanam
3108 796 3374 850 rationem

133 895 370 963 λογισμὸν,
402 894 541 965 πρὸς
576 894 730 963 ίσχὺν
761 894 1032 963 σωμάτων
1061 893 1405 963 τυγχάνοντι,
1437 890 1671 961 διέμενοι

1839 908 2016 961 νείκεε,
2059 895 2126 948 ad
2186 895 2350 949 robur
2399 892 2721 963 corporibus
2788 890 3121 946 afferendum
3181 907 3377 961 parum

133 992 204 1042 ἐπὶ
220 989 302 1057 τῆς
325 986 448 1055 In};
477 985 652 1056 ἀλκῆς
676 1002 736 1038 τε
759 986 854 1038 καὶ
886 984 1099 1056 ῥώμης,
1134 987 1263 1047 ἴσως
1288 984 1345 1036 δὲ
1374 984 1468 1036 καὶ
1501 981 1671 1053 μείζο-

1842 1002 2035 1041 oneum
2049 987 2214 1055 erat),
2236 987 2286 1039 in
2307 986 2499 1040 eadem
2524 983 2841 1039 fortitudine
2864 998 2927 1038 ac
2955 984 3149 1038 robore
3168 996 3378 1054 persta-

132 1099 199 1142 νος
216 1079 474 1133 ἀπέλαυον
498 1078 783 1147 δυνάμεως
814 1080 906 1139 (οὐ
937 1078 1047 1148 γὰρ
1077 1080 1111 1149 ή
1132 1079 1328 1149 τροιρὴ,
1360 1077 1475 1130 ἀλλ’
1496 1078 1524 1128 6
1546 1076 1670 1137 θεῖος

1838 1091 1938 1147 ιιιι,
1968 1096 2030 1132 ac
2061 1078 2293 1133 fortasse
2325 1075 2585 1145 majorem
2618 1076 2786 1130 etiam
2820 1076 2927 1129 vim
2961 1075 3376 1147 consequeban-

130 1176 227 1245 ὅρος
249 1172 519 1242 διεκράτει
547 1170 644 1224 καὶ
677 1171 776 1232 τὰς
818 1172 999 1240 ψυχὰς
1043 1172 1137 1224 καὶ
1164 1173 1234 1225 τὰ
1262 1169 1548 1241 σώματα),
1581 1170 1668 1236 ἔτι

1853 1186 1875 1223 r
1897 1170 2030 1240 (non
2059 1169 2204 1223 cutim
2239 1168 2523 1231 alimonia,
2562 1165 2659 1221 sed
2690 1166 2929 1221 divinum
2952 1168 3229 1224 decretum
3262 1168 3381 1222 ani-

132 1266 466 1337 ὀνομοθέτης,
503 1266 643 1335 ὅπερ
677 1262 871 1334 μαθεῖν
907 1262 988 1335 [ἢ]
1030 1263 1296 1333 ἐθέλησας
1329 1263 1474 1334 (b8)'
1514 1281 1532 1313 ι
1572 1263 1670 1315 Οὐ)

1844 1278 1903 1316 as
1929 1273 1982 1316 et
2020 1275 2250 1330 corpora
2284 1260 2689 1328 conservabat),
2738 1260 2963 1326 idcirco,
3000 1261 3052 1314 id
3104 1262 3246 1327 quod
3282 1261 3381 1315 tibi

132 1361 201 1413 ἐπ’
234 1363 375 1429 ἄρτῳ
410 1359 562 1429 μόνῳ
605 1357 829 1429 ζήσεται
886 1357 1197 1428 ἄνθρωπος,
1233 1355 1348 1409 ἀλλ’
1391 1356 1484 1408 ἐπὶ
1524 1355 1670 1407 παντ’

1843 1354 1981 1423 :poni
2032 1352 2306 1423 quaesisti,
2356 1352 2631 1423 legislator
2687 1352 2824 1408 dixit
2866 1371 2880 1407 :
2932 1371 2952 1405 ι
3011 1351 3129 1408 Non
3178 1354 3231 1408 in
3265 1354 3381 1409 solo

136 1453 305 1522 ῥήματι
352 1453 783 1521 ἐκπορευομένῳ
811 1449 901 1503 διὰ
950 1450 1218 1519 στόματος
1262 1447 1420 1502 Θεοῦ,
1455 1467 1473 1499 ι
1510 1448 1674 1518 Ὅπερ

1847 1462 1927 1501 me
1968 1446 2100 1501 vivit
2128 1446 2312 1510 homo,
2353 1446 2447 1500 sed
2478 1447 2530 1499 in
2563 1445 2709 1500 omni
2743 1446 2910 1500 verbo
2952 1447 3094 1516 quod
3138 1447 3385 1515 procedit

134 1546 206 1598 καὶ
229 1546 254 1595 6
282 1542 520 1613 Χριστὸς
555 1542 982 1613 διακρουόμενος
1021 1543 1083 1593 τὸ
1132 1538 1445 1593 διαϐολικὸν
1505 1540 1672 1609 μηχᾶ-

1844 1555 1973 1595 ιοτε
2001 1539 2117 1593 Dei.
2161 1557 2179 1590 ι
2220 1538 2373 1605 Quod
2403 1538 2569 1593 etiam
2598 1538 2872 1601 Christus,
2906 1538 3231 1593 diabolicam
3268 1555 3382 1593 ma-

132 1652 279 1705 νημα.
336 1634 725 1705 προεϐάλλετο,
758 1634 854 1686 καὶ
884 1632 1169 1685 κατέσεισε
1205 1630 1300 1684 τοῦ
1332 1629 1670 1702 πειράζοντες

1847 1633 2001 1685 tinam
2056 1631 2398 1701 propulsans,
2430 1631 2682 1701 opposuit
2732 1648 2747 1685 :
2799 1639 2966 1700 atque
3019 1630 3123 1685 hac
3172 1631 3385 1686 ratione

133 1725 208 1793 τὴν
239 1725 411 1794 ἰσχύν.

1792 1724 2076 1779 tentatoris
2107 1723 2253 1778 vires
2281 1724 2559 1779 concussit
2587 1740 2651 1779 ac
2673 1723 2956 1792 perfregit.

615 1819 797 1875 TMB'.
832 1850 900 1861 —
938 1817 1165 1872 ΘΕΩΝΙ.
1719 1822 1762 1877 Β

1719 1822 1762 1877 Β
2236 1812 2527 1869 CCCXLII.
2550 1846 2617 1856 —
2657 1814 2935 1871 TI‘IEONI.

342 1914 483 1981 Περὶ
534 1912 853 1981 ’Δρειανῶν
885 1911 985 1965 καὶ
1017 1909 1436 1980 Εὐνομιανῶν,

2187 1906 2260 1961 De
2287 1908 2500 1962 Arionis
2530 1916 2581 1961 et
2625 1906 2997 1966 Eunomianis.

188 2003 542 2057 Δανῠάνουσιν
609 2004 881 2074 αἱρετικοὶ
929 2002 998 2056 δι’
1058 1996 1135 2055 ὧν
1195 2002 1689 2068 κατασκευάζουσι,

1865 1997 1982 2055 Νοη
2039 1998 2476 2055 animadvertunt
2538 2000 2781 2055 haeretici
2831 2015 2929 2070 per
2983 2017 3045 2056 ea
3102 2003 3239 2074 ipsa,
3269 2020 3390 2076 qua:

134 2094 203 2147 διὰ
243 2095 445 2148 τούτων
491 2096 875 2165 ἁλισκόμενοι,
912 2097 1009 2149 καὶ
1057 2094 1123 2147 δι’
1157 2087 1233 2148 ὧν
1262 2096 1421 2167 νικᾷν
1464 2096 1668 2148 οἴονται

1848 2101 2067 2159 struunt,
2096 2107 2155 2147 se
2188 2092 2413 2159 irretiri,
2439 2106 2504 2146 ac
2539 2107 2636 2161 per
2662 2108 2725 2147 ea
2756 2093 2871 2161 ipsa
2900 2095 3185 2164 perspicue
3219 2098 3386 2167 vinci,

130 2184 203 2238 διὰ
244 2186 444 2239 τούτων
483 2186 756 2256 λαμπρῶς
811 2185 1141 2257 ἡττώμενοι,
1198 2188 1262 2239 Ei
1320 2188 1430 2259 γὰρ
1487 2187 1668 2256 κτίσμι

1849 2198 1894 2238 :r
1949 2197 2069 2252 qua:
2123 2197 2184 2237 se
2234 2183 2455 2238 vincere
2486 2183 2846 2240 arbitrantur.
2879 2185 3015 2240 Nam
3061 2188 3106 2241 si
3140 2200 3387 2246 creatum

141 2279 267 2330 ἐστὶν
292 2278 320 2329 6
363 2278 513 2343 Υἱὸς,
562 2278 683 2331 οὐδὲ
731 2278 793 2330 τὸ
827 2278 1011 2349 μεῖζον
1056 2278 1177 2331 κατ’
1208 2279 1404 2342 αὐτοὺς
1453 2278 1679 2332 ἵσταται

1851 2276 2056 2331 tiddam
2079 2276 2369 2345 estFilius,
2394 2291 2464 2331 ne
2495 2276 2673 2347 majus
2708 2278 2929 2347 quidem
2958 2280 3027 2336 de
3048 2296 3238 2337 eorum
3264 2298 3389 2339 sen-

131 2370 192 2421 ‘l'6
216 2370 314 2440 γὰρ
356 2368 544 2441 μεῖζον
591 2371 812 2439 λέγεται
842 2373 908 2423 ὲκ
962 2372 1327 2441 συγκρίσεως,
1367 2372 1462 2424 καὶ
1492 2372 1593 2424 οὐκ
1632 2373 1669 2425 έε

1849 2370 1966 2425 ntia
2013 2378 2143 2425 stat.
2193 2369 2362 2438 Majus
2394 2369 2540 2424 enim
2589 2385 2657 2424 ex
2709 2374 3116 2439 comparatione
3165 2375 3387 2442 dicitur,

133 2458 215 2527 τῆς
238 2460 570 2530 ἀσυγκρίτου
604 2461 903 2532 ὑπεροχῆς.
940 2462 1108 2514 Ποίαν
1138 2457 1231 2515 οὖν
1264 2461 1553 2532 σύγκρισιν
1584 2460 1671 2532 ἔχε

1850 2476 1904 2515 )ιι
1933 2471 2113 2515 autem
2133 2476 2201 2515 ex
2228 2460 2636 2530 incomparabili
2670 2462 3052 2530 prmcellentia.
3084 2463 3388 2532 Quamnam

132 2546 182 2599 τὸ
201 2549 395 2620 κτίσμα
426 2549 566 2619 πρὸς
586 2551 679 2603 τὸν
714 2550 982 2621 Κτίστην;
1020 2551 1332 2622 λεγέτωσαν
1363 2553 1413 2606 οἱ
1442 2553 1617 2622 σοφοί.

1847 2555 1970 2621 {itur
2010 2554 2061 2608 id
2094 2554 2240 2623 quod
2272 2563 2515 2608 creatum
2537 2565 2642 2620 cst,
2670 2570 2793 2609 cum
2824 2556 3080 2612 Creatnre
3102 2574 3385 2629 compara-

1804 2646 2009 2700 tionem
2041 2646 2257 2710 habeat,
2311 2645 2589 2714 sapientes
2618 2656 2674 2699 et
2711 2647 2907 2701 eruditi
2946 2649 3195 2704 homines
3229 2650 3391 2707 velim

1802 2746 2097 2807 exponant.

621 2826 801 2881 TMI".
841 2854 915 2865 --
949 2825 1198 2898 ΠΕΤΡῼ.
2137 2827 2293 2899 391
2338 2828 2656 2885 cccxun.
2695 2862 2766 2872 —
2800 2830 3051 2889 ΡΕτιιο.

192 2918 257 2971 Οὔ
290 2918 486 2991 μικρὸν
525 2918 743 2981 συνετὸς
775 2918 1072 2988 ἀκροατὴς,
1105 2920 1134 2970 ὁ
1164 2917 1238 2989 μὴ
1274 2917 1435 2988 μόνον
1463 2918 1703 2989 θαύματι

1881 2922 1998 2978 Non
2029 2924 2179 2991 parvi
2219 2925 2476 2978 momenti
2508 2939 2593 2979 res
2623 2932 2705 2979 est
2732 2934 2925 2980 acutus
2949 2936 3005 2980 et
3037 2941 3203 2997 sagax
3233 2928 3391 2982 audi-

135 3009 422 3063 διακόπτων
461 3009 555 3061 τοῦ
606 3009 765 3077 λόγου
799 3008 891 3061 τὸν
920 3007 1143 3078 δρόμον,
1177 3007 1312 3061 ἀλλά
1340 3009 1435 3062 καὶ⁴
1473 3008 1671 3061 ὲπινοῶ

1861 3030 1917 3080 ιιι,
1943 3015 2033 3083 qui
2063 3030 2170 3068 non
2205 3024 2414 3070 tantum
2441 3016 2512 3071 ob
2547 3016 2961 3073 admirationem
2986 3020 3247 3075 orationis
3266 3035 3399 3075 cur-

134 3102 191 3154 τὰ
218 3102 589 3173 δυσθεώρητα,
628 3101 720 3155 καί
750 3119 802 3153 τι
836 3100 968 3171 παρ’
1002 3099 1199 3153 ἑαυτοῦ
1232 3100 1510 3171 εἰσφέρειν
1542 3098 1672 3152 δυνᾶ

1855 3122 1930 3159 tm
1965 3106 2330 3175 interrumpit,
2368 3122 2554 3161 verum
2585 3109 2747 3162 etiam
2781 3124 2843 3163 ea
2884 3125 3003 3179 quae
3040 3111 3225 3166 ardua:
3258 3126 3393 3166 con-

136 3211 294 3261 μενος.
330 3196 459 3248 Ὅτι
498 3195 555 3247 δὲ
582 3195 645 3247 οὐ
676 3194 890 3266 μικρὸν,
928 3195 1070 3266 μετὰ
1114 3195 1224 3247 τῶν
1260 3194 1434 3247 ἄλλων
1463 3194 1571 3246 τῶν
1604 3209 1673 3263 με

1860 3196 2185 3266 mtplationis
2210 3208 2357 3260 sunt,
2394 3198 2688 3266 excogitat,
2731 3178 2952 3268 atqueia
2992 3201 3171 3270 seipse
3193 3200 3398 3272 aliquid

134 3285 296 3352 γάλων
340 3288 439 3339 καὶ
481 3287 775 3358 ὲξαιρέτων
812 3281 888 3341 ὧν
921 3286 1219 3358 ἠπείλησεν
1251 3288 1279 3340 ὁ
1310 3287 1441 3350 Θεὸς
1470 3287 1579 3339 ἀπὸ
1605 3287 1672 3355 τῆ

1859 3305 2040 3361 rogare
2088 3299 2283 3359 potest.
2334 3290 2595 3360 Quodque
2645 3306 2752 3346 non
2799 3292 2951 3362 parvi
3012 3295 3268 3348 momenti
3305 3295 3397 3359 sit,

144 3377 484 3447 Ἰερουσαλὴμ
546 3377 939 3449 παραιρεῖσθαι
1000 3378 1135 3448 (69),
1187 3377 1282 3430 καὶ
1337 3377 1430 3429 τὸν
1488 3377 1682 3429 συνετὺ·

1865 3382 1943 3434 inc
1983 3389 2194 3434 constat
2231 3381 2372 3449 quod
2407 3379 2547 3435 Deus
2598 3396 2702 3434 una
2758 3396 2880 3435 cum
2932 3384 3141 3452 magnis
3186 3383 3308 3439 aliis
3346 3392 3403 3438 et

134 3467 389 3538 ἀκροατὴν
437 3467 719 3533 ὲνέταξενο
763 3467 865 3519 οὐκ
904 3467 972 3521 ἂν
1017 3466 1176 3520 τοῦτο
1222 3466 1423 3537 φήσας,
1456 3468 1504 3519 εί
1540 3466 1672 3537 μηδὲ

1864 3472 2030 3526 ιὶιηίἰε
2067 3472 2248 3536 rebus,
2279 3488 2396 3540 qua:
2434 3488 2493 3526 se
2529 3471 3038 3545 llierosolymitana:
3067 3474 3183 3530 urbi
3216 3466 3402 3531 detra-

136 3561 265 3628 μέγα
294 3560 587 3616 συνετέλει.
631 3563 722 3616 Διὸ
746 3563 842 3615 καὶ
870 3564 899 3615 ό
930 3560 1341 3633 Παροιμιαστὴς
1378 3560 1505 3630 ἔφη,
1546 3580 1565 3611 ι
1603 3556 1674 3614 UE

1866 3573 2042 3616 turum
2088 3552 2416 3630 minabatur,
2459 3564 2779 3631 prudentem
2817 3579 3032 3635 quoque
3060 3580 3123 3618 ac
3151 3579 3404 3636 sagacem

133 3654 412 3722 ἀκροατοῦ,
436 3653 703 3725 ἐπιθυμία
728 3654 916 3725 σοφοῦ.
948 3674 967 3706 ι
996 3656 1072 3708 Οὐ
1098 3654 1208 3725 γὰρ
1237 3654 1465 3717 πολλοὺς
1490 3654 1671 3718 πόνους

1866 3656 2119 3710 uditorem
2146 3653 2416 3725 adjunxit.
2465 3653 2617 3720 Quod
2650 3653 2896 3722 profecto
2930 3669 3035 3707 non
3088 3654 3331 3720 dixisset,
3356 3654 3404 3709 si

133 3742 239 3796 οὗθ’
273 3745 511 3817 ἱδρῶτας
536 3746 688 3816 αὐτῷ
716 3747 969 3817 παρέχει,
998 3747 1115 3799 ἀλλ’
1137 3746 1394 3818 ἀφορμὰς
1425 3746 1586 3816 μόνον
1616 3763 1671 3799 κο

1868 3745 1954 3800 ihil
1994 3745 2174 3817 magni
2225 3746 2340 3815 ipse
2381 3742 2678 3800 conferret.
2722 3746 2905 3816 anue
2934 3747 3003 3801 de
3027 3762 3189 3802 causa
3219 3746 3406 3801 Parue-

136 3834 415 3905 σπέρματα
447 3839 688 3891 ἀπαιτεῖ.
718 3838 862 3909 Πρὸς
887 3837 997 3909 γὰρ
1024 3836 1123 3909 τὴν
1163 3837 1439 3908 γεωργίαν
1482 3840 1515 3909 ἡ
1553 3836 1674 3891 σύνε

1869 3836 2040 3891 ιίιιειθε
2069 3837 2153 3890 his
2180 3837 2358 3892 verbis
2382 3853 2513 3892 usus
2541 3847 2655 3892 est:
2696 3836 2726 3888 ι’
2749 3836 2913 3894 Auris
2952 3839 3237 3903 auditoris,
3264 3838 3407 3893 desi-

136 3939 212 3985 σις
238 3927 416 3996 ἀρκεῖ.

1867 3927 2024 3982 arium
2066 3936 2148 3982 est
2186 3928 2441 3997 sapientis
2467 3928 2534 3984 ”.
2572 3947 2590 3979 ι
2626 3913 2813 3997 Neque
2852 3929 2996 3983 enim
3031 3927 3232 3984 multos
3254 3927 3405 3982 labo-

138 4030 306 4073 resac
362 4020 589 4074 sudores
616 4018 716 4086 ipsi
768 4019 1010 4083 exhibet,
1076 4033 1263 4073 verum
1346 4028 1665 4086 argumenta
1693 4020 1959 4075 duntaxat
1989 4034 2053 4076 ac
2102 4019 2307 4076 semina
2352 4021 2602 4089 requirit.
2658 4008 2935 4092 Siquidem
2980 4020 3049 4075 ad
3083 4008 3299 4095 “cultum
3341 4034 3409 4075 ac

138 4122 364 4180 segetem
406 4111 605 4180 ingenii
639 4111 906 4181 sagacitas
940 4108 1163 4164 sufﬁcit.
1780 4134 1786 4139 -
2662 4100 2665 4103 ’
2762 4100 2763 4103 “
2818 4096 2821 4099 ’
3242 4098 3246 4105 ’

254 4260 263 4269 ,
373 4200 553 4254 TMA'.
590 4228 664 4239 -
694 4200 928 4253 IEPAKI
966 4198 1461 4269 ΛΑΜΠΡΟΤΑΤῼ.
1713 4203 1719 4209 ’

1713 4203 1719 4209 ’
2009 4199 2326 4257 CCCXLIV.
2367 4228 2434 4241 —-
2470 4198 2749 4255 HIERACI
2795 4198 3229 4279 CLARISSIMO.

209 4292 367 4356 Ἰσθι,
410 4286 456 4345 ὦ
497 4292 868 4363 καθαρότητος
902 4291 1150 4362 τέμενος,
1180 4290 1254 4354 ὡς
1282 4290 1383 4361 ἅδῃ
1420 4290 1561 4344 κατὰ
1608 4289 1714 4342 πᾶ·

1896 4291 2011 4346 Hoc
2032 4294 2173 4347 scias
2197 4294 2380 4358 velim,
2400 4309 2433 4348 ο
2461 4293 2678 4362 pietatis
2701 4292 3010 4358 delubrum,
3041 4302 3093 4347 te
3129 4301 3238 4347 tota
3272 4292 3405 4349 urbe

143 4398 235 4435 σαν
274 4384 377 4453 τὴν
430 4383 615 4435 πόλω-
670 4380 972 4454 παράδοξον
1003 4382 1111 4452 γὰρ
1156 4381 1319 4451 ἔργον
1344 4381 1548 4444 ἀνύσας
1579 4381 1681 4451 (70]

1866 4384 2109 4440 elebrari.
2173 4385 2306 4440 Nam
2351 4403 2472 4439 cum
2528 4384 2844 4440 admirabile
2894 4399 3030 4454 opus
3078 4384 3404 4448 confeceris,

142 4474 567 4546 παραδοξότερον
614 4475 747 4527 αὐτὸ
794 4474 1104 4545 πεποίηκας
1147 4473 1226 4544 τῷ
1254 4473 1430 4542 τάχει.
1462 4467 1572 4525 Ἦν
1621 4473 1680 4542 μὲ

1873 4476 2197 4532 lmirabilins
2251 4477 2378 4532 illud
2441 4493 2536 4545 per
2590 4477 2925 4533 celeritatem
2982 4474 3227 4531 effecisti.
3280 4474 3411 4530 Erat

141 4566 244 4636 γὰρ
270 4567 369 4619 καὶ
413 4568 543 4619 αὐτὸ
583 4566 708 4620 καθ’
737 4566 902 4620 ἑαυτὸ
935 4565 1102 4636 μέγα,
1131 4565 1192 4619 τὸ
1224 4565 1281 4617 δὲ
1310 4566 1476 4635 τάχος
1510 4563 1679 4634 μεῖζοπ

1871 4568 1969 4620 nim
2002 4567 2052 4621 id
2083 4568 2298 4637 quidem
2350 4582 2447 4637 per
2498 4582 2558 4623 se
2605 4582 2823 4636 quoque
2857 4581 3110 4637 magnum
3140 4580 3156 4619 :
3184 4576 3240 4620 at
3267 4565 3409 4622 cele-

144 4656 345 4725 μᾶλλον
371 4656 425 4709 δὲ
455 4657 712 4725 μέγιστον
740 4657 875 4710 αὐτὸ
897 4656 1090 4722 ἔδειξε,
1123 4656 1409 4727 κοσμῆσαν
1436 4654 1536 4726 τὴν
1560 4653 1682 4726 χὰρι

1880 4668 1960 4712 tas
1997 4658 2172 4727 majus
2219 4658 2415 4726 ipsum,
2473 4658 2583 4713 imo
2632 4659 2931 4712 maximum
2989 4658 3243 4725 reddidit,
3301 4672 3408 4727 qua

144 4750 234 4801 ιιαί
262 4752 628 4820 χαριεστέραν
657 4752 977 4822 πεποιηκός.
1014 4750 1302 4819 Διάλαμπε
1326 4748 1505 4803 τοίνυν
1531 4748 1590 4801 ὲν
1612 4750 1682 4801 “to!

1873 4747 2148 4803 eneﬁcium
2190 4758 2441 4803 ornatum
2473 4758 2580 4811 est,
2623 4750 2938 4818 gratiusque
2998 4764 3063 4803 ac
3124 4747 3411 4804 iucundius

148 4841 402 4905 τοιούτοις
429 4843 842 4913 κατορθώμασι.
867 4841 1076 4915 Πρέπει
1096 4840 1206 4912 γάρ
1225 4856 1326 4895 σοι.

1874 4839 2101 4895 lfectum.
2130 4840 2493 4908 Quamobrem
2536 4842 2590 4897 iu
2636 4842 2943 4912 hujusmodi
2994 4842 3287 4898 virtutibus
3324 4839 3412 4897 fac

896 4922 899 4925 ’
1831 4931 2066 4987 eluceas.
2094 4931 2150 4985 ld
2189 4933 2332 4987 enim
2368 4943 2419 4986 te
2455 4931 2674 5001 dignum
2702 4942 2809 4987 est.

459 5026 639 5080 TME'.
652 5053 720 5064 —
731 5023 1063 5096 ΔΡΠΟΚΡᾼ
1092 5025 1402 5097 ΣΟΦῙΣΤῌ.

2028 5021 2318 5079 CCCXLV.
2347 5052 2420 5063 --
2448 5022 2797 5089 ARPOCIUE
2825 5022 3206 5080 SOPHISTE.

248 5118 391 5183 Περὶ
420 5117 530 5186 τῆς
554 5119 865 5188 δυνάμεως
890 5119 1001 5174 τοῦ
1026 5120 1187 5174 θείου
1215 5119 1614 5188 κηρύγματος.

1571 5135 1614 5183 ς,
2129 5112 2205 5169 De
2241 5115 2433 5169 virtute
2479 5114 2672 5170 divina:
2697 5117 3109 5185 pradicationis.

215 5206 281 5259 Εἰ
317 5208 561 5280 ἀγχίνοια
590 5210 883 5282 ἀνθρώπου
921 5213 1022 5281 τῆς
1066 5209 1178 5265 τῶν
1213 5209 1557 5281 γραμμάτων
1583 5208 1727 5279 εἰδή-

1906 5205 1963 5263 Si
1989 5204 2210 5260 humani
2242 5206 2443 5276 ingenii
2489 5207 2808 5272 acrimonia,
2835 5207 3139 5263 litterarum
3170 5206 3412 5265 scientiae

227 5323 279 5355 ³⁸
309 5325 496 5382 Μειιιι.
521 5343 597 5396 Iv,
627 5334 683 5384 4.
769 5328 813 5360 ³⁸
847 5328 1013 5384 Eccli.
1044 5344 1173 5393 xxv,
1210 5329 1299 5385 12.

1216 5442 1451 5502 VARIE
1492 5440 1880 5500 LECTIONES
1921 5440 2009 5496 ET
2045 5436 2257 5497 ΝΟΤᾹ)

221 5601 344 5674 (es)
380 5601 479 5657 Pro
515 5601 780 5680 ιθιλησσες
816 5600 937 5680 cod.
981 5600 1099 5680 van.
1129 5598 1235 5656 650
1273 5601 1463 5658 scribit
1528 5564 1742 5672 ἐξήτηέ

1912 5596 2026 5680 (70)
2067 5594 2217 5680 Haec,
2260 5593 2674 5680 fumiﬁcem"...
2708 5596 2947 5680 ᾁνύσα-ςλ
2993 5595 3276 5680 ρξιιίιιθὺθι
3320 5593 3413 5656 ed.

158 5665 277 5739 δας,
320 5665 373 5727 et
402 5665 704 5741 praecedens
732 5671 765 5739 ἢ
794 5671 950 5724 tollit.
985 5669 1193 5741 Possm.
1612 5665 1623 5672 ’
1682 5665 1694 5671 ’
1835 5665 2042 5736 Paris.;
2077 5665 2448 5724 addunturex
2478 5667 2599 5723 cod.
2636 5665 2808 5724 Vatic.
2844 5665 2968 5721 650.
3001 5665 3160 5723 Eutr.

226 5743 350 5814 (69)
390 5740 525 5797 [dem
560 5741 710 5805 cod.,
746 5740 1151 5811 παραινεῖσθαι.
1187 5743 1262 5797 In.

398 5841 662 5903 Damon.
705 5838 821 5899 GR.
852 5837 1166 5902 LXXVIII.

1964 5926 2013 5931 -,
2202 5926 2205 5929 .
2296 5924 2318 5929 κ.
2929 5840 3008 5899 32

753 5973 783 6007 η
