3894 6412
497 416 652 484 ’1003

1717 411 1776 473 S.
1824 412 2116 472 lSlDORI
2157 411 2597 473 PBLUSIOTrE

3655 415 3764 480 1084

513 528 838 589 antefertur,
869 523 994 594 quid
1028 523 1223 576 mirum
1247 522 1290 576 si
1313 521 1562 592 apostoli,
1585 523 1677 592 qui
1707 523 1908 575 indocti
1939 533 2102 592 atque

2226 539 2341 585 ῖεως
2390 521 2766 592 προκρίνεται,
2816 520 2866 574 τί
2911 519 3225 590 θαυμαστὸν
3270 523 3320 575 εί
3363 525 3416 576 οἱ
3461 524 3762 583 Ἀπόστολοιι

515 615 782 675 illitterati
812 624 989 676 erant,
1028 611 1212 665 divina
1244 611 1507 680 sapientia
1537 611 1765 680 impleti,
1790 611 2104 666 dialecticos

513 716 678 770 etiam
703 720 757 764 et
781 719 1028 763 oratores
1064 713 1392 772 superarunt
1418 705 1442 759 2
1472 703 1605 758 Nam
1653 705 1699 758 si
1729 719 1852 759 eum
1887 706 2104 773 quidem

508 805 608 872 .qui
646 802 797 868 legit,
846 796 1349 864 interpretationem
1385 795 1640 866 ignorare
1667 794 1965 849 verisimile
1997 806 2103 862 est,

466 905 471 910 ·
513 876 638 948 eum
670 906 800 944 vero
833 889 924 957 qui
957 888 1260 939 litterarum
1316 897 1474 939 notas
1509 885 1741 954 ignorat,
1769 899 1955 938 eorum
1986 899 2106 954 qua!

515 983 720 1049 scripta
747 986 875 1033 sunt
908 985 1142 1029 mentem
1179 984 1363 1029 tenere
1403 973 1737 1043 impossibile
1768 986 1871 1026 est.
1907 972 2104 1026 Verum

517 1085 762 1144 persaepe
787 1085 886 1122 usu
918 1069 1066 1121 venit
1100 1077 1156 1119 ut
1192 1068 1280 1134 qui
1316 1066 1464 1135 legit,
1489 1081 1709 1120 sensum
1738 1067 1945 1120 nesciat
1978 1067 2106 1135 :qui

517 1175 698 1219 autem
726 1161 900 1223 audit,
930 1160 975 1214 si
1010 1161 1170 1213 modo
1212 1159 1400 1228 majori
1443 1162 1692 1213 acumine
1721 1160 1792 1212 sit
1821 1167 1875 1214 et
1907 1159 2106 1230 ingenii

519 1255 820 1313 acrimonia
862 1262 1102 1322 praestet,
1138 1267 1262 1306 eum
1319 1252 1602 1321 intelligat,
1654 1253 1867 1307 etiamsi
1905 1253 2108 1322 alioqui

524 1352 826 1404 litterarum
862 1356 1019 1400 notas
1062 1346 1287 1398 minime
1317 1345 1561 1415 cognitas
1591 1345 1806 1398 habeat.
1847 1343 1983 1398 Nam
2017 1345 2109 1414 qui

521 1443 592 1496 ob
618 1440 1010 1495 elementorum
1035 1436 1433 1504 ignorationem
1481 1453 1567 1498 ea,
1599 1452 1720 1504 quae
1750 1437 1944 1491 litteris
1979 1426 2110 1490 cnn-

526 1535 739 1603 signata
769 1541 920 1596 sunt,
953 1529 1234 1598 percipere
1263 1531 1470 1597 nequit,
1515 1529 1673 1599 hujus
1714 1545 2106 1600 saepenumero,

521 1627 648 1679 dum
672 1625 762 1678 alii
794 1624 1003 1694 legunt,
1023 1621 1297 1691 ingenium
1325 1624 1486 1692 viget.
1515 1623 1781 1688 Quocirca
1810 1639 1933 1676 eum
1959 1639 2112 1676 meu-

523 1719 592 1772 tis
639 1731 867 1771 acumen
920 1714 1202 1768 scientiam
1256 1723 1492 1783 superet,
1528 1715 1656 1782 quid
1689 1713 1869 1768 θεῖοι-τί
1912 1724 2109 1783 potest,

522 1811 649 1878 quin
682 1809 863 1863 divina
891 1808 1157 1878 sapientia
1206 1821 1520 1862 sermonum
1561 1808 1851 1861 artificium
1893 1807 2110 1862 vincat?

721 1918 1036 1974 CCCXLVI.
1071 1946 1144 1960 —
1175 1915 1529 1970 LAMPETIO
1558 1916 1912 1972 EPISCOPO.

1161 2007 1239 2060 De
1283 2007 1467 2060 altari.

593 2118 1040 2189 Quandoquidem
1092 2117 1528 2186 inexpugnabilis
1567 2127 1733 2185 atque
1784 2117 1931 2172 omni
1978 2133 2109 2172 con-

523 2211 849 2266 tradictione
871 2208 1044 2278 major
1063 2222 1126 2262 ea
1147 2208 1325 2263 oratio
1359 2218 1462 2271 est,
1491 2208 1579 2262 cui
1603 2209 1898 2262 adversarii
1922 2224 2108 2264 assen-

523 2309 750 2368 tiuntur,
782 2303 984 2357 idcirco
1035 2302 1102 2356 ad
1147 2316 1420 2371 quamque
1459 2302 1733 2355 nationem
1777 2301 1944 2356 exiis
1988 2316 2110 2371 quae

521 2396 661 2465 apud
707 2408 826 2447 eam
871 2392 1115 2447 moribus
1162 2403 1381 2461 recepta
1416 2402 1564 2456 sunt,
1597 2392 1970 2446 disserendum
2001 2402 2105 2447 est.

511 2486 673 2553 Quod
699 2485 862 2541 etiam
891 2484 979 2538 ille
999 2497 1281 2538 sensorum
1311 2483 1512 2538 Christi
1538 2484 1882 2552 dispensator
1904 2484 2104 2540 Paulus

520 2578 780 2642 faciebat,
818 2577 961 2646 apud
987 2575 1204 2631 Judaeos
1237 2576 1455 2645 quidem
1493 2575 1560 2628 de
1595 2576 1893 2644 Scripturis
1922 2577 2108 2644 dispu-

525 2680 668 2733 lans,
700 2668 844 2736 apud
877 2665 1240 2720 Athenienses
1272 2674 1452 2718 autem
1480 2665 1547 2718 ab
1579 2679 1693 2718 ara.
1731 2664 1938 2720 Idcirco
1961 2667 2112 2720 dice-

522 2763 657 2817 bat:
700 2779 718 2812 ‹
757 2759 954 2814 Factus
975 2771 1096 2812 sum
1129 2757 1299 2825 legem
1348 2771 1456 2810 non
1497 2756 1824 2810 habentibus
1855 2766 2112 2825 tanquam

524 2854 698 2921 legem
729 2867 834 2905 non
859 2848 1152 2904 habens“.
1194 2867 1213 2899 ι
1249 2847 1482 2902 Perinde
1513 2849 1658 2901 enim
1694 2862 1758 2902 ac
1775 2848 1818 2902 si
1847 2848 2012 2918 392
2048 2849 2115 2902 de

519 2947 642 3015 lege
671 2943 805 2998 nihil
835 2941 1116 3006 audiisset,
1141 2941 1210 2995 ab
1243 2955 1338 2995 ara
1386 2940 1639 2994 monendi
1666 2941 1945 2994 materiam
1977 2942 2118 2996 arri-

527 3035 728 3106 piebat,
787 3049 894 3088 non
951 3034 1096 3102 quod
1154 3047 1306 3085 aram
1374 3032 1495 3099 plus
1556 3030 1898 3084 auctoritatis
1952 3045 2114 3098 quam

2211 613 2416 666 ἰδιῶται
2463 613 2617 676 ὄντες
2665 613 2761 667 καὶ
2793 613 3154 685 ἀγράμματοι
3187 615 3287 685 τῆς
3321 615 3472 679 θείας
3508 619 3763 691 ἐμπεπλη.

2208 706 2396 776 σμένοι
2449 705 2660 775 σοφίας,
2727 707 2822 759 καὶ
2862 705 2971 759 τῶν
3017 706 3395 770 διαλεκτικῶν,
3438 709 3529 762 καὶ
3558 711 3660 762 τῶν
3685 716 3764 784 ρη-

2207 798 2381 868 τόρων
2410 798 2762 869 ὲκράτησαν;
2811 799 2874 850 Ei
2927 797 3036 869 γάρ
3079 797 3166 851 τὸν
3216 799 3316 868 μὲν
3356 800 3767 868 ἀναγινώσκοντα

2212 890 2288 962 μὴ
2311 891 2511 945 εἰδέναι
2531 889 2632 962 τὴν
2661 891 2956 963 ἑρμηνείαν
2982 890 3150 955 εἰκὸς,
3179 891 3272 944 τὸν
3298 892 3342 944 δ’
3369 893 3660 960 ἀγνοοῦντα
3682 897 3766 948 τῶν

2211 985 2554 1056 γραμμάτων
2605 986 2732 1047 τοὺς
2783 984 3142 1054 χαρακτῆρας
3172 984 3264 1038 τὸν
3315 983 3440 1037 νοῦν
3475 985 3767 1041 ἐπίστασθαι

2209 1079 2318 1131 τῶν
2345 1078 2744 1149 γεγραμμένων
2782 1077 3065 1130 ἀδύνατον.
3101 1075 3241 1128 Ἀλλ’
3267 1075 3382 1129 ἔστι
3415 1077 3667 1141 πολλάκις
3694 1081 3766 1131 τὸν

2215 1172 2318 1242 μὲν
2351 1170 2796 1238 ἀναγινώσκοντα
2847 1169 2923 1240 μὴ
2953 1168 3152 1222 εἰδέναι
3185 1167 3276 1221 τὸν
3309 1167 3435 1221 νοῦν
3468 1169 3599 1238 (Ἠ),
3632 1171 3711 1222 τὸν
3732 1172 3766 1223 δ’

2210 1260 2482 1314 ἀκούοντα
2513 1259 2774 1330 ὀξύτερον
2825 1259 2955 1312 ὅντα
2984 1260 3078 1310 καὶ
3114 1257 3330 1310 συνέσει
3366 1256 3682 1328 διαφέροντα
3707 1263 3767 1311 εξ-

2211 1352 2379 1418 δέναι,
2427 1352 2606 1406 καίτοι
2651 1351 2760 1404 τῶν
2811 1351 3149 1421 γραμμάτων
3178 1350 3252 1420 μὴ
3282 1349 3646 1415 ἐπιστάμενον
3669 1352 3767 1414 τοὺς

2212 1447 2589 1516 χαρακτῆρας.
2647 1436 2716 1515 ᾮ
2770 1442 2880 1513 γὰρ
2937 1440 3199 1504 ἀδύνατος
3259 1442 3294 1512 ἠ
3347 1440 3644 1512 κατάληψις
3683 1443 3768 1495 τῶν

2214 1534 2549 1604 ἐγκειμένων
2576 1533 2663 1586 διά
2691 1533 2789 1603 τὴν
2834 1531 3059 1594 ἄγνοιαν
3095 1531 3203 1583 τῶν
3233 1530 3535 1600 στοιχείων,
3566 1531 3769 1602 τούτῳή

2216 1627 2431 1690 σύνεσις
2469 1625 2709 1695 ἀκμάζει
2760 1624 3043 1687 πολλάκις,
3075 1622 3254 1676 ἄλλων
3292 1617 3769 1691 ἀναγινώσκόντων.

2216 1722 2279 1774 Εἰ
2315 1719 2497 1772 τοίνυν
2541 1717 2794 1789 ἀγχίνοια
2832 1717 2931 1786 τῆς
2974 1717 3289 1786 ἐπιστήμης
3323 1718 3536 1785 κρατεῖ,
3591 1715 3697 1777 πῶς
3723 1717 3770 1766 οὐ

2215 1812 2334 1865 θεία
2357 1812 2539 1880 σοφία,
2571 1811 2747 1878 λόγων
2775 1808 2972 1880 τέχνης
3005 1808 3323 1876 περιέσταις

2429 1924 2648 1991 ΤΜςῖν.
2695 1953 2767 1963 --
2799 1921 3162 1992 ΛΑΜΠΕΤΙῼ
3200 1919 3572 1990 ΕΠῘΣΚΟΠῼ.

2677 2021 2679 2023 ’
2733 2013 2874 2082 Περὶ
2908 2012 3016 2066 τοῦ
3045 2011 3278 2080 βωμοῦ.

2300 2123 2519 2192 Ἐπειδὴ
2552 2122 2763 2193 ἄμαχος
2795 2122 2893 2175 καὶ
2923 2122 3320 2192 ἀναντίρρητος
3341 2121 3449 2181 πᾶς
3475 2119 3628 2187 λόγος
3648 2119 3773 2189 παρά

2215 2215 2326 2268 τῶν
2377 2214 2638 2268 ἐναντίων
2680 2212 3238 2283 συνομολογούμενος,
3271 2213 3489 2283 ἑκάστῳ
3533 2212 3778 2265 ἕθνειάπὺ

2216 2304 2324 2358 τῶν
2350 2304 2480 2375 παρ’
2516 2305 2702 2367 αὐτοῖς
2745 2302 3148 2372 νενομισμένων
3172 2301 3507 2365 διαλεκτέον,
3549 2303 3577 2355 ὅ
3609 2303 3691 2354 καὶ
3715 2301 3774 2375 [ὁ]

2215 2395 2324 2448 τῶν
2356 2393 2496 2466 [τοῦ]
2529 2393 2767 2465 Χριστοῦ
2801 2396 3092 2465 νοημάτων
3124 2395 3328 2464 ταμίας
3359 2395 3535 2447 ἐποίει
3574 2395 3775 2459 Παῦλος,

2233 2486 2511 2551 Ἰουδαίοις
2544 2487 2644 2556 μὲν
2673 2487 2782 2540 ἀπὸ
2809 2486 2917 2539 τῶν
2946 2485 3179 2557 Γραφῶν
3205 2485 3607 2555 διαλεγόμενος,
3643 2485 3777 2554 Ἀϐη-

2219 2577 2390 2642 ναίοις
2418 2579 2476 2632 δὲ
2506 2579 2616 2633 ἀπὸ
2657 2578 2750 2632 τοῦ
2786 2578 2994 2649 βωμοῦ.
3024 2579 3113 2631 Διὸ
3147 2578 3239 2632 καὶ¹
3272 2578 3400 2648 ἔφη,
3437 2599 3454 2631 ι
3507 2581 3781 2652 Ἐγενόμην

2217 2672 2331 2733 τοῖς
2370 2670 2612 2738 ἀνόμοις,
2649 2669 2726 2732 ὼς
2757 2670 2977 2739 ἄνομος.
3017 2687 3038 2721 ι
3099 2668 3187 2732 Ὠς
3215 2669 3324 2740 γὰρ
3359 2670 3588 2740 ἀνήκοος
3614 2669 3683 2721 ὢν
3699 2669 3776 2722 τοῦ

2219 2763 2404 2834 νόμου,
2435 2763 2544 2816 ἀπὸ
2571 2760 2667 2815 τοῦ
2698 2761 2885 2832 βωμοῦ
2918 2761 3018 2831 τὴν
3064 2761 3390 2832 παραίνεσιν
3440 2763 3684 2826 ἐποιεῖτο,
3727 2759 3778 2812 οὐ

2221 2855 2310 2908 τὸν
2339 2855 2522 2926 βωμὸν
2568 2855 3009 2924 ἀξιοπιστότερον
3058 2854 3162 2906 τῶν
3205 2853 3442 2925 Γραφῶν
3483 2854 3776 2923 ἡγούμενος,

2220 2943 2357 2998 ἀλλά
2401 2947 2528 3008 τοὺς
2574 2944 2942 3008 ἀπιστοῦντας
3001 2945 3212 3009 αὐταῖς,
3272 2944 3383 2998 ἀπὸ
3431 2944 3540 2998 τῶν
3588 2942 3782 2997 οἰκείων

2223 3032 2580 3104 χειρούμενος
2608 3033 2921 3102 δογμάτων.

527 3130 838 3198 Scripturas
869 3125 1069 3180 habere
1095 3123 1384 3193 judicaret,
1416 3123 1510 3176 sed
1550 3132 1606 3176 ut
1633 3137 1751 3186 eos,
1784 3121 1875 3190 qui
1908 3121 2106 3175 nullam
2141 3121 2277 3193 ipsis
2321 3124 2479 3179 ﬁdem
2523 3127 2875 3194 arrogabant,
2917 3126 2986 3180 ab
3043 3125 3403 3194 ipsorummet
3467 3125 3782 3195 dogmatibus
3850 3147 3861 3163 -

528 3221 824 3293 subigeret.

785 3323 1126 3382 CCCXLVll.
1149 3353 1221 3363 —
1248 3320 1481 3377 PAULO
1520 3319 1849 3377 TRIBUNO.

609 3435 772 3491 Vetus
820 3448 1020 3496 sermo,
1065 3447 1129 3485 ac
1176 3431 1260 3485 lex
1311 3431 1553 3484 omnium
1592 3431 1868 3484 hominum
1916 3430 2122 3496 judicio

534 3538 681 3583 recta
721 3537 776 3581 et
820 3522 1114 3586 laudanda,
1144 3522 1246 3574 hoc
1275 3520 1598 3589 praescribit,
1627 3531 1682 3574 ut
1707 3536 1772 3575 ne
1802 3522 1923 3590 quis
1958 3523 2125 3592 lapsis

536 3619 780 3681 insultet,
810 3615 1176 3685 necjacentes
1199 3613 1457 3675 trucidet,
1491 3627 1678 3665 verum
1717 3622 1974 3681 tanquam
2001 3629 2125 3682 sup-

535 3713 705 3782 plices
759 3709 1108 3769 misereatur,
1142 3705 1424 3774 captisque
1463 3720 1683 3757 manum
1718 3707 1975 3774 porrigat.
2010 3706 2123 3758 Au-

539 3808 626 3860 dio
660 3815 838 3859 autem
867 3803 1015 3856 feras
1041 3800 1229 3866 etiam,
1259 3799 1457 3869 quibus
1501 3799 1624 3868 plus
1666 3799 1834 3853 animi
1881 3801 2038 3864 inest,
2075 3802 2124 3854 id

538 3898 776 3966 quidem,
836 3897 980 3966 quod
1036 3893 1365 3958 obluctatur,
1420 3895 1607 3950 ulcisci
1663 3911 1678 3949 :
1741 3895 1886 3963 quod
1943 3907 2125 3948 autem

537 3989 770 4043 fractum
813 3997 867 4042 et
909 3987 1246 4042 debilitatum
1295 3997 1400 4054 est,
1450 3987 1818 4040 misericordia
1867 3987 2120 4057 prosequi

539 4079 733 4132 solere.
764 4077 898 4133 Cum
923 4079 1108 4148 igitur,
1137 4089 1190 4133 et
1234 4079 1376 4148 apud
1429 4078 1697 4144 homines,
1731 4089 1785 4133 et
1817 4081 1953 4146 apud
1985 4078 2127 4132 feras

540 4171 838 4225 inimicitia:
869 4185 933 4222 ac
959 4170 1080 4224 belli
1110 4171 1245 4224 certi
1282 4172 1483 4226 limites
1536 4171 1645 4226 sint
1683 4187 1818 4240 quos
1855 4172 2129 4225 transilire

540 4263 762 4319 minime
785 4271 1053 4333 oporteat,
1082 4277 1149 4316 ne
1173 4273 1226 4316 tu
1261 4278 1474 4332 quoque
1505 4263 1835 4325 committas,
1864 4274 1921 4315 ut
1944 4264 2008 4316 iis
2034 4267 2125 4332 qui

539 4354 667 4407 victi
724 4361 870 4418 sunt,
931 4353 1211 4419 irascaris,
1245 4367 1346 4406 nec
1394 4366 1487 4406 eos
1532 4351 1622 4420 qui
1673 4351 1820 4405 humi
1869 4354 2125 4420 prostrati

541 4453 669 4500 sunt
703 4453 959 4513 tanquam
996 4444 1182 4498 hostes
1218 4457 1453 4512 premas.

985 4552 1209 4608 CCCXL
1222 4551 1349 4607 Vlll.
1377 4582 1448 4592 —
1479 4551 1705 4610 lSAIE.

2543 3326 2724 3380 TMZ.’
2752 3355 2820 3366 —
2854 3326 3089 3397 ΠΑΥΛῼ
3127 3293 3491 3394 ΤΡιΒοιοΝῼ.

2298 3434 2534 3498 Παλαιὸς
2562 3434 2721 3503 λόγος
2743 3435 2859 3505 (7'2)
2881 3434 3209 3504 διαγορεύει,
3243 3435 3338 3486 καὶ
3364 3433 3564 3501 θεσμὸς
3583 3429 3640 3486 εὖ
3663 3432 3785 3502 ἔχειν

2227 3525 2432 3578 ἅπασιν
2466 3525 2775 3596 ἀνθρώποις
2817 3525 2996 3592 δόξας,
3045 3526 3120 3596 μὴ
3172 3526 3527 3594 ἐπεμϐαίνειν
3570 3527 3675 3586 τοῖς
3705 3540 3786 3574 πε-

2235 3617 2498 3682 πτωκόσι,
2553 3617 2690 3687 μηδὲ
2722 3619 3126 3686 καταστάττειν
3179 3618 3306 3680 τοὺς
3338 3618 3641 3686 κειμένους,
3691 3613 3789 3667 ἀλλ’

2228 3709 2491 3764 αἰδεῖσθαι
2519 3709 2595 3771 ὡς
2638 3711 2844 3773 ἱκέτας,
2876 3711 2969 3762 καὶ
2998 3713 3156 3781 χεῖρα
3186 3711 3404 3780 ὀρέγειν
3441 3711 3554 3772 τοῖς
3577 3707 3789 3760 ἑαλωκό-

2231 3817 2334 3856 σιν.
2354 3798 2562 3851 Ἀκούω
2591 3799 2646 3851 δὲ
2667 3800 2749 3851 ὃτι
2774 3800 2842 3852 τὰ
2865 3798 3050 3869 Θηρία,
3081 3792 3163 3860 οἷς
3194 3798 3420 3868 μέτεστι
3446 3800 3789 3868 φρονήματος.

2229 3891 2288 3943 τὸ
2321 3892 2418 3961 μὲν
2444 3890 2774 3960 ἀνθεστηκὸς
2798 3889 3066 3959 ἀμύνεται
3084 3905 3098 3919 ο
3133 3888 3193 3940 τὸ
3221 3887 3279 3940 δὲ
3314 3886 3614 3956 ἀπειρηκὸς
3642 3883 3787 3936 αἰδεῖ-

2230 4000 2344 4036 ται.
2375 3983 2439 4036 Et
2463 3984 2643 4036 τοίνυν
2666 3984 2759 4036 καὶ
2781 3983 2931 4052 παρά
2953 3979 3283 4053 ἀνθρώποις,
3316 3980 3411 4032 καὶ
3440 3981 3586 4050 παρᾶ
3615 3977 3792 4046 θηρσίν

2230 4078 2368 4130 εἰσιν
2397 4075 2597 4146 ἔχθρας
2625 4076 2719 4129 καὶ
2755 4075 2994 4144 πολέμου
3035 4075 3174 4144 ὅροι,
3205 4072 3301 4136 οὒς
3327 4073 3388 4125 οὐ
3420 4071 3524 4142 χρὴ
3547 4067 3791 4140 ὑπερϐαίο

2231 4187 2380 4224 νειν·
2440 4170 2578 4240 μηδὲ
2622 4169 2786 4232 αὐτὸς
2835 4167 3058 4238 ὀργίζου
3108 4169 3220 4230 τοῖς
3277 4167 3624 4236 ἡττημένοις,
3671 4161 3792 4233 μηδὲ

2229 4267 2340 4328 τοῖς
2364 4265 2537 4334 χαμαὶ
2559 4263 2836 4333 κειμένοις
2865 4262 2940 4325 ὡς
2964 4261 3284 4324 ἀντιπάλοις
3311 4259 3550 4328 ἑγκεισο,

2750 4554 2938 4608 TMH'.
2969 4582 3041 4593 —
3068 4555 3297 4625 ΗΣΑΙᾼ.

615 4679 673 4733 Si
719 4688 776 4733 tu
824 4679 954 4734 illud
987 4678 1210 4743 veritus,
1262 4693 1332 4732 ne
1386 4678 1432 4731 is
1467 4679 1556 4747 qui
1605 4693 1636 4732 a
1690 4687 1742 4733 te
1788 4677 2116 4734 contumelia

2310 4683 2370 4734 Εἰ
2401 4681 2499 4752 μὲν
2547 4679 2708 4735 τοῦτο
2747 4680 2954 4745 δεδιὼς,
3008 4679 3083 4752 μὴ
3121 4680 3304 4753 φθάσῃ
3334 4678 3633 4748 ἐγκαλέσας
3656 4677 3684 4729 ὁ
3714 4691 3800 4728 πα·

545 4770 771 4826 aﬂ‘ectus
799 4782 886 4826 est
918 4771 1068 4840 prior
1116 4779 1166 4822 te
1202 4779 1504 4831 accusaret,
1534 4769 1858 4823 existimasti
1902 4768 2020 4823 fore
2047 4778 2124 4833 ut,

544 4864 589 4918 si
620 4871 1013 4924 anteverteres,
1035 4861 1248 4930 culpam
1279 4860 1656 4922 adumbrares,
1690 4873 1755 4912 ac
1780 4860 2006 4913 crimina
2038 4873 2125 4924 ea,

545 4969 668 5024 quae
709 4955 761 5006 in
796 4963 844 5006 te
887 4950 1262 5013 c0nl'eruutur,
1306 4947 1637 5013 succideres,
1682 4949 1879 5002 scitum
1915 4963 2124 5014 revera,

549 5062 616 5102 ne
640 5046 814 5100 dicam
847 5043 1138 5113 malignum
1168 5056 1232 5097 ac
1260 5041 1667 5106 veteratoriam,
1700 5051 1784 5095 est
1825 5043 1925 5096 hoc
1959 5043 2129 5095 artiﬁ-

633 5202 680 5236 ⁴⁰
711 5201 729 5256 ι
759 5201 884 5257 Cor.
914 5216 989 5266 lx,
1017 5201 1108 5254 2i.

2239 4774 2512 4847 ροινηθείς
2560 4774 2715 4846 παρὰ
2749 4773 2868 4839 σοῦ,
2925 4775 3113 4846 ᾠήθης
3146 4773 3437 4846 προλαὸὼι
3489 4770 3799 4826 ἐπισκιάσα-

2239 4868 2362 4921 σΟαι
2395 4868 2507 4937 (75)
2560 4868 2660 4931 τὰς
2716 4869 2914 4932 αἰτίας,
2961 4867 3056 4921 καὶ
3102 4867 3205 4930 τάς
3261 4867 3498 4937 μέμψεις
3526 4865 3627 4927 τὰς
3680 4861 3802 4915 κατᾶ

2239 4958 2442 5011 σαυτοῦ
2474 4958 2891 5029 ὑποτεμεῖσθαι,
2919 4959 3080 5027 σοφὸν
3100 4958 3179 5029 τῷ
3202 4958 3340 5022 ὄντι,
3373 4960 3458 5010 ἵνα
3487 4957 3559 5027 μὴ
3592 4954 3805 5020 κακοῦρ-

2234 5060 2330 5111 γον
2373 5045 2531 5110 εἴπω,
2564 5046 2658 5098 καὶ
2687 5045 2858 5098 τοῦτο»
2875 5047 3206 5117 μηχάνημα*
3233 5049 3282 5099 εἰ
3307 5047 3352 5100 δ’
3382 5047 3456 5110 ὡς
3487 5043 3701 5116 ἀληθῶς
3729 5041 3804 5094 αἰ-

1656 5332 1886 5388 νΑιιιΛῑ
1927 5333 2313 5390 LECTIONES
2355 5336 2442 5390 ET
2486 5335 2724 5392 NOTAE.

625 5499 740 5565 (71)
780 5496 911 5561 Quae
945 5495 1197 5564 leguntur
1238 5495 1302 5565 iu_
1332 5492 1477 5546 edito
1507 5491 1620 5565 liter.
1651 5491 1838 5565 verba,
1869 5489 1983 5565 ἀλλ’
2013 5490 2130 5565 ἔστι

552 5560 924 5629 πολλάκιςτὸν
950 5560 1046 5636 μὲν
1077 5562 1522 5636 ἀναγινωσκοντα
1545 5561 1620 5636 μὴ
1638 5560 1834 5636 εἰδέναι
1865 5562 1956 5613 τὸν
1983 5561 2129 5622 νοῦν,

552 5656 613 5692 ea
649 5647 842 5691 cuncta
869 5639 917 5688 in
950 5631 1073 5690 coll.
1111 5631 1232 5688 Vat.
1263 5633 1367 5687 650
1400 5634 1543 5685 velut
1570 5631 1936 5701 ὑποϐολιμαῖα
1969 5636 2131 5683 omit-

555 5720 762 5762 tuntur.
805 5706 959 5760 Vers.
1016 5706 1112 5759 ult.
1159 5720 1245 5773 ep.
1279 5705 1420 5757 idem
1463 5717 1558 5772 pro
1588 5702 1763 5769 λόγων
1816 5702 2007 5756 scribit
2039 5701 2129 5752 λό-

553 5779 906 5847 γου.ΡοεδιΝ.
989 5844 999 5847 _
1083 5845 1090 5847 _
1158 5845 1213 5847 Η
1399 5781 1404 5784 ’

629 5848 740 5919 (72)
781 5847 885 5900 Pro
909 5844 1136 5908 παλαιὸς
1156 5845 1314 5914 λόγος
1336 5843 1524 5899 melius
1550 5843 1673 5912 legit.
1703 5841 1823 5897 cod.
1849 5841 1969 5896 Val.
1999 5840 2123 5908 650,

2244 5492 2466 5579 παλαιὸς
2495 5492 2678 5562 νόμος.
2720 5491 2782 5546 ν.
2814 5493 2848 5547 5
2879 5492 3027 5548 inter
3061 5494 3144 5546 ὅτι
3187 5501 3243 5548 et
3263 5494 3335 5547 τά
3369 5492 3645 5547 interserit
3681 5493 3809 5548 idem

2243 5564 2563 5704 καίῆἐῗίδιο
2586 5633 3010 5688 ἐπισκιάσασθαι
3046 5634 3186 5689 idem
3215 5637 3340 5690 cod.
3369 5632 3524 5704 habet
3556 5633 3808 5686 ἐπισκιά-

2240 5703 2351 5766 σαι,
2392 5718 2445 5759 et
2478 5721 2620 5759 vers.
2654 5721 2770 5772 seq.
2802 5721 2899 5772 pro
2927 5705 3345 5774 ὑποτεμεῖσθαι,
3373 5703 3694 5774 ὑποτεμεῖς.
3720 5705 3809 5758 De-

2239 5778 2402 5845 uique
2435 5791 2572 5830 vers.
2611 5771 2747 5846 pen.
2770 5771 2855 5846 ep.
2885 5791 2983 5846 pro
3011 5771 3186 5838 ἑάλως
3221 5775 3349 5845 legit
3379 5771 3553 5826 ἑάλω.
3579 5774 3663 5827 In.
