3894 6412
173 320 289 388 1(θῦ
984 330 1516 391 ΕΡΙΞΤΟΙ.ΑΒΠΜ
1550 332 1695 392 LIB.

1842 382 1853 392 .
1893 358 1963 368 —
2000 332 2237 392 EPIST.
2281 329 2506 390 CCCLI.
3252 322 3388 389 1006

171 440 337 511 ρήσειν
384 436 720 506 προσδοκῶν.
760 437 971 507 ἠλίθιόν
1000 455 1051 490 τι
1088 438 1381 500 πέπονθας.
1413 440 1488 491 Οὐ
1520 438 1628 509 γὰρ
1657 438 1722 491 ἂν

1841 440 1987 492 .‘inm.
2026 438 2081 492 Si
2113 449 2289 492 autem
2319 439 2419 491 hoc
2448 450 2511 489 ea
2550 450 2644 505 spe
2676 442 2834 504 atque
2871 436 3272 502 exspectatione
3306 436 3390 494 fe-

169 529 299 598 ἁλοίη
340 529 422 595 ἐφ’
461 523 543 590 οἷς
575 529 677 599 ἤδη
720 529 892 592 ἑάλως
924 529 1066 582 κατὰ
1109 529 1207 600 τὴν
1249 530 1358 583 τῶν
1390 530 1717 601 γραψάντων

1841 533 1965 593 :isti,
2006 540 2257 597 tauquam
2296 530 2500 594 judicio
2530 528 2774 597 superior
2800 542 2924 582 vere
2951 529 3306 597 discessurus,
3334 532 3390 586 iu

168 619 347 691 ἀψευδῆ
373 620 700 691 μαρτυρίαν.

1841 622 2048 688 luadam
2083 618 2322 690 profecto
2355 620 2578 673 stultitia
2611 623 2864 676 versaris.
2895 620 3082 692 Neque
3123 622 3267 676 enim
3298 622 3389 679 ille

1820 712 1889 765 ob
1942 728 2004 764 ea
2050 712 2422 776 convincetur,
2474 713 2543 765 ob
2602 725 2721 780 quae
2769 723 2822 765 tu
2870 712 2978 780 jam
3023 713 3175 781 juxta
3203 728 3389 769 verum

1820 821 2028 870 eorum,
2058 806 2147 874 qui
2187 805 2541 875 scripserunt,
2582 805 2943 859 testimonium
3002 806 3281 859 convictus
3308 820 3390 861 es.

354 909 532 963 TMB’.
564 940 635 949 —
670 910 997 983 ΘΕΟΔΟΣΙῼ
1040 912 1507 982 ΠΡΕΣΒΥΤΕΡῼ.

230 1016 377 1079 Ἵσθι,
421 1011 467 1070 ὦ
514 1017 955 1086 θαυμασιώτατε,
986 1021 1069 1073 ὄτι
1115 1022 1240 1091 μήτ’
1277 1020 1529 1087 ἐξειπὼν,
1584 1021 1723 1092 μήτε

170 1108 550 1177 κοινωσάμενός
586 1110 696 1181 (74)
731 1113 865 1181 μοιό
891 1112 1063 1164 δοκῶν
1089 1108 1227 1166 εἶναι
1261 1112 1412 1179 φίλος
1439 1113 1589 1183 (ᾔδει
1617 1114 1724 1184 γὰρ

170 1201 255 1253 οὐκ
297 1200 637 1267 ἀνεξόμενον,
688 1202 809 1254 οὐδὲ
864 1204 1288 1273 συγχωρήσοντα
1359 1204 1507 1273 αὐτῷ
1566 1204 1725 1257 λύσαι

171 1293 500 1363 πολυχρόνιον
537 1293 757 1363 φιλίαν)
814 1295 1094 1364 πέπρακεν
1122 1294 1158 1348 ἀ
1208 1297 1478 1365 πέπραχε.
1509 1296 1600 1348 Διὸ
1631 1297 1726 1349 καί¹

170 1384 254 1452 τῆς
274 1383 449 1451 φιλίας
481 1383 640 1454 ἡμῶν
668 1385 1056 1456 ἀπεκηρύχθη.

417 1584 551 1639 TN'.
587 1614 649 1623 —
682 1583 942 1654 ΕΡΜΕΙᾼ
973 1582 1450 1655 ΓΡΑΜΜΛΤΙΚῼ.

172 1676 294 1745 Περὶ
346 1674 477 1740 τοῦ,
533 1694 552 1726 ε
615 1676 961 1739 Φάσκοντες
1020 1672 1170 1728 εἶναι
1225 1677 1403 1745 σοφοὶ
1465 1675 1725 1744 ἐμωράν-

784 1752 1004 1811 θησαν.
1055 1766 1072 1796 ι

230 1853 568 1917 Κινδυνεύεις
616 1856 850 1921 ἀγνοεῖν,
898 1854 979 1905 ὅτι
1012 1868 1062 1905 οι
1106 1870 1331 1923 ποιηται
1374 1853 1501 1915 τοὺς
1536 1852 1725 1906 πλεον-

175 1945 460 2013 εκτήμασιν
490 1944 769 2011 εὐγενείας
800 1943 1105 2013 ἐμπρέπειν
1144 1944 1244 1995 οὐκ
1272 1942 1517 2012 ἔχοντας,
1561 1942 1727 2013 μυθοο

175 2037 358 2104 λεγίαις
389 2035 642 2097 ἀπίστοις
670 2036 990 2104 ἐσέμνυναν.

382 2141 559 2196 ΤΝΑ’.
601 2171 667 2182 --
701 2142 1002 2214 ΑΝΤΩΝΙῼ
1028 2143 1490 2213 ΣΧΟΛΑΣΤΙΚῼ.

244 2255 296 2308 '0
336 2256 439 2323 τῆς
462 2254 761 2324 παρθενίας
792 2254 965 2322 ἀγὼν,
1010 2255 1186 2325 μέγας
1220 2253 1319 2323 μὲν
1350 2254 1444 2305 καὶ
1480 2252 1731 2323 λαμπρὸς

176 2348 255 2400 καί
299 2346 479 2409 ἐνθεος
532 2346 708 2415 (πρὸς
757 2349 866 2415 γὰρ
912 2346 1007 2415 τὴν
1058 2346 1296 2415 ἔμφυτον
1348 2344 1441 2399 τοῦ
1484 2346 1731 2414 σώματος

176 2439 347 2509 ἡδονὴν
399 2440 429 2490 ὁ
483 2438 782 2507 πόλεμος),
822 2441 877 2489 ὲν
923 2438 980 2491 δὲ
1035 2440 1145 2500 τοῖς
1182 2437 1359 2499 ἀλλοις
1406 2436 1586 2499 ἄθλοις
1619 2435 1731 2505 (75)

177 2528 506 2599 ὲξευμαρίζει
533 2530 657 2592 τοὺς
711 2528 928 2591 πόνους.
975 2528 1200 2598 Ῥᾳδίως
1232 2528 1342 2599 γάρ
1396 2528 1734 2597 φιλοχρημα-

176 2620 281 2683 τίας
327 2622 612 2691 κρατήσει,
664 2620 868 2689 κόσμου
918 2619 1260 2689 σωματικοῦ,
1316 2619 1505 2689 ἀνδρός
1541 2635 1599 2671 τε
1622 2618 1734 2670 σκαὶ

178 2710 362 2763 παίδων
394 2711 470 2779 μὴ
508 2709 887 2779 φροντίζουσα,
916 2709 981 2762 δι’
1012 2709 1040 2761 ὃ
1068 2711 1094 2761 ὁ
1119 2710 1225 2761 τῶν
1258 2710 1559 2779 χρημάτων
1583 2724 1735 2780 πορι-

181 2800 297 2872 σμὸς
321 2802 616 2869 ἀναγκαῖος
643 2796 782 2853 εἶναι
812 2803 922 2864 τοῖς
950 2801 1298 2869 ἀφιλοσόφοις
1340 2799 1521 2852 δοκεῖ’
1548 2797 1733 2851 πένθει

178 2908 228 2945 τε
248 2892 515 2954 ἀνάλωτος
539 2892 710 2945 ἔσται.
745 2895 819 2944 Οὐ
854 2892 961 2962 γάρ
990 2892 1189 2962 ἤνθησε
1219 2890 1463 2953 κλάδους,
1490 2885 1571 2952 οἷς
1606 2906 1733 2942 συν-

178 2983 380 3036 ανθοῦσι
420 2984 514 3037 καὶ
557 2984 611 3035 αἱ
652 2983 929 3054 φροντίδες
964 2984 1058 3034 καὶ
1100 2982 1168 3035 τὰ
1197 2980 1367 3051 πένθη
1404 2981 1540 3051 (76).
1592 2979 1737 3033 Ζών-

1924 911 2238 967 CCCXLIX.
2269 942 2341 952 —-—
2371 910 2760 967 THEODOSIO
2804 912 3283 970 PRESBYTERO.

1891 1022 2020 1075 Illud
2057 1023 2212 1083 scito,
2243 1022 2325 1074 vir
2366 1038 2677 1090 cumprmns
2714 1022 3049 1085 admirauue,
3096 1038 3240 1085 eum,
3297 1024 3390 1092 qui

1823 1115 1981 1168 amici
2014 1116 2245 1182 speciem
2294 1128 2405 1182 pra:
2439 1127 2496 1165 se
2542 1112 2767 1171 ferebat.
2808 1126 2865 1166 re
2896 1114 3023 1166 mihi
3065 1115 3284 1169 minime
3315 1115 3393 1168 sl-

1823 1205 2074 1275 guilieata
2118 1221 2216 1258 nec
2266 1204 2659 1258 communicata
2731 1206 2909 1272 (norat
2955 1208 3097 1259 enim
3154 1221 3239 1260 me
3288 1222 3392 1262 non

1824 1310 2223 1367 perpessurum,
2271 1311 2369 1349 nec
2423 1295 2521 1363 ipsi
2573 1296 2983 1363 permissurum,
3011 1278 3065 1349 ut
3099 1297 3392 1350 amicitiam

1824 1397 2086 1442 vetustam
2150 1388 2521 1457 discinderet),
2570 1404 2634 1441 ea
2680 1386 2878 1444 fecisse
2939 1404 3057 1457 qum
3118 1387 3262 1445 fecit.
3318 1393 3398 1446 Ae

1823 1480 2051 1549 proinde
2082 1482 2149 1532 ah
2174 1480 2407 1533 amicitia
2445 1490 2623 1532 nostra
2649 1482 2980 1548 proscriptus
3005 1490 3108 1536 est.

2035 1586 2229 1643 CCCL.
2253 1618 2323 1627 —
2352 1586 2634 1641 IIERMIA‘I
2678 1586 3153 1646 GRAMMATICO.

1828 1677 1904 1732 De
1918 1694 1998 1739 eo,
2044 1697 2062 1729 ι
2102 1676 2340 1731 Dicentes
2369 1692 2478 1729 esse
2505 1679 2761 1744 sapientes
2786 1679 2931 1732 stulti
2972 1682 3099 1748 facti
3128 1693 3245 1735 sunt
3278 1682 3344 1735 υ.
3374 1703 3393 1735 ο

1900 1860 2033 1911 lllnd
2078 1859 2329 1926 ignorare
2358 1859 2581 1921 videris,
2631 1870 2839 1927 poetas,
2866 1875 2961 1916 eos
3006 1864 3097 1932 qui
3130 1863 3274 1917 veris
3304 1879 3404 1918 no-

1831 1950 2055 2005 bilitatis
2094 1950 2308 2003 dotibus
2337 1950 2577 2003 eminere
2621 1964 2725 2004 non
2776 1960 3043 2019 poterant,
3077 1952 3404 2009 incredibili-

1831 2042 1931 2097 bus
1955 2041 2149 2095 l‘abulis
2182 2056 2494 2094 cxornasse.

2005 2149 2228 2205 CCCLI.
2272 2180 2343 2192 -—
2393 2148 2696 2205 ANTONIO
2727 2150 3220 2210 SCHOLASTICO.

1903 2253 2239 2323 Virginitatis
2293 2265 2567 2309 certamen
2623 2272 2873 2324 magnum
2933 2259 3150 2328 quidem
3184 2269 3238 2314 et
3269 2275 3406 2330 pra:-

1834 2344 2037 2400 clarum
2093 2362 2156 2399 ac
2213 2348 2449 2401 divinum
2515 2356 2600 2401 est
2654 2347 2799 2420 (nam
2859 2350 3116 2405 adversus
3163 2352 3406 2421 corporis

1834 2438 2160 2506 voluptatem
2192 2438 2289 2506 ipsi
2337 2438 2531 2491 bellum
2576 2441 2703 2508 est),
2737 2451 2790 2493 at
2823 2442 2873 2494 in
2921 2441 3045 2495 aliis
3095 2443 3407 2497 certamini-

1833 2529 1934 2583 bus
1982 2529 2190 2582 labores
2239 2528 2448 2584 minuit.
2518 2510 2727 2583 Etenim
2774 2533 3118 2600 pecuniarum
3165 2549 3404 2590 amorem

1834 2614 1992 2670 facile
2024 2616 2223 2679 vincet,
2249 2632 2370 2670 cum
2409 2620 2650 2685 corporis
2702 2629 2972 2686 ornatum,
3004 2638 3068 2678 ac
3110 2625 3306 2691 virum,
3350 2633 3407 2681 et

1834 2706 2055 2769 liberos,
2100 2707 2168 2760 ob
2214 2723 2333 2775 quae
2372 2711 2718 2777 pecuniarum
2790 2714 3033 2781 quasitio
3099 2716 3407 2774 hominibus

1836 2814 2023 2869 parum
2070 2800 2400 2869 pliilOSOphis
2470 2805 2775 2857 necessaria
2834 2820 2953 2859 esse
3027 2808 3259 2870 videtur.
3307 2811 3409 2863 mi-

1837 2894 1982 2945 nime
2009 2902 2180 2947 curet.
2213 2892 2426 2947 Maarori
2484 2895 2646 2948 etiam
2702 2896 3116 2966 haudquaquam
3176 2900 3406 2955 obnoxia

1838 2985 1976 3049 erit;
2036 3000 2141 3039 non
2187 2987 2331 3039 enim
2394 3001 2572 3041 ramos
2624 2988 2861 3055 protulit,
2921 3006 3040 3043 cum
3097 2991 3295 3059 quibus
3356 3002 3411 3048 et

179 3092 273 3127 των
304 3075 405 3144 μὲν
437 3074 547 3144 γάρ
588 3073 695 3126 τῶν
738 3074 963 3138 παίδων,
998 3074 1396 3141 ἀναγκάζονται
1432 3074 1732 3144 μεριμνᾷν,

1841 3088 1985 3128 curae
2034 3084 2089 3129 et
2142 3090 2406 3130 maerores
2444 3075 2709 3131 emorent.
2754 3077 3065 3135 Vit-cutibus
3108 3081 3306 3150 quippe
3349 3082 3411 3135 ﬁ-

180 3163 473 3218 τεθνεώσων
524 3163 583 3216 δὲ
649 3163 885 3217 πενθεῖν.
950 3162 1180 3214 Ὀδυνῶν
1239 3179 1298 3215 τε
1348 3163 1443 3215 καὶ
1488 3161 1732 3232 ἀθυμιῶν

1843 3163 1952 3227 liis,
2017 3164 2250 3220 sollicito
2288 3167 2468 3221 animo
2504 3182 2624 3221 esse
2665 3178 2960 3235 coguntur;
3009 3179 3179 3224 morte
3231 3182 3410 3228 autem

181 3258 273 3322 ἔξω
299 3258 637 3326 ἐσκήνωσαι,
678 3256 799 3326 μηδ’
835 3254 1025 3324 ἀνδρὸς
1054 3254 1412 3325 δουλευομένη
1455 3257 1738 3325 φρονήμα-

183 3367 290 3414 τος,
320 3352 458 3420 μήτε
486 3350 639 3401 ὠδῖσι
669 3352 788 3411 ταῖς
818 3348 912 3401 τοῦ
948 3347 1181 3400 θανάτου
1219 3347 1423 3415 γείτοσι
1450 3347 1739 3401 διακοπτοι

188 3442 328 3511 μένη.
359 3442 433 3494 Οὐ
466 3439 1008 3511 παρευδοκιμουμένη
1043 3438 1223 3508 ζηλοῖ,
1267 3440 1367 3492 οὐκ
1402 3438 1738 3509 ἀγαπωμένη

188 3533 470 3585 ὑπτιοῦται.
520 3533 635 3585 Οὐκ
673 3530 1147 3601 ἀποστρεφόμενον
1184 3530 1502 3594 κολακεύει,
1551 3532 1611 3583 οὐ
1648 3549 1739 3602 μι-

189 3623 366 3676 σοῦντα
391 3621 626 3676 θωπεύει
645 3661 659 3684 ,
694 3623 792 3692 οὐχ
821 3622 1533 3692 ὑϐρίζονταιάποστρέφεται
1553 3662 1569 3686 ,
1604 3624 1741 3677 ἀλλά

189 3714 387 3767 πάντων
401 3714 605 3767 τούτων
626 3713 734 3765 τῶν
753 3713 1067 3783 ἀνηκέστων
1086 3713 1271 3766 κακῶν
1294 3713 1404 3785 (77)
1427 3715 1737 3786 ἀπαλλαγὴ,

190 3806 219 3873 ἡ
245 3806 369 3875 πρὸς
394 3806 492 3875 τὴν
521 3804 763 3873 ἔμφυτον
799 3803 1089 3872 ἐπιθυμίαν
1118 3804 1267 3874 μάχη
1289 3842 1304 3868 ,
1331 3798 1399 3875 ἧς
1445 3806 1737 3876 κρατοῦσα,

194 3896 352 3947 πάντα
392 3896 576 3947 ἐκεῖνα
615 3893 994 3946 ὑποκύπτοντα
1036 3893 1169 3963 ἔχει.
1202 3895 1291 3947 Διὸ
1318 3896 1413 3947 καὶ
1442 3898 1469 3946 ὁ
1504 3896 1612 3948 τῶν
1643 3898 1738 3949 ἀν-

195 3984 456 4055 θρωπίνων
482 3987 822 4056 πραγμάτων
848 3985 1091 4057 ἀκριϐῶς
1116 3986 1409 4055 βασανίσας
1430 3988 1527 4059 τὴν
1556 3993 1737 4058 φύσιν,

194 4079 379 4148 ἔγραφε
409 4082 537 4149 περὶ
574 4078 683 4131 τῶν
716 4079 893 4131 πάντα
931 4078 1310 4149 ὑπομενόντων
1354 4079 1423 4131 τὰ
1468 4081 1735 4152 δυσχερῆ,

197 4164 271 4217 ἶνα
294 4166 443 4235 μόνον
474 4168 574 4236 τὴν
608 4166 714 4218 ἀπὸ
746 4168 842 4235 τῆς
875 4167 1168 4235 ἐπιθυμίας
1194 4168 1394 4221 λύτταν
1435 4170 1510 4240 μὴ
1543 4171 1738 4242 χειρώ-

199 4271 404 4319 σωνται,
443 4274 461 4305 ι
487 4256 677 4323 Θ).ίψιν
703 4258 769 4325 τῇ
799 4256 960 4324 σαρκὶ
993 4256 1204 4321 ἕξουσιν
1234 4259 1280 4309 οί
1307 4257 1555 4312 τοιοῦτοι.
1600 4260 1739 4327 Ἐγὼ

194 4345 242 4397 δὲ
268 4346 407 4415 ὑμῶν
451 4346 720 4416 φείδομαι.
771 4366 789 4396 ι
860 4347 995 4399 Ἀλλ’
1037 4347 1224 4419 ἐπειδὴ
1270 4349 1453 4401 πολλοὶ
1499 4351 1598 4420 μὲν
1640 4353 1738 4422 τὴν

1841 3254 2061 3321 functis,
2109 3256 2164 3309 in
2237 3256 2384 3311 luctu
2454 3258 2677 3312 versari.
2733 3259 2780 3313 A
2844 3260 3117 3318 doloribus
3174 3264 3302 3318 item
3355 3276 3413 3321 et

1839 3345 2000 3415 393
2028 3347 2190 3401 animi
2218 3349 2507 3416 angoribus
2534 3348 2788 3403 immunis
2810 3361 2918 3417 est,
2947 3360 3003 3406 ut
3029 3369 3150 3421 qua;
3178 3372 3276 3411 nec
3306 3358 3410 3413 viri

1840 3438 2162 3506 arrogantiae
2206 3448 2461 3508 tanquam
2507 3441 2558 3493 in
2603 3442 2917 3495 servitutem
2964 3447 3263 3512 addicatur,
3310 3465 3411 3506 nec

1840 3539 2029 3598 partus
2062 3530 2339 3585 doloribus
2370 3532 2558 3586 mortis
2586 3533 2775 3587 vicinis
2806 3535 3245 3605 interrumpatur.
3274 3539 3408 3595 Cum

1840 3630 2149 3689 superatur,
2186 3621 2440 3676 invidiam
2476 3638 2580 3677 non
2617 3625 2853 3692 concipit
2889 3644 2903 3680 :
2943 3642 3072 3693 non,
3104 3644 3223 3683 cum
3260 3646 3412 3686 ama-

1842 3717 1929 3761 tur
1954 3711 2146 3779 supino
2175 3711 2358 3767 animo
2385 3723 2503 3777 est;
2535 3728 2639 3765 non
2672 3715 2941 3769 aversauti
2969 3730 3028 3771 se
3055 3728 3362 3775 assentatur
3393 3740 3407 3775 :

1841 3811 1947 3851 non
1980 3798 2106 3852 odio
2141 3800 2356 3854 habenti
2395 3802 2666 3856 blanditur
2699 3821 2713 3857 :
2752 3820 2855 3859 non
2891 3821 3038 3872 eum,
3073 3823 3103 3861 a
3137 3824 3243 3878 quo
3276 3825 3407 3865 cou-

1842 3889 2079 3942 tumeliis
2107 3891 2358 3957 aﬂicitur,
2388 3904 2667 3947 aversatur
2693 3913 2705 3949 :
2736 3910 2920 3949 verum
2953 3899 3019 3952 ab
3050 3902 3300 3955 omnibus
3327 3902 3411 3957 liis

1840 3979 2109 4047 pestiferis
2142 3982 2287 4036 vitiis
2323 3983 2490 4036 libera
2523 3997 2608 4037 est
2642 4001 2815 4055 pugna
2851 3988 3110 4044 adversus
3141 3990 3409 4059 cnpidita-

1843 4080 1946 4125 tem
1974 4088 2001 4123 a
2030 4083 2223 4126 natura
2248 4073 2462 4128 insitam
2489 4094 2502 4129 :
2526 4090 2684 4144 quam
2710 4093 2830 4131 cum
2854 4090 3093 4147 superat,
3116 4082 3292 4134 omnia
3321 4082 3409 4136 illa

1840 4161 1941 4216 sibi
1974 4164 2214 4227 subjecta
2244 4164 2428 4220 habet.
2458 4166 2571 4230 Qua
2605 4168 2766 4220 etiam
2796 4167 2862 4221 de
2890 4184 3053 4224 causa
3087 4171 3160 4234 is,
3190 4172 3279 4239 qui
3312 4174 3407 4226 bn-

1840 4266 2118 4305 manarum
2151 4270 2331 4307 rerum
2367 4264 2614 4308 naturam
2650 4269 2900 4313 accurate
2932 4264 3310 4328 perpenderat,
3344 4265 3411 4316 de

1842 4343 1927 4405 iis,
1958 4346 2047 4409 qui
2079 4346 2355 4401 molestias
2381 4363 2570 4402 omnes
2598 4349 2882 4412 sustinent,
2913 4359 2971 4404 ut
3001 4352 3262 4406 duntaxat
3288 4354 3411 4408 libi-

195 4438 529 4508 ἀποστολικὴν
560 4437 890 4508 συμϐουλὴν,
930 4439 1005 4501 ῶς
1032 4438 1122 4491 διὰ
1160 4441 1497 4510 πραγμάτων
1526 4444 1601 4512 μὴ
1623 4442 1731 4494 δει-

1841 4435 1980 4489 dinis
2011 4436 2213 4489 rabiem
2248 4438 2469 4493 minime
2496 4440 2777 4508 subigant,
2810 4442 3083 4497 scribebat
3115 4461 3129 4497 :
3166 4462 3187 4495 ι
3218 4445 3410 4500 Tribu-

194 4530 445 4599 κνυμένην
482 4531 872 4599 ἀτιμάζοντες,
905 4530 966 4582 τὸ
1010 4531 1054 4582 δ’
1083 4529 1279 4599 ἀληθὲς
1310 4534 1377 4602 τῇ
1408 4532 1567 4603 ἡδονῇ
1618 4550 1739 4585 συν-

194 4619 489 4687 ηγοροῦντες
519 4636 701 4687 φασιν,
732 4621 831 4681 ὅτι,
857 4619 1033 4689 θλίψιν
1072 4620 1171 4689 μὲν
1198 4623 1297 4673 οὐκ
1323 4623 1534 4691 ἔχουσιν
1567 4626 1614 4677 oi
1645 4625 1736 4678 τὸν

194 4709 347 4778 γάμον
387 4712 761 4782 ἀσπασάμενοι
786 4752 799 4774 ,
832 4711 966 4766 ἀλλά
1008 4714 1100 4765 καὶ
1126 4714 1316 4783 τέρψιν
1360 4717 1451 4768 καὶ
1488 4720 1732 4787 τρυφήν⁶

194 4800 355 4854 πολλοὶ
381 4802 438 4855 δὲ
457 4804 720 4874 δεινότητι
752 4804 1021 4873 χρώμενοι
1038 4843 1052 4867 ,
1074 4806 1169 4857 καὶ
1196 4807 1593 4879 ἀνδρειοτέρους
1618 4810 1738 4862 ἐαυ-

192 4894 299 4955 soil;
325 4894 427 4948 τῶν
451 4896 551 4966 τὴν
574 4895 798 4964 ἁγνείαν
824 4895 1173 4966 ὲστεμμένων
1205 4897 1468 4968 οἰόμενοι,
1503 4900 1563 4952 οὑ
1594 4900 1738 4954 δεόν-

259 5070 296 5101 δ¹
326 5069 469 5125 Rom.
519 5089 556 5140 ι,
596 5072 683 5125 '22.
740 5073 785 5101 ⁵⁸
821 5071 993 5125 lCor.
1038 5087 1133 5137 vn,
1163 5070 1255 5124 ‘28.

1843 4525 2097 4581 lationem
2143 4530 2325 4582 carnis
2371 4530 2645 4584 habebunt
2690 4533 3016 4601 lmjusmodi.
3064 4533 3175 4604 Ego
3225 4545 3407 4591 autem

1802 4662 1814 4675 .
1842 4618 1995 4672 vobis
2028 4634 2192 4688 parco
2218 4619 2281 4672 “.
2324 4640 2343 4672 ι
2381 4624 2450 4677 At
2482 4624 2735 4692 quoniam
2771 4624 3019 4693 permulti
3054 4627 3407 4695 apostolicum

1842 4710 2151 4776 consilium,
2174 4714 2316 4781 quod
2341 4729 2435 4782 per
2459 4730 2543 4769 res
2568 4715 2717 4784 ipsas
2743 4716 2963 4772 minime
2986 4717 3410 4786 demonstratur,

1842 4813 2289 4869 contemnentes,
2335 4806 2444 4860 imo
2489 4822 2677 4863 revera
2718 4808 3006 4877 voluptatis
3050 4811 3411 4880 patrocinium

1844 4895 2231 4963 suscipientes,
2266 4912 2390 4963 eos,
2424 4899 2514 4967 qui
2549 4900 2951 4956 matrimoniqu
2982 4901 3215 4972 amplexi
3248 4909 3409 4969 sunt,

1255 5189 1489 5243 VARUE
1532 5188 1916 5245 LECTIONES
1957 5189 2044 5242 ET
2082 5189 2312 5245 NOT/E.

257 5347 354 5417 (74)
391 5347 493 5401 Pro
531 5345 933 5416 κοινωσάμενος
976 5346 1116 5399 idem
1142 5348 1267 5417 cod.
1305 5347 1432 5415 legit
1460 5362 1722 5417 κοινωνη-

197 5415 420 5487 σάμενος,
441 5428 493 5472 et
523 5432 666 5487 vers.
698 5415 793 5469 ult.
821 5433 917 5485 pro
957 5416 1339 5487 ἀπεκηρύχθη,
1376 5417 1607 5485 ἀπέστη.
1642 5415 1715 5468 Io.

255 5486 493 5556 (75M’ro
521 5486 706 5546 ἄθλοις
736 5487 873 5540 idem
899 5487 1017 5556 cod.
1052 5488 1238 5539 scribit
1264 5487 1464 5553 λόγοις,
1498 5498 1553 5539 et
1581 5502 1719 5539 vers.

195 5554 221 5607 7
248 5554 323 5624 ep.
358 5574 448 5627 pro
471 5557 843 5627 ἀφιλοσόφοις,
872 5555 1290 5627 φιλοσωμάτοις.
1327 5556 1535 5627 Possm.

252 5624 370 5689 (τες)-
392 5630 650 5691 Ἦνθησε
700 5626 966 5691 κλάδοις,
1002 5624 1093 5690 οἷς
1131 5626 1507 5680 συνανθοῦσι
1541 5628 1635 5678 καὶ
1665 5631 1723 5679 αἱ

194 5700 474 5764 φροντίδες
499 5697 596 5752 καί
618 5696 691 5751 τὰ
717 5697 925 5764 πένθη.
983 5696 1261 5764 Eleganter
1309 5696 1632 5767 περιφράζει
1667 5699 1725 5751 lt-

1831 5348 2010 5400 beros.
2046 5347 2135 5401 Sic
2168 5347 2332 5401 Eveui
2360 5350 2501 5416 apud
2525 5347 2876 5404 Plutarchum
2907 5360 2963 5404 et
2996 5350 3401 5406 Artemidorum

1831 5416 2080 5471 laudatus
2115 5432 2305 5473 versus
2343 5419 2614 5473 exclamat
2643 5435 2656 5471 :

1840 5530 1956 5586 Ἰδὲ
1984 5531 2099 5597 ὅση
2127 5531 2291 5598 λύπη
2315 5532 2455 5597 παῖς
2480 5533 2652 5601 πατρί
2675 5533 2872 5587 πάντα
2898 5533 3138 5602 χρόνον.
3160 5532 3325 5588 Rt'r'r.

1902 5621 2190 5696 (Ἠμαθίῃ
2217 5627 2361 5696 cod,
2396 5626 2623 5682 κακιῶν.
2652 5625 2807 5683 Vers.
2845 5626 2967 5681 inde
2999 5635 3191 5695 quarto
3235 5625 3400 5696 μόνον

1834 5704 2005 5747 mutat
2031 5695 2080 5747 in
2116 5693 2298 5764 μόνην.
2334 5695 2541 5750 Ρονδικ.
