3894 6412
436 427 570 492 1007

1638 409 1696 467 S.
1747 402 2036 463 lSIDORI
2074 393 2510 459 PELUSIOTAZ

3559 377 3704 440 1008

433 539 833 598 tribulationem
870 533 1071 589 habere
1107 540 1332 599 negant,
1365 539 1555 578 verum
1591 520 2005 577 oblectationem

2143 529 2215 574 ως
2253 511 2521 577 λέγουσιν,
2552 506 2633 559 ὅτι
2677 500 2940 572 ἀγεννοῦς
2974 498 3132 552 τοῦτο
3169 497 3348 566 ψυχῆς
3377 494 3699 565 τεκμήριον.

433 634 616 702 potius
658 645 721 684 ac
761 628 1016 689 delicias,
1057 639 1121 678 ac
1162 622 1404 692 plerique
1443 617 1607 671 etiam
1648 615 1752 667 vim
1796 610 2008 665 dicendi

432 726 783 785 adhibentes,
835 734 1025 788 parum
1077 713 1463 769 convenienter
1507 715 1758 763 asserunt
1806 705 2012 773 ignavae

433 816 628 869 animae
658 813 799 867 istud
831 815 1206 877 argumentum
1235 818 1356 857 esse
1384 821 1396 858 :
1426 816 1548 854 nam
1578 801 1701 853 dum
1731 795 2012 851 caelibatus

323 969 337 984 .
434 905 706 961 sanctitati
742 916 861 956 sese
890 901 1157 962 dicarunt,
1186 894 1521 966 generatioui
1555 892 1755 944 aditum
1789 886 2012 956 praeclu.

436 1006 656 1059 serunt,
689 992 1018 1048 matrimonii
1051 1000 1301 1057 expertes
1333 993 1614 1038 manentes
1649 1000 1662 1033 :
1696 989 1856 1047 atque
1888 978 2013 1032 dum

436 1104 535 1158 per
569 1084 936 1141 diﬂicultatum
979 1081 1279 1135 nuditatem
1318 1078 1580 1129 adversus
1620 1087 1796 1125 rerum
1838 1078 2013 1122 muta-

334 1237 344 1247 ,
436 1182 614 1235 tiones
647 1188 865 1232 strenue
899 1190 957 1229 se
1004 1180 1287 1243 gesserunt
1330 1167 1580 1222 similiter
1623 1163 2015 1231 quodammodo

436 1272 666 1334 faciunt,
690 1267 821 1323 utsi
850 1267 970 1335 quis
1000 1276 1227 1331 corpore
1250 1273 1472 1321 vacans,
1500 1254 1758 1324 glorietur
1783 1269 1840 1306 se
1872 1251 2017 1304 nullo

315 1346 351 1437 ί,
440 1362 621 1416 ulcere
656 1358 793 1412 afﬁci
833 1370 990 1425 posse
1023 1372 1037 1407 :
1070 1353 1259 1406 eodem
1294 1348 1437 1402 enim
1474 1346 1632 1398 modo
1670 1342 1767 1412 ipsi
1805 1354 2019 1409 quoque

296 1459 348 1515 ‘i'f
440 1454 744 1522 inopinatas
780 1448 1125 1504 fortuitarum
1167 1457 1345 1496 rerum
1388 1436 1725 1492 incursiones
1762 1433 2019 1501 pertime-

442 1551 682 1607 scentes,
716 1538 1103 1608 gignendorum
1135 1533 1433 1586 liberorum
1469 1529 1641 1598 legem
1674 1534 2019 1592 contempse-

442 1642 667 1701 runt,ut
696 1633 786 1699 qui
815 1628 1063 1682 videlicet
1092 1626 1352 1677 adversus
1382 1620 1707 1673 mutationes
1734 1614 2022 1670 sterilitate

445 1742 564 1780 sese
600 1721 948 1783 muniverint,
982 1733 1045 1772 ac
1079 1730 1173 1785 per
1204 1730 1322 1768 eam
1359 1713 1463 1766 ltoc
1496 1710 1597 1765 sibi
1632 1707 2019 1775 compararim,

448 1832 505 1871 nt
536 1816 676 1869 vinci
712 1822 767 1867 et
799 1812 916 1879 capi
954 1825 1059 1863 non
1095 1806 1339 1876 possint;
1375 1818 1470 1857 nos
1507 1812 1686 1855 autem
1722 1800 1811 1866 qui
1851 1797 2018 1867 inopi-

446 1908 588 1962 natis
635 1902 952 1958 mutationis
1001 1898 1291 1954 tnomentis
1338 1910 1434 1948 nos
1479 1895 1623 1961 ipsos
1671 1888 2019 1951 tradidimus,

447 2014 545 2052 nec
566 1997 812 2051 calonum
833 2007 982 2046 more
1000 1991 1259 2043 adversus
1279 2000 1395 2040 eam
1415 1981 1657 2038 collocati
1676 1990 1829 2034 extra
1849 1978 2021 2031 aciem

450 2090 726 2151 stetimus,
768 2098 979 2147 verum,
1020 2080 1131 2133 vita
1176 2086 1359 2132 nostra
1402 2075 1572 2143 ipsius
1617 2070 1736 2125 telis
1776 2066 2023 2137 exposita

447 2191 813 2244 concessaque
846 2176 893 2229 ei
928 2170 1262 2241 amplissima
1294 2166 1569 2228 facultate,
1603 2178 1701 2216 nos
1736 2162 1789 2214 in
1829 2162 2023 2227 quibus

449 2275 550 2343 ipsi
613 2271 834 2325 libuerit
887 2267 1047 2321 rebus
1089 2261 1318 2318 feriendi
1364 2259 1622 2313 adversus
1665 2271 1785 2309 eam
1830 2250 2025 2305 armati

449 2382 657 2429 smnus,
699 2365 832 2416 adeo
869 2369 927 2413 ut
960 2358 1120 2412 etiam
1157 2368 1278 2408 cum
1312 2351 1684 2411 vulnerantur,
1724 2360 1826 2399 non
1867 2343 2027 2397 feria-

452 2472 594 2521 ntur,
625 2464 679 2509 et
709 2468 831 2507 cum
865 2450 967 2504 telo
998 2445 1148 2516 petiti
1180 2457 1388 2511 sumus,
1421 2442 1537 2495 sine
1568 2438 1756 2491 aculeo
1785 2436 2026 2503 conliga-

451 2564 575 2604 ntur
595 2557 754 2614 atque
778 2544 830 2596 iu
858 2556 1037 2595 rerum
1066 2536 1413 2591 molestarum
1436 2531 1808 2599 experimento
1833 2525 2026 2594 dogma

453 2640 581 2696 illud
606 2637 1011 2695 conﬁrmantes,
1034 2630 1285 2682 nimirum
1312 2626 1565 2678 virtutem
1593 2620 1907 2674 mutationis
1933 2619 2031 2671 do-

454 2731 625 2787 minio
667 2726 886 2781 minime
929 2721 1227 2789 subjectam
1269 2730 1418 2779 esse,
1458 2713 1824 2767 certissimum
1869 2710 2031 2762 docu-

455 2831 695 2876 mentum
722 2816 951 2871 edimus.
975 2812 1244 2880 Quoniam
1271 2809 1435 2879 igitur
1455 2806 1529 2859 illi
1557 2803 1862 2873 hujusmodi
1888 2816 2034 2869 qua:-

455 2916 579 2968 datn
620 2910 933 2977 colligentes
980 2906 1031 2958 in
1076 2904 1359 2957 adversam
1401 2909 1613 2970 partem
1654 2894 2030 2959 declamitant,

455 3003 599 3075 quod
620 3003 826 3058 scilicet
846 3015 874 3053 a
897 2996 1224 3067 virginitatis
1244 2993 1460 3063 quidem
1483 2988 1872 3045 certaminibus
1890 2985 2033 3039 vinci

454 3111 517 3151 se
544 3104 703 3163 atque
733 3108 763 3145 a
795 3099 945 3160 tergo
974 3087 1208 3155 relinqui
1237 3083 1580 3143 erubescant,
1609 3079 1907 3149 speciosam
1940 3091 2036 3129 au—

456 3200 564 3243 tem
591 3185 956 3241 defensionem
982 3179 1226 3249 proferre
1249 3176 1603 3237 arbitrentur,
1629 3188 1725 3241 per
1748 3172 1892 3240 ipsas
1915 3169 2036 3237 qui-
2062 3201 2107 3259 Β

462 3281 581 3335 :lem
632 3292 720 3331 res
770 3287 931 3343 atque
983 3274 1035 3324 in
1086 3268 1217 3337 ipsis
1262 3264 1648 3322 certaminibus
1700 3260 2033 3330 intelligent,

461 3380 662 3442 quanto
693 3376 748 3422 et
781 3364 934 3419 uxori
971 3362 1218 3425 maritus,
1250 3370 1306 3414 et
1342 3359 1537 3412 marito
1573 3371 1729 3421 uxor,
1761 3364 1817 3409 et
1851 3352 2037 3408 uxoris

463 3477 528 3518 ac
556 3462 785 3516 ﬁliorum
817 3471 946 3510 cura
977 3455 1041 3509 ad
1076 3453 1302 3508 salutem
1336 3449 1724 3519 impedimento
1755 3448 1826 3502 sit
1860 3465 1873 3500 :
1907 3462 2039 3500 con-

465 3555 753 3609 vincuntur
784 3557 961 3603 autem
998 3559 1141 3599 nunc
1172 3556 1385 3611 quoque
1420 3556 1514 3609 per
1542 3555 1604 3593 ea
1642 3540 1693 3592 in
1728 3540 1893 3593 imam
1928 3552 2038 3590 ma-

463 3646 636 3699 lorum
673 3640 981 3708 voraginem
1020 3633 1252 3702 impelli,
1288 3647 1386 3700 per
1420 3646 1538 3699 quae
1572 3628 1675 3693 ipsi
1714 3645 1801 3693 se,
1841 3628 2039 3696 partim

468 3734 689 3789 delicias
714 3740 767 3784 et
790 3731 1089 3796 voluptates
1116 3732 1485 3793 percepturos,
1513 3717 1676 3790 395l
1704 3718 1900 3786 partim
1929 3729 2042 3769 ma-

462 3824 612 3893 jores
638 3832 868 3876 coronas
895 3824 1280 3872 consecuturos
1305 3825 1424 3866 esse.
1449 3810 1809 3863 conﬁdebant.
1838 3806 2044 3872 Quibus

469 3916 613 3971 enim
646 3906 1145 3982 perturbationibus
1174 3920 1277 3958 non
1304 3902 1521 3957 obnoxii
1552 3900 1711 3953 sunt?
1736 3898 1887 3965 Quod
1919 3911 2045 3949 can-

471 4018 624 4074 pona:
647 4015 815 4071 genus
846 4013 948 4051 non
979 3992 1247 4048 tractant?
1274 3992 1417 4057 Quot
1444 3989 1716 4043 utoleStias
1740 3986 2043 4056 pet-ferunt,

473 4109 573 4149 nec
598 4107 689 4146 eas
718 4088 994 4144 sentiunt?
1020 4086 1158 4152 Quid
1187 4085 1329 4137 enim
1359 4083 1483 4137 boni
1513 4096 1607 4133 eos
1639 4097 1743 4133 non
1773 4076 2048 4147 praeterit?

473 4183 611 4249 Quid
644 4190 821 4233 autem
853 4178 992 4245 apud
1025 4190 1117 4229 eos
1150 4173 1389 4236 habitat,
1423 4171 1564 4239 quod
1595 4170 1806 4223 laudem
1840 4182 2049 4222 merea-

476 4275 596 4330 tur?
620 4272 731 4327 Nec
761 4280 937 4323 tamen
970 4268 1085 4321 haec
1113 4278 1177 4319 eo
1206 4274 1590 4324 commentom,
1620 4262 1761 4329 quod
1791 4260 1929 4323 illos,
1958 4257 2050 4328 qui

476 4364 793 4423 honorabile
838 4358 1166 4414 connubium
1219 4356 1640 4425 amplectuntur,
1689 4352 1931 4405 abdicem
1988 4363 2052 4403 ac

477 4454 808 4527 proscribam
852 4447 1094 4519 (absit!)
1131 4460 1314 4498 verum
1357 4454 1414 4496 ut
1455 4457 1580 4505 eos,
1621 4444 1710 4509 qui
1752 4440 1957 4494 lubrica
1998 4449 2053 4492 et

2112 603 2244 665 Ταῖς
2274 601 2381 670 γὰρ
2405 602 2504 668 τῆς
2530 596 2774 667 ἀγαμίας
2805 590 3105 661 ἁγιστείαις
3129 585 3536 656 ἀφιερώσαντες
3566 583 3701 637 εαυ-

2111 691 2237 753 τοὺς
2258 732 2271 753 ,
2302 687 2639 741 ἀπέκλεισαν
2668 687 2735 755 τῇ
2766 682 2981 751 γενέσει
3010 681 3106 739 τὰς
3151 677 3417 741 διεξόδους
3438 716 3455 740 ,
3503 674 3700 742 γάμων

2112 782 2348 852 ἀμύητοι
2379 780 2665 850 μείναντες
2688 815 2703 840 ,
2735 775 2829 828 καὶ
2853 776 2918 843 τῇ
2944 771 3052 825 τῶν
3083 768 3339 837 ἀναγκῶν
3364 766 3477 836 (78)
3508 765 3709 833 γυμνό-

2111 893 2237 945 τητι
2272 872 2407 943 πρὸς
2442 870 2540 933 τὰς
2582 866 2882 940 μεταόολὰς
2920 865 3029 917 τῶν
3078 861 3422 931 πραγμάτων
3454 874 3700 910 νεανιευ-

2117 967 2377 1037 σάμενοι,
2410 961 2791 1033 παραπλήσιόν
2830 976 2880 1011 τι
2927 956 3172 1009 ποιοῦσιν
3197 993 3213 1017 ,
3265 950 3575 1022 ὡσπερανεί
3623 966 3713 1011 τις

2114 1058 2403 1128 ἀσώματος
2447 1055 2733 1123 τυγχάνων
2786 1048 3112 1120 ὲνηϐρύνετο
3159 1044 3236 1114 τῷ
3271 1045 3513 1115 ἄτρωτος
3548 1034 3706 1093 εἶναι.

2116 1153 2227 1205 Καὶ
2273 1150 2381 1219 γάρ
2427 1149 2522 1200 καὶ
2557 1147 2710 1199 αὐτοὶ
2742 1144 2840 1206 τὰς
2872 1141 3220 1211 παραλόγους
3254 1136 3363 1190 τῶν
3397 1133 3717 1204 ἀϐουλήτων

2117 1244 2341 1311 ἐφόδους
2374 1242 2651 1301 δείσαντες
2673 1277 2688 1302 ,
2722 1238 2814 1291 τὸν
2840 1236 2938 1305 τῆς
2974 1231 3323 1301 παιδογονίας
3357 1228 3560 1296 θεσμὸν
3591 1224 3713 1295 ἠτί-

2122 1352 2322 1407 μασαν,
2372 1333 2599 1401 ἀτεκνίᾳ
2637 1332 2861 1392 ἑαυτοὺς
2896 1328 3033 1398 πρὸς
3083 1325 3183 1387 τὰς
3236 1320 3541 1392 μεταϐολὰς
3586 1319 3717 1387 ὀχυ-ι

2125 1427 2431 1499 ρώσαντες,
2465 1424 2560 1478 καὶ
2599 1423 2660 1476 τὸ
2690 1422 2965 1475 ἀνάλωτον
2994 1417 3083 1471 διὰ
3113 1415 3321 1484 ταύτης
3353 1428 3717 1483 πραγματευ-

2124 1521 2371 1590 σάμενοι,
2418 1518 2609 1587 Ἡμεῖς
2647 1515 2703 1568 δὲ
2746 1516 2867 1577 ταῖς
2900 1512 3000 1581 τῆς
3040 1507 3343 1580 μεταϐολῆς
3381 1503 3718 1575 παραλόγοις

2124 1615 2316 1685 ῥοπαῖς
2350 1610 2688 1682 παραδόντες
2716 1605 2965 1671 ἑαυτοὺς,
2994 1604 3091 1656 καὶ
3117 1604 3178 1655 ού
3206 1599 3380 1669 ψιλῶν
3397 1599 3553 1663 τάξιν
3582 1596 3720 1666 πρὸς

2123 1705 2295 1775 αὐτὴν
2341 1704 2601 1771 ταγέντες
2625 1742 2638 1765 ,
2678 1700 2781 1765 ἔξω
2826 1700 2926 1768 τῆς
2955 1696 3235 1765 φάλαγγος
3279 1692 3543 1760 ἔστημεν,
3580 1687 3721 1741 ἀλλά

2122 1802 2237 1862 τοῖς
2294 1798 2507 1868 βέλεσιν
2554 1795 2739 1857 αὐτοῖς
2785 1790 3076 1849 ὑποθέντες
3124 1787 3223 1857 τὴν
3272 1783 3572 1842 πολιτείαν,
3624 1780 3721 1833 καὶ

2124 1888 2390 1958 ἀφθονίαν
2424 1883 2800 1957 παρασχόντες
2822 1883 2902 1944 εἰς
2928 1879 2964 1933 ἀ
2995 1877 3269 1949 βούλοιντο
3295 1874 3555 1944 πλήττειν
3581 1872 3718 1940 (79),

2123 1982 2259 2052 πρὸς
2310 1980 2524 2048 ἐκείνην
2569 1972 2956 2046 ὲφραξάμεθα,
3002 1970 3079 2032 ὡς
3114 1969 3211 2020 καὶ
3245 1963 3721 2034 τιτρωσκομένους

2127 2073 2201 2143 μὴ
2234 2070 2561 2139 πλήττεσθαι
2584 2108 2598 2129 ,
2631 2067 2725 2119 κα).
2757 2062 3071 2134 βληθέντας,
3103 2060 3344 2128 ἄκεντρα
3374 2053 3714 2119 τοξεύεσθαι,

2125 2164 2219 2216 καὶ
2247 2164 2304 2212 ὲν
2333 2162 2399 2230 τῇ
2444 2159 2552 2211 τῶν
2582 2156 2856 2211 δυσκόλων
2890 2153 3057 2223 πείρᾳ.
3087 2152 3147 2204 τὸ
3173 2151 3354 2219 δόγμα
3390 2145 3716 2217 βεϐαιούμε-

2126 2271 2228 2317 νοι,
2271 2251 2347 2314 ὡς
2390 2249 2559 2321 ἀρετὴ
2591 2248 2704 2318 (80)
2740 2244 3044 2318 μεταϐολῆς
3074 2242 3389 2303 ἀδέσποτος,
3421 2238 3522 2308 τὴν
3554 2239 3716 2306 ἀκρι-

2128 2343 2398 2410 ϐεστάτην
2425 2344 2732 2410 ἐκφέρομεν
2775 2337 3031 2406 βάσανον.
3091 2333 3244 2385 Ἐπεὶ
3276 2330 3455 2383 τοίνυν
3498 2326 3725 2379 τοιαῦτά

2130 2451 2253 2486 τινα
2307 2431 2649 2501 συνείροντες
2717 2422 3276 2496 καταρητορεύουσιν,
3339 2418 3722 2487 αἰσχυνόμενοι

2134 2529 2231 2597 μὲν
2273 2526 2365 2577 ἐπὶ
2400 2524 2477 2594 τῷ
2525 2519 2911 2589 ἀπολελεῖφθαι
2941 2518 3049 2570 τῶν
3078 2518 3176 2587 τῆς
3209 2513 3505 2585 παρθενίας
3530 2511 3728 2575 ἄθλων,

2131 2620 2488 2691 εὐπρόσωπον
2517 2617 2574 2668 δὲ
2606 2615 2892 2675 δοκοῦντες
2941 2610 3239 2678 ἀπολογίαν
3288 2604 3689 2677 προϐάλλεσθαι
3709 2645 3724 2665 ,

2131 2714 2370 2765 εἴσονται
2408 2709 2506 2779 μὲν
2532 2708 2620 2760 διὰ
2666 2707 2775 2758 τῶν
2802 2704 3149 2775 πραγμάτων
3189 2703 3282 2754 ἐπὶ
3311 2700 3422 2752 τῶν
3453 2697 3727 2759 ἐπάθλων,

2134 2806 2259 2858 ὅσον
2286 2803 2511 2871 γυναικὶ
2549 2800 2647 2870 μὲν
2678 2799 2839 2868 ἀνὴρ,
2872 2797 3026 2869 ἀνδρὶ
3057 2796 3113 2847 δὲ
3142 2793 3302 2863 γυνὴ,
3338 2792 3435 2845 καὶ
3464 2791 3723 2858 γυναικὸς

2134 2900 2229 2951 καὶ
2263 2896 2471 2949 παίδων
2498 2890 2776 2963 φροντίδες
2803 2890 3060 2958 ἐμπόδιόν
3087 2888 3204 2940 ἐστι
3232 2887 3369 2956 πρὸς
3429 2882 3722 2954 σωτηρίαν·

2136 2993 2447 3061 ἐλέγχονται
2477 2989 2534 3041 δὲ
2563 2988 2657 3040 καὶ
2687 2986 2781 3039 νῦν
2821 2987 2900 3049 εἰς
2933 2984 3040 3037 τῶν
3073 2981 3259 3036 κακῶν
3295 2980 3407 3048 (81)
3441 2977 3721 3047 πυθμένα,

2136 3083 2225 3136 διὰ
2258 3080 2432 3133 ταῦτα
2463 3076 2951 3147 συνελαυνόμενοι,
2981 3075 3048 3127 δι’
3081 3073 3119 3127 ὃ.
3146 3072 3244 3125 καὶ
3286 3073 3336 3123 οἱ
3374 3071 3472 3140 μὲν
3520 3067 3727 3139 τρυφῆς

2139 3174 2233 3227 καὶ
2259 3172 2499 3232 ἀνέσεως
2533 3167 2943 3222 ἀπολαύσεσθαι
2966 3206 2981 3230 ,
3017 3167 3068 3218 οἱ
3093 3165 3152 3218 δὲ
3178 3164 3273 3218 καὶ
3312 3162 3575 3233 μειζόνων
3610 3177 3728 3212 στε-

2144 3265 2329 3332 φάνων
2358 3258 2760 3328 ἀξιωθήσεσθαι
2790 3256 3223 3329 προσεδόκησαν.
3260 3253 3445 3316 Ποίοις
3477 3252 3589 3320 γὰρ
3624 3251 3725 3303 πά-

2138 3356 2288 3407 θεσιν
2316 3355 2415 3421 οὐχ
2449 3352 2767 3404 ὑπόκεινται
2793 3367 2806 3413 ;
2841 3349 3007 3403 Ποίαν
3039 3348 3097 3401 δὲ
3127 3346 3433 3416 καπηλείαν
3458 3345 3521 3397 οὐ
3565 3360 3724 3413 μετα-

2139 3443 2503 3514 χειρίζονται;
2539 3440 2716 3503 Πόσας
2750 3439 2807 3492 δὲ
2854 3438 3049 3509 ἀηδίας
3097 3438 3481 3507 ὑπομένοντες,
3516 3434 3616 3486 οὐκ
3648 3434 3728 3485 al-

2144 3532 2467 3595 σθάνονται;
2515 3530 2580 3582 Τί
2635 3529 2745 3599 γὰρ
2779 3528 2887 3581 τῶν
2935 3526 3120 3581 καλῶν
3161 3526 3363 3588 αὐτοὺς
3406 3526 3468 3577 ού
3521 3539 3729 3593 παριπ-

2141 3623 2332 3688 πεύει;
2362 3622 2433 3674 Τί
2457 3622 2513 3674 δὲ
2545 3623 2876 3689 κατασκηνοῖ
2898 3621 3029 3690 παρ’
3061 3619 3247 3679 αὐτοῖς
3274 3617 3498 3669 ἐπαίνου
3552 3614 3727 3679 ἀξιον;

2143 3715 2256 3770 Καὶ
2294 3713 2491 3781 ταῦτα,
2524 3714 2584 3766 οὐ
2613 3712 2741 3776 τοὺς
2769 3712 2859 3765 τὸν
2900 3712 3081 3781 τίμιον
3116 3711 3295 3780 γάμον
3323 3706 3730 3777 ἀσπαζομένους

2144 3805 2542 3876 ἀποκηρύττων
2574 3804 2719 3871 λέγω
2751 3804 2974 3873 (ἄπαγε)
3002 3801 3139 3855 ἀλλὰ
3172 3803 3299 3864 τοὺς
3341 3798 3605 3869 ἀθυρώτῳ
3644 3799 3730 3851 καὶ

2146 3896 2409 3967 ὀλισθηρᾷ
2433 3894 2647 3965 γλώττῃ
2674 3895 2785 3965 (82)
2811 3894 3127 3965 τολμῶντας
3156 3893 3249 3945 τὸν
3273 3891 3451 3962 γάμον
3473 3892 3577 3961 τῆς
3602 3906 3732 3959 παρ·

2150 3989 2333 4051 θενίας
2377 3985 2727 4056 ὑπερτιθέναι
2782 3984 3081 4055 κωμῳδῶν.
3136 3983 3303 4037 Ὅσον
3356 3982 3467 4052 γάρ
3512 3980 3731 4051 οὐρανὸς

2150 4081 2275 4146 γῆς,
2308 4079 2402 4130 καὶ
2444 4077 2590 4147 ψυχὴ
2633 4075 2885 4146 σώματος
2932 4074 3199 4144 διαφέρω
3231 4072 3489 4125 τοσοῦτον
3526 4072 3555 4141 ἡ
3588 4086 3727 4137 παρ-

2152 4170 2304 4223 θενία
2333 4169 2427 4221 τοῦ
2471 4169 2653 4238 γάμου
2697 4169 3023 4239 διενήνοχεν.
3093 4165 3308 4235 Ἐκείνη
3355 4165 3456 4235 μὲν
3504 4164 3613 4234 γάρ
3661 4163 3729 4214 τά

2154 4263 2399 4331 πρωτεῖα
2430 4261 2489 4313 ὲν
2519 4263 2585 4331 τῇ
2616 4261 2918 4331 παρατάξει
2952 4259 3095 4329 ἔχει,
3131 4260 3225 4311 καὶ
3261 4258 3322 4310 τὸ
3359 4257 3613 4328 μέτωπον
3644 4270 3731 4306 κο-

2157 4354 2287 4421 σμεῖ
2309 4351 2409 4421 τῆς
2438 4351 2737 4419 φάλαγγος,
2766 4351 2863 4405 καὶ
2883 4351 2951 4403 τὰ
2976 4350 3206 4420 λαμπρά
3226 4347 3469 4419 τρόπαια
3503 4348 3729 4417 ἵστησιν

2154 4437 2307 4505 οὗτος
2349 4441 2406 4494 δὲ
2465 4441 2779 4513 σύμμετρος
2838 4440 2936 4504 ὢν,
2987 4443 3081 4495 καὶ
3156 4443 3271 4502 τοῖς
3326 4438 3733 4508 ἀσθενεστέροις

478 4543 737 4617 petulanti
778 4542 957 4611 lingua
1002 4535 1405 4592 matrimonium
1445 4533 1738 4601 virginitati
1785 4530 2034 4585 anteferri

2160 4534 2393 4605 ἔρεισμα
2418 4534 2624 4597 δοθεὶς,
2654 4533 2875 4587 δύναται
2918 4533 3015 4603 μὲν
3060 4531 3255 4595 σώζειν
3283 4531 3409 4593 τοὺς
3450 4529 3733 4598 φυλάττονο

480 4637 699 4695 audent,
725 4632 1107 4702 perstringam.
1128 4625 1339 4692 Quanto
1361 4623 1503 4678 enim
1528 4622 1722 4676 coelum
1750 4631 1889 4676 terra
1917 4636 2053 4689 prm-

2160 4643 2284 4689 τας,
2332 4626 2394 4678 ού
2445 4625 2549 4696 μὴν
2583 4628 2661 4688 είς
2718 4626 2815 4696 τὴν
2851 4625 2951 4694 τῆς
3002 4622 3297 4695 παρθενίας
3342 4622 3531 4686 ἀνάξει
3580 4637 3735 4689 κορυ-

482 4726 710 4784 stantius
739 4732 843 4786 est,
872 4734 926 4776 et
954 4722 1128 4775 anima
1159 4731 1387 4786 corpore
1415 4733 1429 4769 :
1463 4726 1669 4769 tantum
1699 4715 1860 4768 etiam
1892 4713 2034 4781 virgi‘

2155 4718 2286 4786 φήν.
2319 4716 2430 4785 (85)
2453 4716 2543 4768 Διὸ
2569 4715 2663 4768 καὶ
2692 4717 2719 4768 ό
2744 4713 3111 4784 πνευματικὸς
3137 4712 3300 4782 νόμος
3325 4712 3437 4782 (84)
3485 4714 3610 4771 τοὺς
3640 4712 3735 4779 γή-

482 4818 625 4872 nitas
652 4813 900 4883 coniugio
928 4809 1220 4866 antecellit.
1252 4809 1341 4862 Illa
1375 4810 1516 4863 enim
1552 4808 1753 4877 primas
1784 4814 1964 4875 partes
1996 4806 2051 4859 in

484 4908 602 4962 acie
636 4911 799 4968 tenet,
834 4917 899 4956 ac
931 4900 1213 4971 phalangis
1244 4897 1474 4952 frontem
1510 4905 1762 4959 exornat,
1799 4894 2054 4949 illustria-

2165 4823 2373 4878 μαντας
2401 4808 2495 4859 κα).
2524 4806 2802 4877 ἀμπέλους
2829 4805 3204 4875 φυτεύσαντας
3232 4807 3314 4868 είς
3344 4804 3436 4857 τὸν
3464 4803 3605 4857 κατά
3634 4802 3735 4854 τῶν

2161 4897 2546 4969 πνευματικῶν
2569 4899 2669 4970 τῆς
2698 4897 2964 4970 πονηρίας
2997 4898 3231 4969 πόλεμον
3261 4895 3497 4962 ἐξελθεῖν
3532 4893 3733 4965 ἀπηγό-

1583 5077 1814 5133 νΑιιιΑῑ
1850 5076 2237 5135 LECTIONES
2272 5076 2363 5133 ET
2412 5075 2648 5133 NOTAE.

553 5264 663 5332 (78)
705 5263 847 5316 Idem
884 5274 1028 5326 coa.,
1054 5258 1388 5332 ἀναγκαίων.
1420 5256 1630 5332 Possm:

559 5324 668 5455 (792
709 5333 837 5386 Post
884 5324 1138 5401 πλήττειν
1172 5324 1333 5382 ’ἰάθιιι
1380 5328 1530 5381 addit
1575 5324 1738 5389 οὕτω,
1780 5334 1835 5379 et
1892 5326 2051 5392 paulo

560 5414 610 5455 sl.
674 5401 999 5455 φραξάμεθα
1029 5408 1200 5454 mutat
1235 5402 1284 5449 in
1315 5394 1716 5455 ἐφθεγξάμεθα.
1748 5396 1906 5451 Vers.
1932 5405 2051 5455 post

484 5394 610 5473 post
643 5394 999 5472 ἑφραξάμεθα
1029 5408 1200 5473 mutat
1228 5402 1284 5473 in
1315 5394 1716 5473 εφθεγξάμεθα.
1748 5396 1906 5451 Vers.
1931 5405 2056 5462 post

485 5467 540 5540 Ξ,
573 5490 669 5543 pro
687 5467 983 5543 ’βληθέντες
1012 5470 1199 5543 scribit
1222 5468 1536 5543 βληθέντας.
1567 5467 1641 5522 lt).

557 5535 669 5614 (80)
698 5535 811 5596 'l’ro
848 5544 923 5605 ώς
969 5535 1307 5614 ἁρετὴλιιιειιι
1338 5539 1455 5591 cod.
1495 5537 1721 5614 legitd);
1759 5535 1866 5614 γάρ
1913 5536 2053 5614 ἐστι,

486 5626 541 5737 εἴ
567 5608 874 5735 pat|tlo|post
900 5608 1093 5666 nonien
1123 5608 1415 5671 ἀδέσποτος
1442 5612 1592 5677 ponit
1629 5608 1681 5660 in
1718 5608 2053 5660 nominativo

488 5701 521 5737 ι)
547 5702 639 5736 111¹ἂὶ
667 5700 701 5736 1-
759 5699 808 5735 D.

488 5699 701 5753 plut-au.
737 5699 808 5735 ID.

556 5756 666 5821 (81)
707 5754 799 5813 Εις
843 5751 949 5803 τῶν
991 5768 1118 5803 κακ.
1154 5749 1351 5821 scribit
1380 5747 1661 5821 cotl.‘Va_t.
1700 5747 1788 5821 ¹είς
1819 5746 1911 5821 τὸν
1940 5744 2050 5796 τῶν

491 5815 680 5877 mete.
716 5822 864 5875 Vers.
895 5836 1011 5890 seq.
1046 5818 1347 5873 ἀπολαῦσαι
1379 5834 1476 5888 pro
1505 5815 1931 5870 ἀπολαύσεσοαι.
1972 5816 2047 5867 in.

2235 5252 2344 5323 (82)
2380 5251 2505 5306 Haec
2530 5255 2717 5317 verba,
2752 5249 3025 5323 ἀθυρὼτῳ
3072 5251 3169 5323 κα)
3201 5250 3465 5321 όλισθηρᾷ
3501 5247 3729 5317 γλώττῃ,

2162 5321 2359 5378 absunt
2386 5323 2568 5375 omnia
2603 5338 2633 5374 a
2665 5322 2786 5377 cod.
2827 5321 2947 5375 Vat.
2980 5322 3105 5376 650.
3136 5321 3216 5374 lo.

2236 5393 2350 5462 (85)
2393 5391 2714 5462 Sequentia,
2755 5391 2979 5462 δύναται
3014 5393 3112 5462 μὲν
3141 5390 3337 5453 σώζειν
3372 5393 3496 5451 τοὺς
3541 5386 3735 5457 φυλάτ-

2159 5461 2383 5542 τοντας,
2438 5463 2498 5514 ού
2538 5461 2643 5542 μην
2674 5463 2753 5542 είς
2782 5462 2881 5542 την
2904 5461 3332 5542 τῆς-παρθενίας
3363 5462 3540 5525 ἀνάξει
3586 5473 3735 5526 uapu-

2161 5535 2301 5611 gﬁv,
2327 5534 2465 5611 idem
2517 5537 2638 5611 cod.
2669 5536 2934 5611 transl’ert
2971 5532 3037 5584 ab
3073 5532 3164 5611 illo
3196 5533 3317 5585 loco
3360 5534 3411 5584 in
3444 5546 3585 5585 vers.
3619 5535 3732 5595 post

2160 5606 2213 5668 5,
2254 5603 2339 5653 ubi
2382 5617 2443 5653 ea
2500 5601 2732 5654 collocat
2758 5613 2876 5669 post
2912 5603 3282 5670 ἀπηγόρευσε.
3334 5602 3405 5654 lo.

2233 5672 2347 5741 (84)
2393 5673 2683 5741 Deuteron.
2735 5665 2827 5734 ix,
2880 5671 2934 5723 ti.
2974 5665 3214 5741 Sintilettt
3276 5665 3729 5741 allegoriiatnvide

2160 5737 2301 5811 apud
2324 5737 2588 5796 Clemcnt.
2619 5739 2775 5797 Alex.
2817 5742 2910 5795 lib.
2951 5755 2988 5794 tt
3021 5739 3307 5807 Stromat.,
3339 5737 3534 5810 p.449.
3565 5737 3725 5789 Rm.
