3894 6412
160 446 267 510 1009

1021 442 1552 503 EPISTOLARUM
1590 445 1736 504 LIB.
1780 445 1895 505 III.
1923 467 1994 482 -
2030 442 2264 505 EPIST.
2308 439 2557 503 CCCLII.

3270 433 3405 496 tom

158 576 304 633 ρενσε.
328 558 422 629 Μὴ
452 557 635 611 τοίνυν
666 559 713 610 οἱ
739 557 966 627 τοιούτῳ
998 559 1352 629 κατεχόμενοι
1381 559 1567 628 δεσμῷ
1592 562 1704 621 τοῖς
1733 596 1743 620 λ

1829 574 1914 629 [ue
1948 569 2145 627 troprea
2181 559 2371 612 statuit
2411 577 2424 612 :
2467 562 2568 610 huc
2604 566 2782 609 autem
2821 569 2942 608 cum
2981 553 3257 608 mediocre
3290 551 3395 611 sit.

156 650 433 719 λελυμένοις
468 650 803 718 ἁμιλλᾶσθαι
834 650 1154 703 οίέσθωσαν·
1200 652 1319 703 οὐδὲ
1346 652 1453 721 γάρ
1486 646 1595 704 οἷόν
1626 667 1707 703 τε.

155 742 274 811 Μηδὲ
298 742 344 793 οἱ
374 741 752 810 χρηματισμῷ
777 742 870 794 καὶ
903 742 1093 812 κόσμῳ
1117 743 1415 812 σωματικῷ
1442 743 1562 796 ὅλον
1587 745 1714 796 ἐαυ-

152 834 237 887 τῶν
264 832 552 895 ἀναθέντες
591 833 684 885 τὸν
712 832 847 902 βίον,
887 833 1261 902 νομιζέτωσαν
1296 835 1385 886 ἴσα
1433 830 1572 887 ἆθλα
1615 834 1712 905 λή-

153 921 316 991 ψεσθαι
340 920 454 973 τῶν
482 922 914 991 ἁφιερωσόιντων
948 924 1175 985 ἑαυτοὺς
1196 965 1209 987 ,
1241 925 1335 976 καὶ
1364 922 1431 976 τὰ
1473 923 1565 976 τοῦ
1599 926 1714 977 Κυ-

156 1013 251 1084 ρίου
285 1012 702 1082 μεριμνώντων·
762 1012 899 1064 ἀλλὰ
943 1013 1001 1064 ὲν
1047 1016 1112 1083 τῇ
1158 1013 1513 1085 προσηκούσῃ
1563 1014 1714 1079 τάξει

152 1103 346 1161 ἑαυτοὺς
371 1102 737 1171 φυλάττοντες
759 1142 775 1167 ,
807 1102 881 1172 μὴ
908 1102 1279 1166 ὁπλιζέτωσαν
1299 1103 1547 1172 γλῶτταν
1574 1105 1715 1158 κατὰ

152 1195 239 1247 τῶν
265 1194 339 1256 εἰς
367 1193 469 1264 τὴν
500 1195 754 1263 οὐράνιον
788 1195 1031 1267 κορυφὴν
1064 1195 1403 1249 ἀναϐάντων.
1437 1195 1511 1246 Οὐ
1546 1196 1657 1266 γὰρ
1687 1198 1715 1247 ό

152 1284 298 1354 γάμος
321 1284 518 1337 κακόν·
559 1286 770 1352 ἄπαγε·
810 1285 949 1338 ἀλλὰ
976 1285 1069 1338 καὶ
1097 1284 1322 1355 ἔννομον
1366 1286 1461 1339 καὶ
1502 1284 1713 1355 σύμμε-

152 1392 253 1445 τρον
276 1374 503 1442 ἀγαθόν.
554 1374 718 1427 Ἀλλὰ
749 1375 818 1428 τά
858 1377 1189 1447 ὲπισυρέντα
1220 1377 1296 1446 τῷ
1329 1378 1492 1447 γάμῳ
1533 1379 1711 1441 κακὰ,

154 1462 284 1515 ἱκανά
331 1464 431 1514 καὶ
474 1462 572 1532 τὴν
602 1461 699 1516 τοῦ
746 1464 924 1534 γάμου
965 1465 1239 1534 ἀμϐλῦναι
1286 1469 1501 1537 ἡδονήν.
1549 1469 1611 1520 Εἰ
1656 1468 1713 1521 δὲ

153 1556 227 1606 καὶ
254 1553 423 1622 μηδὲν
450 1554 655 1608 τούτων
685 1556 943 1626 ἐπήγετο,
986 1556 1093 1609 οὐδ’
1137 1557 1311 1621 οὕτως
1335 1562 1401 1629 τῇ
1444 1559 1716 1631 παρθενίᾳ

151 1644 577 1711 παραϐάλλεσθαι
608 1644 817 1708 δίκαιος
840 1641 927 1715 ἦν.
968 1648 1032 1698 "O
1064 1646 1121 1699 δέ
1153 1664 1219 1717 με
1242 1649 1337 1700 καὶ
1359 1648 1715 1718 ἐπειγόμενον

153 1735 510 1805 παραδραμεῖν
547 1738 647 1789 οὐκ
681 1738 767 1807 ἑᾷ,
797 1737 955 1789 τοῦτο
987 1738 1202 1807 ῥητέον·
1247 1738 1330 1790 ὅτι
1358 1740 1391 1808 ἡ
1429 1739 1525 1807 μὲν
1570 1754 1714 1807 παρ-

152 1824 278 1877 θενία
302 1829 400 1878 καὶ
430 1826 600 1880 «amo;
624 1826 901 1897 χειροῦται
938 1827 1108 1898 παθη,
1136 1831 1163 1880 ό
1183 1827 1237 1880 δὲ
1267 1829 1444 1896 γάμος
1472 1830 1565 1880 καὶ
1603 1830 1715 1890 τοῖς

154 1916 306 1980 ἄλλοις
327 1918 617 1971 ἁλίσκεται
645 1919 862 1973 πάθεσι.
892 1919 983 1983 Τίς
1013 1918 1121 1989 γάρ
1150 1920 1235 1971 ἵνα
1262 1919 1418 1971 παισὶ
1439 1920 1722 1992 χορηγήσῃ
1754 1911 1794 1963 Β

152 2008 335 2077 τροφὰς
355 2050 370 2072 ,
399 2010 462 2061 οὐ
488 2012 665 2063 πάντα
697 2013 841 2063 ποιεί
870 2012 939 2064 τὰ
970 2012 1043 2081 μὴ
1073 2012 1353 2080 πρέποντα
1379 2012 1473 2065 καὶ
1499 2013 1575 2075 εἰς
1604 2029 1720 2063 κιν-

154 2098 318 2161 δύνους
359 2099 554 2152 ἑαυτὸν
590 2103 806 2170 ῥιπτεῖ,
851 2102 944 2152 καὶ
986 2102 1065 2161 εἰς
1091 2102 1327 2167 πέλαγος
1348 2140 1363 2163 ,
1397 2103 1490 2152 καὶ
1517 2103 1595 2163 είς
1622 2101 1720 2171 θη-

156 2187 268 2256 ρίων
294 2187 485 2258 βοράν.
520 2183 681 2241 Οὗτοι
726 2186 820 2242 οὖν
849 2189 925 2253 ὡς
968 2191 1202 2260 ἀνδρεῖοι
1245 2189 1339 2241 καὶ
1367 2192 1722 2261 τροπαιοῦχοι

155 2278 537 2349 ὲναϐρύνεσθαι
561 2280 776 2332 θέλουσι
801 2281 936 2351 (85).
962 2282 1071 2333 Καὶ
1096 2282 1177 2343 τίς
1200 2280 1449 2343 ἀνέξεται
1471 2298 1484 2347 ;
1509 2281 1591 2345 τίς
1614 2283 1723 2351 γὰρ

152 2371 318 2434 αὐτοῖς
348 2372 647 2442 ἐπαρκέσει
679 2373 869 2443 καιρὸς
895 2373 1032 2443 πρὸς
1061 2374 1119 2425 τδ
1141 2374 1314 2426 ταῦτα
1339 2374 1406 2427 τὰ
1432 2374 1725 2444 τραύματα

157 2462 513 2531 Sagana-mat;
553 2465 649 2526 Τίς
685 2464 741 2516 δὲ
770 2465 831 2516 οὐ
880 2464 1210 2533 συναλγήσει
1248 2468 1362 2528 τοῖς
1398 2466 1503 2517 ὑπὸ
1533 2465 1721 2518 τοσού-

154 2570 248 2605 των
276 2553 450 2622 βελῶν
497 2555 1042 2624 κατατετρωμένοις;
1076 2554 1326 2608 Τοσαῦτα
1372 2557 1482 2625 γὰρ
1529 2557 1726 2620 αὐτοὺς

157 2646 386 2714 περιέχει
417 2646 593 2705 κακὰ,
632 2640 720 2698 οἷα
756 2645 863 2698 οὐδ’
897 2647 1191 2716 ἐννοῆσαι,
1234 2647 1356 2700 οὐδὲ
1397 2649 1605 2716 φράσαι
1639 2649 1728 2701 διὰ

158 2735 209 2787 τὸ
250 2736 454 2807 πλῆθος
494 2737 737 2793 δυνατόν.
775 2737 1141 2791 Παυέσθωσαν
1185 2733 1277 2791 οὖν
1320 2739 1425 2791 τῶν
1471 2738 1727 2792 τοιούτων

157 2827 338 2895 λόγων,
373 2830 470 2882 καὶ
512 2830 583 2899 μὴ
611 2830 752 2882 κατὰ
778 2831 875 2899 τῆς
907 2831 1204 2897 παρθενίας
1233 2830 1602 2894 όπλιζέτωσαν
1630 2830 1728 2900 τὴν

160 2919 409 2985 γλῶτταν·
447 2921 559 2973 ἀλλ’
589 2922 663 2985 ὠς
695 2922 939 2990 βασιλίδα
968 2923 1138 2992 αὐτὴν
1171 2923 1605 2993 γεραιρέτωσαν,
1634 2925 1729 2976 καὶ

159 3010 240 3061 ὑπ’
272 3012 411 3081 αὐτῇ
445 3012 846 3075 ταττέσθωσαν,
890 3013 975 3065 ἵνα
1026 3013 1198 3082 ἔχοιεν
1224 3012 1391 3083 αὐτὴν
1425 3014 1519 3066 καὶ
1556 3013 1729 3083 ὑπερ-

160 3101 487 3164 αππίζουσαν
528 3104 623 3155 καὶ
662 3103 1090 3173 πρεσϐεύουσαν.
1141 3102 1306 3173 Ἡλίῳ
1342 3105 1440 3173 μὲν
1471 3105 1578 3175 γὰρ
1604 3105 1730 3167 τοὺς

156 3192 247 3261 τὴν
284 3194 584 3264 παρθενίαν
633 3196 753 3265 (ἵνα
781 3196 876 3247 καί
913 3194 1183 3264 οὐρανίοις
1216 3197 1510 3265 χρήσωμαι
1540 3214 1719 3267 παρα-

155 3283 465 3353 δείγμασι)·
500 3285 696 3356 σελήνῃ
731 3287 788 3338 δὲ
808 3287 934 3348 τοὺς
982 3286 1079 3355 τὴν
1116 3287 1466 3357 ἐγκράτειαν,
1509 3286 1729 3357 ἄστροις

154 3375 209 3427 δὲ
238 3377 362 3439 τοὺς
400 3376 492 3429 τὸν
513 3378 689 3447 τίμιον
732 3378 909 3448 γάμον
943 3378 1371 3448 ἀσπασαμένους
1403 3380 1497 3431 καὶ
1536 3381 1726 3449 διατη-

148 3467 453 3537 ρήσαντας,
496 3470 941 3541 παραϐάλλεσθαι
998 3471 1184 3542 θέμις,
1242 3472 1475 3541 μάλιστα
1524 3473 1724 3543 ἐπιψη-

156 3561 407 3626 φίσαντος
426 3562 516 3613 τοῦ
541 3563 825 3615 θεσπεσίου
850 3564 1082 3626 Παύλου,
1099 3565 1192 3617 καὶ
1211 3564 1479 3632 λέγοντος·
1512 3583 1530 3615 ι
1558 3563 1725 3634 ’Ἄλλη

155 3650 276 3717 δόξα
320 3653 469 3724 ἡλίου
488 3694 503 3716 ,
534 3654 627 3709 καὶ
656 3654 789 3726 άλλη
828 3655 955 3720 δόξα
989 3656 1252 3727 σελήνης,
1298 3659 1388 3710 καὶ
1418 3656 1552 3727 ἄλλη
1599 3657 1725 3722 δόξα

154 3744 417 3815 ἀστέρων.
467 3764 485 3796 ι

1818 660 1983 720 atque
2025 649 2467 704 imbecillioribus
2511 646 2823 700 adminiculi
2869 645 2987 699 loco
3035 657 3394 705 concessum,

1814 752 1991 812 potest
2026 742 2241 815 quidem
2277 756 2403 805 eos,
2439 741 2528 808 qui
2571 739 2742 805 ipsum
2781 738 3007 791 illaesum
3047 736 3396 798 custodiunt,

1816 846 2037 886 servare
2069 851 2081 887 :
2117 839 2171 885 at
2205 846 2308 883 non
2346 831 2471 883 item
2508 830 2571 881 ad
2607 827 2929 893 virginitatis
2964 824 3235 892 fastigium
3272 825 3401 877 sub-

1815 923 2033 976 vehere.
2064 921 2221 977 Unde
2251 920 2414 973 etiam
2445 920 2740 986 spiritualis
2774 918 2878 982 lex,
2908 932 3023 979 eos,
3050 915 3143 984 qui
3175 930 3398 967 uxorein

1816 1016 2117 1079 duxerant,
2162 1030 2227 1068 ac
2264 1014 2399 1068 vites
2443 1013 2849 1082 plantaverant,
2890 1010 2956 1064 ad
2998 1009 3194 1061 bellum
3239 1006 3397 1068 illud,

1814 1108 1959 1178 quod
1997 1124 2118 1161 cum
2159 1107 2532 1176 spiritualibus
2572 1105 2827 1174 nequitia:
2862 1102 3180 1170 suscipitur,
3214 1100 3399 1168 egredi

1815 1201 2005 1254 vetuit.
2043 1199 2174 1265 Qua:
2207 1215 2329 1252 cum
2368 1199 2437 1252 ita
2477 1200 2617 1261 sint,
2656 1213 2759 1250 non
2799 1197 2850 1248 iu
2886 1212 2949 1248 ea
2990 1194 3243 1262 opinione
3281 1205 3401 1245 ver-

1815 1300 2003 1345 sentur
2028 1291 2060 1342 ii
2089 1290 2179 1358 qui
2212 1288 2516 1355 hujusmodi
2545 1288 2773 1341 vinculis
2806 1286 3087 1339 constricti
3121 1292 3397 1342 tenentur,

1818 1389 1875 1432 ut
1898 1395 2019 1433 cum
2048 1378 2151 1440 his,
2177 1380 2266 1447 qui
2294 1378 2452 1431 soluti
2482 1394 2542 1430 ac
2572 1377 2726 1430 liberi
2752 1387 2900 1439 sunt,
2925 1385 3137 1429 certare
3164 1389 3220 1428 se
3245 1388 3402 1441 posse

1816 1471 2126 1524 existiment
2157 1470 2279 1538 (nec
2308 1469 2452 1523 enim
2486 1470 2535 1522 id
2571 1471 2684 1522 ﬁeri
2721 1467 2918 1536 potest)
2953 1482 3051 1521 nec
3081 1468 3170 1535 qui
3203 1480 3403 1533 augen-

1817 1561 1898 1614 dis
1932 1559 2157 1628 opibus,
2189 1561 2511 1629 corporique
2545 1562 2858 1614 adnrnando
2894 1560 3202 1612 universam
3233 1558 3400 1609 vitam

1817 1666 1967 1704 suam
2001 1651 2342 1713 addixerunt,
2375 1652 2563 1705 eadem
2597 1651 2815 1717 przcmia
2847 1664 2904 1703 se
2934 1659 3252 1717 accepturos
3281 1662 3402 1700 esse

1820 1743 2170 1804 arbitrentur,
2201 1757 2321 1809 qum
2354 1741 2422 1806 ii,
2458 1741 2547 1809 qui
2582 1741 2687 1793 Deo
2722 1748 2860 1795 totos
2889 1756 2947 1793 se
2976 1745 3401 1800 consecrarunt,

1820 1846 1884 1883 ac
1916 1845 2033 1898 qua
2066 1827 2276 1883 Domini
2322 1841 2447 1883 sunt
2488 1841 2679 1882 curant
2712 1849 2725 1884 :
2765 1846 2950 1884 verum
2994 1830 3046 1883 in
3079 1829 3401 1897 congruenti

1824 1924 1991 1991 gradu
2020 1923 2227 1989 scipsos
2256 1932 2523 1984 tenentes,
2550 1924 2809 1975 adversus
2834 1937 2946 1983 eos,
2974 1923 3061 1989 qui
3091 1921 3155 1972 ad
3183 1922 3402 1974 caeleste

1822 2028 2079 2066 Cacumen
2124 2012 2515 2076 ascenderunt,
2560 2012 2796 2079 linguam
2847 2028 2912 2065 ne
2957 2020 3172 2067 acuant.
3220 2010 3403 2076 Neque

1822 2106 1963 2160 enim
1995 2103 2296 2171 conjugimn
2318 2104 2513 2156 malum
2536 2112 2615 2156 est
2636 2104 2797 2172 (absit
2814 2103 2874 2173 !),
2904 2117 3084 2155 verum
3106 2102 3400 2171 legitimum

1823 2197 1982 2249 etiam
2022 2211 2086 2250 ac
2127 2195 2395 2249 mediocre
2436 2195 2656 2247 bonum.
2695 2196 2765 2247 At
2808 2195 2946 2247 mala
2992 2210 3054 2247 ea
3098 2205 3151 2246 et
3196 2194 3403 2245 incom—

1826 2290 2004 2349 moda,
2046 2303 2166 2357 qua:
2210 2288 2612 2339 matrimonium
2654 2301 2836 2339 secum
2883 2286 3067 2349 trahit,
3114 2285 3179 2337 ad
3222 2296 3421 2338 remus

1824 2380 2052 2433 dendam
2080 2389 2134 2431 et
2165 2378 2521 2431 hebetandam
2557 2378 2885 2431 matrimonii
2915 2377 3241 2445 voluptatem
3272 2377 3451 2429 satis..-

1828 2486 2074 2539 magnam
2099 2472 2205 2524 vim
2238 2471 2456 2524 habent.
2486 2473 2658 2536 Atque
2684 2471 2843 2523 etiam
2870 2470 2915 2522 si
2943 2470 3073 2522 nihil
3102 2469 3291 2522 horum
3322 2482 3408 2519 se-
3446 2512 3453 2516 .

1827 2579 1947 2617 cum
1984 2564 2257 2626 traheret,
2293 2578 2360 2615 ne
2393 2563 2472 2614 sic
2503 2564 2721 2630 quidem
2760 2573 2939 2615 tamen
2976 2562 3193 2629 dignum
3227 2569 3404 2621 esset,
3454 2618 3457 2619 ν

1828 2653 1969 2722 quod
2004 2667 2127 2705 cum
2164 2652 2475 2718 virginitate
2510 2651 2868 2705 conferretur.
2908 2650 3060 2716 Quod
3098 2659 3276 2701 autem
3317 2663 3405 2700 me

1829 2744 1991 2797 etiam
2024 2752 2428 2812 preperantem,
2460 2742 2737 2810 prmterire
2766 2757 2870 2795 non
2904 2742 3050 2802 sinit,
3085 2741 3187 2792 hoc
3220 2740 3404 2792 dicen—

1830 2834 1955 2885 dum
1984 2841 2096 2897 est,
2130 2847 2320 2900 nempe
2347 2833 2489 2900 quod
2518 2830 2799 2900 virginitas
2827 2830 2931 2883 alia
2957 2830 3119 2882 etiam
3152 2829 3279 2881 vitia
3312 2844 3408 2882 ex-
3446 2870 3449 2871 ν

1830 2934 2030 2994 pugnat
2054 2942 2068 2978 :
2096 2924 2493 2979 matrimonium
2522 2934 2701 2976 autem
2728 2922 2847 2975 aliis
2873 2938 3087 2992 quoque
3114 2921 3257 2974 vitiis
3284 2936 3409 2974 cor-

1832 3017 2045 3085 ripitur.
2085 3016 2293 3081 Quotus
2329 3016 2471 3070 enim
2508 3016 2736 3084 quisque
2771 3024 2889 3079 est,
2927 3015 3019 3085 qui
3061 3024 3117 3067 ut
3152 3014 3408 3066 alimenta

1831 3107 1955 3162 filiis
1997 3108 2391 3171 subministret,
2435 3121 2540 3160 non
2582 3106 2784 3168 omnia,
2825 3120 2944 3174 qua:
2984 3120 3169 3174 parum
3214 3118 3412 3158 conve-

1832 3200 2005 3263 niant,
2034 3198 2216 3261 faciat,
2242 3208 2405 3267 atque
2430 3198 2483 3251 iu
2515 3197 2752 3267 pericula
2778 3206 2831 3250 et
2862 3198 2912 3249 in
2940 3196 3180 3263 pelagus.
3206 3210 3269 3247 ac
3296 3194 3410 3247 bel-

1838 3294 1941 3347 luis
1977 3294 2027 3345 in
2061 3293 2293 3362 praadam
2325 3307 2382 3344 se
2414 3288 2705 3357 conjiciat?
2729 3288 2797 3341 At
2829 3287 3045 3340 interim
3080 3296 3253 3338 tamen
3287 3285 3370 3336 isti
3394 3323 3408 3347 ,

1838 3395 1898 3439 ut
1940 3385 2106 3437 fortes
2147 3394 2199 3437 et
2239 3382 2493 3452 laurigeri
2533 3380 2750 3450 gloriari
2789 3378 2995 3433 volunt.
3040 3377 3104 3429 Et
3146 3375 3266 3445 quis
3308 3376 3412 3429 hoc

1834 3474 2014 3529 ferat?
2042 3474 2195 3541 Quod
2226 3474 2367 3526 enim
2400 3472 2464 3524 ad
2501 3474 2613 3525 haec
2641 3472 2865 3524 vulnera
2901 3469 3235 3538 persananda
3271 3477 3407 3520 tem-

1836 3566 1983 3634 poris
2012 3564 2246 3630 spatium
2277 3556 2541 3615 sufficiet?
2570 3559 2828 3626 Quisnam
2861 3569 3042 3613 autem
3076 3573 3284 3619 eorum,
3316 3556 3409 3624 qui

1837 3665 1912 3709 tot
1944 3655 2066 3709 telis
2094 3653 2319 3709 sauciati
2351 3661 2511 3718 sunt,
2547 3652 2718 3705 vicem
2755 3665 2857 3703 non
2893 3648 3107 3704 doleat?
3135 3647 3237 3701 'l‘ot
3268 3647 3410 3700 enim

1832 3764 1924 3803 eos
1970 3747 2106 3800 mala
2149 3746 2514 3808 circumdant,
2558 3752 2614 3796 ut
2654 3758 2717 3796 ea
2762 3743 2830 3795 ob
2873 3741 3268 3795 multitudinem
3314 3753 3413 3791 nec

154 3848 336 3890 mente
379 3837 790 3903 comprehendi,
836 3852 934 3892 nec
974 3837 1154 3893 verbis
1201 3838 1459 3903 explicari
1507 3840 1732 3906 possint.
1776 3839 2137 3906 Quamobrem
2168 3835 2474 3905 huiusmodi
2504 3834 2841 3887 sermonibus
2883 3833 3041 3886 finem
3104 3833 3405 3902 imponant.

154 3940 219 3979 ac
244 3941 348 3979 non
374 3928 631 3982 adversus
654 3926 1014 3990 virginitatem
1044 3927 1276 3997 linguam
1305 3929 1576 3983 instruant
1603 3949 1615 3982 :
1643 3945 1829 3983 verum
1899 3941 1956 3980 ut
2029 3929 2267 3996 reginam
2306 3927 2475 3994 ipsam
2519 3925 2721 3977 honore
2758 3932 3172 3992 prosequantur,
3244 3922 3404 3988 eique

160 4032 218 4070 se
244 4017 553 4087 subjiciant,
581 4027 639 4071 ut
663 4033 780 4070 eam
806 4027 859 4071 et
887 4019 1353 4087 propugnatricem
1381 4029 1431 4072 et
1463 4018 1624 4088 395
1658 4019 2100 4073 interventricem
2165 4017 2417 4070 habeant.
2446 4013 2559 4068 Soli
2617 4013 2759 4066 enim
2787 4015 2868 4081 (ut
2894 4011 3206 4066 cmlestibus
3267 4024 3403 4077 quo-

156 4124 265 4177 que
304 4110 562 4178 exemplis
608 4109 753 4177 utar)
794 4123 917 4171 eos,
958 4110 1049 4178 qui
1086 4110 1451 4176 virginitatem
1500 4112 1727 4179 amplexi
1769 4121 1913 4175 sunt,
1941 4109 2079 4163 luna:
2111 4120 2290 4163 autem
2321 4122 2436 4174 eos,
2492 4106 2585 4175 qui
2636 4104 3046 4167 continentiam,
3078 4116 3142 4154 ac
3172 4101 3409 4170 denique

158 4199 332 4255 stellis
358 4216 477 4267 eos,
510 4202 600 4270 qui
637 4202 955 4257 honorabile
983 4202 1311 4257 connubium
1343 4204 1574 4272 amplexi
1609 4217 1735 4258 sunt
1765 4215 1929 4272 atque
1960 4209 2389 4263 conservarunt,
2450 4211 2768 4267 comparare
2802 4195 2960 4261 licet,
2994 4194 3225 4245 maxime
3283 4205 3405 4244 cum

160 4294 373 4347 divinus
420 4294 616 4349 Paulus
668 4296 933 4350 calculum
982 4311 1137 4351 suum
1185 4296 1381 4363 addat,
1423 4313 1488 4351 ac
1536 4300 1680 4353 dicat
1727 4317 1740 4352 :

158 4384 333 4441 larum
356 4387 419 4438 ⁵³.
460 4406 478 4436 ι

617 4475 783 4529 TNB'.
814 4505 885 4514 —
915 4477 1001 4547 Τῼ
1048 4476 1250 4548 avra.

245 4589 473 4644 Ἐκεῖνον
510 4590 671 4660 μόνον
705 4590 771 4643 ἂν
818 4590 994 4659 ἔγωγε
1028 4590 1127 4662 ζῇν
1163 4590 1368 4661 κυρίως
1413 4591 1728 4662 όρισαίμην,
1763 4553 1815 4607 D

158 4678 255 4731 τὸν
282 4678 379 4733 τῶν
406 4679 736 4750 σωματικῶν
777 4680 967 4733 παθῶν
994 4682 1278 4751 κρείττονα
1304 4683 1399 4734 καὶ
1436 4682 1727 4751 ἀνώτερον.

168 4770 233 4824 ’0
262 4772 363 4841 γὰρ
391 4773 619 4835 ἐκείνοις
649 4773 842 4840 ἑαυτὸν
868 4772 1171 4839 ὑποζεύξας
1192 4813 1206 4837 ,
1233 4776 1327 4825 καὶ
1356 4774 1497 4827 κατὰ
1529 4774 1731 4844 κράτος

158 4861 257 4911 ὑπ’
292 4862 459 4915 αὐτῶν
490 4862 875 4931 ἐλαυνόμενος,
915 4861 976 4913 οὐ
1008 4862 1165 4931 μόνον
1191 4863 1271 4924 είς
1296 4862 1356 4913 τὸ
1383 4861 1611 4931 ἔσχατον
1640 4878 1727 4912 τε-

153 4952 325 5023 λευτᾷ
366 4954 660 5022 βάραθρον,
693 4953 808 5007 ἀλλ’
839 4953 959 5006 οὐδὲ
986 4954 1086 5023 ζῇν
1123 4953 1355 5007 ἐνταῦθα
1395 4954 1617 5005 δύναται
1644 4953 1729 5005 διὰ

155 5046 267 5105 τὰς
291 5045 344 5110 ἐξ
371 5046 547 5098 αὐτῶν
584 5046 785 5108 λύπας,
818 5046 913 5098 καὶ
938 5047 1063 5107 τοὺς
1097 5046 1316 5114 φόϐους,
1343 5047 1435 5098 καὶ
1466 5047 1589 5107 τοὺς
1618 5063 1731 5098 κινο

154 5137 348 5199 δύνους
367 5180 380 5201 ,
400 5138 495 5190 καὶ
517 5138 608 5191 τὸν
642 5138 835 5208 μυρίον
860 5138 1040 5191 αὐτῶν
1062 5139 1247 5209 ἑσμόν.
1285 5139 1386 5191 Ἂν
1407 5156 1466 5190 τε
1490 5138 1597 5208 γὰρ
1631 5137 1727 5191 θά-

158 5244 326 5290 νατος
365 5229 743 5300 προσδοκηθῇ,
804 5230 1031 5300 τέθνηκε
1073 5230 1168 5283 καὶ
1215 5230 1322 5301 πρὸ
1362 5229 1455 5281 τοῦ
1498 5229 1727 5283 θανάτου

156 5320 247 5389 τῷ
282 5320 395 5373 δέει·
422 5320 483 5374 ἄν
504 5338 563 5373 τε
592 5321 853 5383 νόσος,ἄν
880 5339 939 5374 τε
976 5321 1155 5392 ὕϐρις,
1194 5321 1260 5375 ἄν
1278 5338 1338 5373 τε
1372 5320 1551 5387 πενία,
1580 5321 1645 5374 ἄν
1673 5338 1733 5373 τε

158 5411 354 5482 ἔτερόν
394 5430 444 5466 τι
504 5412 614 5466 τῶν
662 5412 959 5482 ἀδοκήτων,
1021 5411 1271 5465 ἀπόλωλε
1324 5412 1419 5463 καὶ
1472 5413 1582 5465 ἀπὸ
1635 5412 1736 5481 τῆς

235 5568 290 5600 ⁸³
312 5569 332 5624 l
357 5572 479 5626 Cor.
502 5586 591 5635 xv,
622 5570 710 5624 Μ.

1781 4316 1799 4349 ι
1834 4296 1953 4351 Alia
1984 4294 2154 4367 gloria
2183 4295 2342 4357 solis,
2371 4290 2475 4343 alia
2506 4289 2676 4359 gloria
2704 4288 2874 4347 luna},
2930 4284 3033 4338 alia
3062 4284 3230 4352 gloria
3281 4280 3412 4336 stel—
3433 4339 3466 4358 ⁸,

2321 4474 2556 4530 CCCLII.
2589 4503 2659 4513 —
2691 4470 2922 4527 EIDEM.

1909 4593 2043 4647 Eum
2085 4592 2331 4662 equidem
2373 4593 2485 4660 ipse
2525 4589 2696 4643 solum
2738 4590 2955 4659 proprie
2988 4588 3172 4642 vivere
3211 4597 3415 4643 statue-

1839 4688 1941 4741 rim
1960 4728 1976 4752 ,
2004 4686 2094 4754 qui
2126 4684 2370 4753 corporis
2399 4682 2737 4751 passionibus
2768 4680 3198 4751 praestantiorem
3228 4696 3293 4735 ac
3321 4696 3413 4735 su-

1840 4778 2145 4833 blimiorem
2181 4792 2240 4830 se
2273 4776 2495 4846 praebet.
2527 4773 2660 4827 Nam
2694 4774 2786 4842 qui
2820 4774 3056 4843 seipsum
3092 4774 3195 4829 illis
3231 4775 3411 4842 subje-

1840 4872 1941 4935 cit,
1973 4878 2131 4937 atque
2161 4870 2228 4923 ab
2259 4868 2323 4921 iis
2354 4882 2561 4922 summa
2590 4866 2641 4919 vi
2674 4867 3003 4936 exagitator,
3035 4882 3139 4919 nou
3170 4868 3329 4921 modo
3357 4867 3412 4920 in

1839 4973 2140 5014 extremam
2170 4959 2321 5013 exitii
2347 4958 2660 5027 voraginem
2691 4956 2919 5024 desinit,
2950 4960 3044 5013 sed
3074 4973 3142 5013 ne
3174 4959 3264 5011 hic
3293 4958 3414 5026 qui-

1839 5054 1959 5106 dem
1984 5052 2163 5105 vivere
2189 5060 2385 5119 potest,
2413 5051 2483 5104 ob
2509 5064 2625 5113 eas,
2650 5065 2771 5118 qua:
2795 5049 2864 5104 ab
2888 5050 2993 5105 illis
3019 5062 3265 5116 manant,
3295 5068 3410 5104 mo-

1840 5144 2043 5205 lestias,
2082 5152 2137 5196 et
2178 5152 2371 5206 metus,
2414 5151 2469 5196 et
2512 5141 2776 5211 pericula,
2817 5151 2872 5196 et
2916 5143 3180 5196 infinitum
3224 5158 3427 5196 eorum

1841 5247 2085 5287 examen.
2126 5232 2261 5286 Nam
2303 5233 2416 5287 sive
2462 5247 2608 5286 mors
2653 5242 3021 5301 exspectetur,
3062 5243 3205 5286 metu
3247 5234 3412 5286 etiam

1845 5333 1968 5376 ante
2001 5331 2230 5377 mortem
2266 5323 2605 5377 exanimatur
2640 5339 2653 5376 :
2691 5323 2803 5376 sive
2839 5324 3089 5385 morbus,
3126 5323 3242 5376 sive
3277 5338 3411 5375 con-

1846 5412 2094 5480 tumelia,
2128 5413 2244 5467 sive
2275 5423 2591 5481 paupertas,
2627 5409 2740 5464 sive
2773 5411 2915 5465 aliud
2949 5411 3202 5481 quiddam
3240 5411 3415 5477 inopi-

1251 5724 1489 5779 νΑῐιιΑε
1526 5723 1908 5781 LECTlONES
1950 5723 2035 5777 ET
2082 5722 2311 5778 NOTAE.

262 5871 368 5942 (85)
405 5870 501 5930 Pro
528 5872 739 5928 θέλουσι
778 5874 928 5943 ponit
960 5873 1077 5929 cod.
1118 5871 1241 5929 Vat.
1273 5872 1492 5938 δίκαιοι,
1517 5882 1569 5927 et
1605 5888 1743 5929 vers.

1829 5880 1895 5929 )st
1920 5871 1972 5937 ’5,
2002 5885 2098 5941 pro
2131 5868 2509 5939 βελῶνιεςιίὺὶι
2535 5868 2736 5925 κακῶν.
2778 5867 2993 5924 Possm.
