3894 6412
557 466 695 543 1011

1766 478 1826 537 S.
1871 478 2159 538 ISIDOBI
2197 478 2631 539 PELUSIOTxE

3668 471 3786 539 1012

556 584 709 646 nati,
743 580 905 636 etiam
946 594 1012 634 ex
1052 579 1165 636 sola
1204 581 1518 650 suspicione
1560 582 1719 652 periit
1756 594 1807 636 et
1842 588 2132 641 exstinctus

2249 588 2503 651 ὑπονοίας
2552 586 2749 657 μόνης,
2794 587 2888 640 καὶ
2934 586 3275 657 διέφθαρται.
3322 583 3465 637 Ἀλλ’
3497 584 3590 652 οὑχ
3631 584 3656 634 6
3692 585 3784 635 τῶν

554 686 661 731 est.
703 674 771 727 At
813 687 919 727 non
964 672 1019 725 in
1067 672 1258 728 eadem
1301 688 1466 728 causa
1509 680 1627 737 est,
1664 676 1756 744 qui
1803 678 2122 732 turbulentis

556 762 723 818 animi
758 761 1188 831 permotionibus
1219 763 1531 817 dominatur
1561 782 1576 819 :
1610 778 1797 819 verum
1832 777 1887 819 et
1922 769 2132 821 timori-

556 856 660 911 bus
690 864 746 910 et
776 853 1062 923 periculis,
1096 868 1159 907 ac
1194 854 1426 923 denique
1458 857 1604 909 omni
1641 858 1938 911 mutatione
1972 873 2132 924 snpe-

556 947 672 1001 rior
695 956 777 1000 est
804 964 817 999 :
845 961 950 999 non
978 946 1119 1014 quod
1148 945 1279 999 nihil
1309 948 1546 1015 patiatur
1570 948 1708 1018 (hoc
1733 952 1874 1004 enim
1902 949 2131 1003 fortasse

558 1040 677 1094 fieri
712 1040 938 1110 nequit),
969 1040 1084 1100 sed,
1114 1039 1256 1107 quod
1291 1039 1461 1092 multo
1494 1040 1670 1107 majus
1701 1049 1861 1108 atque
1891 1040 2130 1092 admira-

557 1130 719 1185 bilius
755 1140 1013 1200 tropanm
1052 1131 1247 1194 ellieit,
1287 1132 1413 1200 quia
1449 1146 1512 1185 ea
1548 1131 1801 1199 impetum
1839 1132 2089 1186 facientia
2112 1173 2126 1196 ,

532 1233 617 1302 .et
648 1223 943 1284 velitantia,
979 1223 1193 1293 telaque
1223 1223 1495 1276 mittentia
1527 1232 1862 1276 contemnat.

736 1350 997 1407 CCCLlll.
1029 1382 1099 1392 —~
1132 1335 1488 1407 ΤΪΜΟΤΗΕΟ
1524 1349 1950 1406 CLARISSIMO.

630 1460 699 1517 Et
725 1462 769 1516 si
799 1462 1134 1523 Clueretnon,
1163 1471 1219 1515 ut
1249 1461 1539 1529 scripsisti,
1566 1460 1678 1522 ille,
1703 1462 1942 1529 inquam,
1963 1462 2129 1515 Euse-

556 1554 636 1613 bii
664 1555 914 1624 stipator,
942 1568 1008 1607 ex
1042 1554 1208 1623 ipsius
1236 1555 1625 1608 consuetudine
1656 1564 1817 1622 atque
1847 1553 2130 1607 familiari-

560 1657 674 1701 tate
690 1658 971 1709 exacutus,
992 1648 1056 1699 ad
1075 1660 1234 1699 omne
1250 1644 1425 1700 scelus
1441 1653 1693 1712 tanquam
1711 1654 1879 1699 uestro
1898 1645 2128 1713 qundam

560 1737 842 1800 incitatur,
877 1752 977 1791 nec
1012 1736 1167 1791 fidem
1205 1736 1477 1806 agnoscit,
1511 1751 1696 1790 verum
1730 1736 1800 1789 ob
1834 1736 2132 1805 iniquitatis

560 1827 836 1882 licentiam
856 1827 1202 1895 jurejurando
1224 1827 1465 1881 abutitur
1487 1827 1967 1897 (reconciliationis
1986 1828 2129 1879 enim

2242 680 2433 734 παθῶν
2462 680 2679 749 κρατῶν
2709 679 2971 742 τοιοῦτος·
3011 680 3150 733 ἀλλὰ
3196 679 3294 732 καὶ
3332 677 3533 745 φόϐων.
3567 676 3655 728 καὶ
3688 693 3783 727 κιν-

2238 772 2431 837 δύνων,
2473 772 2567 825 καὶ
2608 772 2913 841 μεταϐολῆς
2946 773 3165 841 ἀπάσης
3194 770 3423 836 ἕστηκεν
3466 767 3784 834 ὑψηλότερος.

2239 863 2299 915 οὑ
2327 860 2403 930 τῷ
2440 861 2606 931 μηδὲν
2629 862 2920 930 ὑπομένειν
2948 862 3138 931 (τοῦτο
3172 860 3283 930 γὰρ
3311 862 3441 921 ἴσως
3466 859 3783 927 ἀμήχανον),

2238 952 2353 1004 ἀλλ’
2396 954 2425 1004 6
2483 953 2578 1005 xui.
2618 952 2797 1022 πολλῷ
2845 953 3029 1022 μεῖζόν
3076 955 3192 1005 ἐστι
3244 951 3339 1003 καὶ
3387 947 3785 1018 παραδοξότερον

2238 1046 2382 1095 ποιεῖ
2419 1043 2478 1095 τὸ
2503 1044 2761 1113 τρόπαιον
2788 1044 2865 1112 τῷ
2902 1045 2996 1097 καὶ
3034 1042 3482 1115 προσϐαλλόντων
3511 1040 3675 1091 αὑτῶν
3706 1041 3785 1091 καὶ

2238 1135 2741 1206 ἀκροδολιζομένων
2781 1137 2875 1189 καὶ
2910 1135 3385 1202 κατατοξευόντων
3414 1135 3767 1199 καταφρονεῖν.

2449 1358 2616 1410 TNI".
2661 1387 2731 1397 α·-
2771 1357 3070 1428 ΤΙΜΟΘΕῼ
3109 1354 3593 1418 ΛΑΜΠΡΟΤΑΤῼ.

2312 1467 2373 1519 El
2404 1467 2500 1519 καὶ
2526 1468 2855 1537 Χαιρήμων,
2881 1466 2957 1529 ὡς
2984 1466 3301 1535 γέγραφας,
3330 1466 3359 1515 6
3406 1463 3656 1515 Εὑσεὸίου
3702 1463 3785 1515 ὑπ-

2238 1556 2529 1625 ασπιστὴς,
2558 1559 2622 1608 ἐκ
2652 1558 2751 1625 τῆς
2790 1555 2954 1608 αὑτοῦ
2985 1554 3271 1615 συνουσίας
3304 1553 3638 1622 ἡκονημένος
3672 1552 3787 1619 tot;

2238 1649 2418 1700 πᾶσαν
2445 1647 2644 1700 κακίαν
2672 1648 2892 1717 οἰστρᾷ,
2928 1648 3023 1700 καὶ
3053 1647 3236 1713 πίστιν
3265 1647 3365 1697 οὑκ
3394 1640 3553 1707 οἶδεν,
3590 1643 3694 1695 ἀλλ’
3716 1645 3786 1695 ἐπ’

2238 1740 2451 1802 ἀδικίας
2490 1740 2644 1810 ἀδείᾳ
2670 1739 2779 1809 (86)
2821 1739 3083 1808 κέχρηται
3126 1739 3238 1799 τοῖς
3272 1738 3456 1805 ὅρκοις
3498 1734 3784 1803 (σπένδεται

2238 1828 2365 1899 γὰρ.
2401 1829 2494 1880 καὶ
2546 1829 2695 1897 μένει
2747 1829 3087 1898 ἀκήρυκτοςο
3137 1826 3410 1893 συνθήκας
3448 1827 3670 1877 ποιεῖται
3706 1825 3783 1877 καὶ

560 1916 770 1973 ΐαιάοη
803 1917 1064 1987 percutit,
1096 1926 1149 1970 et
1181 1916 1539 1985 implacabilis
1570 1926 1784 1981 manet;
1818 1928 1968 1983 pacta
2001 1916 2093 1969 init
2114 1957 2129 1981 ,

561 2018 619 2064 et
657 2008 948 2071 rescindit;
983 2008 1152 2075 jurat,
1187 2017 1241 2060 et
1283 2007 1487 2061 fraudis
1526 2007 1804 2061 materiam
1847 2017 2006 2075 atque
2049 2007 2133 2059 in-

559 2108 926 2155 stramentum
959 2097 1270 2167 jnramenta
1301 2098 1753 2167 liabet);attamen
1787 2114 1907 2153 meo
1933 2098 2139 2165 judicio

560 2188 634 2251 is.
674 2191 765 2261 qui
811 2207 932 2244 enm
974 2198 1175 2253 tuetur,
1216 2205 1356 2243 nunc
1400 2189 1615 2258 quidem
1660 2188 1923 2241 scelerum
1972 2187 2139 2254 ipsius

2238 1917 2389 1969 λύει·
2444 1919 2637 1984 ὄμνυσι
2700 1920 2793 1970 καὶ
2845 1918 3180 1989 πανουργίας
3236 1920 3445 1987 ἐφόδιον
3513 1918 3621 1987 ἔχει
3682 1918 3784 1979 τοὺς

2240 2010 2435 2080 ὅρκους
2465 2009 2627 2079 (87))·
2678 2010 2817 2064 ἀλλά
2859 2028 2923 2078 γε
2969 2014 2997 2064 6
3039 2011 3227 2063 τοῦτον
3278 2010 3628 2080 συγκροτῶν,
3676 2010 3784 2077 παρ’

2236 2103 2361 2170 ἐμοὶ
2406 2104 2606 2171 κριτῇ,
2653 2101 2748 2154 νῦν
2786 2102 2885 2171 μὲν
2944 2100 3251 2171 καρποῦται
3300 2100 3411 2152 τῶν
3458 2100 3656 2152 κακιῶν
3699 2101 3779 2167 τὴν

2236 2194 2436 2246 αἰτίαν·
2483 2193 2707 2262 ὕστερον
2755 2194 2811 2246 δὲ
2846 2193 3068 2263 καὶτῆς
3098 2192 3251 2263 δίκης
3294 2191 3358 2244 τὸ
3386 2191 3549 2244 πλέον
3585 2190 3779 2262 καρπώ·

2238 2302 2409 2338 σεται.

2170 1962 2213 2016 Β

562 2281 775 2348 culpam
823 2282 1051 2350 percipit
1093 2299 1107 2335 :
1152 2290 1337 2349 postea
1388 2290 1567 2335 autem
1615 2279 1931 2349 ampliorem
1976 2283 2136 2334 etiam

561 2374 813 2441 supplicii
852 2383 1058 2442 partem
1093 2374 1370 2443 percipiet.

780 2501 1042 2558 CCCLIV.
1076 2532 1145 2543 -—
1180 2500 1409 2556 ΡΜ]ιο
1446 2499 1921 2557 PRESBYTERO.

2484 2503 2652 2557 TNA'.
2704 2534 2771 2543 -
2823 2504 3053 2574 [tamn
3090 2501 3563 2572 ΠΡΕΣΒΥΤΕΡῼ.

636 2611 920 2666 Sacerdoti
951 2627 1048 2680 pro
1074 2612 1264 2680 Opibus
1291 2620 1373 2664 est
1396 2610 1607 2663 virtutis
1636 2619 2009 2664 ornamentum
2040 2626 2136 2679 pro

534 2701 840 2769 "voluptate
874 2704 1119 2766 castitas,
1156 2718 1257 2773 pro
1291 2703 1420 2757 luxu
1455 2704 1756 2773 frugalitas,
1792 2719 1887 2771 pro
1924 2703 2132 2769 laetitia,

560 2806 774 2855 eorum,
812 2793 1006 2861 quibus
1048 2802 1274 2861 praeest,
1318 2793 1385 2847 ad
1422 2794 1674 2847 virtutem
1719 2794 2134 2849 incrementum.

562 2884 718 2950 Quod
750 2885 794 2938 si
827 2886 949 2952 quis
976 2884 1245 2938 contraria
1280 2885 1363 2938 his
1391 2884 1635 2938 instituta
1667 2898 1918 2952 sequens,
1952 2898 2135 2938 sacer—

561 2974 698 3028 dotii
731 2975 951 3029 nomine
981 2975 1267 3046 gloriatur,
1298 2976 1387 3030 hic
1416 2974 1675 3044 profanus
1704 2984 1806 3040 est,
1840 2986 2004 3045 atque
2032 2975 2135 3029 im-

559 3065 718 3135 perio
754 3065 1026 3135 indignus.

721 3194 961 3252 CCCLV.
996 3223 1065 3238 --
1098 3194 1457 3250 MARTYRIO
1499 3194 1972 3251 PRESBYTERO.

942 3306 1017 3361 De
1053 3307 1267 3360 Arianis
1303 3315 1351 3359 et
1390 3305 1759 3359 Eunomianis.
2163 3306 2219 3379 θ’

2308 2614 2398 2680 Τῷ
2423 2614 2704 2685 ἱερωμένῳ
2735 2612 2964 2675 πλοῦτος
2991 2613 3089 2682 μὲν
3130 2614 3159 2664 6
3198 2614 3295 2683 τῆς
3347 2611 3552 2681 ἀρετῆς
3583 2608 3776 2677 κόσμος.

2237 2705 2401 2777 ⁴ἡδονὴ
2427 2706 2483 2758 δέ
2510 2708 2543 2775 ἡ
2576 2704 2897 2774 σωφροσύνη
2917 2743 2933 2767 ,
2976 2704 3156 2773 τρυφὴ
3184 2704 3242 2755 δέ
3281 2705 3316 2772 ἡ
3357 2704 3645 2771 αὐτάρκεια
3665 2740 3676 2761 ,
3704 2698 3777 2750 εὑ-

2238 2798 2479 2867 φροσύνη
2530 2797 2585 2849 δὲ
2627 2800 2659 2867 ὴ
2698 2797 2805 2849 τῶν
2843 2796 3100 2864 ὑπηκόων
3137 2795 3273 2865 πρὸς
3314 2794 3517 2865 ἀρετὴν
3553 2790 3775 2849 ἐπίδοσις

2237 2890 2286 2940 εἰ
2329 2886 2385 2939 δέ
2433 2904 2517 2947 τις
2559 2887 2822 2939 τάναντία
2871 2886 3076 2938 τούτων
3121 2884 3457 2952 ἐπιτηδεύων
3519 2880 3775 2952 ἱερωσύνης

2236 2977 2461 3047 ὀνόματι
2504 2976 2887 3047 ἐναϐρύνεται,
2920 2971 3077 3037 οὗτος
3119 2975 3337 3045 ἀνίερος
3372 2973 3657 3042 τυγχάνει,
3698 2968 3777 3020 καὶ

2236 3070 2334 3140 τῆς
2367 3069 2541 3139 ἀρχῆς
2582 3067 2813 3132 ἀνάξιος.

2432 3196 2605 3249 TNE'.
2650 3226 2720 3237 ——
2759 3196 3115 3267 ΜΑΡΤΥΡΙῼ
3154 3195 3616 3264 ΠΡΕΣΒΥΤΕΡῼ.

2503 3304 2647 3372 Περὶ
2700 3303 3010 3372 ’Λρειανῶν
3035 3304 3133 3358 καὶ
3161 3302 3551 3373 εὑνομιανῶν.

634 3437 693 3492 Si
725 3437 991 3493 humanas
1019 3434 1334 3489 aifectiones
1364 3434 1527 3504 (quod
1558 3449 1623 3486 ne
1649 3434 1796 3488 dictu
1825 3434 1989 3504 396
2016 3433 2138 3503 qui-

563 3533 687 3587 dem
714 3531 797 3585 fas
820 3528 927 3601 est)
955 3545 1049 3599 per
1072 3528 1252 3583 omnia
1283 3537 1559 3595 sequatur,
1588 3526 1680 3595 qui
1710 3526 1942 3580 divinam
1970 3542 2136 3595 gene-

558 3623 829 3679 rationem
856 3618 1132 3682 describit,
1158 3619 1286 3692 illud
1318 3618 1509 3672 merito
1535 3617 1722 3671 audire
1747 3627 1930 3685 queat.
1957 3619 2011 3671 Si
2042 3618 2135 3672 tibi

559 3715 711 3789 circa
740 3713 1142 3785 generationem
1174 3710 1386 3764 atl‘ectio
1418 3710 1656 3779 tingitur,
1682 3721 1736 3763 et
1763 3712 1892 3764 mihi
1922 3726 2137 3779 quoque

560 3808 711 3865 circa
745 3806 1077 3861 creationem
1116 3823 1131 3861 :
1169 3817 1340 3871 neque
1374 3804 1516 3855 enim
1553 3804 1602 3855 id
1639 3802 1781 3871 quod
1815 3813 2033 3858 creatur
2067 3803 2133 3871 (si

558 3897 861 3957 imbecilles
887 3896 1161 3953 hominum
1179 3894 1533 3963 cegitationes
1558 3895 1795 3963 sequar),
1824 3896 2028 3965 absque
2058 3895 2138 3948 af-

557 3989 799 4044 fectione
825 3995 1061 4045 creatur.
1093 3985 1188 4041 Sin
1220 3995 1426 4050 autem,
1455 3995 1511 4039 ut
1545 3987 1813 4040 divinitati
1846 3996 2135 4041 consenta-

557 4095 725 4139 neum
759 4089 872 4144 est,
907 4094 969 4135 ea
1003 4078 1254 4147 quidem,
1288 4093 1407 4147 qua:
1444 4078 1744 4146 purissimae
1776 4078 1850 4132 illi
1885 4080 2135 4133 essentne

559 4169 915 4233 conveniunt,
948 4167 1229 4232 admittat,
1261 4182 1382 4236 quae
1416 4177 1599 4222 autem
1635 4168 1810 4221 aliena
1846 4178 1899 4221 et
1933 4168 2133 4223 absona

561 4269 709 4325 sunt,
747 4266 1058 4330 praetereat,
1095 4258 1246 4323 illud,
1283 4259 1327 4313 si
1372 4259 1532 4312 modo
1572 4274 1718 4313 sanze
1760 4260 1987 4314 rationis
2030 4268 2132 4323 est,

560 4350 803 4420 cogitare
827 4348 1005 4410 debet,
1034 4349 1177 4419 quod
1202 4348 1459 4419 quoniam
1487 4348 1731 4402 mortalis
1756 4349 1820 4401 ad
1848 4350 1989 4402 hunc
2016 4365 2131 4402 mo-

560 4442 691 4496 dum
728 4441 922 4511 gignit,
959 4439 1282 4494 immortalis
1319 4454 1424 4493 non
1464 4440 1592 4493 item
1633 4460 1644 4494 :
1679 4441 2131 4509 quemadmodum

560 4534 817 4589 videlicet
845 4533 897 4587 in
930 4533 1164 4587 creando
1192 4531 1281 4585 ille
1308 4546 1430 4585 cum
1462 4530 1672 4596 labore,
1702 4530 1789 4584 hic
1823 4531 1955 4583 citra
1985 4529 2134 4584 labo~

2309 3437 2372 3488 Ei
2422 3435 2519 3504 μὲν
2557 3438 2669 3497 τοῖς
2708 3435 3067 3506 ἀνθρωπίνοις
3106 3436 3336 3490 πάθεσιν
3374 3436 3547 3507 (ὅπερ
3580 3435 3687 3487 οὑδὲ
3716 3435 3775 3485 εξ-

2240 3529 2362 3579 πεῖν
2400 3527 2560 3597 θέμις
2601 3527 2743 3579 κατά
2782 3528 2956 3581 πάντα
2991 3528 3173 3598 ἓψοιτο
3200 3530 3228 3580 6
3262 3529 3362 3598 τὴν
3388 3530 3540 3582 θείαν
3562 3515 3773 3595 γέννησῖν

2239 3618 2593 3690 ὑπογράφων,
2631 3619 2858 3673 ἀκοῦσαι
2886 3618 2921 3673 ἂ
2957 3620 3042 3689 εἴη
3076 3619 3281 3683 δίκαιος
3301 3663 3316 3685 ,
3335 3621 3419 3673 ὅτι
3455 3622 3506 3673 ετ
3536 3638 3609 3672 σοι
3636 3618 3774 3677 πάθος

2239 3709 2531 3763 πλάττεται
2563 3711 2691 3780 περὶ
2716 3706 2815 3781 τὴν
2840 3711 3114 3780 γέννησιν,
3140 3711 3310 3780 κάμοὶ
3334 3712 3465 3782 περὶ
3493 3712 3584 3778 τὴν
3610 3710 3769 3763 κτίσιν.

2238 3804 2373 3856 Οὑδὲ
2402 3805 2506 3874 γὰρ
2530 3803 2591 3854 τὸ
2616 3804 2930 3872 κτιζόμενον
2956 3808 2972 3872 (
2995 3806 3043 3856 εί
3065 3806 3177 3866 τοῖς
3200 3802 3451 3856 ἀσθενέσι
3476 3803 3579 3855 τῶν
3603 3799 3775 3870 ἀνθρώ-

2238 3915 2356 3950 πων
2406 3897 2682 3967 λογισμοῖς
2734 3896 3001 3966 ἐψοίμην)
3050 3895 3278 3959 ἀπαθῶς
3336 3895 3609 3959 κτίζεταιο
3656 3894 3696 3943 εἰ
3731 3891 3773 3941 δὲ

2238 3986 2589 4057 θεοπρεπῶς,
2628 3985 2697 4039 τὰ
2733 3987 2830 4056 μὲν
2887 3987 3228 4057 ἁρμόττοντα
3273 3989 3339 4057 τῇ
3383 3987 3635 4055 ἀκηράτῳ
3664 3982 3771 4049 (87";

2235 4080 2392 4148 οὑσίᾳ
2448 4078 2834 4144 καταδέξοιτο,
2882 4078 2954 4131 τὰ
3001 4078 3059 4130 δὲ
3114 4078 3303 4149 ἀπηχῆ
3355 4075 3769 4148 παριππεύσειεν,

2235 4172 2486 4241 ἐννοῆσαι
2517 4170 2721 4238 ὀφείλει
2750 4170 2867 4238 εἴγε
2900 4170 2962 4222 τὸ
2999 4168 3304 4239 λογιστικὸν
3349 4167 3649 4240 ἐρρωμένον
3684 4163 3771 4232 ἔχει

2235 4263 2317 4316 ὅτι
2359 4262 2546 4333 ἐπειδὴ
2589 4262 2619 4313 6
2659 4261 2849 4331 θνητὸς
2888 4260 3061 4323 οὑτως
3108 4260 3305 4323 τίκτει,
3343 4261 3372 4312 6
3420 4259 3665 4319 ἀθάνατος
3695 4256 3771 4321 οὐχ

2234 4354 2407 4416 οὑτως
2429 4370 2442 4383 ’
2476 4352 2663 4423 ὥσπερ
2691 4349 2786 4405 οὖν
2816 4352 2911 4405 καὶ
2936 4354 2965 4404 6
2997 4351 3219 4416 κτίζων,
3246 4352 3275 4403 6
3309 4351 3409 4420 μὲν
3444 4350 3575 4421 μετά
3606 4348 3769 4402 πόνον.

2232 4446 2263 4497 6
2299 4445 2354 4497 δὲ
2384 4445 2622 4515 ἀμογητὶ
2656 4443 2850 4507 κτίζει.
2884 4441 3069 4499 Ταῦτα
3098 4441 3203 4511 γὰρ
3233 4442 3492 4510 ἐννοήσας
3526 4440 3613 4492 καὶ
3636 4440 3660 4489 ὁ

2234 4536 2542 4607 λυόμματος
2564 4534 2687 4597 νοῦς
2708 4578 2723 4601 ,
2747 4535 2841 4587 καὶ
2868 4533 3056 4602 ὥσπερ
3079 4532 3263 4594 ἔνθους
3288 4532 3571 4602 γενόμενος
3590 4572 3602 4593 ,
3630 4528 3771 4580 πάντα

563 4641 679 4683 rem
715 4632 886 4680 creat.
918 4623 1044 4678 Haec
1077 4624 1221 4679 enim
1256 4638 1441 4677 secum
1476 4632 1755 4691 reputans,
1791 4622 1882 4676 illa
1918 4636 2132 4691 quoque

2243 4631 2304 4684 τὰ
2350 4631 2513 4701 γήϊνα
2564 4628 2981 4699 παραδείγματα
3031 4625 3432 4697 παραδραμὼν,
3475 4624 3769 4691 ἀπαύγασμα

562 4716 930 4773 oculatissima
973 4731 1145 4779 mens,
1183 4730 1247 4769 ac
1283 4715 1430 4768 velut
1468 4714 1650 4768 divino
1692 4715 1912 4768 numine
1950 4729 2132 4768 corre-

2243 4722 2337 4791 εῆξ
2362 4721 2519 4790 δόξης
2536 4761 2551 4785 ν
2583 4720 2676 4772 καὶ
2701 4719 3028 4790 χαρακτῆρα
3053 4717 3154 4786 τῆς
3190 4718 3542 4779 ὑποστάσεως
3575 4714 3664 4781 τῆς

560 4821 678 4881 pta,
710 4809 941 4863 terrenis
970 4808 1224 4862 omnibus
1252 4808 1515 4876 exemplis
1543 4808 1852 4875 prmteritis,
1884 4806 2132 4874 splendo-

2243 4815 2459 4885 τρικῆς,
2490 4811 2581 4864 τὸν
2610 4810 2724 4864 υἱὸν
2750 4811 2973 4872 εἰκότως
3002 4808 3262 4879 ὡρίσατο·
3300 4807 3378 4877 τῷ
3408 4808 3503 4877 μὲν
3535 4806 3592 4858 τὸ
3620 4802 3767 4855 συναΐ-

563 4916 679 4956 rem
706 4900 909 4969 gloriae,
933 4910 986 4955 et
1011 4900 1236 4971 figuram
1263 4908 1498 4968 paternae
1519 4900 1835 4953 substantiae
1852 4899 1917 4966 “,
1941 4898 2131 4952 Filium

2243 4905 2364 4965 διον,
2399 4902 2477 4969 τῷ
2514 4902 2573 4955 δὲ
2610 4902 2673 4953 τὸ
2711 4901 3070 4954 ἐνυπόστατον
3105 4897 3398 4968 παριστὰς.
3450 4895 3652 4963 Ἐπειδὴ
3684 4890 3766 4959 γὰρ

562 4994 709 5049 haud
739 4993 1011 5047 immerito
1036 4992 1280 5047 deﬁnivit
1305 5010 1318 5045 :
1350 5006 1445 5061 per
1468 4990 1597 5044 illud
1627 4991 1879 5043 nimirum
1910 5000 2132 5043 (τοίοισι--

2243 4992 2291 5044 τὸ
2328 4991 2539 5061 πρῶτον
2570 4989 2941 5042 ἀνυπόστατον
2966 4986 3270 5057 φαντασίαν
3295 4989 3423 5049 ῑσως
3446 4988 3581 5037 τισὶν
3601 4984 3763 5038 ἔτικτε.

560 5086 813 5154 nitatem,
837 5100 935 5156 per
966 5085 1069 5140 hoc
1102 5094 1279 5138 autem
1319 5098 1441 5137 eum
1479 5098 1761 5152 personam
1806 5084 2132 5137 constituere

2243 5084 2319 5138 5ιά
2348 5083 2443 5136 τοῦ
2470 5083 2722 5152 δευτέρου
2753 5081 2851 5152 τὴν
2880 5079 3231 5133 ὑποστάσεων
3256 5079 3541 5149 ποιητικὴν
3568 5075 3764 5129 ὑπόπα-

563 5178 969 5232 demonstrans.
1001 5175 1446 5244 Quandoquidem
1476 5175 1620 5228 enim
1652 5175 1823 5243 prius,
1854 5175 1995 5243 quod
2030 5174 2131 5243 hy-

2243 5192 2318 5227 σιν
2349 5174 2768 5245 ἐχαρακτήρισε.

560 5270 798 5340 postasis
831 5284 1024 5338 expers
1058 5279 1237 5336 esset,
1273 5271 1505 5339 speciem
1540 5266 1769 5324 fortasse
1802 5277 1963 5338 atque
2000 5267 2437 5338 imaginationem
2488 5268 2758 5323 nonnullis
2821 5265 3084 5337 pariebat,
3150 5265 3355 5320 idcirco
3382 5279 3478 5333 per
3536 5258 3761 5332 posterius

562 5366 898 5439 bypostasim
931 5364 1291 5436 bypostaseou
1323 5364 1643 5419 efﬁcientem
1680 5365 1905 5419 notavit.

630 5520 678 5557 “
693 5519 860 5579 Hebr.
888 5534 929 5588 ι,
961 5520 1016 5576 3.

1661 5629 1894 5685 VARUE
1942 5629 2322 5686 LEC'I‘IONES
2371 5630 2449 5685 E'l
2504 5630 2733 5686 NOTAE.

631 5788 744 5863 (QQ)
778 5788 884 5863 ξω
912 5786 1242 5863 ἀδείᾳ-ἰιίειη
1279 5785 1598 5863 r_t_iti._babe_t
1622 5783 1729 5840 ἀεί.
1770 5784 1993 5863 Possm;

2292 5786 2423 5857 (87')
2442 5787 2547 5843 Pro
2574 5787 2835 5859 ἁκηράτῳ
2856 5787 2997 5843 idem
3022 5787 3142 5842 cod.
3163 5786 3292 5858 legit
3319 5786 3555 5857 ἀκράτῳ.
3582 5785 3751 5840 Possnt.
3814 5850 3817 5863 1

636 5854 749 5931 (87)
786 5858 985 5917 Confer
1013 5854 1252 5914 Salvian.
1284 5857 1376 5913 lib.
1411 5855 1483 5909 De
1505 5855 1778 5927 gubernat.
1815 5855 1927 5910 Dei.
1959 5854 2118 5908 litT’l‘.
