  <div class='ocr_page' id='page_1' title='image "/cluster/home/n/w/nwhite01/storage/ocr_20150623/78/nnc1.0046980008/562.png"; bbox 0 0 3894 6412; ppageno 0'>
   <div class='ocr_carea' id='block_1_1' title="bbox 193 298 3457 379">
    <p class='ocr_par' dir='ltr' id='par_1_1' title="bbox 193 298 3457 379">
     <span class='ocr_line' id='line_1_1' title="bbox 193 298 3457 379; baseline 0.006 -19"><span class='ocrx_word' id='word_1_1' title='bbox 193 299 325 360; x_wconf 76' lang='lat'><strong>1013</strong></span> <span class='ocrx_word' id='word_1_2' title='bbox 1017 298 1546 359; x_wconf 69' lang='lat' dir='ltr'><strong>EPISTULARUM</strong></span> <span class='ocrx_word' id='word_1_3' title='bbox 1589 301 1733 361; x_wconf 74' lang='lat' dir='ltr'><strong>LIB.</strong></span> <span class='ocrx_word' id='word_1_4' title='bbox 1771 302 1886 362; x_wconf 89' lang='lat' dir='ltr'>III.</span> <span class='ocrx_word' id='word_1_5' title='bbox 1921 329 1989 339; x_wconf 92' lang='lat'>—</span> <span class='ocrx_word' id='word_1_6' title='bbox 2026 306 2263 369; x_wconf 85' lang='lat' dir='ltr'><strong>EPIST.</strong></span> <span class='ocrx_word' id='word_1_7' title='bbox 2305 308 2642 367; x_wconf 77' lang='lat' dir='ltr'><strong>CCCLVlII.</strong></span> <span class='ocrx_word' id='word_1_8' title='bbox 3308 309 3457 379; x_wconf 51' lang='grc'>1014⁷</span> 
     </span>
    </p>
   </div>
   <div class='ocr_carea' id='block_1_2' title="bbox 644 408 2182 482">
    <p class='ocr_par' dir='ltr' id='par_1_2' title="bbox 644 408 1838 482">
     <span class='ocr_line' id='line_1_2' title="bbox 644 408 1838 482; baseline 0.005 -23"><span class='ocrx_word' id='word_1_9' title='bbox 644 408 831 475; x_wconf 73' lang='grc' dir='ltr'><strong>τΝςῖν.</strong></span> <span class='ocrx_word' id='word_1_10' title='bbox 872 440 939 450; x_wconf 88' lang='grc'><strong>-</strong></span> <span class='ocrx_word' id='word_1_11' title='bbox 976 411 1061 482; x_wconf 74' lang='grc' dir='ltr'>τᾳ</span> <span class='ocrx_word' id='word_1_12' title='bbox 1104 413 1305 480; x_wconf 85' lang='grc' dir='ltr'>ΑΥΤῼ.</span> <span class='ocrx_word' id='word_1_13' title='bbox 1796 421 1838 477; x_wconf 63' lang='grc' dir='ltr'><strong>Α</strong></span> 
     </span>
    </p>
   </div>
   <div class='ocr_carea' id='block_1_3' title="bbox 1428 408 2966 482">
    <p class='ocr_par' dir='ltr' id='par_1_3' title="bbox 1796 419 2966 477">
     <span class='ocr_line' id='line_1_3' title="bbox 1796 419 2966 477; baseline -0.003 0"><span class='ocrx_word' id='word_1_14' title='bbox 1796 421 1838 477; x_wconf 70' lang='grc' dir='ltr'><strong>Α</strong></span> <span class='ocrx_word' id='word_1_15' title='bbox 2335 421 2600 477; x_wconf 77' lang='lat' dir='ltr'><strong>CCCLVI.</strong></span> <span class='ocrx_word' id='word_1_16' title='bbox 2636 451 2700 461; x_wconf 92' lang='lat'><strong><em>—</em></strong></span> <span class='ocrx_word' id='word_1_17' title='bbox 2738 419 2966 474; x_wconf 74' lang='lat' dir='ltr'><strong>EIDEM.</strong></span> 
     </span>
    </p>
   </div>
   <div class='ocr_carea' id='block_1_4' title="bbox 256 515 1794 599">
    <p class='ocr_par' dir='ltr' id='par_1_4' title="bbox 256 515 1759 587">
     <span class='ocr_line' id='line_1_4' title="bbox 256 515 1759 587; baseline 0.003 -19"><span class='ocrx_word' id='word_1_18' title='bbox 256 517 477 577; x_wconf 79' lang='grc' dir='ltr'>Ἔοικας</span> <span class='ocrx_word' id='word_1_19' title='bbox 513 516 573 569; x_wconf 81' lang='grc' dir='ltr'><strong>οὑ</strong></span> <span class='ocrx_word' id='word_1_20' title='bbox 613 518 840 586; x_wconf 76' lang='grc' dir='ltr'>συνορᾷν</span> <span class='ocrx_word' id='word_1_21' title='bbox 876 515 987 583; x_wconf 78' lang='grc'>(88)</span> <span class='ocrx_word' id='word_1_22' title='bbox 1030 516 1098 568; x_wconf 69' lang='grc' dir='ltr'><strong>τὰ</strong></span> <span class='ocrx_word' id='word_1_23' title='bbox 1128 517 1289 587; x_wconf 86' lang='grc' dir='ltr'>μέχρι</span> <span class='ocrx_word' id='word_1_24' title='bbox 1335 517 1428 571; x_wconf 80' lang='grc' dir='ltr'>νῦν</span> <span class='ocrx_word' id='word_1_25' title='bbox 1467 520 1759 587; x_wconf 81' lang='grc' dir='ltr'>γινόμενα,</span> 
     </span>
    </p>
   </div>
   <div class='ocr_carea' id='block_1_5' title="bbox 1900 515 3438 599">
    <p class='ocr_par' dir='ltr' id='par_1_5' title="bbox 1936 526 3438 599">
     <span class='ocr_line' id='line_1_5' title="bbox 1936 526 3438 599; baseline 0.002 -19"><span class='ocrx_word' id='word_1_26' title='bbox 1936 526 2148 584; x_wconf 81' lang='lat' dir='ltr'><strong>Videris</strong></span> <span class='ocrx_word' id='word_1_27' title='bbox 2182 543 2265 594; x_wconf 89' lang='lat' dir='ltr'><strong>ea,</strong></span> <span class='ocrx_word' id='word_1_28' title='bbox 2303 547 2421 598; x_wconf 64' lang='lat' dir='ltr'><strong>quae</strong></span> <span class='ocrx_word' id='word_1_29' title='bbox 2455 532 2520 584; x_wconf 90' lang='lat' dir='ltr'><strong>ad</strong></span> <span class='ocrx_word' id='word_1_30' title='bbox 2561 531 2661 584; x_wconf 89' lang='lat' dir='ltr'><strong>boc</strong></span> <span class='ocrx_word' id='word_1_31' title='bbox 2698 546 2867 598; x_wconf 90' lang='lat' dir='ltr'><strong>usque</strong></span> <span class='ocrx_word' id='word_1_32' title='bbox 2904 540 3113 599; x_wconf 88' lang='lat' dir='ltr'><strong>tempus</strong></span> <span class='ocrx_word' id='word_1_33' title='bbox 3150 530 3302 595; x_wconf 85' lang='lat' dir='ltr'><strong>iiunt,</strong></span> <span class='ocrx_word' id='word_1_34' title='bbox 3340 537 3438 586; x_wconf 83' lang='lat' dir='ltr'><strong>ini-</strong></span> 
     </span>
    </p>
   </div>
   <div class='ocr_carea' id='block_1_6' title="bbox 186 606 1724 688">
    <p class='ocr_par' dir='ltr' id='par_1_6' title="bbox 186 606 1724 681">
     <span class='ocr_line' id='line_1_6' title="bbox 186 606 1724 681; baseline 0.002 -21"><span class='ocrx_word' id='word_1_35' title='bbox 186 608 279 660; x_wconf 71' lang='grc' dir='ltr'><strong>καὶ</strong></span> <span class='ocrx_word' id='word_1_36' title='bbox 300 607 388 659; x_wconf 73' lang='grc' dir='ltr'><strong>διὰ</strong></span> <span class='ocrx_word' id='word_1_37' title='bbox 423 606 583 660; x_wconf 84' lang='grc' dir='ltr'>τοῦτο</span> <span class='ocrx_word' id='word_1_38' title='bbox 619 608 956 676; x_wconf 79' lang='grc' dir='ltr'><strong>γεγραφέναι</strong></span> <span class='ocrx_word' id='word_1_39' title='bbox 976 648 990 669; x_wconf 94' lang='grc'><strong>,</strong></span> <span class='ocrx_word' id='word_1_40' title='bbox 1018 608 1086 659; x_wconf 90' lang='grc' dir='ltr'>δι’</span> <span class='ocrx_word' id='word_1_41' title='bbox 1114 608 1180 679; x_wconf 79' lang='grc' dir='ltr'>ἣν</span> <span class='ocrx_word' id='word_1_42' title='bbox 1213 610 1391 663; x_wconf 77' lang='grc' dir='ltr'>αἰτίαν</span> <span class='ocrx_word' id='word_1_43' title='bbox 1420 611 1646 681; x_wconf 81' lang='grc' dir='ltr'><strong>Δαρείου</strong></span> <span class='ocrx_word' id='word_1_44' title='bbox 1670 629 1724 663; x_wconf 91' lang='grc' dir='ltr'><strong>το</strong></span> 
     </span>
    </p>
   </div>
   <div class='ocr_carea' id='block_1_7' title="bbox 1904 606 3442 688">
    <p class='ocr_par' dir='ltr' id='par_1_7' title="bbox 1904 618 3442 688">
     <span class='ocr_line' id='line_1_7' title="bbox 1904 618 3442 688; baseline 0.002 -17"><span class='ocrx_word' id='word_1_45' title='bbox 1904 618 2008 673; x_wconf 91' lang='lat' dir='ltr'><strong>ime</strong></span> <span class='ocrx_word' id='word_1_46' title='bbox 2041 629 2317 687; x_wconf 90' lang='lat' dir='ltr'><strong>perspecta</strong></span> <span class='ocrx_word' id='word_1_47' title='bbox 2354 620 2571 683; x_wconf 83' lang='lat' dir='ltr'><strong>habere,</strong></span> <span class='ocrx_word' id='word_1_48' title='bbox 2603 634 2663 673; x_wconf 90' lang='lat' dir='ltr'><strong>ac</strong></span> <span class='ocrx_word' id='word_1_49' title='bbox 2697 630 2981 688; x_wconf 75' lang='lat' dir='ltr'><strong>propterea</strong></span> <span class='ocrx_word' id='word_1_50' title='bbox 3015 635 3109 687; x_wconf 88' lang='lat' dir='ltr'><strong>per</strong></span> <span class='ocrx_word' id='word_1_51' title='bbox 3136 618 3346 673; x_wconf 76' lang='lat' dir='ltr'><strong>litteras</strong></span> <span class='ocrx_word' id='word_1_52' title='bbox 3376 637 3442 674; x_wconf 78' lang='lat' dir='ltr'><strong>ex</strong></span> 
     </span>
    </p>
   </div>
   <div class='ocr_carea' id='block_1_8' title="bbox 183 696 1721 780">
    <p class='ocr_par' dir='ltr' id='par_1_8' title="bbox 183 696 1721 772">
     <span class='ocr_line' id='line_1_8' title="bbox 183 696 1721 772; baseline 0 -19"><span class='ocrx_word' id='word_1_53' title='bbox 183 699 364 769; x_wconf 67' lang='grc' dir='ltr'>Μὴδου</span> <span class='ocrx_word' id='word_1_54' title='bbox 397 700 546 768; x_wconf 90' lang='grc' dir='ltr'>τρεῖς</span> <span class='ocrx_word' id='word_1_55' title='bbox 590 700 880 761; x_wconf 75' lang='grc' dir='ltr'>τακτικοὺς</span> <span class='ocrx_word' id='word_1_56' title='bbox 921 705 1400 770; x_wconf 76' lang='grc' dir='ltr'>χειροτονήσαντος</span> <span class='ocrx_word' id='word_1_57' title='bbox 1429 696 1538 772; x_wconf 81' lang='grc' dir='ltr'><strong>(ὧν</strong></span> <span class='ocrx_word' id='word_1_58' title='bbox 1575 698 1654 764; x_wconf 73' lang='grc' dir='ltr'>εἷς</span> 
     </span>
    </p>
   </div>
   <div class='ocr_carea' id='block_1_9' title="bbox 1904 696 3442 780">
    <p class='ocr_par' dir='ltr' id='par_1_9' title="bbox 1904 708 3442 780">
     <span class='ocr_line' id='line_1_9' title="bbox 1904 708 3442 780; baseline 0.001 -16"><span class='ocrx_word' id='word_1_59' title='bbox 1904 726 1950 764; x_wconf 84' lang='lat' dir='ltr'><strong>Ie</strong></span> <span class='ocrx_word' id='word_1_60' title='bbox 1970 712 2272 780; x_wconf 70' lang='lat' dir='ltr'><strong>quaesiissc,</strong></span> <span class='ocrx_word' id='word_1_61' title='bbox 2295 726 2581 780; x_wconf 89' lang='lat' dir='ltr'><strong>quamnam</strong></span> <span class='ocrx_word' id='word_1_62' title='bbox 2605 710 2674 764; x_wconf 92' lang='lat' dir='ltr'><strong>ob</strong></span> <span class='ocrx_word' id='word_1_63' title='bbox 2697 725 2937 773; x_wconf 87' lang='lat' dir='ltr'><strong>causam,</strong></span> <span class='ocrx_word' id='word_1_64' title='bbox 2965 725 3085 763; x_wconf 89' lang='lat' dir='ltr'><strong>cum</strong></span> <span class='ocrx_word' id='word_1_65' title='bbox 3115 708 3306 763; x_wconf 87' lang='lat' dir='ltr'><strong>Darius</strong></span> <span class='ocrx_word' id='word_1_66' title='bbox 3333 721 3442 765; x_wconf 82' lang='lat' dir='ltr'><strong>tres</strong></span> 
     </span>
    </p>
   </div>
   <div class='ocr_carea' id='block_1_10' title="bbox 185 787 1723 875">
    <p class='ocr_par' dir='ltr' id='par_1_10' title="bbox 185 787 1723 861">
     <span class='ocr_line' id='line_1_10' title="bbox 185 787 1723 861; baseline -0.001 -19"><span class='ocrx_word' id='word_1_67' title='bbox 185 790 276 843; x_wconf 74' lang='grc' dir='ltr'><strong>καὶ</strong></span> <span class='ocrx_word' id='word_1_68' title='bbox 295 791 322 841; x_wconf 85' lang='grc' dir='ltr'>ὁ</span> <span class='ocrx_word' id='word_1_69' title='bbox 343 787 738 857; x_wconf 75' lang='grc' dir='ltr'>Δανιὴλ).ὦστε</span> <span class='ocrx_word' id='word_1_70' title='bbox 760 788 946 858; x_wconf 81' lang='grc' dir='ltr'>ἄρχειν</span> <span class='ocrx_word' id='word_1_71' title='bbox 971 788 1078 841; x_wconf 87' lang='grc' dir='ltr'><strong>τῶν</strong></span> <span class='ocrx_word' id='word_1_72' title='bbox 1106 790 1589 860; x_wconf 83' lang='grc' dir='ltr'>χειροτονηθέντων</span> <span class='ocrx_word' id='word_1_73' title='bbox 1613 808 1723 861; x_wconf 84' lang='grc' dir='ltr'><strong>παρ</strong></span> 
     </span>
    </p>
   </div>
   <div class='ocr_carea' id='block_1_11' title="bbox 1907 787 3445 875">
    <p class='ocr_par' dir='ltr' id='par_1_11' title="bbox 1907 802 3445 875">
     <span class='ocr_line' id='line_1_11' title="bbox 1907 802 3445 875; baseline -0.001 -16"><span class='ocrx_word' id='word_1_74' title='bbox 1907 820 2029 859; x_wconf 90' lang='lat' dir='ltr'><strong>uces</strong></span> <span class='ocrx_word' id='word_1_75' title='bbox 2067 806 2392 860; x_wconf 88' lang='lat' dir='ltr'><strong>instituisset</strong></span> <span class='ocrx_word' id='word_1_76' title='bbox 2424 802 2589 875; x_wconf 90' lang='lat' dir='ltr'><strong>(inter</strong></span> <span class='ocrx_word' id='word_1_77' title='bbox 2620 819 2755 873; x_wconf 91' lang='lat' dir='ltr'><strong>quos</strong></span> <span class='ocrx_word' id='word_1_78' title='bbox 2790 808 2953 856; x_wconf 81' lang='lat' dir='ltr'><strong>etiam</strong></span> <span class='ocrx_word' id='word_1_79' title='bbox 2992 803 3173 857; x_wconf 85' lang='lat' dir='ltr'><strong>Daniel</strong></span> <span class='ocrx_word' id='word_1_80' title='bbox 3210 804 3445 870; x_wconf 86' lang='lat' dir='ltr'><strong>erat),ut</strong></span> 
     </span>
    </p>
   </div>
   <div class='ocr_carea' id='block_1_12' title="bbox 186 880 1724 962">
    <p class='ocr_par' dir='ltr' id='par_1_12' title="bbox 186 880 1724 952">
     <span class='ocr_line' id='line_1_12' title="bbox 186 880 1724 952; baseline -0.001 -16"><span class='ocrx_word' id='word_1_81' title='bbox 186 880 346 936; x_wconf 72' lang='grc' dir='ltr'>αὑτοῦ</span> <span class='ocrx_word' id='word_1_82' title='bbox 392 881 588 932; x_wconf 76' lang='grc' dir='ltr'>ἑκατὸν</span> <span class='ocrx_word' id='word_1_83' title='bbox 626 880 833 933; x_wconf 88' lang='grc' dir='ltr'>εῖκοσιν</span> <span class='ocrx_word' id='word_1_84' title='bbox 861 880 1156 951; x_wconf 86' lang='grc' dir='ltr'>ἀρχόντων,</span> <span class='ocrx_word' id='word_1_85' title='bbox 1204 883 1571 952; x_wconf 86' lang='grc' dir='ltr'>συγκρίνουσα</span> <span class='ocrx_word' id='word_1_86' title='bbox 1602 883 1724 934; x_wconf 71' lang='grc' dir='ltr'>αὑτζ</span> 
     </span>
    </p>
   </div>
   <div class='ocr_carea' id='block_1_13' title="bbox 1916 880 3454 962">
    <p class='ocr_par' dir='ltr' id='par_1_13' title="bbox 1916 890 3447 962">
     <span class='ocr_line' id='line_1_13' title="bbox 1916 890 3447 962; baseline 0.002 -18"><span class='ocrx_word' id='word_1_87' title='bbox 1916 900 2080 945; x_wconf 66' lang='lat' dir='ltr'><strong>intum</strong></span> <span class='ocrx_word' id='word_1_88' title='bbox 2116 900 2170 944; x_wconf 88' lang='lat' dir='ltr'><strong>et</strong></span> <span class='ocrx_word' id='word_1_89' title='bbox 2199 893 2386 961; x_wconf 77' lang='lat' dir='ltr'><strong>viginti</strong></span> <span class='ocrx_word' id='word_1_90' title='bbox 2423 892 2690 961; x_wconf 81' lang='lat' dir='ltr'><strong>praefectis</strong></span> <span class='ocrx_word' id='word_1_91' title='bbox 2721 890 2788 943; x_wconf 91' lang='lat' dir='ltr'><strong>ab</strong></span> <span class='ocrx_word' id='word_1_92' title='bbox 2818 905 2883 944; x_wconf 91' lang='lat' dir='ltr'><strong>eo</strong></span> <span class='ocrx_word' id='word_1_93' title='bbox 2917 891 3212 962; x_wconf 78' lang='lat' dir='ltr'><strong>designatis</strong></span> <span class='ocrx_word' id='word_1_94' title='bbox 3246 907 3447 961; x_wconf 68' lang='lat' dir='ltr'><strong>praees-</strong></span> 
     </span>
    </p>
   </div>
   <div class='ocr_carea' id='block_1_14' title="bbox 185 967 1723 1053">
    <p class='ocr_par' dir='ltr' id='par_1_14' title="bbox 185 967 1723 1041">
     <span class='ocr_line' id='line_1_14' title="bbox 185 967 1723 1041; baseline 0.004 -22"><span class='ocrx_word' id='word_1_95' title='bbox 185 971 218 1038; x_wconf 82' lang='grc' dir='ltr'><strong>ή</strong></span> <span class='ocrx_word' id='word_1_96' title='bbox 249 968 441 1038; x_wconf 80' lang='grc' dir='ltr'>Γραφὴ</span> <span class='ocrx_word' id='word_1_97' title='bbox 465 1009 481 1033; x_wconf 90' lang='grc'><strong>,</strong></span> <span class='ocrx_word' id='word_1_98' title='bbox 516 967 637 1020; x_wconf 86' lang='grc' dir='ltr'>δέον</span> <span class='ocrx_word' id='word_1_99' title='bbox 666 971 781 1032; x_wconf 83' lang='grc' dir='ltr'>τοῖς</span> <span class='ocrx_word' id='word_1_100' title='bbox 810 969 946 1032; x_wconf 83' lang='grc' dir='ltr'>ῖσοις</span> <span class='ocrx_word' id='word_1_101' title='bbox 982 970 1140 1039; x_wconf 86' lang='grc' dir='ltr'>μόνον</span> <span class='ocrx_word' id='word_1_102' title='bbox 1166 974 1473 1041; x_wconf 83' lang='grc' dir='ltr'>συγκρῖναι,</span> <span class='ocrx_word' id='word_1_103' title='bbox 1516 973 1612 1024; x_wconf 70' lang='grc' dir='ltr'><strong>καὶ</strong></span> <span class='ocrx_word' id='word_1_104' title='bbox 1650 976 1723 1024; x_wconf 82' lang='grc' dir='ltr'>τοῑ</span> 
     </span>
    </p>
   </div>
   <div class='ocr_carea' id='block_1_15' title="bbox 1902 967 3440 1053">
    <p class='ocr_par' dir='ltr' id='par_1_15' title="bbox 1902 981 3440 1053">
     <span class='ocr_line' id='line_1_15' title="bbox 1902 981 3440 1053; baseline 0.003 -20"><span class='ocrx_word' id='word_1_105' title='bbox 1902 990 2006 1043; x_wconf 77' lang='lat' dir='ltr'><strong>ent,</strong></span> <span class='ocrx_word' id='word_1_106' title='bbox 2034 981 2311 1048; x_wconf 80' lang='lat' dir='ltr'><strong>Scriptura</strong></span> <span class='ocrx_word' id='word_1_107' title='bbox 2339 997 2461 1035; x_wconf 91' lang='lat' dir='ltr'><strong>eum</strong></span> <span class='ocrx_word' id='word_1_108' title='bbox 2489 996 2831 1049; x_wconf 87' lang='lat' dir='ltr'><strong>comparans,</strong></span> <span class='ocrx_word' id='word_1_109' title='bbox 2858 996 2955 1050; x_wconf 91' lang='lat' dir='ltr'><strong>pro</strong></span> <span class='ocrx_word' id='word_1_110' title='bbox 2982 996 3045 1037; x_wconf 91' lang='lat' dir='ltr'><strong>eo</strong></span> <span class='ocrx_word' id='word_1_111' title='bbox 3073 993 3237 1052; x_wconf 87' lang='lat' dir='ltr'><strong>atque</strong></span> <span class='ocrx_word' id='word_1_112' title='bbox 3264 985 3440 1053; x_wconf 90' lang='lat' dir='ltr'><strong>ipsum</strong></span> 
     </span>
    </p>
   </div>
   <div class='ocr_carea' id='block_1_16' title="bbox 185 1064 1723 1141">
    <p class='ocr_par' dir='ltr' id='par_1_16' title="bbox 185 1064 1723 1136">
     <span class='ocr_line' id='line_1_16' title="bbox 185 1064 1723 1136; baseline 0.002 -21"><span class='ocrx_word' id='word_1_113' title='bbox 185 1064 363 1133; x_wconf 67' lang='grc' dir='ltr'>’πολλῷ</span> <span class='ocrx_word' id='word_1_114' title='bbox 396 1064 511 1134; x_wconf 86' lang='grc'><strong>(88)</strong></span> <span class='ocrx_word' id='word_1_115' title='bbox 554 1064 969 1135; x_wconf 82' lang='grc' dir='ltr'>ὑποδεεστέροις</span> <span class='ocrx_word' id='word_1_116' title='bbox 1000 1065 1333 1134; x_wconf 84' lang='grc' dir='ltr'>συνέκρινεν.</span> <span class='ocrx_word' id='word_1_117' title='bbox 1385 1068 1581 1136; x_wconf 85' lang='grc' dir='ltr'>Ἤρκει</span> <span class='ocrx_word' id='word_1_118' title='bbox 1616 1067 1723 1135; x_wconf 79' lang='grc' dir='ltr'>γὰρ</span> 
     </span>
    </p>
   </div>
   <div class='ocr_carea' id='block_1_17' title="bbox 1904 1064 3442 1141">
    <p class='ocr_par' dir='ltr' id='par_1_17' title="bbox 1904 1071 3442 1141">
     <span class='ocr_line' id='line_1_17' title="bbox 1904 1071 3442 1141; baseline 0.004 -19"><span class='ocrx_word' id='word_1_119' title='bbox 1904 1071 2160 1139; x_wconf 71' lang='lat' dir='ltr'><strong>rqualibus</strong></span> <span class='ocrx_word' id='word_1_120' title='bbox 2178 1073 2436 1125; x_wconf 81' lang='lat' dir='ltr'><strong>duntaxat</strong></span> <span class='ocrx_word' id='word_1_121' title='bbox 2455 1072 2687 1125; x_wconf 77' lang='lat' dir='ltr'><strong>conferri</strong></span> <span class='ocrx_word' id='word_1_122' title='bbox 2706 1073 3011 1141; x_wconf 92' lang='lat' dir='ltr'><strong>oportebat,</strong></span> <span class='ocrx_word' id='word_1_123' title='bbox 3028 1089 3147 1127; x_wconf 92' lang='lat' dir='ltr'><strong>cum</strong></span> <span class='ocrx_word' id='word_1_124' title='bbox 3170 1075 3237 1127; x_wconf 89' lang='lat' dir='ltr'><strong>iis</strong></span> <span class='ocrx_word' id='word_1_125' title='bbox 3256 1078 3442 1136; x_wconf 88' lang='lat' dir='ltr'><strong>etiam,</strong></span> 
     </span>
    </p>
   </div>
   <div class='ocr_carea' id='block_1_18' title="bbox 187 1154 1725 1231">
    <p class='ocr_par' dir='ltr' id='par_1_18' title="bbox 187 1154 1725 1227">
     <span class='ocr_line' id='line_1_18' title="bbox 187 1154 1725 1227; baseline 0.003 -21"><span class='ocrx_word' id='word_1_126' title='bbox 187 1154 319 1225; x_wconf 75' lang='grc' dir='ltr'>ἔφης</span> <span class='ocrx_word' id='word_1_127' title='bbox 338 1197 354 1219; x_wconf 91' lang='grc'><strong>,</strong></span> <span class='ocrx_word' id='word_1_128' title='bbox 385 1158 416 1226; x_wconf 82' lang='grc' dir='ltr'>ἡ</span> <span class='ocrx_word' id='word_1_129' title='bbox 439 1154 551 1209; x_wconf 87' lang='grc' dir='ltr'><strong>τῶν</strong></span> <span class='ocrx_word' id='word_1_130' title='bbox 577 1156 1028 1224; x_wconf 83' lang='grc' dir='ltr'>συντεταγμένων</span> <span class='ocrx_word' id='word_1_131' title='bbox 1062 1156 1303 1225; x_wconf 84' lang='grc' dir='ltr'>ὑπεροχὴ</span> <span class='ocrx_word' id='word_1_132' title='bbox 1323 1195 1339 1219; x_wconf 90' lang='grc'><strong>,</strong></span> <span class='ocrx_word' id='word_1_133' title='bbox 1372 1160 1466 1210; x_wconf 69' lang='grc' dir='ltr'><strong>καὶ</strong></span> <span class='ocrx_word' id='word_1_134' title='bbox 1494 1157 1593 1227; x_wconf 84' lang='grc' dir='ltr'>τὴν</span> <span class='ocrx_word' id='word_1_135' title='bbox 1624 1175 1725 1210; x_wconf 85' lang='grc' dir='ltr'><strong>κατ</strong></span> 
     </span>
    </p>
   </div>
   <div class='ocr_carea' id='block_1_19' title="bbox 1903 1154 3441 1231">
    <p class='ocr_par' dir='ltr' id='par_1_19' title="bbox 1906 1163 3441 1230">
     <span class='ocr_line' id='line_1_19' title="bbox 1906 1163 3441 1230; baseline 0.001 -15"><span class='ocrx_word' id='word_1_136' title='bbox 1906 1164 1955 1215; x_wconf 90' lang='lat' dir='ltr'><strong>ui</strong></span> <span class='ocrx_word' id='word_1_137' title='bbox 1978 1163 2144 1216; x_wconf 86' lang='lat' dir='ltr'><strong>multo</strong></span> <span class='ocrx_word' id='word_1_138' title='bbox 2163 1163 2442 1216; x_wconf 81' lang='lat' dir='ltr'><strong>inferiores</strong></span> <span class='ocrx_word' id='word_1_139' title='bbox 2458 1174 2633 1226; x_wconf 87' lang='lat' dir='ltr'><strong>erant,</strong></span> <span class='ocrx_word' id='word_1_140' title='bbox 2648 1164 3019 1230; x_wconf 85' lang='lat' dir='ltr'><strong>comparabat.</strong></span> <span class='ocrx_word' id='word_1_141' title='bbox 3036 1164 3262 1218; x_wconf 86' lang='lat' dir='ltr'><strong>Abunde</strong></span> <span class='ocrx_word' id='word_1_142' title='bbox 3275 1166 3441 1229; x_wconf 88' lang='lat' dir='ltr'><strong>enim,</strong></span> 
     </span>
    </p>
   </div>
   <div class='ocr_carea' id='block_1_20' title="bbox 185 1246 1723 1325">
    <p class='ocr_par' dir='ltr' id='par_1_20' title="bbox 185 1246 1718 1319">
     <span class='ocr_line' id='line_1_20' title="bbox 185 1246 1718 1319; baseline 0.001 -20"><span class='ocrx_word' id='word_1_143' title='bbox 185 1246 293 1299; x_wconf 87' lang='grc' dir='ltr'><strong>τῶν</strong></span> <span class='ocrx_word' id='word_1_144' title='bbox 331 1246 789 1317; x_wconf 82' lang='grc' dir='ltr'>ὑποτεταγμένων</span> <span class='ocrx_word' id='word_1_145' title='bbox 816 1247 970 1314; x_wconf 88' lang='grc' dir='ltr'>νίκην</span> <span class='ocrx_word' id='word_1_146' title='bbox 999 1247 1354 1313; x_wconf 80' lang='grc' dir='ltr'>ἐνδείξασθαι.</span> <span class='ocrx_word' id='word_1_147' title='bbox 1383 1249 1498 1302; x_wconf 78' lang='grc' dir='ltr'><strong>Νῦν</strong></span> <span class='ocrx_word' id='word_1_148' title='bbox 1519 1250 1575 1301; x_wconf 86' lang='grc' dir='ltr'><strong>δέ</strong></span> <span class='ocrx_word' id='word_1_149' title='bbox 1607 1266 1718 1319; x_wconf 83' lang='grc' dir='ltr'><strong>φησ</strong></span> 
     </span>
    </p>
   </div>
   <div class='ocr_carea' id='block_1_21' title="bbox 1905 1246 3443 1325">
    <p class='ocr_par' dir='ltr' id='par_1_21' title="bbox 1908 1255 3443 1325">
     <span class='ocr_line' id='line_1_21' title="bbox 1908 1255 3443 1325; baseline 0.003 -18"><span class='ocrx_word' id='word_1_150' title='bbox 1908 1256 2081 1322; x_wconf 83' lang='lat' dir='ltr'><strong>iquis,</strong></span> <span class='ocrx_word' id='word_1_151' title='bbox 2116 1263 2235 1309; x_wconf 87' lang='lat' dir='ltr'><strong>erat</strong></span> <span class='ocrx_word' id='word_1_152' title='bbox 2272 1255 2598 1323; x_wconf 80' lang='lat' dir='ltr'><strong>collegarum</strong></span> <span class='ocrx_word' id='word_1_153' title='bbox 2634 1256 2994 1325; x_wconf 66' lang='lat' dir='ltr'><strong>praecellentia</strong></span> <span class='ocrx_word' id='word_1_154' title='bbox 3030 1257 3096 1310; x_wconf 90' lang='lat' dir='ltr'><strong>ad</strong></span> <span class='ocrx_word' id='word_1_155' title='bbox 3131 1257 3261 1310; x_wconf 90' lang='lat' dir='ltr'><strong>illud</strong></span> <span class='ocrx_word' id='word_1_156' title='bbox 3297 1258 3443 1311; x_wconf 90' lang='lat' dir='ltr'><strong>indi--</strong></span> 
     </span>
    </p>
   </div>
   <div class='ocr_carea' id='block_1_22' title="bbox 191 1333 1729 1416">
    <p class='ocr_par' dir='ltr' id='par_1_22' title="bbox 191 1333 1729 1409">
     <span class='ocr_line' id='line_1_22' title="bbox 191 1333 1729 1409; baseline 0.004 -22"><span class='ocrx_word' id='word_1_157' title='bbox 191 1356 211 1387; x_wconf 72' lang='grc' dir='ltr'><strong>ι</strong></span> <span class='ocrx_word' id='word_1_158' title='bbox 247 1339 353 1390; x_wconf 73' lang='grc' dir='ltr'><strong>Καὶ</strong></span> <span class='ocrx_word' id='word_1_159' title='bbox 388 1333 456 1408; x_wconf 78' lang='grc' dir='ltr'>ἦν</span> <span class='ocrx_word' id='word_1_160' title='bbox 489 1338 689 1409; x_wconf 78' lang='grc' dir='ltr'>Δανιὴλ</span> <span class='ocrx_word' id='word_1_161' title='bbox 732 1338 870 1409; x_wconf 79' lang='grc' dir='ltr'>ὑπὲρ</span> <span class='ocrx_word' id='word_1_162' title='bbox 901 1340 1029 1401; x_wconf 83' lang='grc' dir='ltr'>τοὺς</span> <span class='ocrx_word' id='word_1_163' title='bbox 1053 1342 1350 1403; x_wconf 81' lang='grc' dir='ltr'>τακτικοὺς</span> <span class='ocrx_word' id='word_1_164' title='bbox 1378 1340 1473 1393; x_wconf 75' lang='grc' dir='ltr'><strong>καὶ</strong></span> <span class='ocrx_word' id='word_1_165' title='bbox 1510 1342 1635 1403; x_wconf 84' lang='grc' dir='ltr'>τοὺς</span> <span class='ocrx_word' id='word_1_166' title='bbox 1668 1358 1729 1393; x_wconf 90' lang='grc' dir='ltr'><strong>σα</strong></span> 
     </span>
    </p>
   </div>
   <div class='ocr_carea' id='block_1_23' title="bbox 1906 1333 3444 1416">
    <p class='ocr_par' dir='ltr' id='par_1_23' title="bbox 1906 1346 3444 1416">
     <span class='ocr_line' id='line_1_23' title="bbox 1906 1346 3444 1416; baseline 0.003 -18"><span class='ocrx_word' id='word_1_167' title='bbox 1906 1346 2122 1410; x_wconf 86' lang='lat' dir='ltr'><strong>andum,</strong></span> <span class='ocrx_word' id='word_1_168' title='bbox 2166 1360 2287 1399; x_wconf 90' lang='lat' dir='ltr'><strong>eum</strong></span> <span class='ocrx_word' id='word_1_169' title='bbox 2360 1348 2618 1401; x_wconf 89' lang='lat' dir='ltr'><strong>adversus</strong></span> <span class='ocrx_word' id='word_1_170' title='bbox 2662 1347 2942 1402; x_wconf 78' lang='lat' dir='ltr'><strong>inferiores</strong></span> <span class='ocrx_word' id='word_1_171' title='bbox 2988 1362 3204 1416; x_wconf 89' lang='lat' dir='ltr'><strong>quoque</strong></span> <span class='ocrx_word' id='word_1_172' title='bbox 3274 1348 3444 1402; x_wconf 88' lang='lat' dir='ltr'><strong>victo-</strong></span> 
     </span>
    </p>
   </div>
   <div class='ocr_carea' id='block_1_24' title="bbox 186 1430 1724 1505">
    <p class='ocr_par' dir='ltr' id='par_1_24' title="bbox 186 1430 1724 1505">
     <span class='ocr_line' id='line_1_24' title="bbox 186 1430 1724 1505; baseline 0.005 -24"><span class='ocrx_word' id='word_1_173' title='bbox 186 1430 418 1500; x_wconf 80' lang='grc' dir='ltr'>τράπας·</span> <span class='ocrx_word' id='word_1_174' title='bbox 449 1430 596 1484; x_wconf 73' lang='grc' dir='ltr'>τοῦτ’</span> <span class='ocrx_word' id='word_1_175' title='bbox 626 1431 766 1497; x_wconf 80' lang='grc' dir='ltr'>ἐστι,</span> <span class='ocrx_word' id='word_1_176' title='bbox 803 1433 1108 1505; x_wconf 77' lang='grc' dir='ltr'>σοφώτερος</span> <span class='ocrx_word' id='word_1_177' title='bbox 1139 1434 1458 1504; x_wconf 77' lang='grc' dir='ltr'>ἀπεδείχθη,</span> <span class='ocrx_word' id='word_1_178' title='bbox 1500 1437 1593 1487; x_wconf 59' lang='grc' dir='ltr'><strong>και)⁹</strong></span> <span class='ocrx_word' id='word_1_179' title='bbox 1622 1454 1724 1489; x_wconf 87' lang='grc' dir='ltr'><strong>κατ</strong></span> 
     </span>
    </p>
   </div>
   <div class='ocr_carea' id='block_1_25' title="bbox 1906 1430 3444 1505">
    <p class='ocr_par' dir='ltr' id='par_1_25' title="bbox 1906 1436 3444 1494">
     <span class='ocr_line' id='line_1_25' title="bbox 1906 1436 3444 1494; baseline 0.001 -3"><span class='ocrx_word' id='word_1_180' title='bbox 1906 1440 2004 1491; x_wconf 85' lang='lat' dir='ltr'><strong>iam</strong></span> <span class='ocrx_word' id='word_1_181' title='bbox 2060 1438 2377 1494; x_wconf 85' lang='lat' dir='ltr'><strong>obtinuisse.</strong></span> <span class='ocrx_word' id='word_1_182' title='bbox 2405 1436 2558 1491; x_wconf 82' lang='lat' dir='ltr'><strong>Nunc</strong></span> <span class='ocrx_word' id='word_1_183' title='bbox 2586 1447 2766 1493; x_wconf 88' lang='lat' dir='ltr'><strong>autem</strong></span> <span class='ocrx_word' id='word_1_184' title='bbox 2796 1439 2870 1492; x_wconf 87' lang='lat' dir='ltr'><strong>ait</strong></span> <span class='ocrx_word' id='word_1_185' title='bbox 2902 1457 2914 1494; x_wconf 91' lang='lat'><strong>:</strong></span> <span class='ocrx_word' id='word_1_186' title='bbox 2949 1457 2967 1490; x_wconf 75' lang='grc' dir='ltr'><strong>ι</strong></span> <span class='ocrx_word' id='word_1_187' title='bbox 3004 1439 3071 1492; x_wconf 82' lang='grc' dir='ltr'>Ει</span> <span class='ocrx_word' id='word_1_188' title='bbox 3099 1448 3217 1492; x_wconf 91' lang='lat' dir='ltr'><strong>erat</strong></span> <span class='ocrx_word' id='word_1_189' title='bbox 3255 1438 3444 1493; x_wconf 86' lang='lat' dir='ltr'><strong>Daniel</strong></span> 
     </span>
    </p>
   </div>
   <div class='ocr_carea' id='block_1_26' title="bbox 187 1520 1725 1597">
    <p class='ocr_par' dir='ltr' id='par_1_26' title="bbox 187 1520 1725 1595">
     <span class='ocr_line' id='line_1_26' title="bbox 187 1520 1725 1595; baseline 0.005 -25"><span class='ocrx_word' id='word_1_190' title='bbox 187 1520 282 1589; x_wconf 85' lang='grc' dir='ltr'>τὴν</span> <span class='ocrx_word' id='word_1_191' title='bbox 306 1520 575 1590; x_wconf 80' lang='grc' dir='ltr'>διοίκησιν</span> <span class='ocrx_word' id='word_1_192' title='bbox 600 1524 1054 1595; x_wconf 80' lang='grc' dir='ltr'>ἐπιτηδειότερος,</span> <span class='ocrx_word' id='word_1_193' title='bbox 1084 1525 1145 1577; x_wconf 86' lang='grc' dir='ltr'><strong>οὑ</strong></span> <span class='ocrx_word' id='word_1_194' title='bbox 1174 1524 1331 1593; x_wconf 89' lang='grc' dir='ltr'>μόνον</span> <span class='ocrx_word' id='word_1_195' title='bbox 1356 1526 1461 1577; x_wconf 91' lang='grc' dir='ltr'><strong>τῶν</strong></span> <span class='ocrx_word' id='word_1_196' title='bbox 1491 1526 1635 1578; x_wconf 82' lang='grc' dir='ltr'>δυοῖν</span> <span class='ocrx_word' id='word_1_197' title='bbox 1659 1526 1725 1579; x_wconf 82' lang='grc' dir='ltr'>τιῖ</span> 
     </span>
    </p>
   </div>
   <div class='ocr_carea' id='block_1_27' title="bbox 1904 1520 3442 1597">
    <p class='ocr_par' dir='ltr' id='par_1_27' title="bbox 1904 1528 3442 1597">
     <span class='ocr_line' id='line_1_27' title="bbox 1904 1528 3442 1597; baseline 0.001 -17"><span class='ocrx_word' id='word_1_198' title='bbox 1904 1544 2033 1596; x_wconf 89' lang='lat' dir='ltr'><strong>nper</strong></span> <span class='ocrx_word' id='word_1_199' title='bbox 2065 1528 2229 1583; x_wconf 90' lang='lat' dir='ltr'><strong>duces</strong></span> <span class='ocrx_word' id='word_1_200' title='bbox 2261 1537 2315 1581; x_wconf 89' lang='lat' dir='ltr'><strong>et</strong></span> <span class='ocrx_word' id='word_1_201' title='bbox 2346 1539 2596 1597; x_wconf 85' lang='lat' dir='ltr'><strong>satrapas</strong></span> <span class='ocrx_word' id='word_1_202' title='bbox 2617 1531 2722 1593; x_wconf 66' lang='lat'><strong>“,0</strong></span> <span class='ocrx_word' id='word_1_203' title='bbox 2747 1533 2966 1594; x_wconf 89' lang='lat' dir='ltr'><strong>hocest,</strong></span> <span class='ocrx_word' id='word_1_204' title='bbox 3005 1529 3319 1597; x_wconf 83' lang='lat' dir='ltr'><strong>sapientior,</strong></span> <span class='ocrx_word' id='word_1_205' title='bbox 3357 1542 3442 1582; x_wconf 89' lang='lat' dir='ltr'><strong>at-</strong></span> 
     </span>
    </p>
   </div>
   <div class='ocr_carea' id='block_1_28' title="bbox 187 1611 1725 1687">
    <p class='ocr_par' dir='ltr' id='par_1_28' title="bbox 187 1611 1725 1685">
     <span class='ocr_line' id='line_1_28' title="bbox 187 1611 1725 1685; baseline 0.005 -23"><span class='ocrx_word' id='word_1_206' title='bbox 187 1611 407 1680; x_wconf 75' lang='grc' dir='ltr'>ὲξὸχων,</span> <span class='ocrx_word' id='word_1_207' title='bbox 442 1612 580 1665; x_wconf 71' lang='grc' dir='ltr'>ἀλλὰ</span> <span class='ocrx_word' id='word_1_208' title='bbox 619 1614 848 1666; x_wconf 77' lang='grc' dir='ltr'>καὶτῶν</span> <span class='ocrx_word' id='word_1_209' title='bbox 882 1616 997 1685; x_wconf 82' lang='grc' dir='ltr'>μετ’</span> <span class='ocrx_word' id='word_1_210' title='bbox 1029 1614 1248 1676; x_wconf 82' lang='grc' dir='ltr'>αὑτούς.</span> <span class='ocrx_word' id='word_1_211' title='bbox 1291 1616 1356 1667; x_wconf 82' lang='grc' dir='ltr'><strong>Ἦ</strong></span> <span class='ocrx_word' id='word_1_212' title='bbox 1389 1617 1446 1668; x_wconf 79' lang='grc' dir='ltr'>δὲ</span> <span class='ocrx_word' id='word_1_213' title='bbox 1488 1616 1645 1679; x_wconf 78' lang='grc' dir='ltr'>λύσις</span> <span class='ocrx_word' id='word_1_214' title='bbox 1673 1635 1725 1670; x_wconf 86' lang='grc' dir='ltr'><strong>το</strong></span> 
     </span>
    </p>
   </div>
   <div class='ocr_carea' id='block_1_29' title="bbox 1908 1611 3446 1687">
    <p class='ocr_par' dir='ltr' id='par_1_29' title="bbox 1909 1618 3446 1685">
     <span class='ocr_line' id='line_1_29' title="bbox 1909 1618 3446 1685; baseline -0.001 -13"><span class='ocrx_word' id='word_1_215' title='bbox 1909 1634 1972 1671; x_wconf 88' lang='lat' dir='ltr'><strong>ue</strong></span> <span class='ocrx_word' id='word_1_216' title='bbox 2003 1619 2069 1672; x_wconf 91' lang='lat' dir='ltr'><strong>ad</strong></span> <span class='ocrx_word' id='word_1_217' title='bbox 2098 1634 2279 1671; x_wconf 89' lang='lat' dir='ltr'><strong>rerum</strong></span> <span class='ocrx_word' id='word_1_218' title='bbox 2311 1618 2833 1671; x_wconf 85' lang='lat' dir='ltr'><strong>administrationem</strong></span> <span class='ocrx_word' id='word_1_219' title='bbox 2865 1618 3042 1685; x_wconf 89' lang='lat' dir='ltr'><strong>aptior</strong></span> <span class='ocrx_word' id='word_1_220' title='bbox 3068 1632 3189 1672; x_wconf 87' lang='lat' dir='ltr'><strong>esse</strong></span> <span class='ocrx_word' id='word_1_221' title='bbox 3223 1618 3446 1671; x_wconf 85' lang='lat' dir='ltr'><strong>demon-</strong></span> 
     </span>
    </p>
   </div>
   <div class='ocr_carea' id='block_1_30' title="bbox 192 1701 1730 1777">
    <p class='ocr_par' dir='ltr' id='par_1_30' title="bbox 192 1701 1730 1777">
     <span class='ocr_line' id='line_1_30' title="bbox 192 1701 1730 1777; baseline 0.003 -23"><span class='ocrx_word' id='word_1_222' title='bbox 192 1701 523 1771; x_wconf 73' lang='grc' dir='ltr'>ζητουμένου</span> <span class='ocrx_word' id='word_1_223' title='bbox 568 1704 728 1773; x_wconf 80' lang='grc' dir='ltr'>αὕτη.</span> <span class='ocrx_word' id='word_1_224' title='bbox 775 1707 990 1777; x_wconf 79' lang='grc' dir='ltr'>Ἐπειδὴ</span> <span class='ocrx_word' id='word_1_225' title='bbox 1037 1708 1310 1777; x_wconf 72' lang='grc' dir='ltr'>ἐνεδέχετο</span> <span class='ocrx_word' id='word_1_226' title='bbox 1334 1708 1430 1776; x_wconf 85' lang='grc' dir='ltr'><strong>τὴν</strong></span> <span class='ocrx_word' id='word_1_227' title='bbox 1468 1707 1562 1759; x_wconf 75' lang='grc' dir='ltr'>τοῦ</span> <span class='ocrx_word' id='word_1_228' title='bbox 1612 1707 1730 1777; x_wconf 85' lang='grc' dir='ltr'>βασι</span> 
     </span>
    </p>
   </div>
   <div class='ocr_carea' id='block_1_31' title="bbox 1908 1701 3446 1777">
    <p class='ocr_par' dir='ltr' id='par_1_31' title="bbox 1908 1707 3446 1775">
     <span class='ocr_line' id='line_1_31' title="bbox 1908 1707 3446 1775; baseline -0.004 -12"><span class='ocrx_word' id='word_1_229' title='bbox 1908 1719 2073 1764; x_wconf 89' lang='lat' dir='ltr'><strong>tratus</strong></span> <span class='ocrx_word' id='word_1_230' title='bbox 2108 1719 2220 1775; x_wconf 91' lang='lat' dir='ltr'><strong>est,</strong></span> <span class='ocrx_word' id='word_1_231' title='bbox 2260 1725 2364 1763; x_wconf 90' lang='lat' dir='ltr'><strong>non</strong></span> <span class='ocrx_word' id='word_1_232' title='bbox 2404 1709 2563 1762; x_wconf 90' lang='lat' dir='ltr'><strong>modo</strong></span> <span class='ocrx_word' id='word_1_233' title='bbox 2600 1708 2811 1762; x_wconf 91' lang='lat' dir='ltr'><strong>duobus</strong></span> <span class='ocrx_word' id='word_1_234' title='bbox 2844 1708 2954 1762; x_wconf 88' lang='lat' dir='ltr'><strong>illis</strong></span> <span class='ocrx_word' id='word_1_235' title='bbox 2990 1708 3204 1762; x_wconf 80' lang='lat' dir='ltr'><strong>eximiis</strong></span> <span class='ocrx_word' id='word_1_236' title='bbox 3240 1722 3304 1760; x_wconf 90' lang='lat' dir='ltr'><strong>ac</strong></span> <span class='ocrx_word' id='word_1_237' title='bbox 3338 1707 3446 1772; x_wconf 92' lang='lat' dir='ltr'><strong>pri-</strong></span> 
     </span>
    </p>
   </div>
   <div class='ocr_carea' id='block_1_32' title="bbox 120 1769 1658 1876">
    <p class='ocr_par' dir='ltr' id='par_1_32' title="bbox 120 1794 1658 1876">
     <span class='ocr_line' id='line_1_32' title="bbox 120 1794 1658 1876; baseline 0.004 -32"><span class='ocrx_word' id='word_1_238' title='bbox 120 1860 136 1876; x_wconf 47' lang='lat'><em>.</em></span> <span class='ocrx_word' id='word_1_239' title='bbox 190 1794 321 1856; x_wconf 85' lang='grc' dir='ltr'>λὲως</span> <span class='ocrx_word' id='word_1_240' title='bbox 360 1795 543 1865; x_wconf 87' lang='grc' dir='ltr'>κρίσιν</span> <span class='ocrx_word' id='word_1_241' title='bbox 584 1797 684 1866; x_wconf 85' lang='grc' dir='ltr'><strong>οὑχ</strong></span> <span class='ocrx_word' id='word_1_242' title='bbox 722 1797 851 1867; x_wconf 87' lang='grc' dir='ltr'>ὑγιῆ</span> <span class='ocrx_word' id='word_1_243' title='bbox 885 1798 1279 1867; x_wconf 79' lang='grc' dir='ltr'>τυγχάνουσαν,</span> <span class='ocrx_word' id='word_1_244' title='bbox 1336 1799 1593 1862; x_wconf 79' lang='grc' dir='ltr'>πολλάκις</span> <span class='ocrx_word' id='word_1_245' title='bbox 1640 1818 1658 1850; x_wconf 70' lang='grc' dir='ltr'>ιτ</span> 
     </span>
    </p>
   </div>
   <div class='ocr_carea' id='block_1_33' title="bbox 1908 1769 3446 1876">
    <p class='ocr_par' dir='ltr' id='par_1_33' title="bbox 1908 1799 3446 1869">
     <span class='ocr_line' id='line_1_33' title="bbox 1908 1799 3446 1869; baseline -0.003 -13"><span class='ocrx_word' id='word_1_246' title='bbox 1908 1804 2087 1868; x_wconf 82' lang='lat' dir='ltr'><strong>nariis,</strong></span> <span class='ocrx_word' id='word_1_247' title='bbox 2119 1806 2212 1856; x_wconf 89' lang='lat' dir='ltr'><strong>sed</strong></span> <span class='ocrx_word' id='word_1_248' title='bbox 2245 1804 2406 1856; x_wconf 91' lang='lat' dir='ltr'><strong>etiam</strong></span> <span class='ocrx_word' id='word_1_249' title='bbox 2444 1802 2528 1863; x_wconf 90' lang='lat' dir='ltr'><strong>iis,</strong></span> <span class='ocrx_word' id='word_1_250' title='bbox 2560 1803 2652 1869; x_wconf 90' lang='lat' dir='ltr'><strong>qui</strong></span> <span class='ocrx_word' id='word_1_251' title='bbox 2689 1801 3039 1869; x_wconf 89' lang='lat' dir='ltr'><strong>posteriorem</strong></span> <span class='ocrx_word' id='word_1_252' title='bbox 3075 1801 3140 1852; x_wconf 92' lang='lat' dir='ltr'><strong>iis</strong></span> <span class='ocrx_word' id='word_1_253' title='bbox 3173 1799 3446 1867; x_wconf 82' lang='lat' dir='ltr'><strong>dignitatis</strong></span> 
     </span>
    </p>
   </div>
   <div class='ocr_carea' id='block_1_34' title="bbox 122 1887 1660 1959">
    <p class='ocr_par' dir='ltr' id='par_1_34' title="bbox 122 1887 1660 1959">
     <span class='ocr_line' id='line_1_34' title="bbox 122 1887 1660 1959; baseline 0.002 -21"><span class='ocrx_word' id='word_1_254' title='bbox 122 1916 132 1927; x_wconf 85' lang='lat'><strong>-</strong></span> <span class='ocrx_word' id='word_1_255' title='bbox 192 1887 553 1956; x_wconf 75' lang='grc' dir='ltr'>φαυλοτέρους</span> <span class='ocrx_word' id='word_1_256' title='bbox 586 1890 667 1950; x_wconf 79' lang='grc' dir='ltr'>εἰς</span> <span class='ocrx_word' id='word_1_257' title='bbox 696 1888 870 1958; x_wconf 82' lang='grc' dir='ltr'>ἀρχὴν</span> <span class='ocrx_word' id='word_1_258' title='bbox 905 1889 1092 1956; x_wconf 82' lang='grc' dir='ltr'>φέρειν</span> <span class='ocrx_word' id='word_1_259' title='bbox 1123 1889 1187 1956; x_wconf 80' lang='grc' dir='ltr'><strong>(ὃ</strong></span> <span class='ocrx_word' id='word_1_260' title='bbox 1215 1888 1277 1959; x_wconf 83' lang='grc' dir='ltr'>δὴ</span> <span class='ocrx_word' id='word_1_261' title='bbox 1315 1889 1459 1956; x_wconf 76' lang='grc' dir='ltr'>φιλεῖ</span> <span class='ocrx_word' id='word_1_262' title='bbox 1500 1890 1660 1957; x_wconf 65' lang='grc' dir='ltr'>γίνεσ(</span> 
     </span>
    </p>
   </div>
   <div class='ocr_carea' id='block_1_35' title="bbox 1906 1887 3444 1959">
    <p class='ocr_par' dir='ltr' id='par_1_35' title="bbox 1906 1889 3444 1956">
     <span class='ocr_line' id='line_1_35' title="bbox 1906 1889 3444 1956; baseline -0.001 -15"><span class='ocrx_word' id='word_1_263' title='bbox 1906 1908 2051 1945; x_wconf 86' lang='lat' dir='ltr'><strong>ncum</strong></span> <span class='ocrx_word' id='word_1_264' title='bbox 2093 1893 2365 1945; x_wconf 90' lang='lat' dir='ltr'><strong>tenebant.</strong></span> <span class='ocrx_word' id='word_1_265' title='bbox 2401 1890 2724 1956; x_wconf 66' lang='lat' dir='ltr'><strong>Quaastionis</strong></span> <span class='ocrx_word' id='word_1_266' title='bbox 2757 1900 2934 1942; x_wconf 88' lang='lat' dir='ltr'><strong>autem</strong></span> <span class='ocrx_word' id='word_1_267' title='bbox 2968 1889 3164 1943; x_wconf 85' lang='lat' dir='ltr'><strong>solutio</strong></span> <span class='ocrx_word' id='word_1_268' title='bbox 3197 1889 3311 1942; x_wconf 68' lang='lat' dir='ltr'><strong>lucc</strong></span> <span class='ocrx_word' id='word_1_269' title='bbox 3341 1897 3444 1941; x_wconf 88' lang='lat' dir='ltr'><strong>est.</strong></span> 
     </span>
    </p>
   </div>
   <div class='ocr_carea' id='block_1_36' title="bbox 194 1979 1732 2051">
    <p class='ocr_par' dir='ltr' id='par_1_36' title="bbox 194 1979 1732 2050">
     <span class='ocr_line' id='line_1_36' title="bbox 194 1979 1732 2050; baseline 0.001 -19"><span class='ocrx_word' id='word_1_270' title='bbox 194 1981 250 2031; x_wconf 83' lang='grc' dir='ltr'><strong>οὑ</strong></span> <span class='ocrx_word' id='word_1_271' title='bbox 283 1980 445 2047; x_wconf 78' lang='grc' dir='ltr'>μόνον</span> <span class='ocrx_word' id='word_1_272' title='bbox 480 1982 572 2033; x_wconf 82' lang='grc' dir='ltr'>ὲπ¹ι</span> <span class='ocrx_word' id='word_1_273' title='bbox 600 1979 709 2032; x_wconf 88' lang='grc' dir='ltr'><strong>τῶν</strong></span> <span class='ocrx_word' id='word_1_274' title='bbox 743 1981 1049 2050; x_wconf 83' lang='grc' dir='ltr'>βασιλειῶν,</span> <span class='ocrx_word' id='word_1_275' title='bbox 1084 1980 1218 2033; x_wconf 79' lang='grc' dir='ltr'>ἀλλὰ</span> <span class='ocrx_word' id='word_1_276' title='bbox 1252 1982 1345 2034; x_wconf 78' lang='grc' dir='ltr'>καὶ</span> <span class='ocrx_word' id='word_1_277' title='bbox 1379 1982 1468 2033; x_wconf 73' lang='grc' dir='ltr'><strong>ἐπὶ</strong></span> <span class='ocrx_word' id='word_1_278' title='bbox 1498 1982 1604 2033; x_wconf 88' lang='grc' dir='ltr'><strong>τῶν</strong></span> <span class='ocrx_word' id='word_1_279' title='bbox 1647 1983 1732 2034; x_wconf 73' lang='grc' dir='ltr'><strong>Ἐκ</strong></span> 
     </span>
    </p>
   </div>
   <div class='ocr_carea' id='block_1_37' title="bbox 1910 1979 3448 2051">
    <p class='ocr_par' dir='ltr' id='par_1_37' title="bbox 1910 1980 3448 2051">
     <span class='ocr_line' id='line_1_37' title="bbox 1910 1980 3448 2051; baseline -0.003 -15"><span class='ocrx_word' id='word_1_280' title='bbox 1910 1985 2139 2051; x_wconf 62' lang='lat' dir='ltr'><strong>Quoniam</strong></span> <span class='ocrx_word' id='word_1_281' title='bbox 2170 1983 2282 2035; x_wconf 77' lang='lat' dir='ltr'><strong>fieri</strong></span> <span class='ocrx_word' id='word_1_282' title='bbox 2313 1992 2551 2050; x_wconf 87' lang='lat' dir='ltr'><strong>poterat,</strong></span> <span class='ocrx_word' id='word_1_283' title='bbox 2579 1990 2638 2036; x_wconf 90' lang='lat' dir='ltr'><strong>ut</strong></span> <span class='ocrx_word' id='word_1_284' title='bbox 2664 1982 2805 2051; x_wconf 85' lang='lat' dir='ltr'><strong>regis</strong></span> <span class='ocrx_word' id='word_1_285' title='bbox 2826 1981 3086 2051; x_wconf 85' lang='lat' dir='ltr'><strong>judicium</strong></span> <span class='ocrx_word' id='word_1_286' title='bbox 3117 1980 3339 2032; x_wconf 90' lang='lat' dir='ltr'><strong>minime</strong></span> <span class='ocrx_word' id='word_1_287' title='bbox 3364 1995 3448 2031; x_wconf 82' lang='lat' dir='ltr'><strong>sa—</strong></span> 
     </span>
    </p>
   </div>
   <div class='ocr_carea' id='block_1_38' title="bbox 194 2072 1732 2143">
    <p class='ocr_par' dir='ltr' id='par_1_38' title="bbox 194 2072 1732 2143">
     <span class='ocr_line' id='line_1_38' title="bbox 194 2072 1732 2143; baseline 0.001 -19"><span class='ocrx_word' id='word_1_288' title='bbox 194 2072 433 2141; x_wconf 84' lang='grc' dir='ltr'>κλησιῶν</span> <span class='ocrx_word' id='word_1_289' title='bbox 453 2090 467 2103; x_wconf 74' lang='grc'><strong>⁸</strong></span> <span class='ocrx_word' id='word_1_290' title='bbox 497 2074 551 2126; x_wconf 89' lang='grc' dir='ltr'><strong>τί</strong></span> <span class='ocrx_word' id='word_1_291' title='bbox 588 2074 698 2142; x_wconf 86' lang='grc' dir='ltr'>γὰρ</span> <span class='ocrx_word' id='word_1_292' title='bbox 731 2074 809 2125; x_wconf 85' lang='grc' dir='ltr'><strong>δεῖ</strong></span> <span class='ocrx_word' id='word_1_293' title='bbox 832 2072 1153 2142; x_wconf 77' lang='grc' dir='ltr'>θαυμάζειν,</span> <span class='ocrx_word' id='word_1_294' title='bbox 1186 2074 1302 2125; x_wconf 84' lang='grc' dir='ltr'>εἰοί</span> <span class='ocrx_word' id='word_1_295' title='bbox 1334 2072 1561 2141; x_wconf 76' lang='grc' dir='ltr'>βιωτικὰ</span> <span class='ocrx_word' id='word_1_296' title='bbox 1588 2075 1732 2143; x_wconf 88' lang='grc' dir='ltr'>πράγ</span> 
     </span>
    </p>
   </div>
   <div class='ocr_carea' id='block_1_39' title="bbox 1907 2072 3445 2143">
    <p class='ocr_par' dir='ltr' id='par_1_39' title="bbox 1907 2072 3445 2142">
     <span class='ocr_line' id='line_1_39' title="bbox 1907 2072 3445 2142; baseline -0.003 -13"><span class='ocrx_word' id='word_1_297' title='bbox 1907 2093 2005 2130; x_wconf 72' lang='lat' dir='ltr'><strong>ium</strong></span> <span class='ocrx_word' id='word_1_298' title='bbox 2049 2085 2101 2129; x_wconf 89' lang='lat' dir='ltr'><strong>et</strong></span> <span class='ocrx_word' id='word_1_299' title='bbox 2142 2076 2406 2142; x_wconf 66' lang='lat' dir='ltr'><strong>integrum</strong></span> <span class='ocrx_word' id='word_1_300' title='bbox 2447 2075 2745 2129; x_wconf 84' lang='lat' dir='ltr'><strong>deteriores</strong></span> <span class='ocrx_word' id='word_1_301' title='bbox 2784 2088 3021 2141; x_wconf 71' lang='lat' dir='ltr'><strong>persaepe</strong></span> <span class='ocrx_word' id='word_1_302' title='bbox 3057 2074 3122 2125; x_wconf 89' lang='lat' dir='ltr'><strong>ad</strong></span> <span class='ocrx_word' id='word_1_303' title='bbox 3163 2072 3445 2139; x_wconf 89' lang='lat' dir='ltr'><strong>imperium</strong></span> 
     </span>
    </p>
   </div>
   <div class='ocr_carea' id='block_1_40' title="bbox 198 2165 1736 2237">
    <p class='ocr_par' dir='ltr' id='par_1_40' title="bbox 198 2166 1736 2237">
     <span class='ocr_line' id='line_1_40' title="bbox 198 2166 1736 2237; baseline 0 -21"><span class='ocrx_word' id='word_1_304' title='bbox 198 2182 338 2234; x_wconf 77' lang='grc' dir='ltr'>ματα</span> <span class='ocrx_word' id='word_1_305' title='bbox 367 2166 833 2236; x_wconf 80' lang='grc' dir='ltr'>ὲγκεχειρισμένοι</span> <span class='ocrx_word' id='word_1_306' title='bbox 866 2168 1090 2220; x_wconf 82' lang='grc' dir='ltr'>τοιαῦτα</span> <span class='ocrx_word' id='word_1_307' title='bbox 1129 2167 1554 2237; x_wconf 84' lang='grc' dir='ltr'>ἁμαρτάνουσιν,</span> <span class='ocrx_word' id='word_1_308' title='bbox 1607 2166 1736 2217; x_wconf 76' lang='grc' dir='ltr'>ὁπότ</span> 
     </span>
    </p>
   </div>
   <div class='ocr_carea' id='block_1_41' title="bbox 1908 2165 3446 2237">
    <p class='ocr_par' dir='ltr' id='par_1_41' title="bbox 1912 2165 3446 2233">
     <span class='ocr_line' id='line_1_41' title="bbox 1912 2165 3446 2233; baseline -0.004 -13"><span class='ocrx_word' id='word_1_309' title='bbox 1912 2165 2091 2220; x_wconf 67' lang='grc' dir='ltr'>σενι-ει</span> <span class='ocrx_word' id='word_1_310' title='bbox 2127 2166 2298 2233; x_wconf 89' lang='lat' dir='ltr'><strong>(quod</strong></span> <span class='ocrx_word' id='word_1_311' title='bbox 2336 2166 2549 2232; x_wconf 87' lang='lat' dir='ltr'><strong>quidem</strong></span> <span class='ocrx_word' id='word_1_312' title='bbox 2589 2165 2704 2219; x_wconf 86' lang='lat' dir='ltr'><strong>ﬁeri</strong></span> <span class='ocrx_word' id='word_1_313' title='bbox 2745 2165 3056 2227; x_wconf 87' lang='lat' dir='ltr'><strong>consuevit,</strong></span> <span class='ocrx_word' id='word_1_314' title='bbox 3096 2178 3200 2217; x_wconf 90' lang='lat' dir='ltr'><strong>non</strong></span> <span class='ocrx_word' id='word_1_315' title='bbox 3240 2172 3446 2216; x_wconf 67' lang='lat' dir='ltr'><strong>tantam</strong></span> 
     </span>
    </p>
   </div>
   <div class='ocr_carea' id='block_1_42' title="bbox 194 2251 1732 2327">
    <p class='ocr_par' dir='ltr' id='par_1_42' title="bbox 194 2251 1732 2327">
     <span class='ocr_line' id='line_1_42' title="bbox 194 2251 1732 2327; baseline 0 -21"><span class='ocrx_word' id='word_1_316' title='bbox 194 2256 286 2307; x_wconf 79' lang='grc' dir='ltr'>καὶ</span> <span class='ocrx_word' id='word_1_317' title='bbox 317 2257 395 2317; x_wconf 85' lang='grc' dir='ltr'>εἰς</span> <span class='ocrx_word' id='word_1_318' title='bbox 419 2255 491 2308; x_wconf 86' lang='grc' dir='ltr'><strong>τά</strong></span> <span class='ocrx_word' id='word_1_319' title='bbox 524 2256 658 2323; x_wconf 77' lang='grc' dir='ltr'>ἅγια</span> <span class='ocrx_word' id='word_1_320' title='bbox 686 2256 1061 2327; x_wconf 85' lang='grc' dir='ltr'>είσεκὼμασεν</span> <span class='ocrx_word' id='word_1_321' title='bbox 1084 2256 1220 2326; x_wconf 73' lang='grc' dir='ltr'>αὕτη</span> <span class='ocrx_word' id='word_1_322' title='bbox 1253 2257 1286 2323; x_wconf 86' lang='grc' dir='ltr'>ἡ</span> <span class='ocrx_word' id='word_1_323' title='bbox 1322 2254 1515 2322; x_wconf 84' lang='grc' dir='ltr'>ἀλογία</span> <span class='ocrx_word' id='word_1_324' title='bbox 1541 2272 1554 2319; x_wconf 87' lang='grc'>;</span> <span class='ocrx_word' id='word_1_325' title='bbox 1582 2262 1595 2315; x_wconf 84' lang='lat'><strong>)</strong></span> <span class='ocrx_word' id='word_1_326' title='bbox 1634 2251 1732 2306; x_wconf 71' lang='grc' dir='ltr'>εἷνο</span> 
     </span>
    </p>
   </div>
   <div class='ocr_carea' id='block_1_43' title="bbox 1910 2251 3448 2327">
    <p class='ocr_par' dir='ltr' id='par_1_43' title="bbox 1910 2254 3448 2327">
     <span class='ocr_line' id='line_1_43' title="bbox 1910 2254 3448 2327; baseline -0.004 -16"><span class='ocrx_word' id='word_1_327' title='bbox 1910 2277 1931 2313; x_wconf 77' lang='grc' dir='ltr'><strong>ιι</strong></span> <span class='ocrx_word' id='word_1_328' title='bbox 1978 2260 2177 2327; x_wconf 80' lang='lat' dir='ltr'><strong>regnis,</strong></span> <span class='ocrx_word' id='word_1_329' title='bbox 2219 2259 2309 2310; x_wconf 91' lang='lat' dir='ltr'><strong>sed</strong></span> <span class='ocrx_word' id='word_1_330' title='bbox 2350 2258 2512 2310; x_wconf 87' lang='lat' dir='ltr'><strong>etiam</strong></span> <span class='ocrx_word' id='word_1_331' title='bbox 2560 2258 2613 2309; x_wconf 94' lang='lat' dir='ltr'><strong>in</strong></span> <span class='ocrx_word' id='word_1_332' title='bbox 2655 2256 2927 2310; x_wconf 90' lang='lat' dir='ltr'><strong>Ecclesiis.</strong></span> <span class='ocrx_word' id='word_1_333' title='bbox 2974 2255 3114 2321; x_wconf 83' lang='lat' dir='ltr'><strong>Quid</strong></span> <span class='ocrx_word' id='word_1_334' title='bbox 3157 2254 3300 2307; x_wconf 88' lang='lat' dir='ltr'><strong>enim</strong></span> <span class='ocrx_word' id='word_1_335' title='bbox 3342 2262 3448 2315; x_wconf 87' lang='lat' dir='ltr'><strong>est,</strong></span> 
     </span>
    </p>
   </div>
   <div class='ocr_carea' id='block_1_44' title="bbox 193 2345 1731 2418">
    <p class='ocr_par' dir='ltr' id='par_1_44' title="bbox 193 2345 1729 2418">
     <span class='ocr_line' id='line_1_44' title="bbox 193 2345 1729 2418; baseline -0.001 -19"><span class='ocrx_word' id='word_1_336' title='bbox 193 2346 249 2399; x_wconf 78' lang='grc' dir='ltr'><strong>δέ</strong></span> <span class='ocrx_word' id='word_1_337' title='bbox 270 2364 423 2409; x_wconf 84' lang='grc' dir='ltr'>τινας</span> <span class='ocrx_word' id='word_1_338' title='bbox 456 2349 516 2399; x_wconf 83' lang='grc' dir='ltr'>ὲν</span> <span class='ocrx_word' id='word_1_339' title='bbox 553 2348 630 2417; x_wconf 78' lang='grc' dir='ltr'><strong>τῷ</strong></span> <span class='ocrx_word' id='word_1_340' title='bbox 664 2348 860 2418; x_wconf 87' lang='grc' dir='ltr'>πλήθει</span> <span class='ocrx_word' id='word_1_341' title='bbox 896 2349 1106 2401; x_wconf 78' lang='grc' dir='ltr'>συνέσει</span> <span class='ocrx_word' id='word_1_342' title='bbox 1148 2346 1352 2399; x_wconf 81' lang='grc' dir='ltr'>τούτων</span> <span class='ocrx_word' id='word_1_343' title='bbox 1382 2345 1729 2416; x_wconf 71' lang='grc' dir='ltr'>προῦχοντας</span> 
     </span>
    </p>
   </div>
   <div class='ocr_carea' id='block_1_45' title="bbox 1913 2345 3451 2418">
    <p class='ocr_par' dir='ltr' id='par_1_45' title="bbox 1919 2346 3451 2414">
     <span class='ocr_line' id='line_1_45' title="bbox 1919 2346 3451 2414; baseline -0.003 -12"><span class='ocrx_word' id='word_1_344' title='bbox 1919 2353 2227 2403; x_wconf 89' lang='lat' dir='ltr'><strong>uamobrem</strong></span> <span class='ocrx_word' id='word_1_345' title='bbox 2264 2351 2458 2404; x_wconf 87' lang='lat' dir='ltr'><strong>mirum</strong></span> <span class='ocrx_word' id='word_1_346' title='bbox 2493 2352 2662 2405; x_wconf 88' lang='lat' dir='ltr'><strong>videri</strong></span> <span class='ocrx_word' id='word_1_347' title='bbox 2700 2351 2913 2414; x_wconf 84' lang='lat' dir='ltr'><strong>debeat,</strong></span> <span class='ocrx_word' id='word_1_348' title='bbox 2948 2348 2993 2402; x_wconf 88' lang='lat' dir='ltr'><strong>si</strong></span> <span class='ocrx_word' id='word_1_349' title='bbox 3030 2348 3089 2413; x_wconf 90' lang='lat' dir='ltr'><strong>ii,</strong></span> <span class='ocrx_word' id='word_1_350' title='bbox 3124 2347 3322 2414; x_wconf 78' lang='lat' dir='ltr'><strong>quibus</strong></span> <span class='ocrx_word' id='word_1_351' title='bbox 3353 2346 3451 2399; x_wconf 90' lang='lat' dir='ltr'><strong>bu-</strong></span> 
     </span>
    </p>
   </div>
   <div class='ocr_carea' id='block_1_46' title="bbox 196 2436 1734 2510">
    <p class='ocr_par' dir='ltr' id='par_1_46' title="bbox 196 2438 1734 2510">
     <span class='ocr_line' id='line_1_46' title="bbox 196 2438 1734 2510; baseline -0.001 -19"><span class='ocrx_word' id='word_1_352' title='bbox 196 2439 504 2506; x_wconf 81' lang='grc' dir='ltr'>ἀναγκαίως</span> <span class='ocrx_word' id='word_1_353' title='bbox 532 2440 632 2510; x_wconf 80' lang='grc' dir='ltr'>τὴν</span> <span class='ocrx_word' id='word_1_354' title='bbox 659 2438 946 2509; x_wconf 79' lang='grc' dir='ltr'>σύγκρισιν</span> <span class='ocrx_word' id='word_1_355' title='bbox 990 2439 1084 2492; x_wconf 84' lang='grc' dir='ltr'>τοῦ</span> <span class='ocrx_word' id='word_1_356' title='bbox 1129 2438 1336 2491; x_wconf 80' lang='grc' dir='ltr'>δικαίου</span> <span class='ocrx_word' id='word_1_357' title='bbox 1380 2439 1440 2490; x_wconf 73' lang='grc' dir='ltr'><strong>οὑ</strong></span> <span class='ocrx_word' id='word_1_358' title='bbox 1478 2439 1614 2507; x_wconf 83' lang='grc' dir='ltr'>πρὸς</span> <span class='ocrx_word' id='word_1_359' title='bbox 1646 2439 1734 2490; x_wconf 75' lang='grc' dir='ltr'><strong>τοὺ</strong></span> 
     </span>
    </p>
   </div>
   <div class='ocr_carea' id='block_1_47' title="bbox 1914 2436 3452 2510">
    <p class='ocr_par' dir='ltr' id='par_1_47' title="bbox 1914 2436 3452 2509">
     <span class='ocr_line' id='line_1_47' title="bbox 1914 2436 3452 2509; baseline -0.005 -15"><span class='ocrx_word' id='word_1_360' title='bbox 1914 2456 2026 2494; x_wconf 77' lang='lat' dir='ltr'><strong>isce</strong></span> <span class='ocrx_word' id='word_1_361' title='bbox 2067 2440 2190 2493; x_wconf 67' lang='lat' dir='ltr'><strong>vita:</strong></span> <span class='ocrx_word' id='word_1_362' title='bbox 2239 2442 2447 2509; x_wconf 88' lang='lat' dir='ltr'><strong>negotia</strong></span> <span class='ocrx_word' id='word_1_363' title='bbox 2496 2441 2783 2494; x_wconf 86' lang='lat' dir='ltr'><strong>commissa</strong></span> <span class='ocrx_word' id='word_1_364' title='bbox 2834 2448 2989 2503; x_wconf 88' lang='lat' dir='ltr'><strong>sunt,</strong></span> <span class='ocrx_word' id='word_1_365' title='bbox 3042 2439 3095 2491; x_wconf 91' lang='lat' dir='ltr'><strong>in</strong></span> <span class='ocrx_word' id='word_1_366' title='bbox 3144 2436 3452 2506; x_wconf 85' lang='lat' dir='ltr'><strong>hujnsmodi</strong></span> 
     </span>
    </p>
   </div>
   <div class='ocr_carea' id='block_1_48' title="bbox 196 2528 1734 2601">
    <p class='ocr_par' dir='ltr' id='par_1_48' title="bbox 196 2528 1734 2600">
     <span class='ocr_line' id='line_1_48' title="bbox 196 2528 1734 2600; baseline -0.001 -19"><span class='ocrx_word' id='word_1_367' title='bbox 196 2528 286 2581; x_wconf 79' lang='grc' dir='ltr'>δύο</span> <span class='ocrx_word' id='word_1_368' title='bbox 322 2530 517 2592; x_wconf 77' lang='grc' dir='ltr'>μόνους</span> <span class='ocrx_word' id='word_1_369' title='bbox 551 2530 848 2600; x_wconf 80' lang='grc' dir='ltr'>ἐποιήσατο</span> <span class='ocrx_word' id='word_1_370' title='bbox 894 2530 1205 2593; x_wconf 82' lang='grc' dir='ltr'>τακτικοὺς,</span> <span class='ocrx_word' id='word_1_371' title='bbox 1257 2530 1402 2583; x_wconf 79' lang='grc' dir='ltr'>τοῦτ’</span> <span class='ocrx_word' id='word_1_372' title='bbox 1452 2529 1601 2589; x_wconf 84' lang='grc' dir='ltr'>ἔστι,</span> <span class='ocrx_word' id='word_1_373' title='bbox 1648 2531 1734 2581; x_wconf 69' lang='grc' dir='ltr'><strong>τοὺ</strong></span> 
     </span>
    </p>
   </div>
   <div class='ocr_carea' id='block_1_49' title="bbox 1914 2528 3452 2601">
    <p class='ocr_par' dir='ltr' id='par_1_49' title="bbox 1919 2529 3452 2601">
     <span class='ocr_line' id='line_1_49' title="bbox 1919 2529 3452 2601; baseline -0.003 -18"><span class='ocrx_word' id='word_1_374' title='bbox 1919 2542 2100 2585; x_wconf 80' lang='lat' dir='ltr'><strong>eccata</strong></span> <span class='ocrx_word' id='word_1_375' title='bbox 2136 2531 2505 2601; x_wconf 88' lang='lat' dir='ltr'><strong>prolabantur,</strong></span> <span class='ocrx_word' id='word_1_376' title='bbox 2545 2546 2667 2584; x_wconf 87' lang='lat' dir='ltr'><strong>cum</strong></span> <span class='ocrx_word' id='word_1_377' title='bbox 2704 2530 2868 2584; x_wconf 88' lang='lat' dir='ltr'><strong>etiam</strong></span> <span class='ocrx_word' id='word_1_378' title='bbox 2908 2531 2960 2583; x_wconf 91' lang='lat' dir='ltr'><strong>in</strong></span> <span class='ocrx_word' id='word_1_379' title='bbox 2997 2536 3185 2582; x_wconf 83' lang='lat' dir='ltr'><strong>sancta</strong></span> <span class='ocrx_word' id='word_1_380' title='bbox 3221 2529 3336 2582; x_wconf 65' lang='lat' dir='ltr'><strong>haec</strong></span> <span class='ocrx_word' id='word_1_381' title='bbox 3373 2536 3452 2579; x_wconf 89' lang='lat' dir='ltr'><strong>te-</strong></span> 
     </span>
    </p>
   </div>
   <div class='ocr_carea' id='block_1_50' title="bbox 197 2606 1735 2692">
    <p class='ocr_par' dir='ltr' id='par_1_50' title="bbox 197 2606 1735 2691">
     <span class='ocr_line' id='line_1_50' title="bbox 197 2606 1735 2691; baseline 0 -21"><span class='ocrx_word' id='word_1_382' title='bbox 197 2619 301 2671; x_wconf 86' lang='grc' dir='ltr'><strong>τῶν</strong></span> <span class='ocrx_word' id='word_1_383' title='bbox 334 2620 742 2689; x_wconf 85' lang='grc' dir='ltr'>στρατιωτικῶν</span> <span class='ocrx_word' id='word_1_384' title='bbox 768 2616 997 2684; x_wconf 82' lang='grc' dir='ltr'>τάξεων⁹</span> <span class='ocrx_word' id='word_1_385' title='bbox 1013 2606 1351 2691; x_wconf 71' lang='grc' dir='ltr'>ἡγουμένους</span> <span class='ocrx_word' id='word_1_386' title='bbox 1372 2663 1386 2683; x_wconf 92' lang='grc'><strong>,</strong></span> <span class='ocrx_word' id='word_1_387' title='bbox 1424 2620 1516 2672; x_wconf 79' lang='grc' dir='ltr'><strong>καὶ</strong></span> <span class='ocrx_word' id='word_1_388' title='bbox 1554 2620 1735 2671; x_wconf 58' lang='grc' dir='ltr'>τάττοι</span> 
     </span>
    </p>
   </div>
   <div class='ocr_carea' id='block_1_51' title="bbox 1918 2606 3456 2692">
    <p class='ocr_par' dir='ltr' id='par_1_51' title="bbox 1922 2619 3456 2692">
     <span class='ocr_line' id='line_1_51' title="bbox 1922 2619 3456 2692; baseline -0.001 -20"><span class='ocrx_word' id='word_1_389' title='bbox 1922 2622 2101 2675; x_wconf 67' lang='lat' dir='ltr'><strong>ueritas</strong></span> <span class='ocrx_word' id='word_1_390' title='bbox 2122 2619 2448 2692; x_wconf 86' lang='lat' dir='ltr'><strong>irruperit?),</strong></span> <span class='ocrx_word' id='word_1_391' title='bbox 2479 2630 2656 2677; x_wconf 82' lang='lat' dir='ltr'><strong>essent</strong></span> <span class='ocrx_word' id='word_1_392' title='bbox 2677 2630 2856 2673; x_wconf 89' lang='lat' dir='ltr'><strong>autem</strong></span> <span class='ocrx_word' id='word_1_393' title='bbox 2882 2621 2935 2673; x_wconf 91' lang='lat' dir='ltr'><strong>in</strong></span> <span class='ocrx_word' id='word_1_394' title='bbox 2959 2619 3299 2674; x_wconf 85' lang='lat' dir='ltr'><strong>multitudine</strong></span> <span class='ocrx_word' id='word_1_395' title='bbox 3321 2632 3456 2672; x_wconf 90' lang='lat' dir='ltr'><strong>non-</strong></span> 
     </span>
    </p>
   </div>
   <div class='ocr_carea' id='block_1_52' title="bbox 199 2708 1737 2781">
    <p class='ocr_par' dir='ltr' id='par_1_52' title="bbox 199 2708 1737 2781">
     <span class='ocr_line' id='line_1_52' title="bbox 199 2708 1737 2781; baseline 0.001 -21"><span class='ocrx_word' id='word_1_396' title='bbox 199 2726 292 2771; x_wconf 87' lang='grc' dir='ltr'><strong>τας</strong></span> <span class='ocrx_word' id='word_1_397' title='bbox 326 2708 531 2772; x_wconf 83' lang='grc' dir='ltr'>ταύτας</span> <span class='ocrx_word' id='word_1_398' title='bbox 581 2710 703 2763; x_wconf 84' lang='grc' dir='ltr'>ὅποι</span> <span class='ocrx_word' id='word_1_399' title='bbox 734 2712 876 2781; x_wconf 76' lang='grc' dir='ltr'>χρὴ,</span> <span class='ocrx_word' id='word_1_400' title='bbox 912 2711 1023 2763; x_wconf 88' lang='grc' dir='ltr'>είτε</span> <span class='ocrx_word' id='word_1_401' title='bbox 1069 2712 1127 2763; x_wconf 86' lang='grc' dir='ltr'>ὲν</span> <span class='ocrx_word' id='word_1_402' title='bbox 1157 2711 1398 2781; x_wconf 80' lang='grc' dir='ltr'>πολέμῳ,</span> <span class='ocrx_word' id='word_1_403' title='bbox 1445 2713 1554 2763; x_wconf 77' lang='grc' dir='ltr'>εἴτε</span> <span class='ocrx_word' id='word_1_404' title='bbox 1603 2713 1660 2762; x_wconf 72' lang='grc' dir='ltr'>ὲν</span> <span class='ocrx_word' id='word_1_405' title='bbox 1702 2714 1737 2762; x_wconf 64' lang='grc' dir='ltr'>εἰ</span> 
     </span>
    </p>
   </div>
   <div class='ocr_carea' id='block_1_53' title="bbox 1919 2708 3457 2781">
    <p class='ocr_par' dir='ltr' id='par_1_53' title="bbox 1921 2711 3457 2781">
     <span class='ocr_line' id='line_1_53' title="bbox 1921 2711 3457 2781; baseline -0.002 -17"><span class='ocrx_word' id='word_1_406' title='bbox 1921 2712 2040 2777; x_wconf 88' lang='lat' dir='ltr'><strong>ulli,</strong></span> <span class='ocrx_word' id='word_1_407' title='bbox 2073 2713 2163 2781; x_wconf 90' lang='lat' dir='ltr'><strong>qui</strong></span> <span class='ocrx_word' id='word_1_408' title='bbox 2202 2711 2488 2781; x_wconf 89' lang='lat' dir='ltr'><strong>prudentia</strong></span> <span class='ocrx_word' id='word_1_409' title='bbox 2520 2726 2615 2765; x_wconf 88' lang='lat' dir='ltr'><strong>eos</strong></span> <span class='ocrx_word' id='word_1_410' title='bbox 2647 2713 2948 2775; x_wconf 89' lang='lat' dir='ltr'><strong>anteirent,</strong></span> <span class='ocrx_word' id='word_1_411' title='bbox 2985 2711 3293 2766; x_wconf 87' lang='lat' dir='ltr'><strong>necessario</strong></span> <span class='ocrx_word' id='word_1_412' title='bbox 3329 2725 3457 2779; x_wconf 87' lang='lat' dir='ltr'><strong>pro-</strong></span> 
     </span>
    </p>
   </div>
   <div class='ocr_carea' id='block_1_54' title="bbox 203 2800 1741 2874">
    <p class='ocr_par' dir='ltr' id='par_1_54' title="bbox 203 2800 1741 2872">
     <span class='ocr_line' id='line_1_54' title="bbox 203 2800 1741 2872; baseline 0.001 -21"><span class='ocrx_word' id='word_1_413' title='bbox 203 2802 357 2870; x_wconf 73' lang='grc' dir='ltr'>ρήνῃ,</span> <span class='ocrx_word' id='word_1_414' title='bbox 385 2800 520 2852; x_wconf 78' lang='grc' dir='ltr'>ἀλλὰ</span> <span class='ocrx_word' id='word_1_415' title='bbox 558 2801 654 2852; x_wconf 74' lang='grc' dir='ltr'><strong>καὶ</strong></span> <span class='ocrx_word' id='word_1_416' title='bbox 687 2801 823 2872; x_wconf 86' lang='grc' dir='ltr'>πρὸς</span> <span class='ocrx_word' id='word_1_417' title='bbox 855 2801 981 2863; x_wconf 78' lang='grc' dir='ltr'>τοὺς</span> <span class='ocrx_word' id='word_1_418' title='bbox 1007 2802 1200 2865; x_wconf 80' lang='grc' dir='ltr'>ἄλλους</span> <span class='ocrx_word' id='word_1_419' title='bbox 1242 2802 1508 2864; x_wconf 77' lang='grc' dir='ltr'>ᾶπανταςο</span> <span class='ocrx_word' id='word_1_420' title='bbox 1546 2801 1643 2853; x_wconf 79' lang='grc' dir='ltr'><strong>οὑκ</strong></span> <span class='ocrx_word' id='word_1_421' title='bbox 1667 2805 1741 2856; x_wconf 84' lang='grc' dir='ltr'><strong>ἀπ</strong></span> 
     </span>
    </p>
   </div>
   <div class='ocr_carea' id='block_1_55' title="bbox 1918 2800 3456 2874">
    <p class='ocr_par' dir='ltr' id='par_1_55' title="bbox 1918 2800 3456 2874">
     <span class='ocr_line' id='line_1_55' title="bbox 1918 2800 3456 2874; baseline -0.002 -18"><span class='ocrx_word' id='word_1_422' title='bbox 1918 2805 2008 2858; x_wconf 71' lang='lat' dir='ltr'><strong>ade</strong></span> <span class='ocrx_word' id='word_1_423' title='bbox 2048 2802 2176 2874; x_wconf 85' lang='lat' dir='ltr'><strong>justi</strong></span> <span class='ocrx_word' id='word_1_424' title='bbox 2210 2802 2310 2855; x_wconf 89' lang='lat' dir='ltr'><strong>viri</strong></span> <span class='ocrx_word' id='word_1_425' title='bbox 2355 2804 2811 2871; x_wconf 83' lang='lat' dir='ltr'><strong>comparationem</strong></span> <span class='ocrx_word' id='word_1_426' title='bbox 2858 2818 2962 2856; x_wconf 89' lang='lat' dir='ltr'><strong>non</strong></span> <span class='ocrx_word' id='word_1_427' title='bbox 3006 2818 3128 2856; x_wconf 89' lang='lat' dir='ltr'><strong>cum</strong></span> <span class='ocrx_word' id='word_1_428' title='bbox 3176 2802 3307 2857; x_wconf 90' lang='lat' dir='ltr'><strong>solis</strong></span> <span class='ocrx_word' id='word_1_429' title='bbox 3351 2800 3456 2855; x_wconf 91' lang='lat' dir='ltr'><strong>illis</strong></span> 
     </span>
    </p>
   </div>
   <div class='ocr_carea' id='block_1_56' title="bbox 198 2891 1736 2963">
    <p class='ocr_par' dir='ltr' id='par_1_56' title="bbox 198 2891 1736 2963">
     <span class='ocr_line' id='line_1_56' title="bbox 198 2891 1736 2963; baseline 0.003 -21"><span class='ocrx_word' id='word_1_430' title='bbox 198 2891 296 2960; x_wconf 76' lang='grc' dir='ltr'>τῆς</span> <span class='ocrx_word' id='word_1_431' title='bbox 325 2891 650 2960; x_wconf 75' lang='grc' dir='ltr'>κρατοῦντος</span> <span class='ocrx_word' id='word_1_432' title='bbox 674 2893 920 2962; x_wconf 81' lang='grc' dir='ltr'>γνώμης,</span> <span class='ocrx_word' id='word_1_433' title='bbox 953 2894 1053 2962; x_wconf 82' lang='grc' dir='ltr'>τῆς</span> <span class='ocrx_word' id='word_1_434' title='bbox 1086 2893 1347 2955; x_wconf 84' lang='grc' dir='ltr'>πολλάκις</span> <span class='ocrx_word' id='word_1_435' title='bbox 1375 2893 1736 2963; x_wconf 67' lang='grc' dir='ltr'>διαμαρτανοί</span> 
     </span>
    </p>
   </div>
   <div class='ocr_carea' id='block_1_57' title="bbox 1918 2891 3456 2963">
    <p class='ocr_par' dir='ltr' id='par_1_57' title="bbox 1924 2891 3456 2961">
     <span class='ocr_line' id='line_1_57' title="bbox 1924 2891 3456 2961; baseline -0.001 -16"><span class='ocrx_word' id='word_1_436' title='bbox 1924 2896 2093 2947; x_wconf 89' lang='lat' dir='ltr'><strong>uobus</strong></span> <span class='ocrx_word' id='word_1_437' title='bbox 2118 2892 2344 2946; x_wconf 89' lang='lat' dir='ltr'><strong>ducibus</strong></span> <span class='ocrx_word' id='word_1_438' title='bbox 2369 2891 2519 2955; x_wconf 79' lang='lat' dir='ltr'><strong>fecit,</strong></span> <span class='ocrx_word' id='word_1_439' title='bbox 2544 2893 2647 2946; x_wconf 87' lang='lat' dir='ltr'><strong>hoc</strong></span> <span class='ocrx_word' id='word_1_440' title='bbox 2673 2903 2774 2957; x_wconf 88' lang='lat' dir='ltr'><strong>est,</strong></span> <span class='ocrx_word' id='word_1_441' title='bbox 2804 2893 2869 2945; x_wconf 93' lang='lat' dir='ltr'><strong>iis</strong></span> <span class='ocrx_word' id='word_1_442' title='bbox 2894 2892 2985 2961; x_wconf 90' lang='lat' dir='ltr'><strong>qui</strong></span> <span class='ocrx_word' id='word_1_443' title='bbox 3017 2892 3340 2945; x_wconf 84' lang='lat' dir='ltr'><strong>militaribus</strong></span> <span class='ocrx_word' id='word_1_444' title='bbox 3367 2905 3456 2945; x_wconf 87' lang='lat' dir='ltr'><strong>or-</strong></span> 
     </span>
    </p>
   </div>
   <div class='ocr_carea' id='block_1_58' title="bbox 201 2982 1739 3054">
    <p class='ocr_par' dir='ltr' id='par_1_58' title="bbox 201 2982 1739 3054">
     <span class='ocr_line' id='line_1_58' title="bbox 201 2982 1739 3054; baseline 0.005 -22"><span class='ocrx_word' id='word_1_445' title='bbox 201 2997 300 3051; x_wconf 72' lang='grc' dir='ltr'><strong>αης</strong></span> <span class='ocrx_word' id='word_1_446' title='bbox 320 3022 335 3042; x_wconf 90' lang='grc'><strong>,</strong></span> <span class='ocrx_word' id='word_1_447' title='bbox 376 2982 490 3033; x_wconf 81' lang='grc' dir='ltr'>ἀλλ’</span> <span class='ocrx_word' id='word_1_448' title='bbox 525 2983 630 3035; x_wconf 77' lang='grc' dir='ltr'><strong>ἀπὸ</strong></span> <span class='ocrx_word' id='word_1_449' title='bbox 659 2985 757 3053; x_wconf 79' lang='grc' dir='ltr'>τῆς</span> <span class='ocrx_word' id='word_1_450' title='bbox 785 2983 893 3036; x_wconf 86' lang='grc' dir='ltr'><strong>τῶν</strong></span> <span class='ocrx_word' id='word_1_451' title='bbox 939 2985 1281 3054; x_wconf 84' lang='grc' dir='ltr'>πραγμάτων</span> <span class='ocrx_word' id='word_1_452' title='bbox 1312 2985 1566 3054; x_wconf 82' lang='grc' dir='ltr'>ἀληθείας</span> <span class='ocrx_word' id='word_1_453' title='bbox 1617 2987 1739 3039; x_wconf 66' lang='grc' dir='ltr'>αὐτὸ</span> 
     </span>
    </p>
   </div>
   <div class='ocr_carea' id='block_1_59' title="bbox 1916 2982 3454 3054">
    <p class='ocr_par' dir='ltr' id='par_1_59' title="bbox 1924 2983 3454 3053">
     <span class='ocr_line' id='line_1_59' title="bbox 1924 2983 3454 3053; baseline -0.003 -15"><span class='ocrx_word' id='word_1_454' title='bbox 1924 2987 2099 3039; x_wconf 90' lang='lat' dir='ltr'><strong>inibus</strong></span> <span class='ocrx_word' id='word_1_455' title='bbox 2122 2994 2411 3053; x_wconf 69' lang='lat' dir='ltr'><strong>praeerant,</strong></span> <span class='ocrx_word' id='word_1_456' title='bbox 2436 2999 2654 3053; x_wconf 88' lang='lat' dir='ltr'><strong>eosque,</strong></span> <span class='ocrx_word' id='word_1_457' title='bbox 2682 2994 2792 3036; x_wconf 86' lang='lat' dir='ltr'><strong>tum</strong></span> <span class='ocrx_word' id='word_1_458' title='bbox 2819 2985 2871 3036; x_wconf 93' lang='lat' dir='ltr'><strong>in</strong></span> <span class='ocrx_word' id='word_1_459' title='bbox 2898 2984 3059 3047; x_wconf 90' lang='lat' dir='ltr'><strong>bello,</strong></span> <span class='ocrx_word' id='word_1_460' title='bbox 3087 2992 3197 3035; x_wconf 92' lang='lat' dir='ltr'><strong>tum</strong></span> <span class='ocrx_word' id='word_1_461' title='bbox 3224 2983 3276 3034; x_wconf 91' lang='lat' dir='ltr'><strong>in</strong></span> <span class='ocrx_word' id='word_1_462' title='bbox 3303 2997 3454 3049; x_wconf 79' lang='lat' dir='ltr'><strong>pace,</strong></span> 
     </span>
    </p>
   </div>
   <div class='ocr_carea' id='block_1_60' title="bbox 204 3071 1742 3174">
    <p class='ocr_par' dir='ltr' id='par_1_60' title="bbox 204 3073 1742 3147">
     <span class='ocr_line' id='line_1_60' title="bbox 204 3073 1742 3147; baseline 0.003 -22"><span class='ocrx_word' id='word_1_463' title='bbox 204 3073 541 3141; x_wconf 53' lang='grc' dir='ltr'>στεφανοῦσα</span> <span class='ocrx_word' id='word_1_464' title='bbox 570 3074 705 3142; x_wconf 80' lang='grc'>(89).</span> <span class='ocrx_word' id='word_1_465' title='bbox 753 3074 1090 3145; x_wconf 74' lang='grc' dir='ltr'>’Υπερέφερε</span> <span class='ocrx_word' id='word_1_466' title='bbox 1126 3075 1235 3147; x_wconf 76' lang='grc' dir='ltr'><strong>γὰρ</strong></span> <span class='ocrx_word' id='word_1_467' title='bbox 1268 3077 1329 3129; x_wconf 87' lang='grc' dir='ltr'><strong>οὑ</strong></span> <span class='ocrx_word' id='word_1_468' title='bbox 1366 3078 1523 3144; x_wconf 76' lang='grc' dir='ltr'>μόνον</span> <span class='ocrx_word' id='word_1_469' title='bbox 1552 3078 1658 3129; x_wconf 86' lang='grc' dir='ltr'><strong>τῶν</strong></span> <span class='ocrx_word' id='word_1_470' title='bbox 1685 3079 1742 3131; x_wconf 86' lang='grc' dir='ltr'><strong>δο</strong></span> 
     </span>
    </p>
   </div>
   <div class='ocr_carea' id='block_1_61' title="bbox 1918 3071 3456 3174">
    <p class='ocr_par' dir='ltr' id='par_1_61' title="bbox 1924 3071 3456 3142">
     <span class='ocr_line' id='line_1_61' title="bbox 1924 3071 3456 3142; baseline -0.005 -14"><span class='ocrx_word' id='word_1_471' title='bbox 1924 3074 1976 3129; x_wconf 90' lang='lat' dir='ltr'><strong>bi</strong></span> <span class='ocrx_word' id='word_1_472' title='bbox 2005 3074 2307 3142; x_wconf 87' lang='lat' dir='ltr'><strong>oportebat,</strong></span> <span class='ocrx_word' id='word_1_473' title='bbox 2335 3074 2688 3138; x_wconf 87' lang='lat' dir='ltr'><strong>collocabant,</strong></span> <span class='ocrx_word' id='word_1_474' title='bbox 2717 3076 2809 3126; x_wconf 86' lang='lat' dir='ltr'><strong>sed</strong></span> <span class='ocrx_word' id='word_1_475' title='bbox 2840 3073 3002 3127; x_wconf 87' lang='lat' dir='ltr'><strong>etiam</strong></span> <span class='ocrx_word' id='word_1_476' title='bbox 3036 3088 3156 3126; x_wconf 88' lang='lat' dir='ltr'><strong>cum</strong></span> <span class='ocrx_word' id='word_1_477' title='bbox 3189 3071 3308 3124; x_wconf 90' lang='lat' dir='ltr'><strong>aliis</strong></span> <span class='ocrx_word' id='word_1_478' title='bbox 3338 3087 3456 3123; x_wconf 82' lang='lat' dir='ltr'><strong>oin-</strong></span> 
     </span>
    </p>
   </div>
   <div class='ocr_carea' id='block_1_62' title="bbox 204 3162 1742 3234">
    <p class='ocr_par' dir='ltr' id='par_1_62' title="bbox 204 3162 1742 3234">
     <span class='ocr_line' id='line_1_62' title="bbox 204 3162 1742 3234; baseline 0.003 -20"><span class='ocrx_word' id='word_1_479' title='bbox 204 3164 407 3228; x_wconf 79' lang='grc' dir='ltr'>ξαντων</span> <span class='ocrx_word' id='word_1_480' title='bbox 436 3166 512 3233; x_wconf 83' lang='grc' dir='ltr'><strong>τῷ</strong></span> <span class='ocrx_word' id='word_1_481' title='bbox 542 3166 749 3234; x_wconf 84' lang='grc' dir='ltr'>βασιλεῖ</span> <span class='ocrx_word' id='word_1_482' title='bbox 779 3166 1012 3218; x_wconf 84' lang='grc' dir='ltr'>συνετῶν</span> <span class='ocrx_word' id='word_1_483' title='bbox 1059 3162 1200 3219; x_wconf 82' lang='grc' dir='ltr'>εἶναι</span> <span class='ocrx_word' id='word_1_484' title='bbox 1219 3207 1233 3231; x_wconf 91' lang='grc'><strong>,</strong></span> <span class='ocrx_word' id='word_1_485' title='bbox 1267 3167 1405 3219; x_wconf 82' lang='grc' dir='ltr'>ἀλλὰ</span> <span class='ocrx_word' id='word_1_486' title='bbox 1434 3170 1527 3220; x_wconf 72' lang='grc' dir='ltr'>καὶ</span> <span class='ocrx_word' id='word_1_487' title='bbox 1555 3169 1661 3221; x_wconf 89' lang='grc' dir='ltr'><strong>τῶν</strong></span> <span class='ocrx_word' id='word_1_488' title='bbox 1689 3169 1742 3221; x_wconf 78' lang='grc' dir='ltr'>ὃν</span> 
     </span>
    </p>
   </div>
   <div class='ocr_carea' id='block_1_63' title="bbox 1920 3162 3458 3234">
    <p class='ocr_par' dir='ltr' id='par_1_63' title="bbox 1920 3163 3458 3234">
     <span class='ocr_line' id='line_1_63' title="bbox 1920 3163 3458 3234; baseline -0.003 -19"><span class='ocrx_word' id='word_1_489' title='bbox 1920 3168 2047 3220; x_wconf 82' lang='lat' dir='ltr'><strong>ibus</strong></span> <span class='ocrx_word' id='word_1_490' title='bbox 2074 3185 2088 3219; x_wconf 91' lang='lat'><strong>:</strong></span> <span class='ocrx_word' id='word_1_491' title='bbox 2117 3181 2222 3234; x_wconf 91' lang='lat' dir='ltr'><strong>quo</strong></span> <span class='ocrx_word' id='word_1_492' title='bbox 2249 3165 2497 3219; x_wconf 85' lang='lat' dir='ltr'><strong>videlicet</strong></span> <span class='ocrx_word' id='word_1_493' title='bbox 2523 3181 2624 3217; x_wconf 89' lang='lat' dir='ltr'><strong>non</strong></span> <span class='ocrx_word' id='word_1_494' title='bbox 2653 3163 2998 3232; x_wconf 87' lang='lat' dir='ltr'><strong>imperatoris</strong></span> <span class='ocrx_word' id='word_1_495' title='bbox 3022 3163 3310 3224; x_wconf 86' lang='lat' dir='ltr'><strong>sententia,</strong></span> <span class='ocrx_word' id='word_1_496' title='bbox 3341 3177 3458 3229; x_wconf 65' lang='lat' dir='ltr'><strong>quze</strong></span> 
     </span>
    </p>
   </div>
   <div class='ocr_carea' id='block_1_64' title="bbox 203 3254 1741 3330">
    <p class='ocr_par' dir='ltr' id='par_1_64' title="bbox 203 3255 1741 3329">
     <span class='ocr_line' id='line_1_64' title="bbox 203 3255 1741 3329; baseline 0 -18"><span class='ocrx_word' id='word_1_497' title='bbox 203 3272 307 3317; x_wconf 74' lang='grc' dir='ltr'><strong>ως</strong></span> <span class='ocrx_word' id='word_1_498' title='bbox 338 3255 594 3310; x_wconf 84' lang='grc' dir='ltr'>συνετῶν.</span> <span class='ocrx_word' id='word_1_499' title='bbox 627 3258 719 3309; x_wconf 81' lang='grc' dir='ltr'>Διὸ</span> <span class='ocrx_word' id='word_1_500' title='bbox 749 3258 843 3311; x_wconf 72' lang='grc' dir='ltr'>καὶ</span> <span class='ocrx_word' id='word_1_501' title='bbox 894 3256 968 3328; x_wconf 74' lang='grc' dir='ltr'><strong>ιὸ]</strong></span> <span class='ocrx_word' id='word_1_502' title='bbox 1007 3257 1259 3327; x_wconf 81' lang='grc' dir='ltr'>βασιλεὺς</span> <span class='ocrx_word' id='word_1_503' title='bbox 1298 3259 1395 3328; x_wconf 78' lang='grc' dir='ltr'><strong>μὲν</strong></span> <span class='ocrx_word' id='word_1_504' title='bbox 1445 3261 1741 3329; x_wconf 73' lang='grc' dir='ltr'>κατέστησε</span> 
     </span>
    </p>
   </div>
   <div class='ocr_carea' id='block_1_65' title="bbox 1920 3254 3458 3330">
    <p class='ocr_par' dir='ltr' id='par_1_65' title="bbox 1922 3254 3458 3325">
     <span class='ocr_line' id='line_1_65' title="bbox 1922 3254 3458 3325; baseline -0.005 -14"><span class='ocrx_word' id='word_1_505' title='bbox 1922 3260 2197 3325; x_wconf 89' lang='lat' dir='ltr'><strong>lerumque</strong></span> <span class='ocrx_word' id='word_1_506' title='bbox 2223 3273 2252 3310; x_wconf 92' lang='lat' dir='ltr'><strong>a</strong></span> <span class='ocrx_word' id='word_1_507' title='bbox 2284 3267 2432 3310; x_wconf 89' lang='lat' dir='ltr'><strong>recto</strong></span> <span class='ocrx_word' id='word_1_508' title='bbox 2462 3257 2695 3315; x_wconf 80' lang='lat' dir='ltr'><strong>aberrat,</strong></span> <span class='ocrx_word' id='word_1_509' title='bbox 2728 3257 2819 3308; x_wconf 87' lang='lat' dir='ltr'><strong>sed</strong></span> <span class='ocrx_word' id='word_1_510' title='bbox 2849 3271 2874 3308; x_wconf 91' lang='lat' dir='ltr'><strong>a</strong></span> <span class='ocrx_word' id='word_1_511' title='bbox 2906 3270 3087 3308; x_wconf 89' lang='lat' dir='ltr'><strong>rerum</strong></span> <span class='ocrx_word' id='word_1_512' title='bbox 3114 3254 3341 3306; x_wconf 85' lang='lat' dir='ltr'><strong>veritate</strong></span> <span class='ocrx_word' id='word_1_513' title='bbox 3367 3268 3458 3303; x_wconf 75' lang='lat' dir='ltr'><strong>co-</strong></span> 
     </span>
    </p>
   </div>
   <div class='ocr_carea' id='block_1_66' title="bbox 203 3343 1741 3417">
    <p class='ocr_par' dir='ltr' id='par_1_66' title="bbox 203 3344 1741 3417">
     <span class='ocr_line' id='line_1_66' title="bbox 203 3344 1741 3417; baseline 0.001 -19"><span class='ocrx_word' id='word_1_514' title='bbox 203 3346 363 3398; x_wconf 71' lang='grc' dir='ltr'>αὑτὺν</span> <span class='ocrx_word' id='word_1_515' title='bbox 407 3344 492 3414; x_wconf 72' lang='grc' dir='ltr'><strong>ἐφ’</strong></span> <span class='ocrx_word' id='word_1_516' title='bbox 528 3345 655 3416; x_wconf 82' lang='grc' dir='ltr'>ὅλης</span> <span class='ocrx_word' id='word_1_517' title='bbox 700 3346 801 3415; x_wconf 79' lang='grc' dir='ltr'><strong>τῆς</strong></span> <span class='ocrx_word' id='word_1_518' title='bbox 830 3346 1143 3417; x_wconf 83' lang='grc' dir='ltr'>βασιλείας,</span> <span class='ocrx_word' id='word_1_519' title='bbox 1178 3350 1242 3399; x_wconf 80' lang='grc' dir='ltr'><strong>ἐκ</strong></span> <span class='ocrx_word' id='word_1_520' title='bbox 1279 3347 1386 3399; x_wconf 89' lang='grc' dir='ltr'><strong>τῶν</strong></span> <span class='ocrx_word' id='word_1_521' title='bbox 1415 3350 1741 3417; x_wconf 61' lang='grc' dir='ltr'>πραγμάτων.</span> 
     </span>
    </p>
   </div>
   <div class='ocr_carea' id='block_1_67' title="bbox 1921 3343 3459 3417">
    <p class='ocr_par' dir='ltr' id='par_1_67' title="bbox 1921 3343 3459 3417">
     <span class='ocr_line' id='line_1_67' title="bbox 1921 3343 3459 3417; baseline -0.006 -13"><span class='ocrx_word' id='word_1_522' title='bbox 1921 3366 2071 3404; x_wconf 80' lang='lat' dir='ltr'><strong>onam</strong></span> <span class='ocrx_word' id='word_1_523' title='bbox 2106 3349 2205 3417; x_wconf 88' lang='lat' dir='ltr'><strong>ipsi</strong></span> <span class='ocrx_word' id='word_1_524' title='bbox 2243 3357 2502 3401; x_wconf 89' lang='lat' dir='ltr'><strong>necteret.</strong></span> <span class='ocrx_word' id='word_1_525' title='bbox 2537 3347 2697 3415; x_wconf 81' lang='lat'><strong>397</strong></span> <span class='ocrx_word' id='word_1_526' title='bbox 2736 3346 3034 3401; x_wconf 70' lang='lat' dir='ltr'><strong>Prmstabat</strong></span> <span class='ocrx_word' id='word_1_527' title='bbox 3068 3346 3211 3399; x_wconf 92' lang='lat' dir='ltr'><strong>enim</strong></span> <span class='ocrx_word' id='word_1_528' title='bbox 3250 3360 3354 3397; x_wconf 90' lang='lat' dir='ltr'><strong>non</strong></span> <span class='ocrx_word' id='word_1_529' title='bbox 3392 3343 3459 3395; x_wconf 91' lang='lat' dir='ltr'><strong>iis</strong></span> 
     </span>
    </p>
   </div>
   <div class='ocr_carea' id='block_1_68' title="bbox 204 3436 1742 3509">
    <p class='ocr_par' dir='ltr' id='par_1_68' title="bbox 204 3436 1742 3507">
     <span class='ocr_line' id='line_1_68' title="bbox 204 3436 1742 3507; baseline -0.001 -16"><span class='ocrx_word' id='word_1_530' title='bbox 204 3437 491 3504; x_wconf 77' lang='grc' dir='ltr'>κρείττονα</span> <span class='ocrx_word' id='word_1_531' title='bbox 518 3436 626 3489; x_wconf 88' lang='grc' dir='ltr'><strong>τῶν</strong></span> <span class='ocrx_word' id='word_1_532' title='bbox 667 3436 872 3489; x_wconf 87' lang='grc' dir='ltr'>λοιπῶν</span> <span class='ocrx_word' id='word_1_533' title='bbox 900 3438 1141 3507; x_wconf 86' lang='grc' dir='ltr'>δηλονότι</span> <span class='ocrx_word' id='word_1_534' title='bbox 1187 3437 1439 3504; x_wconf 73' lang='grc' dir='ltr'>ὀφθέντα·</span> <span class='ocrx_word' id='word_1_535' title='bbox 1473 3439 1522 3489; x_wconf 87' lang='grc' dir='ltr'>οἱ</span> <span class='ocrx_word' id='word_1_536' title='bbox 1556 3439 1599 3490; x_wconf 79' lang='grc' dir='ltr'>δ’</span> <span class='ocrx_word' id='word_1_537' title='bbox 1632 3440 1742 3493; x_wconf 85' lang='grc' dir='ltr'>ἄλλ‹</span> 
     </span>
    </p>
   </div>
   <div class='ocr_carea' id='block_1_69' title="bbox 1921 3436 3459 3509">
    <p class='ocr_par' dir='ltr' id='par_1_69' title="bbox 1921 3436 3459 3509">
     <span class='ocr_line' id='line_1_69' title="bbox 1921 3436 3459 3509; baseline -0.007 -13"><span class='ocrx_word' id='word_1_538' title='bbox 1921 3450 2165 3506; x_wconf 81' lang='lat' dir='ltr'><strong>untaxat,</strong></span> <span class='ocrx_word' id='word_1_539' title='bbox 2201 3442 2289 3509; x_wconf 93' lang='lat' dir='ltr'><strong>qui</strong></span> <span class='ocrx_word' id='word_1_540' title='bbox 2333 3438 2443 3507; x_wconf 84' lang='lat' dir='ltr'><strong>regi</strong></span> <span class='ocrx_word' id='word_1_541' title='bbox 2485 3441 2772 3504; x_wconf 81' lang='lat' dir='ltr'><strong>prudentes</strong></span> <span class='ocrx_word' id='word_1_542' title='bbox 2812 3448 2867 3491; x_wconf 90' lang='lat' dir='ltr'><strong>et</strong></span> <span class='ocrx_word' id='word_1_543' title='bbox 2907 3438 3111 3491; x_wconf 88' lang='lat' dir='ltr'><strong>cordati</strong></span> <span class='ocrx_word' id='word_1_544' title='bbox 3153 3452 3274 3491; x_wconf 89' lang='lat' dir='ltr'><strong>esse</strong></span> <span class='ocrx_word' id='word_1_545' title='bbox 3309 3436 3459 3489; x_wconf 90' lang='lat' dir='ltr'><strong>vide-</strong></span> 
     </span>
    </p>
   </div>
   <div class='ocr_carea' id='block_1_70' title="bbox 203 3526 1741 3599">
    <p class='ocr_par' dir='ltr' id='par_1_70' title="bbox 203 3526 1741 3599">
     <span class='ocr_line' id='line_1_70' title="bbox 203 3526 1741 3599; baseline 0.004 -21"><span class='ocrx_word' id='word_1_546' title='bbox 203 3526 384 3590; x_wconf 64' lang='lat' dir='ltr'><strong>&amp;Jlou;</strong></span> <span class='ocrx_word' id='word_1_547' title='bbox 417 3528 511 3580; x_wconf 78' lang='grc' dir='ltr'>καὶ</span> <span class='ocrx_word' id='word_1_548' title='bbox 546 3528 852 3598; x_wconf 81' lang='grc' dir='ltr'>σκευωρίας</span> <span class='ocrx_word' id='word_1_549' title='bbox 906 3529 1133 3599; x_wconf 80' lang='grc' dir='ltr'>ῥάπτειν</span> <span class='ocrx_word' id='word_1_550' title='bbox 1179 3528 1546 3594; x_wconf 88' lang='grc' dir='ltr'>διεγίνωσκον.</span> <span class='ocrx_word' id='word_1_551' title='bbox 1586 3531 1741 3584; x_wconf 74' lang='grc' dir='ltr'>Φθόνε</span> 
     </span>
    </p>
   </div>
   <div class='ocr_carea' id='block_1_71' title="bbox 1920 3526 3458 3599">
    <p class='ocr_par' dir='ltr' id='par_1_71' title="bbox 1922 3529 3458 3599">
     <span class='ocr_line' id='line_1_71' title="bbox 1922 3529 3458 3599; baseline -0.007 -12"><span class='ocrx_word' id='word_1_552' title='bbox 1922 3544 2101 3597; x_wconf 89' lang='lat' dir='ltr'><strong>antur,</strong></span> <span class='ocrx_word' id='word_1_553' title='bbox 2121 3548 2306 3587; x_wconf 87' lang='lat' dir='ltr'><strong>verum</strong></span> <span class='ocrx_word' id='word_1_554' title='bbox 2330 3531 2393 3584; x_wconf 93' lang='lat' dir='ltr'><strong>iis</strong></span> <span class='ocrx_word' id='word_1_555' title='bbox 2415 3544 2628 3598; x_wconf 88' lang='lat' dir='ltr'><strong>quoque</strong></span> <span class='ocrx_word' id='word_1_556' title='bbox 2648 3530 2737 3599; x_wconf 88' lang='lat' dir='ltr'><strong>qui</strong></span> <span class='ocrx_word' id='word_1_557' title='bbox 2765 3544 2950 3584; x_wconf 87' lang='lat' dir='ltr'><strong>revera</strong></span> <span class='ocrx_word' id='word_1_558' title='bbox 2972 3529 3263 3599; x_wconf 86' lang='lat' dir='ltr'><strong>prudentes</strong></span> <span class='ocrx_word' id='word_1_559' title='bbox 3284 3536 3458 3580; x_wconf 87' lang='lat' dir='ltr'><strong>erant.</strong></span> 
     </span>
    </p>
   </div>
   <div class='ocr_carea' id='block_1_72' title="bbox 205 3615 1743 3696">
    <p class='ocr_par' dir='ltr' id='par_1_72' title="bbox 205 3622 1657 3696">
     <span class='ocr_line' id='line_1_72' title="bbox 205 3622 1657 3696; baseline 0.002 -22"><span class='ocrx_word' id='word_1_560' title='bbox 205 3624 313 3693; x_wconf 64' lang='grc' dir='ltr'><strong>γὰρ</strong></span> <span class='ocrx_word' id='word_1_561' title='bbox 341 3625 462 3684; x_wconf 79' lang='grc' dir='ltr'>ταῖς</span> <span class='ocrx_word' id='word_1_562' title='bbox 490 3622 819 3694; x_wconf 84' lang='grc' dir='ltr'>εὐπραγίαις</span> <span class='ocrx_word' id='word_1_563' title='bbox 850 3626 1362 3696; x_wconf 84' lang='grc' dir='ltr'>άντιστρατεύεσθαι</span> <span class='ocrx_word' id='word_1_564' title='bbox 1393 3626 1657 3692; x_wconf 79' lang='grc' dir='ltr'>πέφυκεν.</span> 
     </span>
    </p>
   </div>
   <div class='ocr_carea' id='block_1_73' title="bbox 1922 3615 3460 3696">
    <p class='ocr_par' dir='ltr' id='par_1_73' title="bbox 1922 3615 3460 3689">
     <span class='ocr_line' id='line_1_73' title="bbox 1922 3615 3460 3689; baseline -0.009 -12"><span class='ocrx_word' id='word_1_565' title='bbox 1922 3624 2153 3689; x_wconf 65' lang='lat' dir='ltr'><strong>luocirca</strong></span> <span class='ocrx_word' id='word_1_566' title='bbox 2182 3620 2342 3675; x_wconf 89' lang='lat' dir='ltr'><strong>etiam</strong></span> <span class='ocrx_word' id='word_1_567' title='bbox 2372 3634 2462 3672; x_wconf 88' lang='lat' dir='ltr'><strong>rex</strong></span> <span class='ocrx_word' id='word_1_568' title='bbox 2492 3618 2706 3686; x_wconf 86' lang='lat' dir='ltr'><strong>quidem</strong></span> <span class='ocrx_word' id='word_1_569' title='bbox 2741 3619 2906 3672; x_wconf 91' lang='lat' dir='ltr'><strong>totius</strong></span> <span class='ocrx_word' id='word_1_570' title='bbox 2934 3617 3082 3687; x_wconf 84' lang='lat' dir='ltr'><strong>regni</strong></span> <span class='ocrx_word' id='word_1_571' title='bbox 3114 3615 3460 3671; x_wconf 72' lang='lat' dir='ltr'><strong>administra-</strong></span> 
     </span>
    </p>
   </div>
   <div class='ocr_carea' id='block_1_74' title="bbox 210 3712 3455 3788">
    <p class='ocr_par' dir='ltr' id='par_1_74' title="bbox 210 3712 3455 3788">
     <span class='ocr_line' id='line_1_74' title="bbox 210 3712 3455 3788; baseline 0 -23"><span class='ocrx_word' id='word_1_572' title='bbox 210 3716 334 3768; x_wconf 82' lang='lat' dir='ltr'><strong>tioni</strong></span> <span class='ocrx_word' id='word_1_573' title='bbox 368 3731 494 3770; x_wconf 83' lang='lat' dir='ltr'><strong>eum</strong></span> <span class='ocrx_word' id='word_1_574' title='bbox 532 3719 792 3787; x_wconf 70' lang='lat' dir='ltr'><strong>praefecit,</strong></span> <span class='ocrx_word' id='word_1_575' title='bbox 824 3726 883 3770; x_wconf 92' lang='lat' dir='ltr'><strong>ut</strong></span> <span class='ocrx_word' id='word_1_576' title='bbox 913 3718 1004 3786; x_wconf 89' lang='lat' dir='ltr'><strong>qui</strong></span> <span class='ocrx_word' id='word_1_577' title='bbox 1036 3718 1244 3772; x_wconf 87' lang='lat' dir='ltr'><strong>scilicet</strong></span> <span class='ocrx_word' id='word_1_578' title='bbox 1272 3734 1339 3772; x_wconf 78' lang='lat' dir='ltr'><strong>ex</strong></span> <span class='ocrx_word' id='word_1_579' title='bbox 1375 3736 1550 3772; x_wconf 86' lang='lat' dir='ltr'><strong>rerum</strong></span> <span class='ocrx_word' id='word_1_580' title='bbox 1585 3718 1961 3788; x_wconf 88' lang='lat' dir='ltr'><strong>procuratione</strong></span> <span class='ocrx_word' id='word_1_581' title='bbox 2024 3716 2248 3785; x_wconf 90' lang='lat' dir='ltr'><strong>reliquis</strong></span> <span class='ocrx_word' id='word_1_582' title='bbox 2306 3718 2554 3771; x_wconf 81' lang='lat' dir='ltr'><strong>omnibus</strong></span> <span class='ocrx_word' id='word_1_583' title='bbox 2601 3714 3030 3782; x_wconf 66' lang='lat' dir='ltr'><strong>praestantiorem</strong></span> <span class='ocrx_word' id='word_1_584' title='bbox 3065 3728 3123 3767; x_wconf 91' lang='lat' dir='ltr'><strong>se</strong></span> <span class='ocrx_word' id='word_1_585' title='bbox 3190 3712 3455 3783; x_wconf 83' lang='lat' dir='ltr'><strong>praebuis-</strong></span> 
     </span>
    </p>
   </div>
   <div class='ocr_carea' id='block_1_75' title="bbox 207 3803 3456 3864">
    <p class='ocr_par' dir='ltr' id='par_1_75' title="bbox 207 3803 3456 3864">
     <span class='ocr_line' id='line_1_75' title="bbox 207 3803 3456 3864; baseline -0.002 -5"><span class='ocrx_word' id='word_1_586' title='bbox 207 3817 286 3859; x_wconf 85' lang='lat' dir='ltr'><strong>set</strong></span> <span class='ocrx_word' id='word_1_587' title='bbox 334 3823 348 3858; x_wconf 92' lang='lat'><strong>:</strong></span> <span class='ocrx_word' id='word_1_588' title='bbox 408 3806 499 3859; x_wconf 88' lang='lat' dir='ltr'><strong>alii</strong></span> <span class='ocrx_word' id='word_1_589' title='bbox 546 3817 725 3861; x_wconf 87' lang='lat' dir='ltr'><strong>autem</strong></span> <span class='ocrx_word' id='word_1_590' title='bbox 774 3808 923 3862; x_wconf 92' lang='lat' dir='ltr'><strong>dolos</strong></span> <span class='ocrx_word' id='word_1_591' title='bbox 973 3824 1037 3860; x_wconf 90' lang='lat' dir='ltr'><strong>ac</strong></span> <span class='ocrx_word' id='word_1_592' title='bbox 1084 3808 1302 3862; x_wconf 79' lang='lat' dir='ltr'><strong>fraudes</strong></span> <span class='ocrx_word' id='word_1_593' title='bbox 1349 3810 1608 3864; x_wconf 88' lang='lat' dir='ltr'><strong>adversus</strong></span> <span class='ocrx_word' id='word_1_594' title='bbox 1657 3827 1777 3862; x_wconf 80' lang='lat' dir='ltr'><strong>eum</strong></span> <span class='ocrx_word' id='word_1_595' title='bbox 1835 3807 2167 3861; x_wconf 88' lang='lat' dir='ltr'><strong>concinnare</strong></span> <span class='ocrx_word' id='word_1_596' title='bbox 2216 3809 2268 3859; x_wconf 90' lang='lat' dir='ltr'><strong>in</strong></span> <span class='ocrx_word' id='word_1_597' title='bbox 2322 3808 2505 3861; x_wconf 88' lang='lat' dir='ltr'><strong>animo</strong></span> <span class='ocrx_word' id='word_1_598' title='bbox 2556 3806 2844 3859; x_wconf 84' lang='lat' dir='ltr'><strong>habebant.</strong></span> <span class='ocrx_word' id='word_1_599' title='bbox 2926 3804 3020 3858; x_wconf 89' lang='lat' dir='ltr'><strong>Sic</strong></span> <span class='ocrx_word' id='word_1_600' title='bbox 3067 3803 3210 3859; x_wconf 87' lang='lat' dir='ltr'><strong>enim</strong></span> <span class='ocrx_word' id='word_1_601' title='bbox 3266 3815 3456 3857; x_wconf 86' lang='lat' dir='ltr'><strong>natura</strong></span> 
     </span>
    </p>
   </div>
   <div class='ocr_carea' id='block_1_76' title="bbox 210 3899 2227 3967">
    <p class='ocr_par' dir='ltr' id='par_1_76' title="bbox 210 3899 2227 3967">
     <span class='ocr_line' id='line_1_76' title="bbox 210 3899 2227 3967; baseline -0 -14"><span class='ocrx_word' id='word_1_602' title='bbox 210 3908 583 3967; x_wconf 71' lang='lat' dir='ltr'><strong>consparatnm</strong></span> <span class='ocrx_word' id='word_1_603' title='bbox 631 3907 749 3965; x_wconf 87' lang='lat' dir='ltr'><strong>est,</strong></span> <span class='ocrx_word' id='word_1_604' title='bbox 797 3908 858 3952; x_wconf 89' lang='lat' dir='ltr'><strong>ut</strong></span> <span class='ocrx_word' id='word_1_605' title='bbox 901 3899 1041 3953; x_wconf 87' lang='lat' dir='ltr'><strong>livor</strong></span> <span class='ocrx_word' id='word_1_606' title='bbox 1089 3901 1347 3955; x_wconf 85' lang='lat' dir='ltr'><strong>adversus</strong></span> <span class='ocrx_word' id='word_1_607' title='bbox 1397 3918 1482 3954; x_wconf 92' lang='lat' dir='ltr'><strong>res</strong></span> <span class='ocrx_word' id='word_1_608' title='bbox 1532 3906 1791 3955; x_wconf 71' lang='lat' dir='ltr'><strong>secundas</strong></span> <span class='ocrx_word' id='word_1_609' title='bbox 1832 3899 2029 3953; x_wconf 87' lang='lat' dir='ltr'><strong>bellum</strong></span> <span class='ocrx_word' id='word_1_610' title='bbox 2064 3900 2227 3953; x_wconf 89' lang='lat' dir='ltr'><strong>ineat.</strong></span> 
     </span>
    </p>
   </div>
   <div class='ocr_carea' id='block_1_77' title="bbox 746 4008 2284 4083">
    <p class='ocr_par' dir='ltr' id='par_1_77' title="bbox 746 4011 1257 4083">
     <span class='ocr_line' id='line_1_77' title="bbox 746 4011 1257 4083; baseline 0.006 -20"><span class='ocrx_word' id='word_1_611' title='bbox 746 4011 905 4066; x_wconf 82' lang='lat' dir='ltr'><strong>I‘NZ&#39;.</strong></span> <span class='ocrx_word' id='word_1_612' title='bbox 933 4042 1003 4052; x_wconf 89' lang='lat'><strong>—</strong></span> <span class='ocrx_word' id='word_1_613' title='bbox 1028 4013 1257 4083; x_wconf 81' lang='grc' dir='ltr'><strong>ΗΣΑΙᾼ.</strong></span> 
     </span>
    </p>
   </div>
   <div class='ocr_carea' id='block_1_78' title="bbox 1457 4008 2995 4083">
    <p class='ocr_par' dir='ltr' id='par_1_78' title="bbox 2360 4008 2995 4064">
     <span class='ocr_line' id='line_1_78' title="bbox 2360 4008 2995 4064; baseline -0.003 -1"><span class='ocrx_word' id='word_1_614' title='bbox 2360 4008 2641 4064; x_wconf 79' lang='lat' dir='ltr'><strong>CCCLVII.</strong></span> <span class='ocrx_word' id='word_1_615' title='bbox 2672 4040 2741 4049; x_wconf 91' lang='lat'><strong>—</strong></span> <span class='ocrx_word' id='word_1_616' title='bbox 2770 4008 2995 4063; x_wconf 63' lang='lat' dir='ltr'><strong>ISAIzE.</strong></span> 
     </span>
    </p>
   </div>
   <div class='ocr_carea' id='block_1_79' title="bbox 277 4122 1815 4195">
    <p class='ocr_par' dir='ltr' id='par_1_79' title="bbox 277 4123 1783 4195">
     <span class='ocr_line' id='line_1_79' title="bbox 277 4123 1783 4195; baseline -0.001 -20"><span class='ocrx_word' id='word_1_617' title='bbox 277 4123 454 4181; x_wconf 78' lang='grc' dir='ltr'>Βλέπε</span> <span class='ocrx_word' id='word_1_618' title='bbox 491 4124 565 4195; x_wconf 87' lang='grc' dir='ltr'>μή</span> <span class='ocrx_word' id='word_1_619' title='bbox 630 4140 761 4176; x_wconf 89' lang='grc' dir='ltr'>ποτε</span> <span class='ocrx_word' id='word_1_620' title='bbox 805 4125 839 4195; x_wconf 85' lang='grc' dir='ltr'>ἡ</span> <span class='ocrx_word' id='word_1_621' title='bbox 888 4123 1299 4195; x_wconf 76' lang='grc' dir='ltr'>ἁνυπέρόλητός</span> <span class='ocrx_word' id='word_1_622' title='bbox 1349 4142 1440 4177; x_wconf 91' lang='grc' dir='ltr'><strong>σου</strong></span> <span class='ocrx_word' id='word_1_623' title='bbox 1501 4123 1783 4184; x_wconf 71' lang='grc' dir='ltr'>ἀλαζονεία</span> 
     </span>
    </p>
   </div>
   <div class='ocr_carea' id='block_1_80' title="bbox 1925 4122 3463 4195">
    <p class='ocr_par' dir='ltr' id='par_1_80' title="bbox 1966 4122 3463 4192">
     <span class='ocr_line' id='line_1_80' title="bbox 1966 4122 3463 4192; baseline -0.001 -18"><span class='ocrx_word' id='word_1_624' title='bbox 1966 4122 2116 4182; x_wconf 74' lang='lat' dir='ltr'><strong>Vide,</strong></span> <span class='ocrx_word' id='word_1_625' title='bbox 2145 4139 2349 4187; x_wconf 65' lang='lat' dir='ltr'><strong>quazso,</strong></span> <span class='ocrx_word' id='word_1_626' title='bbox 2382 4139 2446 4177; x_wconf 90' lang='lat' dir='ltr'><strong>ne</strong></span> <span class='ocrx_word' id='word_1_627' title='bbox 2477 4123 2858 4192; x_wconf 88' lang='lat' dir='ltr'><strong>insuperabilis</strong></span> <span class='ocrx_word' id='word_1_628' title='bbox 2900 4132 2988 4174; x_wconf 89' lang='lat' dir='ltr'><strong>tua</strong></span> <span class='ocrx_word' id='word_1_629' title='bbox 3035 4122 3339 4188; x_wconf 83' lang='lat' dir='ltr'><strong>arrogantia</strong></span> <span class='ocrx_word' id='word_1_630' title='bbox 3380 4122 3463 4175; x_wconf 89' lang='lat' dir='ltr'><strong>di-</strong></span> 
     </span>
    </p>
   </div>
   <div class='ocr_carea' id='block_1_81' title="bbox 214 4195 1752 4287">
    <p class='ocr_par' dir='ltr' id='par_1_81' title="bbox 214 4215 1742 4287">
     <span class='ocr_line' id='line_1_81' title="bbox 214 4215 1742 4287; baseline -0.002 -19"><span class='ocrx_word' id='word_1_631' title='bbox 214 4216 503 4287; x_wconf 79' lang='grc' dir='ltr'>ἁναγκάσῃ</span> <span class='ocrx_word' id='word_1_632' title='bbox 538 4215 636 4285; x_wconf 84' lang='grc' dir='ltr'>τὴν</span> <span class='ocrx_word' id='word_1_633' title='bbox 690 4215 842 4267; x_wconf 80' lang='grc' dir='ltr'>θείαν</span> <span class='ocrx_word' id='word_1_634' title='bbox 871 4216 966 4268; x_wconf 78' lang='grc' dir='ltr'><strong>καὶ</strong></span> <span class='ocrx_word' id='word_1_635' title='bbox 993 4215 1355 4285; x_wconf 86' lang='grc' dir='ltr'>ήμερωτάτην</span> <span class='ocrx_word' id='word_1_636' title='bbox 1399 4216 1558 4283; x_wconf 74' lang='grc' dir='ltr'>φύσιν</span> <span class='ocrx_word' id='word_1_637' title='bbox 1586 4216 1684 4285; x_wconf 79' lang='grc' dir='ltr'><strong>τὴν</strong></span> <span class='ocrx_word' id='word_1_638' title='bbox 1717 4232 1742 4265; x_wconf 92' lang='grc' dir='ltr'><strong>ο</strong></span> 
     </span>
    </p>
   </div>
   <div class='ocr_carea' id='block_1_82' title="bbox 1962 4195 3500 4287">
    <p class='ocr_par' dir='ltr' id='par_1_82' title="bbox 1962 4195 3500 4275">
     <span class='ocr_line' id='line_1_82' title="bbox 1962 4195 3500 4275; baseline 0 -13"><span class='ocrx_word' id='word_1_639' title='bbox 1962 4228 2066 4263; x_wconf 79' lang='lat' dir='ltr'><strong>tam</strong></span> <span class='ocrx_word' id='word_1_640' title='bbox 2099 4212 2243 4264; x_wconf 88' lang='lat' dir='ltr'><strong>illam</strong></span> <span class='ocrx_word' id='word_1_641' title='bbox 2274 4223 2327 4264; x_wconf 87' lang='lat' dir='ltr'><strong>et</strong></span> <span class='ocrx_word' id='word_1_642' title='bbox 2356 4212 2842 4265; x_wconf 79' lang='lat' dir='ltr'><strong>immsuetissimam</strong></span> <span class='ocrx_word' id='word_1_643' title='bbox 2872 4222 3115 4264; x_wconf 87' lang='lat' dir='ltr'><strong>naturam</strong></span> <span class='ocrx_word' id='word_1_644' title='bbox 3145 4212 3251 4263; x_wconf 85' lang='lat' dir='ltr'><strong>vim</strong></span> <span class='ocrx_word' id='word_1_645' title='bbox 3282 4227 3462 4268; x_wconf 82' lang='lat' dir='ltr'><strong>suam,</strong></span> <span class='ocrx_word' id='word_1_646' title='bbox 3482 4195 3500 4275; x_wconf 51' lang='grc' dir='ltr'><strong>ξ</strong></span> 
     </span>
    </p>
   </div>
   <div class='ocr_carea' id='block_1_83' title="bbox 215 4287 1753 4390">
    <p class='ocr_par' dir='ltr' id='par_1_83' title="bbox 215 4302 1753 4375">
     <span class='ocr_line' id='line_1_83' title="bbox 215 4302 1753 4375; baseline 0 -19"><span class='ocrx_word' id='word_1_647' title='bbox 215 4306 363 4357; x_wconf 76' lang='grc' dir='ltr'>κείαν</span> <span class='ocrx_word' id='word_1_648' title='bbox 398 4303 776 4368; x_wconf 76' lang='grc' dir='ltr'>ἐπιδείξασθαι</span> <span class='ocrx_word' id='word_1_649' title='bbox 825 4304 1079 4374; x_wconf 83' lang='grc' dir='ltr'>δύναμιν,</span> <span class='ocrx_word' id='word_1_650' title='bbox 1120 4306 1216 4375; x_wconf 86' lang='grc' dir='ltr'>τὴν</span> <span class='ocrx_word' id='word_1_651' title='bbox 1251 4302 1529 4360; x_wconf 79' lang='grc' dir='ltr'>κάνταῦθά</span> <span class='ocrx_word' id='word_1_652' title='bbox 1556 4305 1753 4358; x_wconf 86' lang='grc' dir='ltr'>πανολε</span> 
     </span>
    </p>
   </div>
   <div class='ocr_carea' id='block_1_84' title="bbox 1960 4287 3498 4390">
    <p class='ocr_par' dir='ltr' id='par_1_84' title="bbox 1960 4287 3498 4365">
     <span class='ocr_line' id='line_1_84' title="bbox 1960 4287 3498 4365; baseline 0 -14"><span class='ocrx_word' id='word_1_653' title='bbox 1960 4318 2013 4356; x_wconf 62' lang='grc' dir='ltr'><strong>ω</strong></span> <span class='ocrx_word' id='word_1_654' title='bbox 2049 4314 2099 4356; x_wconf 91' lang='lat' dir='ltr'><strong>Ie</strong></span> <span class='ocrx_word' id='word_1_655' title='bbox 2125 4310 2180 4355; x_wconf 90' lang='lat' dir='ltr'><strong>et</strong></span> <span class='ocrx_word' id='word_1_656' title='bbox 2211 4304 2295 4357; x_wconf 84' lang='lat' dir='ltr'><strong>hic</strong></span> <span class='ocrx_word' id='word_1_657' title='bbox 2318 4302 2559 4355; x_wconf 83' lang='lat' dir='ltr'><strong>funditus</strong></span> <span class='ocrx_word' id='word_1_658' title='bbox 2585 4304 2766 4356; x_wconf 89' lang='lat' dir='ltr'><strong>delere</strong></span> <span class='ocrx_word' id='word_1_659' title='bbox 2787 4347 2800 4365; x_wconf 92' lang='lat'><strong>,</strong></span> <span class='ocrx_word' id='word_1_660' title='bbox 2834 4312 2888 4356; x_wconf 89' lang='lat' dir='ltr'><strong>et</strong></span> <span class='ocrx_word' id='word_1_661' title='bbox 2929 4302 3037 4355; x_wconf 92' lang='lat' dir='ltr'><strong>illic</strong></span> <span class='ocrx_word' id='word_1_662' title='bbox 3078 4287 3498 4359; x_wconf 38' lang='lat' dir='ltr'><strong>acerbissimum;</strong></span> 
     </span>
    </p>
   </div>
   <div class='ocr_carea' id='block_1_85' title="bbox 216 4393 1754 4467">
    <p class='ocr_par' dir='ltr' id='par_1_85' title="bbox 216 4394 1754 4467">
     <span class='ocr_line' id='line_1_85' title="bbox 216 4394 1754 4467; baseline 0.001 -20"><span class='ocrx_word' id='word_1_663' title='bbox 216 4395 369 4465; x_wconf 66' lang='grc' dir='ltr'>’ἔρξαν</span> <span class='ocrx_word' id='word_1_664' title='bbox 395 4396 509 4466; x_wconf 84' lang='grc'><strong>(90)</strong></span> <span class='ocrx_word' id='word_1_665' title='bbox 540 4413 600 4448; x_wconf 91' lang='grc' dir='ltr'><strong>σε</strong></span> <span class='ocrx_word' id='word_1_666' title='bbox 628 4394 988 4466; x_wconf 80' lang='grc' dir='ltr'>παραδοῦναι,</span> <span class='ocrx_word' id='word_1_667' title='bbox 1013 4399 1236 4449; x_wconf 78' lang='grc' dir='ltr'>κάκεῖσε</span> <span class='ocrx_word' id='word_1_668' title='bbox 1268 4398 1594 4467; x_wconf 85' lang='grc' dir='ltr'>πικροτάτας</span> <span class='ocrx_word' id='word_1_669' title='bbox 1619 4402 1754 4452; x_wconf 80' lang='grc' dir='ltr'>ἁπαι</span> 
     </span>
    </p>
   </div>
   <div class='ocr_carea' id='block_1_86' title="bbox 1890 4393 3428 4467">
    <p class='ocr_par' dir='ltr' id='par_1_86' title="bbox 1897 4393 3428 4463">
     <span class='ocr_line' id='line_1_86' title="bbox 1897 4393 3428 4463; baseline -0.001 -18"><span class='ocrx_word' id='word_1_670' title='bbox 1897 4393 1992 4447; x_wconf 89' lang='lat' dir='ltr'><strong>abs</strong></span> <span class='ocrx_word' id='word_1_671' title='bbox 2030 4404 2079 4446; x_wconf 92' lang='lat' dir='ltr'><strong>te</strong></span> <span class='ocrx_word' id='word_1_672' title='bbox 2118 4409 2306 4461; x_wconf 68' lang='lat' dir='ltr'><strong>pinnas</strong></span> <span class='ocrx_word' id='word_1_673' title='bbox 2335 4406 2588 4463; x_wconf 80' lang='lat' dir='ltr'><strong>expetere</strong></span> <span class='ocrx_word' id='word_1_674' title='bbox 2619 4404 2815 4462; x_wconf 83' lang='lat' dir='ltr'><strong>potest,</strong></span> <span class='ocrx_word' id='word_1_675' title='bbox 2848 4396 3223 4447; x_wconf 87' lang='lat' dir='ltr'><strong>demonstrare</strong></span> <span class='ocrx_word' id='word_1_676' title='bbox 3254 4406 3428 4461; x_wconf 79' lang='lat' dir='ltr'><strong>cogat.</strong></span> 
     </span>
    </p>
   </div>
   <div class='ocr_carea' id='block_1_87' title="bbox 214 4487 911 4559">
    <p class='ocr_par' dir='ltr' id='par_1_87' title="bbox 214 4487 911 4559">
     <span class='ocr_line' id='line_1_87' title="bbox 214 4487 911 4559; baseline 0.001 -20"><span class='ocrx_word' id='word_1_677' title='bbox 214 4489 369 4557; x_wconf 76' lang='grc' dir='ltr'>τῆσαι</span> <span class='ocrx_word' id='word_1_678' title='bbox 397 4488 553 4551; x_wconf 85' lang='grc' dir='ltr'>δίκας</span> <span class='ocrx_word' id='word_1_679' title='bbox 582 4487 911 4559; x_wconf 88' lang='grc' dir='ltr'>δυναμένην.</span> 
     </span>
    </p>
   </div>
   <div class='ocr_carea' id='block_1_88' title="bbox 683 4574 2221 4652">
    <p class='ocr_par' dir='ltr' id='par_1_88' title="bbox 683 4577 1310 4652">
     <span class='ocr_line' id='line_1_88' title="bbox 683 4577 1310 4652; baseline -0.005 -21"><span class='ocrx_word' id='word_1_680' title='bbox 683 4577 859 4633; x_wconf 80' lang='lat' dir='ltr'><strong>TNH&#39;.</strong></span> <span class='ocrx_word' id='word_1_681' title='bbox 886 4610 960 4620; x_wconf 94' lang='lat'><strong>—</strong></span> <span class='ocrx_word' id='word_1_682' title='bbox 996 4581 1083 4652; x_wconf 74' lang='lat' dir='ltr'><strong>To</strong></span> <span class='ocrx_word' id='word_1_683' title='bbox 1110 4581 1310 4651; x_wconf 80' lang='grc' dir='ltr'>ΑΥΤῼ.</span> 
     </span>
    </p>
   </div>
   <div class='ocr_carea' id='block_1_89' title="bbox 1465 4574 3003 4652">
    <p class='ocr_par' dir='ltr' id='par_1_89' title="bbox 2349 4574 3003 4630">
     <span class='ocr_line' id='line_1_89' title="bbox 2349 4574 3003 4630; baseline 0 0"><span class='ocrx_word' id='word_1_684' title='bbox 2349 4574 2654 4630; x_wconf 81' lang='lat' dir='ltr'><strong>CCCLVllI.</strong></span> <span class='ocrx_word' id='word_1_685' title='bbox 2682 4606 2749 4615; x_wconf 95' lang='lat'><strong>—</strong></span> <span class='ocrx_word' id='word_1_686' title='bbox 2776 4574 3003 4630; x_wconf 82' lang='lat' dir='ltr'><strong>EIDEM.</strong></span> 
     </span>
    </p>
   </div>
   <div class='ocr_carea' id='block_1_90' title="bbox 293 4689 1831 4763">
    <p class='ocr_par' dir='ltr' id='par_1_90' title="bbox 293 4690 1781 4763">
     <span class='ocr_line' id='line_1_90' title="bbox 293 4690 1781 4763; baseline -0.001 -19"><span class='ocrx_word' id='word_1_687' title='bbox 293 4690 352 4744; x_wconf 84' lang='grc' dir='ltr'><strong>Ὀ</strong></span> <span class='ocrx_word' id='word_1_688' title='bbox 375 4692 682 4761; x_wconf 76' lang='grc' dir='ltr'>χρημάτων</span> <span class='ocrx_word' id='word_1_689' title='bbox 711 4692 997 4762; x_wconf 86' lang='grc' dir='ltr'>κρείττων,</span> <span class='ocrx_word' id='word_1_690' title='bbox 1033 4690 1155 4745; x_wconf 70' lang='grc' dir='ltr'>οὔτε</span> <span class='ocrx_word' id='word_1_691' title='bbox 1186 4694 1264 4754; x_wconf 85' lang='grc' dir='ltr'><strong>είς</strong></span> <span class='ocrx_word' id='word_1_692' title='bbox 1296 4694 1418 4755; x_wconf 79' lang='grc' dir='ltr'>τοὺς</span> <span class='ocrx_word' id='word_1_693' title='bbox 1447 4692 1658 4763; x_wconf 78' lang='grc' dir='ltr'>πλούτῳ</span> <span class='ocrx_word' id='word_1_694' title='bbox 1689 4710 1781 4745; x_wconf 86' lang='grc' dir='ltr'>κο-</span> 
     </span>
    </p>
   </div>
   <div class='ocr_carea' id='block_1_91' title="bbox 1924 4689 3462 4763">
    <p class='ocr_par' dir='ltr' id='par_1_91' title="bbox 1960 4689 3462 4759">
     <span class='ocr_line' id='line_1_91' title="bbox 1960 4689 3462 4759; baseline -0.001 -16"><span class='ocrx_word' id='word_1_695' title='bbox 1960 4689 2060 4755; x_wconf 87' lang='lat' dir='ltr'><strong>Qui</strong></span> <span class='ocrx_word' id='word_1_696' title='bbox 2092 4691 2333 4759; x_wconf 86' lang='lat' dir='ltr'><strong>pecuniis</strong></span> <span class='ocrx_word' id='word_1_697' title='bbox 2364 4692 2607 4759; x_wconf 88' lang='lat' dir='ltr'><strong>superior</strong></span> <span class='ocrx_word' id='word_1_698' title='bbox 2639 4700 2750 4753; x_wconf 89' lang='lat' dir='ltr'><strong>est,</strong></span> <span class='ocrx_word' id='word_1_699' title='bbox 2804 4704 2904 4743; x_wconf 89' lang='lat' dir='ltr'><strong>nec</strong></span> <span class='ocrx_word' id='word_1_700' title='bbox 2952 4690 3210 4742; x_wconf 83' lang='lat' dir='ltr'><strong>adversus</strong></span> <span class='ocrx_word' id='word_1_701' title='bbox 3252 4701 3345 4740; x_wconf 89' lang='lat' dir='ltr'><strong>eos</strong></span> <span class='ocrx_word' id='word_1_702' title='bbox 3372 4701 3462 4753; x_wconf 82' lang='lat' dir='ltr'><strong>qm</strong></span> 
     </span>
    </p>
   </div>
   <div class='ocr_carea' id='block_1_92' title="bbox 223 4778 1761 4853">
    <p class='ocr_par' dir='ltr' id='par_1_92' title="bbox 223 4778 1761 4852">
     <span class='ocr_line' id='line_1_92' title="bbox 223 4778 1761 4852; baseline 0.002 -22"><span class='ocrx_word' id='word_1_703' title='bbox 223 4778 456 4847; x_wconf 77' lang='grc' dir='ltr'>μῶντις,</span> <span class='ocrx_word' id='word_1_704' title='bbox 516 4778 639 4831; x_wconf 73' lang='grc' dir='ltr'>οὔτε</span> <span class='ocrx_word' id='word_1_705' title='bbox 686 4782 767 4843; x_wconf 84' lang='grc' dir='ltr'><strong>είς</strong></span> <span class='ocrx_word' id='word_1_706' title='bbox 814 4783 941 4844; x_wconf 81' lang='grc' dir='ltr'>τοὺς</span> <span class='ocrx_word' id='word_1_707' title='bbox 1003 4781 1405 4852; x_wconf 82' lang='grc' dir='ltr'>δυσνουθετήτῳ</span> <span class='ocrx_word' id='word_1_708' title='bbox 1461 4782 1653 4851; x_wconf 84' lang='grc' dir='ltr'>θηρίῳ,</span> <span class='ocrx_word' id='word_1_709' title='bbox 1712 4786 1761 4851; x_wconf 63' lang='grc' dir='ltr'>τῇ</span> 
     </span>
    </p>
   </div>
   <div class='ocr_carea' id='block_1_93' title="bbox 1924 4778 3462 4853">
    <p class='ocr_par' dir='ltr' id='par_1_93' title="bbox 1927 4782 3462 4853">
     <span class='ocr_line' id='line_1_93' title="bbox 1927 4782 3462 4853; baseline -0.005 -16"><span class='ocrx_word' id='word_1_710' title='bbox 1927 4785 2081 4853; x_wconf 90' lang='lat' dir='ltr'><strong>pibus</strong></span> <span class='ocrx_word' id='word_1_711' title='bbox 2106 4785 2400 4847; x_wconf 85' lang='lat' dir='ltr'><strong>abundant,</strong></span> <span class='ocrx_word' id='word_1_712' title='bbox 2428 4802 2523 4839; x_wconf 90' lang='lat' dir='ltr'><strong>nec</strong></span> <span class='ocrx_word' id='word_1_713' title='bbox 2553 4786 2809 4838; x_wconf 84' lang='lat' dir='ltr'><strong>adversus</strong></span> <span class='ocrx_word' id='word_1_714' title='bbox 2831 4798 2923 4837; x_wconf 87' lang='lat' dir='ltr'><strong>eos</strong></span> <span class='ocrx_word' id='word_1_715' title='bbox 2951 4782 3150 4851; x_wconf 89' lang='lat' dir='ltr'><strong>quibus</strong></span> <span class='ocrx_word' id='word_1_716' title='bbox 3175 4796 3296 4835; x_wconf 88' lang='lat' dir='ltr'><strong>cum</strong></span> <span class='ocrx_word' id='word_1_717' title='bbox 3326 4796 3462 4833; x_wconf 86' lang='lat' dir='ltr'><strong>con-</strong></span> 
     </span>
    </p>
   </div>
   <div class='ocr_carea' id='block_1_94' title="bbox 223 4869 1761 4945">
    <p class='ocr_par' dir='ltr' id='par_1_94' title="bbox 223 4869 1753 4943">
     <span class='ocr_line' id='line_1_94' title="bbox 223 4869 1753 4943; baseline 0.003 -23"><span class='ocrx_word' id='word_1_718' title='bbox 223 4869 378 4941; x_wconf 77' lang='grc' dir='ltr'>πενίᾳ</span> <span class='ocrx_word' id='word_1_719' title='bbox 421 4872 569 4940; x_wconf 81' lang='grc' dir='ltr'>φημὶ</span> <span class='ocrx_word' id='word_1_720' title='bbox 607 4872 970 4941; x_wconf 83' lang='grc' dir='ltr'>μαχομένους,</span> <span class='ocrx_word' id='word_1_721' title='bbox 1016 4872 1169 4943; x_wconf 81' lang='grc' dir='ltr'>παρὰ</span> <span class='ocrx_word' id='word_1_722' title='bbox 1211 4873 1374 4942; x_wconf 82' lang='grc' dir='ltr'>νόμον</span> <span class='ocrx_word' id='word_1_723' title='bbox 1402 4891 1454 4925; x_wconf 87' lang='grc' dir='ltr'><strong>τι</strong></span> <span class='ocrx_word' id='word_1_724' title='bbox 1481 4874 1620 4937; x_wconf 83' lang='grc' dir='ltr'><strong>ἁξιοί</strong></span> <span class='ocrx_word' id='word_1_725' title='bbox 1666 4874 1753 4926; x_wconf 89' lang='grc' dir='ltr'><strong>δια</strong></span> 
     </span>
    </p>
   </div>
   <div class='ocr_carea' id='block_1_95' title="bbox 1921 4869 3459 4945">
    <p class='ocr_par' dir='ltr' id='par_1_95' title="bbox 1921 4876 3459 4945">
     <span class='ocr_line' id='line_1_95' title="bbox 1921 4876 3459 4945; baseline -0.005 -16"><span class='ocrx_word' id='word_1_726' title='bbox 1921 4878 2087 4929; x_wconf 89' lang='lat' dir='ltr'><strong>umaci</strong></span> <span class='ocrx_word' id='word_1_727' title='bbox 2122 4876 2253 4940; x_wconf 81' lang='lat' dir='ltr'><strong>fera,</strong></span> <span class='ocrx_word' id='word_1_728' title='bbox 2293 4877 2394 4931; x_wconf 88' lang='lat' dir='ltr'><strong>hoc</strong></span> <span class='ocrx_word' id='word_1_729' title='bbox 2424 4890 2525 4942; x_wconf 89' lang='lat' dir='ltr'><strong>est,</strong></span> <span class='ocrx_word' id='word_1_730' title='bbox 2563 4893 2681 4930; x_wconf 91' lang='lat' dir='ltr'><strong>cum</strong></span> <span class='ocrx_word' id='word_1_731' title='bbox 2712 4883 3030 4945; x_wconf 86' lang='lat' dir='ltr'><strong>paupertate</strong></span> <span class='ocrx_word' id='word_1_732' title='bbox 3055 4886 3330 4929; x_wconf 87' lang='lat' dir='ltr'><strong>certamen</strong></span> <span class='ocrx_word' id='word_1_733' title='bbox 3355 4877 3459 4934; x_wconf 85' lang='lat' dir='ltr'><strong>est,</strong></span> 
     </span>
    </p>
   </div>
   <div class='ocr_carea' id='block_1_96' title="bbox 225 4961 1763 5035">
    <p class='ocr_par' dir='ltr' id='par_1_96' title="bbox 225 4961 1763 5035">
     <span class='ocr_line' id='line_1_96' title="bbox 225 4961 1763 5035; baseline 0.002 -23"><span class='ocrx_word' id='word_1_734' title='bbox 225 4961 553 5032; x_wconf 78' lang='grc' dir='ltr'>πράξασθαι.</span> <span class='ocrx_word' id='word_1_735' title='bbox 599 4962 738 5016; x_wconf 82' lang='grc' dir='ltr'><strong>υὺτε</strong></span> <span class='ocrx_word' id='word_1_736' title='bbox 768 4965 875 5035; x_wconf 77' lang='grc' dir='ltr'><strong>γὰρ</strong></span> <span class='ocrx_word' id='word_1_737' title='bbox 910 4964 1151 5027; x_wconf 77' lang='grc' dir='ltr'>ἐκείνους</span> <span class='ocrx_word' id='word_1_738' title='bbox 1202 4965 1376 5017; x_wconf 84' lang='grc' dir='ltr'>ἀδικεῖ</span> <span class='ocrx_word' id='word_1_739' title='bbox 1419 4962 1679 5034; x_wconf 78' lang='grc' dir='ltr'>ἁρπάζων</span> <span class='ocrx_word' id='word_1_740' title='bbox 1720 4982 1763 5015; x_wconf 89' lang='grc' dir='ltr'>τ‹</span> 
     </span>
    </p>
   </div>
   <div class='ocr_carea' id='block_1_97' title="bbox 1924 4961 3462 5035">
    <p class='ocr_par' dir='ltr' id='par_1_97' title="bbox 1924 4962 3462 5035">
     <span class='ocr_line' id='line_1_97' title="bbox 1924 4962 3462 5035; baseline 0 -16"><span class='ocrx_word' id='word_1_741' title='bbox 1924 4967 2091 5035; x_wconf 90' lang='lat' dir='ltr'><strong>liquid</strong></span> <span class='ocrx_word' id='word_1_742' title='bbox 2120 4978 2315 5035; x_wconf 71' lang='lat' dir='ltr'><strong>praeter</strong></span> <span class='ocrx_word' id='word_1_743' title='bbox 2346 4968 2514 5035; x_wconf 75' lang='lat' dir='ltr'><strong>legem</strong></span> <span class='ocrx_word' id='word_1_744' title='bbox 2540 4978 2849 5034; x_wconf 83' lang='lat' dir='ltr'><strong>perpetrare</strong></span> <span class='ocrx_word' id='word_1_745' title='bbox 2875 4966 2926 5020; x_wconf 93' lang='lat' dir='ltr'><strong>in</strong></span> <span class='ocrx_word' id='word_1_746' title='bbox 2950 4965 3188 5019; x_wconf 88' lang='lat' dir='ltr'><strong>animum</strong></span> <span class='ocrx_word' id='word_1_747' title='bbox 3230 4962 3462 5019; x_wconf 74' lang='lat' dir='ltr'><strong>inducit.</strong></span> 
     </span>
    </p>
   </div>
   <div class='ocr_carea' id='block_1_98' title="bbox 226 5053 1764 5127">
    <p class='ocr_par' dir='ltr' id='par_1_98' title="bbox 226 5053 1761 5127">
     <span class='ocr_line' id='line_1_98' title="bbox 226 5053 1761 5127; baseline 0.002 -21"><span class='ocrx_word' id='word_1_748' title='bbox 226 5055 509 5123; x_wconf 75' lang='grc' dir='ltr'>χρήματαο</span> <span class='ocrx_word' id='word_1_749' title='bbox 559 5053 685 5108; x_wconf 77' lang='grc' dir='ltr'>οὕτε</span> <span class='ocrx_word' id='word_1_750' title='bbox 715 5056 958 5123; x_wconf 86' lang='grc' dir='ltr'>τούτους,</span> <span class='ocrx_word' id='word_1_751' title='bbox 1012 5056 1258 5127; x_wconf 81' lang='grc' dir='ltr'>λήμματι</span> <span class='ocrx_word' id='word_1_752' title='bbox 1292 5055 1679 5126; x_wconf 59' lang='grc' dir='ltr'>παραφθείρων</span> <span class='ocrx_word' id='word_1_753' title='bbox 1733 5075 1761 5108; x_wconf 91' lang='grc' dir='ltr'><strong>τ</strong></span> 
     </span>
    </p>
   </div>
   <div class='ocr_carea' id='block_1_99' title="bbox 1921 5053 3459 5127">
    <p class='ocr_par' dir='ltr' id='par_1_99' title="bbox 1921 5054 3459 5127">
     <span class='ocr_line' id='line_1_99' title="bbox 1921 5054 3459 5127; baseline -0.003 -18"><span class='ocrx_word' id='word_1_754' title='bbox 1921 5058 2024 5111; x_wconf 80' lang='lat' dir='ltr'><strong>iam</strong></span> <span class='ocrx_word' id='word_1_755' title='bbox 2059 5074 2157 5112; x_wconf 90' lang='lat' dir='ltr'><strong>nec</strong></span> <span class='ocrx_word' id='word_1_756' title='bbox 2193 5060 2309 5112; x_wconf 89' lang='lat' dir='ltr'><strong>illos</strong></span> <span class='ocrx_word' id='word_1_757' title='bbox 2344 5060 2524 5123; x_wconf 62' lang='lat' dir='ltr'><strong>laedit,</strong></span> <span class='ocrx_word' id='word_1_758' title='bbox 2569 5059 2822 5127; x_wconf 87' lang='lat' dir='ltr'><strong>pecunias</strong></span> <span class='ocrx_word' id='word_1_759' title='bbox 2849 5059 3083 5127; x_wconf 85' lang='lat' dir='ltr'><strong>eripiens</strong></span> <span class='ocrx_word' id='word_1_760' title='bbox 3127 5072 3142 5110; x_wconf 90' lang='lat'>:</span> <span class='ocrx_word' id='word_1_761' title='bbox 3198 5067 3296 5109; x_wconf 79' lang='lat' dir='ltr'><strong>nec</strong></span> <span class='ocrx_word' id='word_1_762' title='bbox 3318 5054 3459 5115; x_wconf 40' lang='lat' dir='ltr'><strong>illos,</strong></span> 
     </span>
    </p>
   </div>
   <div class='ocr_carea' id='block_1_100' title="bbox 224 5145 3071 5218">
    <p class='ocr_par' dir='ltr' id='par_1_100' title="bbox 224 5145 3071 5218">
     <span class='ocr_line' id='line_1_100' title="bbox 224 5145 3071 5218; baseline 0.001 -21"><span class='ocrx_word' id='word_1_763' title='bbox 224 5145 447 5201; x_wconf 82' lang='grc' dir='ltr'>δίκαιον.</span> <span class='ocrx_word' id='word_1_764' title='bbox 1889 5150 2027 5218; x_wconf 86' lang='lat' dir='ltr'><strong>juris</strong></span> <span class='ocrx_word' id='word_1_765' title='bbox 2058 5149 2366 5217; x_wconf 85' lang='lat' dir='ltr'><strong>religionem</strong></span> <span class='ocrx_word' id='word_1_766' title='bbox 2394 5151 2462 5203; x_wconf 92' lang='lat' dir='ltr'><strong>ob</strong></span> <span class='ocrx_word' id='word_1_767' title='bbox 2497 5164 2717 5203; x_wconf 88' lang='lat' dir='ltr'><strong>munera</strong></span> <span class='ocrx_word' id='word_1_768' title='bbox 2743 5157 3071 5218; x_wconf 85' lang='lat' dir='ltr'><strong>pervertens.</strong></span> 
     </span>
    </p>
   </div>
   <div class='ocr_carea' id='block_1_101' title="bbox 296 5303 710 5368">
    <p class='ocr_par' dir='ltr' id='par_1_101' title="bbox 296 5303 710 5368">
     <span class='ocr_line' id='line_1_101' title="bbox 296 5303 710 5368; baseline 0.007 -13"><span class='ocrx_word' id='word_1_769' title='bbox 296 5305 337 5335; x_wconf 75' lang='lat'><strong>&quot;</strong></span> <span class='ocrx_word' id='word_1_770' title='bbox 366 5303 502 5358; x_wconf 80' lang='lat' dir='ltr'><strong>Dan.</strong></span> <span class='ocrx_word' id='word_1_771' title='bbox 546 5319 623 5368; x_wconf 86' lang='lat' dir='ltr'><strong>vt,</strong></span> <span class='ocrx_word' id='word_1_772' title='bbox 657 5304 710 5358; x_wconf 80' lang='grc'><strong>5.</strong></span> 
     </span>
    </p>
   </div>
   <div class='ocr_carea' id='block_1_102' title="bbox 1324 5411 2372 5469">
    <p class='ocr_par' dir='ltr' id='par_1_102' title="bbox 1324 5411 2372 5469">
     <span class='ocr_line' id='line_1_102' title="bbox 1324 5411 2372 5469; baseline -0.003 -1"><span class='ocrx_word' id='word_1_773' title='bbox 1324 5414 1552 5469; x_wconf 73' lang='lat' dir='ltr'><strong>VARle</strong></span> <span class='ocrx_word' id='word_1_774' title='bbox 1592 5412 1973 5469; x_wconf 52' lang='lat' dir='ltr'><strong>LEC&#39;l‘lONl‘gs</strong></span> <span class='ocrx_word' id='word_1_775' title='bbox 2007 5413 2094 5468; x_wconf 82' lang='lat' dir='ltr'><strong>ET</strong></span> <span class='ocrx_word' id='word_1_776' title='bbox 2142 5411 2372 5467; x_wconf 68' lang='lat' dir='ltr'><strong>NOT/E.</strong></span> 
     </span>
    </p>
   </div>
   <div class='ocr_carea' id='block_1_103' title="bbox 297 5561 1835 5636">
    <p class='ocr_par' dir='ltr' id='par_1_103' title="bbox 297 5565 1793 5636">
     <span class='ocr_line' id='line_1_103' title="bbox 297 5565 1793 5636; baseline -0.005 -17"><span class='ocrx_word' id='word_1_777' title='bbox 297 5566 407 5635; x_wconf 76' lang='lat'><strong>(88)</strong></span> <span class='ocrx_word' id='word_1_778' title='bbox 445 5566 579 5619; x_wconf 83' lang='lat' dir='ltr'><strong>Cod.</strong></span> <span class='ocrx_word' id='word_1_779' title='bbox 614 5567 733 5623; x_wconf 73' lang='lat' dir='ltr'><strong>Val.</strong></span> <span class='ocrx_word' id='word_1_780' title='bbox 766 5566 891 5631; x_wconf 75' lang='lat'><strong>650,</strong></span> <span class='ocrx_word' id='word_1_781' title='bbox 924 5565 1108 5629; x_wconf 75' lang='grc' dir='ltr'>ἔοικάς</span> <span class='ocrx_word' id='word_1_782' title='bbox 1141 5584 1230 5636; x_wconf 86' lang='grc' dir='ltr'><strong>μοι</strong></span> <span class='ocrx_word' id='word_1_783' title='bbox 1272 5567 1518 5636; x_wconf 78' lang='grc' dir='ltr'>συνορᾷν,</span> <span class='ocrx_word' id='word_1_784' title='bbox 1556 5565 1670 5616; x_wconf 82' lang='lat' dir='ltr'><strong>sine</strong></span> <span class='ocrx_word' id='word_1_785' title='bbox 1703 5578 1793 5636; x_wconf 71' lang='lat' dir='ltr'><strong>ne-</strong></span> 
     </span>
    </p>
   </div>
   <div class='ocr_carea' id='block_1_104' title="bbox 1394 5561 2932 5636">
    <p class='ocr_par' dir='ltr' id='par_1_104' title="bbox 1403 5561 2932 5636">
     <span class='ocr_line' id='line_1_104' title="bbox 1403 5561 2932 5636; baseline 0 -20"><span class='ocrx_word' id='word_1_786' title='bbox 1403 5567 1518 5636; x_wconf 78' lang='grc' dir='ltr'>ρᾷν,</span> <span class='ocrx_word' id='word_1_787' title='bbox 1556 5565 1670 5616; x_wconf 82' lang='lat' dir='ltr'><strong>sine</strong></span> <span class='ocrx_word' id='word_1_788' title='bbox 1703 5578 1793 5636; x_wconf 66' lang='lat' dir='ltr'><strong>ne-</strong></span> <span class='ocrx_word' id='word_1_789' title='bbox 1977 5561 2088 5636; x_wconf 75' lang='lat'><strong>(89)</strong></span> <span class='ocrx_word' id='word_1_790' title='bbox 2121 5564 2269 5636; x_wconf 75' lang='lat' dir='ltr'><strong>idem</strong></span> <span class='ocrx_word' id='word_1_791' title='bbox 2299 5565 2442 5636; x_wconf 77' lang='lat' dir='ltr'><strong>co.l.,</strong></span> <span class='ocrx_word' id='word_1_792' title='bbox 2477 5564 2838 5636; x_wconf 77' lang='grc' dir='ltr'>στεφανῶσαι.</span> <span class='ocrx_word' id='word_1_793' title='bbox 2877 5564 2932 5617; x_wconf 83' lang='lat' dir='ltr'><strong>In</strong></span> 
     </span>
    </p>
   </div>
   <div class='ocr_carea' id='block_1_105' title="bbox 233 5633 1771 5760">
    <p class='ocr_par' dir='ltr' id='par_1_105' title="bbox 233 5633 1764 5760">
     <span class='ocr_line' id='line_1_105' title="bbox 233 5633 1764 5760; baseline -0.001 -73"><span class='ocrx_word' id='word_1_794' title='bbox 233 5633 465 5760; x_wconf 44' lang='lat' dir='ltr'><strong>ﬁliolae.</strong></span> <span class='ocrx_word' id='word_1_795' title='bbox 523 5635 675 5699; x_wconf 68' lang='lat' dir='ltr'><strong>Vi&#39;rs.</strong></span> <span class='ocrx_word' id='word_1_796' title='bbox 724 5640 754 5693; x_wconf 83' lang='lat'><strong>7</strong></span> <span class='ocrx_word' id='word_1_797' title='bbox 809 5653 905 5707; x_wconf 85' lang='lat' dir='ltr'><strong>pro</strong></span> <span class='ocrx_word' id='word_1_798' title='bbox 943 5640 1055 5700; x_wconf 73' lang='grc' dir='ltr'>τοῖς</span> <span class='ocrx_word' id='word_1_799' title='bbox 1103 5633 1279 5707; x_wconf 79' lang='grc' dir='ltr'>πολλῷ</span> <span class='ocrx_word' id='word_1_800' title='bbox 1337 5633 1460 5706; x_wconf 70' lang='lat' dir='ltr'><strong>legit</strong></span> <span class='ocrx_word' id='word_1_801' title='bbox 1512 5634 1764 5698; x_wconf 70' lang='grc' dir='ltr'>τοῖςπολ</span> 
     </span>
     <span class='ocr_line' id='line_1_106' title="bbox 267 5722 602 5760; baseline 0.009 -3"><span class='ocrx_word' id='word_1_802' title='bbox 267 5722 362 5760; x_wconf 67' lang='grc' dir='ltr'>τις.</span> <span class='ocrx_word' id='word_1_803' title='bbox 435 5722 602 5760; x_wconf 63' lang='grc' dir='ltr'>οεεικ.</span> 
     </span>
    </p>
   </div>
   <div class='ocr_carea' id='block_1_106' title="bbox 1387 5633 2925 5760">
    <p class='ocr_par' dir='ltr' id='par_1_106' title="bbox 1387 5633 2925 5706">
     <span class='ocr_line' id='line_1_107' title="bbox 1387 5633 2925 5706; baseline -0.001 -18"><span class='ocrx_word' id='word_1_804' title='bbox 1387 5633 1460 5706; x_wconf 67' lang='lat' dir='ltr'><strong>gn</strong></span> <span class='ocrx_word' id='word_1_805' title='bbox 1512 5638 1621 5698; x_wconf 80' lang='grc' dir='ltr'>τοῖς</span> <span class='ocrx_word' id='word_1_806' title='bbox 1646 5634 1793 5697; x_wconf 43' lang='grc' dir='ltr'>,πολ-</span> <span class='ocrx_word' id='word_1_807' title='bbox 1976 5634 2085 5706; x_wconf 74' lang='lat'><strong>(90)</strong></span> <span class='ocrx_word' id='word_1_808' title='bbox 2120 5633 2258 5690; x_wconf 82' lang='lat' dir='ltr'><strong>Ideni</strong></span> <span class='ocrx_word' id='word_1_809' title='bbox 2296 5635 2437 5701; x_wconf 85' lang='lat' dir='ltr'><strong>cod.,</strong></span> <span class='ocrx_word' id='word_1_810' title='bbox 2479 5634 2836 5706; x_wconf 79' lang='grc' dir='ltr'>πανωλεθρίᾳ,</span> <span class='ocrx_word' id='word_1_811' title='bbox 2875 5636 2925 5687; x_wconf 82' lang='lat' dir='ltr'><strong>In</strong></span> 
     </span>
    </p>
   </div>
   <div class='ocr_carea' id='block_1_107' title="bbox 316 5722 602 5773">
    <p class='ocr_par' dir='ltr' id='par_1_107' title="bbox 316 5722 602 5773">
     <span class='ocr_line' id='line_1_108' title="bbox 316 5722 602 5773; baseline 0 -11"><span class='ocrx_word' id='word_1_812' title='bbox 316 5722 362 5773; x_wconf 76' lang='grc' dir='ltr'>ς.</span> <span class='ocrx_word' id='word_1_813' title='bbox 394 5722 602 5762; x_wconf 68' lang='lat' dir='ltr'><strong>Vassis.</strong></span> 
     </span>
    </p>
   </div>
  </div>
