3894 6412
400 386 407 401 ’
501 362 641 430 1015

693 471 963 531 CCCLIX.
984 502 1055 516 —
1079 472 1384 529 AUSONIO
1412 471 1879 531 CORRECTORI.

572 585 1015 655 Quandoquidem
1048 587 1115 639 ad
1150 586 1552 655 subripiendam
1584 601 1687 641 non
1723 586 1941 642 fortium
1971 597 2084 642 tan-

484 662 645 741 itunt,
677 680 771 734 sed
808 680 972 733 etiam
1000 679 1322 747 prudentum
1357 680 1594 733 virorum
1634 691 1867 736 mentem
1894 697 2083 737 assen-

499 773 636 824 tatio
668 784 919 838 magnam
949 768 1054 821 vim
1085 768 1248 823 habet
1274 788 1287 823 :
1339 770 1546 825 idcirco
1571 787 1675 826 non
1711 772 1906 839 injuria
1936 785 2080 828 metu

498 860 858 915 valentiorem
886 875 1005 915 eam
1040 875 1161 914 esse
1221 876 1427 916 assero.
1464 861 1543 916 Illi
1587 865 1789 918 etenim
1840 866 2084 934 plerique

500 951 698 1005 cedere
758 960 1064 1005 verentur:
1130 952 1257 1006 huic
1328 961 1508 1007 autent
1560 953 1817 1010 libentius
1884 957 2084 1012 animis

500 1042 905 1107 succumbunt,
937 1051 1143 1099 temere
1199 1043 1453 1098 videlicet
1496 1059 1561 1099 ac
1610 1044 1749 1100 citra
1780 1047 2082 1101 cruciatum

498 1113 715 1201 seipsos
742 1132 1020 1188 dedentes.

947 1238 1193 1295 CCCLX.
1216 1271 1289 1281 —
1318 1238 1645 1303 LEONTIO.

464 1368 487 1417 λ
577 1343 658 1399 Ne
694 1345 933 1413 mireris,
968 1349 1048 1402 vir
1077 1350 1303 1417 optime,
1334 1365 1458 1416 nee,
1495 1351 1633 1404 ultra
1669 1365 1832 1421 quam
1862 1367 1962 1421 par
1986 1351 2079 1418 sit,

482 1423 712 1493 ‘doloris
747 1437 930 1508 jacqu
964 1441 1266 1510 conligatur
1302 1442 1516 1497 animus
1564 1452 1687 1496 tuus
1717 1482 1733 1506 ,
1794 1454 2083 1511 propterea

501 1529 649 1596 quod
670 1568 686 1595 ,
716 1543 839 1584 cum
872 1530 1089 1586 Zosimo
1110 1569 1126 1594 ,
1152 1540 1210 1585 ut
1233 1532 1535 1603 scripsisti,
1567 1535 1816 1603 loquendi
1863 1535 2085 1590 libertas

503 1619 686 1674 clausa
713 1621 802 1686 sit,
836 1635 944 1675 non
977 1620 1233 1676 cancellis
1262 1622 1583 1691 quibusdam
1616 1633 1670 1676 et
1694 1622 1878 1692 ianuis
1898 1665 1914 1689 ,
1947 1638 2083 1692 quas

502 1710 666 1765 etiam
717 1711 935 1779 quidam
970 1711 1202 1766 fortasse
1240 1713 1451 1775 aperire
1488 1724 1728 1780 queant,
1771 1728 1954 1767 verum
2003 1723 2082 1767 tot

482 1816 570 1875 bac
600 1803 765 1856 tantis
785 1802 1128 1868 criminibus,
1156 1804 1335 1857 adhuc
1359 1813 1536 1858 tamen
1564 1803 1759 1873 linguae
1782 1803 2079 1874 petulantia

502 1890 735 1948 laboret.
770 1892 841 1949 Ut
864 1894 1010 1948 enim
1048 1894 1116 1948 iis
1141 1933 1158 1959 ,
1188 1895 1280 1963 qui
1311 1894 1514 1964 aliquid
1540 1910 1607 1950 ex
1635 1895 1836 1949 virtute
1861 1905 2081 1964 gerunt,

501 1994 792 2054 postquam
825 1983 1039 2038 virtutis
1063 1985 1379 2040 muneribus
1422 1985 1687 2053 perfuncti
1718 1995 1869 2049 sunt,
1898 1986 2083 2039 mode-

506 2078 668 2133 stiam
704 2078 964 2134 adhibere
986 2094 1103 2133 mos
1140 2087 1254 2134 est:
1290 2081 1370 2135 sic
1400 2080 1564 2135 etiam
1590 2080 1680 2144 iis,
1709 2080 1799 2149 qui
1829 2088 2080 2147 peccant,

505 2180 629 2239 post
660 2170 856 2225 delicta
883 2172 1162 2239 superbire
1205 2181 1366 2240 atque
1398 2172 1596 2225 animis
1626 2171 1830 2226 eII‘erri.
1859 2171 2010 2237 Quod
2035 2172 2080 2224 si

505 2257 674 2325 hujus
707 2259 782 2313 rei
810 2271 1185 2327 argumentum
1218 2276 1413 2328 capere
1435 2262 1605 2330 cupis,
1654 2260 1900 2330 perspice
1927 2261 2085 2329 quid-

505 2362 635 2403 nam
659 2358 769 2404 tres
794 2350 869 2403 illi
896 2350 1068 2419 pueri,
1093 2351 1182 2420 qui
1216 2350 1288 2406 ob
1320 2352 1443 2405 vitae
1476 2352 1797 2421 probitatem
1828 2367 1893 2407 ac
1926 2351 2084 2421 justi-

506 2441 641 2495 tiam
678 2441 802 2510 igne
834 2443 1143 2511 superiores
1186 2443 1556 2508 exstiterunt,
1596 2444 1808 2498 dicant:
1843 2462 1862 2494 ι
1888 2442 2087 2497 Pecca-

504 2526 687 2580 vimus
711 2566 726 2588 ,
759 2526 941 2596 inique
971 2532 1180 2596 egimus
1202 2569 1218 2593 ,
1266 2530 1582 2598 injustitiam
1622 2531 1849 2587 fecimus
1867 2531 1935 2585 ⁸⁸.
1959 2550 1978 2582 ι
2017 2532 2087 2583 At

507 2626 694 2672 contra
710 2617 902 2680 Judaei,
928 2622 1016 2687 qui
1042 2635 1140 2674 nec
1162 2621 1228 2677 ab
1248 2622 1356 2677 ullo
1379 2622 1607 2687 scelere,
1631 2638 1729 2677 nec
1758 2624 1826 2677 ab
1853 2622 2086 2677 obsceno

505 2706 621 2761 ullo
649 2723 901 2763 sermone
944 2710 1351 2776 abstinuerant,
1398 2712 1484 2767 bis
1524 2712 1710 2767 verbis
1751 2712 2084 2767 utebantur:

510 2813 535 2847 ο
569 2792 972 2854 Custodivimus
1008 2809 1273 2870 praecepta
1296 2808 1387 2855 tua
1416 2800 1895 2869 etjustilicationes
1927 2810 2086 2856 tuas:

508 2901 576 2941 ac
605 2903 750 2943 nunc
773 2890 978 2945 alienos
1005 2892 1193 2947 beatos
1217 2893 1653 2962 przedicatuus".
1678 2913 1698 2946 ›
1727 2894 2088 2961 Quamobrem

1702 368 1764 431 S.
1802 366 2094 428 ISIDORI
2132 365 2568 427 PELUSIOT/E

2107 486 2157 542 Δ

3619 358 3731 425 1016

2403 478 2577 532 TNG’.
2615 505 2682 519 —
2722 474 3021 546 ΑΥΣΟΝΙῼ
3060 474 3535 529 KOPPHKTOPI.

2267 586 2488 657 Ἐπειδὴ
2510 586 2682 640 δεινὸν
2712 587 2745 657 ἡ
2776 585 3034 640 κολακεία
3060 586 3121 637 ού
3155 585 3316 655 μόνον
3345 583 3454 636 τῶν
3478 583 3730 653 ἀνδρείων,

2184 679 2320 735 ἀλλὰ
2347 679 2442 733 καὶ
2472 679 2582 730 τῶν
2620 677 2909 747 ἐμφρόνων
2943 676 3140 745 κλέψαι
3170 676 3261 728 τὸν
3290 674 3417 729 νοῦν
3439 691 3454 704 ⁸
3487 674 3571 727 διὰ
3601 674 3734 727 τοῦτο

2186 770 2413 832 εἰκότως
2450 768 2544 823 τοῦ
2574 768 2741 837 φόϐου
2771 769 2977 837 ταύτην
3020 768 3162 836 φημὶ
3190 765 3564 834 δυνατωτέραν
3594 761 3733 818 εἶναι.

2185 861 2277 930 Τῷ
2317 861 2418 933 μὲν
2463 860 2573 931 γὰρ
2607 858 2958 930 αἰσχύνονται
2997 859 3182 911 πολλοὶ
3210 853 3350 923 εἶξαι
3371 874 3384 886 ·
3424 857 3524 925 τῆς
3552 855 3606 908 δὲ
3639 856 3733 924 (9i)

2186 952 2358 1023 ἡδέως
2390 951 2687 1023 ἡττῶνται,
2714 951 2954 1021 ἀκρίτως
2986 951 3083 1004 καὶ
3118 949 3498 1011 ἀϐασανίστως
3534 949 3737 1013 ἑαυτοὺς

2184 1044 2501 1107 ἐνδιδόντες.

2674 1240 2795 1297 τε.
2835 1270 2908 1281 -
2943 1218 3263 1311 ΔΕΟΝΤΙῼ.

2256 1350 2348 1423 Μὴ
2372 1350 2643 1421 θαύμαζε,
2677 1344 2722 1403 ὦ
2750 1349 2961 1420 ἄριστε,
3016 1350 3152 1419 μηδὲ
3203 1348 3309 1413 ἔξω
3337 1346 3433 1401 τοῦ
3463 1347 3737 1416 πρέποντος

2185 1441 2614 1508 ὲξακοντιζέσθω
2633 1457 2727 1493 σου
2750 1440 2810 1493 τὸ
2834 1440 3116 1509 φρόνημα,
3134 1441 3182 1492 εἱ
3208 1439 3597 1513 κεκλεισμένης
3622 1438 3735 1507 (92).

2185 1530 2261 1591 ὼς
2289 1530 2597 1601 γέγραφας,
2636 1530 2886 1600 Ζωσίμου
2914 1530 3017 1600 τῆς
3051 1528 3388 1601 παρρησίας,
3423 1531 3481 1581 οὐ
3520 1528 3736 1597 κιγκλίσι

2187 1622 2282 1674 καὶ
2307 1620 2502 1690 θύραις
2529 1620 2696 1687 τισὶν,
2729 1621 2795 1683 ἃς
2829 1637 2972 1683 τινες
3001 1620 3067 1674 ἂν
3086 1621 3179 1673 καὶ
3205 1619 3736 1690 παρανοίξειαν,ἁλλέι

2183 1710 2464 1774 τοσούτοις
2494 1710 2590 1765 καὶ
2608 1710 2952 1781 τηλικούτοις
2994 1710 3359 1782 ἐγκλήμασιν,
3391 1710 3472 1763 ἑτι
3500 1711 3594 1763 καὶ
3624 1711 3734 1765 ἀθυ-

2190 1804 2505 1876 ρογλωττεῖ.
2535 1804 2749 1875 Ὥσπερ
2792 1803 2904 1874 γὰρ
2936 1805 3048 1867 τοῖς
3089 1802 3414 1875 κατορθοῦσι
3452 1804 3737 1874 μετριάζειν

2192 1894 2331 1965 μετὰ
2360 1893 2428 1946 τὰ
2451 1892 2853 1964 κατορθώματα
2890 1892 3031 1956 ἔθος,
3062 1892 3207 1946 οὓτω
3248 1893 3343 1946 καὶ
3377 1896 3490 1956 τοῖς
3515 1894 3737 1964 ἁμαρτά-

2186 2003 2339 2038 νουσι
2378 1985 2515 2054 μετὰ
2559 1985 2629 2038 τὰ
2667 1984 2989 2055 πταίσματα
3031 1984 3374 2055 ἐπαίρεσθαι.
3404 1987 3467 2038 Εἰ
3499 1985 3555 2038 δὲ
3584 1986 3737 2055 βούλει

2188 2073 2465 2140 ἀπόδειξιν
2498 2077 2689 2131 τούτου
2714 2076 2920 2140 λαϐεῖν,
2948 2076 3046 2129 θέα
3071 2076 3198 2139 τοὺς
3224 2079 3374 2148 τρεῖς
3406 2077 3599 2141 παῖδας
3620 2078 3739 2130 ἐκεί·
3826 2132 3829 2137 ,

2190 2182 2313 2228 νους
2341 2166 2467 2228 τοὺς
2492 2164 2809 2235 κρείττονας
2826 2164 2920 2218 τοῦ
2955 2166 3122 2235 πυρὸς
3144 2165 3233 2218 διὰ
3256 2165 3601 2236 δικαιοσύνην
3628 2167 3737 2219 ἁπο-

2191 2256 2514 2324 φανθέντας,
2546 2256 2599 2309 τί
2650 2272 2846 2325 φασιν·
2900 2274 2918 2306 ι
2963 2256 3333 2328 Ἦμόιρτομεν,
3383 2259 3735 2329 ἠνομήσαμεν,

2189 2347 2553 2418 ἠδικήσαμεν.
2594 2366 2612 2398 ι
2655 2350 2717 2400 Οἱ
2750 2346 2807 2400 δὲ
2850 2346 3117 2411 Ἰουδαῖοι,
3145 2343 3225 2413 οἷς
3265 2350 3420 2404 οὐδὲν
3463 2352 3739 2421 ἁμάρτημα

2188 2439 2491 2508 ἄπρακτον,
2524 2438 2647 2491 οὐδὲ
2686 2438 2845 2507 λόγος
2868 2442 3097 2509 αἰσχρὸς
3124 2441 3363 2512 ἄρῤητος
3393 2437 3484 2511 ἢν,
3509 2441 3735 2510 ἔφασκον·

2196 2546 2214 2580 ι
2276 2528 2656 2599 Ἐφυλάξαμεν
2694 2530 2765 2583 τὰ
2824 2531 3225 2599 προστάγματα
3270 2548 3386 2594 σου,
3440 2532 3534 2584 καὶ
3575 2532 3639 2584 τὰ
3673 2531 3740 2583 δι-

2195 2620 2493 2691 καιώματά
2528 2638 2621 2673 σου
2643 2637 2656 2651 ·
2686 2622 2779 2674 καὶ
2824 2620 3345 2693 νῦνθμακαρίζομεν
3374 2622 3688 2692 ἀλλοτρίους.
3720 2638 3735 2672 ι

2195 2712 2287 2782 Μὴ
2313 2713 2494 2765 τοίνυν
2540 2712 2677 2782 μηδὲ
2730 2712 2891 2775 αὐτὸς
2936 2712 3232 2783 ταράττου,
3287 2713 3425 2784 μηδὲ
3475 2711 3669 2782 ἀπηχὲς
3699 2728 3740 2763 τι

2196 2801 2438 2871 φθέγγου
2491 2803 2587 2854 καὶ
2629 2802 2864 2872 ἀπῳδὸν,
2918 2800 3201 2869 γινώσκων
3229 2803 3312 2855 ὅτι
3355 2802 3510 2855 τοῦτο
3540 2802 3743 2873 μάλιστα

2196 2892 2396 2963 δεῖγμά
2426 2895 2541 2945 ὲστι
2579 2893 2677 2962 τῆς
2704 2893 2944 2962 ἐσχάτης
2971 2891 3138 2946 αὐτοῦ
3179 2892 3583 2962 παραπληξίας.

508 2993 614 3033 nec
654 2988 707 3033 ιιι
742 2995 956 3051 quoque
980 2984 1335 3052 perturberis,
1357 2999 1455 3039 nec
1481 2985 1773 3039 absurdum
1796 2984 2089 3055 quidquam
2125 2991 2179 3038 et
2248 2986 2510 3039 absonum
2589 2984 2967 3053 proloquaris:
3018 2983 3148 3037 illud
3203 3000 3304 3053 pro
3353 2996 3502 3040 certo
3546 2984 3741 3048 habent,

510 3084 771 3127 extremae
808 3075 977 3143 ipsius
1003 3077 1335 3145 stupiditatis
1366 3078 1465 3133 hoc
1494 3078 1546 3131 in
1588 3078 1777 3147 primis
1802 3087 2178 3146 argumentum
2217 3091 2360 3132 esse.

626 3180 797 3252 398
825 3182 1094 3238 CCCLXI.
1126 3214 1195 3225 —
1225 3184 1506 3240 HIERACI
1547 3184 1984 3241 CLARISSIMO.

580 3287 695 3344 Non
726 3306 864 3346 aerea
890 3301 1066 3347 statua
1099 3295 1530 3365 auromel‘ulgeus
1560 3297 1774 3352 actione
1805 3308 1893 3351 tua
1932 3298 2090 3366 digna

511 3393 631 3448 est,
658 3385 750 3439 sed
782 3384 888 3439 vita
930 3386 1089 3440 finem
1130 3402 1233 3441 non
1264 3388 1491 3442 habens.
1529 3386 1675 3441 Illam
1711 3389 1853 3442 enim
1883 3399 2093 3457 tempus

514 3475 655 3530 delet
681 3494 695 3530 :
727 3478 865 3532 hanc
890 3489 1071 3532 autem
1100 3480 1319 3544 saecula,
1352 3495 1471 3551 qua:
1498 3480 1656 3535 linem
1692 3480 1961 3547 nesciunt,
2000 3496 2094 3536 co-

511 3578 731 3624 tonant.

684 3675 981 3733 CCCLX".
1002 3709 1074 3721 —
1098 3678 1504 3735 HERMOGENI
1532 3679 1885 3737 EPISCOPO.

586 3786 1047 3853 Quemadmodum
1084 3803 1265 3842 sermo
1300 3788 1533 3842 actionis
1562 3803 1755 3858 expers
1790 3803 2014 3843 mancus
2041 3798 2097 3842 et

515 3875 863 3945 imperfectus
904 3887 1030 3933 est:
1084 3880 1157 3933 ita
1202 3879 1366 3933 etiam
1397 3880 1541 3933 actio
1570 3920 1585 3943 ,
1620 3894 1741 3947 qua:
1781 3894 1812 3932 a
1847 3894 2097 3934 sermone

515 3968 807 4024 deseritur.
854 3968 931 4024 Ex
964 3970 1051 4025 his
1082 3958 1520 4026 enimambabus
1544 3972 1727 4037 rebus,
1759 3972 1976 4026 etiamsi
2000 3987 2096 4026 uo-

512 4062 617 4116 Iint
647 4061 714 4125 ii,
747 4062 838 4132 qui
874 4063 1130 4117 disertam
1159 4064 1486 4132 sapientiam
1533 4064 1692 4118 vilem
1724 4064 2017 4134 quamdam
2042 4072 2099 4119 et

513 4154 805 4226 protritam
834 4170 946 4210 rem
972 4169 1090 4209 esse
1117 4155 1283 4209 stulte
1306 4156 1621 4224 Opinantur,
1657 4164 1806 4209 recta
1832 4162 1887 4209 et
1913 4155 2098 4223 splen-

518 4244 641 4299 dida
664 4246 1040 4316 magistrorum
1066 4245 1179 4300 vita
1212 4246 1523 4315 insignitur.
1557 4243 1687 4312 «Qui
1735 4246 1879 4299 enim
1911 4246 2099 4300 fecerit

519 4344 576 4391 et
604 4336 870 4401 docuerit,
896 4351 1123 4406 magnus
1150 4336 1435 4391 vocabitur
1456 4336 1507 4389 in
1532 4351 1698 4404 regno
1722 4337 2093 4391 etelorum".i

520 4424 677 4492 Quod
717 4429 762 4482 si
794 4426 982 4482 ambas
1024 4428 1166 4482 inter
1198 4441 1257 4482 se
1288 4441 1609 4497 comparare
1634 4438 1885 4497 oportet,
1918 4429 2099 4484 facere

480 4586 483 4593 γ
521 4529 587 4571 ac
616 4530 724 4571 non
753 4516 901 4587 loqui
944 4526 1184 4588 praestat,
1219 4532 1382 4586 quam
1418 4518 1564 4589 loqui
1591 4533 1656 4574 ac
1690 4535 1795 4575 non
1824 4519 2025 4574 facere.

699 4646 1016 4705 CCCLXIII.
1041 4679 1113 4691 —
1136 4648 1526 4705 APOLLONIO
1565 4647 1917 4704 EPISCOPO.

596 4777 863 4845 Quoniam
898 4792 1014 4843 eos,
1043 4777 1135 4847 qui
1163 4776 1237 4831 ita
1265 4777 1465 4833 conditi
1498 4785 1659 4844 sunt,
1695 4786 1756 4831 ut
1789 4775 2001 4831 arbitrii
2029 4776 2096 4831 Ii-

524 4869 791 4924 bertatem
823 4868 1086 4935 habeant,
1128 4868 1326 4924 invitos
1354 4877 1407 4923 et
1439 4878 1795 4938 repugnantes
1822 4868 1889 4921 ad
1922 4868 2097 4936 pieta-

524 4968 693 5015 tatem
752 4960 1007 5026 trahere,
1057 4974 1157 5016 nec
1205 4960 1490 5015 honestum
1550 4968 1674 5023 est,
1720 4972 1819 5012 nec
1855 4959 2097 5013 videtur:

526 5050 731 5109 idcirco
747 5052 813 5107 da
833 5067 1079 5123 operam,
1103 5062 1161 5107 ut
1180 5054 1456 5114 suasione,
1482 5051 1570 5106 ubi
1601 5051 1816 5106 occasio
1844 5065 1903 5105 se
1927 5049 2105 5115 olI‘ert,

529 5144 769 5209 adhibita
796 5185 815 5213 ,
864 5161 961 5215 per
1002 5154 1148 5201 tuam
1185 5146 1352 5199 vitam
1392 5160 1455 5200 ac
1485 5158 1695 5209 mores,
1742 5158 1874 5210 eos,
1925 5143 2017 5213 qui
2051 5142 2106 5196 in

533 5239 778 5295 tenebris
808 5238 1030 5307 degunt,
1065 5237 1359 5294 illumiues.

2420 3190 2584 3242 TEA'.
2619 3220 2689 3230 —
2718 3190 2955 3243 IEPAKI
3001 3187 3499 3258 ΛΑΜΠΡΟΤΑΤῼ.

2269 3301 2345 3353 Οὐ
2394 3299 2576 3370 χαλκῆ
2612 3298 2778 3353 εἰκὼν
2811 3299 2999 3370 χρυσῷ
3031 3300 3502 3370 ἀπαστράπτουσα
3532 3299 3626 3368 τῆς
3662 3298 3743 3365 σῆς

2200 3394 2452 3464 πράξεως
2481 3393 2629 3459 ἀξία,
2662 3392 2799 3445 ἀλλὰ
2823 3392 2936 3464 ζωὴ
2964 3392 3118 3455 τέλος
3147 3392 3246 3445 οὐκ
3288 3390 3509 3462 ἔχουσα.
3540 3393 3639 3461 Τὴν
3663 3391 3743 3460 μὲν

2199 3484 2308 3554 γὰρ
2338 3484 2580 3554 ὁχρόνος
2610 3484 2905 3553 ἀφανίζει·
2943 3484 3041 3555 τὴν
3087 3481 3144 3537 δὲ
3192 3483 3388 3547 αἰῶνες
3435 3483 3743 3553 στεφανοῦσι,

2200 3577 2457 3648 τελευτὴν
2482 3577 2558 3647 μὴ
2582 3577 2959 3647 ἐπιστάμενοι.

2426 3685 2587 3740 ΤΞΒ’.
2627 3716 2696 3726 -
2735 3684 3129 3739 ΕΡΜΟΓΕΝΕΙ
3168 3684 3541 3753 ΕΠΙΣΚΟΠῼ.

2277 3796 2489 3867 Ὠσπερ
2518 3795 2677 3861 λόγος
2704 3795 2989 3863 ἄπρακτος
3040 3794 3237 3863 ἀτελής
3258 3809 3271 3822 ’
3308 3793 3481 3856 οὕτως
3513 3793 3599 3845 καὶ
3626 3790 3746 3859 πρᾶο

2205 3889 2287 3954 ξις
2312 3888 2525 3955 ἄλογος.
2566 3887 2662 3939 Ἐκ
2696 3887 2902 3939 τούτων
2932 3886 3041 3956 γὰρ
3068 3887 3291 3955 ἀμφοῖν,
3327 3887 3375 3937 εί
3405 3885 3499 3937 καὶ
3534 3883 3601 3953 μὴ
3640 3881 3739 3950 βού-

2203 3977 2381 4029 λοιντο
2409 3978 2456 4028 οἱ
2480 3976 2577 4045 τὴν
2604 3975 2891 4043 ἐλλόγιμον
2923 3975 3139 4043 σοφίαν,
3170 3973 3376 4043 φαῦλόν
3403 3992 3458 4027 τι
3481 3974 3570 4027 καὶ
3598 3989 3747 4025 πεπα-

2202 4068 2442 4138 τημένον
2475 4068 2710 4137 πρᾶγμα
2758 4066 3084 4136 παραλόγως
3124 4067 3385 4136 οἰόμενοι,
3433 4067 3461 4117 ό
3502 4064 3645 4134 ὀρθὸς
3669 4062 3746 4114 καὶ

2206 4159 2454 4231 λαμπρὸς
2485 4157 2953 4228 χαρακτηρίζεται
2983 4157 3092 4210 τῶν
3122 4155 3421 4227 ὐφηγητῶν
3452 4156 3577 4225 βίος.
3614 4174 3630 4205 ι
3667 4155 3745 4213 ⁸ος

2205 4250 2314 4322 γὰρ
2340 4252 2406 4305 ἂν
2426 4252 2632 4321 ,ποιήσῃ
2659 4250 2755 4303 καὶ
2783 4248 2991 4321 διδάξῃ.
3037 4248 3213 4319 μέγας
3246 4248 3572 4319 κληθήσεται
3596 4248 3648 4297 ἐν
3689 4246 3743 4314 τῇ

2211 4341 2458 4412 βασιλείᾳ
2486 4341 2594 4393 τῶν
2620 4340 2889 4409 οὐρανῶν.
2917 4359 2935 4390 ι
2968 4334 3032 4392 Εἰ
3056 4339 3112 4391 δὲ
3143 4339 3248 4410 χρὴ
3274 4340 3555 4408 σύγκρισιν
3573 4340 3746 4407 ἀμφοξν

2210 4430 2560 4503 ποιήσασθαι,
2595 4430 2820 4501 ἄμεινον
2848 4430 3111 4501 πράττειν
3148 4430 3224 4502 μὴ
3253 4430 3502 4498 λέγοντα,
3534 4429 3745 4499 ῆλέγειν

2129 4529 2174 4585 D
2207 4524 2282 4596 μὴ
2319 4523 2654 4594 πράττοντα.

2434 4651 2597 4705 ΤΞΓν.
2635 4680 2707 4691 -—
2739 4650 3136 4719 ΑΠΟΛΛΩΝΙῼ
3172 4649 3536 4719 ΕΠῘΣΚΟΠῼ.

2287 4779 2502 4851 Ἐπειδὴ
2527 4778 2587 4831 τὸ
2633 4778 2916 4849 βιάζεσθαι
2962 4778 3058 4830 καὶ
3101 4776 3280 4829 ἕλκειν
3318 4776 3453 4847 πρὸς
3491 4772 3744 4827 εὐσέϐειαν

2204 4872 2330 4937 τοὺς
2378 4870 2755 4936 ἀντεξουσίους
2800 4869 3111 4937 γεγονότας,
3163 4867 3438 4939 εὐπρεπὲς
3463 4866 3566 4920 οὔτ’
3594 4863 3745 4927 ἐστὶν,

2206 4963 2332 5017 οὗτε
2362 4962 2537 5016 δοκεῖ·
2576 4961 2655 5031 τῷ
2699 4958 2907 5012 πείθειν
2938 4951 2999 5013 οὗ
3040 4958 3230 5029 καιρός
3259 4959 3377 5012 ἐστι
3411 4956 3746 5029 χρησάμενος»

2206 5053 2409 5125 φώτιζε
2436 5052 2513 5124 τῷ
2531 5052 2714 5123 σαυτῷ
2739 5051 2838 5123 βίῳ
2858 5052 2987 5114 τοὺς
3012 5052 3071 5105 ὲν
3102 5051 3281 5121 σκότῳ
3313 5047 3689 5121 διατρίϐοπας.

595 5401 643 5434 ⁸⁸
668 5400 803 5457 Dan.
848 5416 931 5468 ιιι,
961 5399 1063 5467 29;
1094 5415 1173 5465 Ix,
1198 5399 1254 5453 'l.
1336 5398 1379 5430 δ’
1418 5397 1643 5454 Malach.
1691 5412 1769 5463 ιιι,
1806 5395 1891 5457 I5,
1924 5394 2012 5449 14.
2084 5406 2087 5421 ⁴

2203 5394 2354 5449 lauit.
2385 5410 2438 5459 v,
2473 5393 2558 5448 i9.

1617 5533 1848 5591 VARUS
1890 5530 2279 5589 LECTIONES
2317 5529 2405 5585 ΕΤ
2448 5529 2678 5584 NOTAE.

603 5695 716 5764 (91)
756 5694 1017 5751 Cod.Vat.
1044 5694 1176 5764 650,,
1198 5695 1265 5764 τῇ
1294 5692 1373 5747 δέ.
1407 5690 1611 5764 Ροεεικ.

604 5696 687 5763 (91
756 5695 1017 5751 Cod.Vat.
1044 5695 1170 5757 650,
1198 5695 1265 5764 τῇ
1294 5695 1373 5747 δέ.
1408 5695 1611 5747 Ροεεικ.

604 5695 719 5839 (8ὶῖ
755 5765 859 5823 Pro
889 5763 1280 5836 κεκλεισμένης
1308 5767 1429 5820 cod.
1463 5762 1640 5819 Vatic.
1685 5760 1790 5817 650
1834 5760 1962 5831 legit
1992 5775 2098 5812 κε-

2213 5683 2491 5809 κλιρένης.
2526 5681 2703 5763 νοτε..
2724 5697 2840 5748 seq.
2876 5695 2971 5747 pro
3003 5678 3241 5760 xzyxlie:
3279 5680 3296 5748 (
3324 5694 3612 5750 quanquam
3645 5675 3747 5733 Itzt

2213 5771 2303 5809 uer
2343 5770 2446 5809 oua
2468 5762 2550 5809 est
2584 5753 2743 5808 lectto
2771 5750 3045 5809 ὲγκλείσει
3074 5751 3219 5809 legit.
3256 5752 3333 5803 la.

2208 5750 2446 5826 perbona
2468 5762 2550 5810 est
2584 5753 2743 5808 lectio
2771 5750 3045 5819 ὲγκλείσει
3074 5751 3219 5821 legit.
3256 5752 3333 5803 la.
