3894 6412
155 383 269 447 1017

350 498 510 557 TEA'.
547 531 618 542 --
654 502 1097 559 NEIAAMMQNI
1138 509 1462 580 ΔΙΑΚΟΝῼ.

212 609 269 660 Oi
291 608 391 677 μὲν
416 610 725 675 πταίοντες,
745 613 840 665 καὶ
864 616 973 678 τοῖς
1013 616 1179 686 ἱεροῖς
1206 618 1527 687 μυστηρίοις
1556 636 1719 689 προσ-

159 700 281 751 ιέναι
315 699 390 770 μὴ
428 701 761 771 τολμῶντες,
796 705 1139 775 εὐγνώμονές
1192 710 1321 771 εἱσι,
1358 711 1450 762 καὶ
1506 711 1717 780 ταχέως

154 792 235 843 καὶ
266 792 348 855 εἰς
374 792 435 845 τὸ
468 794 542 865 μὴ
584 796 922 866 ἁμαρτάνειν
956 800 1400 870 περιστήσονται.
1432 803 1494 854 Οί
1534 803 1588 855 δὲ
1628 804 1719 855 καὶ¹

162 884 626 952 πλημμελοῦντες,
663 888 887 942 καὶτῶν
911 890 1199 960 ἀχρὰντων
1233 894 1549 963 μυστηρίων
1595 912 1719 962 μια-

156 977 265 1045 ραῖς
292 977 455 1046 χερσὶ
496 977 803 1046 τολμῶντες
845 979 1136 1045 ἅπτεσθαι,
1173 976 1247 1035 ὦν
1275 977 1375 1047 εἷς,
1412 983 1592 1046 καθὼς
1625 986 1721 1051 γέ·-

156 1083 385 1137 τραφας,
422 1070 517 1122 καὶ
545 1068 813 1140 Ζώσιμος,
868 1076 1075 1143 μυρίων
1115 1075 1223 1126 εἰσὶ
1251 1075 1531 1149 τιμωριῶν
1558 1075 1718 1140 ἀξιοι.

167 1159 408 1227 Ἐνὸχους
440 1160 549 1230 γὰρ
571 1163 799 1225 ἑαυτοὺς
830 1165 1209 1232 ἀποφαίνουσι,
1238 1164 1379 1217 κατὰ
1401 1166 1499 1234 τὴν
1517 1165 1719 1235 ἀψευδῆ

156 1249 238 1303 τοῦ
293 1252 509 1305 Παύλου
561 1256 767 1325 φωνὴν,
803 1255 897 1308 τοῦ
933 1255 1183 1326 σώματος
1218 1256 1311 1309 καὶ
1347 1257 1442 1309 τοῦ
1490 1258 1723 1327 αἵματος

156 1340 239 1392 τοῦ
276 1342 507 1412 Κυρίου.
542 1345 635 1397 Διὸ
664 1346 731 1416 δὴ
762 1348 873 1407 τοῖς
921 1347 1019 1416 μὲν
1066 1347 1301 1417 πρώτοις
1341 1348 1401 1399 οὐ
1432 1349 1571 1399 πάνυ
1606 1348 1724 1399 ἐπι-

157 1432 353 1486 τίθεται
401 1436 430 1486 ὁ
468 1436 735 1499 διάϐολος.
770 1435 926 1500 εἰδὼς
979 1437 1061 1490 ὅτι
1099 1441 1192 1490 καὶ
1246 1438 1553 1501 πταίουσιν,
1604 1438 1721 1491 ἀλλ’

160 1520 241 1577 οὖν
270 1541 334 1593 γε
364 1525 725 1594 γινώσκοντες
751 1530 863 1590 τοῖς
889 1526 1053 1592 θείοις
1081 1530 1141 1581 τὸ
1167 1529 1330 1592 σέϐας
1359 1530 1721 1598 φυλάττουσι·

160 1617 259 1679 τοῖς
292 1616 350 1668 δὲ
394 1618 669 1689 δευτέροις
695 1622 807 1681 τοῖς
851 1619 945 1671 καὶ
988 1620 1368 1690 πλημμελοῦσι
1406 1622 1500 1673 καὶ
1542 1621 1616 1692 μὴ
1645 1640 1727 1689 γι-

161 1706 472 1772 νώσκουσιν,
503 1708 536 1779 ἢ
570 1709 902 1776 γινώσκουσι
938 1712 1057 1779 μὲν,
1090 1710 1491 1782 καταφρονοῦσι
1522 1712 1602 1775 δὲ,
1633 1712 1726 1765 καὶ

158 1800 256 1853 τῶν
292 1800 453 1869 ίερῶν
499 1802 815 1871 μυστηρίων
854 1803 1128 1873 τολμῶσιν
1154 1803 1416 1873 ἅψασθαι,
1461 1807 1577 1871 ὅλος
1605 1808 1727 1859 ἑπι-

961 392 1494 456 EPISTOLARUM
1538 396 1686 457 LIB.
1725 398 1842 460 ΙΙΙ.
1872 425 1938 435 -
1979 404 2214 464 EPIST.
2255 406 2589 469 CCCLXVI.

3262 408 3396 473 1018

2010 516 2330 574 CCCLXIV.
2360 551 2431 564 —
2454 518 2846 575 NILAMMONI
2872 518 3191 577 DlACONO.
3424 514 3425 517 1

1896 628 1994 695 Qui
2046 639 2296 699 peccant,
2338 640 2501 699 atque
2539 630 2604 684 ad
2650 645 2805 685 sacra
2844 632 3097 701 mysteria
3138 637 3400 688 accedere

1827 724 2048 775 minime
2079 723 2293 783 audent,
2320 723 2534 776 sincero
2552 722 2757 791 judicio
2785 725 2992 793 praediti
3019 735 3162 790 sunt,
3183 739 3246 778 ac
3278 740 3401 778 con-

1828 805 2004 859 festim
2033 823 2098 862 eo
2125 808 2457 862 adducentur
2477 849 2491 871 ,
2529 822 2585 862 ιιι
2611 826 2639 863 a
2677 822 2898 877 peccato
2927 812 3251 868 abstineant.
3299 813 3400 879 Qui

1829 905 2009 951 autem
2050 910 2294 967 pPCCaDt,
2327 912 2380 954 et
2407 902 2833 957 incontaminata
2868 907 3121 976 mysteria
3154 906 3403 961 scelestis
3454 953 3461 973 ,

1830 988 2079 1041 manibus
2105 990 2371 1058 attingere
2395 1008 2498 1045 non
2528 994 2773 1047 dubitant
2801 992 2874 1063 (in
2902 1009 3131 1063 quorum
3155 1009 3401 1059 numero,

1830 1087 1889 1132 ut
1917 1080 2129 1143 scribis,
2160 1080 2411 1135 Zosimus
2441 1084 2605 1137 etiam
2638 1082 2743 1149 est)
2764 1124 2780 1147 ,
2824 1087 3097 1139 sexcentis
3129 1084 3405 1152 suppliciis

1830 1168 1974 1237 digni
2004 1179 2147 1222 sunt.
2203 1168 2343 1225 Reos
2390 1173 2576 1236 enim,
2619 1174 2772 1242 juxta
2812 1176 3031 1228 minime
3090 1175 3402 1229 mendacem

1831 1259 1978 1313 Pauli
2012 1276 2193 1314 vocem
2219 1302 2233 1323 ,
2265 1264 2508 1329 corporis
2536 1274 2590 1318 et
2632 1264 2915 1334 sanguinis
2950 1263 3161 1318 Domini
3193 1265 3405 1333 seipsos

1833 1350 2148 1404 reddunt".
2195 1349 2557 1416 Quamobrem
2596 1354 2760 1407 etiam
2792 1356 2994 1423 primos
3032 1355 3249 1424 quidem
3286 1354 3404 1407 dia-

1831 1439 1986 1494 bolus
2014 1440 2155 1493 haud
2192 1441 2345 1495 valde
2373 1445 2704 1511 aggreditur,
2744 1445 2883 1512 quod
2922 1444 3129 1498 scilicet
3158 1444 3407 1512 explora-

1835 1541 1945 1585 tum
1977 1533 2200 1598 habeat,
2228 1550 2321 1587 eos
2345 1574 2359 1597 ,
2394 1537 2645 1602 quamvis
2675 1547 2920 1603 peccent,
2953 1546 3130 1590 tamen
3168 1537 3218 1589 id
3241 1550 3410 1606 agno-

1833 1631 2045 1675 scentes
2081 1623 2275 1676 divinis
2321 1623 2480 1677 rebus
2503 1627 2904 1677 venerationem
2940 1639 3267 1679 conservare
3305 1642 3319 1679 :
3354 1632 3411 1681 at

1836 1727 1964 1766 vero
1995 1713 2046 1766 in
2073 1715 2362 1778 secundos,
2390 1716 2492 1769 hoc
2522 1724 2603 1769 est
2622 1732 2738 1780 eos,
2770 1718 2861 1785 qui
2896 1727 3142 1785 peccant,
3167 1731 3265 1770 nec
3292 1729 3411 1784 pec-

1833 1815 2013 1859 catum
2044 1816 2342 1874 agnoscunt
2365 1848 2378 1869 ,
2413 1816 2526 1873 aut,
2555 1806 2680 1861 licet
2710 1817 3042 1876 agnoscant,
3070 1817 3249 1862 tamen
3276 1822 3410 1862 con-

161 1887 418 1957 κωμάζει,
448 1891 749 1959 τεκμήριον
777 1891 876 1959 τῆς
900 1891 1239 1963 ἀναλγησίας
1272 1893 1484 1964 καὶτῆς
1509 1893 1730 1965 διαφθο-

1845 1906 2101 1958 Lemnunt,
2126 1911 2190 1950 ac
2219 1908 2561 1951 sacrosancta
2583 1899 2839 1965 mysteria
2858 1901 3169 1968 contingere
3190 1898 3413 1953 minime

166 1981 257 2047 ρᾶς
286 1979 384 2047 τῆς
419 1981 743 2044 παντελοῦς,
775 1980 921 2033 τοῦτ’
947 1979 1085 2035 εἶναι
1116 1983 1339 2047 εἰκότως
1366 1985 1632 2053 οἰόμενος.
1667 1987 1731 2039 Ὀ

161 2070 217 2138 δὴ
238 2072 334 2122 καὶ
352 2072 445 2123 ἐπὶ
460 2071 554 2124 τοῦ
586 2071 842 2142 προδότου
867 2073 1187 2143 πεποίηκεν.
1220 2075 1295 2127 Οὐ
1334 2074 1463 2145 γὰρ,
1489 2074 1565 2139 ὡς
1600 2077 1730 2146 ἡγῇ,

160 2160 245 2212 τοῦ
293 2162 627 2215 Δεσποτικοῦ
674 2166 1035 2235 καταφρονῶν
1076 2165 1327 2235 σώματος
1368 2166 1616 2236 εἰσῆλθεν
1652 2171 1733 2231 είς

173 2256 347 2321 αὑτὸν,
372 2256 510 2311 ἀλλὰ
538 2259 636 2327 τῆς
667 2262 931 2328 πονηρίας
964 2258 1129 2310 αὐτοῦ
1160 2259 1489 2326 καταγνοὺς,
1513 2261 1593 2312 ὅτι
1624 2260 1734 2313 λοιο

162 2348 254 2399 πὺν
276 2349 471 2399 ἀνίατα
500 2349 647 2400 νοσεῖ
668 2366 682 2380 ·
708 2348 1002 2419 προδοῦναι
1028 2348 1129 2418 μὲν
1154 2347 1551 2417 διανοούμενος,
1573 2365 1734 2418 μετα-

163 2444 302 2509 σχεῖν
319 2441 374 2493 δὲ
399 2440 476 2511 μὴ
500 2440 771 2510 παραιτοῦ
782 2458 963 2510 μενος,
994 2440 1166 2511 (exeso
1188 2440 1357 2507 ἄγων.
1386 2440 1448 2493 Et
1472 2440 1578 2511 γὰρ
1596 2436 1733 2493 εἶδεν

172 2534 323 2586 αὑτὸν
352 2532 595 2595 εὐλαϐῶς
624 2533 815 2602 ἔχοντα
850 2534 979 2604 περὶ
1010 2534 1070 2586 τὸ
1106 2533 1247 2585 θεῖον
1285 2534 1605 2605 μυστήριον,
1638 2535 1733 2587 καὶ

166 2626 653 2696 παραιτησάμενον,
686 2624 815 2688 ἴσως
853 2624 918 2678 ἂν
973 2626 1049 2688 ὡς
1081 2625 1161 2677 ἔτι
1189 2627 1429 2695 νήφοντα
1460 2624 1735 2696 παρώδευ-

169 2733 268 2769 σεν.
312 2717 465 2768 Ἐπεὶ
486 2716 529 2768 δ’
558 2711 697 2768 εἶδεν
727 2716 887 2768 αὐτὸν
921 2716 1024 2767 ὑπὸ
1052 2716 1150 2784 τῆς
1175 2715 1611 2786 φιλοχρηματίας
1636 2733 1735 2769 κα-

170 2809 525 2880 ρηϐαροῦντα,
554 2810 649 2861 καὶ
690 2810 890 2878 μηκέτι
923 2808 1012 2860 τὸν
1042 2808 1201 2880 ὀρθὸν
1230 2808 1422 2878 ἔχοντα
1452 2808 1732 2879 λογισμὸν,

168 2902 271 2953 ἀλλ’
306 2899 743 2969 ὲκϐακχευθέντα
784 2898 889 2954 ὑπὸ
931 2900 1032 2968 τῆς
1078 2898 1381 2969 ἀκορέστου
1425 2898 1616 2970 μέθης.
1659 2900 1733 2952 Οὐ

172 2993 269 3063 μὴν
305 2991 382 3054 δὲ,
419 2990 555 3044 ἀλλά
587 2991 684 3043 καὶ
707 2990 1057 3062 τολμήσαντα
1088 2990 1351 3058 ἅψασθαι,
1383 2983 1457 3043 ὧν
1496 2989 1736 3058 ἅψασθαι

169 3086 394 3139 τοιοῦτον
420 3086 549 3139 ὄντα
573 3086 672 3138 οὐκ
707 3086 895 3154 ἐχρῆν,
920 3085 1021 3154 τῆς
1060 3085 1396 3154 ἀναλγησίας
1431 3084 1596 3139 αὐτοῦ
1639 3102 1737 3138 κα-

170 3178 409 3245 ταγνοὺς,
432 3177 551 3239 ὅλος
580 3178 661 3239 είς
687 3176 850 3228 αὑτὸν
890 3175 1157 3245 ἐχώρησε.

1836 1996 2126 2051 verentur,
2155 1996 2297 2040 totus
2330 2001 2389 2040 se
2431 1987 2711 2054 insinuat,
2755 1988 2897 2041 istud
2930 2004 3123 2057 nempe
3158 1986 3412 2058 perfecta:

1835 2078 2165 2148 stupiditatis
2213 2089 2270 2132 et
2310 2079 2674 2147 corruptionis
2716 2090 3091 2149 argumentum
3135 2095 3255 2134 esse
3302 2095 3408 2134 non

1834 2176 1931 2227 abs
1961 2189 2020 2227 re
2058 2174 2401 2228 existimans.
2435 2174 2585 2240 Quod
2619 2174 2782 2229 etiam
2810 2176 2862 2228 in
2897 2175 3169 2243 proditore
3201 2189 3413 2243 quoque

1834 2264 1983 2318 fecit.
2024 2264 2143 2317 Non
2173 2266 2353 2328 euitu,
2409 2266 2860 2330 quemadmodum
2911 2277 2964 2319 tu
3012 2277 3208 2335 putas,
3258 2280 3324 2320 eo
3355 2266 3410 2318 in

1834 2356 2007 2425 ipsum
2038 2355 2315 2423 ingressus
2344 2366 2428 2410 est
2448 2396 2463 2419 ,
2500 2358 2642 2425 quod
2676 2358 3014 2412 Dominicum
3059 2372 3255 2425 corpus
3281 2372 3412 2410 con-

1836 2454 2123 2511 temneret,
2152 2448 2245 2501 sed
2275 2463 2396 2501 cum
2438 2448 2605 2513 ipsius
2646 2449 3044 2517 improbitatem
3073 2457 3409 2518 perspectavit

1834 2539 2095 2601 haberet,
2130 2554 2322 2608 nempe
2350 2540 2493 2608 quod
2512 2539 2624 2607 jam
2654 2540 2946 2595 incurahili
2975 2543 3162 2595 morbo
3196 2550 3412 2595 tenere-

1837 2639 1952 2693 tur,
1980 2639 2039 2684 ut
2065 2631 2154 2699 qui
2180 2629 2469 2683 Dominum
2495 2630 2710 2699 quidem
2756 2631 2989 2699 prodere
3017 2630 3071 2683 in
3102 2631 3283 2684 animo
3315 2630 3413 2684 ha-

1835 2722 2008 2785 beret,
2045 2737 2144 2776 nec
2187 2732 2365 2775 tamen
2393 2720 2650 2793 mysteria
2681 2721 2961 2789 percipere
2984 2730 3290 2785 recusaret,
3322 2720 3409 2774 id-

1836 2813 1984 2868 circo
2040 2829 2163 2868 eum
2226 2814 2469 2868 abduxit.
2522 2813 2663 2866 Nam
2710 2813 2753 2867 si
2792 2827 2914 2867 eum
2978 2829 3108 2883 erga
3164 2812 3406 2867 divinum

1836 2905 2148 2974 mysterium
2188 2904 2443 2974 religiose
2486 2918 2549 2957 ac
2586 2912 2896 2957 reverenter
2922 2901 3194 2965 allectum,
3223 2902 3276 2956 id
3314 2900 3412 2955 de-

1837 3005 2145 3063 precantem
2179 2994 2591 3062 conspexisset,
2638 2991 2871 3046 fortasse
2894 2993 3069 3059 ipsum
3094 3030 3109 3055 ,
3155 2998 3415 3058 tanquam

1837 3086 2015 3138 adhuc
2038 3098 2181 3137 sanae
2214 3099 2276 3138 ac
2307 3084 2503 3139 sobria:
2526 3084 3007 3139 mentishominem
3035 3082 3407 3152 prasteriisset.

1842 3174 2202 3241 Posteaquam
2244 3184 2423 3228 autem
2469 3189 2578 3243 pra:
2610 3176 2836 3227 avaritia
2868 3184 3123 3242 tanquam
3147 3170 3415 3241 vertigine

170 3274 518 3335 laborantem,
545 3270 769 3339 necjam
795 3271 1025 3338 amplius
1050 3272 1246 3326 mentis
1265 3279 1564 3340 compotem
1587 3285 1729 3334 esse,
1771 3285 1957 3324 verum
1992 3271 2060 3324 ab
2135 3269 2443 3338 inexplebili
2485 3268 2793 3323 temulentia
2839 3268 2892 3320 in
2929 3267 3163 3322 furorem
3230 3274 3413 3321 actum

172 3365 310 3427 vidit,
349 3372 514 3431 atque
567 3361 702 3415 adeo
733 3362 786 3414 iu
819 3376 936 3415 eam
974 3364 1257 3417 audaciam
1287 3364 1486 3418 elatum
1513 3405 1528 3429 ,
1556 3373 1616 3417 ut
1638 3378 1727 3427 ea,
1766 3363 2068 3435 399mm:
2089 3364 2157 3417 ab
2184 3364 2449 3431 ejusmodi
2478 3362 2697 3416 homine
2755 3360 2945 3429 attingi
3010 3360 3232 3415 minime
3256 3373 3419 3430 opor-

175 3459 322 3519 tebat,
357 3460 629 3527 attingere
668 3460 892 3515 minime
918 3470 1221 3528 vereretur,
1260 3470 1371 3517 tum
1404 3476 1533 3518 vero
1569 3462 1739 3532 ipsius
1778 3473 2053 3533 stuporem
2086 3474 2405 3530 agnoscens,
2437 3468 2580 3513 totus
2641 3458 2695 3512 in
2730 3474 2852 3513 eum
2885 3473 2943 3510 se
3011 3456 3219 3525 injecit.

511 3575 675 3629 TEE'.
704 3603 778 3617 -
810 3574 1036 3644 ΤΑΥΡῼ
1080 3571 1383 3644 ΥΠΔΡΧῼ.

240 3682 365 3734 Τότε
395 3684 423 3736 ὀ
451 3684 611 3753 ὀρθὸς
638 3684 737 3753 τῆς
779 3683 935 3752 δίκης
980 3683 1106 3754 ὅρος
1136 3680 1393 3745 σώζεται,
1428 3676 1473 3734 ὦ
1502 3681 1739 3752 ἀρχικῆς

178 3772 364 3841 ἀρετῆς
397 3774 796 3842 ἀψευδέστατον
839 3772 1299 3844 βασανιστήριον,
1345 3773 1472 3825 ὅταν
1525 3776 1589 3843 τῇ
1642 3772 1739 3842 μὲν

180 3864 399 3917 αττιάσει
426 3867 456 3935 ἡ
480 3866 662 3936 κρίσις
692 3864 1055 3936 ἀκολουθήσῃ,
1077 3868 1143 3934 τῇ
1173 3864 1229 3917 δὲ
1248 3865 1475 3936 κρίσειὸ
1495 3864 1737 3934 ἔλεγχος,

180 3953 245 4023 τῷ
269 3955 322 4007 δὲ
374 3956 581 4025 ἐλέγχῳ
612 3958 645 4025 ἡ
689 3955 889 4025 ψῆφος,
920 3958 953 4026 ἡ
1008 3957 1144 4025 πρὸς
1191 3956 1291 4025 τὴν
1336 3956 1599 4026 ποιότητα
1643 3954 1737 4008 τοῦ

181 4048 557 4119 ἁμαρτήματος
587 4047 699 4117 (95)
733 4048 829 4118 τὴν
868 4048 1139 4118 τιμωρίαν
1171 4046 1451 4120 ὁρίζουσα.

249 4174 422 4241 ΤΞΞΤ.
462 4205 535 4215 —
572 4175 1031 4236 ΜΑΡἸΊΝῙᾹΝΩ,
1069 4175 1341 4245 ΖΩΣΙΜῼ,
1382 4175 1668 4238 ΜΑΡΩΝΙ,

770 4245 1130 4316 ΕΥΣΤΑθιῼ.

245 4353 615 4414 Κινδυνεύετε,
646 4353 722 4416 ὼς
777 4352 1140 4423 πυνθάνομαι,
1173 4354 1563 4422 πεφραγμένας
1608 4354 1740 4405 ἀπο-

186 4446 368 4513 γνώσει
397 4448 495 4508 τὰς
512 4445 683 4508 ἀκοὰς
712 4444 879 4515 ἔχειν,
906 4446 1001 4498 καὶ
1016 4446 1090 4507 ὡς
1120 4445 1186 4499 ἂν
1218 4444 1452 4499 ἔκπαλαι
1478 4443 1746 4498 καθοσιώ-

188 4554 360 4600 σαντες
402 4539 630 4599 ὲαυτοὺς
672 4540 793 4599 ταῖς
826 4538 1140 4607 τιμωρίαις,
1175 4537 1575 4607 παροξύνεσθαι
1609 4538 1745 4607 πρὸς

187 4634 296 4692 τοὺς
333 4629 735 4701 παραινοῦντας
779 4630 849 4681 τὰ
899 4628 1183 4683 κάλλιστα.
1228 4629 1370 4697 Ἐγὼ
1399 4630 1455 4682 δὲ
1505 4629 1743 4699 εὔχομαι

188 4724 318 4792 ὑμᾶς
365 4724 677 4789 ἀνενεγκεῖν
731 4723 795 4774 ἐκ
838 4720 937 4790 τῆς
988 4720 1204 4791 μανίας,
1250 4722 1349 4790 οὐχ
1403 4722 1485 4773 ὅτι
1542 4721 1744 4790 βλάϐην

189 4816 544 4885 ὑποστήσομαι
572 4814 644 4883 μὴ
676 4813 1078 4881 ἀνενεγκόντων
1105 4812 1278 4883 ὑμῶν,
1314 4812 1452 4882 πλὴν
1485 4813 1532 4864 εἰ
1560 4813 1632 4882 μή
1662 4830 1745 4875 τις

2094 3570 2384 3627 CCCLXV.
2410 3601 2483 3611 —
2504 3569 2742 3625 TAURO
2779 3565 3171 3622 HYPARCHO.

1911 3681 2047 3737 Tum
2079 3681 2311 3749 denique
2335 3690 2485 3735 recta
2511 3680 2735 3748 iustitiae
2762 3676 2941 3747 regula
2968 3672 3281 3744 servatur(o
3307 3673 3417 3728 vir-

1843 3775 1973 3830 tutis
1998 3774 2141 3841 illius
2165 3812 2181 3839 ,
2222 3789 2340 3843 qua:
2391 3787 2419 3826 a
2451 3771 2713 3841 praefecto
2744 3769 3037 3839 requiritur
3078 3766 3418 3821 verissimum

1842 3865 2114 3935 examen),
2170 3880 2292 3919 cum
2345 3863 2747 3918 accusationem
2796 3860 3116 3929 disceptatio
3145 3858 3415 3927 sequitur,

1845 3958 2286 4026 disceptationem
2319 3956 2582 4023 probatio,
2609 3954 2975 4023 probationem
3002 3951 3291 4016 sententia,
3314 3964 3420 4019 pro

1844 4050 2091 4104 criminis
2120 4047 2379 4115 qualitate
2412 4046 2735 4115 supplicium
2770 4044 3133 4100 constituens.

1876 4172 2194 4231 CCCLX“.
2223 4202 2294 4212 -—
2324 4168 2771 4231 MARTINIANO,
2810 4167 3083 4234 ZOSIMO,
3122 4166 3383 4222 MARONI

2356 4240 2445 4296 ET
2478 4238 2895 4295 EUS'I‘ATHIO.

1918 4352 2583 4433 Desperatiune’ohseptas
2614 4364 2773 4403 aures
2803 4387 2817 4411 ,
2874 4356 2933 4401 ut
2958 4345 3121 4401 audio
3145 4385 3161 4411 ,
3215 4345 3419 4400 habere
3460 4393 3475 4407 ,

1844 4446 2137 4508 videmini,
2175 4452 2370 4513 atque,
2419 4451 2477 4495 ut
2507 4441 2597 4509 qui
2621 4439 2948 4509 jampridem
2984 4452 3080 4492 vos
3113 4438 3260 4506 ipsos
3286 4451 3417 4504 sup-
3505 4479 3522 4491 ί,

1846 4538 2021 4608 pliciis
2059 4532 2406 4597 devoveritis,
2436 4534 2697 4588 adversus
2726 4546 2818 4585 eos
2844 4529 2934 4599 qui
2956 4529 3158 4599 optima
3188 4527 3419 4584 consilia

1846 4628 1999 4683 vobis
2028 4627 2326 4697 porrigunt,
2363 4624 2638 4680 iracundia
2669 4623 2902 4678 incitari.
2938 4621 3050 4691 Ego
3078 4635 3227 4685 vero,
3262 4630 3322 4674 ut
3348 4634 3419 4675 ex

1847 4721 1951 4775 hac
1975 4718 2183 4773 insania
2208 4716 2531 4787 emergatis,
2574 4721 2731 4783 Opto,
2762 4727 2864 4766 non
2903 4714 3068 4781 quod,
3105 4712 3208 4765 nisi
3245 4725 3421 4766 emer-

1846 4813 2051 4876 seritis,
2106 4809 2416 4866 detrimenti
2458 4808 2752 4878 quidquam
2801 4805 2926 4860 hinc
2969 4804 3253 4859 subiturus
3315 4804 3417 4857 sim

190 4903 326 4972 λέγει
354 4904 449 4974 τὴν
477 4904 720 4973 ἀθυμίαν
750 4903 849 4973 τὴν
876 4904 1313 4974 προγιγνομένην
1337 4906 1505 4974 μοιὲκ
1526 4905 1732 4957 τούτου.

1848 4905 1973 4976 (nisi
2027 4913 2202 4957 tamen
2253 4900 2517 4969 quispiam
2563 4911 2889 4962 mmrorem,
2931 4897 3023 4966 qui
3057 4896 3181 4950 hinc
3215 4895 3281 4948 ad
3333 4908 3421 4948 me

190 4994 275 5056 Εἰς
319 4995 421 5065 γὰρ
450 4994 542 5047 τὸν
574 4994 671 5047 τοῦ
700 4993 892 5063 μισθοῦ
935 4993 1090 5061 λόγον
1132 4995 1286 5046 οὐδὲν
1321 4993 1739 5063 παραϐλαὸήσοο

197 5104 299 5155 μαι.
337 5088 473 5141 Ἀλλ’
500 5086 690 5157 ἐπειδὴ
726 5086 1078 5157 ποθεινοτέρα
1104 5105 1194 5157 μοι
1230 5086 1383 5155 ὑμῶν
1414 5088 1447 5156 ἡ
1476 5086 1740 5156 σωτηρία,

192 5178 277 5246 τῆς
308 5179 411 5232 τῶν
466 5178 681 5250 μισθῶν
729 5178 1102 5242 ἀπολαύσεως.
1149 5179 1213 5231 ΕΞ
1263 5180 1319 5232 δέ
1368 5197 1453 5243 τις
1501 5181 1738 5242 ἀπιστεῖ,

195 5268 363 5339 πόρρω
387 5271 483 5340 μὲν
510 5269 797 5339 τυγχάνων
825 5270 1044 5340 φιλικῆς
1072 5270 1239 5337 ἕξεως
1268 5269 1534 5323 ἁλώσεται
1560 5270 1652 5323 καὶ
1672 5270 1739 5323 τὰ

196 5360 369 5413 ἑαυτοῦ
408 5362 567 5431 μόνον
595 5361 775 5431 ζητῶν
799 5361 1182 5433 φωραθήσεται
1223 5362 1358 5431 (94).
1389 5364 1452 5415 El
1486 5362 1542 5415 δὲ
1577 5361 1733 5429 ἐλεγ-

261 5515 301 5547 ⁵⁸
330 5513 494 5574 lCor.
523 5530 603 5579 ιι,
642 5514 734 5567 27.

1846 4997 2003 5062 redit,
2035 5001 2454 5050 commemoret:
2487 5006 2610 5045 nam
2642 4990 2783 5060 quod
2824 4990 2888 5043 ad
2920 4988 3124 5057 prtemii
3155 4985 3416 5040 rationem

1852 5089 2075 5151 attinet,
2132 5085 2265 5141 nihil
2294 5083 2474 5139 damni
2514 5081 2787 5146 faciam),
2820 5096 3006 5134 verum
3038 5076 3182 5147 quod
3215 5073 3423 5142 majore

1848 5178 2037 5231 salutis
2067 5186 2281 5239 vestrae,
2308 5189 2468 5243 quam
2494 5172 2701 5243 praemii
2726 5169 3086 5239 consequendi
3118 5166 3418 5236 cupiditate

1848 5279 2054 5325 tenear.
2082 5266 2233 5333 Quod
2265 5267 2309 5320 si
2335 5264 2455 5334 quis
2477 5265 2605 5317 mihi
2631 5263 2847 5329 difﬁdit,
2880 5262 2924 5315 is
2954 5260 3109 5327 longe
3130 5259 3198 5313 ab
3227 5257 3422 5312 amici-

1844 5362 1931 5414 tia:
1956 5359 2138 5413 habitu
2166 5368 2402 5413 remotus
2423 5371 2543 5411 esse
2569 5364 2623 5410 et
2644 5355 2726 5408 sui
2752 5362 2960 5408 tantum
2986 5350 3157 5420 ipsius
3191 5348 3418 5404 utilitati

1258 5625 1491 5681 VARUE
1527 5621 1909 5681 LEC'I‘IONES
1948 5621 2038 5677 ET
2082 5620 2317 5678 ΝΟΤᾹΣ.

198 5827 224 5865 1
258 5741 363 5868 (93E),
393 5742 495 5796 Pro
523 5742 918 5815 ἁμαρτήματος
962 5740 1099 5798 idem
1146 5740 1267 5798 cod.
1302 5739 1427 5810 legit
1469 5737 1744 5809 πταίσμα-

226 5829 293 5868 -:c.
367 5830 531 5868 ossm.

226 5829 293 5877 ες.
327 5829 531 5870 γοςειιι.

1920 5734 2031 5805 (94)
2057 5733 2183 5805 Haec
2207 5775 2222 5795 ,
2253 5732 2435 5787 καὶτὰ
2465 5730 2725 5786 ἑαυτοῦ...
2760 5730 3168 5805 φωραθήσεται,
3197 5729 3421 5805 omitte-

1846 5800 1951 5861 bat
1984 5800 2111 5861 edit.
2161 5804 2359 5870 Paris.,
2400 5810 2458 5859 ut
2497 5819 2648 5859 versa
2682 5814 2803 5871 post
2831 5800 3021 5873 quinto
3060 5801 3262 5869 verba,
3286 5804 3314 5856 ὀ
3359 5800 3425 5857 δὲ
