3894 6412
200 352 328 416 1021

551 463 674 518 τα.
708 494 778 505 -
809 466 1075 538 ΕΡΜΙΝῼ
1110 469 1408 525 KUMHTI.

267 589 463 642 Πολλοὶ
493 591 593 661 μὲν
624 595 979 664 τροπαιοῦχοι
1004 596 1227 666 ἀνδρίαν
1269 599 1622 670 κτησάμενοι,
1665 601 1783 670 φιλ-

196 680 488 753 ανθρωπίᾳ
513 683 641 745 τοὺς
680 684 954 755 ὑπηκόους
993 687 1338 742 διεσώσαντο.
1369 691 1476 743 Καὶ
1497 691 1590 754 οὓς
1624 694 1784 746 ἀκον-

200 789 300 836 τας
334 773 836 841 κατεδουλώσαντο,
883 780 1109 843 τούτους
1141 781 1366 844 ἑκόντας
1400 782 1779 852 ἐχειρώσαντο.

205 863 271 918 Ἦ
305 865 411 935 μὲν
433 867 544 937 γὰρ
570 867 758 938 ἀνδρία
786 869 933 941 δεινὴ
980 873 1039 923 τὸ
1074 871 1148 941 μὴ
1189 873 1435 942 ὑπάρχον
1456 873 1779 942 κτήσασθαι,

195 957 228 1024 ἡ
261 955 321 1007 δὲ
348 957 596 1028 πραότης
632 959 763 1012 αὐτὸ
800 959 861 1012 τὸ
905 960 1102 1031 κτηθὲν
1138 963 1376 1032 ἀμείνων
1418 961 1671 1030 φυλάξαι.
1720 964 1784 1014 υἱ

195 1047 252 1100 δὲ
281 1047 380 1100 τοῦ
407 1049 585 1118 πράου
617 1051 981 1121 τροπαιοῦχον
1014 1052 1311 1122 αὐχοῦντες
1337 1049 1478 1108 εἶναι
1508 1054 1782 1124 φοιτηταί,

196 1139 295 1191 καὶ
327 1139 425 1192 τοῦ
451 1142 708 1212 οὐρανίου
741 1143 1006 1212 βασιλέως
1040 1144 1394 1214 στρατιῶται,
1428 1143 1521 1207 οὓς
1553 1145 1603 1196 οἱ
1632 1145 1785 1214 παρά

195 1229 295 1300 τὴν
346 1231 526 1302 ἀρχὴν
560 1234 902 1287 ὑπασπισταὶ
943 1236 1210 1305 πραότητι
1270 1237 1494 1298 ἑκόντας
1555 1235 1784 1306 ἐχειρώ-

201 1337 386 1386 σαντο,
413 1322 636 1388 τούτους
668 1325 956 1398 ἀλαζονείᾳ
994 1329 1225 1392 ἀκοντας
1256 1329 1641 1382 ἀποσοϐοῦσιν.
1675 1328 1785 1392 Οὓς

201 1413 309 1483 γὰρ
348 1415 553 1467 ἐκεῖνοι
594 1416 822 1479 ἑκόντας
867 1419 948 1481 εἰς
977 1421 1077 1488 τὴν
1117 1420 1291 1490 ἀρχὴν
1344 1421 1781 1490 παρεστήσαντο,

200 1504 431 1570 τούτους
458 1510 555 1560 καὶ
589 1509 664 1578 μὴ
699 1507 1056 1578 βουλομένους
1078 1510 1164 1564 διά
1181 1513 1280 1581 τῆς
1297 1513 1507 1565 ἑαυτῶν
1534 1513 1785 1582 τυραννί-

202 1596 288 1658 δος
323 1597 742 1654 ἀπελαύνουσιν.
778 1600 868 1664 Ὠς
893 1603 1001 1671 γὰρ
1033 1601 1310 1672 λυμεῶνες
1341 1603 1435 1655 καὶ
1463 1603 1783 1673 ἀλάστορες,

202 1688 300 1756 οὐχ
334 1688 416 1752 ὡς
463 1689 726 1761 ποιμένες
784 1695 898 1754 τοῖς
945 1693 1208 1762 ὑπηκόοις
1255 1694 1676 1764 προσφέρονται.
1718 1695 1785 1747 Τί

201 1774 292 1832 οὐν
317 1783 594 1851 ποιητέον,
626 1782 765 1853 ἔφης
786 1800 801 1848 ;
826 1785 991 1837 Οὐδὲν
1015 1785 1144 1839 ἄλλο
1169 1785 1201 1855 ῆ
1225 1787 1427 1856 ἀρετὴν
1456 1785 1780 1852 ἀσκοῦντας,

202 1871 262 1924 τὸ
298 1872 448 1927 θεῖον
469 1877 762 1944 ἀναμένειν
793 1875 1142 1946 δικαστήριον
1170 1877 1302 1946 (97).

887 417 898 430 ,
976 360 1518 423 EPISTOLARUM
1554 364 1703 424 LIB.
1743 365 1858 427 III.
1897 395 1965 405 —
2003 360 2238 429 EPIST.
2277 369 2679 430 CCCLXXIII.

3317 367 3454 433 1022

2158 477 2455 532 CCCLXX.
2483 508 2557 522 --
2587 475 2898 532 HERMlNO
2923 475 3181 532 COMITI.

1958 607 2102 658 Mulli
2152 607 2365 674 quidem
2420 607 2651 660 victores
2681 647 2697 670 ,
2751 622 2844 660 eos
2877 621 3013 675 quos
3047 609 3248 662 virtute
3293 619 3455 678 alque

1883 696 2048 748 animi
2085 696 2446 762 magnitudine
2472 697 2646 761 adepti
2678 705 2854 758 erant,
2881 696 3211 752 humanitate
3236 712 3456 752 c0nser-

1881 797 2113 842 varnut:
2153 799 2205 840 et
2237 804 2372 856 quos
2413 787 2610 840 invitos
2648 788 2701 839 in
2742 788 3056 840 servitutem
3105 789 3452 857 rcdegcrant,

1883 879 2096 931 eosdem
2137 877 2363 930 libentes
2390 886 2696 930 tenuerunt.
2737 875 2944 927 Etenim
2974 875 3228 928 fortitudo
3255 877 3321 930 ad
3378 876 3452 940 id,

1882 973 2025 1039 quod
2064 985 2164 1021 non
2194 969 2424 1032 habeas,
2455 967 2908 1033 comparandum,
2950 982 3194 1035 magnam
3225 967 3329 1020 vim
3359 967 3458 1020 hae

1883 1061 2010 1114 bet:
2057 1059 2340 1114 clementia
2366 1068 2544 1109 autem
2579 1068 2633 1109 et
2656 1055 2906 1116 facilitas.
2935 1057 2999 1109 ad
3030 1057 3103 1119 id,
3139 1058 3280 1125 quod
3312 1072 3457 1124 qua:-

1885 1148 2046 1202 situm
2075 1159 2191 1208 est,
2234 1147 2490 1200 luendum
2528 1154 2690 1213 atque
2728 1147 3158 1199 conservandum
3193 1146 3452 1212 majorem

1883 1240 2114 1292 obtinet.
2145 1238 2212 1289 At
2245 1245 2432 1290 contra
2465 1236 2529 1296 ii,
2553 1237 2644 1303 qui
2671 1236 2804 1290 lenis
2838 1246 2893 1289 et
2921 1237 3189 1289 mansueti
3227 1235 3455 1290 victoris

1885 1329 2206 1394 discipulos,
2251 1343 2314 1380 ac
2349 1325 2588 1380 cmlestis
2631 1325 2770 1393 regis
2809 1325 3004 1379 milites
3051 1341 3110 1380 se
3159 1340 3278 1379 esse
3333 1341 3456 1394 pro-

1887 1419 2108 1472 ﬁtentur
2136 1457 2152 1480 ,
2185 1433 2281 1472 eos
2307 1457 2323 1481 ,
2357 1433 2491 1483 quos
2517 1416 2673 1484 primi
2727 1416 2986 1470 satellites
3039 1432 3136 1486 per
3177 1418 3452 1470 lenitatem

1884 1521 2076 1577 Sponte
2107 1519 2383 1576 ceperunt,
2432 1523 2528 1575 per
2562 1507 2756 1560 fastum
2785 1517 2839 1559 et
2868 1508 3230 1574 arrogantiam
3261 1507 3457 1560 invitos

1885 1601 2224 1653 sobmovent.
2257 1596 2389 1650 Nam
2424 1611 2558 1665 quos
2602 1596 2673 1649 illi
2713 1596 3001 1650 libentibus
3059 1597 3253 1651 animis
3287 1598 3456 1667 impe-

1887 1692 1969 1745 rio
2017 1705 2116 1744 suo
2149 1705 2215 1744 ac
2259 1689 2446 1742 ditioni
2504 1688 2884 1756 subiecerunt:
2927 1689 3042 1753 hos,
3085 1689 3245 1757 etiam
3294 1706 3455 1758 repu-

1887 1793 2144 1853 gnantes,
2177 1796 2269 1850 per
2303 1781 2640 1851 tyrannidem
2671 1795 2820 1832 suam
2851 1781 3144 1848 expellunt.
3179 1779 3456 1849 Siquidem

1887 1882 1946 1927 ut
1985 1875 2290 1942 perditores
2334 1878 2388 1924 et
2425 1871 2731 1930 carniﬁces,
2763 1885 2870 1922 non
2899 1880 3076 1923 autem
3107 1883 3166 1924 ut
3190 1881 3456 1940 pastores,

205 1976 342 2029 eos,
393 1964 588 2032 quibus
616 1977 892 2033 praesunt,
938 1977 1192 2023 tractant.
1254 1969 1390 2036 Quid
1435 1968 1600 2039 igitur
1649 1969 1795 2023 facto
1831 1983 1967 2039 opus
2003 1976 2118 2029 est,
2165 1963 2387 2033 inquis?
2441 1962 2584 2016 Nihil
2648 1963 2828 2026 aliud,
2905 1979 3066 2032 quam
3102 1973 3161 2018 ut
3201 1965 3458 2019 virtutem

207 2054 450 2110 colentes
481 2057 720 2111 divinum
761 2057 996 2112 tribunal
1037 2071 1434 2129 exspectemus.

343 2168 518 2222 TUA’.
539 2199 612 2209 —
639 2170 1445 2260 GEOAOEIQ_IIPE£B1’TEP9
1475 2177 1636 2251 (97').

289 2301 356 2356 '0
389 2303 488 2372 μὲν
515 2304 606 2357 τὸν
629 2306 1065 2376 ἐγκρατέστατον
1089 2309 1184 2362 καὶ
1209 2311 1647 2382 αὐταρκέστατον
1674 2311 1786 2383 βίον

208 2392 482 2462 ἑλόμενος,
511 2397 578 2466 τῇ
616 2396 716 2465 μὲν
741 2397 885 2467 ψυχῇ
919 2398 1169 2470 λαμπρός
1199 2402 1314 2454 ἐστι
1343 2404 1436 2456 καί¹
1478 2404 1674 2474 μέγας,
1707 2403 1786 2474 τῷ

205 2485 260 2538 δὲ
291 2486 395 2556 βίῳ
448 2488 696 2558 εὐτελής.
747 2488 951 2542 Πολλοῦ
1008 2490 1115 2559 γὰρ
1156 2491 1307 2555 ἄξιος
1353 2493 1450 2559 ῶν,
1502 2495 1785 2549 ἀναλίσκει

206 2576 381 2644 ὀλίγα.
425 2577 486 2630 ’0
510 2578 570 2631 δὲ
614 2579 706 2632 τὸν
753 2579 1096 2652 ἁϐροδίαιτον
1143 2582 1254 2653 βίον
1301 2585 1496 2655 τιμῶν,
1533 2589 1629 2640 καὶ
1683 2590 1784 2659 τὴν

209 2669 649 2738 φλεγμαίνουσαν
679 2672 960 2742 τράπεζαν
991 2673 1222 2742 διώκων,
1267 2679 1332 2747 τῇ
1383 2679 1482 2746 μὲν
1512 2680 1654 2748 ψυχῇ
1687 2697 1785 2733 τα-

208 2759 391 2822 πεινός
415 2761 532 2813 ἔστι
571 2761 667 2815 καὶ
713 2764 930 2834 μικρὸς,
964 2766 1058 2818 καὶ
1092 2766 1330 2837 χαρίτων
1357 2767 1584 2840 ἕρημος,
1615 2770 1694 2840 τῷ
1727 2771 1785 2824 δὲ

211 2847 304 2916 βίῳ
331 2849 655 2920 πολυτελής.
696 2853 924 2917 Οὐδενὸς
958 2855 1068 2926 γὰρ
1097 2856 1248 2921 ἄξιος
1289 2855 1364 2908 ῶν
1401 2858 1628 2912 πλεῖστα
1653 2861 1786 2912 ἀνα-

207 2939 401 2993 λίσκει.
449 2943 542 2994 Διὺ
591 2943 803 3008 ἐκεῖνος
861 2945 960 3015 μὲν
1023 2947 1117 2999 ἆτε
1169 2946 1371 3015 ὀλίγοις
1425 2948 1783 3020 ἀρκούμενος,

209 3030 614 3086 πλουσιώτατον
646 3035 834 3088 ἑαυτὸν
866 3033 1006 3090 εῖναι
1052 3039 1295 3109 ἡγεῖται·
1343 3032 1498 3103 οὗτος
1528 3040 1584 3093 δὲ
1615 3041 1787 3095 πολλά

210 3123 540 3188 ἀναλίσκων,
597 3127 677 3190 εἰς
713 3127 814 3190 τὰς
843 3126 952 3180 τῶν
979 3128 1150 3193 πέλας
1207 3130 1394 3196 οὐσίας
1435 3131 1536 3195 τὰς
1582 3133 1786 3205 μιαράς

213 3212 408 3266 ἑαυτοῦ
457 3215 642 3286 ῥίπτει
670 3220 881 3288 χεῖρας.
940 3219 1031 3272 Διὸ
1080 3221 1175 3273 καὶ
1220 3222 1548 3275 πενέστατον
1596 3225 1786 3278 ἑαυτὸν

217 3303 354 3361 εἶναι
376 3310 614 3381 ἡγεῖται.
650 3311 746 3376 Τίς
796 3311 892 3366 οῦν
927 3313 1035 3367 τῶν
1065 3315 1372 3386 ὲχεφρόνων
1399 3317 1491 3370 τὸν
1529 3317 1629 3387 μὲν
1650 3317 1786 3389 πρό-

213 3417 364 3472 τερον
395 3403 455 3456 οὐ
498 3402 756 3474 ζηλώσει,
779 3405 869 3458 τὸν
896 3405 954 3458 δὲ
973 3405 1227 3477 δεύτερον
1249 3409 1310 3460 οὐ
1336 3409 1590 3480 μισήσει;

481 3605 649 3658 TOB'.
687 3634 760 3643 —
795 3605 1001 3660 ΘΕΩΝῙ
1039 3607 1506 3681 ΠΡΕΣΒΥΤΕΡῼ.

759 3698 896 3764 Περὶ
929 3698 1210 3766 Μάρωνος
1222 3739 1236 3752 .

278 3825 416 3879 Ᾱίαν
443 3825 618 3897 ἥσθην
652 3828 958 3899 πυθόμενος
979 3832 1060 3885 ὅτι
1088 3832 1116 3884 ὁ
1151 3832 1242 3896 ab;
1283 3833 1518 3898 διάδικος
1557 3833 1785 3906 ὥρμησε

220 3918 311 3987 μὲν
363 3918 507 3970 κατά
541 3917 635 3971 σοῦ
670 3919 745 3982 ὡς
788 3921 1034 3975 αὐτοϐοεὶ
1089 3924 1491 3994 περιεσόμενος.
1541 3927 1782 3999 Ἐρρἀγη

215 4004 267 4058 δὲ
290 4005 541 4076 καθάπερ
571 4009 630 4059 ἐν
662 4010 777 4073 τοῖς
824 4011 1172 4082 Ὀλυμπικοῖς
1203 4013 1409 4082 ἀγῶσιν
1440 4015 1544 4068 ὐπὸ
1563 4017 1661 4089 τῆς
1684 4017 1786 4088 σῆς

217 4096 526 4166 φιλοσοφίας
560 4101 937 4170 νενικημένος.

217 4301 373 4356 τοΓσ.
409 4333 485 4342 -
519 4302 1423 4378 EPMINQ,_Aepera,1EPAKI
1455 4309 1784 4367 mxumo-

809 4375 988 4446 ΤΑΊᾮ
1028 4375 1164 4449 (98).

287 4491 348 4543 '0
399 4487 503 4560 μὲν
543 4489 746 4560 ἀρετὴν
783 4488 990 4552 ἀσκῶν,
1029 4492 1290 4560 στέφανον
1338 4493 1452 4564 ἔχει
1497 4493 1779 4564 λαμπρόν·

216 4581 242 4635 ὁ
292 4583 349 4636 δὲ
381 4580 667 4652 κατορθῶν
715 4580 834 4651 μὲν,
867 4581 942 4650 μὴ
985 4583 1286 4654 ἡγούμενος
1335 4586 1780 4656 κατωρθωκέναι,

217 4673 303 4724 καὶ
331 4671 501 4724 αὐτοῦ
527 4670 618 4724 τοῦ
655 4670 798 4723 οὕτω
829 4672 1132 4726 διακεῖσθαι
1163 4677 1344 4745 χάριν,
1380 4676 1642 4745 στέφανον
1673 4676 1782 4742 ἕξει

2005 2172 2325 2231 CCCLXXI.
2348 2203 2416 2213 —
2440 2169 2834 2226 THEODOSIO
2876 2170 3348 2228 PR-ESBYTEHO.

1959 2309 2059 2376 Qui
2094 2309 2262 2362 vitam
2305 2307 2537 2360 maxime
2580 2306 2944 2360 continentem
2979 2315 3032 2360 et
3070 2307 3323 2376 frugaleln
3356 2309 3456 2363 sibi

1890 2401 2311 2456 consectandam
2343 2400 2639 2469 preposuit,
2673 2399 2856 2450 animo
2888 2413 3112 2464 magnus
3141 2409 3194 2453 et
3223 2400 3458 2466 splendi-

1887 2495 1988 2550 dus
2015 2502 2098 2548 est
2119 2534 2134 2560 ,
2165 2493 2342 2546 victus
2386 2501 2563 2544 autem
2611 2490 2757 2544 cultu
2793 2491 2987 2544 tennis.
3031 2490 3161 2543 Nam
3191 2507 3312 2545 cum
3343 2493 3461 2561 ipse

1886 2584 2066 2654 magni
2103 2583 2265 2652 pretii
2302 2581 2392 2646 sit,
2423 2595 2590 2649 pauca
2619 2580 2890 2646 expendit.
2936 2579 3004 2632 At
3029 2581 3116 2647 qui
3150 2582 3268 2634 vitae
3299 2582 3459 2636 lauti-

1887 2676 2015 2729 tiam
2066 2675 2116 2727 in
2167 2673 2338 2740 pretio
2369 2672 2530 2725 habet
2574 2685 2637 2723 ac
2675 2669 2942 2738 turgidam
2996 2686 3239 2724 mensam
3269 2688 3461 2727 conse-

1885 2774 2084 2828 ctatur,
2116 2766 2297 2818 animo
2319 2763 2535 2832 quidem
2567 2778 2762 2831 parvus
2807 2774 2858 2817 et
2895 2765 3134 2830 abiectus
3175 2775 3291 2830 est,
3336 2782 3460 2834 gra-

1889 2859 2082 2920 tiisque
2113 2871 2333 2919 vacuus,
2365 2857 2505 2909 victu
2539 2864 2714 2908 autem
2735 2855 2999 2924 profusus.
3020 2854 3150 2908 Nam
3184 2872 3305 2910 cum
3335 2857 3450 2925 ipse

1886 2947 2084 3000 nullius
2113 2948 2271 3016 pretii
2303 2947 2406 3011 sit,
2438 2945 2667 3014 plurima
2699 2946 2941 2998 insumit.
2987 2945 3104 3013 Quo
3145 2945 3222 3010 iit,
3253 2955 3310 3000 ut
3344 2947 3454 3009 ille,

1887 3037 2075 3108 paucis
2109 3046 2416 3099 contentus,
2449 3037 2880 3103 copiosissimum
2905 3051 2964 3090 se
2995 3051 3115 3090 esse
3143 3037 3458 3092 existimet:

1888 3131 1976 3185 hic
2011 3141 2190 3184 autem
2220 3129 2464 3197 ingentes
2495 3126 2653 3198 401
2680 3139 2924 3195 sumptus
2948 3127 3174 3190 faciens,
3207 3130 3257 3181 in
3285 3131 3461 3197 proxi-

1889 3235 2100 3273 morum
2157 3218 2296 3272 bOna
2349 3218 2639 3270 sceleratas
2694 3232 2821 3270 suas
2866 3233 3055 3271 manus
3100 3218 3305 3286 injiciat
3333 3259 3348 3282 ,
3395 3233 3460 3273 ae

1888 3311 2114 3380 proinde
2147 3310 2546 3378 pauperrimum
2584 3323 2642 3360 se
2690 3322 2810 3359 esse
2852 3308 3163 3362 arbitretur.
3202 3310 3456 3375 Quisnam

1810 3415 1856 3477 ο
1889 3402 2050 3472 igitur
2076 3416 2223 3454 same
2253 3401 2448 3454 mentis
2491 3401 2724 3470 priorem
2781 3404 2998 3456 beatum
3030 3418 3131 3456 non
3162 3403 3459 3470 praedicet;

1885 3492 2178 3548 secundum
2210 3502 2388 3545 autem
2422 3493 2594 3547 oderit
2628 3510 2692 3548 ac
2721 3495 3056 3550 detestetur?

2061 3606 2481 3663 CCCLXXll.---
2509 3607 2760 3662 THEONI
2800 3605 3278 3663 PRESBYTERO.

2498 3697 2571 3751 De
2601 3697 2838 3752 Marone.

1955 3833 2146 3904 Magna
2191 3832 2467 3902 voluptate
2498 3831 2722 3885 allectus
2755 3847 2902 3896 sum,
2937 3847 3056 3886 cum
3090 3831 3214 3886 illud
3245 3832 3456 3900 audivi,

1886 3925 2254 3979 adversarium
2295 3935 2477 3986 tuum,
2514 3923 2565 3976 in
2611 3933 2660 3976 te
2687 3922 2902 3990 quidem
2942 3925 3195 3993 impetum
3233 3925 3455 3991 fecisse,

1888 4027 2138 4086 tanquam
2172 4026 2222 4068 te
2252 4017 2434 4070 statim
2467 4017 2800 4083 superiorem
2848 4017 3115 4081 futurum;
3153 4015 3456 4085 disruptum

1886 4117 2062 4161 autem
2123 4109 2316 4173 fuisse,
2373 4123 2477 4160 non
2533 4123 2688 4161 secus
2733 4118 2894 4174 atque
2926 4111 2976 4160 ln
3010 4107 3301 4177 Olympicis
3341 4123 3461 4163 cer-

1885 4197 2196 4262 taminibus,
2228 4213 2256 4250 a
2296 4207 2346 4251 te
2381 4197 2642 4266 sapientia
2679 4197 2874 4249 victum
2905 4207 3064 4264 atque
3104 4207 3455 4266 prostratum.
3521 4209 3524 4213 ‘

1885 4309 2249 4366 CCCLXXIII.
2287 4340 2355 4350 —
2394 4308 2724 4370 HERMINO,
2757 4309 3143 4369 DOROTHEO,
3179 4308 3458 4364 lilEﬂAGl
3502 4358 3512 4366 .

2447 4379 2886 4435 CLARISSIMO.
3503 4397 3514 4408 '

1953 4496 2002 4550 ls
2029 4497 2263 4564 quidem,
2294 4495 2383 4564 qui
2412 4495 2658 4550 virtutem
2685 4495 2832 4554 colit,
2862 4494 3171 4563 prmi-lamin
3204 4508 3456 4545 coronam

1885 4588 2079 4651 habet;
2115 4593 2169 4639 at
2201 4587 2290 4653 qni
2323 4586 2540 4640 virtutis
2575 4585 2747 4640 oﬂicia
2791 4598 3082 4655 praestans,
3124 4583 3342 4638 minime
3377 4593 3461 4636 ta-

1884 4692 2006 4730 men
2041 4691 2100 4730 se
2142 4674 2455 4739 praestitisse
2487 4676 2778 4741 existimat,
2818 4677 2916 4726 boc
2942 4675 3104 4728 etiam
3141 4673 3288 4740 ipso,
3317 4671 3458 4740 quod

216 4760 607 4832 λαμπρότερον.
651 4763 998 4834 Ἀντίῤῥοπον
1028 4764 1138 4834 γὰρ
1177 4765 1286 4821 τῶν
1342 4767 1781 4838 κατορθωμάτων

1894 4768 1958 4821 ita
1987 4767 2207 4822 affectus
2225 4768 2315 4832 sit,
2339 4767 2749 4835 splendidiorem
2776 4781 3027 4821 coronam
3048 4765 3328 4818 habiturus
3354 4773 3458 4820 est.

218 4853 346 4914 ἐστὶ,
400 4854 464 4906 τὸ
518 4853 883 4923 κατορθοῦντα
924 4853 998 4926 μὴ
1044 4857 1294 4923 ἡγεῖσθαι
1341 4859 1781 4928 κατωρθωκέναι.

217 4942 424 4995 Μᾶλλον
458 4941 516 4995 δὲ
563 4941 720 4996 τοῦτο
768 4941 942 5013 παρὸν
998 4943 1099 5012 μὲν
1147 4945 1370 5000 κάκεῖνα
1415 4946 1651 5000 δείκνυσι
1688 4965 1787 5018 με-

217 5034 372 5101 γάλα,
416 5034 558 5089 ἀπὸν
588 5034 646 5088 δὲ
697 5035 792 5088 καὶ
834 5035 904 5088 τὰ
953 5037 1185 5107 μέγιστα
1231 5041 1683 5111 κατασμικρύνει.
1727 5041 1786 5095 Ὀ

221 5125 536 5197 βουλόμενος
583 5126 875 5198 τοιγαροῦν
926 5127 1140 5198 μεγάλα
1193 5130 1388 5184 ἑαυτοῦ
1434 5133 1655 5204 ποιῆσαι
1716 5133 1786 5186 τὰ

1884 4858 2001 4912 Νοιι
2033 4860 2258 4912 minoris
2285 4861 2460 4920 enim,
2501 4875 2659 4926 quam
2704 4859 2925 4912 virtutes
2963 4859 3108 4926 ipsae,
3143 4855 3315 4910 laudis
3349 4863 3456 4918 est,

1889 4965 2008 5004 cum
2063 4965 2127 5003 ex
2183 4951 2379 5004 virtute
2420 4949 2621 5019 aliquid
2667 4965 2855 5019 geras,
2905 4949 3124 5002 minime
3177 4956 3358 5001 tamen
3403 4956 3459 5000 te

1889 5041 2122 5111 gessisse
2152 5043 2424 5096 arbitrari.
2462 5042 2597 5103 Iino,
2635 5053 2690 5094 ut
2721 5043 2920 5095 rectius
2955 5041 3162 5108 loquar,
3204 5040 3306 5094 hoc
3333 5053 3457 5092 cum

1893 5133 2068 5197 adest,
2103 5134 2189 5186 illa
2224 5149 2438 5202 quoque
2470 5151 2663 5204 magna
2694 5151 2814 5191 esse
2848 5136 3093 5189 indicat:
3127 5149 3247 5189 cum
3275 5141 3456 5188 autem

1304 5303 1532 5360 VARUE
1582 5304 1967 5364 LECTIONES
2014 5309 2102 5364 ΕΤ
2137 5309 2370 5366 ΝΟΤίΕ.

284 5454 395 5523 (91)
426 5451 576 5532 __Vide
630 5456 916 5528 Augustin.
981 5471 1145 5512 serm.
1178 5457 1248 5513 ’54
1291 5469 1346 5514 et
1389 5475 1505 5532 seq.
1533 5463 1598 5517 de
1623 5467 1772 5520 verb.

225 5521 483 5590 Apostoli.
517 5523 685 5582 RI'I'T.

1881 5464 2092 5521 Possm.

1951 5535 2062 5603 (98)
2099 5533 2308 5590 Titulus
2329 5535 2485 5605 lmjns
2507 5537 2766 5607 epistolae,
2800 5539 2851 5592 in
2882 5539 3002 5594 cod.
3033 5538 3148 5595 Vat.
3172 5538 3276 5594 650
3302 5539 3456 5594 value

285 5593 418 5681 (ρξ’)
450 5579 683 5681 Duobus—
735 5597 894 5651 simul
914 5668 926 5681 _
956 5596 1439 5681 haeminsc‘ribitur
1463 5579 1684 5681 epistola
1719 5605 1769 5658 in

1894 5579 2124 5681 litierslns
2171 5607 2238 5657 ab
2271 5579 2425 5681 (ξιιίιᾶ
2465 5579 2573 5661 sier
2588 5619 2720 5681 est:
2752 5579 3035 5680 ⁹’Ἄρχοντα
3070 5610 3448 5681 πρεσδυτέρῳ.

221 5664 334 5740 cod.
368 5662 488 5740 Vat.
719 5683 823 5740 non
849 5668 1022 5740 solum
1041 5665 1375 5740 __Theodos_io
1428 5662 1786 5740 presbytero,-

224 5736 307 5786 Sed
373 5733 469 5786 καὶ
535 5733 821 5808 Ἐλισσαίῳ
897 5735 1198 5809 μονάζοντι,
1258 5733 1447 5794 Eliaa'o
1494 5733 1764 5798 moriar/t9.

1883 5676 2032 5728 νει-ες.
2067 5675 2102 5727 '2
2148 5688 2266 5747 post
2295 5677 2593 5747 ἡγούμενος
2633 5679 2773 5732 idem
2807 5675 2924 5735 cod.
2963 5675 3202 5736 addit-5e
3234 5691 3301 5736 ει*
3331 5675 3456 5735 Μ

1877 5758 1995 5813 post
2016 5745 2264 5813 ἡγεῖσθαι
2291 5745 2528 5813 adiungit
2560 5748 2639 5802 τό.
2676 5747 2752 5803 lu.
