3894 6412
975 342 1509 403 ΕΡΙΞΤΟΙ.ΑΒΗΜ
1548 342 1693 402 LIB.

1838 390 1851 402 .
1889 366 1958 377 —
1996 342 2231 401 EPIST.
2274 308 2701 402 CCCLXXXII.
3291 339 3426 405 1096

177 458 345 523 εὐχαῖς
378 454 614 507 σαλεύει.
647 454 823 524 Εὗχου
852 456 1033 508 τοίνυν
1064 457 1158 509 καὶ
1187 455 1347 518 αὐτὸς
1377 456 1526 518 ὅπως
1557 456 1722 527 κρείτ·

1848 457 1914 509 tis
1940 471 2004 511 ac
2052 458 2302 524 precibus
2354 454 2597 508 fluctuat.
2643 454 3003 519 Quamobrem
3060 453 3175 523 ipse
3209 468 3425 525 quutu

1847 558 1964 601 vota
1996 547 2101 613 fac,
2144 559 2200 600 ut
2233 558 2550 616 tempestate
2584 550 2832 615 superior
2859 550 3072 600 evadat.

1914 659 2283 715 CCCLXXIX.
2318 690 2389 703 --
2426 658 2802 715 THEODORO
2854 658 3348 715 SCHOLASTICO.

1912 776 2021 830 Nec
2048 792 2242 830 vanum
2271 785 2326 830 et
2355 786 2701 844 arrogantem
2740 789 2859 829 esse
2885 784 3122 844 Oportet,
3159 789 3258 829 nec
3285 780 3424 828 adu-

1840 867 2092 932 latorem,
2123 884 2305 921 verum
2340 870 2619 934 utriusque
2655 868 2764 921 vitii
2798 881 3075 919 excessum
3107 866 3420 935 fugientem,

1841 961 2068 1015 libermn
2097 975 2219 1014 esse
2260 975 2274 1011 :
2309 961 2388 1013 sic
2417 974 2612 1025 nempe
2641 970 2701 1011 ut
2731 974 2829 1011 uec
2869 959 2922 1011 in
2954 958 3224 1011 fastidium
3254 967 3309 1011 et
3338 958 3422 1009 iu-

1840 1052 2121 1106 solentiam
2146 1052 2411 1120 quispiam
2434 1050 2687 1112 declinet,
2717 1066 2816 1104 nec
2850 1050 2901 1103 in
2935 1048 3186 1104 servilem
3226 1064 3422 1118 quam-

1840 1144 1960 1196 dam
1993 1142 2157 1195 animi
2192 1140 2531 1197 affectionem
2563 1141 2893 1209 prolabatur.
3463 1145 3479 1179 ³η

1945 1231 2294 1289 CCCLXXX.
2317 1262 2386 1273 —
2416 1232 2777 1288 TIMOTHEO
2815 1228 3311 1286 SCHOLASTICO.

1911 1347 2088 1409 Disce,
2129 1362 2161 1401 ο
2209 1347 2608 1416 sapientissime
2645 1355 2698 1400 et
2739 1344 3116 1405 disertissime,
3161 1343 3210 1395 id
3252 1343 3414 1411 quod,

1839 1449 1898 1491 ut
1931 1447 2179 1506 apparet,
2209 1438 2451 1507 ignoras,
2493 1450 2685 1503 nempe
2712 1434 2853 1502 quod
2883 1434 2927 1485 si
2974 1432 3163 1483 amicis
3197 1442 3288 1483 aut
3315 1430 3417 1482 iui-

1838 1531 1995 1584 micis
2065 1531 2205 1582 inter
2230 1544 2287 1582 se
2307 1528 2568 1581 dissidere
2584 1526 2879 1593 contingat,
2905 1540 3010 1576 non
3038 1522 3225 1574 eodem
3257 1519 3417 1572 modo

1837 1620 2233 1673 concertabunt
2262 1633 2479 1672 :verum
2503 1615 2579 1670 illi
2610 1617 2846 1684 quidem,
2872 1623 2929 1667 ut
2953 1614 3006 1666 iu
3036 1623 3273 1665 mutuam
3294 1626 3415 1677 gra-

1839 1712 1967 1765 tiam
1996 1711 2241 1772 rediluri,
2284 1709 2647 1774 contendent;
2682 1710 2734 1762 bi
2763 1719 2966 1773 autem,
3004 1715 3061 1757 ut
3092 1703 3417 1774 inexpiabile

1757 1819 1800 1873 Β
1833 1805 2027 1859 bellum
2060 1803 2319 1857 habituri.

180 343 301 405 1025

174 564 269 599 των
297 547 560 616 χειμῶνος
588 547 836 615 γένηται.

383 663 558 717 ΤΟΘ’.
596 695 669 704 -
706 662 1013 735 ΘΕΠΔΩΡῼ
1053 662 1510 732 ΣΧΟΛᾹΣΤΙΚΩ.

234 772 367 825 Οὔτε
409 774 643 836 ἀλαζόνα
674 770 810 826 εἶναι
858 774 984 845 χρὴ,
1033 772 1156 827 οὔτε
1200 772 1442 826 κόλακαο
1473 772 1589 828 ἀλλ’
1631 775 1741 843 ἀμ-

171 863 403 931 φοτέρων
453 863 560 915 τῶν
606 862 812 915 κακιῶν
841 864 920 932 (4)
947 862 1153 915 τούτων
1195 863 1292 933 τὴν
1331 862 1596 932 ἀμετρίαν
1646 878 1742 914 κο-

170 954 423 1016 λάζοντα,
489 954 795 1025 ἐλευθέριον
853 951 1029 1017 εἶναι,
1105 958 1240 1023 μήτε
1311 956 1393 1017 είς
1455 953 1741 1008 αὐθάδειαν

169 1047 554 1113 ἀποκλίνοντα,
614 1049 752 1118 μήτε
843 1049 926 1110 είς
997 1045 1424 1118 δουλοπρέπειαν
1504 1045 1740 1098 καταπί-

170 1152 378 1189 πτοντα.

394 1230 525 1281 ΤΠ’.
568 1259 638 1268 -
677 1229 984 1300 ΤΙΜΟΘΕῼ
1032 1230 1491 1302 ΣΧΟΛᾹΣΤῙΚῼ.

226 1337 500 1402 Μάνθανε,
550 1333 596 1392 ὦ
647 1339 944 1409 σοφώτατε,
997 1342 1091 1395 καὶ
1143 1341 1570 1412 ρητορικώτατε,
1600 1343 1738 1413 ὅπερ

167 1430 507 1495 κινδυνεύεις,
537 1430 615 1493 ὡς
661 1430 856 1492 ἔοικεν,
889 1433 1123 1498 ἀγνοεῖν,
1158 1433 1241 1484 ὅτι
1289 1434 1337 1485 εί
1374 1432 1615 1501 συμϐαίη
1647 1432 1736 1501 φί-

164 1521 265 1583 λοις
319 1522 457 1590 πρὸς
509 1520 773 1590 ἀλλήλους
830 1521 1202 1591 διενεχθῆναι,
1257 1522 1291 1591 ἢ
1348 1522 1581 1591 ἐχθροῖς,
1638 1523 1736 1593 οὐχ

163 1611 350 1680 ὁμοίως
390 1608 839 1677 διαγωνιοῦνται·
886 1610 997 1663 ἀλλ’
1048 1613 1095 1662 οἱ
1133 1611 1230 1681 μὲν
1260 1612 1336 1673 ὡς
1377 1612 1734 1682 διαλλαγησό-

167 1718 301 1770 μενοι
347 1701 669 1768 διοίσονται,
706 1702 753 1753 οἱ
794 1701 851 1753 δὲ
903 1700 977 1756 ὡς
1028 1704 1338 1772 ἀκήρυκτον
1388 1704 1599 1768 ἕξοντες
1641 1705 1734 1758 τὸν

163 1794 399 1863 πόλεμον.

356 1881 529 1935 THA'.
570 1912 641 1921 —
676 1881 979 1953 ΔΩΡΟΘΕῼ
1016 1883 1507 1954 ΛΑΜΠΡΟΤΑΤῼ.

232 1991 371 2059 Ἐγὼ
399 1993 494 2045 καὶ
522 1996 888 2065 μετριόφρονα
912 1994 1061 2048 καλῶ
1088 1997 1181 2047 καὶ
1213 1996 1612 2069 μεγαλόφρονα,
1633 1998 1725 2052 τὸν

163 2085 383 2153 μέγιστα
433 2085 532 2153 μὲν
581 2086 968 2157 κατορθοῦντα,
1004 2088 1100 2156 τῆς
1150 2088 1207 2140 δὲ
1258 2088 1351 2140 ἐπὶ
1385 2089 1460 2158 τῷ
1513 2092 1725 2159 μεγάλα

160 2178 407 2245 πράττειν
436 2177 511 2247 μὴ
546 2178 990 2249 ἀντιποιούμενον
1016 2179 1195 2248 δόξης,
1219 2180 1354 2234 ἀλλὰ
1382 2185 1559 2252 σιωπῇ
1592 2182 1725 2254 κρύ-

160 2285 349 2320 πτοντα
375 2268 445 2320 τὰ
472 2270 945 2340 πλεονεκτήματα,
980 2272 1077 2323 καὶ
1123 2272 1263 2326 κατὰ
1299 2273 1407 2324 τῶν
1447 2274 1615 2336 πέλας
1650 2275 1724 2346 μὴ

160 2360 530 2429 ἐπιφυόμενον.
560 2361 650 2431 Τῷ
682 2361 783 2432 μὲν
812 2362 922 2431 γάρ
961 2362 1168 2433 πρᾶξαι
1206 2364 1435 2433 μεγάλα,
1475 2365 1725 2435 μεγάλως

160 2451 433 2521 ἐφρόνησε,
462 2450 542 2520 τῷ
584 2451 642 2503 δὲ
687 2451 914 2522 κρύψαι,
969 2454 1241 2524 μετρίως’
1285 2454 1363 2523 τῷ
1392 2455 1500 2526 γάρ
1535 2458 1725 2527 μικρό-

160 2559 303 2609 φρονι
335 2543 426 2595 τὸν
460 2543 840 2613 μεγαλόφρονα
866 2544 1263 2608 ἀντισταλτέον,
1296 2548 1387 2598 καὶ
1418 2548 1479 2599 οὐ
1523 2548 1602 2617 τῷ
1632 2566 1725 2602 τα-

160 2632 475 2704 πεινόφρονι.
524 2633 714 2702 Μικρὰ
758 2634 867 2705 γὰρ
913 2638 1121 2705 φρονεῖ,
1153 2636 1181 2687 6
1228 2636 1295 2688 τὰ
1332 2638 1493 2706 γήϊνα
1521 2637 1725 2707 ὀνειρο-

156 2726 339 2778 πολῶν.
388 2725 621 2792 Μεγάλα
658 2725 736 2787 δὲ,
765 2728 793 2778 6
832 2725 900 2778 τὰ
934 2727 1277 2796 ὑπερκόσμια
1311 2726 1509 2797 ζητῶν.
1542 2730 1631 2783 Διὸ
1658 2731 1721 2802 δὴ

156 2820 237 2871 καὶ
259 2820 366 2872 ἀπ’)
396 2818 639 2887 μεγάλης
674 2818 772 2888 μὲν
806 2819 901 2872 καὶ
934 2820 1141 2890 ὑψηλῆς
1180 2820 1415 2882 διανοίας
1443 2823 1721 2876 τίκτεσθαι

157 2909 429 2979 συμϐαίνει
456 2909 552 2980 τὴν
587 2910 1107 2981 ταπεινοφροσύνην,
1144 2912 1251 2966 ἀπὸ
1296 2912 1352 2965 δὲ
1389 2916 1594 2983 μικρᾶς
1624 2915 1721 2967 καὶ

156 3001 351 3070 φαύλης
393 3002 490 3072 τὴν
520 3001 856 3065 ἀλαζονείαν.
910 3001 1246 3073 Εὺγνώμονα
1275 3004 1331 3057 δὲ
1376 3005 1436 3057 οὐ
1469 3005 1722 3058 ταπεινό-

155 3110 311 3164 φρονα
339 3093 586 3163 κλητέον,
624 3093 713 3145 τὸν
762 3092 1023 3147 πταίοντα
1084 3095 1203 3164 μὲν,
1252 3094 1618 3164 ὁμολογοῦντα
1660 3095 1718 3148 δὲ

155 3193 236 3243 καὶ
264 3190 733 3259 γνωσιμαχοῦντα,
781 3183 891 3250 οἷος
936 3186 1004 3259 ἦν
1045 3191 1074 3243 6
1115 3190 1373 3261 τελώνης.
1422 3191 1715 3258 Κινόδοξον

153 3283 220 3347 δὲ,
246 3283 335 3335 τὸν
370 3284 455 3352 ἐφ’
486 3279 565 3342 οἷς
600 3281 675 3352 μὴ
712 3283 942 3352 πράττει
987 3281 1304 3347 δοξάζεσθαι
1357 3284 1712 3355 βουλόμενον·

154 3375 410 3444 φιλόδοξον
456 3376 542 3441 δὲ,
577 3377 670 3429 τὸν
705 3376 790 3445 ἐφ’
841 3375 921 3439 οἷς
972 3378 1203 3448 πράττει
1250 3378 1714 3450 ἐναϐρυνόμενον·

155 3470 487 3541 ὑπερήφανον
529 3470 608 3531 δὲ,
656 3470 748 3523 τὸν
781 3469 1091 3541 πράττοντα
1138 3470 1270 3541 μὲν,
1321 3474 1720 3543 σεμνυνόμενον

153 3559 221 3620 δὲ,
264 3561 357 3611 καὶ
406 3559 533 3621 τοὺς
581 3558 775 3622 ἄλλους
815 3560 1177 3623 ὀνειδίζοντα⁸
1214 3560 1587 3632 μεγαλόψυχον
1636 3563 1715 3629 δὲ,

154 3649 231 3702 τὸν
262 3652 357 3703 καὶ
383 3650 482 3721 τὴν
508 3652 810 3722 εὐημερίαν
836 3651 1090 3721 μετρίως,
1121 3654 1216 3705 καὶ
1241 3653 1343 3723 τὴν
1366 3654 1711 3725 δυσπραγίαν

153 3741 398 3806 γενναίως
428 3740 662 3810 φέροντα
684 3756 697 3770 ·
727 3741 1063 3813 μικρόψυχον
1092 3740 1168 3806 δὲ,
1207 3741 1298 3793 τὸν
1344 3742 1599 3795 τάναντία
1634 3741 1716 3813 τῷ

156 3837 500 3908 μεγαλοψύχῳ
531 3837 839 3908 πράττοντά
870 3854 930 3889 τε
967 3837 1061 3890 καὶ
1102 3838 1397 3907 πάσχοντα.

1928 1890 2301 1949 CCCLXXXI.
2340 1922 2412 1932 —
2458 1887 2835 1944 DOROTHEO
2872 1885 3307 1943 CLARISSIMO.

1894 2007 2006 2077 Ego
2031 2018 2085 2062 et
2116 2009 2416 2061 modestum
2443 2016 2496 2059 et
2525 2005 2688 2057 animi
2739 2001 3111 2072 magnitudine
3148 2008 3410 2069 praestan-

1824 2111 1930 2153 tem
1955 2116 2077 2152 eum
2107 2114 2261 2162 voco,
2289 2099 2380 2165 qui
2406 2112 2525 2151 cum
2562 2095 2814 2149 maximis
2844 2093 3061 2146 virtutis
3087 2091 3404 2144 muneribus

1824 2192 2097 2260 fungatur,
2128 2206 2230 2243 non
2257 2200 2433 2242 tamen
2467 2191 2536 2243 ob
2568 2201 2787 2256 magnas
2810 2194 2866 2239 et
2902 2183 3190 2253 prazclaras
3232 2181 3407 2235 actio—

1822 2297 1918 2335 nes
1981 2281 2206 2349 gloriam
2258 2277 2497 2344 affectat,
2556 2292 2742 2331 verum
2784 2276 3009 2328 virtutes
3037 2288 3165 2325 suas
3196 2270 3411 2323 silentio

1822 2373 1972 2442 tegit,
2007 2387 2107 2426 nec
2134 2373 2184 2425 in
2212 2372 2491 2440 proximos
2531 2369 2775 2423 insultat.
2812 2367 3092 2433 Quatenus
3121 2365 3262 2418 enim
3295 2378 3409 2415 ma-

1821 2482 1923 2534 gna
1946 2464 2130 2526 efﬁcit,
2160 2463 2439 2532 magnifice
2466 2462 2663 2527 sensit;
2700 2469 2966 2528 quatenus
2992 2466 3168 2511 autem
3206 2471 3266 2509 ea
3312 2469 3410 2508 oc-

1821 2557 2065 2614 cultavit,
2116 2555 2378 2607 modeste.
2424 2552 2702 2621 Siquidem
2756 2551 2819 2615 is,
2858 2551 2952 2619 qui
3004 2562 3167 2617 parvo
3213 2547 3396 2599 animo

1821 2659 1926 2712 est,
1962 2647 2302 2715 magnanimo
2329 2645 2524 2714 opponi
2559 2643 2753 2697 debet:
2786 2657 2890 2695 nou
2915 2650 3095 2694 autem
3127 2637 3403 2692 submisso

1820 2749 1878 2794 et
1909 2739 2118 2793 humili.
2152 2737 2357 2807 Exigue
2383 2736 2526 2790 enim
2551 2735 2740 2799 sentit,
2765 2733 2855 2802 qui
2890 2742 3105 2786 terrena
3148 2728 3405 2783 insomnii

1821 2844 2006 2884 errore
2030 2829 2131 2883 sibi
2174 2828 2358 2896 lingit;
2394 2840 2585 2896 magne
2613 2836 2790 2879 autem
2818 2833 2872 2877 et
2907 2822 3148 2885 excelse,
3187 2820 3278 2889 qui
3317 2835 3402 2884 ea,

1820 2937 1940 2991 qua:
1962 2922 2160 2974 mundo
2191 2919 2508 2972 sublimiora
2546 2928 2693 2977 sunt,
2739 2915 2955 2984 quaerit.
2992 2912 3145 2968 Unde
3182 2912 3346 2964 etiam
3373 2924 3405 2962 a

1823 3028 2016 3081 magna
2044 3012 2257 3080 quidem
2278 3020 2332 3063 et
2353 3009 2567 3064 sublimi
2596 3018 2774 3062 mente
2794 3006 2959 3060 animi
2985 3003 3403 3059 submissionetn

1822 3119 1887 3158 ac
1914 3103 2232 3158 modestiam
2262 3101 2536 3168 procreari
2576 3099 2877 3168 contingit;
2937 3112 2967 3150 a
3006 3111 3172 3166 parva
3223 3104 3402 3147 autem

1821 3208 1876 3252 et
1900 3198 2015 3263 vili,
2041 3196 2428 3265 arrogantiam.
2451 3192 2519 3246 At
2544 3193 2820 3247 enimvero
2852 3204 2973 3243 eum
3002 3187 3188 3258 judicii
3228 3186 3405 3241 since-

1823 3290 1983 3343 ritate
2002 3288 2425 3358 przeditum,non
2457 3294 2639 3338 autem
2669 3283 2993 3344 modestum,
3028 3293 3218 3332 vocare
3240 3278 3405 3331 debe-

1822 3397 1964 3445 mus,
1998 3379 2237 3449 quicum
2273 3385 2477 3446 peccet,
2518 3374 2568 3427 id
2609 3372 2917 3436 confitetur,
2966 3385 3031 3423 ac
3064 3368 3404 3436 paenitudine

1823 3474 2058 3534 ducitur,
2097 3478 2155 3523 ut
2200 3468 2543 3538 publicanus.
2581 3464 2874 3529 Κενόδοξον
2926 3471 3136 3521 autem,
3175 3460 3277 3512 hoc
3320 3465 3406 3511 est

1822 3564 1996 3617 inanis
2021 3562 2204 3631 gloriae
2230 3559 2417 3614 morbo
2444 3557 2797 3616 laborantem,
2822 3553 2913 3624 qui
2954 3553 3022 3607 ob
3054 3568 3137 3616 ea,
3161 3565 3280 3621 quae
3302 3549 3404 3604 mi-

1822 3655 1965 3709 nime
2002 3654 2133 3723 agit,
2161 3652 2383 3722 gloriam
2442 3649 2695 3717 consequi
2730 3648 2907 3716 cupit;
2937 3643 3208 3714 φιλόδοξον
3251 3656 3400 3707 vero,

1825 3748 1876 3801 id
1905 3757 1988 3803 est
2028 3746 2215 3815 gloriae
2255 3754 2550 3809 amantem,
2596 3757 2741 3807 eum,
2781 3743 2870 3810 qui
2906 3740 2975 3794 ob
3006 3754 3066 3792 ea
3108 3752 3228 3806 qua:
3258 3733 3393 3804 agit,

1822 3839 1923 3895 sibi
1960 3838 2164 3907 placet:
2205 3835 2526 3890 insolentem
2564 3835 2715 3899 item,
2750 3833 2841 3901 qui
2877 3830 3006 3884 facit
3032 3829 3273 3900 quidem,
3304 3827 3403 3880 sed

151 3929 446 3983 eoitomiue
491 3928 774 3998 gloriatur,
823 3929 1067 3998 aliosque
1140 3931 1353 3998 probris
1397 3929 1590 3996 aﬂicit;
1669 3933 2070 4001 magnanimum
2115 3944 2298 3998 porro,
2327 3944 2478 3991 eum,
2517 3928 2610 3997 qui
2646 3936 2701 3980 et
2738 3941 2824 3981 res
2879 3926 3146 3978 secundas
3216 3923 3401 3976 mode"

153 4029 271 4084 nte,
310 4032 364 4074 et
406 4022 656 4075 sinistras
694 4020 907 4075 fortiter
948 4037 1011 4076 ac
1052 4031 1275 4076 strenue
1324 4022 1455 4087 fert;
1510 4024 1843 4095 μικρόψυχον
1878 4024 2130 4093 denique,
2191 4023 2293 4077 boc
2316 4020 2478 4093 5.03
2509 4029 2590 4075 est
2655 4019 2806 4089 parvi
2870 4019 3035 4072 animi
3099 4016 3397 4071 hominem:

154 4112 233 4179 qui
266 4111 533 4167 contraria
578 4113 926 4179 magnanimo
956 4112 1105 4178 facit,
1136 4128 1199 4166 ac
1226 4115 1556 4169 moderatur.

596 4201 763 4257 TIIB'.
806 4234 876 4244 —
913 4204 1000 4275 Tu
1046 4205 1251 4275 ΑΥΤῼ.

2222 4201 2622 4259 CCCLXXXII.
2656 4232 2729 4248 --
2757 4200 2992 4256 EIDEM.

213 4316 275 4367 Et
310 4318 423 4379 καὶ,
459 4315 536 4381 ὡς
564 4316 868 4387 γέγραφας,
899 4320 927 4370 6
956 4318 1112 4387 λόγος
1144 4319 1235 4371 τὸν
1268 4320 1459 4388 κρότον
1488 4318 1708 4391 ἐγέννη-

1884 4317 2022 4383 Etsi,
2049 4327 2107 4371 ut
2136 4318 2234 4372 abs
2272 4328 2325 4372 te
2351 4317 2611 4384 scriptum
2649 4324 2753 4382 est,
2793 4315 2967 4369 oratio
3007 4313 3252 4382 plausum
3302 4329 3396 4384 pe-

156 4421 238 4459 σεν
257 4424 271 4438 ο
299 4408 412 4460 ἀλλ’
442 4403 537 4461 οῦν
564 4426 629 4478 γε
673 4410 768 4462 καὶ
806 4411 834 4463 6
861 4411 1052 4482 κρότος
1082 4411 1175 4464 τὸν
1216 4410 1376 4480 λόγον
1403 4412 1717 4482 ἐπέρρωσεν

156 4498 364 4569 ἔρεισμα
385 4500 464 4571 τῷ
499 4502 716 4554 τεκόντι
757 4502 967 4570 φανείς.
1012 4501 1152 4555 Ἀλλ’
1185 4502 1371 4573 ἐπειδὴ
1404 4503 1658 4565 πολλάκις
1687 4503 1716 4555 6

154 4592 332 4661 κρότος
358 4592 447 4647 τὸν
497 4593 597 4663 μὲν
623 4594 780 4662 λόγον
830 4596 1031 4663 νευροῖ,
1062 4595 1154 4647 τὸν
1185 4594 1242 4647 δὲ
1278 4594 1478 4666 τρόπον
1507 4592 1599 4646 τοῦ
1632 4592 1718 4645 λέ-

156 4697 327 4748 γοντος
352 4684 695 4755 λυμαίνεται,
721 4686 801 4746 είς
825 4686 1125 4756 ὑπτιότητα
1146 4687 1308 4740 αὐτὸν
1333 4685 1714 4758 χειραγωγῶν,

158 4775 387 4845 παραινῶ
430 4780 497 4848 τῇ
546 4779 613 4848 σῇ
662 4777 896 4841 συνέσει,
941 4777 1173 4848 μάλιστα
1220 4779 1316 4849 μὲν
1350 4778 1430 4849 τῷ
1476 4778 1594 4851 Θεῷ
1640 4783 1716 4834 εί-

158 4863 291 4918 δέναι
316 4868 493 4938 χάριν,
522 4868 603 4939 τῷ
648 4868 743 4921 καὶ
771 4867 1029 4940 τοιαύτην
1071 4869 1323 4923 δεδωκότι
1355 4871 1515 4943 χάριν
1536 4887 1550 4900 ·
1578 4872 1627 4925 εί
1655 4871 1714 4925 δὲ

156 4956 240 5007 καὶ
279 4958 514 5011 ἐπαινεῖν
569 4956 747 5027 βούλει
792 4956 891 5028 (ὡς
938 4957 1049 5028 γὰρ
1096 4958 1231 5030 ἔφης
1279 4959 1560 5025 ἀδύνατον,
1633 4960 1708 5031 μὴ

155 5045 350 5113 κρότοις
379 5049 470 5099 τὸν
499 5046 658 5116 λόγον
709 5047 1077 5119 ἀμείϐεσθαι),
1105 5051 1196 5103 τὸν
1244 5050 1402 5119 λόγον
1449 5050 1707 5116 ἐπαινῶν,

154 5136 218 5197 ὼς
252 5136 441 5207 βούλει,
492 5138 569 5209 μὴ
596 5139 811 5210 ἄμετρα
863 5137 1058 5208 ὕφαινε
1088 5140 1207 5195 κατ’
1241 5142 1378 5213 ἐμοῦ
1427 5141 1701 5213 ἐγκώμια,

156 5225 233 5278 ἴνα
262 5230 329 5301 μή
365 5246 431 5298 με
464 5228 763 5301 ὐπτιώσῃς.

1820 4411 1961 4481 perit
1995 4425 2011 4464 :
2040 4418 2095 4464 at
2121 4409 2286 4465 etiam
2317 4409 2550 4462 orationi
2582 4407 2799 4477 plausus
2828 4409 2993 4462 robur
3039 4408 3394 4475 comparavit,

1818 4503 2014 4572 quippe
2041 4501 2131 4569 qui
2172 4499 2383 4570 parenti
2434 4498 2747 4552 adminiculi
2785 4498 2900 4551 loco
2938 4498 3117 4553 fuerit.
3155 4498 3227 4551 At
3257 4513 3394 4568 quo-

1819 4590 1962 4643 niam
2012 4602 2382 4657 saepenumero
2434 4602 2533 4641 usu
2575 4586 2744 4654 venit,
2788 4596 2845 4639 ut
2891 4588 3109 4654 plausus
3160 4587 3393 4643 orationi

1815 4681 2029 4751 quidem
2052 4679 2216 4734 robur
2232 4687 2526 4747 comparet,
2545 4694 2728 4732 verum
2745 4679 2975 4731 oratoris
2996 4693 3173 4733 mores
3190 4678 3394 4735 inficiat

1815 4784 1869 4827 et
1900 4770 2210 4835 labefactet,
2234 4771 2299 4824 ad
2322 4770 2668 4841 supinitatem
2712 4768 2960 4823 videlicet
2984 4784 3049 4824 ac
3090 4771 3393 4826 socordiam

1815 4881 1936 4921 eum
1982 4875 2234 4935 tanquam
2266 4872 2513 4933 porrecta
2571 4877 2732 4915 manu
2774 4861 2999 4925 ducens,
3049 4862 3392 4930 prudentiam

1815 4968 1961 5013 tuam
2005 4971 2221 5023 moneo,
2253 4956 2487 5011 maxime
2524 4955 2742 5024 quidem
2776 4963 2836 5008 ut
2882 4952 3011 5017 Deo,
3065 4955 3156 5024 qui
3202 4953 3393 5024 bujus-

1814 5049 1956 5103 modi
1989 5049 2213 5118 gratiam
2244 5046 2471 5117 largitus
2499 5055 2603 5112 est,
2637 5047 2865 5115 gratiam
2910 5045 3130 5113 habeas,
3170 5046 3311 5115 quod
3341 5046 3389 5101 si

1814 5142 1978 5197 etiam
2021 5140 2241 5196 laudare
2275 5141 2357 5195 vis
2388 5141 2591 5212 (negas
2626 5141 2771 5194 enim
2811 5139 2924 5194 fieri
2963 5154 3124 5208 posse
3161 5146 3220 5192 ut
3264 5152 3392 5191 ora-

1811 5232 1943 5287 tioni
1992 5231 2213 5303 plausus
2262 5232 2479 5287 tandem
2506 5246 2611 5286 non
2655 5230 3036 5302 rependatur),
3084 5231 3386 5285 orationem

156 5325 349 5390 quidem
376 5327 639 5382 arbitratu
670 5337 764 5384 tuo
809 5327 1054 5396 laudans,
1094 5343 1163 5384 ne
1195 5328 1388 5384 nimias
1413 5327 1699 5385 adversum
1737 5344 1825 5384 me
1871 5326 2060 5383 taudes
2114 5335 2398 5393 contexas,
2433 5335 2490 5383 ut
2517 5342 2586 5382 ne
2624 5342 2710 5384 tne
2746 5326 2996 5397 supinum
3033 5336 3199 5396 atque
3232 5324 3388 5395 igna-

156 5427 266 5467 vam
291 5416 498 5471 reddas.

1227 5569 1467 5627 VARIAE
1504 5569 1889 5626 LECTIONES
1921 5570 2013 5625 ET
2055 5571 2288 5629 NOTAE.

222 5726 288 5797 (ι)
316 5726 418 5783 Pro
453 5728 559 5785 τῶν
593 5716 801 5783 κακιῶν
837 5730 953 5786 cod.
998 5726 1113 5783 Vat.
1149 5728 1253 5785 650
1302 5730 1426 5802 tegit
1465 5730 1573 5785 τῶν
1600 5733 1722 5786 κακέ

1833 5729 2043 5786 Possm.
