3894 6412
583 337 714 407 1021
1770 338 1830 396 s.
1872 333 2163 395 ISIDORI
2201 326 2636 392 PELUSIOT/E
3685 322 3793 387 1028

718 435 1486 507 CCCI.XXXIIl.—DIOGE.\’I
1530 444 2009 503 pessumae.
2183 455 2228 504 Α
2473 441 2641 492 TUI".
2690 469 2755 481 ρ-
2789 438 3104 492 morsum
3156 434 3617 507 ιιιδιεειιγτειιο.

648 563 925 618 (ὶοιιεὶηιίιί
963 565 1118 617 modo
1150 564 1280 615 mihi
1311 576 1537 631 peccare
1568 562 1840 619 videntur,
1879 568 1933 611 et
1963 554 2055 625 qui
2085 555 2152 608 ad

2348 552 2573 620 Ἀδελφὰ
2610 551 2943 620 ἁμαρτάνειν
2980 567 3071 619 μοι
3098 549 3363 605 δοκοῦσιν.
3401 549 3456 601 οἵ
3492 564 3551 599 τε
3598 548 3682 600 ἐπὶ
3705 552 3794 613 τοῖς

579 659 841 710 maximas
870 657 1096 710 virtutes
1128 657 1344 708 silentio
1366 655 1651 708 veritatem
1689 654 1925 721 produnt
1955 652 2117 722 (livor

2266 643 2543 713 μεγίστοις
2582 640 2968 710 κατορθώμασι
3000 641 3123 708 σιγῇ
3156 638 3445 708 προέμενοι
3476 636 3549 704 (5)
3576 636 3665 705 τὴν
3690 636 3794 705 ἀλή-

578 752 745 813 enim,
788 750 889 802 hoc
931 760 1013 801 est
1050 747 1392 816 gravissimo,
1430 760 1593 814 atque
1644 745 1966 814 prudentum
2008 743 2116 795 viro

2262 728 2685 802 θειαν,’(φθόνῳ
2737 733 2847 801 γὰρ
2896 732 3177 801 τήκονται,
3232 728 3393 782 πάθει
3451 728 3794 797 χαλεπωτάτῳ,

578 855 697 893 rum
726 837 929 905 judicio
959 838 1124 889 venia:
1147 846 1367 904 experte
1401 832 1618 899 alfectu,
1643 830 2076 902 contabescunt),
2104 847 2116 883 ι

2262 834 2356 886 καὶ
2385 830 2717 901 συγγνώμης
2752 828 2903 900 παρά
2928 843 2991 896 γε
3020 829 3131 889 τοῖς
3167 825 3457 894 ὲχέφροσιν
3487 820 3703 891 ἀμοίρῳ)
3727 823 3796 873 καὶ

577 932 670 1000 qui
714 944 830 996 eos,
867 928 959 996 qui
997 928 1141 981 onmi
1183 926 1701 981 connncmoratione
1750 933 1959 986 carent,
1998 926 2115 975 nim

2261 926 2309 975 ci
2385 923 2690 993 προχείρως
2750 919 3098 980 ἐπαινοῦντες
3150 917 3275 978 τοὺς
3336 916 3516 983 πάσης
3567 912 3795 981 εὐφημίας

575 1029 828 1090 prompte
876 1034 939 1073 ac
994 1027 1197 1072 temere
1261 1017 1510 1070 laudibus
1564 1014 1823 1068 alliciunt.
1880 1012 2113 1082 Siquitlet

2262 1016 2358 1085 ἑρή
2369 1032 2518 1083 μους.
2551 1013 2661 1082 Τὴν
2689 1012 2798 1082 γὰρ
2826 1010 2932 1063 τῶν
2962 1009 3208 1062 κολάκων
3235 1002 3796 1075 ὲναπομάττονταιδύσ-

575 1111 916 1165 adulatorum
964 1118 1147 1161 notam
1220 1116 1380 1176 atque
1423 1106 1702 1160 infamiam
1762 1105 1863 1159 sibi
1916 1106 2106 1157 inurun

2264 1107 2483 1167 κλειαν,
2536 1105 2629 1157 τοῦ
2700 1099 3079 1174 σωφρονισμοῦ
3126 1098 3416 1169 δεομένους
3469 1093 3792 1165 ἐγκωμιάζειν

576 1202 669 1271 qui
698 1217 792 1256 eos
823 1201 912 1271 qui
941 1199 1297 1269 castigatiOne
1322 1214 1455 1266 opus
1480 1199 1698 1261 habent,
1720 1196 1937 1249 laudare
1964 1208 2114 1265 aggrt

1153 1199 1297 1253 tinne
1322 1214 1455 1266 opus
1480 1199 1698 1261 habent,
1720 1196 1937 1249 laudare
1964 1208 2158 1265 aggre-
2265 1194 2686 1267 ἐπιχειροῦντες.

578 1293 820 1347 diuntur.

680 1400 1175 1459 CCCLXXXIV.—
1213 1398 1569 1455 TIMOTHEO
1613 1399 1739 1454 CLA
1752 1396 2052 1453 RISSIMO.

2474 1402 2643 1455 TUA'.
2682 1430 2753 1441 —
2792 1399 3095 1469 ΤΙΜΟΘΕῼ
3136 1394 3623 1465 ΛΑΜΠΡΟΤΑΤῼ.

645 1518 799 1586 Quod
836 1527 890 1571 tn
936 1518 1156 1588 quidem
1187 1532 1295 1570 non
1326 1515 1706 1583 despicabilem
1740 1515 2014 1568 lenitatem
2060 1513 2163 1566 ham

2334 1514 2456 1568 Ὅτι
2510 1514 2608 1584 μὲν
2660 1514 2721 1566 τὸ
2773 1515 2948 1583 πρᾶον
3004 1512 3103 1564 οὐκ
3152 1509 3623 1578 εὐκαταφρόνητον
3665 1508 3793 1577 ἔχεις,

578 1612 734 1677 beas,
782 1625 879 1663 nec
908 1620 1176 1679 agrestem
1203 1618 1257 1661 et
1287 1609 1573 1661 immanem
1621 1606 1990 1660 fortitudinem
2027 1603 2116 1677 (hu

2262 1606 2383 1660 οὐδὲ
2412 1606 2473 1659 τὸ
2502 1607 2746 1677 ἀνδρεῖον
2793 1606 3067 1674 ἀνήμερον
3100 1602 3155 1674 (ἡ
3199 1603 3308 1675 γὰρ
3340 1601 3703 1671 φιλανθρωπία
3727 1618 3796 1651 κο-

579 1703 812 1756 mauitas
838 1702 979 1755 enim
1015 1716 1079 1753 ac
1112 1701 1472 1753 mansuetudo
1510 1699 1881 1751 crudelitatem
1898 1696 2117 1764 coercet:

2262 1693 2413 1757 λάζει
2442 1695 2539 1765 τὴν
2563 1693 2844 1765 ὠμότητα)
2885 1694 3120 1754 ἅπαντες
3151 1692 3328 1761 ίσμεν.
3362 1691 3484 1743 ὐτι
3529 1691 3584 1742 δὲ
3621 1692 3710 1760 χρή
3750 1707 3795 1741 σε

576 1806 768 1847 omnes
787 1790 1129 1858 exploratum
1160 1789 1437 1841 habemus.
1474 1787 1626 1853 Quod
1657 1797 1838 1839 autem
1870 1785 1990 1839 aliis
2029 1802 2114 1854 qm

2264 1789 2359 1840 καὶ
2387 1787 2485 1851 τὰς
2514 1787 2678 1848 ἄλλας
2702 1785 2901 1855 ἀρετὰς
2934 1783 3321 1855 ἀναδήσασθαι,
3357 1783 3443 1835 ἵνα
3482 1784 3539 1837 ὲν
3563 1785 3685 1837 πᾶσι
3709 1782 3796 1835 δια-

576 1896 684 1951 que
746 1880 1045 1934 virtutibus
1100 1878 1405 1931 redimitum
1454 1887 1503 1930 te
1549 1892 1667 1931 esse
1713 1884 1980 1945 oporteat,
2005 1884 2062 1927 ut
2107 1875 2114 1927 i

1793 1884 1980 1939 nrteat,
2005 1884 2062 1927 ut
2107 1875 2161 1929 in
2265 1881 2519 1951 λάμποις,
2552 1880 2711 1934 τοῦτο
2738 1881 2869 1952 παρ’
2906 1879 3041 1951 ἐμοῦ
3074 1878 3331 1950 μᾲνθανε.

575 1974 725 2025 Omni
766 1970 938 2024 laudis
973 1982 1170 2037 genere
1216 1966 1400 2020 clarus
1430 1966 1527 2031 sis,
1579 1966 1679 2020 hoc
1729 1981 1797 2020 ex
1847 1981 1935 2020 me
1983 1966 2163 2020 discas

577 2064 765 2119 velim.

633 2171 1025 2231 CCCLXXXV.
1050 2201 1121 2213 -—
1160 2170 1555 2227 TllEODOSlO
1600 2169 2085 2225 PRESBYTERO.

2474 2174 2645 2227 THE'.
2686 2204 2756 2216 —
2789 2172 3113 2243 ΘΕΟΔΟΣΙῼ
3155 2171 3627 2241 ΙΙΡΕΣΒΥΤΕΡῼ.

649 2302 767 2359 Non
802 2303 1128 2373 simpliciter
1166 2302 1409 2356 adoritur
1435 2301 1671 2356 callidus
1705 2301 1797 2355 ille
1837 2301 2017 2370 pra-do
2045 2314 2162 2362 eos,

2336 2304 2447 2373 Οὐχ
2515 2303 2701 2366 ἁπλῶς
2753 2302 3051 2355 ἐπιτίθεται
3111 2304 3141 2354 ὁ
3191 2301 3360 2364 δεινὸς
3419 2300 3674 2369 πειράτης
3711 2301 3797 2361 τοῖς

580 2398 673 2470 qui
707 2400 806 2451 hnc
827 2395 1164 2465 tempestatis
1195 2395 1411 2463 plenum
1447 2408 1597 2447 mare
1626 2394 1879 2460 navigant
1914 2408 1929 2445 :
1970 2406 2118 2444 verm

2261 2396 2466 2465 ταύτην
2506 2397 2604 2463 τὴν
2646 2394 2913 2464 χειμῶνος
2942 2393 3221 2464 γέμουσαν
3276 2393 3502 2445 πλέουσι
3549 2392 3794 2453 θάλατταν,

579 2488 877 2559 exploratis
901 2487 1051 2556 prius
1082 2494 1245 2554 atque
1276 2485 1507 2555 cognitis
1546 2484 1744 2537 animm
1788 2482 2114 2551 propensiou

2264 2486 2399 2539 ἀλλὰ
2427 2487 2641 2555 πρῶτον
2672 2486 3111 2554 διακωδωνήσας,
3157 2485 3252 2537 καὶ
3288 2484 3386 2545 τὰς
3420 2484 3589 2553 ῥοπὰς
3618 2484 3699 2535 καὶ
3722 2483 3798 2543 τὰς

582 2580 681 2634 bus
722 2586 778 2633 et
824 2575 1266 2645 appetitionibus,
1318 2574 1389 2627 ita
1444 2576 1660 2629 demum
1722 2574 2052 2643 aggreditur,
2100 2590 2120 2623 ιι

2264 2578 2437 2647 όρμᾶς
2472 2578 2574 2645 τῆς
2603 2576 2781 2646 ψυχῆς
2822 2575 3177 2645 καταμαθὼν,
3210 2574 3381 2636 οὕτως
3427 2576 3700 2642 ἐπιχειρεῖ,
3725 2574 3798 2623 καὶ

581 2667 861 2723 machinas
881 2681 1009 2719 suas
1042 2663 1281 2719 instruit.
1305 2663 1445 2730 Quid
1473 2664 1617 2717 enim
1671 2671 1771 2725 est,
1808 2662 2119 2731 quamobret

2262 2668 2361 2730 τὰς
2406 2668 2650 2738 μηχανὰς
2685 2669 2892 2721 πλέκει.
2945 2668 3044 2719 Διὰ
3093 2667 3146 2719 τί
3178 2666 3285 2737 γὰρ
3316 2668 3396 2727 είς
3451 2668 3687 2735 πορνείαν
3721 2666 3796 2715 οὐκ

579 2758 771 2814 Judatn
812 2773 917 2811 non
946 2759 1012 2810 ad
1042 2756 1341 2820 libidinem,
1373 2755 1467 2809 sed
1500 2757 1565 2808 ad
1599 2756 1956 2823 proditionem
1987 2755 2117 2823 impt:

2263 2759 2443 2831 ὥθησε
2480 2760 2572 2812 τὸν
2616 2759 2835 2822 Ἰούδαν,
2868 2760 2980 2811 ἀλλ’
3012 2761 3091 2822 είς
3144 2759 3463 2827 προδοσίαν;
3514 2759 3627 2810 Ὀτι
3654 2759 3799 2809 tati-.0

580 2846 1033 2905 lerit?Nimirum
1070 2848 1194 2915 quia
1229 2854 1437 2914 partem
1478 2846 1623 2899 illam
1671 2846 1933 2911 prmsidiis
1976 2846 2118 2898 ﬁrma

2267 2850 2366 2921 μὲν
2391 2851 2449 2901 τὸ
2488 2850 2650 2919 μέρος
2680 2847 2825 2918 ἑώρα
2872 2848 3304 2917 ὴσιραλισμένον·
3350 2847 3410 2899 τὸ
3440 2847 3495 2899 δὲ
3526 2846 3644 2916 περὶ
3680 2845 3797 2912 σιλο-

581 2950 693 2994 tam
722 2940 940 2993 videbat
973 2955 986 2991 :
1019 2953 1138 2991 eam
1168 2946 1373 3003 autem,
1413 2952 1532 3005 qua:
1577 2938 1643 2988 ad
1676 2936 1959 2988 avaritiam
2000 2946 2115 3003 pert

2263 2943 2571 3014 χρηματίαν
2603 2942 2867 3013 σφαλερὸν
2912 2944 3005 2994 καὶ
3041 2942 3258 3011 σαθρόν.
3321 2940 3416 2992 Ἐκ
3446 2942 3553 3009 γὰρ
3579 2942 3666 3006 τῆς
3690 2938 3790 2990 κλο-

581 3035 760 3093 nebat,
791 3032 1060 3083 inlirmam
1106 3038 1162 3081 et
1201 3028 1543 3081 imbecillem.
1579 3026 1657 3079 Ex
1706 3041 1981 3079 crumena:
2016 3027 2119 3080 euit

2263 3035 2370 3103 πῆς
2395 3034 2486 3087 τοῦ
2514 3033 2897 3103 γλωσσοκόμου
2929 3033 3125 3102 ἡλπισε
3169 3032 3263 3085 καὶ
3312 3034 3393 3094 είς
3429 3031 3695 3103 προδοσίαν
3720 3032 3793 3080 αὖ·

584 3124 725 3177 furto
770 3123 822 3177 in
867 3136 1017 3190 spem
1066 3121 1212 3174 venit
1258 3118 1395 3184 fore,
1434 3129 1491 3171 ut
1538 3122 1653 3187 ipse
1694 3120 1760 3172 ad
1801 3120 2122 3187 proditione:

2263 3128 2353 3179 τὸν
2382 3127 2580 3197 ῥᾳδίως
2605 3127 2885 3195 ὁρμήσειν.
2910 3125 3020 3186 Τὰς
3040 3124 3215 3194 ὁρμὰς
3242 3121 3335 3176 οὖν
3366 3124 3594 3176 ἕκαστον
3623 3123 3703 3175 καί
3722 3123 3794 3180 τὰς

581 3230 795 3285 quoque
844 3214 999 3267 facile
1026 3229 1084 3265 se
1109 3209 1406 3265 conferret.
1441 3210 1701 3275 Quocirca
1739 3208 2119 3277 uniuscujuqu

2271 3218 2695 3285 συγκαταθέσεις
2747 3216 3239 3286 πολυπραγμονῶν,
3275 3217 3369 3269 καὶ
3422 3216 3604 3267 οὐδένα
3644 3230 3795 3282 καιριν

582 3307 941 3375 appetitiones
976 3312 1139 3371 atque
1172 3302 1555 3355 inclinationes
1596 3311 1650 3355 et
1687 3315 1944 3354 assensus
1985 3301 2110 3367 inqu

2269 3308 2376 3361 οὐδ’
2407 3307 2555 3378 ὥραν
2589 3306 2963 3378 παραλείπων,
3000 3305 3169 3367 οὕτως
3201 3304 3300 3367 τὰς
3350 3304 3479 3366 ὔλας
3522 3304 3699 3366 ἔξωθεν
3725 3318 3794 3371 χο-

583 3413 730 3463 rens,
764 3412 864 3451 nec
905 3406 1115 3463 tempus
1155 3392 1319 3445 ullum
1350 3402 1442 3445 aut
1487 3394 1673 3445 horam
1720 3392 2121 3460 praetermittens

2273 3402 2448 3469 ρηγεῖ,
2482 3398 2575 3450 καὶ
2606 3401 2683 3460 είς
2733 3397 2760 3450 ὃ
2794 3397 3107 3469 ἐπιρρεπῶς
3156 3396 3347 3466 ἔχοντα
3398 3398 3709 3455 αἰσθάνεται,
3736 3395 3795 3455 εἰς

584 3492 659 3545 ita
686 3490 917 3556 denique
954 3487 1209 3541 materias
1229 3496 1456 3539 exterae
1488 3484 1888 3549 subutinistrat,
1915 3493 2078 3552 atque
2106 3485 2119 3535 i

2270 3493 2445 3543 ἐκεῖνο
2491 3489 2805 3558 τιτρώσκει.
2858 3488 2978 3559 Χρὴ
3022 3486 3113 3541 οὖν
3146 3489 3482 3557 πανταχόθεν
3518 3484 3795 3557 ὴσᾳαλίσθιι

583 3598 646 3635 ea
679 3590 852 3648 parte,
882 3581 948 3633 ad
974 3595 1138 3649 quam
1163 3594 1285 3633 eum
1315 3575 1723 3645 propensionem
1756 3574 1955 3628 habere
1978 3575 2114 3628 senti

2262 3583 2355 3636 τὸν
2394 3582 2701 3651 εὐδόκιμον.
2750 3581 3018 3644 Πολλάκις
3053 3586 3159 3652 γὰρ
3204 3580 3481 3632 πολιτείαν
3512 3579 3682 3648 ὥσπερ
3722 3578 3795 3629 πό-

586 3675 782 3726 vulnus
831 3671 1012 3725 infert.
1050 3672 1127 3724 Ac
1172 3682 1454 3739 propterea
1511 3682 1657 3729 eum,
1714 3665 1807 3733 qui
1852 3664 2061 3717 laudem
2112 3680 2124 3716 ι

2264 3675 2347 3727 λιν
2394 3674 2722 3744 ἀπορθήτοις
2754 3676 2959 3745 τείχεσι
3010 3673 3473 3745 πεπυργωμένην,
3509 3672 3595 3725 διὰ
3641 3670 3796 3741 μέρθυς

586 3775 812 3843 gloriam
842 3783 896 3827 et
938 3772 1193 3839 consequi
1227 3771 1395 3839 cupit,
1432 3772 1577 3821 onmi
1606 3783 1673 3821 ex
1717 3777 1870 3836 parte
1900 3768 2124 3819 munitm

2267 3766 2469 3837 σαθροῦ
2496 3768 2898 3836 παρεστήσατο,
2926 3766 3160 3836 ματαίαν
3180 3767 3279 3835 τὴν
3299 3765 3410 3817 τῶν
3433 3765 3626 3817 λοιπιῖιν
3645 3760 3796 3830 τειχῶν

587 3881 651 3917 ac
679 3865 961 3933 obseptum
1010 3876 1131 3915 esse
1188 3868 1426 3928 Oportet.
1460 3857 1844 3925 Stepcnumero
1881 3855 2026 3907 enim
2065 3854 2125 3906 hc

1256 3868 1426 3912 ortet.
1460 3857 1844 3925 Stepcnumero
1881 3855 2026 3907 enim
2065 3854 2166 3906 1ιο-
2265 3859 2443 3923 δείξας
2474 3860 2794 3929 ὀχυρότητα.

595 3958 758 4010 minis
786 3958 974 4016 vitam,
999 3967 1105 4005 non
1128 3966 1283 4004 secus
1309 3964 1371 4002 ac
1402 3948 1673 4001 civitatem
1706 3947 1995 4014 quamdam
2059 3947 2561 4021 inexpugnabilibus
2639 3953 2809 4006 muris
2859 3949 3273 4011 circumdatam,
3332 3963 3430 4017 per
3482 3956 3727 4001 nutantem
3758 3950 3799 3995 et

591 4045 917 4102 imbecillam
938 4054 1146 4115 partem
1167 4032 1357 4095 ditioni
1376 4054 1485 4093 sua:
1541 4037 1791 4106 subjecit,
1811 4046 1972 4106 atque
2029 4038 2242 4095 inanem
2281 4053 2339 4097 et
2388 4044 2639 4097 inutilem
2676 4043 3001 4112 reliquorum
3048 4055 3323 4094 murorum
3375 4035 3800 4093 ﬁrntitatent.red-

589 4136 748 4192 tlldit.

657 4245 823 4321 4οη.
881 4243 1302 4301 CCCLXXXVI.
1341 4241 1697 4297 —ELlS}EU
1734 4241 2088 4297 MONACHO.

2074 4282 2088 4297 .
2505 4244 2695 4312 THCT'.
2734 4275 2805 4283 —
2841 4244 3153 4315 ΕΛΙΣΣΑΙῼ
3190 4242 3611 4298 ΜΟΝΛΖΟΝΤΙ.

967 4337 1045 4391 De
1071 4336 1284 4389 Ariani:
1331 4350 1378 4389 et
1413 4333 1791 4407 Eunomianis.‘

2518 4334 2654 4403 Περὶ
2702 4335 3008 4404 Ἀρειανῶν
3049 4335 3148 4388 καὶ
3189 4332 3598 4403 Εὐνομιανὼν.

666 4451 724 4506 Si
751 4456 973 4505 sanctus
1024 4446 1229 4513 Daniel,
1290 4446 1536 4516 angelum
1596 4446 1960 4513 conspicatus,
2002 4443 2204 4516 atque!

2338 4446 2401 4498 Εἰ
2428 4447 2456 4498 ὁ
2489 4446 2642 4514 ἅγιος
2669 4447 2868 4517 Δανιὴλ
2912 4445 3144 4515 ἄγγελον
3174 4446 3531 4517 θεασάμενος,
3585 4446 3669 4497 καὶ
3692 4445 3798 4509 ἀγα·

590 4561 658 4601 ex
698 4541 973 4613 conspecti
1008 4538 1407 4610 pulchritudine
1454 4537 1812 4590 admiratione
1866 4539 2128 4606 perculsu:

2278 4533 2424 4598 σθεὶς
2469 4537 2527 4587 τὸ
2562 4536 2755 4600 κάλλος
2782 4536 2877 4589 τοῦ
2914 4536 3192 4603 ὀφθέντος,
3244 4538 3460 4607 πρηνὴς
3502 4537 3700 4596 ἔπεσεν,
3727 4537 3797 4585 ἐκ·

592 4638 648 4693 in
673 4646 871 4692 terram
905 4649 1106 4702 pronus
1150 4630 1367 4692 cecidit,
1400 4628 1697 4695 spectaculi
1743 4630 1993 4683 videlicet
2022 4647 2130 4684 nov

2277 4627 2505 4695 πλαγεὶς
2539 4626 2675 4697 πρὸς
2706 4628 2768 4679 τὸ
2803 4626 3102 4698 παράδοξον
3130 4630 3227 4697 τῆς
3258 4626 3384 4690 θέας
3404 4644 3417 4657 ·
3448 4627 3602 4679 ποίαν
3629 4625 3799 4687 ἕξουσιν

594 4737 705 4782 tate
761 4726 1022 4779 attonitus
1071 4738 1085 4773 :
1141 4735 1431 4790 quamnam
1490 4721 1704 4774 tandem
1764 4723 2132 4776 excusatiouet

2275 4717 2588 4785 ἀπολογίαν,
2620 4720 2669 4770 οί
2705 4718 2879 4790 Πατρὶ
2909 4722 3003 4772 καὶ
3033 4719 3147 4788 Υίῷ
3179 4721 3483 4788 μεσιτεύειν
3519 4720 3799 4790 τολμῶντες,

594 4818 827 4874 habituri
858 4828 1009 4881 sunt,
1041 4816 1131 4884 qui
1158 4812 1306 4867 Patri
1341 4822 1395 4867 et
1422 4810 1559 4865 Filio
1596 4812 1831 4866 arbitros
1858 4829 1920 4867 ac
1972 4828 2132 4881 seque

2275 4807 2371 4860 καὶ
2410 4808 2506 4876 τὴν
2541 4808 2778 4879 ἄρρητον
2827 4810 2989 4878 φύσιν
3037 4809 3213 4879 λόγοις
3248 4812 3593 4879 ζυγοπατείν
3632 4815 3799 4877 ἐπιχει-

598 4922 744 4967 slrns
783 4924 839 4963 se
866 4910 1107 4976 pra-bere
1140 4907 1356 4969 audent,
1410 4913 1763 4971 natttramque
1802 4920 2015 4959 omnem
2056 4921 2172 4958 ser-
2278 4897 2525 4968 ροῦντε;;

598 5003 776 5056 monis
806 4998 1115 5053 facultatem
1151 5007 1497 5066 superantem
1534 4994 1873 5049 sermonibus
1912 5010 2170 5065 superare

599 5088 1016 5163 aggrediuntur?

767 5197 1205 5258 CCCLXXXVII.
1236 5227 1306 5240 —-
1327 5195 1628 5253 LEONTIO
1658 5197 1984 5253 EPISCOPU

2547 5196 2719 5251 THZ'.
2760 5230 2829 5239 —
2866 5198 3164 5269 ΛΕΟΝΤΙῼ
3205 5201 3568 5269 ΕΠΙΣΚΟΠῼ.

673 5314 784 5386 Ego
825 5325 896 5379 te,
933 5329 966 5368 0
998 5313 1249 5384 puritatis
1279 5313 1584 5377 delubrum,
1617 5328 1719 5366 non
1764 5313 2048 5366 sacerdotii
2077 5327 2174 5366 no-

2358 5311 2500 5380 Ἐγώ
2529 5330 2609 5378 σε,
2628 5307 2684 5365 ¹ὦ
2730 5313 2951 5381 ἁγνείας
2978 5317 3297 5385 ἀνάκτορον,
3329 5316 3427 5369 οὐκ
3456 5319 3519 5369 ἐκ
3548 5318 3640 5384 τῆς
3679 5316 3800 5382 ἱερω-

601 5410 747 5465 miue
784 5409 1023 5463 admiror
1056 5423 1071 5461 :
1110 5407 1205 5461 sed
1230 5405 1354 5476 quia
1403 5405 1553 5472 illud,
1597 5415 1654 5459 ut
1696 5406 2069 5469 conveniebat,
2115 5423 2139 5458 e

2282 5403 2446 5468 σύνης
2473 5405 2737 5476 θαυμάζω
2755 5422 2768 5436 ·
2799 5406 2913 5460 ἀλλ’
2941 5407 3023 5460 ὅτι
3053 5409 3439 5479 προσηκόντως
3466 5407 3659 5477 ταύτης
3679 5404 3799 5457 τετύ-

1699 5579 1935 5635 VARUE
1973 5578 2355 5637 LECTIONES
2399 5582 2484 5638 ET
2524 5583 2759 5640 NOTAE.

679 5738 754 5808 (ὃ)
808 5736 947 5791 ldctn
990 5737 1113 5792 cod.
1170 5740 1458 5808 προεμενοι
1496 5745 1664 5791 mutat
1711 5736 1762 5791 itt
1814 5736 2185 5807 προσιέμενοι,

2220 5747 2275 5792 et
2310 5754 2450 5793 vers.
2477 5751 2602 5810 post
2631 5751 2824 5808 quarto
2857 5742 3101 5812 ἐρήμους
3146 5745 3195 5797 in
3230 5740 3528 5814 ’ἀμτρῖρους.
3565 5741 3746 5796 Passer.
