3894 6412
181 384 295 450 1029
892 385 1430 449 EPISTOLARUM
1472 387 1619 448 LIB.
1663 387 2126 452 lII.—EPIST.
2164 392 2614 454 CCCLXXXIX.
3287 351 3424 462 1030

177 513 345 570 χηιιας.
383 495 578 550 Πολλοὶ
611 497 712 568 μὲν
755 498 865 570 γὰρ
897 501 1036 571 αὐτῇ
1067 499 1438 568 ὲπεκὼμασαν
1478 499 1579 552 οὐκ
1613 501 1742 553 εὐα-

1863 515 2194 558 :onsecutus.
2230 505 2380 558 Mulli
2412 507 2554 559 enim
2583 506 2648 560 ad
2673 519 2792 561 eam
2819 506 3135 578 dignitatem
3170 507 3310 563 haud
3339 511 3428 580 pie
3463 579 3468 583 _

177 591 301 658 τῶς·
350 591 394 641 οἱ
426 588 484 640 δὲ
517 589 749 653 εἰκότως
781 590 1148 660 τετυχηκότες
1173 592 1273 658 τῆς
1300 588 1487 659 τιμῆς,
1523 589 1616 642 καὶ
1650 589 1738 654 διὰ

1863 603 2134 665 .ancteque
2187 596 2501 667 irruperunt
2559 619 2570 654 :
2638 599 2728 668 qui
2785 609 2968 654 autem
3023 615 3142 654 eam
3198 600 3424 657 honesta

176 683 336 744 τέλους
377 682 606 744 ἑαυτοὺς
647 683 708 734 ού
749 683 910 752 μόνον
947 681 1209 751 μέμψεως
1253 682 1557 751 κρείττους,
1603 681 1741 735 ἀλλὰ

1863 687 2053 740 ἰιιὶοιιο
2080 687 2453 756 obtinuerunt,
2482 706 2544 746 ac
2578 702 2838 761 perpetuo
2877 693 3086 762 seipsos
3123 709 3228 748 non
3267 697 3428 748 modo

177 777 256 829 καὶ
308 773 586 842 θαύματος
650 774 836 838 ἀξίους
897 776 1296 846 ἀποφήναντες,
1371 767 1518 828 οὗτοι
1589 773 1742 847 παρὰ

1863 779 1987 831 ιιηηί
2038 781 2460 849 reprehensione
2502 785 2832 852 superiores,
2869 784 2960 838 sed
2998 785 3160 839 etiam
3195 787 3430 840 admira-

177 866 368 918 πάντων
417 865 800 935 ἀναρρηθῆναι
846 865 914 919 ἂν
945 861 1058 917 εἷεν
1111 865 1332 918 δίκαιοι.
1378 858 1480 917 Ὧν
1518 861 1598 928 εἷς
1650 865 1743 917 καλ⁸

177 957 315 1017 αὐτὸς
341 957 650 1024 τυγχάνων,
688 957 908 1028 μυρίοις
937 956 1236 1027 ὀφθαλμοῖς
1271 958 1341 1012 τὰ
1378 957 1521 1012 κατὰ
1548 957 1744 1011 σαυτὸν

177 1050 511 1119 περισκόπειο
553 1050 627 1121 μή
664 1053 798 1103 ποτέ
826 1067 881 1102 τι
909 1049 1213 1121 παροφθὲν,
1248 1051 1314 1118 τῇ
1362 1048 1608 1122 τοσαύτῃ
1653 1047 1746 1101 λυ-

180 1142 388 1211 μήνηται
417 1142 614 1212 ἀρετῇ.

407 1338 595 1392 TIlH'.
635 1368 701 1378 —-
743 1338 972 1393 IEPAKI
1014 1338 1488 1412 ΠΡΕΣΒΥΤΕΡῼ.

179 1432 300 1513 Περί
332 1431 729 1513 eisrara-dicetne
754 1475 768 1496 ,
824 1435 977 1513 κατὰ
1053 1431 1382 1513 Ἐαζΐῑήνωμ
1435 1432 1574 1513 Περζ
1637 1431 1749 1513 τῆς

237 1502 461 1572 χάριτος
500 1502 626 1554 τῶν
666 1504 1087 1558 θεοπνεύστων
1132 1503 1426 1572 ι’ριιρών,
1480 1503 1579 1556 καὶ
1637 1503 1750 1572 τῆς

238 1575 298 1635 ἐξ
330 1571 528 1625 αὐτῶν
564 1572 880 1642 ὡφελείας.

238 1667 290 1718 Ol
322 1664 449 1718 θεῖοι
480 1665 578 1717 καὶ
607 1667 848 1734 οὐράνιοι
874 1667 1114 1737 χρησμοὶ
1153 1669 1263 1730 τοῖς
1297 1667 1396 1736 μὲν
1422 1666 1530 1719 τῶν
1559 1665 1744 1719 καλῶν

180 1760 468 1828 ἀνεράστοις
496 1759 576 1829 (6)
601 1757 908 1828 γράμματα
941 1759 1097 1828 μόνον
1147 1754 1284 1812 εἶναι
1311 1759 1528 1812 δοκοῦσι
1553 1761 1666 1822 τοῖς
1691 1759 1750 1811 δὲ

1845 867 1993 922 tione
2023 868 2214 936 dignos
2239 874 2630 940 praestiterunt,
2660 874 2714 928 hi
2743 875 2986 929 omnium
3015 875 3173 930 laude
3202 891 3266 932 ac
3289 893 3429 946 pra:-

1847 958 2120 1015 dicatione
2153 961 2334 1017 eﬂ'erri
2361 973 2657 1022 merentur.
2683 965 2921 1033 Quorum
2958 967 3012 1021 in
3049 983 3273 1024 numero
3305 983 3426 1022 cum

1846 1049 1962 1114 ipse
1987 1066 2203 1120 quoque
2229 1053 2323 1113 sis.
2356 1055 2635 1110 sexcentis
2658 1057 2831 1112 oculis
2858 1057 3021 1111 vitam
3059 1067 3204 1110 tuam
3229 1073 3292 1113 ac
3313 1075 3428 1110 mo-

1846 1155 1935 1194 res
1957 1140 2351 1211 circumspice:
2385 1160 2483 1199 nec
2505 1145 2702 1216 alioqui
2731 1146 3035 1214 neglectum
3064 1149 3162 1202 abs
3202 1158 3253 1202 te
3278 1148 3431 1217 quid-
3493 1135 3510 1189 ί-

1847 1229 1995 1299 piam
2057 1241 2221 1286 tantae
2249 1235 2433 1289 virtuti
2462 1235 2636 1290 labem
2679 1251 2743 1292 ac
2776 1236 3073 1307 perniciem
3109 1236 3320 1292 allerat.

1943 1342 2414 1401 CCCLXXXVIII.
2447 1378 2518 1388 —
2540 1347 2821 1404 HIERACI
2856 1347 3343 1406 PHESBYTERO.

1853 1431 2192 1510 Delectione,
2226 1449 2413 1510 contra
2458 1439 2692 1508 gentiles.
2744 1470 2816 1480 —
2859 1441 2936 1494 De
2975 1443 3147 1510 gratia
3177 1443 3432 1499 divinitus

1919 1506 2301 1572 impimtarum
2332 1506 2818 1577 Scripturarum,et
2848 1506 3098 1568 utilitate.

1923 1665 2112 1720 Divina
2141 1677 2196 1721 et
2243 1666 2488 1722 coelestia
2527 1668 2769 1733 oracula,
2801 1669 2866 1725 iis
2902 1671 3143 1741 quidem,
3186 1673 3276 1743 qui
3316 1673 3435 1744 pul-

1849 1759 2103 1812 chrarum
2133 1773 2314 1812 rerqu
2347 1759 2567 1814 fastidio
2600 1771 2872 1827 tenentur,
2897 1763 3088 1818 litterte
3115 1768 3288 1819 solum
3312 1768 3446 1821 esse

183 1851 545 1922 ὑπερκοσμίοις
589 1849 734 1922 [καὶ]
767 1851 1144 1922 φιλοθεάμοσι,
1185 1851 1450 1921 λειμῶνες
1491 1854 1626 1904 εἰσιν
1655 1851 1744 1904 εὐ-

1863 1849 2139 1904 ιίιιριιιιιτε
2177 1849 2243 1902 iis
2272 1858 2478 1912 autem,
2512 1851 2601 1920 qui
2635 1867 2796 1920 supra
2832 1855 3090 1908 mundum
3114 1871 3431 1911 assurrexe-

183 1945 354 2008 ανθεῖς,
385 1943 576 2014 ὥσπερ
612 1943 672 2007 ἐξ
701 1945 950 2014 οὐρανίου
1002 1944 1264 2015 νέκταρος
1299 1943 1554 2016 βρύοντες
1607 1944 1744 2013 ἀκη-

187 2037 341 2106 ράτοις
368 2035 607 2090 ἄνθεσιν.
657 2036 980 2107 Ἐξαρκοῦσι
1035 2037 1134 2106 μὲν
1181 2037 1291 2108 γὰρ
1323 2038 1415 2090 καὶ
1446 2035 1605 2106 μόνον
1647 2038 1745 2107 ρη-

187 2129 342 2193 θέντες
372 2129 506 2198 πῴς
541 2129 840 2199 ἔκπληξινο
891 2129 1216 2182 κατανοοῦσι
1263 2128 1319 2180 δὲ
1364 2127 1558 2199 σχολὴν
1593 2128 1746 2195 ἄγειν

184 2223 266 2275 οὐκ
297 2223 699 2289 ἐπιτρέπουσιν,
745 2221 880 2274 ἀλλά
910 2222 1389 2292 παρασκευάζουσι
1432 2223 1612 2274 πᾶσαν
1652 2220 1747 2290 τὴν

185 2314 346 2383 νοεράν
374 2313 628 2383 αἴσθησιν
658 2313 879 2384 τρέπειν
915 2315 990 2384 (7)
1020 2314 1101 2377 el;
1145 2315 1388 2375 ἑαυτοὺς,
1422 2315 1498 2374 ὡς
1528 2313 1657 2384 πρὶν
1687 2313 1749 2365 τὸ

185 2407 332 2477 παρὸν
364 2406 612 2477 ἀκριϐῶς
643 2405 961 2472 θεάσασθαι,
1010 2407 1196 2459 ποθεῖν
1229 2407 1289 2458 τὸ
1328 2407 1454 2476 έξῆς
1476 2421 1490 2435 ·
1528 2407 1749 2458 κάκεῖνο

187 2498 546 2570 θεασαμένους,
591 2500 729 2570 ὅπερ
775 2499 1042 2552 ἀπέλιπον
1091 2500 1295 2570 ζητεῖν,
1351 2498 1535 2552 καὶτὸ
1567 2499 1749 2570 τρίτον

190 2591 388 2655 ἰδόντας,
423 2594 524 2646 ούκ
559 2593 707 2662 ἔχειν
752 2593 832 2644 ὅτι
869 2591 1264 2661 θαυμάσουσιν.
1315 2592 1461 2644 Εἴσω
1512 2591 1622 2662 γὰρ
1655 2590 1748 2644 τοῦ

188 2686 478 2758 γράμματος
511 2684 981 2756 παραπέμποντες
1011 2683 1102 2736 τὸν
1133 2683 1280 2750 νοῦν,
1314 2684 1571 2736 τοσούτου
1617 2683 1752 2753 πίμ-

189 2777 388 2828 πλανται
432 2776 738 2843 θαύματος,
773 2776 868 2828 καὶ
911 2776 1181 2846 τοσαύτης
1213 2775 1549 2846 πληροῦνται
1595 2775 1753 2846 χάρι-

186 2885 278 2930 τος,
305 2869 437 2922 ὣστε
467 2870 640 2940 μηδὲν
671 2869 752 2922 ἔτι
785 2869 1035 2938 χωρῆσαι
1072 2869 1180 2921 τῶν
1208 2869 1464 2935 ἐπιγείων
1492 2867 1752 2938 πραγμά-

187 2979 276 3012 των
315 2963 594 3028 δύνασθαι,
633 2961 771 3032 μηδὲ
818 2960 884 3013 ἂν
917 2961 1095 3014 πάντα
1140 2962 1276 3030 πρὸς
1309 2962 1505 3023 αὐτοὺς
1545 2960 1752 3032 συρρἑῃ

189 3054 244 3107 τὰ
274 3057 640 3128 περιμάχητα,
670 3055 840 3126 λήθης
873 3047 948 3108 ὧν
997 3053 1262 3124 πρότερον
1303 3053 1612 3124 ἐθαύμαζον
1661 3054 1754 3106 ἐκ·

190 3163 294 3216 νικη
301 3149 428 3218 σάση
439 3167 478 3210 ς.

1848 1950 1997 2007 runt,
2018 1957 2080 1996 ac
2105 1943 2428 2012 Spectaculis
2449 1947 2703 2013 gaudent,
2730 1945 2966 2002 virentes
2989 1957 3044 2002 et
3067 1952 3267 2003 alumni
3285 1963 3435 2017 sunt,

1850 2043 2105 2104 tanquam
2137 2050 2204 2089 ex
2236 2035 2445 2090 caelesti
2473 2048 2694 2092 nectare
2722 2039 3026 2107 purissimis
3061 2039 3282 2096 ﬂoribus
3312 2057 3436 2096 sca-

1851 2135 2047 2182 tentes.
2083 2125 2319 2194 Etenim,
2350 2128 2435 2184 vel
2499 2133 2843 2192 pronuntiata
2893 2133 3177 2198 duntaxat,
3218 2134 3284 2188 ad
3321 2136 3440 2188 ani-

1851 2234 1967 2273 mos
2001 2220 2361 2276 admiratione
2402 2221 2714 2290 deligendos
2771 2222 3045 2278 sulliciunt
3076 2241 3089 2278 :
3121 2225 3188 2280 iis
3232 2235 3436 2295 autem,

1851 2309 1942 2379 qui
1991 2324 2055 2363 ea
2107 2311 2458 2365 considerant
2487 2322 2540 2364 et
2571 2313 3049 2376 animadvertunt,
3091 2314 3276 2370 leriari
3331 2332 3438 2370 non

1853 2403 2173 2472 permittunt
2217 2419 2230 2456 :
2289 2417 2478 2458 verum
2521 2405 2622 2458 hoc
2662 2403 2923 2471 elIieiunt,
2969 2416 3029 2459 ut
3055 2421 3244 2462 Otllllcs
3274 2408 3442 2464 animi

1852 2511 2043 2550 sensus
2071 2497 2137 2551 ad
2166 2512 2229 2550 ea
2264 2511 2324 2550 5e
2371 2507 2691 2552 convertant
2726 2515 2740 2550 :
2770 2500 2904 2554 adeo
2929 2510 2986 2553 ut
3026 2499 3336 2569 priusquam
3367 2502 3439 2564 id,

1852 2586 1998 2656 quod
2043 2602 2283 2658 praesens
2318 2595 2423 2653 est,
2471 2591 2875 2659 conspexerint,
2911 2591 2962 2645 id
3011 2594 3152 2661 quod
3197 2595 3446 2662 sequitur

1853 2687 2111 2747 expetant
2153 2697 2168 2735 :
2210 2690 2412 2734 etcum
2449 2680 2579 2736 illud
2625 2686 3020 2752 perspexerint,
3049 2684 3100 2738 id
3141 2685 3284 2752 quod
3316 2683 3444 2739 reli-

1854 2772 2072 2841 querint
2100 2782 2345 2841 quaerant
2376 2789 2392 2824 :
2422 2782 2479 2828 et
2504 2790 2628 2828 cum
2653 2774 2707 2828 id
2737 2776 2881 2844 quod
2915 2777 3132 2829 tertium
3164 2785 3268 2840 est,
3300 2776 3445 2830 vide-

1855 2866 1986 2931 rint,
2036 2866 2178 2934 quod
2235 2865 2578 2935 potissimum
2637 2867 2975 2922 admirentur
3017 2884 3122 2921 non
3182 2867 3442 2922 habeant.

1855 2956 1999 3012 Intra
2035 2958 2179 3012 enim
2262 2959 2456 3012 litterae
2501 2959 2800 3028 penetralia
2858 2970 3097 3014 mentem
3145 2961 3444 3024 mittentes,

1856 3057 2007 3102 tanta
2046 3047 2403 3101 admiratione
2433 3048 2745 3116 implentur,
2779 3063 2844 3103 ac
2884 3057 3030 3102 tanta
3060 3049 3233 3118 gratia
3257 3066 3448 3103 cunm-

1854 3142 2055 3204 lantur,
2078 3148 2132 3191 ut
2148 3135 2261 3206 jam
2288 3147 2624 3192 terrenarum
2653 3153 2832 3192 rerum
2854 3139 2988 3193 nihil
3011 3153 3205 3207 capere
3223 3146 3446 3208 queant,

193 3257 246 3293 ne
269 3245 308 3295 si
337 3242 510 3294 onmia
542 3229 766 3310 quidem
810 3254 875 3293 ea
919 3253 1039 3307 qua:
1099 3236 1347 3290 certatim
1409 3235 1656 3290 homines
1698 3243 1977 3305 appetunt,
2054 3231 2121 3286 ad
2165 3235 2309 3302 ipsos
2388 3231 2661 3287 conﬂuant
2698 3248 2713 3286 :
2751 3233 2896 3303 quod
2964 3232 3217 3288 videlicet
3258 3248 3448 3289 earum

192 3347 366 3394 rerum,
414 3347 550 3399 quas
603 3330 752 3400 prius
827 3327 1183 3381 admiratione
1227 3327 1714 3395 prosequebantur,
1753 3325 1954 3380 oblivio
1979 3323 2174 3378 victrix
2203 3323 2490 3377 exstiterit.

365 3441 538 3494 TﬂG’.
585 3471 656 3484 ——
692 3437 1012 3491 ΔΙΟΓΕΝΕῙ
1052 3436 1545 3506 ΜΑΓΙΣΤΡΙΑΝῼ.

194 3536 278 3600 Εἰς
314 3534 374 3586 τὸ
419 3531 860 3601 γεγραμμένον.
899 3548 916 3579 ι
984 3529 1126 3601 Ἐὰν
1162 3527 1295 3598 ἴδῃς
1327 3529 1392 3601 τὸ
1435 3527 1760 3601 ὐξιοζῢγιοιθ

250 3598 341 3657 τοῦ
373 3598 742 3673 ἐχθρὸῦρ-ου
776 3600 1092 3673 πεπτωκὸς
1125 3602 1245 3652 ὑπὸ
1287 3599 1394 3650 τὸν
1431 3598 1640 3666 γόμον,
1683 3598 1756 3651 οὐ

251 3671 580 3741 submerum;
622 3673 782 3725 ἀλλὰ
816 3671 1194 3738 συνεγείρῃς.
1245 3686 1264 3719 ι

252 3782 348 3833 Καὶ
391 3782 444 3834 ἐν
487 3783 558 3853 τῇ
607 3779 826 3848 Παλαιᾷ
875 3775 1144 3848 Διαθήκῃ,
1181 3768 1226 3828 ὧ
1272 3774 1425 3843 σοφὲ,
1461 3775 1758 3846 ἐπειδήπερ

198 3872 287 3923 ἀπὸ
323 3872 520 3940 ταύτης
579 3870 746 3940 μόνης
786 3870 920 3938 ἡμῖν
953 3865 1199 3936 διαλέγῃ,
1229 3864 1328 3935 τὴν
1357 3863 1506 3916 Νέαν
1539 3865 1756 3934 παρεὶς,

195 3967 236 4014 εἰ
273 3966 355 4016 καὶ
389 3964 462 4036 (ὅ)
511 3964 592 4034 μὴ
634 3960 886 4030 φανερῶς
923 3959 1055 4030 μηδὲ
1088 3956 1405 4030 διαρρήδην,
1442 3956 1555 4009 ἀλλ’
1587 3959 1761 4022 αἰνιγ-

200 4056 429 4126 ματωδῶς
471 4059 611 4127 ἡμῖν
678 4052 1066 4124 ἐνομοθέτησεν
1113 4052 1147 4122 ἡ
1195 4049 1523 4121 ἡμερωτάτη
1576 4047 1757 4117 φύσις,

198 4149 631 4204 καταλλάττσσθαι
667 4147 745 4217 τῷ
792 4144 993 4216 ἐχθρῷ,
1028 4144 1286 4214 φήσασασ
1329 4161 1348 4193 ι
1401 4142 1526 4194 Ἐὰν
1559 4141 1672 4210 ἴδῃς
1703 4140 1761 4193 τὸ

201 4242 461 4311 ὑποζύγιον
486 4240 585 4296 τοῦ
619 4238 816 4310 ἐχθροῦ
850 4255 944 4290 σου
979 4235 1268 4297 πεπτωκὸς
1302 4235 1408 4288 ὑπὸ
1442 4235 1534 4286 τὸν
1569 4236 1758 4305 γόμον,

199 4337 249 4386 οὐ
275 4337 598 4406 παρελεύσῃ,
650 4332 787 4384 ἀλλά
820 4330 1142 4401 συνεγείρῃς
1199 4328 1352 4381 αὐτό·
1401 4345 1419 4377 ³
1468 4328 1531 4379 Εἰ
1560 4326 1618 4378 δὲ
1663 4327 1763 4378 οὐκ

202 4428 369 4499 ἐφικνῇ
393 4429 640 4481 ἀτενίσαι
672 4426 807 4497 πρὸς
839 4424 899 4477 τὸ
929 4423 1091 4493 βάθος
1117 4420 1210 4474 τοῦ
1237 4418 1513 4491 χρησμοῦ,
1543 4417 1654 4487 ἐγώ
1681 4435 1763 4470 σοι

202 4520 361 4573 τοῦτον
398 4519 761 4592 ἑρμηνεῦσαι,
792 4517 886 4570 καὶ
912 4515 1005 4568 τοῦ
1037 4513 1328 4583 νομοθέτου
1360 4511 1662 4575 ἀναπτύξαι
1702 4511 1764 4564 τὸ

205 4610 424 4684 βούλημα
476 4613 833 4682 πειράσομαι.
890 4609 966 4662 Οὐ
1011 4608 1121 4676 γὰρ
1174 4604 1269 4657 τοῦ
1320 4604 1458 4668 ζώου
1509 4604 1762 4657 τοσοῦτον

203 4704 490 4774 κηδόμενοξ,
522 4703 638 4758 ἀλλ’
669 4703 848 4756 αὐτῶν
875 4701 1039 4756 ἕνεκα
1065 4699 1302 4769 μάλιστα
1322 4697 1432 4749 τῶν
1460 4695 1764 4767 ἀνθρώπων

1969 3431 2388 3489 CCCLXXXIX.
2419 3462 2492 3473 —
2522 3431 2796 3488 DIOGENI
2835 3432 3334 3492 MAGISTBIANi).

1863 3521 1929 3577 In
1965 3522 2122 3586 illud,
2178 3539 2196 3572 t
2233 3521 2295 3576 Si
2328 3521 2827 3588 viderisjumentum
2855 3523 3057 3576 inimici
3084 3525 3332 3579 cecidisse
3354 3525 3452 3580 sub

1935 3609 2088 3657 onus,
2108 3608 2210 3645 non
2236 3591 2550 3660 prwteribis,
2580 3596 2667 3645 sed
2701 3596 2866 3662 erige:
2895 3593 3067 3660 ipsum
3101 3595 3169 3646 ⁵ο.
3213 3615 3233 3648 ι

1935 3772 2004 3826 Et
2033 3771 2084 3826 in
2111 3768 2293 3826 Veteri
2323 3785 2538 3840 quoque
2566 3768 2935 3837 Testamento,
2964 3772 3048 3826 vir
3070 3772 3454 3844 crualite(quo-

1868 3864 2015 3918 niam
2051 3869 2118 3916 ab
2142 3879 2208 3918 eo
2235 3868 2500 3917 duntaxat
2525 3849 2806 3918 nobiscum
2840 3865 3104 3932 disputas,
3137 3864 3286 3920 Novo
3314 3882 3454 3935 pra:-

1869 3958 2227 4026 termisso),si
2254 3972 2358 4010 non
2382 3966 2641 4024 aperteac
2664 3954 3052 4026 disertisw5
3069 3958 3338 4023 verbis,at
3363 3959 3456 4012 oh-

1868 4063 2026 4104 scnre
2046 4048 2258 4112 saltem,
2285 4047 2439 4100 nobis
2465 4046 2900 4101 mansuetissima
2917 4049 3000 4099 Illa
3017 4057 3232 4112 natura,
3252 4056 3310 4102 nt
3330 4062 3455 4103 e'nn

1869 4139 2088 4192 inimico
2119 4139 2171 4191 in
2199 4137 2431 4207 gratiam
2475 4135 2759 4189 redeamus
2789 4135 3141 4204 praescripsit,
3166 4137 3252 4190 his
3271 4137 3455 4192 verbis

1869 4241 2112 4284 utensu
2156 4229 2215 4282 Si
2257 4228 2455 4281 videris
2499 4226 2804 4293 jumentum
2872 4225 3081 4280 inimici
3129 4227 3205 4280 tui
3267 4226 3455 4297 prola-

1874 4338 2031 4392 psum
2097 4321 2151 4392 in
2194 4320 2428 4383 foveam,
2467 4333 2576 4372 non
2641 4319 3032 4387 pertransibis,
3104 4321 3197 4373 sed
3275 4321 3457 4389 eriges

1871 4417 2047 4486 ipsum
2082 4414 2148 4466 ⁵¹.
2187 4432 2207 4464 ι
2243 4413 2396 4479 Quod
2430 4415 2475 4464 si
2512 4421 2564 4463 tu
2599 4411 2648 4463 in
2681 4411 2910 4479 hujusce
2939 4411 3144 4466 oraculi
3182 4416 3458 4481 penetrale

1870 4507 2148 4562 oculorum
2177 4505 2346 4558 aciem
2381 4503 2660 4556 intendere
2687 4504 2900 4570 nequis,
2947 4517 3047 4572 ego
3086 4505 3180 4558 tibi
3212 4503 3341 4558 illud
3373 4505 3459 4558 in-

1872 4597 2184 4668 terpretari,
2219 4610 2284 4650 ac
2345 4594 2672 4664 legislatoris
2721 4604 2954 4649 mentem
2989 4595 3262 4664 explicare
3293 4611 3460 4650 cona-

1872 4692 1992 4746 bor.
2021 4688 2139 4743 Non
2164 4689 2309 4741 enim
2340 4687 2483 4754 quod
2525 4685 2820 4739 animantis
2858 4701 2990 4740 cura
3019 4695 3303 4757 tantopere
3335 4695 3458 4742 tan-

203 4797 326 4848 τοῦτ’
371 4797 678 4849 ἐθέσπισεν.
719 4795 777 4847 Ὁ
822 4792 934 4864 γὰρ
984 4791 1178 4861 ἐχθρὸς
1232 4790 1525 4860 ἐρχόμενος
1576 4789 1652 4849 εἰς
1703 4786 1755 4837 τέ

1873 4799 2112 4859 geretur,
2154 4784 2250 4838 sed
2305 4785 2542 4853 ipsorum
2608 4780 2908 4855 praesertim
2958 4781 3238 4836 hominum
3290 4796 3457 4838 causa

209 4892 486 4960 συνεγεῖραι
515 4889 576 4942 τὸ
627 4886 916 4947 πεπτωκὸς
942 4882 1102 4950 ζῶον,
1151 4884 1369 4945 πάντως
1399 4881 1651 4952 ὁμιλήσει
1687 4879 1766 4950 τῷ

207 4976 381 5048 ἐχθρῷ,
405 4981 498 5032 καὶ
527 4976 697 5042 λέξει,
723 4975 934 5029 ἐκεῖθεν
962 4976 1026 5027 σὺ
1053 4973 1286 5043 ἓγειρον,
1315 4969 1470 5039 κάγὼ
1495 4971 1763 5022 ἐντεῦθεν.

218 5069 408 5138 ὐμιλία
447 5072 503 5124 δὲ
531 5069 818 5142 προοίμιόν
853 5069 968 5120 ἐστι
998 5065 1368 5135 καταλλαγῆς,
1401 5065 1497 5116 καὶ
1529 5064 1646 5127 ὁδὸς
1672 5065 1768 5116 ἐπὶ

209 5163 366 5231 φιλίαν
419 5166 649 5234 ἄγουσα.
710 5163 851 5235 Τρία
912 5162 1094 5216 τοίνυν
1147 5159 1408 5214 κάλλιστα
1467 5150 1788 5211 ἐσπούδασε

1873 4879 2014 4931 hanc
2035 4876 2204 4946 legem
2243 4875 2383 4929 tulit.
2411 4873 2548 4925 Nam
2583 4873 2858 4940 inimicus,
2894 4876 2961 4929 ad
3002 4873 3310 4944 prolapsum
3334 4891 3458 4928 aut-

1874 4969 1981 5023 mal
2031 4967 2346 5036 erigendum
2394 4965 2682 5030 accedens,
2734 4965 3011 5020 inimicum
3055 4968 3278 5021 omnino
3318 4967 3457 5020 allo-

1874 5075 2097 5133 quetur,
2165 5077 2230 5116 ac
2283 5061 2428 5114 dicet
2485 5073 2501 5112 :
2567 5055 2647 5111 Tu
2718 5059 2881 5114 istinc
2935 5060 3104 5128 erige,
3145 5073 3246 5128 ego
3308 5059 3456 5112 hinc.

1878 5155 2220 5222 Colloquium
2267 5167 2432 5221 porro
2485 5149 2946 5204 reconciliationis
2989 5149 3306 5220 praaludium
3351 5161 3456 5215 est,

214 5259 593 5328 κατορθωθῆναι
640 5258 673 5326 ή
724 5255 844 5310 θεία
905 5254 1230 5325 γαληνότης,
1297 5252 1356 5306 ἓν
1409 5251 1530 5322 μὲν,
1589 5249 1652 5303 τὸ
1700 5249 1755 5321 μὶ

1878 5263 1946 5302 ac
2003 5247 2090 5300 via
2143 5246 2209 5300 ad
2248 5245 2543 5300 amicitiam
2596 5246 2821 5300 ducens.
2863 5243 3222 5311 Quamobrem
3263 5242 3460 5298 divina:

260 5413 302 5446 '°
323 5414 482 5472 Exod.
512 5431 669 5482 xxnt,
701 5412 830 5479 4,5.

1350 5519 1583 5576 νΑιιιΑῑ
1608 5515 1991 5576 LECTIONES
2018 5514 2106 5570 ET
2133 5512 2362 5570 Νοτιε.

250 5683 344 5778 ιίθ)
377 5686 468 5740 Ed.
497 5686 695 5749 Paris.,
721 5689 779 5739 ἐν
805 5682 1065 5756 ἀρίστοις.
1097 5679 1324 5735 Emend.
1351 5690 1418 5729 ex
1440 5675 1562 5730 cod.
1589 5672 1763 5728 Vatic.

218 5752 502 5895 adfati-1.112
526 5827 705 5887 Vatic.
745 5825 850 5883 650
881 5824 1071 5881 scribit
1097 5821 1328 5895 πρέπειν
1364 5829 1418 5878 et
1445 5829 1571 5875 vers
1629 5829 1764 5885 peu-

1877 5671 2066 5726 ultimo
2107 5679 2226 5739 post
2254 5667 2619 5739 neptpa'tx'qtg
2640 5666 2791 5739 addit
2814 5666 2952 5721 ἀλλὰ
2981 5667 3096 5721 καί.
3133 5666 3352 5724 Possm.

1946 5742 2030 5815 (8)
2065 5736 2170 5797 Pro
2196 5740 2242 5793 εἰ
2268 5736 2540 5804 καβὶίοόϋζ
2577 5736 2700 5794 Vat.
2731 5738 2835 5794 650
2866 5740 2970 5810 leg.
3007 5739 3130 5795 κᾶν.
3160 5741 3238 5794 In.
