3894 6412
485 325 620 386 1υ31
1693 326 1752 385 S.
1794 325 2082 385 ISIDORI
2120 327 2553 388 PBLUSIOTAE
3602 326 3717 393 1032

485 432 835 501 providentia:
863 432 1225 501 tranquillitas
1254 432 1355 487 tria
1399 432 1757 501 pulcherrima
1808 436 1909 487 hoc
1950 435 2058 487 locn

2175 436 2524 504 διαφθαρῆναι
2562 435 2619 487 τὸ
2650 432 2786 497 ζῶον
2811 452 2824 465 ⁵
2861 434 3046 505 ἕτερον
3076 436 3153 498 δὲ,
3198 435 3257 488 τὸ
3296 438 3370 506 μή
3402 438 3716 508 ζημιωθῆναι

484 524 588 577 sibi
647 523 987 577 informanda
1050 526 1330 593 proposuit
1400 542 1412 577 :
1478 542 1639 577 unmu
1694 526 1939 594 quidem,
1998 543 2058 580 ne

2175 522 2255 575 τὸν
2305 523 2590 592 δεσπότην.
2645 524 2840 594 Τρίτον
2895 523 2984 587 δὲ,
3033 525 3094 577 τὸ
3152 528 3558 596 καταλλαγῆναι
3601 530 3716 599 πρὸς

485 624 671 682 pereat
707 616 946 682 animal;
997 617 1250 678 altermn,
1297 633 1363 671 ne
1403 627 1604 670 tantam
1651 618 1902 672 dominus
1947 619 2058 687 ejus

2175 615 2346 685 φιλίαν
2391 617 2514 678 τοὺς
2544 613 2788 683 ἐχθρούς.
2835 614 2893 667 '0
2925 616 3033 684 γὰρ
3066 615 3252 668 παθὼν
3300 612 3388 679 εὖ,
3441 618 3490 669 εί
3534 617 3620 669 καὶ
3648 619 3717 670 λί-

480 705 747 773 jactnratn
797 705 1003 772 faciat;
1054 709 1272 761 tertium
1316 707 1569 777 denique,
1618 719 1677 762 ut
1730 709 1930 762 inimici
1996 710 2049 762 in

2175 702 2275 756 θων
2306 703 2755 772 ὰναισθητότερος
2802 701 2908 772 εἴη,
2949 703 3241 757 σπουδάσει
3282 704 3614 772 ἀμείψασθαι
3641 707 3720 758 τὸν

486 797 713 866 gratiam
755 798 996 851 redeant.
1043 798 1143 863 Qui
1193 800 1337 851 enim
1380 799 1642 852 beneﬁcio
1694 798 1918 853 alfectns
1956 809 2058 863 est,

2175 792 2464 863 εὐεργέτην
2486 810 2500 823 ·
2533 795 2560 846 ὁ
2601 793 2657 846 δὲ
2688 793 2982 864 εὐεργέτην
3028 796 3487 866 ἐπιγραφόμενος,
3531 799 3625 850 οὐκ
3662 798 3721 851 ἄν

485 888 590 942 nisi
630 903 789 942 sensu
824 889 996 957 magis
1055 904 1214 957 quam
1262 889 1465 958 lapides
1507 890 1748 959 privatus
1794 891 1886 955 sit,
1929 892 1976 944 ei
2032 906 2058 944 a

2175 885 2341 955 δήπου
2389 884 2581 954 ἐχθρὸν
2626 884 2706 937 ἔτι
2753 889 2999 955 ὁριεῖται.
3047 888 3211 957 Ὁρᾷς
3255 888 3372 951 πῶς
3423 890 3456 958 ή
3506 888 3721 959 ἀρῤητος

484 992 591 1047 quo
620 978 940 1032 beneﬁcium
978 979 1269 1045 acceperit,
1304 995 1402 1049 par
1437 980 1550 1050 pari
1587 980 1787 1034 referre
1829 979 2062 1035 curabit.

2173 976 2333 1045 σοφία
2362 978 2499 1048 πρὸς
2543 977 2854 1047 ἀγαθότητα
2894 980 2988 1032 καὶ
3026 979 3437 1051 φιλανθρωπίαν
3471 980 3719 1051 βλέπουσα

483 1068 635 1121 Alter
664 1084 792 1123 vero
819 1069 1091 1122 beneﬁcus
1114 1072 1358 1131 audiens,
1393 1072 1668 1124 inimicum
1702 1086 1805 1124 non
1835 1071 2067 1138 amplius
2172 1069 2453 1140 νομοθετεῖ
2481 1069 2592 1139 (9);

484 1175 551 1215 eo
609 1162 824 1215 nomine
870 1160 1112 1214 deﬁniet.
1166 1158 1354 1218 Viden’
1420 1164 1511 1234 qui
1587 1163 1874 1219 inelfabilis
1953 1165 2042 1220 illa
2120 1166 2382 1237 sapientia
2440 1169 2504 1219 ad
2558 1166 2853 1219 bonitatem
2910 1174 2966 1220 et
3015 1165 3405 1221 humanitatem
3464 1166 3718 1223 collimatis

485 1254 630 1324 leges
657 1270 782 1309 snas
805 1254 939 1309 ferat
964 1257 988 1309 ?

729 1344 1416 1403 CCCXC.—LAMPETIO
1477 1347 1800 1405 DIACONO.

556 1457 669 1511 Etsi
700 1456 1044 1527 hyperbolice
1081 1458 1289 1513 dictum
1338 1475 1459 1513 esse
1504 1463 1721 1530 quidam
1776 1464 2060 1517 existima-

488 1548 592 1601 turi
628 1559 770 1612 snnt,
811 1548 861 1601 id
890 1551 1030 1619 quod
1071 1551 1315 1605 dicturus
1361 1568 1478 1604 sunt
1507 1558 1653 1623 (non
1682 1556 1826 1607 enim
1858 1570 1943 1608 me
1969 1554 2058 1607 fu-

484 1641 563 1707 git
590 1639 785 1693 multos
812 1642 999 1708 ignave
1055 1652 1219 1710 atque
1284 1643 1589 1699 eﬂ‘eminate
1626 1645 1844 1700 affectos
1867 1648 2062 1719 esse);

2464 1352 2562 1418 Tt,’
2600 1382 2670 1395 -
2702 1351 3065 1419 ΛΑΜΠΕΤΙῼ
3096 1350 3419 1420 ΔΙΑΚΟΝῼ.

2230 1468 2291 1520 Et
2348 1467 2443 1520 καὶ
2491 1466 2863 1537 ὑπερϐολικῶς
2907 1465 3155 1535 νομιοῦσί
3202 1483 3345 1527 τινες
3384 1465 3620 1535 εἰρῆσθαι
3657 1467 3712 1519 τὸ

2170 1558 2545 1630 ῥηθησόμενον
2577 1554 2716 1629 (οἴδα
2751 1558 2859 1628 γὰρ
2889 1556 3118 1619 πολλοὺς
3167 1556 3408 1624 ἀγεννῶς
3456 1559 3543 1609 καὶ
3573 1558 3717 1612 ἀνάνο

2167 1652 2309 1722 δρως
2340 1649 2452 1721 (10)
2497 1648 2898 1724 διακειμένους)
2948 1648 3059 1717 ἐγὼ
3088 1650 3189 1717 τήν
3230 1648 3467 1718 ἐμαυτοῦ
3516 1648 3717 1719 γνώμην

483 1744 584 1796 ego
613 1739 786 1782 tamen
845 1733 1166 1785 sententiam
1203 1749 1376 1786 mcatn
1419 1736 1615 1788 dicant.
1644 1736 1897 1790 Arbitror
1917 1741 2058 1791 enim

2175 1742 2383 1812 φράσω.
2428 1740 2704 1810 Ἡγοῦμαι
2742 1740 2871 1811 γὰρ,
2907 1735 3219 1802 εἶναίτινας
3254 1742 3381 1801 τοὺς
3413 1740 3717 1811 ἀποδεξομέ-

485 1821 771 1874 nonnullos
809 1823 946 1888 fore,
978 1825 1067 1892 qui
1121 1838 1242 1879 eam
1274 1827 1592 1894 approbent.
1627 1827 1777 1893 Quod
1819 1830 1861 1880 si
1895 1830 2057 1881 etiam

484 1928 643 1965 nemo
693 1916 1145 1981 eotttprobatnrus
1186 1916 1279 1979 sit,
1312 1918 1511 1971 veritas
1536 1917 1878 1986 praeferatur.
1906 1917 2047 1984 Quid

486 2003 649 2069 igitur
669 2013 751 2057 est
782 2005 921 2071 quod
955 2006 1136 2062 dicere
1195 2008 1357 2061 volo?
1390 2008 1635 2063 Breviter
1680 2012 2059 2077 exponendum

484 2103 586 2147 est.
618 2092 1059 2155 Libentius.cutn
1092 2098 1156 2151 de
1184 2100 1436 2157 omnibus
1454 2099 1589 2155 bene
1613 2100 1838 2154 meritus
1860 2115 2060 2164 essem,

488 2195 745 2253 tauquam
777 2187 867 2255 qui
904 2188 1096 2255 injuria
1155 2204 1346 2243 onmes
1393 2189 1719 2256 aﬂecissetit,
1748 2206 1938 2259 pcenas
1969 2192 2062 2245 da-

486 2292 602 2330 rem
634 2295 646 2330 :
677 2293 840 2346 quam
897 2294 1017 2332 cum
1048 2296 1212 2332 unum
1252 2282 1531 2347 husissem,
1565 2293 1821 2351 tanquam
1856 2283 1922 2337 de
1948 2298 2063 2335 om-

486 2369 645 2422 nibus
698 2371 836 2424 bene
898 2374 1146 2434 meritus,
1196 2390 1395 2428 corona
1452 2376 1685 2430 donarer
1742 2391 1805 2430 ac
1866 2376 2060 2445 praedi-

485 2476 664 2517 carer.

963 2551 1231 2607 CCCXCI.
1254 2583 1324 2593 --
1344 2552 1574 2609 EIDEM.

483 2638 552 2694 In
581 2639 711 2694 illud
732 2639 1119 2695 Denteronomii
1138 2644 1201 2695 de
1229 2643 1389 2695 stellis
1411 2644 1628 2707 dictum,
1650 2663 1666 2694 ι
1681 2643 1810 2707 Qua?
1826 2644 2060 2697 attribuit

649 2710 902 2764 Dominus
934 2711 1072 2765 Deus
1103 2724 1222 2764 tuus
1254 2714 1491 2765 omnibus
1523 2716 1757 2782 gentibus
1792 2716 1860 2767 “.
1891 2733 1910 2764 ι

554 2863 692 2931 Quid
722 2875 825 2926 est,
852 2864 1053 2932 inquis,
1095 2867 1234 2933 quod
1271 2866 1338 2920 de
1365 2866 1680 2920 coelestibus
1705 2867 2061 2925 luminaribus

485 2957 687 3010 dictum
716 2968 820 3018 est,
858 2974 878 3007 ‹
915 2956 1045 3021 Quae
1079 2956 1268 3009 tribuit
1301 2958 1560 3011 Dominus
1589 2957 1730 3011 Deus
1786 2968 1907 3014 tuus
1942 2976 2062 3014 out-

486 3050 647 3103 uibus
698 3047 1055 3101 nationibus?
1094 3067 1112 3099 ι
1156 3048 1293 3100 Audi
1326 3048 1508 3116 igitur.
1539 3048 1620 3101 Ad
1677 3050 1978 3105 doctrinam
2008 3061 2063 3104 et

485 3140 886 3193 institutionem
937 3154 1001 3192 ac
1027 3137 1388 3206 cognitionem
1417 3152 1478 3191 ea
1526 3139 1734 3205 tribuit,
1764 3152 1820 3192 nt
1857 3157 1924 3194 ex
1978 3155 2062 3194 re-

487 3245 609 3283 rum
639 3231 981 3283 conditarum
1038 3229 1407 3296 magnitudine
1459 3228 1710 3292 Creator,
1745 3231 1836 3297 qui
1888 3231 2063 3285 oculis

484 3324 635 3376 cerni
671 3336 775 3375 non
812 3331 1008 3389 potest,
1042 3322 1428 3390 conspiciatur.
1473 3320 1584 3375 Hoc
1632 3332 1812 3376 autem
1858 3323 2062 3377 idcirco

485 3413 643 3477 dixit,
685 3412 939 3479 quoniam
982 3411 1221 3465 Hebrmis
1250 3427 1353 3464 una
1395 3428 1517 3467 cum
1572 3428 1763 3465 rerum.
1786 3415 2063 3468 creatione

486 3504 621 3571 legis
646 3518 863 3573 quoque
887 3504 1134 3557 doctrina
1182 3504 1307 3557 data
1358 3516 1466 3567 est,
1500 3505 1777 3558 artiﬁcem
1798 3515 1851 3559 et
1880 3507 2059 3561 archi-

489 3605 685 3648 tectum
713 3593 1009 3664 praedicans
1059 3604 1111 3648 et
1139 3595 1544 3650 concelebrans.
1571 3596 1724 3662 Quod
1757 3596 1803 3650 si
1836 3598 2058 3665 quidam

488 3687 609 3739 ideo
636 3686 836 3738 tribttta
887 3700 949 3739 ea
997 3700 1119 3739 esse
1152 3694 1361 3752 putent,
1392 3698 1450 3739 ut
1501 3688 1633 3755 ipsis
1689 3688 2058 3741 adorationeiu

489 3776 817 3840 adhibeant,
878 3776 1147 3829 inscitiam
1222 3791 1375 3829 suam
1440 3777 1721 3845 perspicue
1780 3779 2056 3845 produnt:

487 3867 688 3935 quippe
717 3882 839 3921 cum
877 3867 1130 3921 universa
1168 3867 1450 3937 Scriptura
1482 3883 1639 3921 sacra
1682 3884 1798 3933 eos,
1835 3871 1924 3936 qui
1958 3869 2059 3923 hoc

489 3960 671 4014 facere
726 3960 844 4014 ausi
896 3969 1043 4025 sunt,
1074 3971 1320 4025 accuset,
1346 3970 1510 4029 atque
1563 3961 1829 4015 acerrime
1877 3976 2060 4030 repre-

488 4052 707 4106 hendat.

591 4140 758 4213 406
785 4140 1073 4198 CCCXC".
1091 4140 1458 4195 —HIERAC|
1516 4140 1952 4196 CLARISSIMO.

559 4232 678 4288 Non
709 4250 957 4300 parvum,
988 4234 1072 4287 vir
1134 4234 1361 4302 optime,
1387 4248 1576 4287 verum
1633 4244 1894 4302 quantum
1949 4248 2061 4287 tua-

487 4325 695 4380 xitnum
726 4325 811 4378 edi
870 4335 1068 4394 potest,
1122 4327 1343 4380 virtutis
1382 4326 1639 4379 indicium
1692 4326 1938 4387 exhibes,
1967 4325 2056 4392 qui

2162 1850 2287 1893 νους
2317 1848 2330 1862 ο
2364 1834 2411 1884 εί
2439 1831 2494 1884 δὲ
2527 1833 2621 1885 καὶ
2648 1831 2837 1901 μηδεὶς
2860 1831 3195 1896 ἀποδέξοιτο,
3226 1832 3258 1900 ή
3287 1830 3512 1900 ἀλήθεια
3540 1849 3717 1901 προκε-

2162 1923 2393 1991 κρίσθω.
2432 1924 2498 1975 Τί
2526 1919 2619 1975 οὖν
2643 1924 2792 1975 ἐστιν
2822 1922 2849 1974 ὃ
2879 1921 3141 1991 βούλομαι
3177 1923 3419 1991 φράσαι;
3456 1924 3717 1993 Συντόμως

2160 2014 2399 2066 λεκτέον.
2443 2013 2676 2065 ’Ἥδιστα
2720 2012 2786 2065 ἂν
2825 2012 2935 2081 (Η)
2990 2012 3198 2075 πάντας
3233 2014 3607 2083 εὐεργετήσας,
3647 2016 3716 2076 ὡς

2162 2107 2372 2168 πάντας
2415 2104 2701 2175 ἀδικήσας,
2727 2104 2874 2175 δοίην
2912 2104 3088 2173 δίκην,
3123 2104 3155 2173 ἢ
3186 2104 3449 2174 ἀδικήσας
3478 2106 3609 2167 τινά,
3647 2106 3715 2167 ὡς

2164 2199 2376 2260 πάντας
2428 2196 2833 2267 εὐεργετήσας,
2889 2196 3296 2267 στεφανωθείην
3346 2199 3439 2250 καὶ
3492 2199 3715 2266 ἀναῤῥη-

2164 2291 2333 2361 θείην.

2632 2556 2794 2621 ΤιιΑν.
2832 2582 2902 2596 -
2940 2553 3026 2624 Tn
3062 2552 3262 2622 ΑΥΊᾨ-

2167 2647 2278 2703 Τοῦ
2324 2647 2804 2714 Δευτερονομίου.
2844 2646 2949 2709 Εἰς
2986 2643 3050 2696 τὸ
3102 2640 3419 2714 εἰρημένον
3449 2642 3571 2705 περὶ
3606 2637 3715 2714 τῷν

2231 2717 2519 2783 ἀστέρων,
2548 2735 2566 2766 ι
2584 2713 2650 2769 Ἃ
2670 2716 2954 2783 ἀπένειμε
2975 2714 3191 2781 Κύριος
3224 2715 3256 2764 o'
3276 2713 3421 2775 Θεός
3449 2727 3555 2761 σου
3578 2713 3713 2761 πάσι

2235 2787 2358 2851 τοῖς
2394 2787 2631 2838 ἔθνεσιν
2644 2827 2655 2839 .
2699 2805 2717 2836 ι

2231 2875 2295 2925 Τί
2327 2876 2498 2933 ἐστιν,
2531 2871 2688 2939 έφης,
2718 2870 2780 2922 τὸ
2824 2872 2955 2941 περὶ
2986 2869 3095 2921 τῶν
3123 2866 3393 2937 οὐρανίων
3436 2864 3713 2933 φωστήρων

2164 2963 2479 3033 εἰρημένον,
2517 2980 2535 3011 t
2586 2962 2655 3012 “A
2685 2960 2949 3029 ἀπένειμε
2986 2960 3189 3027 Κύριος
3228 2956 3257 3006 ὁ
3298 2956 3431 3017 Θεός
3475 2972 3559 3006 σου
3595 2954 3711 3004 πᾶσι

2164 3058 2275 3117 τοῖς
2318 3053 2561 3117 έθνεσινς
2624 3070 2642 3103 ι
2688 3051 2888 3104 Ἀκουε
2920 3050 3121 3109 τοίνυν,
3162 3048 3425 3116 ἀπένειμε
3474 3046 3601 3115 πρὸς
3644 3044 3714 3095 δι-

2163 3140 2477 3202 δασκαλίαν,
2524 3137 2662 3206 πρὸς
2691 3137 2999 3201 παίδευσιν,
3035 3137 3173 3207 πρὸς
3210 3137 3435 3204 γνῶσιν,
3464 3135 3524 3186 ἵν’
3552 3136 3612 3186 ὲκ
3629 3134 3712 3185 τοῦ

2166 3230 2450 3300 μεγέθους,
2481 3230 2577 3281 καὶ
2617 3228 2717 3297 τῆς
2745 3227 3012 3297 καλλονῆς
3044 3228 3151 3279 τῶν
3196 3227 3504 3296 κτισμάτων
3530 3226 3557 3277 ὀ
3581 3241 3715 3293 γενε-

2166 3324 2437 3390 σιουργὸς,
2484 3322 2715 3390 ἀόρατος
2748 3318 2845 3384 ὣν,
2907 3318 3204 3392 θεωρῆται.
3265 3317 3437 3370 Τοῦτο
3488 3318 3541 3370 δὲ
3598 3317 3709 3385 ἔφη,

2165 3411 2352 3481 ἐπειδὴ
2390 3414 2503 3473 τοῖς
2545 3410 2822 3479 Ἑϐραίοις
2865 3409 3005 3479 μετά
3031 3409 3132 3477 τῆς
3162 3408 3395 3471 κτίσεως
3424 3407 3514 3460 καὶ
3556 3409 3586 3476 ή
3626 3405 3710 3458 τοῦ

2163 3502 2326 3572 νόμου
2348 3501 2663 3555 διδασκαλία
2690 3500 2868 3569 ἐδόθη,
2893 3501 3345 3569 ἀνακηρύττουσα
3368 3499 3456 3550 τὸν
3476 3498 3713 3567 δημιουρ-

2162 3594 2259 3662 γὸν
2298 3593 2393 3645 καὶ
2423 3592 2696 3661 τεχνίτην.
2728 3591 2793 3642 Εἰ
2812 3590 2870 3642 δέ
2895 3608 3041 3653 τινες
3072 3590 3275 3642 οἴονται
3298 3588 3713 3657 ἀπονενεμῆσθαι

2163 3686 2300 3754 πρὸς
2334 3685 2395 3737 τὸ
2431 3684 2811 3755 προσκυνῆσαι
2853 3684 3060 3746 αὐτοῖς,
3100 3682 3374 3751 λαμπρῶς
3405 3682 3498 3751 τὴν
3526 3680 3714 3731 οἰκείαν

2161 3775 2519 3831 ἀπαιδευσίαν
2579 3775 2954 3845 στηλιιτεύουσι
3008 3773 3152 3843 (l2),
3208 3774 3393 3842 πάσης
3443 3772 3538 3841 τῆς
3576 3771 3713 3839 ἱερᾶς

2160 3867 2383 3937 Γραφῆς
2414 3865 2768 3935 αἰτιωμένης,
2793 3864 2889 3917 καὶ
2916 3862 3302 3932 καταφορικῶς
3324 3860 3713 3932 κατηγορούσης

2160 3959 2268 4011 τῶν
2306 3956 2467 4011 τοῦτο
2496 3956 2723 4025 ποιῆσαι
2754 3954 3165 4025 τολμησάντων.

2397 4142 2556 4209 Tur.
2603 4171 2672 4180 —
2712 4141 2946 4194 IEPAKI
2981 4138 3477 4207 ΛΑΜΠΡΟΤΑΤῼ.

2244 4233 2470 4303 Ἀρετῆς
2497 4233 2719 4302 σημεῖον
2752 4232 2812 4283 οὐ
2840 4231 3056 4300 μικρὸν,
3082 4225 3126 4283 ὦ
3155 4231 3366 4301 ἄριστε,
3398 4228 3510 4280 ἀλλ’
3531 4226 3601 4289 ὣς
3628 4224 3713 4276 δυο

2163 4324 2322 4377 νατὸν
2375 4325 2470 4377 καὶ
2516 4324 2772 4393 μέγιστον
2820 4323 3093 4393 ἐκφέρεις,
3144 4319 3526 4391 προῃρημένος
3570 4316 3717 4380 δόξαν

489 4416 684 4470 bonam
721 4416 896 4483 potius
918 4415 1112 4469 famam
1142 4416 1416 4483 colligere,
1435 4432 1595 4486 quam
1632 4417 1879 4485 ingentes
1923 4431 2054 4484 Opes

2175 4416 2329 4486 ιαλὴν
2368 4413 2672 4485 κτήσασθαι
2720 4414 2919 4484 μᾶλλον
2949 4413 2982 4483 ἥ
3029 4413 3255 4466 πλοῦτον
3288 4412 3461 4483 μέγαν
3494 4425 3717 4475 συναγα-

489 4507 771 4562 cumulare
807 4510 859 4563 in
902 4512 1141 4564 animum
1168 4509 1470 4563 induxeris.
1503 4507 1864 4574 Quamobrem
1910 4509 1955 4560 si
2000 4508 2053 4561 in

2161 4508 2277 4572 γεῖν
2302 4504 2435 4572 (15).
2469 4503 2633 4555 Ὥστε
2660 4504 2725 4556 ἂν
2766 4502 3032 4574 ἐμμείνης
3071 4503 3243 4571 ταύτῃ
3284 4504 3350 4571 τῇ
3391 4499 3600 4569 γνώμῃ,
3627 4496 3719 4548 οὐκ

491 4603 594 4657 hac
615 4603 881 4657 sententia
917 4602 1246 4671 perstiteris,
1282 4617 1386 4654 non
1418 4600 1651 4655 defuturi
1705 4611 1851 4665 sunt,
1889 4600 1980 4668 qui
2013 4610 2058 4652 te

2175 4598 2458 4667 Ιιπορήσεις
2487 4594 2597 4649 τῶν
2626 4595 3145 4665 ὲγκωμιασομένων,
3180 4594 3279 4647 καὶ
3308 4593 3476 4646 πᾶσιν
3515 4587 3718 4657 ἀνθρώ·

490 4693 743 4749 laudibus
786 4696 1006 4757 vehant,
1047 4709 1111 4748 ac
1156 4693 1497 4764 prudentiam
1559 4702 1708 4747 tuam
1761 4693 1828 4746 ad
1878 4706 2058 4746 omnes

2175 4706 2290 4753 ποις
2321 4688 2421 4759 τὴν
2454 4688 2552 4760 σὴν
2580 4688 2844 4761 φρόνησιν
2866 4687 3107 4757 ἀγόντων
3138 4685 3272 4757 (ﬂ).

491 4784 749 4841 mortales
785 4784 1079 4853 perferant.

562 4938 608 4972 “
633 4939 790 4994 Deut.
822 4954 895 5002 tv,
927 4937 1012 4994 t9.

1584 5045 1821 5116 VABIIE
1860 5043 2242 5101 LECTIONES
2276 5044 2367 5099 ΕΤ
2402 5043 2636 5100 ΝΟΤΑΞ.

567 5212 640 5281 (9)
686 5211 886 5266 Confer
922 5212 1078 5280 epist.
1114 5210 1218 5264 M0
1255 5208 1392 5264 infra
1433 5209 1591 5281 hujus
1626 5207 1746 5281 libri
1786 5218 1841 5281 et
1869 5206 2056 5263 Philo-

492 5279 650 5347 nei‘n';
691 5286 819 5339 item
862 5279 1149 5352 Augustin.
1182 5298 1345 5337 serm.
1388 5279 1489 5333 168
1536 5291 1589 5333 et
1635 5279 1742 5331 254
1788 5279 1863 5332 De
1893 5288 2048 5348 temp.

491 5355 673 5493 BI{116)
718 5424 821 5479 l’ro
851 5423 1125 5493 ἀνάνδρως
1153 5421 1274 5477 cod.
1318 5418 1442 5475 Yat.
1490 5420 1595 5474 650
1621 5419 1809 5473 scribit
1838 5417 2057 5488 ἄνδρας

489 5496 950 5636 Ρυ(818;ῗ’“Ηδιστα
981 5563 1077 5616 ἂν.
1118 5561 1301 5625 Forte,
1345 5560 1498 5636 ἥδιον.
1522 5559 1607 5636 ἄν.
1659 5557 1714 5611 In
1752 5556 2056 5636 huiusmodi

490 5627 634 5689 enim
659 5627 1154 5703 comparationibus
1186 5648 1289 5686 non
1324 5627 1649 5703 superlativo
1673 5666 1687 5690 ,
1715 5627 1809 5681 sed
1836 5642 2057 5703 compa-

491 5707 665 5759 rativo
688 5696 836 5761 locus
862 5714 961 5761 est.
992 5705 1075 5760 Ad
1109 5718 1221 5759 rem
1251 5696 1404 5772 quod'
1431 5702 1643 5766 attinet,
1675 5714 1780 5752 non
1809 5696 2060 5753 absimile

2164 5219 2243 5261 est
2271 5208 2396 5280 huic
2422 5209 2603 5261 lsidori
2631 5210 2907 5280 sententia!
2936 5209 3150 5277 (melius
3171 5224 3312 5273 esse,
3348 5220 3409 5263 ut
3439 5209 3562 5280 quis
3593 5211 3720 5264 bene

2168 5282 2234 5331 de
2257 5279 2503 5331 omnibus
2552 5279 2777 5332 meritus
2812 5279 2995 5347 inique
3025 5280 3310 5347 plectatur,
3337 5279 3499 5348 quam
3537 5282 3721 5335 imme-

2166 5362 2292 5400 rens
2318 5359 2477 5415 atque
2499 5348 2745 5417 indignus
2769 5349 2987 5416 prtemio
3026 5348 3307 5417 afﬁciatur)
3333 5351 3456 5404 illud
3489 5350 3723 5403 Platonis

2167 5420 2470 5482 paradoxon
2502 5435 2523 5489 :7
2551 5416 2816 5489 Priestare
2848 5419 3024 5489 puniri
3051 5418 3121 5473 ob
3156 5431 3375 5475 peccata
3398 5460 3414 5487 ,
3439 5435 3603 5489 quam
3630 5421 3723 5473 im-

2167 5488 2413 5553 punitum
2443 5488 2611 5541 abire.
2648 5486 2815 5541 Rt'r'r.

2226 5555 2338 5623 (ίὲ)
2367 5555 2569 5609 Contra
2604 5559 2741 5611 tales
2771 5556 3008 5624 graviter
3031 5568 3391 5613 conctouatur
3412 5557 3526 5617 Leo
3552 5559 3623 5614 Il.
3657 5557 3726 5613 lo.

2225 5627 2335 5695 (13)
2368 5625 2486 5681 Vid.
2518 5624 2566 5679 J.
2601 5624 2897 5691 Stohaaum,
2929 5642 3094 5681 serm.
3123 5627 3248 5682 164.
3279 5629 3353 5683 In.

2226 5697 2338 5769 (ll)
2362 5697 2495 5754 Cod.
2530 5696 2651 5752 Vat.
2684 5696 2788 5754 650
2814 5697 3076 5767 ᾀσόντων.
3104 5695 3264 5754 Poss.
