3894 6412
136 383 243 449 1033
892 371 1425 434 EPISTOLARUM
1460 370 1607 431 LIB.
1646 360 1871 430 ΙῙῙ.’·-
1906 364 2144 427 EPIST.
2180 365 2508 426 CCCXCIV.
3198 358 3333 422 103i

381 485 537 554 TlJ‘.
574 513 643 526 —
673 480 1005 553 ΔΡΠΟΚΡᾼ
1041 478 1337 550 ΣΟΦΙΣΤῌ
1688 484 1737 537 Α
1922 465 2733 529 CCCXClll.—HARPOCRE
2783 464 3170 525 SOPHISTE.

186 628 242 684 Ol
273 624 361 689 τὰς
382 621 488 677 τῶν
514 620 687 689 λόγων
732 616 990 688 δυνάμεις
1023 615 1542 687 ἀποδοκιμάζοντες,
1596 613 1658 666 οὺ

1832 606 1933 675 Qui
1958 608 2225 664 sermonis
2258 605 2565 661 facultatem
2617 603 2949 672 improbant,
2978 619 3086 657 non
3116 613 3201 659 est
3236 606 3336 658 ob-

134 718 411 774 λανθάνουσι
445 713 507 766 τὸ
535 712 636 783 τῆς
668 710 876 773 οἰκείας
904 705 1131 776 ἀλογίας
1164 706 1366 770 δνειδος
1408 707 1502 759 ἐπὶ
1525 704 1661 758 ταὺ-

1797 712 1979 754 curum
2004 697 2132 765 quin
2194 694 2422 751 inscitia:
2467 709 2580 749 sua:
2629 692 2955 748 acint‘antize
2985 696 3242 763 probrum
3282 692 3335 747 in

137 828 214 875 τας
237 807 549 882 μεταφέρειν
563 803 893 874 τολμῶντες.
918 801 985 854 Ol
1006 800 1062 854 δὲ
1093 799 1299 863 ταύτας
1321 797 1662 868 ἀποδεχόμε-

1798 805 1881 843 am
1928 787 2177 844 derivare
2223 787 2480 841 audeant.
2528 785 2632 851 Qui
2680 794 2861 839 autem
2916 798 3039 838 eam
3084 783 3336 853 probant,

137 921 198 957 νοι
225 875 329 972 μὲν,
354 875 477 952 ὅταν
496 899 563 967 τῇ
593 893 821 965 ἀληθείᾳ
844 891 1316 961 συναγωνίζοιντο,
1342 891 1665 955 κακίζοντες

1802 895 1886 934 nm
1922 878 2168 933 veritatis
2218 877 2585 948 patrocinium
2617 875 2864 943 suscipit,
2902 875 3211 944 vituperant
3239 889 3340 927 au-

132 995 179 1048 δὲ
201 964 310 1047 ὅταν
337 992 401 1059 τῇ
446 964 617 1057 κακίᾳ
648 964 1054 1057 συμπράττοιεν
1073 999 1087 1016 ο
1116 976 1267 1037 οὗτοι
1299 984 1395 1036 καὶ
1438 981 1537 1053 τὴν
1566 982 1664 1053 τῆς

1800 987 1894 1036 3m,
1924 984 2050 1025 cum
2106 967 2436 1039 improbitati
2499 979 2720 1036 Operam
2770 974 2953 1030 navat,
2992 964 3046 1020 hi
3086 966 3338 1019 nimirum

136 1084 509 1156 ἀνθρωπότητος
539 1078 824 1147 εὐγένειαν
856 1077 1058 1141 ίσασιν,
1081 1075 1165 1129 ὃτι
1182 1074 1327 1145 λόγῳ
1353 1074 1663 1144 τετίμηται,

1803 1072 1820 1117 t
1856 1063 2107 1118 humana
2164 1067 2374 1115 naturae
2420 1058 2785 1122 nobilitatem,
2819 1067 2879 1111 ut
2929 1073 3050 1127 qua:
3086 1070 3341 1111 sermone

138 1149 320 1245 καὶ-τὴν
346 1149 440 1243 τῆς
471 1165 809 1239 κακουργίας
843 1165 953 1220 τῶν
993 1165 1096 1219 οὐκ
1125 1163 1303 1237 ὀρθῶς
1335 1166 1449 1228 τοῖς
1487 1163 1669 1232 λόγοις

1811 1161 1967 1209 onata
1992 1151 2085 1218 sit,
2113 1151 2386 1221 cognitam
2440 1160 2604 1220 atque
2663 1157 3003 1219 perspectam
3035 1149 3261 1213 habent,
3291 1157 3349 1203 et

138 1241 515 1339 χρωμέωνήοὺκ
544 1258 803 1329 ἀγνοοῦσι
838 1257 1159 1329 σκαιότητα.

1811 1244 2119 1315 talignitatis
2143 1258 2331 1298 eorum
2365 1243 2457 1312 qui
2489 1241 2834 1297 sermonibus
2865 1255 2972 1296 non
3004 1249 3153 1296 recte
3182 1250 3349 1294 utun-

1773 1346 1880 1401 tur,
1906 1335 2293 1392 absurditatem
2329 1333 2750 1403 haudquaquam
2790 1332 3060 1401 ignorant.

312 1466 465 1534 ΤιιΔκ
503 1494 571 1506 -
598 1460 905 1530 ΔΩΡΟΘΕῼ
942 1456 1438 1526 ΛΔΜΙΙΡΟΤΔΤῼ.

1912 1462 2227 1519 CCCXCIV.
2241 1491 2310 1502 -
2326 1460 2703 1518 DOROTHEO
2760 1459 3205 1517 CLARISSIMO.

202 1604 451 1662 ’Δπιστεῖν
483 1601 585 1673 μέν
612 1617 693 1653 σοι
724 1573 824 1652 οὐκ
859 1595 968 1666 ἔχω
987 1612 1000 1626 ·
1035 1592 1291 1664 παραινῶ
1322 1592 1381 1645 δὲ
1407 1592 1485 1663 μὴ
1508 1606 1673 1644 σκαν-

1848 1598 2036 1655 Fidem
2090 1598 2343 1668 equidem
2399 1597 2495 1652 tibi
2547 1598 2812 1665 abrogare
2866 1610 3113 1667 nequeo,
3162 1609 3348 1651 verum

137 1696 428 1762 δαλίζεσθαι,
464 1693 581 1748 ἀλλ’
621 1690 916 1761 ἀναμένειν
970 1686 1069 1759 τὴν
1119 1686 1419 1740 ἀδέκαστον
1469 1682 1672 1754 κρίσιν.

1813 1694 1907 1748 ,lud
1941 1700 1994 1747 te
2026 1705 2240 1755 moneo,
2272 1698 2331 1744 ut
2360 1703 2427 1745 ne
2469 1687 2785 1753 oﬂendaris,
2828 1689 2923 1743 sed
2969 1690 3351 1758 incorruptum

143 1791 229 1846 Καὶ
251 1787 347 1858 γὰρ
388 1782 726 1855 παραινέσας
769 1778 1020 1845 τοιαῦτα,
1051 1778 1147 1831 καὶ
1178 1776 1336 1832 ἄλλον
1382 1774 1553 1845 ἄνδρα
1589 1790 1677 1843 μι-

1815 1784 2037 1840 ndicium
2102 1790 2405 1851 exspectes.
2468 1780 2603 1834 Nam
2655 1782 2819 1835 etiam
2892 1794 2989 1850 per
3044 1778 3353 1848 huiusmodi

148 1882 403 1950 σοπόνηρον
441 1874 753 1938 ἀνέστειλα,
792 1871 970 1927 ταύτά
1013 1886 1097 1923 σοι
1127 1869 1413 1938 φράσαντα
1441 1865 1534 1919 καὶ
1574 1880 1678 1917 κα-

1815 1875 2204 1931 dmonitionem
2231 1872 2396 1928 alium
2428 1873 2717 1941 quemdam
2741 1872 2915 1925 virum
2974 1872 3353 1940 improborum

142 1969 617 2045 ταρρητορεύσαντα
648 1963 842 2035 αὐτὴν,
875 1963 969 2016 καὶ
989 1962 1243 2033 φήσαντα
1268 1976 1281 1991 ο
1312 1958 1375 2013 Οί
1409 1957 1506 2028 μὲν
1537 1956 1676 2010 ἀπό-

1818 1967 1905 2021 dio
1928 1964 2264 2034 ﬂagrantem,
2292 1962 2545 2033 repressi,
2569 1962 2662 2031 qui
2690 1961 2899 2024 eadem,
2932 1976 3049 2026 quae
3081 1970 3135 2015 tu
3167 1960 3356 2029 loque—

148 2065 312 2125 στολοι,
344 2062 435 2115 ἆτε
455 2058 535 2130 τῷ
562 2058 695 2127 θείῳ
723 2053 1004 2124 Πνεύματι
1026 2051 1429 2120 σεσοφισμένοι,
1461 2049 1558 2103 καὶ
1582 2048 1679 2113 τὴν

1821 2068 1963 2119 atur,
1998 2066 2161 2125 atque
2198 2056 2462 2110 adversus
2519 2053 2648 2107 illud
2679 2052 3037 2118 declamabat,
3066 2053 3357 2121 verbisque

156 2152 458 2223 Ἐκκλησίαν,
498 2149 581 2213 ὡς
607 2147 936 2216 δεσποτικὴν
974 2144 1195 2215 νύμφην
1227 2142 1371 2195 οὓτω
1391 2141 1682 2211 διεκόσμη-

1825 2148 2096 2218 ujusmodi
2164 2148 2470 2202 utebatur:
2509 2145 2736 2214 aposmli
2804 2144 3042 2215 quidem,
3106 2154 3291 2213 utpote
3326 2157 3358 2196 a

147 2264 243 2309 σαν,
269 2246 338 2308 ὠς
363 2244 500 2314 μήτε
538 2240 650 2293 τῶν
688 2238 948 2310 χειρόνων
988 2237 1128 2305 αὐτῇ
1169 2234 1336 2306 μηδὲν
1366 2232 1679 2303 διενοχλεῖν,

1822 2243 1968 2296 irino
2012 2241 2218 2310 Spiritu
2252 2239 2529 2309 sapienter
2572 2237 2855 2302 instructi,
2890 2235 3187 2292 Ecclesiam
3218 2250 3360 2305 quo-

146 2340 247 2410 μήτ’
275 2333 404 2389 εἷναί
423 2353 476 2388 τι
510 2332 757 2395 κάλλιον,
790 2329 817 2383 δ
846 2329 952 2400 χρὴ
974 2326 1052 2397 τῷ
1078 2324 1269 2398 θεσμῷ
1290 2324 1680 2397 προστεθῆναι.

1822 2350 1888 2389 ue
1921 2345 1979 2389 ut
2000 2333 2209 2388 Domini
2240 2347 2493 2401 sponsam
2518 2331 2593 2385 ita
2614 2338 2976 2396 exornarunt,
3002 2340 3060 2383 ut
3091 2343 3192 2384 nec
3226 2327 3360 2383 mali

148 2429 273 2492 Τινὲς
310 2427 363 2480 δὲ
404 2425 512 2478 τῶν
561 2421 662 2477 νῦν
700 2420 794 2474 τὸν
840 2416 1221 2473 διδασκαλικὸν
1266 2416 1366 2469 οὐκ
1409 2410 1506 2469 οἵδ’
1537 2417 1684 2478 ὅπως

1825 2426 2078 2495 uidquam
2105 2424 2205 2493 ipsi
2242 2423 2547 2477 molestiam
2599 2422 2903 2486 exhiberet,
2934 2435 3034 2476 nec
3061 2421 3356 2489 quidquam

150 2517 640 2588 ὲμπεπιστευμὲνων
683 2511 896 2583 θρόνον,
918 2509 1159 2579 τολμῶσι
1184 2505 1547 2577 νεωτερίζειν,
1590 2507 1685 2560 καὶ

1824 2515 1978 2570 telius
2008 2524 2172 2581 esset,
2206 2516 2349 2583 quod
2382 2513 2450 2567 ad
2490 2514 2659 2582 ipsius
2682 2522 2934 2567 ornatum
2970 2512 3185 2581 adiungi
3236 2525 3362 2581 pos-

152 2608 224 2660 τδν
249 2605 365 2678 παρ’
384 2604 611 2658 ἐκείνων
627 2600 872 2671 κοσμίως
897 2598 992 2652 καὶ
1017 2597 1255 2661 εὐσεϐῶς
1287 2595 1687 2667 θεμελιωθέντα

1827 2613 1897 2657 et.
1940 2604 2011 2657 At
2040 2602 2281 2657 nonnulli
2311 2618 2378 2656 ex
2426 2601 2535 2667 his,
2562 2602 2758 2671 quibus
2787 2616 2931 2657 nunc
2976 2601 3274 2671 magisterii
3299 2613 3365 2655 ac

155 2697 316 2769 θεσμὸν
344 2694 737 2766 ἀτιμάσαντες,
771 2691 842 2746 τά
866 2692 1043 2769 οἰκεῖα
1095 2689 1471 2761 προκρίνουσι,
1504 2688 1599 2741 τὸν
1627 2684 1689 2751 ἐξ

1829 2695 2054 2750 οοιιίιιω
2115 2695 2344 2750 thronus
2389 2694 2532 2749 haud
2569 2694 2683 2747 scio
2732 2707 2968 2762 quonam
3002 2703 3161 2763 pacto
3217 2706 3367 2748 com-

150 2766 291 2857 ἀρχῆς
315 2787 513 2855 κόσμον
539 2783 892 2854 ἀτιμότερον,
916 2780 985 2834 δι’
1014 2766 1089 2834 ὧν
1122 2780 1336 2834 ποιοῦσι
1352 2778 1686 2851 νομίζοντες.

1827 2787 1991 2842 tissus
2024 2795 2127 2851 est,
2157 2801 2244 2840 res
2288 2800 2456 2841 novas
2507 2784 2685 2839 moliri
2729 2785 2951 2847 audent,
2982 2799 3049 2839 ac
3072 2784 3241 2854 legem
3267 2785 3365 2838 bo-

156 2882 247 2934 Ἵνα
260 2880 357 2951 γὰρ
375 2880 440 2933 τά
470 2876 613 2932 ἄλλα
636 2876 820 2947 παρῶ,
844 2874 903 2927 ἓν
931 2876 1009 2937 εἰς
1034 2873 1062 2926 δ
1092 2872 1274 2927 πάντα
1318 2872 1485 2925 τείνει
1515 2869 1685 2935 λόξωο

1828 2888 1945 2934 este
1968 2878 2162 2947 pieque
2187 2877 2256 2932 ab
2288 2876 2396 2931 illis
2431 2874 2710 2932 fundatam
2738 2890 2836 2945 pro
2875 2875 3043 2930 nihilo
3081 2875 3362 2941 ducentes,

151 2972 309 3042 ἐκείνῳ
345 2971 448 3042 γὰρ
490 2968 608 3040 (15)
640 2967 719 3038 τῷ
740 2966 1021 3037 χρήμασιν
1042 2962 1357 3032 ὠνήσασθαι
1387 2961 1689 3033 προσδοκή-

1826 2985 1889 3025 ua
1933 2970 2240 3041 proferunt,
2297 2980 2535 3024 veterem
2590 2967 2802 3023 scilicet
2851 2976 3125 3032 ornatum,
3155 2982 3251 3037 per
3299 2982 3364 3020 ea

153 3081 278 3117 σαντι
302 3065 393 3135 τὴν
416 3059 789 3131 ἀποστολικὴν
816 3058 993 3125 ἀξίαν,
1019 3055 1439 3126 ὲπιπληξάντων
1469 3056 1563 3109 καὶ
1589 3071 1691 3124 φη-

1834 3077 1913 3116 uae
1962 3070 2148 3131 agunt,
2200 3060 2444 3116 viliorem
2518 3069 2683 3130 atque
2732 3060 3186 3130 contemptioretn
3248 3074 3372 3115 esse

156 3157 351 3221 σάντων,
380 3173 399 3207 ι
423 3155 495 3207 Τὸ
512 3150 784 3224 ἀργύριόν
815 3167 908 3203 σου
941 3151 1038 3203 σὺν
1066 3149 1149 3203 σοὶ
1168 3148 1256 3220 εἴη
1278 3149 1360 3212 είς
1391 3146 1689 3213 ἀπώλειαν,

1831 3155 2115 3209 idicantes.
2156 3152 2225 3207 Et
2290 3162 2350 3209 ut
2401 3153 2506 3208 alia
2563 3153 2810 3223 exempla
2863 3154 3142 3216 omittam.
3202 3166 3369 3206 unum

152 3247 218 3299 ὅτι
254 3246 342 3317 τὴν
376 3243 591 3315 δωρεὰν
628 3241 725 3301 τοῦ
768 3240 903 3294 Θεοῦ
937 3237 1197 3310 ἐνόμισας
1248 3236 1337 3291 διά
1394 3234 1690 3307 χρημάτων

1832 3244 2237 3301 umtnemorabo
2296 3242 2441 3313 quod
2500 3244 2683 3297 omnia
2758 3243 3188 3311 comprehendit.
3234 3239 3370 3294 Nam

156 3335 371 3404 κτᾶσθαι,
396 3336 496 3390 οὐκ
528 3334 653 3387 ἐστι
679 3350 762 3386 σοι
788 3331 945 3403 μερὶς
976 3330 1101 3384 οὔτε
1124 3329 1329 3402 κλῆρος
1356 3329 1415 3381 ὲν
1438 3328 1517 3398 τῷ
1550 3327 1694 3396 λόγῳ

1836 3354 1924 3393 um
1954 3337 2043 3394 ille
2086 3339 2177 3407 qui
2232 3336 2586 3408 apostolicam
2634 3336 2956 3406 dignitatem
3008 3334 3236 3403 pecunia
3258 3348 3373 3389 etn-

155 3428 331 3499 τούτῳ’
371 3446 387 3479 ι
422 3422 572 3483 οὗτοι
592 3424 802 3487 τούτοις
834 3423 1069 3493 μάλιστα
1106 3422 1219 3482 τοῖς
1267 3418 1566 3491 ίερωσύνην
1610 3419 1693 3469 ὲν·-

1832 3438 2016 3487 turum
2046 3445 2107 3485 se
2144 3441 2485 3501 speraverat,
2536 3429 2856 3500 obiurgatus
2889 3429 3051 3483 fuerit
3084 3442 3149 3483 ac
3178 3427 3370 3482 audie-

158 3521 413 3590 εχείρισαν,
437 3521 554 3581 τοῖς
577 3515 768 3587 ῶσπερ
788 3514 847 3581 ἐξ
872 3515 1078 3585 ἀγορᾶς
1100 3512 1270 3583 αὐτὴν
1290 3510 1692 3582 ὠνησαμένοις.

1836 3526 1897 3589 it,
1933 3544 1953 3577 ι
1992 3523 2227 3579 Pecunia
2256 3533 2345 3578 tua
2373 3530 2552 3578 tecum
2608 3522 2681 3576 sit
2732 3521 2788 3576 in
2821 3521 3201 3591 perditionem,
3236 3532 3374 3589 quo-

160 3613 249 3666 Καὶ
271 3613 324 3665 οὐ
354 3610 509 3664 τοῦτό
532 3626 624 3661 πω
646 3607 842 3670 δεινὸν,
868 3604 1070 3676 καίπερ
1097 3603 1157 3658 ὃν
1178 3602 1352 3657 δεινόν
1371 3618 1385 3632 ⁸
1419 3600 1559 3656 ἀλλά
1599 3600 1695 3655 καὶΙ

1831 3615 1949 3671 tiam
2006 3616 2203 3670 donum
2258 3614 2353 3669 Dei
2396 3613 2720 3669 existimasti
2780 3612 3010 3682 pecunia
3064 3608 3369 3682 possideri:

161 3703 315 3774 μεῖζον
347 3702 639 3776 φρονοῦσιν
664 3699 758 3752 ἐπὶ
794 3697 970 3769 τούτῳ
995 3699 1030 3769 ἢ
1059 3698 1239 3768 ἒτεροι
1273 3696 1365 3749 ἐπὶ
1400 3695 1698 3763 καλοκάγα-

1830 3722 1914 3762 mn
1962 3714 2047 3761 est
2103 3705 2199 3761 tibi
2235 3720 2359 3776 pars
2417 3720 2519 3760 nec
2565 3720 2687 3760 sors
2716 3704 2769 3759 in
2806 3705 2909 3759 ltoc
2952 3716 3207 3758 sermone
3235 3702 3318 3758 “:
3347 3720 3368 3754 ι

162 3795 236 3866 (tia
252 3797 337 3849 καὶ
364 3790 747 3864 ἀκτημοσύνῃ.
781 3790 894 3842 Καὶ
923 3789 1054 3843 ὅταν
1083 3787 1180 3859 μὲν
1201 3786 1395 3852 δόξωσι
1427 3786 1581 3856 παρά
1614 3802 1697 3837 τι·-

1835 3793 1891 3847 sti
1917 3800 2105 3848 contra
2135 3793 2426 3849 sacerdotii
2456 3808 2650 3848 munus
2669 3793 2736 3848 iis
2752 3792 3053 3862 praesertim
3078 3792 3373 3847 commise-

162 3903 248 3939 νων
298 3882 691 3956 λοιδορεῖσθαι,
743 3880 907 3944 εὐθὺς
956 3879 1018 3933 τὸ
1067 3877 1421 3932 ἀποστολικὸν
1481 3876 1700 3946 ἀξίωμα

1838 3892 1953 3949 ιιηι,
1993 3883 2087 3954 qui
2145 3892 2403 3955 tanquam
2454 3884 2508 3939 in
2567 3883 2687 3940 foro
2741 3885 2918 3955 ipsum
2966 3882 3375 3941 emerunkNec

164 3974 495 4045 προφέρουσιν
529 3971 618 4045 (οὐ
644 3970 753 4041 γὰρ
776 3971 943 4041 ἡμᾶς,
974 3969 1161 4037 φασιν,
1187 3966 1325 4021 ἀλλά
1354 3966 1453 4039 τὴν
1482 3969 1701 4020 ἐπισκο-

1830 3989 1939 4030 vero
1970 3975 2073 4032 hoc
2097 3976 2275 4032 adhuc
2308 3991 2474 4047 grave
2522 3988 2627 4043 est,
2656 3977 2903 4044 quamvis
2944 3977 3368 4048 alioqui-grave,

162 4063 249 4133 πὴν
272 4060 509 4135 ὓὸρισαν)
540 4077 558 4091 ·
595 4061 722 4113 ὅταν
759 4058 816 4112 δὲ
842 4058 939 4131 δέῃ
974 4074 1029 4110 τι
1072 4057 1277 4127 πρᾶξαι
1304 4056 1413 4109 τῶν
1448 4055 1700 4122 δεόντων,

1825 4081 1996 4121 rerum
2027 4067 2190 4122 etiam
2239 4068 2343 4125 hoc
2379 4070 2599 4124 nomine
2648 4068 2819 4140 magis
2857 4067 3174 4135 eﬂ‘eruntur,
3199 4084 3363 4138 quam

163 4156 242 4209 oin:
266 4156 337 4210 ἔτι
360 4156 513 4210 τοῦτο
549 4153 941 4226 προφέρουσιν,
967 4150 1042 4215 ὠς
1066 4149 1186 4215 ἐξὸν
1218 4150 1404 4213 αὐτοῖς
1437 4151 1701 4221 τιμᾶσθαι

1836 4158 1907 4213 ιιὶἱ
1961 4159 2031 4215 ob
2077 4160 2406 4231 probitatem
2449 4175 2514 4217 ac
2561 4161 2923 4216 voluntariam
2980 4170 3374 4231 paupertatem.

165 4248 243 4316 μὲν
270 4249 337 4313 ὡς
366 4248 719 4310 ἀποστόλους,
750 4243 827 4315 μὴ
862 4241 1124 4314 πράττειν
1151 4240 1207 4293 δὲ
1233 4241 1310 4305 ὼς
1344 4242 1699 4305 ἀποστόλους.

1834 4260 1985 4319 itque
2011 4265 2133 4306 cum
2158 4265 2188 4304 a
2222 4251 2544 4320 quibusdam
2591 4252 3070 4322 eonviciisﬁmpeti
3098 4254 3372 4319 videntur,

164 4340 343 4409 Ὠσπερ
364 4341 542 4393 τοίνυν
569 4339 776 4398 ἐκεῖνος
806 4334 1050 4397 πεισθεὶς
1080 4333 1412 4405 τῇήμετὲρςι
1442 4334 1702 4404 παραινέ-

1841 4342 1991 4397 tatim
2023 4342 2371 4413 apostolicam
2405 4344 2723 4412 dignitatem
2758 4343 3081 4415 proferunt(
3094 4359 3200 4399 non
3229 4346 3375 4399 enim

167 4446 250 4491 σει,
281 4432 368 4485 καὶ
409 4431 655 4492 ἀκούσας
688 4428 771 4481 ὃτι
799 4424 1149 4481 ἀτοπώτατόν
1204 4424 1320 4479 ἐστι
1377 4426 1447 4479 τὰ
1495 4425 1703 4480 ἑαυτῶν

1834 4449 1928 4499 ιοε,
1962 4434 2231 4503 inquiunt,
2273 4436 2369 4490 sed
2398 4436 2763 4505 episcopatum
2811 4436 3136 4490 contumelia
3173 4435 3372 4492 aﬂece-

166 4521 402 4591 mpévtw;
450 4520 623 4585 κακὰ,
693 4519 762 4571 τὰ
822 4518 931 4571 τῶν
994 4516 1167 4570 ἄλλων
1224 4517 1702 4588 περιεργάζεσθαι,

1841 4526 1993 4594 υηι),
2025 4541 2147 4580 cum
2180 4535 2361 4581 autem
2388 4508 2592 4595 aliquid
2635 4541 2846 4592 eorum,
2873 4542 2993 4594 quae
3022 4525 3179 4581 olIicii
3231 4540 3378 4592 sunt,

166 4613 344 4682 ἀπῆλθε
368 4614 586 4684 χαλινὸν
612 4609 865 4683 ἐμϐαλὼν
893 4612 958 4681 τῇ
999 4608 1191 4663 ἑαυτοῦ
1228 4608 1463 4681 γλώττῃ,
1494 4611 1588 4663 καὶ
1622 4627 1703 4663 σι-

1846 4617 2077 4683 geudum
2111 4626 2217 4681 est,
2246 4630 2353 4670 non
2388 4615 2621 4685 amplius
2661 4620 2766 4670 boc
2816 4614 3113 4685 proferunt,
3157 4591 3380 4685 perinde

166 4705 248 4775 γὴν
261 4707 443 4761 ἑαυτοῦ
464 4703 994 4775 καταψηφισάμενος
1019 4718 1031 4731 ⁸
1054 4701 1197 4755 οὕτω
1218 4702 1315 4756 καὶ
1336 4704 1399 4756 σὺ
1426 4702 1698 4772 πείσθητι,

1837 4717 1974 4776 itque
2005 4708 2107 4763 hoc
2166 4707 2297 4776 ipsis
2340 4706 2523 4769 liceat,
2551 4706 2741 4762 honori
2791 4707 2974 4762 haberi
3006 4717 3064 4761 ut
3125 4708 3375 4777 apostoli,

168 4801 246 4851 ui
269 4800 365 4855 ἀπὸ
390 4801 498 4855 τῶν
543 4798 909 4863 διδασκάλων,
956 4796 1091 4868 πρὸς
1138 4797 1337 4850 σαυτὸν
1376 4795 1574 4867 τρέψον
1602 4795 1702 4866 τὴν

1847 4814 1915 4853 on
1943 4809 2123 4853 autem
2156 4798 2334 4854 facere
2357 4809 2415 4853 ut
2447 4799 2693 4869 apostoli.
2729 4798 3194 4867 Quemadmodum
3218 4800 3382 4870 igitur

168 4888 380 4958 ἔρευναν.
1816 4891 1929 4955 ille,
1984 4905 2110 4945 cum
2169 4891 2399 4947 consilio
2449 4901 2634 4948 nostro
2708 4893 3000 4963 paruisset,
3032 4902 3195 4963 atque
3251 4892 3380 4947 illud

168 4984 418 5052 audiisset,
436 4986 891 5044 absurdissimum
915 5000 1055 5050 esse,
1090 4984 1236 5039 vitiis
1272 4984 1472 5039 nostris
1498 4984 1736 5051 omissis,
1779 4985 2008 5040 aliorum
2042 4984 2205 5057 407
2238 4986 2367 5042 vitia
2396 4987 2691 5058 inquirere,
2732 4988 2884 5045 freno
2922 4988 3115 5059 linguae
3161 4988 3378 5057 injecto,

172 5089 224 5130 ac
244 5078 408 5149 seipse
427 5081 648 5137 silentio
698 5079 927 5134 multato
982 5078 1378 5133 abiit:eodem
1433 5077 1593 5131 modo
1640 5086 1698 5132 tu
1737 5093 1951 5147 quoque
1987 5079 2322 5149 obtempera,
2348 5092 2403 5135 et
2433 5097 2463 5135 a
2543 5081 2814 5151 magistris
2866 5081 2931 5135 ad
2978 5081 3205 5151 teipsum
3276 5080 3379 5134 bu-

169 5170 367 5239 illunodi
393 5175 879 5247 perscrutationem
913 5185 1187 5230 converte.

222 5370 260 5403 ”
283 5374 395 5428 Act.
415 5390 537 5439 vm,
563 5373 657 5429 20.

1242 5525 1474 5582 νΑιιιΔε
1506 5523 1892 5583 LECTIONES
1924 5524 2013 5580 ET
2052 5522 2293 5583 ΝΟΤιΕ.

174 5691 865 5817 Vatiles.)6sooua‘issalictountur
917 5695 1037 5757 post
1093 5685 1180 5738 ἴνα
1232 5685 1362 5758 γὰρ,
1399 5701 1569 5757 usque
1596 5687 1665 5745 ad
1714 5685 1909 5761 ἐκείνῳ
1936 5684 2064 5757 γάρ,
2093 5684 2376 5741 omittebat
2430 5682 2516 5738 ed.
2571 5681 2744 5738 Paris.
2803 5681 3088 5736 Adduntur
3144 5693 3207 5732 ex
3256 5677 3376 5733 cod.

460 5875 734 5937 Ρηιιοι..
777 5871 893 5933 Gn.
954 5857 1275 5932 LXXVIII.

2947 5857 3024 5918 33
