3894 6412
491 338 580 401 401

570 385 580 400 .
1706 341 1768 395 S.
1810 341 1871 393 IS

533 341 640 406 015
713 446 1092 508 CCCXCV.'—-
1105 442 1336 500 PETBO
1352 441 1871 505 .SCHOLASTICO.

575 564 801 620 Sacrum
845 571 1171 618 conventum
1232 559 1482 630 equidem
1531 558 1646 627 ipse
1683 574 1808 614 eum
1867 557 2086 629 proprie

487 664 623 711 'esse
652 654 908 721 dixerim,
937 653 1027 722 qui
1068 668 1097 706 ιι
1128 651 1276 707 nulla
1323 651 1467 720 turpi
1506 650 1861 721 permistione
1897 658 2087 705 conta-

508 745 763 808 minatur,
796 758 984 798 verum
1009 742 1263 796 castitate
1297 750 1461 811 atque
1486 739 1611 796 aliis
1641 740 1901 796 virtutum
1923 754 2086 809 gene-

506 836 656 892 ribus
676 834 930 891 exSultat.

700 947 1018 1006 CCCXCVI.
1032 977 1103 989 —
1117 945 1421 1003 AUSONIO
1459 942 1924 1001 CORRECTORI.

573 1060 900 1125 i’rudentia,
948 1074 1073 1115 eum
1137 1059 1493 1128 pecuniarum
1561 1072 1800 1111 amorem
1860 1054 2085 1126 expulit,

505 1154 812 1209 certissima
855 1161 911 1206 et
970 1151 1255 1207 verissima
1310 1166 1396 1205 res
1438 1159 1543 1214 est,
1573 1151 1640 1204 ad
1677 1164 1838 1219 quam
1877 1148 2088 1217 justitia

504 1246 836 1317 exploretur.
876 1245 947 1299 At
973 1244 1019 1300 si
1063 1245 1208 1300 hunc
1264 1243 1572 1310 admiserit,
1605 1244 1694 1314 jus
1724 1242 1953 1312 quaestui
1986 1241 2088 1295 ha-

504 1339 635 1393 bere
660 1352 726 1393 ac
750 1335 1076 1392 sententiam
1119 1332 1428 1390 adulterare
1467 1333 1691 1387 minime
1720 1330 2013 1388 recusabit.

662 1470 1001 1528 CCCXCVII.
1025 1468 1501 1527 -—THEODOSIO
1573 1465 1936 1525 EPISCOPO‘

520 1632 521 1635 η
578 1586 705 1642 Scio
736 1599 825 1641 me
865 1597 1108 1654 persaepe
1167 1582 1301 1638 mihi
1343 1582 1446 1653 ipsi
1480 1582 1787 1653 hnjusmodi
1813 1581 2087 1651 quoddam

503 1676 790 1734 consilium
814 1673 1112 1745 praebuisse
1145 1690 1160 1726 :
1193 1672 1238 1729 Ο
1272 1671 1499 1738 Isidore,
1532 1673 1788 1743 quoniam
1837 1687 1927 1728 res
1975 1686 2091 1725 ma-

1706 336 1768 395 S.
1809 331 2104 393 ISIDORI
2143 330 2585 393 PELUSIOTIE

2466 441 2631 509 Τιιεν.
2672 471 2743 483 -
2779 433 3012 516 uarro
3049 442 3506 516 ΣΧΟΛΔΣἸῚΚῼ.

2257 552 2580 625 Πανήγυριν
2611 550 2788 622 ἔγωγε
2812 553 3019 625 κυρίως
3043 536 3191 607 εἷναί
3210 570 3382 623 φημι,
3403 553 3502 623 τὴν
3531 551 3630 605 ὑπὸ
3655 571 3747 624 μη-

2186 646 2380 718 δεμιᾶς
2431 649 2669 718 αἰσχρᾶς
2725 646 3014 719 ἐπιμιξίας
3065 648 3462 720 χραινομὲνην,
3514 647 3643 702 άλλά
3687 652 3747 721 τῇ

2188 741 2384 813 ἁγνείᾳ
2414 740 2510 794 καὶ
2527 742 2648 805 ταῖς
2669 740 2893 812 ἀρεταῖς
2922 740 3386 817 ἐναϐρυνομένην.

2413 950 2594 1020 Τιτεῖν.
2634 980 2706 991 -
2743 951 3046 1023 ΑΥΣΟΝΙῼ
3084 950 3561 1006 ΚΟΡΡΗΚΤΩΡΙ.

2272 1063 2339 1116 Ἦ
2369 1062 2606 1130 σύνεσις,
2641 1063 2773 1118 ὃταν
2804 1063 2896 1117 τὸν
2931 1064 3043 1119 τῶν
3071 1063 3375 1135 χρημάτων
3411 1061 3747 1135 ἐξοστρακίσῃ

2193 1154 2396 1226 ἔρωτα,
2428 1153 2855 1226 βασανιστήριόν
2895 1156 3017 1209 ἐστι
3047 1153 3400 1224 δικαιοσύνης
3436 1152 3747 1223 ἀψευδέστα-

2189 1262 2303 1300 τον.
2331 1246 2398 1302 Εί
2429 1245 2489 1300 δὲ
2524 1244 2717 1299 τοῦτον
2741 1244 3044 1318 προσίοιτο,
3068 1242 3417 1314 καπηλεῦσαι
3458 1244 3519 1297 τὺ
3542 1242 3746 1309 δίκαιον,

2191 1336 2285 1391 καὶ
2310 1335 2564 1391 νοθεῦσαι
2588 1336 2689 1408 τὴν
2716 1336 2898 1409 ψῆφον
2917 1336 2979 1390 ού
3010 1337 3432 1411 παραιτήσοιτο.

2458 1469 2623 1537 TL,Z'.
2662 1499 2735 1509 —
2770 1469 3102 1541 ΘΕοΑοΣιο
3140 1468 3512 1541 ΕΠΙΣΚΟΙΙῼ.

2264 1578 2397 1636 Οἶδα
2435 1582 2703 1646 πολλάκις
2732 1580 2959 1653 ἐμαυτῷ
2989 1580 3334 1653 παραινέσας
3354 1580 3577 1636 τοιαῦτά
3609 1598 3715 1635 τινα
3734 1599 3745 1611 '

2196 1666 2268 1724 Ὦ
2305 1670 2565 1744 Ἰσίδωρε,
2594 1672 2783 1743 ἐπειδὴ
2812 1671 2882 1726 τὰ
2926 1672 3138 1743 μεγάλα
3178 1674 3487 1745 πράγματα
3520 1674 3748 1745 μεγάλοις

505 1785 624 1839 gnte
652 1768 863 1838 magnis
892 1766 1148 1837 periculis
1200 1764 1393 1821 conﬁci
1439 1765 1639 1833 solent,
1663 1780 1750 1830 ea,
1770 1780 1876 1835 qua
1907 1763 2088 1830 decet,

2207 1761 2463 1825 ιινδύνοις
2516 1762 2662 1832 φιλεῖ
2703 1761 3125 1833 κατορθοῦσθαι,
3157 1764 3360 1834 χρῆσαι
3392 1766 3458 1834 τῇ
3490 1762 3751 1835 πρεπούσῃ

513 1860 767 1932 loquendi
810 1860 1067 1915 libertate
1118 1868 1294 1913 utere.
1336 1856 1610 1912 Fortassis
1652 1858 1981 1913 erubescent
2027 1858 2088 1926 ii,

509 1956 602 2023 qui
640 1954 692 2008 in
720 1952 957 2022 peccatis
983 1954 1310 2007 erubescere
1358 1951 1586 2005 minime
1616 1958 1835 2006 norunt.
1858 1949 1939 2004 Ac
1966 1953 2090 2021 qui-

508 2048 635 2102 dem
705 2045 942 2099 fortasse
998 2043 1203 2113 aliquid
1260 2041 1487 2098 efficies.
1518 2041 1613 2096 Sin
1664 2052 1846 2097 autem
1886 2044 2090 2114 aliquid

505 2138 672 2193 etiam
708 2135 985 2207 injucundi
1011 2135 1259 2205 patiaris,
1278 2150 1402 2189 cum
1426 2133 1708 2203 prophetis
1732 2144 1784 2189 et
1808 2138 2089 2205 apostolis,

508 2241 674 2300 atque
704 2229 826 2284 aliis
853 2230 1060 2285 sanctis
1104 2228 1241 2283 viris
1296 2227 1541 2297 patieris,
1568 2242 1691 2283 eum
1741 2229 1939 2298 quibus
1968 2230 2091 2294 tibi,

508 2325 600 2394 qui
630 2338 772 2378 unus
799 2337 830 2376 e
857 2321 1016 2389 vulgo
1039 2335 1119 2385 es,
1153 2320 1452 2388 optandum
1501 2328 1604 2384 est,
1632 2319 1848 2374 etiamsi
1894 2335 2000 2375 non
2036 2321 2088 2374 in

509 2415 823 2476 virtutibus,
875 2425 934 2467 at
978 2422 1129 2468 certe
1190 2412 1246 2466 in
1313 2411 1752 2482 perpessionibus
1793 2415 2089 2469 numerari.

508 2506 710 2562 Verum
736 2505 800 2559 ad
832 2505 975 2560 hunc
1007 2505 1222 2560 modum
1248 2514 1440 2565 contra
1473 2503 1600 2558 mihi
1638 2504 1753 2573 ipse
1790 2507 2044 2575 respondi
2072 2523 2086 2559 :

507 2597 645 2653 Aliis
674 2597 893 2667 quidem
936 2596 988 2649 in
1036 2596 1199 2650 rebus
1253 2595 1518 2665 praeclare
1580 2594 1838 2663 loqueris,
1876 2611 1939 2651 ac
1999 2598 2093 2651 tibi

511 2705 716 2745 morem
743 2702 933 2760 gerere
966 2696 1187 2758 paratus
1208 2702 1349 2742 sum.
1370 2687 1441 2740 At
1464 2701 1699 2757 quonam
1735 2698 1895 2756 pacto
1925 2688 2095 2744 libere

510 2780 828 2851 loquemur?
853 2778 1016 2834 Sicne
1045 2786 1105 2833 ut
1140 2793 1349 2835 meram
1369 2778 1676 2833 libertatem
1716 2780 2094 2847 adhibeamus,

510 2889 579 2926 an
612 2880 671 2926 ut
700 2873 872 2939 ipsam
904 2869 1173 2923 suavitate
1215 2868 1623 2937 temperemus?
1651 2866 1924 2933 Quosdam
1949 2868 2095 2922 enim

511 2965 770 3035 novi,qul
802 2963 917 3017 acri
981 2978 1046 3017 ac
1105 2960 1415 3016 vehementi
1456 2960 1851 3031 obiurgationis
1898 2974 2099 3031 genere

511 3058 685 3115 sanati
716 3068 885 3111 sunt:
927 3054 1189 3124 quosdam
1218 3068 1461 3118 rursum,
1492 3054 1581 3122 qui
1612 3069 1677 3107 eo
1727 3053 1913 3108 obtriti
1940 3063 2092 3119 sunt,

2196 1855 2519 1927 παρρησίᾳ·
2551 1854 2694 1925 τάχα
2738 1871 2855 1918 πως
2903 1852 3360 1926 ἐρυθριάσουσιν,
3407 1856 3455 1906 οἱ
3491 1855 3620 1925 μηδὲ
3647 1857 3752 1925 ἐρυ-

2196 1946 2356 2018 θριᾷν
2386 1947 2444 2000 ἐν
2465 1948 2579 2009 τοῖς
2601 1944 2946 2017 πταίσμασιν
2973 1944 3086 2017 (16)
3111 1945 3335 2009 εἰδότες.
3362 1945 3523 2008 Ἴσως
3554 1946 3644 2015 μὲν
3659 1946 3751 2017 γὰρ

2195 2038 2622 2109 κατορθώσειας.
2650 2035 2714 2089 El
2744 2036 2804 2089 δέ
2832 2054 2886 2090 τι
2921 2037 3018 2090 καὶ
3047 2037 3264 2090 πείσαιο
3287 2036 3476 2108 ἄχαρι,
3513 2037 3640 2107 μετὰ
3659 2038 3751 2089 τῶν

2193 2130 2517 2202 προφητῶν,
2539 2128 2635 2183 καὶ
2659 2127 2769 2182 τῶν
2789 2128 3130 2193 ἀποστόλων,
3156 2128 3251 2181 καὶ
3272 2128 3384 2180 τῶν
3413 2127 3583 2182 ἄλλων
3604 2127 3751 2195 ἁγίων

2194 2221 2380 2293 πείσῃ,
2412 2218 2532 2291 μεθ’
2565 2212 2641 2273 ὧν
2675 2236 2760 2273 σοι
2808 2219 3063 2272 εὐκταῖόν
3107 2221 3255 2271 ἐστιν
3298 2220 3381 2272 ἐνὶ
3428 2219 3536 2272 τῶν
3566 2218 3751 2272 πολλῶν

2193 2311 2327 2376 ὄντι,
2354 2312 2404 2363 εί
2434 2310 2529 2363 καὶ
2560 2308 2637 2380 μὴ
2667 2310 2727 2362 ἐν
2752 2312 2868 2371 τοίς
2891 2309 3340 2381 κατορθώμασιν,
3373 2309 3489 2361 ἀλλ’
3519 2306 3609 2363 οὖν
3628 2327 3684 2379 γε
3701 2312 3751 2361 ἐν

2194 2404 2309 2466 τοῖς
2362 2402 2687 2472 παθήμασιν
2735 2400 3115 2473 ἀριθμεῖσθαι.
3178 2401 3321 2455 Ἀλλ’
3372 2402 3750 2474 άνταπεκρίθτῖν

2194 2493 2421 2565 ἐμαυτῷ
2460 2493 2655 2561 λέγων,
2687 2494 2771 2547 ὅτι
2799 2493 2871 2546 τὰ
2921 2493 3023 2564 μὲν
3049 2493 3185 2547 ἄλλα
3223 2490 3285 2546 εὖ
3314 2493 3520 2562 λέγεις,
3550 2494 3637 2547 καί
3682 2511 3749 2547 σοι

2194 2585 2414 2656 ἕτοιμός
2438 2585 2557 2652 είμι
2586 2585 2893 2640 πείθεσθαι.
2925 2585 3129 2649 Πῶςδέ
3156 2585 3221 2655 δὴ
3246 2586 3747 2658 παρῤησιασόμεθα;

2195 2669 2345 2746 Ἀρα
2376 2675 2600 2746 ἀκράτῳ
2624 2678 2691 2746 τῇ
2734 2676 3023 2748 παρρησίᾳ
3054 2677 3417 2749 χρησάμενοι,
3447 2678 3481 2748 ἢ
3510 2679 3751 2749 κεράσαν-

2196 2785 2288 2831 τες
2328 2767 2497 2837 αὐτὴν
2537 2769 2873 2839 προσηνείᾳ;
2913 2764 3047 2824 Οἶδα
3073 2770 3182 2840 γὰρ
3206 2773 3360 2833 τινας
3409 2770 3510 2841 μὲν
3550 2770 3750 2840 ὑπὸτῆς

2200 2857 2439 2929 σφοδρᾶς
2472 2859 2848 2928 ἐπιτιμήσεως
2876 2860 3127 2924 ίαθέντας
3150 2876 3166 2890 ’
3198 2860 3353 2925 τινὰς
3381 2862 3439 2915 δὲ
3472 2861 3749 2933 ἐπιτριϐένο

2196 2964 2318 3012 τας,
2350 2950 2446 3000 καὶ
2478 2950 2558 3012 είς
2592 2948 2981 3020 χαλεπωτέραν
3003 2951 3527 3024 παιδοτριϐηθέντας
3546 2955 3748 3007 κακίαν·

2200 3037 2394 3102 ἄλλους
2438 3039 2496 3091 δὲ
2547 3040 2646 3109 τῆς
2683 3041 2915 3112 μετρίας
2959 3043 3276 3116 συμϐουλῆς
3325 3045 3425 3099 καὶ
3468 3048 3751 3118 παρρησίας

511 3162 676 3223 atque
704 3152 770 3206 ad
828 3149 1137 3221 graviorem
1195 3147 1603 3216 improbitatem
1660 3146 1917 3201 eruditi:
1961 3147 2093 3203 alios

2207 3134 2714 3224 καταγελάσαντας,
2767 3138 2864 3190 καὶ
2913 3139 3069 3193 οὐδὲν
3115 3142 3289 3214 αὐτὴν
3322 3138 3466 3198 εἶναι
3496 3147 3750 3218 ἡγησαμέ-

513 3242 769 3310 denique,
811 3239 903 3308 qui
929 3239 1260 3294 moderatam
1286 3237 1711 3291 admonitionem
1749 3246 1912 3305 atque
1964 3251 2093 3293 ora-

516 3334 679 3389 tionis
736 3332 1045 3389 libertatem
1091 3329 1326 3385 ludibrio
1385 3329 1712 3391 habuerunt,
1740 3342 1972 3398 eamque
1998 3344 2099 3399 pro

516 3423 686 3478 nihilo
710 3428 989 3491 putarunt.
1021 3418 1267 3484 Quonam
1304 3417 1471 3484 igitur
1506 3418 1667 3470 modo
1718 3416 1985 3486 quispiam
2023 3425 2101 3471 tot

514 3514 723 3571 morbis
754 3527 920 3568 unum
954 3510 1255 3568 remedium
1298 3508 1529 3563 all‘cret?
1568 3522 1910 3577 qnonamqne
1941 3509 2100 3563 modo

514 3624 610 3665 eos
674 3607 915 3672 curabit,
947 3621 1071 3661 cum
1127 3618 1305 3659 causa:
1337 3618 1405 3657 ex
1434 3602 1666 3658 diversis
1721 3601 2097 3657 aﬂectionibus

515 3703 803 3758 oriuntur“!
846 3698 1013 3771 Ergo,
1052 3699 1119 3753 ad
1166 3699 1431 3766 meipsum
1487 3696 1597 3751 dixi
1644 3696 1696 3750 id
1745 3698 1887 3765 quod
1930 3696 2095 3750 etiam

516 3808 663 3848 nunc
691 3793 759 3847 ad
778 3803 832 3846 te
856 3792 977 3846 dico
1010 3807 1025 3844 :
1054 3790 1111 3844 Si
1160 3798 1215 3842 tu
1242 3787 1391 3843 solus
1418 3786 1635 3841 futurus
1660 3800 1830 3852 esses,
1859 3786 1950 3856 qui
1972 3801 2100 3855 ope-

517 3899 634 3939 ram
680 3884 917 3948 luderes,
966 3880 1241 3945 cunctari,
1266 3887 1429 3948 atque
1484 3878 1537 3932 id
1595 3892 1794 3931 munus
1845 3876 2100 3948 defugere

517 3985 816 4047 oporteret.
851 3976 987 4031 Cum
1010 3983 1193 4028 autem
1240 3982 1297 4026 et
1321 3970 1499 4026 Moses
1528 3978 1584 4024 et
1606 3968 1750 4025 Elias
1770 3968 2097 4037 etJoannes,

519 4073 601 4141 pii
627 4085 692 4126 ac
722 4070 834 4125 Deo
887 4068 1040 4123 chari
1066 4067 1193 4131 viri,
1227 4080 1407 4133 neque
1448 4064 1700 4127 consilio,
1734 4078 1908 4132 neque
1930 4063 2096 4117 libera

519 4161 949 4233 reprehensione
982 4159 1103 4215 illos
1147 4157 1416 4228 juverint,
1448 4168 1549 4209 nec
1581 4161 1761 4208 tamen
1813 4163 2096 4223 propterea

520 4255 633 4310 suis
652 4256 816 4310 rebus
841 4252 1087 4308 deterius
1132 4248 1537 4313 consuluerint,
1563 4245 1830 4302 sermonis
1878 4246 2096 4318 quidem

2199 3243 2345 3289 νους.
2380 3227 2507 3290 Πῶς
2532 3222 2627 3281 οὖν
2665 3245 2750 3293 τις
2774 3230 3053 3295 τοσούτοις
3092 3234 3322 3292 πάθεσιν
3346 3236 3406 3289 ἓν
3444 3241 3751 3311 προσενέγκῃ

2201 3319 2526 3390 φάρμακον;
2555 3320 2681 3384 Πῶς
2710 3321 2766 3375 δὲ
2803 3322 3158 3394 θεραπεύσει,
3185 3328 3294 3381 τῶν
3325 3331 3516 3385 αίτιῶν
3540 3333 3596 3398 ἐξ
3621 3335 3752 3387 ἐναν-

2199 3408 2331 3461 τίων
2364 3408 2555 3462 παθῶν
2589 3411 2879 3479 φυουσῶν;
2924 3415 3133 3468 Οὐκοῦν
3186 3417 3326 3490 ἔφην
3356 3420 3495 3491 πρὸς
3524 3424 3751 3493 ἐμαυτὸν,

2200 3500 2336 3569 ὅπερ
2384 3502 2481 3554 καὶ
2523 3502 2659 3572 πρὸς
2707 3503 2766 3555 σὲ
2798 3504 2891 3557 νῦν
2928 3522 3106 3577 φημι·
3154 3508 3238 3561 ὅτι
3277 3509 3341 3565 El
3382 3512 3480 3581 μὲν
3526 3514 3587 3566 σὺ
3610 3514 3747 3585 μόνος

2202 3589 2598 3661 ἀποτυγχάνειν
2611 3594 2857 3663 ἔμελλες,
2881 3596 3062 3651 ὀκνεῖν
3084 3600 3273 3671 ἐχρῆν,
3291 3604 3340 3656 εί
3362 3608 3457 3657 καὶ
3474 3607 3662 3676 Μωσῆς
3674 3611 3751 3661 καὶ

2216 3682 2402 3748 Ἠλίας
2430 3686 2524 3738 καὶ
2562 3686 2838 3758 Ἰωάννης,
2866 3690 2917 3742 οί
2949 3689 3218 3761 θεοφιλεῖς
3242 3695 3457 3767 ἄνδρες,
3488 3698 3607 3753 οὔτε
3630 3718 3747 3770 συμ-

2204 3776 2618 3845 ϐουλεύσαντες,
2660 3779 2783 3833 οὔτε
2828 3786 3349 3858 παρῤησιασάμενοι
3382 3788 3597 3862 ὤνησαν
3631 3792 3750 3847 ὲκεί-

2204 3889 2331 3935 νους
2354 3889 2368 3903 ο
2400 3875 2461 3927 ού
2494 3873 2601 3946 μὴν
2626 3877 2694 3929 τὰ
2723 3875 2846 3929 καθ’
2883 3878 3114 3945 ἑαυτοὺς
3143 3885 3326 3954 χεῖρον
3364 3884 3628 3952 διέθεσαν,
3664 3889 3750 3957 χρὴ

2204 3967 2270 4035 τῇ
2312 3965 2419 4035 μὴν
2463 3969 2748 4041 παρρησίᾳ
2792 3970 3052 4040 μιγνύναι
3095 3975 3195 4045 τὴν
3227 3979 3592 4048 προσήνειαν·
3617 3982 3675 4050 τῇ
3707 3981 3751 4033 δὲ

2206 4054 2328 4128 θείᾳ
2356 4057 2503 4129 δεξιᾷ
2553 4061 2870 4131 ἐπιτρέπειν
2913 4064 3317 4138 τὴνίατρείαν’
3379 4071 3449 4125 τά
3495 4072 3636 4126 κακὰ
3664 4073 3752 4142 γὰρ

2208 4148 2357 4205 ἴσασι
2389 4152 2589 4217 πάντες
2617 4153 2896 4225 ἄνθρωποι
2930 4157 3119 4227 σχεδὸν
3157 4160 3251 4229 ἀφ’
3284 4163 3528 4216 ἑαυτῶνο
3560 4164 3623 4217 τὰ
3641 4164 3753 4217 καλὰ

2204 4246 2282 4308 δὲ,
2331 4245 2452 4299 οὐδὲ
2495 4247 2627 4317 παρ’
2670 4246 2847 4300 ἄλλων
2887 4248 3199 4319 ἀκούοντες,
3252 4254 3446 4325 μαθεῖν
3493 4257 3753 4310 ἐθέλωσιν.

521 4346 760 4403 libertati
849 4346 1174 4401 suavitatem
1243 4344 1549 4398 admiscere
1619 4351 1856 4411 oportet,
1914 4340 2111 4395 divina:
2146 4350 2327 4394 autem
2388 4340 2596 4395 dextrae
2680 4342 3021 4398 sanationem
3106 4349 3447 4417 permittere.
3470 4349 3605 4404 ﬁala
3637 4349 3753 4405 enim

521 4441 910 4511 propemodum
946 4455 1013 4494 ex
1062 4437 1255 4508 seipsis
1300 4450 1491 4490 omnes
1540 4435 1783 4490 homines
1815 4442 2015 4489 norunt
2050 4449 2066 4488 :
2110 4434 2250 4489 bona
2285 4441 2489 4502 autem,
2515 4444 2617 4494 nec
2651 4432 2721 4487 ab
2754 4432 2878 4489 aliis
2916 4436 3136 4505 quidem
3174 4440 3483 4508 audientes,
3514 4443 3756 4499 addiscere

526 4538 579 4589 in
604 4534 843 4588 animum
881 4532 1164 4586 inducunt.

860 4645 1027 4719 nos
1053 4640 1777 4702 CCCXCVlll.-—ALYPIO.

708 4738 782 4793 De
809 4755 867 4793 eo
892 4741 978 4793 cui
1004 4737 1203 4792 credita
1230 4748 1349 4793 sum
1382 4738 1608 4808 quinque
1644 4735 1842 4789 talenta
1860 4731 1908 4765 ⁸³

603 4855 854 4912 Pecuniae
897 4829 1356 4918 numerationem,
1380 4852 1464 4906 vir
1516 4851 1742 4921 optime,
1798 4849 2108 4905 divinarum

532 4949 939 5018 Scripturarum
971 4946 1273 5002 doctrinam
1307 4962 1371 5001 ae
1401 4945 1814 5016 praeceptionem
1857 4938 2110 5010 appellat,

530 5039 826 5095 auditionis
863 5045 1045 5092 autem
1099 5036 1277 5106 lenus,
1303 5053 1529 5107 operum
1564 5034 2107 5091 demonstrationem.

530 5132 675 5187 Nihil
704 5132 850 5187 enim
884 5130 1138 5185 utilitatis
1188 5145 1256 5185 ex
1318 5129 1595 5183 auditione
1634 5127 1952 5197 percipitur,
1986 5139 2109 5178 cum

531 5235 757 5291 operum
792 5219 1190 5277 demonstratio
1236 5234 1358 5273 cum
1404 5218 1494 5283 iis,
1519 5231 1640 5287 quae
1688 5215 1963 5278 dicuntur,
2000 5227 2108 5266 non

616 5400 662 5432 ⁸³
689 5399 877 5456 Matth.
906 5415 1035 5463 xxv,
1072 5398 1162 5454 l5.

2716 4642 2885 4711 TLJI'.
2924 4674 2996 4685 —
3032 4647 3311 4722 ΔΛΥΠΙῼ.

2385 4733 2526 4803 Περὶ
2557 4733 2666 4789 τοῦ
2696 4738 3126 4804 πιστευθέντος
3145 4741 3220 4794 τὰ
3254 4742 3302 4793 ε’
3335 4743 3619 4799 τάλαντα.

2284 4844 2629 4917 Καταόολὴν,
2670 4841 2716 4901 ὧ
2751 4847 3016 4919 βέλτιστε,
3050 4851 3314 4924 ἀργυρίου
3346 4855 3519 4927 λέγει,
3556 4860 3647 4933 τὴν
3672 4859 3757 4911 τῶν

2213 4932 2373 4988 θείων
2406 4936 2638 5007 Γραφῶν
2662 4939 3009 4995 διδασκαλίαν
3029 4958 3045 4973 ⁸
3070 4943 3229 4997 τόκον
3255 4945 3315 4999 δὲ
3336 4949 3660 5019 ἀκροάσεως,
3680 4950 3757 5019 τὴν

2211 5023 2321 5075 τῶν
2353 5023 2530 5096 ἔργων
2560 5027 2842 5095 ἐπίδειξιν.
2872 5031 3105 5100 Ὄφελος
3125 5034 3234 5105 γὰρ
3266 5036 3421 5090 ούδέν
3452 5040 3755 5111 ἀκροάσεως,

2211 5116 2343 5169 ὅταν
2376 5117 2522 5189 asta
2584 5119 2692 5173 τῶν
2734 5122 2913 5192 ἔργων
2948 5124 3211 5192 ἐπίδειξις
3244 5127 3320 5199 μὴ
3364 5131 3644 5199 συμεμαίνει
3668 5133 3757 5194 toi;

2212 5206 2546 5279 λεγομένοις.
2580 5211 2703 5264 Ὅτι
2727 5212 2785 5266 δὲ
2809 5214 2951 5268 τοῦτ’
2987 5214 3135 5273 ἐστιν
3159 5218 3379 5292 ἀληθὲς,
3400 5224 3631 5296 τιμωρία
3657 5224 3757 5277 ἒπε-

1638 5507 1874 5563 VARIAEZ
1907 5504 2291 5563 LECTIONES
2342 5503 2431 5560 ET
2464 5503 2698 5564 ΝΟΤΛΕ.

566 5726 569 5729 .
607 5674 719 5748 (16)
754 5674 859 5731 Pro
892 5675 1230 5745 πταίσμασιν
1260 5672 1381 5729 cod.
1408 5669 1474 5725 ν.
1506 5670 1610 5725 650
1634 5669 1822 5724 scribit
1847 5667 2108 5791 πράγΒα-

566 5762 646 5791 τιν-
680 5757 733 5791 et
777 5760 919 5791 vere-
957 5756 1077 5791 nnst
1116 5745 1172 5791 2-
1210 5759 1307 5791 nm
1345 5744 1508 5791 ἄναοι
1542 5743 1701 5791 habet
1748 5741 1953 5791 γεῖοον.
2051 5754 2108 5791 e-

538 5741 647 5812 ew',
680 5741 733 5801 et
777 5760 919 5802 vers.
956 5741 1078 5816 post
1116 5745 1172 5813 2,
1210 5759 1307 5813 pro
1345 5744 1508 5814 ἄχαρι
1542 5743 1701 5797 habet
1748 5741 1953 5811 χεῖρον.
2004 5741 2108 5795 De-

2212 5666 2552 5792 ιρῗιςιὲῗηνοτε.
2612 5665 2710 5722 ult.
2752 5680 2841 5737 ep.
2894 5680 2992 5738 pro
3046 5668 3239 5740 μαθεῖν
3292 5672 3427 5746 legit
3480 5672 3754 5748 μανθάνειν.
