3894 6412
496 402 628 469 1039

1690 387 1751 447 S.
1789 377 2083 444 ISIDOR‘I
2121 371 2565 441 PELUSIOTIE

3615 357 3734 421 1040

497 508 895 587 quodammodo
922 503 1258 575 capulantur,
1295 509 1408 556 tum
1462 498 1695 567 denique
1737 494 1980 566 perlecta
2013 498 2068 546 et

2194 488 2297 543 :tvdz
2324 486 2575 556 ένωθείη,
2615 482 2737 537 τότε
2765 480 2852 552 δὴ,
2896 480 3019 534 τότε
3052 478 3087 548 ἡ
3117 472 3302 530 τελεία
3335 472 3434 526 καὶ
3482 469 3735 544 ἀκροτάτη

494 620 747 679 suprema

497 704 548 755 in
586 714 748 755 unum
775 691 1244 753 concurrentibus.

984 804 1163 863 CDIV.
1184 833 1252 844 —
1279 798 1562 858 MARONI.

568 922 1011 996 Quandoquidem
1046 918 1253 987 exiguae
1284 928 1461 970 causae
1490 909 1727 980 iungentia
1762 903 1900 960 bella
1952 914 2078 971 per-

497 992 640 1088 saepe
669 992 994 1078 accendunt,
1021 1010 1276 1064 dehortor
1308 1015 1359 1060 te
1395 1017 1462 1057 ne
1501 996 1906 1056 contentionum
1940 992 2080 1063 igni-

500 1112 649 1167 culos
677 1107 905 1177 injicias.
933 1103 1069 1159 Nam
1120 1114 1242 1156 cum
1276 1109 1465 1167 pugna:
1517 1091 1844 1150 excitantur,
1898 1082 2078 1140 omnia

500 1207 638 1260 bona
669 1217 736 1256 ex
763 1213 973 1262 eorum,
1006 1194 1098 1266 qui
1148 1195 1290 1249 inter
1341 1204 1402 1245 se
1427 1186 1713 1248 dissident,
1764 1178 1962 1235 animis
1995 1191 2082 1230 ra-

499 1296 701 1352 dicitus
731 1292 985 1349 evellunt.

785 1403 944 1463 CDV.
976 1391 1411 1457 -—PALLADIO
1465 1381 1788 1442 DIACONO.

506 1508 569 1563 In
591 1505 725 1562 illud
751 1545 766 1571 ,
810 1518 828 1552 ι
866 1497 1093 1571 Propter
1134 1506 1221 1544 vos
1264 1482 1654 1571 blasphematur
1696 1487 1883 1528 nomen
1911 1483 2082 1523 meum

1029 1567 1167 1619 inter
1199 1567 1372 1630 gentes
1421 1552 1486 1606 ⁸⁸.
1528 1569 1548 1603 ι

577 1688 845 1757 Quoniam
877 1694 977 1751 per
1006 1676 1215 1731 litteras
1260 1684 1327 1725 ex
1356 1681 1443 1721 me
1468 1658 1792 1733 quaesivisti,
1827 1653 2082 1724 quidnam

504 1742 631 1837 illud
660 1778 760 1834 sibi
819 1742 947 1827 velit
982 1787 995 1823 :
1038 1786 1057 1818 ι
1092 1765 1314 1831 Propter
1355 1770 1451 1810 vos
1486 1765 1679 1807 nomen
1715 1760 1890 1802 meum
1934 1742 2085 1797 blas-

504 1831 808 1945 phematur,
852 1883 870 1917 ι
909 1863 1013 1917 hoc
1059 1852 1377 1923 respondeo,
1422 1844 1563 1915 quod
1594 1840 1720 1910 quia
1760 1834 1927 1891 Judaei
1961 1831 2085 1900 qui-

510 1939 655 2026 dem,
686 1976 806 2017 cum
836 1954 1162 2028 peccabant,
1194 1947 1248 1999 in
1274 1939 1615 2011 captivitates
1644 1949 1672 1987 a

510 2059 604 2129 qui
630 2064 808 2109 autem
839 2017 934 2102 eos
956 2044 1197 2112 captivos
1225 2031 1584 2093 abducebant,
1614 2040 1717 2079 nou
1749 2020 1942 2075 divina:
1970 2017 2083 2120 irae,

508 2108 603 2207 s'ed
641 2144 1051 2203 simulacrorum
1076 2121 1291 2188 suorum
1321 2122 1575 2197 potentiae
1605 2115 1886 2172 victoriam
1917 2108 2087 2166 ascri—

509 2245 720 2303 bentes,
746 2247 927 2297 rerum
954 2228 1195 2285 omnium
1218 2223 1604 2292 praepotentem
1635 2211 1880 2265 dextram
1916 2201 2089 2267 imbe-

511 2331 750 2391 cillitatis
806 2323 1141 2382 damnabant
1186 2334 1200 2371 :
1254 2327 1376 2369 eam
1427 2309 1495 2363 ob
1524 2316 1740 2360 causam
1794 2297 1879 2355 his
1901 2292 2085 2349 verbis

514 2439 642 2479 usus
668 2428 771 2476 est.
822 2416 1086 2470 Auctores
1121 2407 1263 2462 enim
1295 2408 1468 2463 erant,
1518 2396 1641 2450 dum
1668 2391 1976 2459 peccarenl,
2009 2390 2090 2435 at-

513 2529 617 2583 que
669 2510 916 2567 hostibus
966 2502 1315 2559 dederentur,
1347 2484 1653 2559 huiusmodi
1703 2474 1974 2549 Opiniouis
2027 2485 2090 2525 ac

514 2601 881 2675 blaSphemiaa.
906 2598 1161 2653 Fortasse
1188 2590 1351 2645 etiam
1376 2584 1500 2654 quia
1554 2573 1845 2675 pugnantia
1872 2578 2093 2675 quoque

802 2702 922 2760 quae
952 2696 1114 2754 agere
1140 2678 1488 2751 jubebantur,
1522 2663 1844 2760 elﬁcieban-l:
1872 2655 1927 2711 ld
1951 2654 2092 2723 quod

514 2790 677 2844 etiam
707 2783 848 2854 apud
880 2794 977 2834 nos
1003 2789 1147 2831 nunc
1192 2786 1291 2825 usu
1320 2767 1509 2821 venire
1534 2761 1766 2815 videtur.
1792 2753 1928 2807 Nam
1967 2760 2092 2803 cum

517 2875 671 2931 nobis
701 2849 1022 2937 imperatum
1060 2864 1131 2919 sit
1163 2869 1220 2915 ut
1246 2855 1493 2913 inimicos
1515 2861 1775 2907 amemus,
1811 2853 1994 2898 tamen
2027 2849 2094 2890 ne

515 2966 721 3023 amicos
746 2961 964 3034 quidem
1015 2966 1303 3020 amamus;
1330 2961 1451 3003 cum
1489 2945 1861 3013 paupertatem
1889 2929 2092 2991 colere,

516 3075 615 3115 nos
643 3064 829 3113 contra
882 3064 988 3106 non
1036 3046 1195 3101 modo
1234 3042 1318 3097 his
1372 3053 1493 3108 quae
1550 3034 1814 3088 habemus
1845 3020 2092 3080 contenti

517 3166 623 3206 non
654 3159 859 3208 sumus,
880 3141 974 3198 sed
1007 3139 1172 3195 etiam
1205 3149 1273 3191 ex
1302 3130 1495 3186 alienis
1541 3118 1943 3182 calamitatibus
1961 3127 2094 3181 opes

806 564 1210 673 gloria-elucet,
1246 595 1452 665 pietate
1491 564 1751 646 nimirum
1789 595 1845 643 et
1869 586 2073 641 virtute

2194 578 2527 648 ;ὐδοκίμησις
2559 574 2915 643 ἀναφαίνεται
2938 570 3076 641 (22),
3117 565 3403 631 εὐσεϐείας
3437 566 3532 618 καὶ
3558 564 3735 635 ἀρετῆς

2176 673 2257 735 είς
2293 669 2490 723 ταύτὸν
2531 665 2970 737 συνδραμούσης.

2692 776 2813 829 ΥΔ¹.
2839 802 2912 814 -
2940 772 3181 826 ΜΑΡΩΝ
3186 772 3228 824 1.

2279 892 2499 963 Ἐπειδὴ
2551 890 2745 963 μικραὶ
2778 887 2974 959 [αἰτίαι
3028 884 3300 957 μεγάλους
3358 878 3610 941 πολλάκις
3653 879 3736 931 άν-

2182 986 2417 1040 άπτουσι
2446 982 2742 1053 πολέμους,
2778 977 3031 1049 παραινῶ
3066 993 3147 1028 σοι
3182 973 3257 1045 μὴ
3288 970 3586 1041 σπινθῆρας
3608 968 3736 1037 φιλο-

2182 1076 2402 1132 νεικιῶν
2434 1074 2745 1146 ἐμϐάλλειν.
2789 1068 3313 1141 Ἀναῤῥιπιζόμεναι
3358 1061 3467 1134 γάρ
3491 1064 3543 1115 αἱ
3567 1061 3734 1131 μάχαι,

2182 1172 2361 1225 πάντα
2393 1170 2463 1225 τὰ
2487 1166 2632 1223 καλὰ
2663 1168 2729 1219 ἐκ
2765 1165 2865 1235 τῆς
2893 1164 3006 1216 τῶν
3038 1156 3456 1230 διαφερομένων
3488 1152 3734 1225 ἑκριζοῦσι

2180 1263 2381 1335 ψυχῆς.

2466 1372 2595 1427 re.
2637 1401 2708 1411 —
2742 1367 3092 1437 ΠΑΛΛΑΔΙῼ
3130 1360 3458 1433 maxum.

2178 1468 2282 1534 Εἰς
2318 1465 2407 1532 τὸ,
2434 1483 2454 1518 ι
2482 1463 2562 1517 Δι’
2588 1460 2746 1529 ὑμᾶς
2766 1455 3223 1534 ,ϐλασφημεῖται
3251 1453 3317 1507 τὸ
3341 1449 3529 1519 ὄνομά
3548 1467 3653 1520 μου
3678 1449 3738 1501 ἑν

2729 1530 2857 1596 τοῖς
2894 1530 3162 1583 ἔθνεσιν.

2269 1645 2487 1715 Ἐπειδὴ
2509 1642 2797 1714 γέγραφας
2819 1640 2871 1693 τί
2893 1640 3033 1705 ἐστι,
3063 1656 3082 1689 ι
3107 1636 3182 1689 Τὸ
3203 1633 3376 1704 ὄνομά
3410 1650 3509 1703 μου
3531 1631 3593 1684 δι’
3618 1631 3744 1701 ὑμᾶς

2188 1739 2605 1810 βλασφημεῖταιο
2634 1754 2653 1787 ι
2686 1734 2849 1806 φημὶ,
2873 1734 2953 1785 ὅτι
2980 1729 3168 1799 ἐπειδὴ
3203 1727 3445 1782 Ἰουδαῖοι
3470 1724 3564 1793 μὲν
3587 1725 3744 1793 ἁμαρι

2186 1832 2439 1895 τάνοντες
2468 1870 2485 1895 ,
2516 1827 2918 1899 αἰχμαλωσίαις
2961 1822 3313 1894 παρεδίδοντο
3337 1835 3352 1849 ·
3398 1820 3447 1871 οἱ
3485 1817 3529 1871 δ’
3564 1818 3745 1887 αἰχμα-

1679 1922 2097 1991 ddncebautum
2116 1909 2157 1963 Β
2185 1924 2529 1988 λωτεύοντες,
2560 1922 2621 1974 οὐ
2654 1923 2721 1991 τῇ
2742 1918 2834 1973 τοῦ
2857 1916 2992 1971 Θεοῦ
3016 1913 3316 1985 ὀργῇ,άλλὰ
3337 1914 3404 1982 τῇ
3432 1910 3537 1964 τῶν
3558 1908 3747 1963 οἰκείων

2189 2018 2391 2085 ξοάνων
2419 2016 2647 2085 δυνάμει
2671 2014 2771 2084 τὴν
2794 2011 2953 2082 νίκην
2980 2008 3382 2079 ἐπιγράφοντες
3402 2005 3501 2073 τῆς
3523 2018 3747 2072 παγκρα-

2186 2111 2389 2182 τούσης
2418 2107 2598 2173 δεξιᾶς
2629 2106 2918 2163 ἀσθένειαν
2966 2098 3439 2172 κατεψηφίζοντο’
3472 2094 3561 2150 διὰ
3589 2094 3745 2157 τοῦτο,

2187 2204 2347 2258 τοῦτο
2376 2204 2502 2273 ἔφη.
2530 2201 2703 2254 Αἰτιοι
2735 2199 2845 2269 γάρ
2874 2214 2936 2250 τε
2975 2194 3216 2264 ἐγίνοντο
3245 2190 3649 2263 ἁμαρτάνοντες
3668 2188 3746 2239 καὶ

2191 2295 2611 2368 παραδιδόμενοι
2642 2292 2742 2362 τῆς
2756 2290 3013 2360 τοιαύτης
3048 2287 3306 2349 ὑπονοίας
3333 2301 3395 2336 τε
3422 2284 3516 2336 καὶ
3532 2282 3750 2352 βλασφη-

2195 2389 2517 2461 μίας.¹Ἰσως
2542 2386 2599 2439 δὲ
2624 2384 2813 2454 ἐπειδὴ
2831 2383 2925 2436 καὶ
2947 2379 3207 2435 τάναντία
3234 2372 3311 2434 ὧν
3342 2375 3748 2447 προσετάττοντο

2192 2482 2370 2534 ποιεῖν
2399 2478 2693 2549 ἔπραττον,
2718 2477 2857 2546 ὅπερ
2896 2474 2993 2528 xui.
3017 2471 3103 2541 ἐφ’
3126 2469 3285 2542 ἡμῶν
3321 2469 3445 2523 νυνὶ
3473 2464 3746 2519 κινδυνεύει

2197 2571 2558 2643 συμϐαίνειν·
2610 2566 2993 2628 κελευσθέντες
3047 2564 3156 2635 γὰρ
3189 2562 3317 2624 τοὺς
3366 2559 3592 2630 ἐχθροὺς
3635 2558 3753 2624 ἀγα-

2195 2663 2325 2733 πᾷν,
2359 2659 2479 2714 οὐδὲ
2507 2660 2635 2721 τοὺς
2670 2657 2859 2727 φίλους
2887 2654 3193 2724 ἀγαπῶμεν
3217 2670 3233 2683 ·
3266 2653 3362 2704 καὶ
3390 2647 3748 2718 άκτημοσύνυν

2194 2754 2408 2817 ἀσκεῖν,
2425 2750 2486 2803 οὐ
2516 2749 2677 2821 μόνον
2699 2745 2779 2810 οἷς
2799 2745 2997 2816 ἔχομεν
3028 2744 3129 2797 οὐκ
3162 2739 3507 2813 ἀρκούμεθα,
3524 2738 3646 2794 ἀλλὰ
3670 2739 3751 2790 καὶ

2196 2846 2261 2897 ὲκ
2298 2842 2407 2896 τῶν
2454 2840 2751 2911 ἀλλοτρίων
2804 2833 3264 2909 χρηματιζόμεθα
3309 2832 3640 2902 συμφορῶν·
3669 2830 3752 2882 καὶ

2195 2934 2423 3004 ἠρεμεῖν
2456 2927 2915 3002 προσταχθέντες,
2949 2921 3527 2995 φιλοπραγμονοῦντες
3552 2919 3638 2973 καὶ
3656 2920 3753 2981 τοῖς

2197 3022 2530 3095 ἡσυχάζουσι
2551 3019 3015 3091 παρενοχλοῦμεν.
3042 3017 3153 3071 Καὶ
3179 3016 3237 3069 οὐ
3265 3014 3424 3085 μόνον
3447 3011 3611 3065 ταῦτα
3634 3010 3752 3081 δρῶ-

2201 3135 2329 3188 μεν,
2381 3114 2519 3170 ἀλλὰ
2566 3113 2661 3167 κοιλ¹
2712 3112 2985 3167 διδάσκειν
3039 3109 3235 3171 ἄλλους
3283 3104 3677 3177 ἐπιχειροῦμεν,
3724 3102 3753 3156 ά

515 3249 730 3298 nostras
753 3245 1044 3305 augemus;
1075 3243 1199 3283 cum
1232 3223 1388 3280 nobis
1425 3219 1703 3275 inductum
1730 3212 1820 3274 sit,
1856 3217 1914 3261 ut
1942 3205 2088 3274 quie-

2199 3211 2373 3261 ποιεῖν
2405 3208 2507 3260 οὐκ
2541 3204 2797 3276 ἐθέλομεν
2820 3219 2834 3232 °
2865 3202 2935 3255 τά
2987 3200 3097 3271 γὰρ
3135 3199 3273 3253 ἄλλα
3322 3197 3563 3269 παρίημι
3586 3212 3597 3225 ’
3624 3194 3753 3248 οὐδὲν

519 3285 727 3298 ...,..-.__
754 3285 884 3305 ηο-
1031 3285 1043 3295 ,

519 3344 622 3385 tem
652 3339 874 3398 agamus
901 3361 916 3386 ,
962 3336 1061 3374 nos
1107 3326 1298 3373 contra
1344 3312 1684 3381 negotiorum
1743 3306 1989 3357 amantes
2028 3293 2088 3346 iis

2198 3299 2307 3369 γὰρ
2334 3296 2593 3367 βούλομαι
2614 3294 2875 3365 δυσχερὲς
2895 3294 3090 3346 εἰπεῖν.
3112 3289 3282 3343 Ταῦτ’
3304 3285 3398 3341 οὖν
3425 3287 3693 3348 ἀκούοντες
3713 3286 3753 3337 οἱ

514 3390 715 3486 etiam:
755 3415 848 3486 qui
879 3412 1114 3483 quietem
1170 3414 1370 3477 agunt,
1399 3400 1702 3455 molestiam
1752 3390 2094 3447 exhibemus.

2200 3395 2498 3466 ἄνθρωποι,
2536 3393 2631 3445 καὶ
2675 3389 2948 3460 ὁρῶντες,
3006 3385 3142 3440 ἄλλα
3178 3383 3278 3455 μὲν
3324 3383 3472 3452 ὑμᾶς
3512 3380 3752 3434 διδάσκειν

580 3510 698 3566 Nec
759 3507 935 3561 solum
991 3502 1108 3556 haec
1140 3498 1391 3559 facimus,
1426 3492 1519 3547 sed
1550 3490 1713 3545 etiam
1748 3484 1883 3537 alios
1910 3479 2088 3534 docert

2199 3484 2614 3556 ἐπιχειροῦντας
2638 3522 2653 3547 ,
2690 3480 2826 3535 ἄλλα
2858 3479 2915 3533 δὲ
2943 3477 3187 3549 δρῶντας
3214 3515 3229 3541 ,
3265 3473 3458 3545 ῶσπερ
3496 3471 3751 3543 εἰρωνεύε-

518 3599 883 3672 aggredimur,
908 3609 1026 3663 qua:
1058 3591 1158 3660 ipsi
1192 3589 1371 3642 facere
1411 3584 1680 3638 nolumus.
1707 3574 1933 3641 Reliqua
1958 3564 2088 3621 enin

2205 3578 2330 3632 σθαι
2376 3576 2525 3647 ἡμᾶς
2562 3573 2659 3625 καὶ
2704 3569 2922 3633 παίζειν
2958 3571 3016 3622 ὲν
3066 3568 3130 3619 οὐ
3166 3567 3422 3627 παικτοῖς
3472 3562 3752 3634 ἡγούμενοι,

518 3654 872 3764 ιιῗςὶιοιηιὶιιο
892 3728 907 3752 ,
941 3685 1074 3739 nihil
1105 3682 1274 3744 enim,
1304 3677 1446 3747 quod
1479 3674 1690 3729 animos
1721 3667 1985 3731 oll'endat,
2019 3660 2088 3716 di-

2203 3670 2348 3724 κατὰ
2399 3670 2498 3737 τῆς
2552 3665 2705 3727 θείας
2745 3660 3003 3734 προνοίας
3058 3657 3297 3713 άκονῶσι
3353 3656 3452 3716 τὰς
3500 3654 3751 3723 γλώττας·

518 3799 644 3840 cere
665 3782 847 3851 cupio.
881 3777 1001 3832 llaec
1024 3775 1188 3844 igitur
1215 3786 1335 3826 cum
1364 3768 1612 3823 homines
1636 3764 1881 3827 audiunt,
1908 3775 1971 3816 ac
1998 3773 2088 3814 nos

2203 3762 2327 3832 ἥτις
2362 3759 2458 3812 καλ⁸
2496 3757 2693 3817 αὐτοὺς
2728 3755 2848 3825 μὲν,
2876 3753 3025 3824 ἡμᾶς
3054 3749 3113 3804 δὲ
3148 3748 3309 3802 πλέον
3336 3750 3636 3817 ἀμυνεῖται,
3652 3744 3758 3805 τοὺς

522 3876 626 3929 alia
662 3872 878 3941 quidem
920 3869 1117 3923 docere
1148 3862 1359 3926 conari,
1391 3859 1495 3913 alia
1521 3862 1701 3912 autem
1752 3868 1917 3923 agere
1966 3867 2088 3908 con-

2207 3852 2415 3913 αίτίους
2436 3849 2534 3920 τῆς
2557 3846 2808 3918 τοιαύτης
2834 3841 3181 3915 βλασφημίας
3204 3839 3542 3910 γινομένους.

520 3966 779 4037 spiciunt,
832 3976 931 4018 nos
993 3969 1249 4027 tanquam
1286 3952 1636 4011 simulatione
1692 3951 1791 4015 uti,
1837 3960 2000 4021 atque
2054 3951 2105 4004 in
2146 3946 2308 4002 rebus
2339 3943 2561 3998 minime
2590 3940 2813 3994 ludicris
2874 3936 3061 3991 ludere
3117 3935 3501 3991 existimantes
3531 3932 3759 3985 adversus

523 4063 757 4117 divinam
801 4054 1193 4128 providentiam
1246 4049 1459 4118 linguas
1494 4055 1693 4101 acuunt
1728 4063 1742 4100 :
1772 4061 1892 4116 quae
1929 4045 2091 4099 etiam
2132 4042 2348 4112 quidem
2381 4039 2434 4091 in
2469 4038 2636 4106 ipsos,
2673 4048 2860 4089 verum
2896 4033 2947 4086 in
3010 4045 3128 4096 nos,
3178 4030 3271 4101 qui
3302 4022 3607 4093 huiusmodi
3633 4023 3761 4079 blas-

529 4155 758 4228 phemiae
808 4164 1027 4206 causam
1068 4147 1395 4217 pracbemus,
1431 4141 1651 4211 gravius
1681 4140 2100 4195 animadvertet.

805 4242 988 4298 CDVl.
1013 4270 1084 4282 —
1104 4237 1356 4295 ZOSIMO
1406 4237 1493 4292 ET
1530 4233 1817 4291 MARONI.

2518 4242 2661 4309 rq'.
2691 4269 2761 4280 --
2790 4239 3040 4311 ΖΩΣΙΜῼ
3072 4237 3194 4291 ΚΔῐ
3220 4236 3511 4290 ΜΑΡΩΝΙ.

595 4360 651 4415 Si
677 4373 763 4423 ea,
794 4372 913 4427 qum
968 4364 1277 4409 nostrarum
1325 4351 1560 4421 partium
1598 4359 1764 4415 sunt,
1826 4348 1946 4405 sine
1994 4346 2088 4401 ulla

2281 4354 2343 4408 Ei
2384 4353 2481 4425 μὲν
2514 4353 2583 4406 τὰ
2613 4368 2727 4423 παρ
2780 4350 2939 4421 ἡμῶν
2989 4349 3447 4419 άπαραλείπτως,
3495 4347 3588 4401 καὶ
3644 4343 3761 4415 μετὰ

525 4448 985 4521 praetermissione
1019 4461 1082 4501 ac
1121 4460 1244 4500 cum
1291 4442 1438 4497 omni
1490 4441 1669 4497 studio
1717 4450 1772 4496 et
1832 4438 2088 4508 diligenti:

2214 4446 2395 4516 πάσης
2440 4443 2677 4513 σπουδῆς
2709 4442 2952 4511 γίγνοιτο
2972 4482 2987 4503 ,
3016 4441 3140 4493 τότε
3184 4440 3280 4492 καὶ
3307 4441 3411 4509 τὴν
3442 4439 3592 4493 θείαν
3616 4436 3761 4508 ῥοπὴν

529 4545 682 4607 liant,
715 4552 827 4596 tum
856 4539 1070 4594 demum
1104 4534 1271 4589 divini
1310 4546 1525 4602 quoque
1555 4530 1741 4585 auxilii
1768 4538 2088 4585 momentum

2201 4541 2429 4611 κλητέον
2456 4541 2534 4601 εἰς
2565 4533 2882 4606 συμμαχίαν
2904 4548 2918 4563 ο
2958 4532 3082 4603 ἥξει
3114 4534 3223 4603 γὰρ
3256 4530 3421 4584 παντὶ
3466 4531 3645 4601 τρόπῳ
3680 4528 3763 4596 τὴν

529 4584 682 4607 .......,
717 4584 827 4596 ......
859 4584 1069 4594 _--------
1432 4584 1475 4599 τί
1504 4584 1517 4586 _
1836 4584 1843 4585 ί

522 4630 921 4700 implorandum
964 4636 1069 4684 est.
1114 4625 1307 4683 Veniet
1351 4625 1495 4678 enim
1533 4622 1776 4688 omnino,
1816 4621 2088 4675 victoriam

2207 4584 2369 4702 νίδίην
2400 4584 2932 4701 πρυέτανεέὂδυὲα.Εί
3054 4584 3219 4694 μηδὲν
3248 4623 3360 4675 τῶν
3393 4584 3629 4676 δεόντων.
3650 4584 3761 4688 παρ’

527 4722 855 4778 concilians.
881 4719 939 4775 Si
973 4730 1153 4773 autem
1188 4716 1323 4771 nihil
1354 4730 1568 4780 eorum,
1601 4728 1723 4783 qua:
1744 4712 1902 4767 ofﬁcii
1934 4721 2084 4766 nostr

2209 4722 2365 4794 ἡμῶν
2400 4720 2658 4789 γίγνοιτο,
2681 4716 2911 4786 περιττὴ
2933 4716 3029 4768 καὶ
3061 4716 3095 4785 ἡ
3124 4714 3317 4784 κλῆσις
3336 4732 3352 4745 ο
3379 4714 3652 4785 εἰρωνείας
3673 4712 3765 4780 γάρ

527 4827 675 4881 sunt,
713 4814 828 4879 liat,
868 4813 1067 4866 frustra
1122 4810 1293 4880 ipsius
1340 4808 1600 4862 auxilium
1627 4805 1965 4873 imploratur.
1997 4803 2088 4857 Ne-

2209 4814 2312 4867 οὐκ
2338 4812 2589 4876 ἀνέξεται
2613 4849 2630 4875 ,
2663 4808 2772 4862 οὐδ’
2816 4806 3157 4877 ἐπιφοιτήσει
3201 4808 3316 4869 τοῖς
3361 4806 3586 4869 ἑαυτοὺς
3620 4806 3694 4866 εἰς
3717 4803 3768 4853 τὸ

526 4922 631 4974 que
661 4905 803 4960 enim
837 4903 1237 4959 simulationem
1265 4898 1518 4971 perferet,
1538 4912 1642 4952 nec
1669 4898 1735 4951 ad
1756 4910 1849 4951 eos
1866 4893 2083 4950 accedet

2213 4905 2414 4979 ἀχανὲς
2447 4904 2551 4975 τῆς
2573 4900 2849 4966 ἀπωλείας
2874 4900 3128 4971 ἁσμένως
3155 4898 3410 4969 ῥίπτουσι
3441 4898 3686 4965 πέλαγος.

529 4999 620 5068 qui
651 4998 704 5052 in
727 4995 1050 5066 profundum
1100 4994 1254 5048 exitii
1305 4991 1525 5062 pelagus
1554 4988 1743 5046 libenti
1774 4989 1956 5044 animo
1988 5002 2111 5044 sese

528 5091 841 5163 projiciunt.

722 5180 888 5253 410
909 5177 1113 5235 CDVll.
1142 5208 1208 5219 —
1238 5173 1514 5231 DlOGENl
1566 5171 1886 5229 DIACONO.

2541 5173 2641 5226 l'Z'
2674 5201 2744 5212 —
2782 5171 3098 5226 ΔΙΟΓΕΝΕΙ
3135 5171 3456 5242 ΔΙΔΚΟΝῼ.

602 5297 891 5351 Peccatum
919 5294 1077 5350 venia
1096 5293 1312 5363 gravius
1342 5288 1602 5354 admittis,
1626 5289 1709 5343 vir
1731 5288 1955 5358 optime,
1986 5286 2088 5342 dun

2294 5286 2630 5357 Συγγνώμης
2668 5286 2911 5356 μείζονα,
2941 5283 2986 5339 ὦ
3017 5284 3282 5355 βέλτιστε,
3311 5282 3661 5355 ἁμαρτάνεις,
3688 5280 3769 5347 τήν

529 5386 753 5445 Eusebii
805 5386 1150 5458 tyrannidem
1208 5385 1379 5454 magis
1406 5396 1570 5453 quam
1613 5378 1925 5451 aequitatem
1980 5378 2088 5434 coli

2222 5378 2485 5431 Εὐσεσίου
2516 5378 2808 5448 τυραννίδα
2835 5378 2945 5448 πρὸ
2971 5376 3067 5430 τοῦ
3109 5376 3323 5430 δικαίου
3351 5372 3682 5428 θεοαπεύων.
3710 5368 3769 5419 Ἦ

592 5551 640 5582 ⁵⁸
668 5550 771 5605 lsa.
798 5563 897 5613 ιιι,
932 5548 987 5602 5.

1574 5664 1583 5668 '
1628 5653 1860 5708 VARI/E
1890 5650 2279 5710 LECTIONES
2318 5652 2409 5707 ET
2452 5651 2687 5709 NOTIE.

608 5818 718 5887 (Ἡ)
749 5815 902 5871 Vcrs.
943 5819 1145 5886 penult.
1177 5831 1263 5885 ep.
1296 5813 1401 5867 Pro
1426 5811 1783 5881 ἀναφαίνεται
1814 5809 1956 5867 idem
1986 5809 2087 5867 cod

2199 5817 2273 5865 at.
2307 5806 2471 5866 habet
2498 5810 2872 5879 ἀναφανεῖται.
2903 5808 3113 5864 Possm.
