3894 6412
142 370 241 435 illi!

1043 377 1581 439 EPISTOLARUM
1622 377 1767 436 LIB.
1826 377 1966 438 ΙΙΙ..
2007 404 2042 412 -
2078 380 2313 440 EPIST.
2348 380 2516 440 CDX.

3247 372 3384 439 1042

137 483 284 537 τοίνυν
314 485 513 554 συνὼν,
543 489 801 561 αἴσθησιν
823 490 971 561 αὐτῷ
1008 491 1228 561 ὲμποίει
1257 490 1358 560 τῆς
1391 487 1697 558 ἀνηκέστου

1807 496 1963 557 Itque
1980 487 2258 544 observas.
2292 488 2659 555 Quamobrem
2714 498 2806 543 aut
2849 503 2971 542 eum
3001 502 3066 543 eo
3092 501 3381 542 consuetu-

139 575 289 640 νόσου,
317 576 348 647 ῆ
380 579 675 651 ἀπόστηθι,
709 582 1010 654 ἐπιτρίϐων
1040 581 1207 636 αὐτοῦ
1235 581 1335 652 τὴν
1360 580 1584 635 κακίαν.

386 875 519 930 ΥΗ’.
547 905 620 915 -
657 875 915 928 ΖΗΝΩΝΙ
946 875 1239 946 ΜΟΝΑΧῼ
1271 874 1409 944 (25).

192 964 301 1018 ’Ὁτι
333 966 435 1035 μὲν
466 967 827 1039 ἀκμαζούσης
865 967 968 1038 τῆς
1009 967 1361 1039 Ἐκκλησίας,
1402 967 1498 1020 καὶ
1523 966 1693 1037 μήπω

139 1058 490 1127 νενοσηκυίας,
514 1058 587 1112 τὰ
611 1059 728 1113 Θεία
754 1060 884 1131 περὶ
912 1059 1083 1130 αὐτὴν
1104 1060 1326 1129 ὲχόρευε
1356 1059 1693 1129 χαρίσματα,

140 1148 209 1203 τοῦ
238 1149 391 1217 ἁγίου
422 1150 741 1221 Πνεύματος
773 1152 1254 1221 δημαγωγοῦντας,
1287 1154 1381 1205 καὶ
1413 1151 1522 1206 τῶν
1561 1169 1696 1223 προ·

141 1238 361 1293 εστώτων
384 1240 615 1294 ἕκαστον
638 1240 935 1306 κινοῦντος,
966 1243 1060 1294 καὶ
1085 1242 1313 1309 οὐρανὸν
1334 1241 1435 1313 τὴν
1464 1241 1697 1313 Ἐκκλη-

144 1339 237 1391 σίαν
266 1337 549 1401 ποιοῦντος
574 1382 589 1404 ,
630 1339 763 1391 πᾶσι
800 1337 958 1407 δῆλόν
990 1338 1160 1391 ἐστιν.
1198 1338 1323 1390 Ὅτι
1365 1336 1423 1390 δὲ
1457 1334 1695 1407 νοσησά-

143 1444 220 1497 σης
257 1427 352 1479 καὶ
401 1429 796 1498 στασιασάσης,
826 1427 1049 1497 ἀπέπτη
1094 1429 1274 1482 πάντα
1333 1429 1541 1490 ἐκεῖνα,
1594 1425 1691 1478 καὶ⁸

142 1521 481 1591 ἀπεπήδησεν,
513 1523 575 1574 οὐ
599 1521 669 1574 τὰ
689 1519 1007 1591 χαρίσματα
1038 1520 1218 1586 μόνον·
1252 1520 1313 1573 οὐ
1340 1519 1451 1591 γὰρ
1468 1515 1536 1590 ἦν
1552 1518 1697 1573 οὕτω

141 1612 283 1667 δεινὸν
317 1616 363 1666 εἰ
393 1612 553 1665 τοῦτο
593 1612 752 1683 μόνον
771 1608 838 1684 ἧν
865 1628 879 1643 ·
910 1612 1047 1666 ἀλλά
1084 1612 1180 1665 καὶ
1212 1610 1326 1681 βίος
1368 1612 1467 1663 καὶ
1496 1610 1691 1682 ἀρετὴ,

144 1706 214 1757 καὶ
246 1705 403 1758 τοῦτο
450 1706 586 1760 πᾶσι
625 1703 805 1774 δῆλον.
844 1704 964 1759 Ἵνα
1017 1703 1128 1773 γὰρ
1171 1702 1343 1756 τᾶλλα
1395 1702 1558 1773 παρῶ
1586 1740 1601 1764 ,
1637 1701 1698 1766 ἐξ

143 1797 236 1860 ἐνὸς
268 1798 595 1868 πράγματος
630 1797 726 1850 καὶ
753 1796 884 1867 περὶ
914 1796 1026 1849 τῶν
1063 1795 1268 1847 λοιπῶν
1294 1793 1589 1864 αἰνίξομαι.
1623 1792 1697 1846 Τὸ
1730 1837 1772 1892 Β

149 1889 226 1958 μὲν
254 1888 362 1959 γὰρ
390 1888 492 1958 τῆς
534 1889 761 1959 εἰρήνης
786 1888 979 1958 ὄνομα,
1005 1885 1280 1957 πανταχοῦ
1308 1901 1322 1916 ·
1347 1885 1410 1938 τδ
1436 1884 1493 1938 δὲ
1517 1886 1699 1957 πρᾶγ-

146 1996 221 2050 μα,
270 1979 529 2049 οὐδαμοῦ.
574 1979 716 2033 Ἀλλ’
758 1979 934 2032 ἔοικεν
979 1979 1276 2050 Ἐκκλησία
1316 1976 1539 2047 γυναικί
1588 1994 1696 2030 τινι

142 2072 221 2141 τῆς
243 2070 472 2141 ἀρχαίας
501 2070 803 2141 εὐημερίας
837 2069 1148 2143 ὲκπεσούσῃ
1173 2110 1189 2136 ,
1224 2070 1319 2124 καὶ
1346 2069 1416 2123 τὰ
1451 2068 1697 2139 σύμϐολα

145 2159 281 2229 μόνον
333 2161 557 2231 ἐχούσῃ.
622 2160 734 2225 Τὰς
772 2161 872 2231 μὲν
928 2160 1039 2232 γὰρ
1085 2161 1261 2229 θήκας
1302 2160 1412 2213 τῶν
1443 2158 1693 2229 κοσμίων

144 2250 362 2320 ἔχεικαὶ
400 2253 468 2306 τὰ
507 2251 775 2309 κιϐώτιασ
830 2251 925 2305 τοῦ
977 2252 1034 2306 δὲ
1085 2251 1323 2305 πλούτου
1374 2252 1689 2322 ἐστέρηται,

141 2345 190 2396 οὐ
214 2343 355 2413 παρᾶ
405 2344 505 2414 τὴν
534 2342 630 2396 τοῦ
668 2345 728 2410 ἐξ
757 2343 935 2413 ἀρχῆς
979 2345 1357 2415 κοσμήσαντος
1410 2342 1696 2413 ἀμέλειαν,

141 2432 253 2485 ἀλλὰ
286 2431 440 2501 παρὰ
466 2435 568 2503 τὴν
606 2432 719 2485 τῶν
749 2433 811 2484 οὐ
844 2431 1074 2496 δεόντως
1101 2432 1169 2486 τὰ
1199 2433 1502 2505 πράγματα
1536 2448 1699 2503 μετα-

140 2521 505 2592 χειριζομένων
533 2522 753 2580 κακίαν.
781 2523 845 2576 Oi
883 2522 982 2593 μὲν
1011 2523 1121 2592 γὰρ
1153 2521 1374 2586 πωλεῖν,
1406 2524 1455 2575 οἱ
1478 2521 1535 2574 δὲ
1571 2522 1699 2590 ἀγο-

143 2611 301 2683 ράζειν
326 2612 427 2683 τὴν
467 2612 771 2684 ἱερωσύνην
798 2613 1094 2685 τολμῶσιν.
1122 2615 1185 2667 OE
1215 2615 1312 2684 μὲν
1341 2614 1695 2683 πράττουσιν,

144 2702 172 2754 ἃ
200 2702 320 2773 μηδὲ
354 2703 536 2771 λέγειν
575 2704 759 2774 τολμῶ
802 2703 923 2768 ἐξόν
949 2720 962 2733 '
998 2705 1049 2757 οί
1094 2704 1153 2757 δὲ
1188 2704 1457 2771 λέγουσιν,
1500 2703 1535 2757 ἃ
1570 2702 1696 2774 μηδ’

141 2796 310 2847 ἐννοεῖν
338 2793 521 2864 θέμις.
552 2795 794 2858 Εἰκότως
818 2790 912 2849 οὖν
941 2795 1206 2866 ἠπείλησε
1235 2797 1347 2858 τοῖς
1377 2794 1641 2858 τοιούτοις
1670 2794 1700 2847 ὁ

1799 580 1985 635 dinem
2015 580 2220 635 habens
2248 579 2558 649 gravissimi
2586 594 2651 635 ac
2675 594 2813 649 peue
2857 578 3176 633 incurabilis
3204 578 3381 632 morbi

1797 685 2016 725 sensum
2047 672 2149 740 ipsi
2183 673 2438 740 ingenera
2476 690 2491 726 :
2522 680 2614 726 aut
2647 671 2817 741 ipsius
2848 669 3248 739 improbitatem
3279 670 3380 723 ob-

1799 770 1999 827 terens,
2036 763 2104 817 ab
2129 777 2195 816 eo
2226 773 2277 815 te
2310 776 2549 817 remove.

2078 876 2396 932 CDVlll.—-
2435 876 2685 933 ZENONI
2723 876 3074 935 MONACHO.

1870 968 2022 1036 Quod
2052 969 2275 1025 ﬂorente
2330 970 2595 1035 Ecclesia,
2642 979 2698 1024 et
2754 971 2989 1024 nondum
3023 969 3380 1025 morholabo-

1798 1067 1952 1113 rante
1979 1058 2175 1113 divina:
2204 1061 2388 1129 gratiae
2414 1061 2621 1115 circum
2651 1076 2767 1115 eam
2799 1061 2946 1115 velut
2988 1063 3216 1116 chorum
3250 1078 3380 1131 age-

1801 1162 1939 1214 rent,
1994 1166 2184 1207 sancto
2234 1153 2482 1208 videlicet
2534 1153 2738 1223 Spiritu
2800 1168 2887 1208 res
2929 1154 3368 1217 administrante.

1799 1253 1961 1314 atque
2021 1246 2323 1299 antistitum
2384 1261 2820 1315 unumquemque
2851 1246 3133 1313 incitante,
3163 1262 3226 1301 ac
3277 1245 3379 1301 Ec-

1798 1334 2017 1389 clesiam
2058 1335 2112 1390 in
2164 1337 2363 1391 cwlum
2402 1347 2783 1401 convertente,
2815 1339 3067 1393 omnibus
3110 1349 3293 1393 notum
3324 1351 3381 1393 et

1798 1428 2140 1496 perspicuum
2168 1437 2268 1483 est.
2305 1428 2456 1494 Quod
2482 1438 2683 1496 autem,
2712 1438 3059 1500 posteaquam
3093 1446 3154 1487 ea
3188 1433 3379 1488 morbo

1799 1517 1989 1573 affecta
2022 1528 2127 1583 est,
2158 1533 2221 1574 ac
2252 1520 2518 1575 seditione
2562 1520 2848 1585 laboravit,
2888 1526 3069 1577 omnia
3125 1523 3215 1578 illa
3250 1524 3379 1579 avo-

1800 1608 1983 1674 larint,
2018 1617 2183 1683 atqye
2213 1622 2320 1662 non
2374 1609 2560 1678 gratia:
2618 1610 2878 1664 duntaxat
2904 1613 3102 1680 (neque
3126 1613 3273 1666 enim
3303 1613 3375 1666 ita

1799 1701 1979 1772 gravis
2002 1716 2089 1756 res
2118 1710 2285 1765 esset,
2313 1701 2357 1756 si
2387 1703 2487 1756 hoc
2530 1702 2702 1756 solum
2733 1702 2858 1757 mali
2884 1704 3050 1770 esset)
3092 1704 3187 1758 sed
3211 1703 3376 1759 etiam

1800 1794 1907 1847 vita
1934 1802 1988 1847 et
2017 1793 2186 1847 virtus
2212 1794 2600 1859 absccsserint,
2623 1794 2674 1848 id
2697 1809 2916 1864 quoque
2948 1795 3147 1850 nemini
3177 1796 3378 1851 obscu-

1800 1900 1918 1939 rum
1950 1894 2050 1940 est.
2086 1884 2157 1940 Ut
2186 1886 2328 1940 enim
2359 1885 2461 1939 alia
2498 1886 2766 1953 omittam,
2815 1902 2882 1941 ex
2933 1904 3037 1942 una
3095 1903 3154 1942 re
3180 1899 3376 1943 caetera

1798 1978 1960 2030 etiam
1991 1976 2323 2046 significabo.
2367 1977 2578 2031 Etenim
2606 1978 2754 2046 pacis
2778 1978 2995 2047 quidem
3028 1992 3224 2032 nomen
3257 1978 3379 2033 ubi-

1798 2081 1903 2134 que
1929 2074 2010 2121 est
2043 2085 2056 2121 :
2091 2081 2177 2121 res
2208 2072 2389 2122 autem
2421 2068 2535 2138 ipsa
2562 2084 2829 2137 nusquam
2864 2086 2878 2123 :
2918 2082 3104 2123 verum
3137 2070 3376 2123 Ecclesia

1798 2157 2013 2213 femina:
2045 2160 2280 2222 cuidam,
2316 2175 2437 2230 qum
2476 2174 2542 2215 ex
2578 2163 2800 2231 antiqua
2850 2160 3111 2216 felicitate
3155 2161 3377 2225 excidit,

1800 2265 1865 2305 ac
1898 2250 2050 2322 signa
2081 2260 2289 2305 tantum
2332 2254 2519 2319 habet,
2551 2252 2744 2308 similis
2788 2263 2890 2307 est.
2921 2252 3379 2307 Ornameutorum

1798 2344 1941 2399 enim
1973 2358 2193 2399 suorum
2227 2345 2411 2399 thecas
2435 2353 2489 2399 et
2515 2345 2725 2400 arculas
2775 2345 2957 2409 habet,
2985 2345 3175 2414 opibus
3201 2351 3378 2397 autem

1799 2434 2028 2504 spoliata
2060 2442 2145 2489 est
2171 2449 2186 2488 :
2219 2448 2323 2489 non
2348 2435 2418 2489 ob
2448 2434 2586 2504 ejus,
2613 2435 2703 2504 qui
2729 2449 2848 2490 eam
2876 2434 3110 2503 primum
3151 2447 3383 2487 exorna-

1799 2527 1896 2589 vit,
1930 2525 2195 2580 incuriam
2223 2538 2286 2581 ac
2335 2527 2745 2595 negligentiam,
2782 2527 2875 2581 sed
2930 2526 3000 2580 ob
3045 2540 3257 2590 eorum,
3287 2523 3380 2592 qui

1799 2632 1929 2682 non,
1966 2626 2023 2670 ut
2050 2618 2325 2685 convenit,
2383 2632 2471 2672 res
2510 2618 2913 2682 administrant,
2945 2618 3378 2686 improbitatem.

1798 2708 1903 2762 Alii
1935 2707 2081 2761 enim
2115 2710 2375 2773 vendere,
2407 2709 2498 2763 alii
2534 2722 2716 2763 emere
2756 2710 3121 2763 sacerdotium
3155 2709 3376 2761 audent.

1798 2800 1904 2853 Alii
1937 2814 1998 2854 ea
2033 2810 2221 2870 agunt,
2256 2815 2378 2870 quae
2400 2801 2610 2856 etiamsi
2642 2801 2818 2863 liceat,
2854 2800 3035 2855 dicere
3062 2808 3238 2853 tamen
3272 2814 3377 2853 non

142 2885 219 2952 τῆς
256 2882 585 2953 Ἐκκλησίας
627 2884 911 2946 Δεσπότης
954 2884 1049 2937 καὶ
1096 2882 1329 2953 νυμφίος
1378 2882 1527 2935 τοῦθ’
1560 2883 1699 2953 ὅπερ

1807 2893 2017 2956 audeo;
2053 2893 2143 2946 alii
2179 2901 2358 2947 autem
2386 2907 2448 2946 ea
2503 2892 2709 2956 dicunt,
2742 2906 2861 2960 quas
2896 2906 2964 2947 ne
2992 2891 3235 2960 cogitare
3256 2893 3377 2958 qni-

143 2975 304 3043 μαθεῖν
328 2976 620 3045 ἐζήτησας,
646 2976 730 3029 ὅτι
752 2975 915 3042 Ἥξει
937 2976 965 3027 ὁ
987 2973 1192 3046 Κύριος
1214 2975 1309 3028 τοῦ
1332 2974 1521 3028 δούλου
1550 2975 1697 3027 ὲκεί-

1808 2984 1927 3036 dem
1960 2982 2041 3037 fas
2070 2993 2175 3037 est.
2202 2984 2400 3038 Merito
2444 2983 2670 3052 proinde
2701 2983 3012 3053 hujusmodi
3068 2983 3379 3038 hominibus

140 3083 247 3131 νου,
274 3068 372 3120 καὶ
416 3068 767 3138 διχοτομήσει
811 3068 999 3133 αὐτὸν,
1060 3068 1157 3121 καὶ
1198 3068 1261 3120 τὸ
1308 3068 1476 3138 μέρος
1529 3067 1696 3121 αὐτοῦ

1807 3075 2060 3129 Ecclesia!
2083 3074 2345 3131 Dominus
2370 3090 2433 3131 ac
2465 3074 2709 3145 Sponsus
2733 3076 2837 3131 hoc
2868 3077 3247 3131 interminatus
3273 3086 3377 3139 est,

142 3159 257 3226 μετὰ
286 3160 401 3211 τῶν
447 3163 695 3214 ἀπίστων
750 3160 929 3230 θήσει.
982 3160 1145 3213 Ἀλλὰ
1199 3158 1366 3230 μῦθος
1426 3159 1611 3223 αὐτοῖς
1661 3162 1694 3231 ἡ

1807 3168 1947 3235 quod
1990 3167 2083 3221 tibi
2122 3182 2152 3220 a
2190 3181 2277 3221 me
2324 3167 2520 3237 exponi
2568 3168 2825 3237 qnaesiisti
2850 3184 2866 3222 :
2891 3167 3085 3223 Veniet
3124 3168 3381 3222 Dominus

140 3250 339 3321 τοιαύτη
370 3250 592 3323 ἀπειλὴ,
629 3253 726 3304 καὶ
763 3251 1121 3322 ήάπόφασις,
1172 3251 1444 3322 ἀγυρτικὴ
1477 3250 1697 3322 νομίζε-

1807 3257 1939 3311 servi
1968 3256 2129 3320 illius,
2157 3265 2212 3310 et
2239 3258 2441 3312 dividet
2470 3272 2617 3319 eum,
2662 3267 2718 3311 et
2747 3266 2956 3326 partem
2986 3257 3105 3328 ejus
3132 3271 3257 3311 cum
3293 3256 3379 3312 iu-

140 3356 215 3394 ται
250 3342 569 3411 λογοποιία·
611 3343 789 3397 καίτοι
830 3343 1017 3395 λοιπὸν
1057 3342 1153 3395 τοῦ
1180 3342 1389 3411 κόσμου
1434 3344 1514 3405 είς
1544 3343 1697 3405 τέλος

1807 3351 2048 3406 ﬁdelibus
2088 3351 2349 3421 ponet".
2383 3351 2578 3405 Verum
2634 3346 2938 3416 hujusmodi
2999 3348 3379 3404 comminatio-

142 3432 495 3502 ἐπειγομένου,
528 3433 623 3487 καὶ
650 3433 749 3504 τὴν
770 3432 1040 3504 τιμωρίαν
1066 3432 1371 3496 ὠδίνοντος.
1416 3432 1578 3486 Ἀλλὰ
1606 3434 1695 3498 σὺ,

1807 3458 1921 3498 nem
1948 3459 2047 3513 pro
2074 3443 2250 3497 fabula
2288 3444 2512 3507 ducunt,
2547 3451 2710 3510 atque
2750 3442 2889 3495 hanc
2916 3444 3243 3496 sententiam
3278 3458 3377 3511 pro

140 3513 179 3572 ὦ
210 3521 305 3590 τῆς
358 3522 688 3595 Ἐκκλησίας
733 3523 958 3593 θρέμμα
1012 3522 1397 3593 περίϐλεπτον,
1448 3522 1524 3593 μὴ
1578 3525 1694 3585 τοῖς

1807 3535 2137 3589 circulatoris
2196 3533 2476 3600 cujusdam
2543 3533 2802 3601 ﬁgmento
2836 3550 2849 3587 :
2887 3534 3100 3588 etiamsi
3150 3533 3380 3587 mundus

140 3614 413 3682 ναυαγοῦσι
443 3616 709 3686 πρόσεχε,
746 3615 883 3686 μηδὲ
904 3616 1017 3678 τοῖς
1045 3614 1345 3685 ραθυμοῦσι
1377 3614 1695 3686 παράϐαλλε

1807 3627 1909 3696 iam
1957 3627 2024 3681 ad
2068 3628 2227 3681 tinem
2279 3635 2555 3695 prOperet,
2599 3640 2661 3680 ac
2718 3626 3039 3694 supplicium
3093 3626 3377 3694 parturiat.

142 3706 365 3773 σεαυτόν,
417 3706 554 3761 ἀλλά
607 3708 667 3759 τὸ
715 3706 832 3783 φῶς
864 3707 962 3778 τῆς
1010 3704 1263 3775 γνώσεως
1313 3705 1695 3778 λαμπρότερον

142 3797 494 3863 κατασκεύαζε
518 3838 534 3865 ,
568 3799 805 3862 ποτίζων
855 3799 969 3869 (⁸24)
1008 3798 1141 3851 αὐτὸ
1170 3798 1257 3851 διὰ
1284 3798 1385 3868 τῆς
1430 3799 1573 3852 κατὰ
1600 3800 1691 3853 τὸν

144 3889 243 3957 βίον
275 3891 496 3961 ἀρετῆς.
530 3891 640 3944 Καὶ
670 3891 763 3943 τὸν
790 3891 1024 3961 νυμφίον
1052 3890 1316 3960 περίμενε
1337 3930 1351 3955 ,
1390 3891 1696 3944 είσελευσό-

144 3997 287 4049 μενον
311 3982 408 4051 μὲν
439 3981 583 4053 μετὰ
601 3980 709 4035 τῶν
730 3981 1020 4053 παρθένων
1041 3980 1243 4051 ψυχαῖς
1259 3997 1317 4032 τε
1343 3980 1435 4034 καὶ
1460 3980 1694 4051 σώμασι·

149 4073 585 4144 μετελευσόμενον
616 4073 675 4126 δὲ
712 4074 841 4137 τοὺς
871 4072 935 4125 τὸ
959 4074 1062 4142 τῆς
1107 4072 1409 4143 παρθενίας
1452 4073 1545 4126 καὶ
1589 4074 1690 4143 τῆς

143 4164 416 4236 ἱερωσύνης
448 4166 667 4235 ἀξίωμα
688 4202 705 4230 ,
752 4165 819 4218 δι’
848 4158 926 4218 ὧν
964 4164 1290 4237 δεδράκασιν
1320 4205 1336 4231 ,
1374 4165 1694 4237 ἐνυϐρίσαν-

143 4272 248 4319 τας.

406 4534 529 4589 ΥΘν.
553 4562 625 4573 -
652 4533 1009 4606 ΔΑΜΠΕΤΙῼ
1035 4534 1405 4605 ΕΠῙΣΚΟΠῼ.

214 4623 505 4689 Ἐξανύσων
544 4624 606 4676 τὺ
634 4623 789 4694 παρὰ
837 4623 931 4677 σοῦ
967 4624 1519 4696 προπαχθησόμενον
1551 4625 1688 4695 (25),

142 4708 353 4777 ἄσμενος
390 4706 523 4782 ἧκεν
571 4713 599 4763 ὁ
640 4711 824 4778 φίλος,
876 4706 935 4765 εὖ
985 4711 1139 4775 εἰδὼς
1167 4714 1249 4766 ὅτι
1295 4713 1365 4765 τὰ
1398 4713 1550 4784 παρὰ
1595 4714 1689 4767 σοῦ

144 4802 478 4871 κελευόμενα,
511 4805 593 4867 είς
646 4803 931 4857 εὐσέϐειαν
962 4806 1058 4858 καὶ
1094 4805 1441 4876 δικαιοσύνην
1483 4804 1691 4875 βλέπει.

155 4887 418 4956 Ἀγασθεὶς
443 4887 535 4945 οὖν
559 4891 655 4964 τὴν
694 4892 1025 4964 προθυμίαν,
1050 4894 1279 4965 ἄμειψαι
1305 4898 1372 4966 τῇ
1407 4896 1693 4968 εὐμενείᾳ.

240 5090 348 5153 εΥν.
382 5123 446 5135 -
482 5094 916 5168 ΜΔΡΤΙΝΙΑΝῼ
948 5096 1061 5165 (26)
1094 5097 1565 5171 ΠΡΕΣΒΥΤΕΡῼ.

220 5203 351 5271 Ἐγὼ
374 5204 494 5259 οὔτε
522 5207 821 5273 ἄπταιστός
851 5211 998 5282 εἰμι,
1026 5211 1151 5264 οὔτε
1172 5212 1507 5276 ἀπταίστους
1538 5212 1685 5283 ζητῶ

213 5356 257 5387 ⁸⁷
294 5356 419 5417 Luc.
438 5378 530 5429 xu,
568 5363 660 5419 46.

1799 3718 1869 3773 At
1900 3726 1976 3783 tu,
2006 3732 2039 3773 ο
2072 3718 2363 3787 conspicue
2390 3716 2645 3773 Ecclesia:
2678 3717 2913 3783 alumne,
2954 3731 3022 3772 ne
3043 3718 3107 3770 ad
3141 3732 3256 3779 eos,
3289 3719 3378 3785 qui

1800 3807 2086 3877 naufragio
2131 3814 2376 3877 pereunt,
2415 3807 2655 3861 animum
2708 3808 2979 3870 attendas,
3016 3822 3114 3861 nec
3137 3822 3260 3861 cum
3293 3822 3379 3861 se-

1801 3900 1995 3970 gnibus
2031 3909 2084 3953 et
2112 3899 2320 3970 ignavis
2359 3900 2588 3968 teipsum
2618 3914 2903 3968 compares
2937 3918 2950 3953 :
2981 3913 3167 3954 verum
3199 3900 3379 3954 scien-

1800 3989 1888 4044 tia:
1914 3988 2100 4042 lumen
2123 3987 2455 4058 Splendidius
2492 3988 2722 4043 subinde
2767 3988 2951 4053 redde,
2992 4003 3087 4055 per
3102 3990 3225 4043 vitae
3255 4004 3382 4059 pre-

1801 4082 2023 4136 bitatem
2081 4081 2254 4150 ipsum
2295 4079 2548 4150 irrigans.
2591 4081 2769 4149 Atque
2819 4094 3077 4149 sponsum
3122 4090 3376 4148 exspecta

1801 4171 2172 4243 ingressurum
2218 4172 2433 4241 quidem
2463 4186 2582 4223 cum
2618 4172 2711 4237 iis,
2746 4171 2835 4241 qui
2865 4171 3063 4226 animis
3097 4182 3152 4224 et
3182 4186 3380 4239 corpo-

1800 4265 1951 4319 ribus
1982 4265 2217 4335 virgines
2246 4274 2372 4319 sunt
2406 4284 2420 4318 :
2450 4266 2516 4319 de
2564 4265 2632 4319 iis
2675 4273 2879 4329 autem,
2911 4264 3000 4333 qui
3046 4264 3379 4332 virginitatis
3468 4282 3473 4285 ‘

1799 4366 1853 4410 et
1881 4356 2171 4411 sacerdotii
2220 4355 2470 4426 dignitati
2503 4371 2598 4425 per
2626 4354 2829 4422 ﬂagitia
2863 4369 2961 4408 sua
2994 4356 3378 4409 contumeliam

1802 4446 2118 4510 intulerunt,
2147 4444 2473 4515 supplicium
2504 4454 2864 4514 sumpturum.

2070 4534 2253 4590 CDIX.
2274 4564 2344 4574 —
2366 4533 2713 4590 LAMPETIO
2752 4533 3106 4589 EPISCOPO.

1875 4626 2087 4683 Libenti
2121 4630 2321 4693 animo,
2352 4637 2411 4680 ut
2434 4628 2579 4696 quod
2608 4627 2705 4682 abs
2752 4636 2804 4681 te
2840 4627 3162 4696 imperatum
3195 4625 3378 4687 fuerit,

1804 4726 2160 4787 exsequatur,
2213 4716 2422 4771 amicus
2464 4716 2635 4780 venit,
2680 4730 2778 4785 pro
2821 4725 2970 4770 certo
3013 4715 3262 4771 videlicet
3288 4717 3381 4768 hu-

1799 4808 1931 4863 bens
1973 4823 2060 4873 ea,
2101 4823 2222 4877 qua:
2274 4809 2370 4863 abs
2402 4817 2455 4862 te
2504 4808 2862 4877 imperantur,
2919 4808 2987 4862 ad
3036 4809 3288 4877 pietatem
3326 4821 3381 4861 et

1794 4898 2059 4969 justitiam
2087 4912 2354 4967 spectare.
2406 4900 2770 4967 Quamobrem
2804 4899 2972 4953 animi
3000 4901 3380 4969 promptitudi-

1802 5008 1923 5046 nem
1954 4991 2274 5056 admiratus,
2317 4991 2747 5047 benevolentiam
2803 4992 2904 5060 ipsi
2942 4996 3200 5061 repende.

1865 5102 2026 5175 41],
2063 5103 2224 5158 UDX.
2257 5131 2328 5142 -
2362 5100 2795 5158 MARTINIANO
2825 5101 3309 5157 PRESBYTERO.

1866 5214 1975 5283 Ego
2004 5227 2104 5267 nec
2142 5214 2300 5283 culpa
2344 5228 2525 5279 careo,
2575 5226 2675 5268 nec
2707 5210 2931 5277 amicos,
2959 5210 3050 5280 qui
3101 5208 3256 5278 culpa
3284 5223 3373 5264 ca-

1212 5482 1448 5539 VARIA‘J
1475 5484 1858 5542 LECTIONES
1896 5482 1985 5539 ET
2023 5483 2257 5541 NOTE.

213 5633 321 5712 19.3)
345 5637 400 5689 In
430 5637 511 5712 tit.
546 5636 704 5708 hujus
728 5652 816 5707 ep.
849 5652 948 5712 pro
961 5639 1207 5712 ’μοναχῷ
1234 5642 1354 5700 cod.
1384 5640 1561 5699 Vatic.
1596 5643 1701 5700 650

143 5701 321 5781 habet,
348 5701 924 5781 ναυάρχῳ,ἠαυὰτςίὶο.
958 5701 1161 5781 Possm;

209 5773 317 5839 (εὖ)
348 5773 647 5844 Idem-cod”
679 5777 944 5847 φωτίζων.
978 5779 1055 5835 in.

1881 5643 1994 5713 (25)
2027 5642 2350 5715 Ιιίοιηροά.,
2390 5645 2752 5715 προσταχθέν.
2784 5642 2861 5703 ID.

1882 5715 1992 5784 (‘26)
2027 5714 2142 5790 Non
2167 5714 2652 5790 Matp'ctytavtjiuscd
2696 5716 3016 5790 Μαρτυρίῳ.
3056 5715 3377 5776 lnscribitur

1808 5785 1921 5840 hanc
1954 5783 2040 5856 ep.
2074 5785 2128 5840 iu
2159 5783 2277 5842 cod.
2316 5783 2434 5841 Vat.
2471 5783 2594 5841 650.
2632 5786 2707 5841 In.
