3894 6412
489 361 625 430 1043

1686 366 1745 426 S.
1790 363 2085 427 ISIDORI
2122 365 2570 428 PELUSIO'I‘IE

3611 362 3717 431 Illi!

486 486 672 545 ream,
694 489 902 544 quaero,
929 488 1030 530 nec
1058 473 1200 530 enim
1234 473 1523 531 nanciscar
1549 492 1565 531 :
1606 487 1795 531 verum
1841 489 1956 544 eos,
1977 475 2066 546 qui

2174 475 2407 546 φίλουςν
2437 477 2501 531 οὐ
2554 475 2666 549 γάρ
2702 475 2954 548 εὑρήσω·
3014 474 3154 529 ἀλλά
3200 475 3329 540 τοῦς
3376 474 3596 529 πλεῖστα
3639 478 3719 548 μὶν

485 568 750 639 plurimas
769 578 824 622 et
850 567 1117 621 maximas
1143 566 1375 623 virtutes
1405 567 1660 633 habeant,
1683 582 1853 637 pauca
1883 577 2067 624 autem

483 672 543 715 et
569 659 750 730 exigui
786 657 1044 712 momenti
1076 657 1207 712 vitia
1243 659 1383 729 (ﬂeri
1414 659 1559 715 enim
1589 659 1813 716 omnino
1843 674 1949 715 non
1977 674 2072 730 po-

487 759 617 814 test,
650 750 780 819 quin
806 748 859 802 in
908 762 999 817 eo,
1033 749 1123 818 qui
1157 748 1321 804 homo
1351 758 1454 815 est,
1498 749 1687 804 vitium
1722 749 1940 820 aliquod
1973 751 2069 806 de-

485 840 872 912 prehendatur)
903 842 957 896 in
986 842 1285 897 amicorum
1321 842 1502 897 album
1536 840 1771 897 ascribo.
1806 841 1943 897 Nam
1975 844 2067 912 qui

485 935 556 989 ob
590 933 845 1004 exiguum
878 932 1069 988 vitium
1104 935 1397 988 maximam
1418 934 1584 989 etiam
1621 934 1879 990 virtutem
1906 936 2060 1005 parvi

486 1028 754 1095 pendunt,
789 1042 891 1082 nec
931 1042 1018 1082 res
1061 1027 1331 1081 humanas
1385 1026 1764 1093 considerant,
1797 1040 1901 1083 nec
1939 1041 2071 1097 apo-

487 1112 628 1167 stolo
674 1112 840 1168 Paulo
870 1129 1077 1169 morem
1118 1123 1334 1185 gerunt,
1365 1116 1433 1171 ad
1459 1116 1602 1171 hunc
1632 1115 1851 1172 modum
1882 1118 2071 1173 admo—

488 1208 638 1261 nenti
672 1222 688 1260 ;
730 1226 749 1259 ι
777 1205 930 1261 Alter
973 1205 1198 1262 alterius
1236 1222 1403 1263 onera
1456 1217 1689 1279 portate,
1721 1216 1777 1265 et
1796 1210 1876 1266 sic
1899 1212 2071 1267 adim-

486 1296 708 1366 plebitis
734 1296 906 1368 legem
935 1296 1140 1354 Christi
1164 1298 1232 1354 '°.
1281 1317 1300 1352 ι
1335 1299 1469 1355 Nam
1498 1300 1589 1370 qui
1620 1315 1846 1371 parvum
1878 1303 2069 1357 vitium

486 1389 712 1444 minime
739 1389 949 1457 sull'ert,
1000 1392 1047 1447 is
1090 1407 1191 1449 uec
1239 1393 1471 1447 maxima
1502 1395 1703 1449 virtute
1735 1393 2067 1462 perfruetur,

492 1497 595 1538 nec
652 1481 855 1539 Christi
921 1484 1120 1556 legem,
1161 1485 1265 1541 hoc
1301 1495 1386 1541 est
1437 1487 1760 1544 cbaritatem
1812 1487 2067 1557 explebit.

493 1573 642 1640 Quod
673 1574 718 1630 si
749 1575 952 1630 dixeris
981 1575 1032 1629 in
1079 1573 1260 1631 Veteri
1307 1576 1658 1633 Testamento
1705 1578 1927 1660 minime
1957 1578 2009 1631 di
2042 1606 2070 1617 -

488 1674 636 1719 ctum
684 1666 849 1722 fuisse
889 1684 904 1721 :
947 1686 967 1720 ι
1007 1667 1208 1739 Diliges
1237 1669 1545 1738 proximum
1574 1680 1724 1725 tuum
1764 1670 1905 1724 sicut
1934 1669 2069 1738 teip-

489 1772 648 1827 snm,
708 1779 729 1813 ι
793 1762 897 1817 hoc
954 1760 1352 1829 responderim,
1406 1762 1641 1816 maxime
1690 1761 1906 1831 quidem
1942 1775 2066 1815 eum

487 1848 636 1903 illam
665 1850 828 1903 etiam
885 1851 1168 1918 sanxisse;
1197 1851 1389 1907 deinde
1434 1862 1615 1907 autem
1650 1852 1702 1907 in
1735 1852 1937 1908 carnali
1966 1866 2063 1908 sua
2100 1825 2144 1881 Β

489 1940 776 2005 praesentia
805 1941 1010 2011 aliquid
1042 1944 1278 2013 amplius
1328 1943 1662 2012 adjunxisse,
1700 1960 1822 2000 cum
1878 1944 2015 2000 dixit
2046 1963 2061 2001 :

492 2047 514 2081 ι
546 2030 851 2088 Mandatum
881 2051 1078 2090 novum
1121 2037 1191 2091 do
1224 2035 1397 2101 vobis,
1439 2044 1499 2090 ut
1544 2037 1778 2107 diligatis
1810 2036 2062 2103 invicem,

486 2123 635 2180 sicut
693 2140 797 2196 ego
865 2127 1031 2186 dilexi
1057 2140 1162 2182 vos
1180 2122 1607 2184 "-“otEtenim
1667 2128 1889 2200 diligere
1945 2128 2066 2199 qui-

484 2217 609 2273 dem
643 2217 696 2272 in
742 2216 932 2274 Veteri
982 2218 1338 2274 Testamento
1368 2219 1534 2275 situm
1592 2227 1679 2275 est
1710 2235 1726 2274 :
1759 2220 1863 2275 hoc
1909 2235 2065 2286 vero,

492 2326 513 2359 ι
540 2308 679 2364 sicut
703 2324 802 2380 ego
824 2309 989 2365 dilexi
1025 2326 1176 2374 vos,»
1219 2308 1436 2381 adjecit.
1454 2311 1639 2381 quue
1669 2312 1892 2367 nomine
1915 2328 2065 2366 man-

483 2399 672 2454 datum
707 2417 897 2456 novum
925 2401 1099 2471 ipsum
1143 2401 1456 2472 appellavit.
1483 2401 1645 2458 Aliud
1687 2402 1831 2457 enim
1863 2413 1949 2458 est
1980 2403 2066 2458 di-

482 2490 654 2560 iigere
694 2491 999 2561 proximum
1075 2507 1232 2547 suum
1272 2493 1417 2548 sicut
1462 2491 1698 2563 seipsum
1734 2510 1752 2546 :
1786 2492 1931 2549 aliud
1962 2510 2059 2549 sua

484 2585 786 2656 negligere,
827 2596 888 2641 ut
935 2586 1308 2655 proximorum
1349 2586 1652 2643 commodis
1697 2587 1965 2643 consulat.
1997 2586 2067 2643 Ut

488 2678 635 2733 enim
673 2680 792 2747 ipse
830 2693 939 2732 non
989 2693 1141 2733 suam
1190 2677 1601 2746 sublimitatem,
1642 2680 1738 2735 sed
1785 2678 2064 2735 hominum

486 2768 773 2825 utilitatem
803 2769 905 2824 sibi
934 2768 1005 2824 ob
1042 2768 1233 2824 oculos
1267 2769 1569 2839 proposuit,
1600 2783 1666 2825 ac
1708 2769 1944 2840 seipsum
1968 2770 2069 2824 bu-

488 2859 703 2916 milians
744 2858 973 2915 formam
1022 2860 1166 2916 servi
1208 2862 1489 2932 suscipere
1547 2860 1771 2917 minime
1812 2871 2066 2932 gravatus

486 2960 593 3015 est,
648 2959 707 3005 ut
752 2965 943 3008 servos
1005 2953 1072 3007 ad
1110 2951 1345 3008 ﬁliorum
1406 2952 1752 3024 adoptionem
1793 2953 2061 3009 duceret:

484 3041 676 3098 eodem
736 3045 895 3099 modo
939 3043 1106 3099 etiam
1160 3058 1597 3115 unumquemque
1631 3052 1900 3111 nostrum,
1957 3059 2067 3099 non

488 3135 760 3205 privatum
788 3137 1159 3205 commodum,
1210 3136 1307 3194 sed
1356 3136 1728 3207 proximorum
1776 3136 2064 3191 utilitatem

489 3239 745 3299 spectare
765 3230 952 3300 jussit.
984 3230 1138 3296 Quod
1180 3230 1226 3286 si
1258 3229 1529 3300 quispiam
1574 3238 1682 3294 est,
1726 3230 1817 3300 qui
1865 3245 1928 3287 se
1971 3245 2069 3301 per

486 3321 792 3389 huiusmodi
819 3321 1202 3378 demissionem
1237 3322 1568 3379 detrimento
1599 3320 1737 3377 allici
1768 3323 2069 3391 existimet,

488 3412 619 3468 illud
648 3412 837 3467 audiat
889 3411 1208 3479 huiusmodi
1231 3413 1615 3470 demissionem
1652 3415 1720 3469 ad
1751 3413 1928 3483 ipsum
1958 3414 2061 3471 ho-

490 3502 643 3558 noris
664 3502 924 3559 verticem
954 3518 1079 3559 eum
1110 3504 1439 3561 subvehere.
1545 3520 1554 3530 ·

1004 3631 1186 3690 CDXI.
1208 3664 1278 3676 -—-
1301 3634 1551 3691 PETRO.

488 3727 600 3785 Cur
620 3729 704 3785 (ea:
725 3729 979 3799 leprosos,
1003 3739 1054 3783 et
1093 3729 1230 3784 alios
1273 3728 1646 3784 involuntariis
1671 3729 1865 3784 morbis
1916 3730 2065 3788 tabo-

593 3810 792 3867 rantes,
813 3809 964 3855 extra
991 3815 1146 3854 sacra
1174 3809 1320 3870 septa
1346 3800 1548 3854 versari
1583 3802 1833 3871 praeripit
1864 3800 1932 3855 “.

557 3992 714 4061 Quod
743 4006 810 4048 ex
849 3994 1136 4063 parentum
1168 3990 1489 4059 intemperie
1522 3988 1703 4058 proles
1743 4004 1959 4061 quoque
1985 3990 2068 4045 in-

488 4085 804 4156 temperiem
831 4083 1142 4149 contrahat,
1174 4082 1370 4138 rationi
1404 4093 1829 4139 consentaneum
1869 4090 1925 4138 et
1941 4097 2061 4153 per-

485 4180 729 4249 spicuum
761 4185 844 4232 est
881 4193 896 4232 :
929 4160 1072 4246 quod
1100 4183 1279 4230 autem
1303 4189 1369 4229 ex
1419 4174 1854 4244 intemperantia,
1886 4174 2066 4229 incer-

486 4280 600 4325 tum
623 4269 865 4340 quidem,
895 4268 990 4323 sed
1036 4267 1331 4324 verisimile
1375 4275 1480 4322 est.
1513 4265 1649 4321 Nam
1677 4267 1819 4336 quod
1855 4280 1924 4322 ex
1974 4266 2064 4332 iis,

484 4362 581 4431 qui
617 4362 844 4417 adversa
893 4360 1201 4415 valetudine
1239 4358 1507 4424 laborant,
1554 4367 1718 4429 atque
1745 4358 2066 4429 aegritudine

485 4453 666 4523 aliqua
698 4451 946 4523 occupati
970 4460 1119 4518 sunt,
1171 4449 1469 4505 imbecilles
1505 4448 1601 4504 filii
1627 4458 1943 4516 nascuntur,
1976 4465 2065 4503 ra-

2171 568 2393 641 ἔχοντας
2441 569 2538 623 καὶ
2588 567 2804 640 μεγάλα
2851 565 3281 639 κατορθώματα,
3334 565 3492 635 ὀλίγα
3538 567 3595 621 δὲ
3642 570 3719 622 καὶ

2169 660 2365 728 εὐτελῆ
2405 658 2765 731 ἐλαττώματα
2813 659 2916 732 (δεῖ
2966 659 3079 731 γάρ
3133 659 3355 723 πάντως
3402 659 3492 711 τὸν
3536 659 3718 730 ἀνθρω-

2170 768 2274 807 πον
2325 751 2663 822 τυγχάνοντα
2718 750 3079 823 ἐλεγχθῆναι)
3126 749 3209 813 είς
3242 750 3374 813 τοὺς
3419 749 3599 818 φίλους
3639 751 3719 817 ἑγ-

2169 844 2387 915 γράφω.
2428 844 2494 898 Οἱ
2547 843 2657 915 γάρ
2684 841 2774 897 διὰ
2805 842 3003 915 μικρὸν
3056 841 3350 913 ἐλάττωμα
3376 883 3392 907 ,
3433 841 3528 894 καὶ
3556 841 3611 893 τὸ
3638 843 3720 911 μέ-

2170 951 2357 1004 γιστον
2386 934 2774 1005 πλεονέκτημα
2817 934 2934 1005 (27)
2962 932 3396 1000 ἐξευτελίζοντες
3415 970 3432 995 ,
3463 931 3587 985 οὔτε
3607 934 3716 987 τὰν-

2171 1026 2428 1099 θρώπινα
2462 1026 2782 1093 σκοποῦσιν,
2839 1025 2967 1080 οὔτε
3012 1024 3092 1097 τῷ
3140 1024 3429 1095 ἀποστόλῳ
3478 1024 3724 1079 πείθονται

2169 1116 2370 1189 Παύλῳ
2395 1115 2748 1189 παραινοῦντι
2765 1131 2779 1146 ο
2828 1115 3103 1188 Ἀλλήλων
3129 1116 3206 1169 τά
3230 1115 3375 1187 βάρη
3408 1114 3716 1185 βαστάζετε,

2171 1210 2267 1264 καὶ
2282 1208 2458 1273 οὕτως
2481 1208 2548 1264 ἂν
2565 1207 3002 1281 ἀναπληρώσατε
3026 1208 3122 1262 τὸν
3144 1207 3310 1279 νόμον
3327 1206 3422 1261 τοῦ
3440 1206 3681 1280 Χριστοῦ.
3702 1228 3724 1260 ι

2181 1303 2241 1357 '0
2270 1300 2381 1374 γάρ
2421 1301 2496 1371 μὴ
2546 1300 2730 1372 φέρων
2764 1300 2825 1354 τὸ
2872 1299 3073 1373 μικρὸν
3102 1298 3391 1370 ἐλάττωμα
3415 1337 3432 1366 ,
3483 1299 3604 1352 οὔτε
3645 1298 3723 1352 τοῦ

2174 1393 2434 1465 μεγίστου
2468 1391 2897 1465 κατορθώματος
2924 1391 3226 1447 ἀπολαύσει
3248 1431 3265 1457 ,
3310 1390 3437 1445 οὔτε
3463 1391 3555 1445 τὸν
3581 1391 3723 1462 νόμον

2169 1486 2263 1541 τοῦ
2292 1485 2565 1558 Χριστοῦ,
2595 1484 2742 1539 τοῦτ’
2775 1484 2914 1545 ἔστι.
2942 1484 3043 1555 τὴν
3077 1485 3301 1554 ἀγάπην
3339 1483 3636 1556 πληρώσει.
3670 1485 3726 1537 Et

2168 1577 2225 1632 δὲ
2254 1577 2421 1647 φαίης
2442 1616 2459 1641 ,
2490 1579 2551 1631 ἐν
2585 1579 2653 1647 τῇ
2695 1574 2911 1647 Παλαιᾷ
2941 1570 3037 1630 οὖν
3067 1576 3319 1649 Διαθήκῃ
3368 1575 3471 1629 οὐκ
3497 1575 3723 1647 ιιῖρητιιι⁶

2176 1687 2197 1723 ι
2244 1669 2581 1741 Ἀγαπήσεις
2618 1668 2714 1722 τὸν
2757 1668 2988 1739 πλησίον
3036 1685 3130 1721 σου
3159 1667 3236 1731 ὠς
3264 1667 3488 1722 ἐαυτὸνο
3526 1687 3545 1721 s
3579 1667 3723 1738 φαίην

2172 1764 2255 1818 ὅτι
2290 1762 2528 1834 μάλιστα
2564 1761 2664 1832 μὲν
2695 1761 2958 1833 κάκείνην
2988 1760 3153 1822 αὐτὸς
3196 1760 3509 1825 ἐθέσπισεν,
3558 1759 3728 1813 ἔπειτα

2170 1854 2229 1908 δὲ
2258 1855 2317 1906 ἐν
2343 1855 2411 1924 τῇ
2441 1850 2723 1923 παρουσίᾳ.
2746 1850 2912 1906 αὐτοῦ
2941 1853 3009 1922 τῇ
3035 1849 3179 1905 κατὰ
3208 1849 3413 1921 σάρκα,
3446 1847 3725 1918 προσέθηκέ

2170 1963 2224 1999 τι
2252 1944 2437 2009 πλέον,
2482 1942 2650 1998 εἰπὼν
2693 1944 2776 1996 ὅτι
2800 1962 2819 1996 ι
2863 1942 3115 2013 Ἐντολὴν
3151 1942 3345 2012 καινὴν
3377 1940 3567 2011 δίδωμι
3599 1940 3724 2009 ὑμῖν,

2172 2035 2260 2089 ἵνα
2286 2034 2538 2104 ἀγαπᾶτε
2566 2032 2851 2104 ἀλλήλους,
2887 2030 3073 2095 καθὼς
3104 2030 3215 2100 ἐγὼ
3236 2031 3504 2102 ἠγάπησα
3531 2030 3677 2099 ὑμᾶς.
3702 2047 3719 2078 ι

2170 2128 2245 2183 Τὸ
2278 2127 2380 2201 μὲν
2412 2128 2524 2197 γάρ
2551 2125 2838 2196 ἀγαπῆσαι
2866 2125 2959 2178 καὶ
2988 2125 3051 2179 ἐν
3087 2126 3156 2196 τῇ
3186 2122 3404 2195 name
3441 2123 3613 2175 κεῖται
3635 2137 3647 2150 ο
3672 2120 3725 2173 τὸ

2169 2221 2247 2288 δὲ,
2278 2218 2510 2283 «Καθὼς
2536 2218 2648 2288 ἐγὼ
2674 2218 2937 2289 ἠγάπησα
2963 2217 3158 2288 ὑμᾶς,ι
3192 2214 3523 2287 προσέθηκε.
3539 2215 3621 2267 Διὸ
3645 2212 3725 2266 καὶ

2171 2312 2391 2379 καινὴν
2410 2310 2672 2379 ἐντολὴν
2698 2309 2867 2382 αὐτὴν
2889 2309 3169 2363 ἐκάλεσεν.
3204 2307 3369 2361 ’Δλλο
3389 2307 3498 2378 γὰρ
3525 2306 3584 2359 τὸ
3606 2308 3723 2372 ἀγαο

2170 2406 2344 2477 πῆσαι
2395 2405 2489 2459 τὸν
2524 2402 2695 2467 πέλας
2745 2403 2821 2468 ὡς
2864 2402 3062 2455 ἑαυτόν
3086 2418 3101 2434 ο
3146 2399 3278 2455 ἄλλο
3327 2398 3425 2453 καὶ
3463 2397 3532 2451 τά
3571 2399 3726 2451 οἰκεῖα

2172 2498 2443 2571 παριδεῖν,
2474 2496 2563 2550 ἴνα
2586 2495 2655 2550 τά
2676 2493 2787 2548 τῶν
2809 2493 2978 2558 πέλας
3000 2491 3386 2566 ἐπανορθώση.
3410 2492 3613 2562 Ὠσπερ
3630 2490 3725 2559 γάρ

2171 2589 2336 2654 αὐτὸς
2375 2588 2437 2642 οὑ
2467 2588 2606 2659 πρὸς
2637 2586 2701 2642 τὸ
2740 2588 2943 2641 οἰκεῖον
2976 2585 3110 2655 ὕψος
3130 2625 3146 2651 ,
3189 2584 3328 2638 ἀλλά
3378 2582 3515 2654 πρὸς
3548 2582 3603 2635 τὺ
3630 2581 3723 2635 τῶν

2171 2682 2476 2755 ἀνθρώπων
2504 2681 2700 2753 δφελος
2728 2676 2857 2746 εἶδε,
2884 2680 2981 2733 καὶ
3004 2676 3350 2741 ταπεινώσας
3383 2674 3589 2738 ἑαυτὸν,
3616 2691 3725 2745 μορ⁹

2172 2775 2281 2847 φὴν
2310 2773 2499 2829 δούλου
2534 2771 2843 2843 κατηξίωσε
2874 2770 3084 2835 λαϐεῖν,
3126 2768 3216 2821 ἵνα
3252 2768 3381 2830 τοὺς
3412 2765 3619 2828 δούλους
3652 2764 3721 2827 εἰς

2173 2866 2446 2921 υἱοθεσίαν
2480 2865 2662 2936 ἀγάγῃ
2690 2880 2704 2894 °
2736 2862 2879 2917 οὕτω
2905 2863 3003 2916 καὶ⁵
3022 2862 3253 2915 ἕκαστον
3272 2858 3436 2930 ἡμῶν
3466 2856 3721 2917 ἐκέλευσε,

2175 2959 2252 3032 μὴ
2282 2959 2423 3031 πρὸς
2456 2956 2518 3011 τὸ
2552 2958 2753 3010 οἰκεῖον
2792 2954 2986 3027 κέρδος
3022 2954 3176 3025 ὁρᾷν,
3216 2950 3355 3005 ἀλλά
3382 2949 3516 3021 πρὸς
3551 2947 3725 3001 ⁴-ιὺιιιῖδν

2172 3052 2347 3115 πέλας
2370 3049 2561 3119 ὄφελος
2597 3047 2838 3119 βλέπειν.
2870 3047 2934 3100 Εἰ
2963 3045 3021 3099 δὲ
3052 3043 3263 3116 νομίζει
3301 3060 3386 3106 τις
3418 3039 3726 3112 βλάπτεσθαι

2176 3139 2664 3213 συγκαταϐαίνων,
2719 3136 3041 3209 μανθανέτω
3065 3178 3081 3205 ,
3132 3135 3219 3189 ὅτι
3255 3135 3291 3205 ἡ
3345 3132 3726 3202 συγκαταϐασις

2170 3234 2311 3306 αὕτη
2351 3234 2433 3297 είς
2474 3230 2646 3301 αὐτὴν
2683 3227 2849 3284 αὐτὸν
2887 3228 3081 3299 ἀνάγει
3116 3226 3216 3298 τῆς
3246 3224 3417 3297 τιμῆς
3452 3222 3549 3296 τὴν
3574 3237 3722 3292 κορυ-

2169 3330 2301 3400 φήνι

2689 3641 2808 3695 ΥιΑ
2828 3677 2843 3695 .
2873 3667 2945 3679 —-
2979 3636 3226 3695 ΠΕΤΡΩ.

2689 3641 2808 3695 ΥιΑ
2828 3677 2843 3695 .
2873 3667 2945 3679 —-
2979 3636 3226 3709 ΠΕΤΡῼ.

2167 3737 2272 3793 Διὰ
2302 3736 2361 3789 τί
2390 3736 2423 3789 ό
2446 3735 2631 3803 νόμος
2655 3733 2800 3798 τοὺς
2818 3728 3189 3803 λεπρῶντας,
3212 3725 3251 3794 ἣ
3275 3723 3538 3803 ’ἐτέρους
3556 3721 3723 3803 facile

2232 3791 2393 3876 ματα
2414 3791 2675 3859 ἀκὸύσῖα
2702 3791 3069 3876 νοξγοιῖνὶας,
3099 3791 3216 3863 ἔξω
3239 3791 3399 3851 εἶναι
3423 3793 3541 3850 τῶν
3572 3792 3726 3862 ἱερῶν

2239 3871 2573 3946 περιϐόλων
2601 3871 2964 3941 προσέταξε.

2237 3988 2312 4041 Τὺ
2348 3988 2447 4058 μὲν
2475 3989 2540 4041 ἐκ
2573 3985 2912 4058 δυσκρασίας
2949 3984 3058 4038 τῶν
3090 3982 3299 4052 γονέων
3342 3980 3441 4036 καὶ
3470 3979 3535 4033 τά
3565 3975 3724 4031 τικτό-

2171 4097 2308 4151 μενα
2351 4079 2631 4151 δύσκρατα
2670 4074 2831 4143 εἷναι,
2861 4078 2957 4130 καὶ
2981 4075 3132 4139 είκδς
3178 4074 3275 4128 καὶ
3305 4072 3467 4143 δῆλον
3486 4089 3502 4102 ·
3526 4070 3585 4124 τὸ
3605 4070 3645 4123 δ’
3673 4069 3726 4134 ἐξ

2166 4172 2437 4245 ἀκρασίας
2459 4212 2473 4237 ,
2502 4172 2697 4243 ἄδηλον
2732 4171 2863 4242 μὲν,
2893 4161 3039 4233 εἶκδς
3067 4168 3146 4222 δέ.
3184 4166 3260 4220 Τὸ
3295 4165 3399 4237 μὲν
3436 4164 3543 4234 γὰρ
3569 4164 3629 4215 ἐκ
3651 4178 3726 4213 νο·

2173 4264 2416 4318 σούντων
2440 4296 2462 4326 .
2513 4262 2610 4319 καὶ
2672 4262 2871 4318 πάθεσι
2928 4260 3085 4335 [τισὶ]
3152 4257 3726 4332 προσκαταληφθένιων

2166 4356 2366 4426 ἀσθενῆ
2395 4355 2698 4422 τίκτεσθαι,
2723 4354 2825 4408 οὐκ
2849 4353 3079 4416 ἀπεικός
3099 4368 3114 4384 ·
3137 4352 3198 4405 τὸ
3221 4351 3278 4405 δέ
3305 4350 3365 4416 ἐξ
3398 4351 3726 4418 ὑγιαινόντων

2171 4449 2291 4519 μὲν,
2325 4448 2569 4520 ἀκρασίᾳ
2604 4446 2663 4500 δὲ
2692 4446 3093 4518 προσεχόντων,
3127 4443 3273 4508 εἰκὸς
3301 4443 3424 4514 μὲν,
3449 4442 3635 4514 ἄδηλον
3655 4438 3725 4492 δέ.

489 4546 620 4600 ιίυιιί
666 4546 1067 4603 dissentaneum
1121 4560 1225 4598 non
1272 4553 1356 4599 est
1392 4544 1570 4614 :quod
1617 4552 1796 4598 autem
1825 4559 1891 4598 ex
1921 4543 2066 4597 sanis

2174 4540 2287 4604 Διδ,
2316 4538 2393 4601 ὡς
2428 4533 2620 4611 οἴμαι,
2645 4538 2742 4591 καὶ
2780 4539 2809 4591 ὁ
2845 4536 3132 4607 προφήτης
3174 4532 3438 4605 Ἰεζεχιὴλ
3467 4530 3600 4604 μετά
3632 4527 3728 4581 τῶν

486 4640 729 4709 quidem,
781 4654 968 4694 verum
1012 4636 1443 4707 intemperantia
1497 4635 1726 4701 deditis,
1772 4635 2065 4690 verisimile

489 4731 707 4800 quidem
731 4740 837 4796 est,
888 4746 995 4783 non
1055 4740 1234 4784 tamen
1279 4728 1641 4799 perspicuum.
1682 4726 1833 4783 Unde
1874 4726 2064 4792 etiam,

490 4832 549 4875 ut
577 4821 790 4890 opinor,
824 4820 1085 4891 propheta
1136 4817 1389 4873 Ezechiel
1421 4817 1583 4873 simul
1630 4832 1752 4872 cum
1784 4816 1903 4871 aliis
1934 4831 2064 4887 pec-

490 4912 630 4968 catis
660 4910 786 4965 illud
820 4911 983 4965 etiam
1007 4909 1307 4975 collocavit,
1349 4909 1494 4978 quod
1544 4916 1796 4976 peccator
1833 4909 1901 4960 ad
1946 4922 2063 4961 mu-

491 5002 682 5057 lierem
732 5008 1008 5056 menstruo
1046 4999 1310 5071 proﬂuvio
1364 5000 1700 5054 laborantem
1749 4997 2065 5055 accesserit.

492 5093 656 5167 412
690 5093 1012 5163 Quanquam
1040 5093 1183 5148 enim
1210 5091 1553 5162 potissimum
1596 5090 1699 5146 hoc
1743 5090 1952 5146 idcirco
1980 5090 2065 5145 di-

2171 4631 2349 4688 άλλων
2394 4630 2813 4703 ἁμαρτημάτων
2844 4628 3002 4693 ἔταξε
3030 4628 3090 4681 τδ
3114 4627 3211 4681 καὶ
3257 4627 3399 4697 πρὸς
3429 4627 3650 4693 γυναῖκα
3676 4621 3729 4673 ἐν

2170 4725 2392 4797 ἀφέδρῳ
2436 4718 2605 4777 οὖσαν
2641 4719 3050 4792 εἰσεληλυθέναι
3108 4718 3202 4771 τὸν
3247 4716 3592 4788 ἁμαρτωλὸν.
3622 4711 3729 4767 Μά-

2170 4818 2330 4872 λιστα
2366 4816 2465 4889 μέν
2507 4815 2617 4887 γὰρ
2646 4813 2795 4868 τοῦτ’
2825 4813 2931 4885 ἔφη
2959 4851 2975 4877 ,
3009 4811 3069 4864 τὸ
3109 4810 3322 4882 πρέπον
3348 4811 3419 4880 τῇ
3456 4807 3609 4878 φύσει
3639 4821 3724 4872 φυ-

2170 4909 2401 4974 λάττων,
2447 4909 2541 4962 καὶ
2573 4906 2981 4979 καθαιρομένην
3022 4902 3195 4973 αὐτὴν
3233 4898 3586 4971 ἐνοχλεῖσθαι,
3615 4898 3729 4950 ἀτο·

2173 5000 2426 5056 πώτατον
2451 4996 2589 5055 εἶναι
2620 4998 2924 5069 ἡγούμενος
2947 5012 2961 5026 ³
2997 4995 3193 5049 ἔπειτα
3217 4993 3276 5046 δὲ
3305 4993 3395 5046 ἵνα
3430 4991 3504 5062 μὴ
3526 4987 3730 5045 καὶτοῖς

2174 5092 2516 5164 τικτομένοις
2536 5091 2862 5163 νοσημάτων
2884 5086 3139 5158 εἰδεχθιῖη
3155 5084 3321 5140 αἴτιοι
3345 5083 3585 5154 γένοιντο
3604 5076 3725 5149 (‘18).

550 5273 605 5305 ⁵⁸
627 5270 800 5326 Galat.
829 5286 906 5335 vr,
927 5268 982 5324 2.
1042 5260 1161 5299 “-‘°
1188 5257 1345 5317 .loan.
1373 5277 1471 5328 stt,
1500 5259 1590 5314 54.
1661 5258 1705 5291 ⁶¹
1739 5256 1912 5313 Levit.
1952 5270 2066 5309 χχιι

2174 5268 2189 5318 ;
2226 5250 2388 5308 Num.
2419 5267 2472 5317 v,
2503 5251 2558 5307 2.

1590 5411 1825 5469 VARUE
1865 5409 2255 5466 LECTIONES
2291 5411 2378 5467 ET
2410 5407 2649 5465 NOTIE.

564 5584 679 5646 (27)
711 5582 847 5639 Cod.
883 5580 1005 5635 Vat.
1062 5580 1191 5643 650,
1216 5574 1583 5647 εὐεργέτημα.
1623 5573 1834 5647 Possm.

742 5655 816 5708 De
870 5653 1070 5705 morbis
1109 5641 1505 5723 lueredi'tariis',
1555 5645 1649 5723 qui
1695 5662 1721 5696 ιι
1760 5641 2071 5723 parentibus

503 5713 607 5780 non
659 5713 795 5778 bene
828 5724 974 5775 sanis
1005 5723 1057 5776 in
1109 5720 1309 5775 liberos
1342 5713 1634 5771 transmitti
1678 5713 2072 5783 propagarique

503 5795 697 5860 solent,
726 5794 843 5849 vide
872 5792 1247 5864 Hippocratem
1283 5789 1377 5844 lib.
1411 5786 1549 5856 Περὶ
1577 5781 1817 5856 φύσεως
1844 5781 2069 5852 ἀνθρώ-

2178 5588 2318 5636 που,
2341 5581 2395 5625 et
2424 5569 2766 5626 Prtediction.
2791 5567 2884 5625 lib.
2905 5584 2964 5632 ιι,
2986 5567 3253 5625 Galenum
3276 5565 3350 5621 De
3363 5566 3734 5636 sauit._tuead.;

2173 5633 2329 5697 Joan.
2369 5640 2581 5696 Fernel.
2609 5640 2860 5695 Ambian.
2889 5638 3172 5705 Patltolog.
3207 5636 3243 5690 Ι.
3270 5637 3336 5701 2,
3365 5652 3480 5703 cap.
3508 5633 3572 5700 Ως
3618 5644 3733 5702 qua

2174 5714 2295 5771 loco
2325 5712 2579 5769 indicavit
2610 5711 2741 5766 mihi
2776 5710 2859 5766 vir
2886 5711 2954 5764 cl.
2988 5709 3054 5766 (ὅ.
3084 5707 3311 5764 Remus.
3340 5706 3501 5762 Βιττ.
