3894 6412
181 336 303 400 1045

1061 340 1595 401 EPISTOLABUM
1634 340 1779 401 LIB.
1821 340 1934 401 III.
1970 362 2043 375 '-
2079 341 2313 402 EPIST.
2347 339 2611 403 CDXIII.

3286 333 3431 399 1046'

176 450 512 521 Μὶγνὺμενον
543 449 656 522 γὰρ
690 449 750 503 τὺ
777 449 872 503 τοῦ
905 451 1098 521 ἀνδρὸς
1131 453 1353 523 σπέρμα
1389 451 1468 523 τῷ
1498 452 1741 523 ἀκαθάρ-

1843 453 1941 517 xit,
1975 461 2033 508 ut
2076 453 2411 508 honestatem
2452 460 2660 506 natura
2707 449 3028 515 custodiret,
3056 456 3112 504 et
3139 447 3265 519 quia
3295 448 3418 519 ipsi,

174 561 245 611 τῳ
271 542 365 611 τῆς
394 540 616 612 θηλείας
642 542 856 611 αἵματι,
891 542 1118 612 σώματα
1149 544 1435 598 ἀποτίκτει
1470 545 1738 613 νοσήμασι

173 632 443 700 διαφόροις
472 631 830 701 ὑποκείμενα.
870 631 1374 701 Ἐναπομάσσονται
1398 632 1509 702 γάρ
1534 631 1738 702 τρόπον

173 723 288 775 τινὰ
327 724 426 792 τὴν
446 723 557 776 τῶν
608 723 812 791 γονέων
860 722 1152 795 ἀκρασίαν.
1194 723 1256 776 Ei
1314 722 1529 785 τοίνυν,
1580 721 1737 792 φησὶ,

174 810 479 882 φροντίζετε
519 812 619 881 τῆς
667 812 778 863 τῶν
822 813 1164 881 τικτομένων
1204 811 1505 882 εὐκρασίας
1537 828 1599 865 τε
1643 810 1739 863 καὶ

173 901 409 969 ὑγιείας,
441 902 537 954 καὶ
576 902 638 954 οὐ
684 901 939 971 βούλεσθε
989 902 1127 956 αὐτὰ
1163 901 1491 971 Ἐκκλησίας
1526 901 1739 973 Κυρίας

175 992 514 1062 χωρίζεσθαι,
545 993 901 1063 φυλάττεσθε,
932 995 1027 1048 καὶ
1053 995 1245 1065 καιρὸν
1268 994 1553 1057 συνουσίας
1579 993 1741 1062 γινώ-

178 1101 348 1147 σκετε,
384 1085 476 1138 ἵνα
502 1086 577 1157 μὴ
608 1087 705 1141 καὶ
730 1086 800 1140 τὰ
834 1086 1002 1140 τέκνα
1030 1087 1131 1157 τῆς
1158 1087 1455 1151 ἀκολασίας
1485 1086 1639 1157 ὑμῶν
1669 1084 1739 1140 τά

180 1176 413 1247 σύμϐολα
443 1180 803 1250 περιφέρωσι.

1837 542 1963 596 dum
1994 542 2046 596 in
2076 542 2393 611 purgatione
2424 550 2695 606 versatur,
2720 539 2990 611 negotium
3021 539 3292 605 exhiberi,
3322 539 3418 591 ab-

1837 631 2217 687 surdissimum
2240 631 2449 687 facinus
2482 646 2604 687 esse
2642 631 2883 697 duceret,
2923 638 3101 684 tamen
3132 628 3294 683 etiam
3319 630 3420 683 hoc

1836 737 1899 778 ea
1932 724 2145 778 ratione
2182 723 2342 789 dixit,
2372 730 2433 777 ut
2481 737 2550 778 ne
2588 722 2712 778 filiis
2761 737 2976 792 quoque
3011 720 3124 776 suis
3152 718 3418 776 foedorum

1842 815 2155 869 morborum
2208 828 2370 869 causa
2420 814 2764 869 exsisterent.
2814 814 3092 885 Siquidem
3143 812 3303 866 virile
3332 827 3421 867 se-

1844 922 1965 961 men
2005 921 2126 960 cum
2155 906 2365 974 impuro
2403 903 2616 960 feminae
2641 907 2905 975 sanguine
2932 904 3276 959 commistum
3299 918 3424 957 cor.

1842 1012 1972 1066 pora
1998 996 2164 1050 variis
2191 995 2502 1050 morborum
2547 995 2835 1066 generibus
2867 995 3095 1050 obnoxia
3149 1005 3418 1065 procreat.

1846 1088 2055 1143 Etenim
2086 1096 2364 1157 parentum
2397 1086 2865 1157 intemperantiam
2895 1095 2951 1142 et
2980 1086 3256 1141 libidinem
3288 1102 3421 1156 quo~

1845 1180 2129 1235 dammodo
2168 1180 2497 1249 exprimunt.
2528 1177 2914 1246 Quamobrem,
2944 1179 3139 1240 innuit.
3176 1180 3221 1233 si
3264 1178 3417 1247 probi

182 1270 405 1327 tiliomm
434 1282 739 1329 vestrorum
774 1273 1209 1342 temperamenti,
1236 1282 1293 1330 et
1325 1274 1576 1330 sanitatis
1606 1287 1735 1329 cura
1775 1289 1871 1331 vos
1908 1275 2099 1346 tangit,
2136 1290 2235 1331 nec
2288 1275 2454 1331 vultis
2507 1284 2566 1329 ut
2600 1290 2668 1330 ex
2716 1274 2996 1329 Dominica
3056 1274 3296 1329 Ecclesia
3329 1289 3419 1329 se-

175 1364 480 1434 jungantur,
523 1374 732 1430 cavete,
768 1375 930 1435 atque
975 1381 1304 1437 congressus
1336 1366 1557 1423 feminei
1605 1376 1815 1437 tempus
1870 1370 2170 1439 agnoscite,
2200 1384 2269 1426 ne
2319 1367 2523 1439 alioqui
2559 1366 2657 1422 ﬁlii
2718 1381 2934 1438 quoque
2991 1366 3421 1435 intemperantia:

176 1468 325 1529 atque
364 1461 714 1530 impudicitiae
740 1471 931 1516 vestra:
955 1471 1109 1516 notas
1141 1463 1551 1519 circumferant.

284 1569 434 1624 YlB'.
463 1600 536 1611 -—-
556 1572 989 1646 ΜΑΡΤΙΝΙΔΝῼ
1025 1576 1147 1628 ΚΑΙ
1186 1576 1454 1630 MAPONI
1477 1577 1611 1650 (29).

238 1682 297 1736 Ei
326 1683 425 1737 καὶ
457 1681 521 1735 τὸ
546 1679 688 1747 εἶδος
715 1683 817 1753 τῆς
841 1683 1011 1755 μέθης
1054 1685 1164 1738 τῶν
1200 1687 1295 1740 ἐπὶ
1328 1689 1455 1759 οϊνῳ
1484 1690 1578 1743 καὶ
1602 1691 1738 1762 χρή-

178 1792 301 1845 μασι
328 1774 651 1830 λυττώντων
675 1777 792 1830 ἐστὶ
813 1777 1074 1850 διάφάρον
1107 1779 1189 1849 (τὸ
1215 1780 1314 1849 μὲν
1352 1780 1460 1851 γὰρ
1491 1781 1549 1847 ἐξ
1570 1783 1735 1847 οἴνου,

2036 1576 2326 1635 CDXII.—-
2346 1575 2777 1633 MARTINIANO
2806 1577 2896 1634 ET
2926 1576 3216 1634 MARONI.

1916 1693 2030 1749 Etsi
2049 1692 2375 1748 temulentis:
2424 1706 2634 1757 eorum,
2671 1690 2765 1760 qui
2816 1691 2926 1746 vini
2982 1699 3039 1745 et
3067 1689 3457 1771 pecuuiarum_

1844 1781 1997 1837 rabie
2047 1789 2319 1842 tenentur,
2365 1780 2573 1850 species
2621 1778 2833 1835 diversa
2861 1779 2991 1847 est(
3020 1777 3188 1833 altera
3216 1779 3360 1833 enim
3387 1795 3416 1831 a

174 1866 227 1919 τὸ
274 1867 330 1920 δὲ
377 1866 488 1920 ἀπὸ
537 1868 835 1939 χρημάτων
876 1869 1162 1940 γίνεται),
1194 1870 1332 1924 ἀλλά
1372 1888 1439 1941 γε
1467 1872 1531 1926 τὸ
1569 1872 1740 1937 πάθος

1844 1872 1987 1937 vino,
2020 1871 2191 1926 altera
2216 1885 2344 1926 vero
2380 1885 2410 1924 a
2450 1869 2694 1939 pecuniis
2730 1869 3140 1939 proﬁciscitur),
3182 1878 3240 1923 at
3278 1868 3409 1923 aﬂ'e-

177 1957 365 2029 'apomv.
398 1958 510 2013 Καὶ
540 1960 650 2029 γὰρ
677 1959 975 2032 ἀμφότεροι
1020 1962 1220 2033 ὁμοίως
1252 1961 1521 2035 ἐπιθυμίᾳ
1551 1964 1741 2034 ἀτόπῳ

175 2046 537 2115 κεχείρωνται.
572 2048 641 2100 Ὅ
666 2064 725 2100 τε
748 2048 858 2120 γὰρ
901 2049 1134 2117 φίλοινος
1172 2052 1282 2122 ὅσῳ
1316 2051 1382 2107 ἂν
1416 2052 1632 2117 πλείους
1654 2054 1745 2107 ἐκ-

187 2137 278 2208 πίῃ
308 2136 573 2206 κύλικας,
603 2139 844 2212 τοσούτῳ
871 2140 1130 2195 πλειόνων
1156 2144 1406 2214 ὀρέγεται
1425 2160 1440 2176 ο
1468 2146 1496 2199 ὃ
1522 2163 1581 2198 τε
1609 2146 1742 2216 ἐρα-

175 2230 541 2300 σιχρήματος,
593 2232 809 2305 ὅσῳπερ
868 2234 935 2288 ἂν
982 2235 1153 2289 πλείω
1202 2238 1407 2309 συνάγη
1434 2278 1448 2302 ,
1504 2240 1741 2310 τοσούτῳ

178 2320 369 2390 μᾶλλον
410 2322 641 2376 ἀνάπτει
673 2323 773 2394 τῆς
812 2325 1110 2398 ἐπιθυμίας
1146 2328 1245 2399 τὴν
1271 2330 1522 2400 κάμινον.
1554 2332 1741 2403 Τούτῳ

176 2412 266 2482 μὲν
288 2407 384 2467 οὖν
406 2413 582 2468 ἔοικεν
608 2428 624 2443 ⁶
660 2414 831 2487 ἑτέρῳ
853 2416 908 2470 δὲ
938 2417 1101 2472 πάλιν
1130 2420 1168 2489 6|
1190 2420 1523 2491 φιλάργυρος
1552 2422 1743 2474 ’πλεον⁸

172 2507 325 2557 εκτεῖ.
370 2506 613 2570 Ἐκεῖνος
653 2506 756 2577 μὲν
796 2508 925 2578 γὰρ,
961 2510 1010 2562 εί
1038 2511 1133 2563 καὶ
1176 2511 1357 2580 πάσης
1407 2514 1521 2565 ἐστὶ
1567 2530 1740 2567 κατα-

176 2594 420 2660 γνώσεως
441 2596 611 2663 άξιος,
631 2597 749 2654 ἀλλ’
773 2597 865 2654 οὖν
890 2617 955 2669 γε
978 2603 1212 2672 πρᾶγμα
1240 2603 1439 2673 πάσχει
1470 2605 1613 2658 κατὰ
1640 2603 1741 2673 φύ-

175 2704 250 2741 σιν
296 2690 362 2759 (ὁ
392 2690 503 2760 γὰρ
539 2686 683 2754 οἶνος
734 2690 936 2760 θερμὸς
968 2691 1045 2745 ὢν
1075 2694 1170 2747 καὶ
1210 2693 1441 2763 διακαὴς
1465 2733 1480 2757 ,
1512 2697 1609 2748 καὶ
1638 2695 1739 2764 τὴν

175 2778 403 2848 ἔμφυτον
446 2781 733 2836 ἐπιτείνων
766 2781 1073 2853 ξηρότητα,
1102 2785 1229 2847 τοὺς
1269 2784 1567 2855 μεθύοντας
1594 2789 1740 2839 ποιεῖ

174 2868 315 2941 διψῆν
334 2874 352 2936 )
374 2887 390 2900 θ
424 2864 582 2936 οὗτος
606 2873 662 2927 δὲ
692 2872 856 2927 πόθεν
903 2874 992 2926 ἀεὶ
1023 2873 1285 2928 πλειόνων
1333 2875 1609 2945 ὀρέγεται,
1638 2880 1740 2931 οὐκ

176 2964 270 3034 Exte
287 2965 468 3034 λέγειν
496 2968 682 3020 πόθεν.
709 2967 965 3020 Ἐπειδὰν
990 2968 1099 3039 γὰρ
1128 2969 1391 3039 μειζόνως
1426 2971 1733 3043 πλουτήσῃ,

172 3058 283 3109 τότε
311 3058 551 3129 μάλιστά
585 3061 732 3112 ἐστιν
762 3060 820 3112 ὲν
852 3060 1035 3130 πενίᾳ.
1069 3062 1312 3132 ¹Ἃπορον
1356 3062 1465 3134 γὰρ
1487 3062 1646 3116 τοῦτο
1676 3062 1738 3117 τὸ

172 3148 413 3221 νόσημα,
451 3151 546 3203 καὶ
599 3152 882 3222 αἰνίγματι
931 3152 1129 3223 μᾶλλον
1179 3153 1377 3217 ἐοικός.
1434 3153 1644 3208 Οὐκοῦν
1684 3157 1735 3209 εί

1843 1974 1961 2019 ctus
1990 1972 2169 2017 tamen
2200 1961 2389 2017 similis
2403 1970 2505 2018 est.
2541 1960 2674 2015 Nam
2716 1961 2931 2031 utrique
2976 1961 3164 2017 eodem
3196 1962 3355 2015 modo
3380 1977 3407 2013 ο

1844 2054 1985 2126 turpi
2018 2064 2072 2110 et
2105 2053 2342 2109 absurda
2389 2052 2685 2122 cupiditate
2722 2052 2929 2107 subacti
2959 2059 3105 2106 sunt.
3136 2050 3414 2119 Siquidem

1841 2157 1896 2205 et
1930 2147 2023 2218 qui
2048 2147 2158 2202 vini
2190 2146 2380 2201 avidus
2416 2153 2519 2212 est,
2552 2159 2660 2214 quo
2689 2144 2871 2214 plures
2903 2143 3100 2199 calices
3144 2143 3412 2197 exhause-

1843 2240 1932 2305 rit,
1984 2253 2052 2293 eo
2104 2237 2285 2308 plures
2338 2236 2578 2307 appetit:
2609 2244 2663 2289 et
2703 2236 2795 2305 qui
2847 2235 3199 2305 pecuniarum
3231 2249 3417 2289 amore

1843 2338 2077 2393 tenetur,
2115 2342 2223 2398 quo
2269 2326 2420 2397 plura
2447 2325 2747 2396 collegerit,
2788 2340 2853 2380 eo
2893 2325 3063 2395 magis
3106 2324 3419 2395 cupiditatis

1841 2424 2115 2478 fornacem
2140 2422 2405 2476 accendit.
2442 2420 2621 2489 Atque
2670 2420 2785 2475 haec
2813 2420 3028 2488 quidem
3065 2433 3128 2472 ea
3157 2434 3214 2473 re
3243 2418 3318 2473 illi
3351 2419 3419 2473 si-

1841 2512 1984 2568 milis
2014 2521 2117 2568 est.
2143 2512 2213 2565 At
2242 2525 2369 2566 vero
2405 2511 2515 2566 alia
2552 2526 2766 2566 rursum
2819 2510 3031 2565 ratione
3063 2511 3109 2565 is
3141 2510 3231 2580 qui
3254 2524 3419 2580 pecu-

1841 2606 1942 2659 niae
1965 2605 2143 2660 studio
2190 2603 2399 2675 ﬂagrat,
2425 2604 2737 2674 superiores
2770 2602 2897 2657 fert.
2932 2601 3072 2656 Nam
3110 2618 3235 2658 cum
3258 2601 3416 2666 alter,

1839 2705 1894 2752 et
1927 2697 1975 2750 si
2000 2695 2148 2750 omni
2188 2694 2606 2763 reprehensione
2647 2703 2811 2765 atque
2858 2695 3306 2750 condemnatione
3335 2695 3418 2749 di-

1840 2804 1977 2859 gnus
2026 2789 2121 2851 Sil,
2155 2796 2333 2842 tamen
2370 2802 2482 2841 rem
2529 2796 2737 2842 natura}
2767 2798 3186 2843 consentaneam
3223 2801 3415 2856 perpe-

1843 2882 2004 2936 tiatur
2035 2877 2262 2951 (vinum
2294 2878 2494 2948 quippe
2546 2894 2668 2933 cum
2724 2876 2992 2934 fervidum
3016 2889 3071 2933 et
3099 2879 3295 2933 ardens
3325 2879 3417 2944 sit,

1840 2986 1904 3026 ac
1938 2972 2241 3025 naturalem
2276 2970 2579 3025 siccitatem
2609 2981 2822 3040 augeat,
2852 2970 3019 3025 ebriis
3051 2970 3196 3025 sitim
3231 2984 3417 3025 accer-

1840 3062 1974 3133 sit);
2008 3063 2096 3117 hic
2120 3072 2332 3124 contra,
2369 3074 2473 3131 qua
2518 3062 2586 3117 de
2614 3076 2775 3116 causa
2803 3062 2955 3131 plura
2986 3074 3200 3130 semper
3247 3076 3416 3131 appe-

1842 3163 1940 3220 tat,
1986 3155 2168 3211 dicere
2208 3168 2439 3224 nequeo.
2483 3154 2618 3209 Nam
2655 3169 2779 3209 cum
2810 3153 3103 3223 ampliores
3128 3167 3263 3222 opes
3290 3167 3419 3208 con-

100 3288 101 3291 η
171 3241 598 3312 θεραπευόμενον
638 3243 1008 3314 ὲπιτρίϐεται,
1058 3246 1156 3298 καὶ
1203 3245 1282 3316 τῷ
1324 3246 1732 3318 ὲπινενοημένῳ

1843 3253 2057 3301 secutus
2084 3254 2193 3311 est,
2226 3255 2339 3300 tum
2362 3247 2579 3300 demum
2603 3245 2839 3300 maxime
2868 3245 2921 3300 in
2947 3253 3263 3315 paupertate
3294 3259 3419 3299 ver-

173 3336 441 3405 φαρμάκῳ
495 3335 872 3407 χαλεπώτερον
914 3338 1163 3405 γίνεται.
1215 3338 1552 3409 παυσώμεθα
1599 3338 1734 3409 ὓλην

173 3428 498 3497 παρέχοντες
525 3427 603 3497 τῷ
624 3428 853 3499 τοιούτῳ
877 3430 1044 3500 πυρὶ,
1078 3430 1174 3483 καὶ
1207 3429 1306 3499 τὴν
1340 3430 1736 3501 προϋπάρχου-

173 3534 261 3569 σαν
295 3518 329 3587 ἢ
354 3516 594 3589 ἀθρόως,
634 3519 668 3589 ἢ
706 3518 845 3571 κατὰ
883 3518 1079 3589 μικρὸν
1112 3518 1500 3590 ὑπεξέλωμεν·
1534 3521 1621 3573 ἵνα
1658 3520 1733 3592 μὴ

171 3607 423 3663 ἄσϐεστον
461 3610 754 3681 γενόμενον
795 3610 1073 3666 κάνταῦθα
1113 3612 1261 3682 ἡμᾶς
1301 3611 1555 3684 τεφρώσῃ
1579 3653 1593 3678 ,
1638 3614 1737 3667 κά-

172 3702 307 3753 κεῖσε
335 3699 415 3770 τῷ
443 3700 695 3771 ἀσϐέστῳ
717 3700 1064 3775 παραπέμψει
1095 3702 1250 3772 πυρί.

1841 3347 2011 3393 satur.
2061 3336 2464 3406 lnexplicahilis
2504 3339 2648 3393 enim
2696 3338 2787 3393 hic
2840 3337 3063 3393 morbus
3096 3348 3201 3404 est,
3259 3345 3418 3408 atque

1838 3428 2110 3498 aanigmati
2133 3429 2344 3485 similis.
2371 3429 2732 3496 Quamobrem
2759 3429 2803 3482 si
2836 3444 2957 3482 cum
2993 3438 3222 3484 curatur
3244 3430 3417 3500 ξηαπ-ες

1840 3518 2033 3583 vescit,
2065 3533 2129 3573 ac
2159 3534 2254 3589 per
2283 3510 2657 3590 excogitatum"
2692 3520 2990 3574 remedium
3016 3520 3257 3574 atrocior
3285 3521 3411 3573 red-

1841 3609 2012 3674 ditur,
2046 3610 2327 3665 materiam
2356 3610 2761 3687 ejusuto‘di‘igni
2807 3610 3049 3679 praebere
3079 3608 3413 3672 desinamus,

1842 3718 1908 3757 ac
1942 3702 2227 3772 pristinam
2253 3702 2336 3758 vel
2358 3705 2540 3758 subito
2567 3703 2652 3757 vct
2684 3702 2945 3773 paulatim
2978 3702 3364 3756 subtrahamus
3399 3719 3411 3753 :

174 3790 448 3858 nealioqui
520 3789 883 3846 inexstinctus
929 3789 1175 3857 effectus,
1211 3802 1269 3847 et
1315 3793 1403 3849 hic
1467 3807 1568 3848 nos
1598 3795 1652 3849 in
1681 3793 1918 3850 cinerem
1983 3794 2211 3866 redigat,
2261 3806 2316 3848 et
2338 3794 2447 3849 illic
2524 3794 2592 3848 ad
2628 3807 2901 3863 nunquam
2966 3791 3415 3862 exstinguendum

173 3879 337 3949 ignem
388 3884 741 3937 transmittat.

404 3998 553 4053 TII".
592 4030 665 4041 —
695 3998 1009 4054 ΔΙΟΓΕΝΕΙ
1049 4002 1520 4073 ΠΡΕΣΒΥΤΕΡῼ.

245 4108 513 4181 Ἠγοῦμαι
556 4112 636 4166 ὅτι
672 4112 905 4178 ἕκαστος
938 4114 998 4179 ἐξ
1042 4108 1116 4168 ὧν
1171 4115 1443 4186 πράττει,
1474 4117 1569 4170 καὶ
1604 4119 1733 4188 περὶ

172 4200 269 4253 τῶν
297 4202 599 4272 μελλόντων
623 4206 1005 4274 ἀποφαίνεται.
1032 4206 1221 4271 Οὐδεὶς
1258 4206 1389 4276 γοῦν
1420 4209 1529 4261 τῶν
1559 4209 1736 4280 ὀρθῶς

175 4293 260 4344 καὶ
287 4294 498 4363 σεμνῶς
528 4293 896 4364 βεὸιωκότων,
927 4297 1024 4349 καὶ
1055 4297 1334 4352 πολιτείαν
1363 4282 1593 4370 ἀρίστην
1617 4303 1736 4354 ἐπι-

170 4385 525 4456 δειξαμένων,
556 4390 776 4442 ἀπιστεῖ
811 4393 878 4461 τῇ
911 4389 1113 4461 κρίσει.
1155 4390 1219 4443 Οἱ
1260 4391 1318 4445 δὲ
1352 4391 1615 4464 ρᾴθυμοι,
1657 4392 1735 4463 τῷ

176 4479 385 4550 πονηρῷ
411 4481 703 4552 ἀγχόμενοι
746 4483 1038 4545 συνειδότι,
1063 4481 1187 4536 οὔτε
1226 4482 1441 4553 κρίσιν,
1472 4480 1597 4534 οὔτε
1635 4480 1733 4533 ἀν-

172 4569 362 4623 τίδοσιν
398 4566 535 4625 εἶναι
576 4572 851 4637 ἐθέλοντες
874 4616 889 4641 ,
918 4574 946 4627 ὃ
988 4574 1299 4644 βούλονται,
1344 4572 1440 4627 καὶ
1469 4571 1732 4641 δογματί-

2053 3997 2279 4054 ϐῡΧΙΙΙ.
2301 4028 2373 4039 --
2405 3948 2679 4054 DIOGIENI
2709 3995 3198 4086 .PRESBYTERO.

1914 4109 2007 4165 Sic
2049 4109 2305 4164 existimo
2358 4123 2797 4180 unumquemque
2849 4124 2917 4163 ex
2971 4109 3075 4175 his,
3111 4122 3231 4178 qua:
3264 4108 3411 4172 facit,

1842 4201 1910 4253 de
1934 4198 2130 4254 futuris
2153 4215 2370 4269 quoque
2398 4200 2769 4269 pronuntiare.
2798 4198 2968 4254 Nemo
2996 4199 3193 4255 etenim
3224 4213 3415 4253 eorum

1840 4292 1930 4361 qui
1964 4301 2109 4347 recte
2171 4302 2334 4362 atque
2386 4292 2617 4347 honeste
2661 4292 2935 4357 vixerunt,
2982 4303 3143 4361 atque
3198 4293 3415 4359 optima:

1836 4385 2046 4440 vivendi
2084 4384 2311 4439 rationis
2351 4387 2627 4453 specimen
2676 4385 2987 4451 ediderunt,
3025 4383 3230 4452 judicio
3254 4384 3412 4438 fidem

1835 4477 2081 4543 abrogat.
2109 4476 2180 4531 At
2203 4491 2400 4546 segnes
2422 4487 2477 4532 et
2532 4478 2729 4547 ignavi,
2780 4478 2923 4547 quod
2987 4478 3233 4546 improba
3284 4492 3413 4531 cou-

1840 4569 2069 4623 scieutia
2104 4569 2570 4638 constringantur,
2623 4583 2725 4623 nec
2767 4568 3055 4637 judicium,
3092 4582 3193 4623 nec
3236 4583 3415 4623 remus

175 4658 370 4723 ζουσιν,
400 4664 457 4715 οὗ
490 4664 588 4735 τὴν
611 4665 875 4735 ἀλήθειαν
910 4665 1261 4732 σκοποῦντες,
1290 4664 1425 4718 ἀλλὰ
1455 4664 1552 4735 τεὴν
1590 4662 1728 4716 ἰδίαν

1843 4661 2175 4715 uerationem
2203 4674 2324 4715 esse
2372 4660 2672 4728 cupientes,
2724 4663 2866 4729 quod
2921 4660 3166 4727 cupiunt,
3196 4659 3250 4713 id
3281 4674 3415 4727 quo.-

176 4749 417 4821 βούλησιν
446 4756 737 4826 κυροῦντες
765 4758 900 4828 (50).
920 4758 1074 4811 Ἐπεὶ
1098 4758 1277 4811 τοίνυν
1301 4757 1399 4828 τὴν
1427 4755 1609 4827 κρίσιν
1634 4754 1732 4808 καὶ

176 4847 402 4915 ποιητῶν
431 4850 525 4902 καὶ
555 4848 803 4921 ρητόρων
848 4850 943 4902 καὶ
975 4850 1337 4920 συγγραφέων
1371 4849 1466 4901 καὶ
1513 4846 1730 4918 φιλοσό-

176 4952 283 5005 φων
307 4940 357 4993 οἱ
399 4942 730 5006 ἐνδοξότατοι
759 4940 1123 5013 κηρύττουσιν
1155 4942 1269 5013 (3i)
1302 4940 1377 5014 (ἡ
1418 4940 1528 5012 γὰρ
1570 4956 1731 5011 μερι-

1841 4768 1947 4824 que
1977 4762 2250 4819 astruuut,
2276 4767 2379 4807 non
2408 4753 2688 4809 veritatem
2742 4762 3072 4822 spectantes,
3098 4753 3192 4808 sed
3222 4753 3415 4815 volun,

1844 4855 2004 4901 tatem
2035 4861 2187 4900 suam
2210 4844 2617 4900 confirmantes.
2645 4843 2885 4916 513T)
2899 4844 3114 4899 uoniam
3144 4843 3305 4912 igitur
3326 4844 3413 4913 jus

1842 4938 2041 4995 diciqu
2070 4947 2125 4993 et
2154 4949 2459 5009 poetarum,
2486 4947 2543 4992 et
2568 4942 2881 5004 oratorum,
2900 4946 2956 4991 et
2997 4935 3406 4997 historicorum,

1252 5093 1490 5150 VARIJE
1519 5091 1905 5149 LECTIONES
1947 5091 2035 5147 ET
2072 5090 2307 5147 NOTZE.

243 5251 350 5319 (‘29)
378 5250 575 5307 Confer
600 5250 773 5321 epist.
803 5251 1055 5321 ιιθλιῑι).
1083 5266 1142 5314 ιι,
1176 5260 1231 5303 et
1254 5248 1405 5304 Stol).
1433 5264 1596 5321 serm.
1632 5248 1716 5311 53,

180 5320 241 5374 54
263 5332 310 5375 et
330 5337 462 5391 seq.,
490 5319 820 5391 Spjnieslib.
852 5336 890 5375 ι.
922 5320 1328 5391 Detranquitlit.
1350 5320 1534 5373 animi.
1562 5319 1724 5373 ιὶιττ.

263 5337 310 5375 ει
330 5337 462 5407 seq.,
490 5337 691 5443 agnae.
727 5337 820 5375 ιιι).
852 5337 890 5375 ι.
922 5337 1259 5399 ue_trauquut

242 5392 348 5460 (30)
379 5393 507 5448 Lod.
562 5402 657 5461 rat.
689 5390 817 5457 650,
846 5408 1159 5461 τηρουντες.
1191 5390 1265 5443 In.

244 5462 349 5530 (3t)
384 5465 445 5514 0t
475 5460 854 5523 ἐνδοξότατοι
901 5460 1319 5528 κηρύττουσιν.
1360 5460 1451 5514 Sic
1490 5460 1728 5531 Chryso-

180 5541 411 5601 stotnus:
454 5532 567 5585 Οὐκ
612 5532 733 5601 ἐστι
775 5531 942 5601 μῦθος
972 5532 1108 5601 ,περὶ
1138 5531 1237 5599 τῆς
1284 5531 1508 5601 γέεννης
1536 5529 1726 5601 λόγος,

180 5599 284 5672 ἀλλ’
318 5600 480 5662 οὕτως
505 5601 652 5653 ἐστὶν
686 5599 920 5672 ἀληθὴς,
964 5599 1362 5672 ὃτιήοῦχμήμεῖς
1397 5599 1728 5672 μόνονᾼάλλὰ

184 5669 268 5739 καί
294 5646 505 5738 ποιηταὶ
525 5711 539 5733 ,
581 5673 675 5723 καὶ
714 5646 1024 5739 φιλόσῖιξῡοι,
1054 5646 1448 5737 κα“ιΛλδγ”οποιὲι
1473 5670 1599 5739 περὶ
1631 5671 1728 5739 τῆς

186 5738 466 5812 μελλούσης
488 5738 892 5806 ἁνταποδόσεως
923 5741 1336 5812 ἐφιλοσόφησαν,
1383 5741 1477 5797 καὶ
1511 5738 1567 5793 ἐν
1601 5738 1726 5812 ᾅδου

1837 5245 2160 5327 κρλάζεσθαι
2183 5247 2309 5327 τοὺς
2332 5246 2600 5327 πονηροὺς
2624 5248 2875 5327 είρῄκασι
2897 5263 2910 5277 ·
2928 5247 2985 5327 ἐξ
3003 5246 3116 5327 γὰρ
3145 5246 3239 5307 καὶ
3268 5245 3402 5327 μετό

1838 5316 2093 5388 ἀληθείας
2124 5317 2198 5388 ὡς
2227 5316 2339 5387 ἔχει
2376 5316 2568 5388 ταῦτα,
2590 5316 2775 5379 εἰπεῖν,
2799 5316 2897 5388 οὐκ
2920 5316 3283 5385 ἠδυνήθησαν,
3309 5316 3404 5388 ἆτε

1832 5386 1942 5441 άπδ
1962 5386 2238 5456 λογισμῶν
2258 5386 2606 5456 κινηθέντες,
2632 5388 2725 5440 καὶ
2752 5387 2883 5456 παρ’
2911 5387 3269 5456 ἀκουσμάτων
3298 5386 3407 5456 τῶν

1834 5458 1963 5528 παρ’
1994 5455 2147 5526 ἡμῖν’
2180 5455 2294 5510 ἀλλ’
2336 5455 2484 5528 ὅμως
2517 5456 2701 5519 εἰκόνα
2735 5455 2872 5528 τινὰ
2913 5455 3146 5528 κρίσεως
3189 5455 3401 5515 ἐλαϐοντ

1833 5525 2127 5588 Κώκυτοὺς
2158 5528 2267 5596 γάρ
2298 5525 2428 5596 φασί
2449 5543 2633 5591 τινας,
2660 5527 2756 5579 καὶ
2783 5525 3281 5596 πυριφλεγέθοντα,
3315 5543 3405 5577 που

1831 5599 2038 5682 ταμοὺς
2060 5598 2152 5650 καὶ
2173 5594 2369 5679 eiuro;
2406 5594 2986 5682 i'a5wp,‘xal_tdtptdpog
3016 5594 3404 5682 TOSPﬁTOY‘dF-r

1835 5664 2026 5736 έχοντα
2058 5669 2154 5734 τῆς
2186 5667 2287 5736 γῆς
2318 5666 2440 5729 ὅσον
2468 5664 2606 5737 αὑτὴ
2635 5665 2728 5737 τοῦ
2756 5664 3007 5737 οὐρανοῦ,
3043 5664 3158 5737 xui;
3176 5664 3402 5737 πολλοὺς

1835 5733 2121 5801 κολάσεως
2148 5733 2397 5809 τρόπους.
2449 5736 2559 5803 καὶ
2595 5733 2781 5797 ’πάλιν
2810 5736 3029 5807 ἡλύσιυν
3071 5735 3270 5801 πεδίον,
3306 5733 3404 5801 κα),
