3894 6412
467 358 599 427 1051

1666 365 1726 424 S.
1770 365 1868 424 IS]
1878 365 2065 426 DORI
2104 363 2545 427 PELUSIOTIE

3594 344 3717 413 1052

468 478 612 530 enim
637 484 721 531 est
751 477 893 535 isth
925 485 1129 541 votum,
1176 477 1269 546 qui
1295 478 1601 533 meretricis
1646 480 1850 535 retibus
1893 481 2035 536 altiu:

2159 482 2385 553 ῥίπτων,
2411 481 2749 553 ἀντιϐολοίης
2776 475 3018 545 σωθῆναι
3048 470 3402 543 ἐμϐρόντητε,
3430 458 3609 536 σαυὶῷ
3631 484 3720 520 κα.

468 567 652 620 volant
692 584 707 620 :
754 582 857 621 non
898 581 1110 629 eorum,
1155 567 1245 636 qui
1293 567 1463 638 ipsius
1508 571 1858 639 compedibus
1909 574 2051 628 ultro

470 656 793 724 semetipsos
826 656 1185 712 induunt.Vel
1207 658 1448 726 perinde,
1472 659 1623 728 quasi
1657 675 1722 713 ex
1751 662 1869 713 navi
1896 670 1947 716 te
1968 662 2049 730 ip-

469 760 588 799 sum
622 745 674 799 in
704 746 1023 802 immensum
1047 748 1266 817 pelagus
1296 749 1606 816 projiciens,
1627 760 1681 804 et
1712 751 1851 805 ultro
1877 762 1930 808 te
1952 768 2047 822 pe-

468 835 640 889 riculo
662 838 943 902 objiciens,
972 854 1070 908 pro
1093 840 1263 893 salute
1293 850 1346 893 et
1370 841 1788 895 conservatione
1814 844 1886 897 tui
1919 860 2046 914 sup-

467 926 714 994 plicares.
749 928 813 982 Et
840 944 950 999 qun
974 941 1157 999 pacto,
1185 946 1389 1001 quaeso,
1423 932 1562 985 hunc
1590 932 1749 987 talem
1776 934 2048 991 hominem

467 1017 605 1087 ipsa,
630 1018 675 1072 si
708 1019 858 1083 velit,
891 1019 1037 1074 salus
1063 1035 1281 1074 servare
1302 1022 1509 1090 possit?
1536 1021 1672 1078 Nam
1704 1024 1791 1089 iis,
1817 1025 1906 1095 qui
1930 1041 2050 1081 om-

466 1109 555 1162 nia
589 1126 708 1179 qua:
738 1111 790 1164 in
823 1126 881 1165 se
910 1122 1057 1177 sunt,
1096 1113 1339 1181 implent,
1370 1116 1571 1184 quique
1595 1128 1767 1171 artem
1803 1132 1956 1171 suam
1996 1118 2049 1173 in

465 1197 720 1252 auxilium
772 1210 983 1265 vocant,
1036 1216 1103 1256 ne
1151 1218 1181 1255 a
1243 1211 1563 1271 tempestate
1608 1206 2047 1277 submergantur,

463 1290 730 1358 ejusmodi
779 1296 1028 1348 convenit
1076 1296 1362 1364 precatio:
1407 1313 1745 1368 nequaquam
1788 1312 1917 1351 vero
1953 1297 2040 1363 iis,

2156 574 2512 638 τασκεύαξων
2556 574 2649 628 τὸν
2678 572 2954 632 κίνδυνον,
2997 566 3130 636 εὐχῇ
3179 562 3420 631 σωθῆναι
3458 557 3589 628 ('58).
3621 559 3722 611 Καὶ

2155 665 2275 729 πῶς
2302 660 2412 717 οἷόν
2451 682 2546 730 τες
2588 664 2710 717 Τῶν
2743 662 2852 733 γὰρ
2881 660 3059 714 πάντα
3087 658 3156 709 τά
3184 655 3317 725 παρ’
3354 651 3559 706 ἑαυτῶν
3597 649 3722 719 πλη-

2157 752 2427 824 ρούντων,
2476 754 2572 806 καὶ
2619 748 3080 822 παρακαλούντων
3116 744 3192 816 μὴ
3222 740 3581 813 βαπτισθῆναι
3635 738 3722 807 τὴν

2152 840 2359 895 οἰκείαν
2390 841 2587 911 τέχνην
2614 841 2719 894 ὑπὸ
2746 839 2840 892 τοῦ
2876 835 3165 908 χειμῶνος,
3200 830 3349 884 ἐστὶν
3379 828 3520 897 αῦτη
3549 829 3582 897 ή
3610 826 3724 897 δέη-

2148 950 2269 995 σις·
2304 932 2364 986 ού
2410 932 2519 985 τῶν
2563 932 2796 993 ἑαυτοὺς
2839 931 2919 991 είς
2955 928 3017 979 τὺ
3064 925 3301 991 πέλαγος
3352 920 3448 973 καὶ
3486 918 3592 989 πρὸ
3636 916 3722 969 τοῦ

2146 1022 2416 1086 κλύδωνος
2444 1022 2802 1094 ῥιπτούντων.
2827 1018 3041 1073 Παῦσαι
3072 1014 3252 1069 τοίνυν
3275 1012 3519 1083 τρυφῶν.
3543 1011 3602 1062 El
3626 1010 3725 1079 γὰρ

2144 1112 2384 1182 γαστρὸς
2408 1113 2659 1186 περιέσῃ,
2689 1112 2784 1165 καὶ
2809 1109 2917 1163 τῶν
2950 1108 3090 1179 μετά
3123 1103 3370 1174 γαστέρα
3408 1104 3719 1172 κρατήσεις,

2147 1204 2243 1257 καὶ
2271 1203 2483 1273 γέλωτα
2508 1204 2609 1257 οὐκ
2630 1202 2911 1272 ὀφλήσεις,
2938 1198 3015 1262 ὡς
3038 1194 3300 1251 τάναντία
3329 1187 3405 1247 ὧν
3427 1192 3722 1262 διαπράττῃ

2148 1295 2335 1350 λαϐεῖν
2370 1294 2828 1366 προσευχόμενος.

468 1385 559 1453 qui
615 1387 777 1441 etiam
837 1397 1125 1458 antequam
1185 1401 1372 1446 coorta
1414 1392 1465 1445 in
1516 1393 1651 1446 mari
1691 1391 1853 1446 fuerit
1910 1397 2228 1459 tempestas,
2286 1390 2495 1460 seipsos
2546 1389 2601 1444 in
2641 1387 2864 1459 pelagus
2915 1385 3275 1457 praecipitant.
3325 1380 3522 1435 Desine
3568 1378 3719 1449 igitur

465 1480 685 1535 delicias
715 1481 909 1537 facere.
935 1482 1069 1537 Nam
1106 1485 1151 1539 si
1187 1495 1428 1541 ventrem
1466 1487 1857 1557 perdomueris,
1879 1488 2043 1541 etiam
2098 1485 2167 1539 iis
2208 1500 2329 1555 quae
2372 1485 2472 1540 sub
2518 1493 2709 1540 ventre
2769 1492 2917 1550 sunt,
2949 1482 3059 1537 eris
3095 1480 3343 1551 superior
3376 1496 3391 1533 :
3455 1490 3557 1531 nec
3598 1475 3725 1528 ultra

466 1571 749 1627 ridiculum
783 1583 833 1628 te
866 1575 1150 1644 praebebis,
1185 1586 1242 1630 ut
1271 1577 1362 1647 qui
1389 1579 1664 1632 contraria
1707 1588 1759 1635 te
1786 1576 2042 1646 consequi
2082 1590 2241 1647 posse
2270 1582 2423 1645 optes
2457 1574 2524 1630 iis
2560 1589 2683 1645 quas
2715 1574 2855 1644 agis.

1038 1708 1130 1764 Ill.
1158 1739 1230 1748 —
1259 1708 1489 1765 EIDEM.

1098 1796 1173 1850 De
1219 1798 1420 1853 eodem.

536 1909 799 1977 Quoniam
842 1927 938 1980 per
974 1912 1182 1966 litteras
1209 1928 1275 1967 ex
1321 1928 1406 1968 me
1442 1914 1758 1982 quaesivisti,
1800 1916 1926 1986 quid
1946 1917 2048 1972 sibi

462 2003 595 2058 velit
639 2003 768 2057 illud
806 2021 821 2057 :
855 2022 873 2055 ι
908 2003 1130 2075 Conlige
1184 2006 1378 2059 timore
1436 2014 1527 2061 tuo
1578 2021 1771 2062 carnes
1820 2023 1969 2062 meas
2022 2027 2044 2062 ι

464 2093 737 2163 (fortassis
767 2095 909 2149 enim
942 2095 1252 2164 imprudens
1289 2096 1339 2150 id
1362 2096 1586 2167 petiisti,
1639 2097 1783 2167 quod
1802 2098 2049 2168 accipere

465 2181 705 2252 noluisti)
743 2183 1007 2238 ausculta.
1046 2182 1175 2254 Fige
1206 2185 1369 2255 ipsas,
1402 2186 1692 2252 mortifica,
1742 2188 2046 2244 immobiles

467 2273 555 2328 fac
583 2275 649 2327 ad
684 2273 1015 2349 voluptatem
1043 2292 1057 2328 :
1095 2290 1193 2343 pro
1216 2276 1383 2329 clavis
1413 2276 1574 2330 timor
1612 2279 1683 2331 tui
1722 2278 1867 2346 ipsas
1893 2278 2043 2349 ﬁgat,

463 2373 521 2417 et
567 2373 736 2418 morte
764 2346 979 2430 alliciat,
1022 2374 1081 2420 et
1126 2366 1177 2419 in
1212 2380 1429 2421 crucem
1476 2376 1621 2436 agat,
1656 2377 1710 2423 et
1740 2346 2045 2444 immobiles

466 2464 628 2524 atque
655 2455 954 2511 inelIicaces
982 2456 1047 2510 ad
1078 2467 1355 2527 peccatum
1392 2457 1572 2515 faciat.
1618 2458 1844 2529 Cognita
1882 2463 2045 2533 igitur

466 2545 930 2614 interpretatione,
992 2557 1049 2603 tu
1109 2551 1198 2619 qui
1251 2550 1459 2607 deliciis
1511 2552 1776 2621 indulges,
1826 2569 1894 2608 ne
1940 2555 2042 2609 hoc

462 2646 617 2705 petas
650 2658 663 2693 :
696 2648 789 2693 aut
834 2638 879 2693 si
931 2640 1090 2709 petis,
1138 2642 1374 2696 deliciari
1407 2657 1473 2697 ac
1507 2642 1781 2699 luxuriare
1808 2646 1996 2701 desine
2023 2664 2038 2700 :

462 2730 787 2796 prasertim,
817 2745 940 2785 cum
977 2746 1046 2786 ne
1076 2731 1290 2802 quidem
1328 2734 1471 2787 domi
1519 2744 1621 2789 tuae
1676 2736 1769 2790 tibi
1814 2737 2038 2791 materia

461 2817 775 2873 deliciarum
823 2822 1216 2891 suppeditetur,
1257 2824 1350 2877 sed
1392 2824 1583 2879 alienis
1634 2828 1834 2882 mensis
1866 2828 2038 2895 impu-

460 2908 653 2962 denter
688 2909 932 2966 insiliens
971 2912 1137 2982 (quod
1165 2929 1328 2967 unum
1357 2929 1426 2968 ex
1461 2916 1620 2970 rebus
1661 2918 2036 2973 abominandis

2659 1704 2735 1763 ιν.
2774 1734 2846 1745 -
2882 1698 2970 1777 re
3008 1703 3211 1774 ΑΥἸᾨ.

2738 1800 2845 1864 Εἰς
2882 1798 2949 1851 τὸ
2981 1797 3151 1850 αὐτό.

2232 1914 2450 1986 Ἐπειδὴ
2484 1914 2792 1986 γέγραφας,
2836 1912 2890 1966 τί
2933 1914 3049 1966 ἐστι
3091 1912 3192 1964 τό·
3238 1928 3262 1962 ι
3300 1910 3636 1980 Καθήλωσον
3665 1910 3724 1961 ἐκ

2148 2004 2242 2059 τοῦ
2284 2007 2447 2076 φόϐου
2480 2024 2573 2060 σου
2620 2006 2718 2068 τὰς
2747 2006 2957 2077 σάρκας
2994 2021 3095 2075 μου
3122 2023 3140 2054 ι
3186 2004 3339 2073 (ἴσως
3383 2002 3499 2071 γὰρ
3526 1999 3725 2067 ἀγνοιῖιν

2148 2095 2298 2166 ᾔτεις
2327 2095 2355 2147 ὃ
2402 2096 2478 2167 μὴ
2524 2094 2745 2148 ἐϐούλου
2782 2093 3036 2160 λαϐεῖν)·
3083 2094 3272 2148 ἄκουε.
3318 2091 3501 2162 Πῆξον
3534 2089 3720 2153 αύτὰς,

2149 2186 2441 2256 νέκρωσον,
2469 2187 2757 2257 ἀκινήτους
2784 2186 3007 2256 ποίησον
3034 2184 3173 2256 πρὸς
3202 2183 3413 2253 ἡδονὴν,
3443 2182 3567 2235 ἀντί
3591 2182 3722 2252 ἥλων

2146 2279 2175 2330 ό
2210 2277 2374 2347 φόϐος
2415 2279 2443 2330 ὁ
2478 2277 2569 2338 σὸς
2615 2275 2874 2345 πηγνύτω
2920 2276 3113 2341 αὐτὰς,
3155 2276 3250 2329 καὶ
3289 2273 3590 2345 νεκρούτω,
3637 2272 3722 2326 καὶ

2148 2367 2501 2439 σταυρούτω,
2542 2366 2634 2419 καὶ
2680 2367 2969 2438 ἀκινήτους
3018 2367 3113 2418 καὶ
3150 2367 3548 2436 ἀνενεργήτους
3598 2363 3721 2432 πρὸς

2145 2460 2419 2531 ἁμαρτίαν
2443 2460 2931 2530 παρασκευαζέτω.
2955 2460 3121 2523 Γνοὺς
3141 2455 3235 2513 οῦν
3255 2459 3352 2530 τὴν
3382 2458 3676 2529 ἑρμηνείαν
3695 2459 3721 2510 ὁ

2142 2548 2387 2619 τρυφῶν,
2421 2549 2578 2602 τοῦτο
2629 2548 2702 2620 μὴ
2748 2548 2998 2619 αἴτεισῆ
3044 2549 3212 2603 αἰτῶν
3268 2548 3343 2619 μὴ
3394 2546 3603 2617 τρύφα’
3636 2546 3720 2598 καὶ

2144 2644 2399 2712 μάλιστα,
2420 2643 2502 2696 ὅτι
2522 2644 2629 2697 οὐδ’
2650 2645 2683 2714 ή
2706 2644 2888 2715 τρυφὴ
2909 2643 3091 2697 οίκαδέ
3115 2661 3197 2696 σοι
3226 2642 3717 2713 παρασκευάζεται,

2141 2734 2257 2787 ἀλλ’
2308 2734 2619 2806 ἀλλοτρίαις
2662 2734 3034 2806 ἀναισχύντως
3066 2734 3349 2804 ὲπιπηδῶν
3392 2732 3715 2805 τραπέζαις·

2138 2827 2276 2897 ὅπερ
2308 2827 2367 2880 ἓν
2392 2827 2501 2880 τῶν
2531 2828 2878 2881 ἀπευκταίων
2916 2827 3010 2879 καὶ
3035 2827 3234 2881 ἀθλίων
3258 2826 3501 2896 ὡρίσατο
3528 2821 3657 2877 εἶναι
3692 2826 3718 2875 ὁ

2138 2918 2424 2990 Σολομὼν·
2461 2919 2559 2989 τὴν
2592 2920 2773 2991 σάρκα
2814 2920 2875 2973 οὐ
2919 2919 3147 2981 δεόντως
3185 2918 3322 2979 ὅλως
3363 2917 3615 2999 πιαίνεις.
3649 2915 3718 2968 Oti

460 3014 527 3055 ac
576 3002 788 3058 miseris
831 3020 951 3060 esse
999 3008 1367 3075 pronuntiavit
1416 3008 1694 3080 Salomon)
1746 3029 1760 3065 :
1813 3026 2033 3066 carnem

2147 3013 2247 3083 γὰρ
2274 3012 2373 3083 τῆς
2400 3013 2591 3084 χρείας
2619 3014 2745 3084 γίνῃ
2764 3027 2779 3041 ’
2807 3011 2943 3066 ἀλλά
2972 3011 3178 3065 καὶτὸν
3208 3010 3371 3080 κόρον
3395 3007 3654 3079 ὑϐρίζεις.

460 3106 688 3161 prorsus
714 3096 967 3150 indecore
997 3097 1382 3166 pinguefacias.
1409 3098 1525 3153 Non
1556 3101 1697 3154 enim
1728 3102 2032 3155 necessitati
2060 3092 2105 3152 C

464 3194 517 3238 te
535 3185 936 3254 accommodas;
968 3188 1143 3257 sedet
1173 3190 1475 3245 satietatem
1499 3192 1825 3246 contumelia
1847 3192 2039 3248 allicis.

911 3300 1074 3373 ωδ
1115 3301 1203 3358 tv.
1245 3334 1315 3342 —
1345 3302 1577 3359 manu.

1062 3412 1140 3467 De
1164 3416 1343 3468 eadem
1366 3431 1439 3468 re.

529 3547 581 3602 ιδ
609 3548 848 3619 quidem,
874 3551 966 3619 qui
994 3551 1244 3606 virtutem
1275 3553 1608 3622 germanitus
1631 3562 1792 3622 atque
1823 3568 1890 3607 ex
1922 3552 2043 3607 ani-

458 3654 550 3695 mo
588 3641 823 3707 adamat,
867 3644 1033 3696 etiam
1064 3642 1306 3698 divinum
1352 3660 1549 3699 numen
1577 3644 1701 3707 jure
1739 3647 2040 3716 meritoque

459 3730 674 3785 invocet
709 3731 775 3785 ad
809 3747 965 3801 opem
1014 3732 1309 3801 ferendam,
1360 3750 1468 3805 quo
1511 3735 1777 3790 desideria
1819 3752 1914 3791 sua
1966 3736 2037 3792 ad

457 3828 702 3889 optatum
733 3822 936 3875 exitum
972 3824 1250 3890 perducat.
1279 3827 1346 3879 At
1368 3826 1457 3895 qui
1487 3840 1607 3880 cum
1632 3842 1693 3881 ea
1721 3837 2034 3897 perpetuum

458 3912 656 3967 bellum
686 3913 845 3982 gerit,
878 3916 924 3970 is
951 3932 1016 3970 ne
1044 3916 1258 3985 quidem
1288 3918 1331 3971 si
1370 3917 1535 3972 Deum
1568 3919 1618 3973 in
1643 3918 1903 3974 auxilium
1940 3937 2035 3973 vn-

460 3989 617 4069 caril,
660 4006 948 4074 propitium
985 4008 1223 4063 habebit.
1256 4008 1385 4075 Quae
1427 4024 1555 4079 ergo
1588 4010 1703 4065 haec
1742 4020 1827 4064 est
1852 4026 2038 4065 amen-

461 4094 556 4159 tia,
582 4098 722 4165 quod
753 4114 874 4151 cum
904 4114 1120 4152 carnem
1157 4108 1300 4153 tuam
1332 4102 1547 4170 crapula
1569 4111 1623 4156 et
1652 4101 1914 4157 ebrietate
1949 4119 2037 4158 as-

457 4184 615 4239 sidua
647 4185 1016 4255 pinguefacias
1039 4202 1103 4241 ac
1130 4189 1366 4258 sagines,
1393 4189 1676 4259 ignemque
1709 4190 1818 4261 igni
1842 4191 2033 4253 addas,

456 4285 511 4329 et
538 4274 737 4329 nullam
769 4292 873 4330 non
902 4278 1192 4347 voluptatis
1222 4280 1362 4332 viam
1391 4294 1582 4333 novam
1612 4280 1853 4343 rimeris,
1887 4290 1942 4335 et
1971 4281 2036 4335 li-

458 4366 696 4421 bidinem
742 4369 971 4435 sopitam
1001 4385 1216 4441 quoque
1255 4370 1458 4426 excites
1505 4379 1559 4426 et
1606 4370 1828 4441 instiges
1870 4371 2032 4438 ultro,

460 4467 639 4512 tamen
685 4459 736 4513 in
771 4439 1033 4530 precibus,
1070 4439 1248 4516 dicere
1290 4461 1477 4516 ausis:
1516 4480 1535 4513 ι
1568 4439 1787 4531 Conlige
1840 4463 2033 4519 timore
2065 4439 2109 4494 D

459 4557 552 4601 tuo
579 4562 771 4603 carnes
799 4565 951 4605 meas
972 4550 1050 4603 σει
1076 4570 1095 4603 ι
1120 4550 1251 4605 Nam
1285 4552 1333 4605 ei
1358 4552 1595 4621 quidem,
1624 4553 1712 4621 qui
1737 4552 1959 4621 jejuniis
1979 4563 2033 4608 et

461 4639 607 4692 humi
633 4641 1008 4696 cubationibus
1027 4652 1082 4697 et
1101 4658 1196 4712 per
1218 4643 1423 4711 vigilias
1444 4658 1661 4698 carnem
1689 4658 1845 4697 suam
1871 4646 2023 4699 tabe-

459 4727 609 4794 facit,
638 4739 692 4783 et
720 4732 940 4799 spiritus
971 4734 1195 4788 habenis
1236 4735 1624 4803 obsequentem
1664 4736 1831 4804 ipsam
1880 4737 2033 4792 exhi-

459 4819 572 4883 bet,
608 4821 888 4889 aptissima
919 4825 1538 4896 convenientissimaque
1566 4836 1649 4881 est
1695 4828 1811 4882 haec
1839 4842 2032 4897 preca-

462 4910 557 4963 tio.
592 4912 691 4977 Qui
723 4927 873 4979 vero,
904 4914 954 4967 id
987 4917 1128 4984 quod
1161 4926 1215 4971 tu
1247 4917 1402 4981 facis,
1442 4918 1515 4971 ita
1555 4930 1707 4988 parat
1745 4930 1802 4973 et
1847 4935 2034 4974 assue-

462 5001 849 5069 lacitcarnem,
882 5014 939 5059 ut
965 5004 1175 5062 luxuria
1199 5009 1449 5073 exsultet,
1484 5012 1685 5081 quique
1727 5010 2033 5066 luxuriosas

461 5094 883 5151 comessationes
924 5107 978 5152 et
1015 5099 1377 5155 temulentiam
1407 5112 1668 5172 perpetuo
1707 5112 2031 5167 assectatur,

535 5272 580 5304 ⁸³
607 5270 745 5328 Psal.
774 5288 963 5339 cxvtn,
998 5272 1118 5328 120.

2648 3309 2721 3359 A'.
2767 3335 2840 3346 —
2885 3305 2973 3376 Τῼ
3016 3305 3218 3376 arm.

2720 3417 2825 3481 Εἰς
2857 3414 2925 3468 τὸ
2959 3414 3127 3468 αὐτό.

2222 3547 2281 3601 Ὅ
2317 3548 2415 3618 μὲν
2442 3548 2540 3616 τῆς
2568 3547 2770 3619 ἀρετῆς
2796 3548 3019 3616 γνήσιος
3052 3544 3321 3617 ἐραστὴς,
3356 3544 3452 3599 καὶ
3481 3544 3543 3597 τὺ
3567 3543 3709 3596 Θεῖον

2139 3642 2219 3704 είς
2252 3639 2312 3693 τὸ
2353 3641 2586 3708 ἀγαγεῖν
2625 3638 2687 3692 τὸ
2722 3638 3055 3708 ποθούμενον
3093 3638 3171 3701 είς
3213 3638 3392 3708 πέρας
3427 3636 3628 3699 δίκαιος
3655 3634 3714 3687 ἂν

2138 3733 2224 3802 εἴη
2258 3730 2479 3783 καλεῖνο
2517 3731 2546 3782 ό
2586 3729 2644 3782 δὲ
2696 3728 2961 3789 ἄσπονδος
3005 3727 3233 3799 ἐχθρὸς,
3284 3726 3404 3780 οὐδὲ
3453 3726 3520 3779 ἂν
3571 3726 3716 3779 καλέ-

2139 3838 2239 3885 σας
2286 3821 2397 3891 (59)
2443 3822 2678 3891 ἐπήκοον
2720 3817 2832 3883 ἕξει
2892 3818 2952 3870 τὸ
2980 3817 3155 3871 Θεῖον.
3210 3816 3278 3870 Τί
3316 3815 3713 3887 τοιγαροῦντήν

2138 3914 2318 3985 σάρκα
2349 3911 2450 3983 τὴν
2482 3910 2679 3964 σαυτοῦ
2718 3907 3048 3980 κραιπάλαις
3077 3906 3170 3959 καὶ
3206 3905 3399 3977 μέθαις
3430 3905 3712 3959 καταπιαί-

2137 4021 2264 4070 νων,
2299 4004 2392 4056 καὶ
2422 3999 2534 4071 πῦρ
2564 3999 2658 4053 ἐπὶ
2698 3997 2808 4069 πῦρ
2851 3996 3141 4067 ὀχετεύων,
3182 3995 3278 4048 καὶ
3322 3996 3507 4048 πᾶσαν
3545 4012 3714 4047 καινο-

2135 4097 2318 4167 τομῶν
2344 4096 2461 4149 ὁδὸν
2481 4094 2697 4165 ήδονῆς,
2729 4092 2907 4146 καὶτὸ
2936 4092 3235 4147 ἀκόλαστον
3260 4091 3355 4143 καὶ
3377 4089 3710 4160 κοιμώμενον

2135 4189 2420 4259 διεγείρων
2454 4204 2514 4239 τε
2547 4187 2640 4240 καὶ
2669 4183 3026 4256 παρακαλῶν,
3061 4185 3119 4235 ὲν
3146 4185 3265 4245 ταῖς
3291 4182 3478 4251 εὐχαῖς
3500 4182 3671 4249 λέγεις
3694 4198 3707 4209 ·

2143 4298 2163 4331 ι
2205 4281 2537 4349 Καθήλωσον
2571 4280 2635 4330 ἐκ
2668 4276 2763 4329 τοῦ
2812 4276 2976 4345 φόϐου
3012 4292 3107 4328 σου
3144 4275 3244 4338 τὰς
3286 4274 3493 4345 σάρκας
3524 4291 3658 4345 μους
3688 4292 3704 4324 ι

2140 4373 2183 4424 Τ
2188 4373 2232 4439 ᾦ
2261 4371 2493 4442 μὲνγὰρ
2517 4369 2793 4439 νηστείαις
2820 4368 2915 4421 καὶ
2947 4366 3293 4438 χαμευνίαις,
3316 4368 3410 4419 καὶ
3435 4367 3708 4434 παννυχίσι

2140 4464 2238 4535 τὴν
2279 4466 2487 4517 οἰκείαν
2518 4463 2886 4533 κατατήκοντι
2928 4460 3143 4529 σάρκα,
3176 4461 3267 4513 καὶ
3303 4461 3514 4529 εὐήνιον
3554 4458 3712 4525 αὐτὴν

2141 4555 2218 4624 τῷ
2247 4553 2518 4623 πνεύματι
2546 4551 3031 4616 κατασκευάζοντι,
3063 4547 3489 4618 πρεπωδεστάτη
3520 4545 3655 4615 αῦτη
3681 4546 3710 4612 ὴ

2139 4646 2301 4717 εὐχή*
2349 4645 2424 4715 τῷ
2456 4645 2546 4709 δὲ,
2589 4643 2780 4715 ὥσπερ
2821 4644 2884 4695 σὺ
2913 4682 2928 4706 ,
2980 4642 3207 4713 σκιρτᾷν
3249 4635 3712 4709 παρασκευάζοντι

2139 4739 2237 4810 τὴν
2278 4740 2492 4807 σάρκα,
2525 4737 2621 4789 καὶ⁵
2653 4737 2753 4798 τὰς
2790 4734 3034 4795 ἀσώτους
3081 4733 3451 4795 συνεστιάσεις
3491 4728 3586 4783 καὶ
3622 4727 3711 4788 τὰς

2141 4829 2450 4899 κραιπάλας
2476 4826 2748 4891 διώκοντι,
2778 4826 2836 4892 ἐξ
2857 4819 2931 4877 ὧν
2952 4825 3137 4894 ήδοναὶ
3161 4823 3444 4894 βρύουσιν,
3470 4824 3528 4875 οὐ
3558 4821 3711 4891 μόνον

2140 4917 2393 4988 ἀπρεπὴς
2422 4916 2559 4986 αῦτη
2588 4917 2622 4986 ἡ
2657 4914 2823 4985 εὐχὴ,
2855 4912 2992 4966 ἀλλὰ
3024 4912 3118 4965 καί⁵
3161 4911 3478 4981 εἰρωνείας,
3521 4908 3711 4979 μᾶλλον

2138 5010 2198 5063 δὲ
2246 5008 2487 5062 κινδύνου
2523 5010 2694 5079 μεστή
2741 5007 2878 5078 (40).
2934 5006 3102 5058 Ὅταν
3151 5004 3261 5075 γὰρ
3297 5004 3392 5056 τὸν
3443 5004 3708 5072 ἀκήρατον

2140 5100 2266 5155 νοῦν
2295 5100 2463 5154 ταῦτα
2491 5102 2615 5171 αἰτῇ
2637 5138 2652 5165 ,
2679 5099 2715 5154 ἀ
2742 5100 2918 5152 ποιεῖν
2947 5098 3008 5151 οὐ
3039 5096 3203 5162 θέλει,
3237 5096 3299 5148 οὐ
3328 5095 3483 5166 μόνον
3508 5090 3708 5161 ἀνθρὼη

1554 5408 1792 5465 VARUE
1833 5410 2215 5467 LECTIO‘NES
2254 5410 2342 5467 ET
2382 5410 2617 5466 ΝΟΤΑΞ.

536 5561 647 5633 (58)
685 5561 841 5643 μειερ,
864 5562 1203 5643 ’ἐμϐρόντητε
1248 5564 1520 5643 σαυτῇ...
1558 5563 1838 5643 σωθῆναι,
1871 5566 2033 5619 omit-

394 5654 395 5657 ‘
467 5635 611 5689 lebat
640 5634 725 5685 ed.
752 5634 929 5687 Paris.
972 5634 1024 5688 et
1054 5635 1217 5688 habet
1243 5637 1362 5688 cod.
1400 5634 1517 5688 Vat.
1552 5634 1675 5688 050.
1709 5636 1869 5689 Eutr.

535 5703 805 5781 (39)_Cod.
833 5704 1006 5781 V-atir.
1029 5704 1154 5769 650,
1186 5704 1410 5781 καλέσῃ,
1441 5714 1495 5759 et
1524 5720 1663 5781 vers.
1686 5715 1808 5772 post
1838 5713 2031 5781 quarto

471 5788 567 5840 pro
596 5773 686 5827 καὶ
726 5774 1078 5844 κοιμώμενων
1109 5777 1297 5830 scribit
1332 5773 1436 5831 uno
1483 5778 1647 5831 verbo
1678 5774 2030 5846 κεκοιμημέ-

2142 5562 2467 5714 ναῖῒθῗίίέεὶ
2494 5636 2691 5714 μεσξή.
2716 5653 2835 5705 quae
2861 5638 2912 5694 in
2946 5637 3035 5693 ed.
3059 5634 3237 5694 Paris.
3264 5638 3466 5701 deerat,
3494 5632 3697 5688 additur

2137 5719 2203 5760 cx
2232 5704 2349 5762 cod.
2388 5704 2561 5760 Vatic.
2605 5704 2763 5761 Eutr.
