3894 6412
418 334 560 397 1θ55

1628 337 1690 397 S.
1734 334 2027 394 ISIDORI
2067 334 2509 396 PELUSIOT/E

3558 334 3670 401 1οἶᾸί

416 447 652 501 etionetn
674 444 816 500 laedit
843 463 857 501 :
882 445 960 500 sic
987 446 1149 500 etiam
1173 448 1445 512 vecordia,
1467 447 1511 502 si
1535 448 1737 501 aditum
1770 448 1984 516 praeclu-

2113 447 2208 499 ἐὰν
2238 448 2541 520 ἀποκλείσῃ
2576 448 2653 520 τῷ
2695 448 2837 518 λόγῳ
2868 448 2965 518 τὴν
2999 447 3224 509 εἴσοδον,
3253 446 3563 519 λυμαίνεται
3588 452 3669 512 τὴν

416 538 548 593 serit
579 554 725 596 sana:
759 539 950 593 rationi
980 548 1034 593 et
1060 540 1319 605 orationi,
1340 540 1624 595 sanitatem
1653 541 1814 595 laedit.
1838 539 2005 595 Maxi-

417 643 565 682 mum
592 644 721 697 vero
742 628 790 696 ej
803 644 864 682 us
886 629 1135 684 sanitatis
1163 629 1571 686 fundamentum
1594 639 1676 687 est
1699 633 1959 686 modestia
1987 649 2000 684 :

416 736 580 791 quam
623 722 737 789 ipsa
766 736 984 791 quoque
1024 733 1236 777 natura:
1267 733 1467 777 nostrae
1506 725 1765 787 conditio,
1797 740 1863 779 ex
1898 739 2003 793 quo

416 820 595 866 ortum
621 813 851 881 accepit,
872 821 1082 867 tantum
1108 829 1211 867 non
1239 815 1380 868 edita
1404 829 1536 869 voce
1557 814 1798 869 clamans
1819 816 1999 880 docet,

416 910 477 954 ut
502 914 622 969 qua:
652 899 784 952 nihil
815 899 921 954 nisi
956 902 1131 970 pulvis
1161 911 1212 954 et
1244 902 1383 955 cinis
1410 902 1502 966 sit,
1552 911 1607 956 et
1652 904 2000 970 supercilium

417 1006 480 1045 ac
512 989 705 1046 fastum
740 1005 950 1055 eorum,
987 991 1079 1061 qui
1126 993 1449 1060 arrogantize
1497 993 1686 1047 morbo
1728 993 1997 1059 laborant,

416 1082 551 1151 ipsis
582 1096 763 1136 rerum
792 1084 1130 1153 argumentis
1159 1086 1487 1154 comprimit.

744 1194 854 1248 νη.
891 1225 961 1232 -
991 1193 1267 1249 ISIDORU
1307 1194 1662 1251 EPISCOPO.

414 1284 483 1341 In
512 1286 565 1339 id
594 1286 731 1355 quod
760 1289 823 1339 ab
861 1289 1107 1355 Apostolo
1139 1290 1337 1340 dictant
1379 1300 1473 1350 est,
1498 1307 1517 1338 ι
1551 1288 1781 1342 Oramus
1813 1299 1988 1344 autem

622 1354 813 1418 Deum,
848 1354 914 1411 ne?
941 1358 1152 1426 faciatis
1185 1358 1470 1429 quidquam
1500 1360 1629 1412 mali
1653 1360 1718 1413 ⁸⁸.
1761 1378 1778 1410 ι

475 1542 782 1609 Ουεεεὶνίειί
832 1558 930 1612 per
973 1542 1282 1612 epistolam,
1316 1543 1446 1612 quid
1503 1544 1603 1599 sibi
1658 1546 1808 1611 velit,
1854 1548 1995 1616 quod

411 1635 551 1689 dixit
580 1635 818 1690 Paulus:
855 1655 871 1685 ι
906 1635 1140 1690 Oramus
1164 1644 1342 1691 autem
1375 1636 1564 1699 Deum,
1587 1652 1652 1691 ne
1678 1636 1875 1693 alliciat
1902 1654 1996 1694 vos

409 1724 519 1779 ullo
552 1726 712 1790 malo,
756 1742 861 1779 non
899 1736 961 1780 ut
1001 1741 1098 1780 nos
1142 1725 1353 1793 probati
1386 1741 1759 1795 appareamus,
1802 1730 1894 1784 sed
1938 1742 2015 1787 ut

2110 539 2298 607 ὑγείαν
2327 540 2429 608 τῆς
2458 540 2655 610 ψυχῆς.
2693 541 2943 610 Μεγίστη
2983 538 3038 592 δὲ
3071 538 3331 602 ὑπόθεσις
3381 540 3559 607 ὑγείας
3586 560 3669 596 τα-

2107 630 2537 700 πεινοφροσύνη,
2581 631 2650 702 ἢν
2684 633 2777 683 καὶ
2820 632 2853 701 ἡ
2887 630 3048 700 φύσις
3076 629 3270 700 ἡμῶν,
3315 631 3438 682 ὅθεν
3470 632 3665 699 γέγονε,

2108 719 2287 788 βοῶσα
2312 721 2583 783 διδάσκει,
2632 723 2780 785 κόνις
2828 723 2922 775 καὶ
2971 722 3147 792 τέφρα
3189 722 3554 791 τυγχάνουσα,
3586 726 3667 778 καὶ

2103 812 2164 864 τὸ
2188 811 2452 883 φρύαγμα
2480 812 2587 866 τῶν
2615 812 2932 877 ἀλαζονείαν
2956 812 3260 866 νοσούντων
3288 813 3355 866 δι’
3377 814 3544 867 αὑτῶν
3571 816 3667 869 τῶν

2105 901 2448 972 πραγμάτων
2485 902 2948 956 καταστέλλουσα.

2432 1202 2508 1256 z'.
2558 1232 2630 1241 —
2660 1199 2942 1270 ’ῙΣΙΔΩΡῼ
2988 1198 3360 1268 ΕΠΙΣΚΟΠῼ.

2100 1293 2205 1357 Εἰς
2264 1291 2331 1344 τὸ
2367 1290 2683 1361 εἰρημένον
2720 1291 2839 1361 ὑίπό
2899 1291 3007 1345 τοῦ
3061 1290 3453 1361 Ἀίποστόλομ
3499 1308 3515 1341 ‹
3565 1294 3667 1343 Εὑ-

2170 1361 2394 1484 χόμὲθα
2420 1358 2509 1414 δὲ’
2540 1361 2621 1427 τῷ
2658 1360 2817 1428 Θεῷ,
2851 1362 2937 1429 μὴ
2992 1360 3245 1429 ποιῆσαι
3293 1358 3445 1429 ὑμᾶς
3491 1361 3668 1429 μηδὲν

2169 1448 2283 1484 arma
2322 1449 2378 1485 ν.
2436 1450 2458 1483 ι

2167 1543 2478 1614 Γέγραφας,
2512 1544 2565 1596 τί
2611 1544 2758 1597 ἐστιν
2795 1543 2823 1596 ὃ
2852 1542 2957 1613 ἔφη
2999 1543 3027 1597 ὃ
3068 1542 3303 1607 Παῦλος,
3341 1561 3360 1594 ι
3401 1543 3663 1613 Εὑχόμεθα

2095 1634 2153 1687 δὲ
2190 1633 2268 1705 τῷ
2300 1634 2440 1705 Θεῷ,
2477 1634 2553 1705 μὴ
2595 1636 2819 1704 ποιῆσαι
2864 1635 3009 1704 ὑμᾶς
3046 1634 3215 1705 μηδὲν
3245 1635 3435 1695 κακὸν,
3467 1636 3561 1705 οὐχ
3588 1636 3662 1690 ἵνα

2099 1728 2259 1797 ἡμεῖς
2285 1727 2499 1798 δόκιμοι
2530 1728 2811 1797 φανῶμεν,
2838 1727 2952 1781 ἀλλ’
2985 1728 3141 1798 ὑμεῖς
3180 1727 3244 1780 τὸ
3276 1727 3439 1780 καλὸν
3467 1728 3661 1797 ποιῆτε,

406 1820 503 1871 vos
552 1817 752 1871 bonum
797 1815 1047 1884 faciatis;
1100 1831 1197 1871 nos
1235 1831 1363 1871 vero
1412 1816 1667 1887 tanquam
1703 1820 1984 1889 improbati

2102 1820 2255 1889 ἡμεῖς
2300 1819 2356 1871 δὲ
2391 1818 2467 1882 ὼς
2499 1819 2749 1889 ἀδόκιμοι
2802 1815 2974 1890 ὦμεν.
3016 1838 3034 1869 ι
3075 1820 3278 1872 Ἀκουε
3306 1819 3479 1872 τοίνυν
3510 1821 3666 1872 συντό-

404 1906 595 1961 sitnus.
627 1925 646 1959 ι
672 1908 808 1960 Audi
846 1909 1009 1978 igitur
1043 1908 1297 1963 breviter.
1336 1908 1600 1975 Quoniam
1645 1926 1825 1979 poena,
1873 1929 1991 1981 quae

404 1999 753 2066 peccantibus
781 2001 1118 2071 irrogabatur
1162 2005 1327 2055 verbo
1369 2002 1451 2070 (ut
1496 2004 1584 2057 illa
1614 2019 1733 2073 qua!
1767 2006 1992 2060 Ananiae

403 2103 460 2147 et
501 2092 767 2162 Saphirae,
820 2094 906 2147 illa
975 2095 1101 2147 item
1145 2110 1266 2162 quae
1300 2080 1572 2150 excaecata
1622 2097 1821 2167 mago),
1864 2114 1991 2167 pec-

401 2194 587 2238 cantes
614 2186 830 2254 quidem
859 2184 1152 2254 amigebat,
1193 2201 1287 2241 eos
1319 2193 1523 2251 autem,
1548 2188 1636 2255 qui
1686 2203 1874 2256 pmnas
1906 2190 1989 2243 in-

399 2274 679 2342 ﬁgebant,
712 2278 1033 2345 conspicuos
1060 2286 1222 2344 atque
1270 2276 1508 2331 illustres
1536 2287 1588 2331 et
1621 2276 1990 2335 formidabiles

399 2365 668 2419 elliciebat
696 2384 711 2420 :
739 2368 940 2422 idcirco
976 2367 1108 2423 dicit
1133 2386 1147 2422 :
1176 2366 1438 2422 Nolumus
1465 2384 1530 2423 ex
1558 2380 1737 2423 vestra
1784 2371 1985 2426 malitia

399 2469 453 2512 et
486 2457 775 2514 alllietione
815 2460 1053 2515 illustres
1091 2476 1155 2515 ac
1188 2460 1429 2515 celebres
1457 2460 1600 2525 ﬁeri,
1632 2463 1724 2517 sed
1758 2463 1989 2517 libenter

396 2551 633 2615 obscuri,
661 2562 923 2621 quantum
950 2554 1015 2606 ad
1045 2556 1144 2607 hoc
1174 2553 1389 2622 quidem
1412 2553 1628 2617 attinet,
1656 2553 1844 2620 latere,
1861 2555 1984 2608 dum

397 2658 492 2696 vos
546 2642 675 2697 clari
724 2644 1043 2714 probatique
1095 2645 1235 2699 sitis.
1284 2643 1417 2699 Nam
1471 2645 1562 2715 qni
1615 2661 1724 2698 sua:
1770 2646 1987 2700 virtutis

394 2733 735 2801 splendorem
768 2750 834 2788 ex
862 2750 1049 2789 eorum
1082 2736 1173 2805 qui
1199 2735 1476 2804 suppliciis
1507 2736 1815 2789 adiciuntur
1842 2737 1987 2791 cala-

394 2825 584 2879 mitate
615 2826 882 2880 exsistere
928 2828 1170 2895 cupiunt,
1214 2826 1288 2880 illi
1336 2828 1465 2881 mihi
1513 2842 1617 2880 non
1647 2839 1826 2896 patres
1867 2843 1986 2882 esse

394 2931 570 2984 neque
601 2917 852 2972 doctores
881 2918 1111 2972 habendi
1142 2917 1417 2984 videntur,
1462 2920 1556 2973 sed
1606 2920 1782 2987 potius
1822 2920 1985 2989 pesti-

392 3008 492 3063 feri
525 3009 748 3079 quidam
785 3010 1034 3064 homines
1063 3019 1117 3065 et
1150 3010 1332 3064 hostes
1369 3017 1531 3080 atque
1560 3012 1803 3081 tyranni.

934 3120 1069 3177 Vill.
1099 3153 1173 3163 -—
1218 3120 1447 3177 ISAUE.

821 3211 901 3265 De
925 3211 1092 3266 Caino
1124 3224 1171 3266 et
1205 3211 1467 3266 Lamacho
1485 3212 1550 3267 ⁸⁷.

464 3324 797 3393 Qtuesivisti,
823 3325 952 3394 quid
996 3340 1178 3380 causa:
1218 3326 1309 3389 sit,
1339 3341 1435 3380 cur
1466 3327 1599 3381 Cain
1635 3337 1689 3381 et
1719 3324 1978 3391 Lamech,

389 3433 513 3470 cum
545 3424 773 3486 uterque
800 3417 1003 3470 caedem
1035 3417 1325 3485 patrarint,
1356 3432 1461 3471 non
1498 3426 1674 3470 tamen
1713 3417 1982 3471 similibus

388 3507 566 3563 affecti
601 3509 710 3562 sint
739 3508 1108 3578 pmnis.Alter
1126 3508 1271 3561 enim
1304 3522 1495 3575 pcenas
1525 3508 1806 3575 dependit;
1844 3507 1982 3562 alter

386 3610 567 3653 autem
611 3598 821 3653 veniam
861 3598 1026 3670 417
1073 3610 1404 3654 consecutus
1434 3610 1533 3653 est.
1578 3599 1978 3671 (Respondem)

386 3678 523 3759 Quia
556 3692 645 3745 ille
683 3690 848 3744 etiam
892 3691 1254 3760 reprehensus
1300 3692 1351 3761 (a
1403 3689 1534 3761 Deo)
1563 3690 1764 3743 factum
1813 3706 1978 3760 nega-

386 3784 501 3851 vit;
531 3786 641 3840 iste
674 3799 802 3837 vero
837 3800 942 3838 non
980 3784 1340 3853 reprehensus
1370 3782 1517 3835 ultro
1568 3782 1849 3835 confessus
1874 3791 1976 3835 est.

384 3877 707 3945 Quanquam
742 3878 886 3930 enim
921 3873 1205 3945 (ipsorum)
1240 3884 1459 3944 peccata
1496 3873 1699 3927 fuerint
1727 3874 1977 3943 aequalia,

385 3962 568 4021 tamen
588 3982 707 4037 quae
724 3977 1008 4036 peccatum
1031 3976 1160 4019 sunt
1183 3976 1499 4034 consecuta,
1531 3980 1636 4019 non
1665 3968 1881 4019 fuerunt
1908 3981 1981 4019 ze-

383 4060 588 4129 qualia.
612 4057 864 4112 Divinum
888 4067 971 4112 est
994 4059 1137 4111 enim
1159 4058 1463 4121 oraculum,
1483 4058 1621 4127 quod
1640 4056 1823 4124 jubet:
1846 4075 1865 4107 (
1884 4056 1979 4111 Dic

385 4144 440 4205 tu
487 4161 708 4221 peccata
754 4161 844 4204 tua
890 4150 1119 4218 primus,
1174 4157 1232 4203 ut
1274 4146 1693 4219 justil‘tceris“.
1726 4167 1745 4200 ι
1781 4148 1979 4203 Demus

386 4234 571 4315 itaque
620 4261 843 4315 operam
898 4244 1110 4305 sedulo,
1157 4258 1226 4298 ne
1281 4257 1597 4312 peccemus.
1651 4242 1751 4297 Ubi
1796 4253 1976 4296 autem

385 4336 525 4394 forte
553 4336 977 4408 peccaverimus,
1022 4348 1123 4388 nec
1164 4349 1259 4403 per
1286 4334 1626 4403 negationem
1667 4334 1975 4389 nobismet-

384 4431 518 4503 ipsis
557 4427 859 4499 graviorem
893 4438 1109 4494 pmnatn
1145 4438 1511 4479 accersamus.

667 4539 757 4595 1X.
792 4568 866 4580 —
905 4534 1336 4594 EUDIEMONIO
1375 4532 1689 4589 DIACONO.

2098 1929 2233 1983 μως.
2281 1912 2499 1983 Ἐπειδὴ
2532 1913 2565 1984 ἡ
2592 1913 2737 1983 λόγῳ
2764 1912 3064 1984 τικτομένη
3109 1913 3253 1966 κατὰ
3283 1912 3393 1965 τῶν
3436 1913 3660 1983 ἁμαρτα-

2094 2001 2296 2055 νόντων
2324 2002 2589 2073 τιμωρία,
2631 1998 2743 2055 οἷον
2769 2005 2803 2073 ή
2828 2002 2970 2056 κατά
2992 2002 3104 2054 τῶν
3134 2002 3263 2072 περὶ
3309 2001 3551 2054 Ἀνανίαν
3582 2019 3660 2053 2a:

2094 2093 2432 2164 Σάπφειραν,
2460 2094 2552 2146 καὶ
2581 2096 2614 2165 ἡ
2648 2094 2791 2148 κατὰ
2814 2093 2907 2147 τοῦ
2931 2092 3310 2163 τυφλωθέντος
3339 2091 3531 2162 μάγου,
3553 2094 3660 2155 τρίς

2095 2187 2195 2257 μὲν
2238 2187 2656 2258 ἁμαρτάνοντας
2700 2187 3025 2249 ὲταπείνου,
3074 2186 3200 2247 τοὺς
3255 2184 3311 2238 δὲ
3360 2184 3663 2247 κολάζοντας

2090 2278 2378 2351 λαμπροὺς
2409 2280 2501 2333 καὶ
2526 2280 2832 2349 ἐπισήμους
2865 2279 2957 2331 καὶ
2984 2277 3115 2347 φοὸε
3126 2277 3255 2348 ροὺς
3278 2276 3557 2345 ἀπέφαινε,
3582 2276 3657 2329 διὰ

2092 2370 2249 2423 τοῦτὸ
2268 2388 2453 2440 φησιν,
2472 2371 2554 2424 ὅτι
2575 2371 2648 2423 Οὑ
2670 2370 2972 2441 βουλόμεθα
2996 2370 3059 2422 ὲκ
3079 2372 3181 2439 τῆς
3198 2368 3470 2438 ὑμετέρας
3486 2368 3663 2429 κακίας

2089 2460 2332 2531 λαμπροὶ
2372 2459 2680 2530 φαίνεσθαι,
2710 2459 2827 2512 ἀλλ’
2860 2458 3034 2529 ἡδέως
3066 2459 3271 2527 ἄσημοι
3318 2457 3407 2510 διὰ
3433 2457 3570 2509 τοῦτ’
3602 2458 3657 2509 ἂν

2089 2551 2303 2622 εἴημεν,
2335 2552 2423 2605 ἴνα
2453 2552 2610 2623 ὑμεῖς
2640 2551 2913 2615 εὐδόκιμοι
2941 2550 3111 2621 εἴητε.
3141 2551 3205 2610 Οί
3226 2550 3336 2620 γὰρ
3365 2548 3657 2619 βουλόμενοι

2088 2642 2189 2713 τῆς
2216 2643 2424 2707 οἰκείας
2463 2643 2668 2713 ἀρετῆς
2699 2643 2800 2714 τὴν
2824 2641 3145 2711 ἐπιφάνειαν
3186 2641 3299 2712 (45)
3342 2642 3406 2694 ὲκ
3436 2640 3531 2709 τῆς
3567 2639 3662 2691 τῶν

2088 2734 2469 2804 κολαζομένων
2514 2735 2804 2805 συμφορᾶς
2850 2734 3167 2798 τίκτεσθαι,
3214 2733 3275 2787 οὑ
3329 2751 3417 2805 μοι
3459 2732 3659 2786 δοκοῦσι

2093 2826 2334 2897 πατέρες
2367 2821 2506 2879 εἶναι
2542 2825 2573 2896 ἢ
2610 2824 2921 2879 διδάσκαλοι
2950 2824 3086 2895 (46),
3112 2824 3252 2879 ἀλλὰ
3280 2824 3548 2897 λυμεῶνες
3576 2825 3661 2877 καὶ

2088 2917 2274 2990 ἐχθροὶ
2304 2918 2401 2972 καὶ⁹
2430 2916 2711 2986 τύραννοι.

2655 3119 2738 3173 H'.
2773 3147 2844 3157 -
2878 3118 3105 3190 ΗΣΑΙᾼ.

2378 3210 2519 3280 Περὶ
2555 3210 2660 3264 τοῦ
2694 3209 2845 3265 Κάιν
2890 3211 2991 3265 καὶ
3028 3211 3135 3265 τοῦ
3173 3210 3400 3281 Λάμεχ.

2157 3322 2258 3376 Διὰ
2296 3325 2381 3388 τί,
2423 3322 2593 3394 ἔφης,
2627 3324 2656 3375 6
2694 3323 2833 3375 Κάῖν
2861 3324 2955 3377 καὶ
2979 3325 3007 3376 6
3044 3324 3238 3395 Λάμεχ
3262 3325 3420 3393 φόνον
3450 3325 3659 3396 δράσαν-

2079 3434 2173 3479 τες
2219 3416 2318 3487 οὑχ
2371 3416 2573 3486 ὁμοίως
2627 3415 3043 3488 ὲκολάσθησαν;
3095 3417 3155 3470 ὐ
3216 3419 3315 3488 μὲν
3360 3418 3471 3489 γάρ
3519 3420 3657 3482 δίκας

2080 3507 2280 3561 ἔδωκεν
2306 3527 2321 3542 ι
2351 3510 2379 3561 6
2407 3508 2466 3560 δὲ
2510 3506 2881 3576 συνεγνώσθη.
2938 3507 3162 3577 Ἐπειδὴ
3193 3510 3222 3561 6
3248 3508 3348 3578 μὲν
3391 3510 3485 3562 καὶ
3515 3511 3652 3577 ἐλεγ-

2080 3599 2308 3670 χόμενος
2337 3599 2610 3670 ἠρνήσατο
2630 3616 2641 3627 ’
2679 3601 2707 3653 6
2738 3598 2796 3651 δὲ
2830 3598 2905 3670 μὴ
2937 3598 3298 3670 ἐλεγχόμενος
3335 3599 3657 3669 ἐξωμολογή-

2082 3707 2233 3742 σατο.
2269 3690 2333 3742 Εἰ
2369 3689 2476 3760 γὰρ
2520 3689 2618 3742 καὶ
2660 3688 2729 3742 τὰ
2774 3689 2878 3759 τῆς
2920 3690 3197 3760 ἁμαρτίας
3249 3692 3375 3755 ῐσα,
3428 3690 3556 3744 ἀλλὰ
3600 3690 3658 3743 τὰ

2084 3782 2223 3851 μετὰ
2252 3783 2350 3852 τὴν
2379 3782 2659 3853 ἁμαρτίαν
2689 3783 2791 3836 οὑκ
2819 3784 2930 3837 ἴσα.
2968 3783 3127 3846 Θεῖος
3152 3783 3262 3854 γάρ
3286 3786 3401 3837 ἐστι
3432 3784 3658 3855 χρησμὸς

2076 3864 2589 3947 ’παρακελευόμενος
2609 3893 2624 3907 ·
2652 3895 2670 3927 ι
2698 3875 2837 3945 Λέγε
2868 3878 2932 3929 σὺ
2967 3877 3068 3940 τὰς
3092 3877 3369 3947 ἁμαρτίας
3401 3894 3491 3931 σου
3518 3877 3656 3949 πρῶ-

2080 3985 2171 4033 τος
2197 3968 2338 4038 (47),
2380 3968 2468 4022 ἴνα
2495 3968 2843 4039 δικαιωθῇς.»
2880 3968 3092 4022 Οὐκοῦν
3115 3968 3355 4039 μάλιστα
3380 3971 3475 4042 μὲν
3502 3988 3657 4023 σπου-

2079 4061 2331 4132 δάζωμεν
2366 4061 2477 4133 (48)
2522 4061 2595 4133 μὴ
2639 4061 3005 4132 πλημμελεῖν.
3059 4061 3121 4114 Εἰ
3160 4064 3217 4115 δὲ
3266 4065 3361 4116 καὶ
3407 4065 3647 4135 πλημμε-

2077 4153 2368 4224 λήσωμεν,
2414 4153 2488 4224 μὴ
2528 4153 2618 4205 διὰ
2657 4152 2757 4223 τῆς
2800 4153 3083 4224 ἀρνήσεως
3126 4154 3513 4226 χαλεπωτέραν
3556 4157 3656 4225 (49)

2082 4247 2293 4310 ἑαυτοῖς
2320 4245 2419 4316 τὴν
2452 4245 2607 4317 δίκην
2641 4244 3176 4316 παρασκευάσωμεν.

2380 4539 2457 4593 6'.
2498 4569 2569 4580 —
2602 4540 3028 4612 ΕΥΔΑΙΜΟΝΙῼ
3065 4543 3389 4615 ΔΙΑΚΟΝῼ.

390 4653 567 4718 Quare
593 4653 745 4728 pueri
778 4650 927 4718 (tres)
959 4651 1012 4703 in
1038 4648 1251 4728 fornace
1277 4646 1649 4728 (Babylonica)
1672 4647 1972 4728 communi:

2102 4648 2181 4703 ita
2209 4649 2366 4728 tier:
2394 4646 2471 4718 τῇ
2505 4650 2734 4728 καμίνῳ
2760 4652 2837 4728 ol_
2848 4649 3059 4728 παῖδες
3084 4650 3294 4728 ξιοςνῇΔ
3311 4649 3472 4728 ἐττᾱςσι
3496 4664 3655 4728 gap:

459 4733 538 4776 ter
554 4717 795 4776 manibus
813 4717 1050 4774 auctores
1079 4729 1125 4772 et
1151 4717 1441 4772 hortatores
1466 4718 1679 4785 fuerunt
1710 4717 1971 4772 laudandi

459 4792 657 4855 Deum;
690 4791 1029 4861 peculiariter
1053 4806 1171 4844 vero
1200 4788 1409 4843 Danieli
1442 4788 1509 4841 ⁶⁹.

452 4904 781 4972 Quaesivisti,
802 4918 971 4973 quare
1004 4903 1157 4971 pueri
1187 4910 1319 4967 tres,
1342 4911 1691 4971 posteaquam
1724 4915 1969 4955 commu-

383 5000 525 5055 niter
560 4996 815 5053 omnibus
843 4995 1151 5051 hominibus
1185 4995 1493 5051 hortatores
1530 4994 1861 5049 exstiterunt
1899 4995 1967 5048 ad

480 5138 525 5170 ‘°
552 5137 595 5193 ll
624 5137 750 5193 Cor.
784 5153 904 5203 xm,
940 5136 993 5189 7.
1071 5136 1115 5166 ⁸⁷
1154 5134 1291 5191 Gen.
1328 5149 1400 5201 tv,
1428 5134 1454 5187 1
1498 5148 1653 5203 seqq.

2151 4720 2565 4843 Ξκελεὲσαντο
2598 4720 2877 4789 εὐλογεῖν
2919 4720 3027 4775 τὸν
3072 4721 3242 4785 Θεόν,
3277 4720 3440 4787 ἰδίως
3484 4721 3551 4773 δὲ
3585 4720 3657 4786 τῷ

2192 4807 2330 4843 arm
2382 4830 2395 4843 .

2192 4807 2395 4857 ανιηνι.

2149 4904 2248 4957 Διὰ
2291 4904 2380 4968 τί,
2418 4902 2577 4975 ἔφης,
2612 4904 2662 4957 οἱ
2709 4902 2898 4967 παῖδες
2931 4905 2983 4958 oi
3031 4908 3183 4976 τρεῖς
3219 4908 3359 4978 μετὰ
3403 4904 3462 4960 τὸ
3508 4908 3658 4959 πᾶσιν

2079 4995 2386 5067 ἀνθρώποις
2448 4998 2601 5067 κοινῇ
2659 4994 3218 5068 παρακελεύσασθαι,
3282 4999 3522 5069 εὐλογεῖν
3575 4997 3657 5051 τὸν

1754 5133 1799 5164 ⁸⁸
1826 5131 1933 5189 lsa.
1985 5148 2143 5201 mu,
2175 5133 2270 5189 26.
2362 5135 2408 5168 ‘9
2454 5136 2588 5190 Dan.
2625 5152 2710 5202 ιιι,
2741 5135 2813 5192 26
2843 5151 3001 5207 seqq.

1515 5279 1752 5338 VARUE
1788 5279 2174 5337 LECTlONES
2221 5280 2310 5336 ΕΤ
2358 5280 2605 5336 NOTAE.

456 5425 568 5497 (45)
599 5421 891 5497 (Σοιὶηγαι.
934 5420 1311 5497 περιφάνειαν.
1347 5421 1557 5497 Possm.

448 5490 566 5558 (46)
608 5497 686 5549 Ἢ
727 5490 1104 5547 διδάσκαλοι.
1150 5493 1501 5546 Dissimulare
1543 5506 1649 5544 non
1676 5491 1878 5553 debeo,
1912 5490 1965 5545 in

384 5559 488 5621 ms.
519 5565 580 5618 Β.
618 5565 793 5636 θεεεῆ
826 5564 934 5617 δέδι
958 5563 1034 5631 6.,
1063 5579 1130 5619 ex
1156 5579 1262 5633 quo
1286 5562 1543 5632 conjiciat
1566 5562 1710 5630 quis,
1741 5561 1960 5631 legend.

383 5637 506 5689 οὐδὲ
535 5636 634 5688 διδ.
666 5635 833 5690 nm.

460 5706 573 5775 (Π)
631 5705 780 5774 Λέγε
801 5704 884 5758 σὺ
921 5705 1027 5770 τὰς
1048 5703 1336 5773 ἁμαρτίας
1367 5717 1483 5757 σου
1510 5698 1965 5775 πρῶτοςῖςτίθο.

389 5776 525 5833 Bibl.
555 5772 675 5833 'lsa.
707 5772 860 5844 mu,
898 5772 1114 5843 habent,
1142 5775 1390 5845 ἀνομίας.
1423 5775 1477 5829 ln
1528 5787 1689 5829 sensu
1720 5772 1855 5828 nihil
1886 5774 1969 5826 in-

2072 5430 2272 5485 terest,
2305 5428 2483 5474 utrum
2527 5433 2757 5487 usurpes
2804 5420 3051 5473 verbum.
3106 5418 3281 5486 Nam,
3328 5429 3385 5473 ut
3426 5417 3651 5474 Joannes

2073 5491 2349 5560 apostolus
2372 5491 2466 5554 ait,
2496 5492 2531 5560 ὴ
2561 5489 2807 5613 ῥιμαρεία
2835 5490 2984 5542 ἐστὶν
3017 5489 3300 5573 naucula.
3330 5489 3383 5544 In

2141 5562 2256 5613 «48)
2307 5560 2403 5613 Ed.
2451 5561 2649 5613 Pans..
2697 5577 2762 5613 να
2785 5559 3082 5613 δικαιωθῇς
3110 5561 3383 5613 σπουδάσιι

2141 5562 2256 5627 (48)
2307 5560 2403 5616 Ed.
2451 5559 2649 5631 Paris,
2675 5559 2762 5631 ἵνα
2785 5559 3082 5631 δικαιωθῆς
3110 5561 3503 5631 σπουδάσωμεν
3529 5574 3644 5612 eum

2078 5633 2341 5687 asterisco
2371 5630 2617 5684 defectus
2646 5630 2839 5684 indice.
2869 5629 3081 5686 Possm.

2145 5702 2255 5772 (49)
2285 5700 2392 5772 _Pro
2423 5700 2810 5771 χαλεπωτέραν
2843 5702 2963 5756 cod.
3004 5700 3176 5756 Vatic.
3217 5702 3345 5769 legit
3370 5699 3644 5771 ἀργαλεω-

2072 5770 2257 5844 τὲραν.
2284 5770 2359 5825 lu.
