  <div class='ocr_page' id='page_1' title='image "/cluster/home/n/w/nwhite01/storage/ocr_20150623/78/nnc1.0046980008/584.png"; bbox 0 0 3894 6412; ppageno 0'>
   <div class='ocr_carea' id='block_1_1' title="bbox 211 377 334 444">
    <p class='ocr_par' dir='ltr' id='par_1_1' title="bbox 211 377 334 444">
     <span class='ocr_line' id='line_1_1' title="bbox 211 377 334 444; baseline 0.016 -2"><span class='ocrx_word' id='word_1_1' title='bbox 211 377 334 444; x_wconf 74' lang='grc'><strong>105⁸1</strong></span> 
     </span>
    </p>
   </div>
   <div class='ocr_carea' id='block_1_2' title="bbox 1177 376 2575 441">
    <p class='ocr_par' dir='ltr' id='par_1_2' title="bbox 1177 376 2575 441">
     <span class='ocr_line' id='line_1_2' title="bbox 1177 376 2575 441; baseline 0.002 -3"><span class='ocrx_word' id='word_1_2' title='bbox 1177 376 1715 438; x_wconf 83' lang='lat' dir='ltr'><strong>EPISTOLARUM</strong></span> <span class='ocrx_word' id='word_1_3' title='bbox 1755 377 1904 437; x_wconf 83' lang='lat' dir='ltr'><strong>LIB.</strong></span> <span class='ocrx_word' id='word_1_4' title='bbox 1939 379 2039 440; x_wconf 83' lang='lat' dir='ltr'><strong>IV.</strong></span> <span class='ocrx_word' id='word_1_5' title='bbox 2079 406 2151 415; x_wconf 88' lang='grc'>-·</span> <span class='ocrx_word' id='word_1_6' title='bbox 2190 382 2428 441; x_wconf 83' lang='lat' dir='ltr'><strong>EPIST.</strong></span> <span class='ocrx_word' id='word_1_7' title='bbox 2472 382 2575 440; x_wconf 82' lang='lat' dir='ltr'><strong>XI.</strong></span> 
     </span>
    </p>
   </div>
   <div class='ocr_carea' id='block_1_3' title="bbox 3342 380 3482 445">
    <p class='ocr_par' dir='ltr' id='par_1_3' title="bbox 3342 380 3482 445">
     <span class='ocr_line' id='line_1_3' title="bbox 3342 380 3482 445; baseline 0.014 -2"><span class='ocrx_word' id='word_1_8' title='bbox 3342 380 3482 445; x_wconf 80' lang='lat'><strong>1058</strong></span> 
     </span>
    </p>
   </div>
   <div class='ocr_carea' id='block_1_4' title="bbox 207 492 1799 566">
    <p class='ocr_par' dir='ltr' id='par_1_4' title="bbox 207 492 1789 566">
     <span class='ocr_line' id='line_1_4' title="bbox 207 492 1789 566; baseline -0.001 -19"><span class='ocrx_word' id='word_1_9' title='bbox 207 495 352 560; x_wconf 75' lang='grc' dir='ltr'>Θεὸν,</span> <span class='ocrx_word' id='word_1_10' title='bbox 385 492 491 564; x_wconf 75' lang='grc' dir='ltr'>ἰδία</span> <span class='ocrx_word' id='word_1_11' title='bbox 516 494 594 566; x_wconf 81' lang='grc' dir='ltr'>τῷ</span> <span class='ocrx_word' id='word_1_12' title='bbox 618 493 817 565; x_wconf 78' lang='grc' dir='ltr'>Δανιὴλ</span> <span class='ocrx_word' id='word_1_13' title='bbox 866 492 1477 565; x_wconf 83' lang='grc' dir='ltr'>παρεκελεύσαντο(50).</span> <span class='ocrx_word' id='word_1_14' title='bbox 1504 493 1653 563; x_wconf 73' lang='grc' dir='ltr'>Φημὶ</span> <span class='ocrx_word' id='word_1_15' title='bbox 1680 492 1789 545; x_wconf 83' lang='grc' dir='ltr'>τοί-</span> 
     </span>
    </p>
   </div>
   <div class='ocr_carea' id='block_1_5' title="bbox 1911 492 3479 566">
    <p class='ocr_par' dir='ltr' id='par_1_5' title="bbox 1911 493 3479 564">
     <span class='ocr_line' id='line_1_5' title="bbox 1911 493 3479 564; baseline 0.002 -17"><span class='ocrx_word' id='word_1_16' title='bbox 1911 495 2318 551; x_wconf 79' lang='grc' dir='ltr'>)ειιειΙίεειιιΙιιιῐι</span> <span class='ocrx_word' id='word_1_17' title='bbox 2378 496 2565 557; x_wconf 89' lang='lat' dir='ltr'><strong>Deum,</strong></span> <span class='ocrx_word' id='word_1_18' title='bbox 2630 493 2882 564; x_wconf 77' lang='lat' dir='ltr'><strong>privatim</strong></span> <span class='ocrx_word' id='word_1_19' title='bbox 2948 494 3220 550; x_wconf 86' lang='lat' dir='ltr'><strong>Dauielem</strong></span> <span class='ocrx_word' id='word_1_20' title='bbox 3280 496 3479 552; x_wconf 92' lang='lat' dir='ltr'><strong>hortati</strong></span> 
     </span>
    </p>
   </div>
   <div class='ocr_carea' id='block_1_6' title="bbox 206 585 1786 658">
    <p class='ocr_par' dir='ltr' id='par_1_6' title="bbox 206 585 1786 658">
     <span class='ocr_line' id='line_1_6' title="bbox 206 585 1786 658; baseline 0 -18"><span class='ocrx_word' id='word_1_21' title='bbox 206 606 314 647; x_wconf 83' lang='grc' dir='ltr'>νυν,</span> <span class='ocrx_word' id='word_1_22' title='bbox 338 590 420 642; x_wconf 82' lang='grc' dir='ltr'>ὅτι</span> <span class='ocrx_word' id='word_1_23' title='bbox 451 586 565 658; x_wconf 81' lang='grc'>(51)</span> <span class='ocrx_word' id='word_1_24' title='bbox 591 585 777 655; x_wconf 76' lang='grc' dir='ltr'>ἐπειδὴ</span> <span class='ocrx_word' id='word_1_25' title='bbox 810 587 858 638; x_wconf 82' lang='grc' dir='ltr'><strong>οἱ</strong></span> <span class='ocrx_word' id='word_1_26' title='bbox 886 587 984 656; x_wconf 81' lang='grc' dir='ltr'><strong>μὲν</strong></span> <span class='ocrx_word' id='word_1_27' title='bbox 1021 587 1206 655; x_wconf 82' lang='grc' dir='ltr'>κοινῆς</span> <span class='ocrx_word' id='word_1_28' title='bbox 1235 587 1515 657; x_wconf 80' lang='grc' dir='ltr'><strong>προνοίας,</strong></span> <span class='ocrx_word' id='word_1_29' title='bbox 1535 588 1582 638; x_wconf 82' lang='lat' dir='ltr'><strong>oi</strong></span> <span class='ocrx_word' id='word_1_30' title='bbox 1603 585 1659 638; x_wconf 86' lang='grc' dir='ltr'>δὲ</span> <span class='ocrx_word' id='word_1_31' title='bbox 1690 587 1786 640; x_wconf 75' lang='grc' dir='ltr'><strong>καὶ</strong></span> 
     </span>
    </p>
   </div>
   <div class='ocr_carea' id='block_1_7' title="bbox 1890 586 3481 660">
    <p class='ocr_par' dir='ltr' id='par_1_7' title="bbox 1890 586 3481 660">
     <span class='ocr_line' id='line_1_7' title="bbox 1890 586 3481 660; baseline 0.001 -19"><span class='ocrx_word' id='word_1_32' title='bbox 1890 587 2089 642; x_wconf 88' lang='lat' dir='ltr'><strong>fuerint</strong></span> <span class='ocrx_word' id='word_1_33' title='bbox 2127 588 2215 659; x_wconf 93' lang='lat' dir='ltr'><strong>(ad</strong></span> <span class='ocrx_word' id='word_1_34' title='bbox 2253 589 2393 642; x_wconf 84' lang='lat' dir='ltr'><strong>idem</strong></span> <span class='ocrx_word' id='word_1_35' title='bbox 2436 586 2719 653; x_wconf 78' lang='lat' dir='ltr'><strong>ollicium).</strong></span> <span class='ocrx_word' id='word_1_36' title='bbox 2758 589 2855 642; x_wconf 81' lang='lat' dir='ltr'><strong>Aio</strong></span> <span class='ocrx_word' id='word_1_37' title='bbox 2893 588 3077 658; x_wconf 84' lang='lat' dir='ltr'><strong>itaque</strong></span> <span class='ocrx_word' id='word_1_38' title='bbox 3125 589 3290 660; x_wconf 86' lang='lat' dir='ltr'><strong>(hanc</strong></span> <span class='ocrx_word' id='word_1_39' title='bbox 3342 588 3481 643; x_wconf 84' lang='lat' dir='ltr'><strong>mihi</strong></span> 
     </span>
    </p>
   </div>
   <div class='ocr_carea' id='block_1_8' title="bbox 209 677 1799 751">
    <p class='ocr_par' dir='ltr' id='par_1_8' title="bbox 209 677 1786 751">
     <span class='ocr_line' id='line_1_8' title="bbox 209 677 1786 751; baseline -0.003 -16"><span class='ocrx_word' id='word_1_40' title='bbox 209 684 372 751; x_wconf 80' lang='grc' dir='ltr'>ίδικῆς</span> <span class='ocrx_word' id='word_1_41' title='bbox 403 679 497 733; x_wconf 78' lang='grc' dir='ltr'><strong>καὶ</strong></span> <span class='ocrx_word' id='word_1_42' title='bbox 526 677 809 747; x_wconf 81' lang='grc' dir='ltr'>ὲξαιρέτου</span> <span class='ocrx_word' id='word_1_43' title='bbox 848 677 1187 747; x_wconf 75' lang='grc' dir='ltr'><strong>προστασίας</strong></span> <span class='ocrx_word' id='word_1_44' title='bbox 1233 677 1578 746; x_wconf 85' lang='grc' dir='ltr'>ἀπήλαυσαν·</span> <span class='ocrx_word' id='word_1_45' title='bbox 1614 677 1708 731; x_wconf 78' lang='grc' dir='ltr'><strong>καὶ</strong></span> <span class='ocrx_word' id='word_1_46' title='bbox 1735 677 1786 730; x_wconf 75' lang='lat' dir='ltr'><strong>oi</strong></span> 
     </span>
    </p>
   </div>
   <div class='ocr_carea' id='block_1_9' title="bbox 1911 677 3481 751">
    <p class='ocr_par' dir='ltr' id='par_1_9' title="bbox 1911 680 3481 751">
     <span class='ocr_line' id='line_1_9' title="bbox 1911 680 3481 751; baseline 0.001 -19"><span class='ocrx_word' id='word_1_47' title='bbox 1911 682 2006 751; x_wconf 70' lang='lat' dir='ltr'><strong>ejus</strong></span> <span class='ocrx_word' id='word_1_48' title='bbox 2037 682 2115 734; x_wconf 86' lang='lat' dir='ltr'><strong>rei</strong></span> <span class='ocrx_word' id='word_1_49' title='bbox 2143 696 2359 735; x_wconf 84' lang='lat' dir='ltr'><strong>causam</strong></span> <span class='ocrx_word' id='word_1_50' title='bbox 2395 680 2563 735; x_wconf 85' lang='lat' dir='ltr'><strong>videri</strong></span> <span class='ocrx_word' id='word_1_51' title='bbox 2606 681 2816 751; x_wconf 85' lang='lat' dir='ltr'><strong>fuisse),</strong></span> <span class='ocrx_word' id='word_1_52' title='bbox 2856 682 3107 751; x_wconf 90' lang='lat' dir='ltr'><strong>quoniam</strong></span> <span class='ocrx_word' id='word_1_53' title='bbox 3144 682 3219 735; x_wconf 92' lang='lat' dir='ltr'><strong>illi</strong></span> <span class='ocrx_word' id='word_1_54' title='bbox 3264 682 3481 749; x_wconf 84' lang='lat' dir='ltr'><strong>quidem</strong></span> 
     </span>
    </p>
   </div>
   <div class='ocr_carea' id='block_1_10' title="bbox 210 764 1787 845">
    <p class='ocr_par' dir='ltr' id='par_1_10' title="bbox 210 764 1787 845">
     <span class='ocr_line' id='line_1_10' title="bbox 210 764 1787 845; baseline -0.002 -19"><span class='ocrx_word' id='word_1_55' title='bbox 210 775 302 845; x_wconf 81' lang='grc' dir='ltr'>μὲν</span> <span class='ocrx_word' id='word_1_56' title='bbox 340 773 431 826; x_wconf 73' lang='grc' dir='ltr'><strong>τὸν</strong></span> <span class='ocrx_word' id='word_1_57' title='bbox 458 772 697 843; x_wconf 72' lang='grc' dir='ltr'>ἔμφυτον</span> <span class='ocrx_word' id='word_1_58' title='bbox 731 764 897 840; x_wconf 73' lang='grc' dir='ltr'>εἶχον·</span> <span class='ocrx_word' id='word_1_59' title='bbox 947 771 997 824; x_wconf 78' lang='grc' dir='ltr'>οἱ</span> <span class='ocrx_word' id='word_1_60' title='bbox 1038 770 1095 823; x_wconf 76' lang='grc' dir='ltr'>δὲ</span> <span class='ocrx_word' id='word_1_61' title='bbox 1134 770 1229 825; x_wconf 76' lang='grc' dir='ltr'>καὶ</span> <span class='ocrx_word' id='word_1_62' title='bbox 1266 770 1357 823; x_wconf 80' lang='grc' dir='ltr'><strong>τὸν</strong></span> <span class='ocrx_word' id='word_1_63' title='bbox 1390 770 1639 840; x_wconf 80' lang='grc' dir='ltr'>γραπτὸν</span> <span class='ocrx_word' id='word_1_64' title='bbox 1672 770 1787 823; x_wconf 74' lang='grc' dir='ltr'><strong>ἐδέ-</strong></span> 
     </span>
    </p>
   </div>
   <div class='ocr_carea' id='block_1_11' title="bbox 210 866 568 936">
    <p class='ocr_par' dir='ltr' id='par_1_11' title="bbox 210 866 568 936">
     <span class='ocr_line' id='line_1_11' title="bbox 210 866 568 936; baseline 0.003 -18"><span class='ocrx_word' id='word_1_65' title='bbox 210 867 361 931; x_wconf 82' lang='grc' dir='ltr'>ξαντο</span> <span class='ocrx_word' id='word_1_66' title='bbox 381 866 568 936; x_wconf 87' lang='grc' dir='ltr'>νόμον.</span> 
     </span>
    </p>
   </div>
   <div class='ocr_carea' id='block_1_12' title="bbox 566 1135 1434 1206">
    <p class='ocr_par' dir='ltr' id='par_1_12' title="bbox 566 1135 1434 1206">
     <span class='ocr_line' id='line_1_12' title="bbox 566 1135 1434 1206; baseline -0.002 -17"><span class='ocrx_word' id='word_1_67' title='bbox 566 1138 626 1189; x_wconf 72' lang='grc' dir='ltr'>ιν.</span> <span class='ocrx_word' id='word_1_68' title='bbox 665 1166 738 1175; x_wconf 86' lang='grc'><strong>-</strong></span> <span class='ocrx_word' id='word_1_69' title='bbox 770 1136 1031 1206; x_wconf 71' lang='lat' dir='ltr'><strong>Ismaro</strong></span> <span class='ocrx_word' id='word_1_70' title='bbox 1062 1135 1434 1205; x_wconf 73' lang='grc' dir='ltr'>ΕιιιΣκοΠο.</span> 
     </span>
    </p>
   </div>
   <div class='ocr_carea' id='block_1_13' title="bbox 210 1225 1793 1309">
    <p class='ocr_par' dir='ltr' id='par_1_13' title="bbox 210 1225 1793 1309">
     <span class='ocr_line' id='line_1_13' title="bbox 210 1225 1793 1309; baseline -0.004 -22"><span class='ocrx_word' id='word_1_71' title='bbox 210 1233 342 1302; x_wconf 74' lang='grc' dir='ltr'>Περὶ</span> <span class='ocrx_word' id='word_1_72' title='bbox 388 1230 498 1285; x_wconf 79' lang='grc' dir='ltr'><strong>τοῦ</strong></span> <span class='ocrx_word' id='word_1_73' title='bbox 532 1230 726 1299; x_wconf 78' lang='grc' dir='ltr'>ῥητοῦ</span> <span class='ocrx_word' id='word_1_74' title='bbox 767 1228 879 1309; x_wconf 74' lang='grc' dir='ltr'>τῇς</span> <span class='ocrx_word' id='word_1_75' title='bbox 916 1226 1251 1309; x_wconf 62' lang='grc' dir='ltr'>ἐπιστολῆς</span> <span class='ocrx_word' id='word_1_76' title='bbox 1312 1225 1614 1282; x_wconf 72' lang='grc' dir='ltr'><strong>Ἰακώϐοψ</strong></span> <span class='ocrx_word' id='word_1_77' title='bbox 1660 1244 1678 1277; x_wconf 84' lang='grc' dir='ltr'><strong>ι</strong></span> <span class='ocrx_word' id='word_1_78' title='bbox 1726 1225 1793 1280; x_wconf 84' lang='grc' dir='ltr'><strong>ἸΙ</strong></span> 
     </span>
    </p>
   </div>
   <div class='ocr_carea' id='block_1_14' title="bbox 745 1303 1244 1369">
    <p class='ocr_par' dir='ltr' id='par_1_14' title="bbox 745 1303 1244 1369">
     <span class='ocr_line' id='line_1_14' title="bbox 745 1303 1244 1369; baseline -0.006 -15"><span class='ocrx_word' id='word_1_79' title='bbox 745 1303 1002 1369; x_wconf 77' lang='grc' dir='ltr'>γλῶσσα</span> <span class='ocrx_word' id='word_1_80' title='bbox 1039 1303 1181 1365; x_wconf 82' lang='grc' dir='ltr'>πῦρ.</span> <span class='ocrx_word' id='word_1_81' title='bbox 1225 1319 1244 1350; x_wconf 77' lang='grc' dir='ltr'><strong>ι</strong></span> 
     </span>
    </p>
   </div>
   <div class='ocr_carea' id='block_1_15' title="bbox 286 1388 1795 1466">
    <p class='ocr_par' dir='ltr' id='par_1_15' title="bbox 286 1388 1795 1466">
     <span class='ocr_line' id='line_1_15' title="bbox 286 1388 1795 1466; baseline -0.005 -18"><span class='ocrx_word' id='word_1_82' title='bbox 286 1397 483 1466; x_wconf 85' lang='grc' dir='ltr'>Διττήν</span> <span class='ocrx_word' id='word_1_83' title='bbox 546 1411 636 1464; x_wconf 89' lang='grc' dir='ltr'><strong>μοι</strong></span> <span class='ocrx_word' id='word_1_84' title='bbox 686 1393 866 1459; x_wconf 74' lang='grc' dir='ltr'>ξδοκεῖ,</span> <span class='ocrx_word' id='word_1_85' title='bbox 930 1390 1031 1461; x_wconf 81' lang='grc' dir='ltr'><strong>τὴν</strong></span> <span class='ocrx_word' id='word_1_86' title='bbox 1089 1391 1187 1461; x_wconf 85' lang='grc' dir='ltr'><strong>μὲν</strong></span> <span class='ocrx_word' id='word_1_87' title='bbox 1245 1390 1643 1461; x_wconf 82' lang='grc' dir='ltr'>πιθανωτέραν,</span> <span class='ocrx_word' id='word_1_88' title='bbox 1694 1388 1795 1459; x_wconf 75' lang='grc' dir='ltr'><strong>τὴν</strong></span> 
     </span>
    </p>
   </div>
   <div class='ocr_carea' id='block_1_16' title="bbox 206 1477 1796 1555">
    <p class='ocr_par' dir='ltr' id='par_1_16' title="bbox 206 1477 1796 1555">
     <span class='ocr_line' id='line_1_16' title="bbox 206 1477 1796 1555; baseline -0.004 -17"><span class='ocrx_word' id='word_1_89' title='bbox 206 1486 259 1538; x_wconf 80' lang='grc' dir='ltr'>δὲ</span> <span class='ocrx_word' id='word_1_90' title='bbox 288 1486 399 1555; x_wconf 71' lang='lat'><strong>(52)</strong></span> <span class='ocrx_word' id='word_1_91' title='bbox 436 1484 769 1555; x_wconf 81' lang='grc' dir='ltr'>πικροτέραν</span> <span class='ocrx_word' id='word_1_92' title='bbox 803 1482 1099 1553; x_wconf 79' lang='grc' dir='ltr'>ἑρμηνείαν</span> <span class='ocrx_word' id='word_1_93' title='bbox 1126 1480 1272 1551; x_wconf 79' lang='grc' dir='ltr'>ἔχειν</span> <span class='ocrx_word' id='word_1_94' title='bbox 1299 1480 1359 1533; x_wconf 81' lang='grc' dir='ltr'><strong>τὸ</strong></span> <span class='ocrx_word' id='word_1_95' title='bbox 1386 1482 1537 1551; x_wconf 87' lang='grc' dir='ltr'><strong>παρά</strong></span> <span class='ocrx_word' id='word_1_96' title='bbox 1573 1479 1666 1533; x_wconf 88' lang='grc' dir='ltr'><strong>σοῦ</strong></span> <span class='ocrx_word' id='word_1_97' title='bbox 1696 1477 1796 1548; x_wconf 78' lang='grc' dir='ltr'><strong>ζη-</strong></span> 
     </span>
    </p>
   </div>
   <div class='ocr_carea' id='block_1_17' title="bbox 206 1571 1791 1647">
    <p class='ocr_par' dir='ltr' id='par_1_17' title="bbox 206 1571 1791 1647">
     <span class='ocr_line' id='line_1_17' title="bbox 206 1571 1791 1647; baseline -0.006 -16"><span class='ocrx_word' id='word_1_98' title='bbox 206 1578 384 1647; x_wconf 80' lang='grc' dir='ltr'>τηθέν-</span> <span class='ocrx_word' id='word_1_99' title='bbox 406 1595 424 1627; x_wconf 79' lang='grc' dir='ltr'><strong>ι</strong></span> <span class='ocrx_word' id='word_1_100' title='bbox 449 1577 514 1630; x_wconf 83' lang='grc' dir='ltr'><strong><em>Ἡ</em></strong></span> <span class='ocrx_word' id='word_1_101' title='bbox 542 1575 763 1644; x_wconf 84' lang='grc' dir='ltr'>γλῶσσα</span> <span class='ocrx_word' id='word_1_102' title='bbox 798 1574 930 1644; x_wconf 89' lang='grc' dir='ltr'>πῦρ,</span> <span class='ocrx_word' id='word_1_103' title='bbox 960 1573 988 1624; x_wconf 87' lang='grc' dir='ltr'>ὀ</span> <span class='ocrx_word' id='word_1_104' title='bbox 1013 1573 1218 1642; x_wconf 87' lang='grc' dir='ltr'>κόσμος</span> <span class='ocrx_word' id='word_1_105' title='bbox 1250 1571 1364 1644; x_wconf 77' lang='grc'>(55)</span> <span class='ocrx_word' id='word_1_106' title='bbox 1392 1573 1492 1643; x_wconf 85' lang='grc' dir='ltr'><strong>τῆς</strong></span> <span class='ocrx_word' id='word_1_107' title='bbox 1525 1571 1791 1634; x_wconf 76' lang='grc' dir='ltr'>ἀδικίας.»</span> 
     </span>
    </p>
   </div>
   <div class='ocr_carea' id='block_1_18' title="bbox 206 1660 1799 1739">
    <p class='ocr_par' dir='ltr' id='par_1_18' title="bbox 206 1660 1799 1739">
     <span class='ocr_line' id='line_1_18' title="bbox 206 1660 1799 1739; baseline -0.005 -15"><span class='ocrx_word' id='word_1_108' title='bbox 206 1671 453 1724; x_wconf 77' lang='grc' dir='ltr'><strong>Μάλιστα</strong></span> <span class='ocrx_word' id='word_1_109' title='bbox 491 1669 591 1739; x_wconf 83' lang='grc' dir='ltr'>μὲν</span> <span class='ocrx_word' id='word_1_110' title='bbox 622 1666 813 1737; x_wconf 75' lang='grc' dir='ltr'>ἐπειδὴ</span> <span class='ocrx_word' id='word_1_111' title='bbox 841 1665 1143 1736; x_wconf 79' lang='grc' dir='ltr'>εῦστροφος</span> <span class='ocrx_word' id='word_1_112' title='bbox 1176 1660 1312 1719; x_wconf 83' lang='grc' dir='ltr'>οὖσα</span> <span class='ocrx_word' id='word_1_113' title='bbox 1359 1666 1455 1718; x_wconf 79' lang='grc' dir='ltr'>καὶ</span> <span class='ocrx_word' id='word_1_114' title='bbox 1504 1664 1677 1737; x_wconf 78' lang='grc' dir='ltr'>ῥᾴστη</span> <span class='ocrx_word' id='word_1_115' title='bbox 1706 1663 1799 1716; x_wconf 80' lang='grc' dir='ltr'>εὐ-</span> 
     </span>
    </p>
   </div>
   <div class='ocr_carea' id='block_1_19' title="bbox 206 1756 1795 1834">
    <p class='ocr_par' dir='ltr' id='par_1_19' title="bbox 206 1756 1795 1834">
     <span class='ocr_line' id='line_1_19' title="bbox 206 1756 1795 1834; baseline -0.011 -18"><span class='ocrx_word' id='word_1_116' title='bbox 206 1763 380 1834; x_wconf 79' lang='grc' dir='ltr'>χερῶς</span> <span class='ocrx_word' id='word_1_117' title='bbox 406 1760 577 1815; x_wconf 82' lang='grc' dir='ltr'>πολλά</span> <span class='ocrx_word' id='word_1_118' title='bbox 606 1758 843 1813; x_wconf 86' lang='grc' dir='ltr'>λαλοῦσα</span> <span class='ocrx_word' id='word_1_119' title='bbox 872 1758 1038 1812; x_wconf 84' lang='grc' dir='ltr'>κακά.</span> <span class='ocrx_word' id='word_1_120' title='bbox 1070 1757 1183 1811; x_wconf 77' lang='grc' dir='ltr'><strong>Καὶ</strong></span> <span class='ocrx_word' id='word_1_121' title='bbox 1215 1756 1323 1828; x_wconf 87' lang='grc' dir='ltr'>γὰρ</span> <span class='ocrx_word' id='word_1_122' title='bbox 1353 1757 1448 1809; x_wconf 72' lang='grc' dir='ltr'>καὶ</span> <span class='ocrx_word' id='word_1_123' title='bbox 1480 1757 1795 1825; x_wconf 75' lang='grc' dir='ltr'>κατηγορεῖ,</span> 
     </span>
    </p>
   </div>
   <div class='ocr_carea' id='block_1_20' title="bbox 1890 775 3483 847">
    <p class='ocr_par' dir='ltr' id='par_1_20' title="bbox 1890 775 3483 847">
     <span class='ocr_line' id='line_1_20' title="bbox 1890 775 3483 847; baseline -0.001 -16"><span class='ocrx_word' id='word_1_124' title='bbox 1890 777 2159 847; x_wconf 73' lang='lat' dir='ltr'><strong>generalis</strong></span> <span class='ocrx_word' id='word_1_125' title='bbox 2199 775 2584 842; x_wconf 62' lang='lat' dir='ltr'><strong>Providentiae,</strong></span> <span class='ocrx_word' id='word_1_126' title='bbox 2626 777 2679 831; x_wconf 83' lang='lat' dir='ltr'><strong>lti</strong></span> <span class='ocrx_word' id='word_1_127' title='bbox 2712 792 2840 831; x_wconf 90' lang='lat' dir='ltr'><strong>vero</strong></span> <span class='ocrx_word' id='word_1_128' title='bbox 2866 777 3028 831; x_wconf 87' lang='lat' dir='ltr'><strong>etiam</strong></span> <span class='ocrx_word' id='word_1_129' title='bbox 3062 777 3284 847; x_wconf 85' lang='lat' dir='ltr'><strong>insuper</strong></span> <span class='ocrx_word' id='word_1_130' title='bbox 3317 792 3483 847; x_wconf 80' lang='lat' dir='ltr'><strong>pecu-</strong></span> 
     </span>
    </p>
   </div>
   <div class='ocr_carea' id='block_1_21' title="bbox 1892 868 3483 939">
    <p class='ocr_par' dir='ltr' id='par_1_21' title="bbox 1892 868 3483 939">
     <span class='ocr_line' id='line_1_21' title="bbox 1892 868 3483 939; baseline 0.001 -18"><span class='ocrx_word' id='word_1_131' title='bbox 1892 869 2041 922; x_wconf 87' lang='lat' dir='ltr'><strong>liaris</strong></span> <span class='ocrx_word' id='word_1_132' title='bbox 2074 880 2235 938; x_wconf 88' lang='lat' dir='ltr'><strong>atque</strong></span> <span class='ocrx_word' id='word_1_133' title='bbox 2280 868 2494 923; x_wconf 65' lang='lat' dir='ltr'><strong>eximite</strong></span> <span class='ocrx_word' id='word_1_134' title='bbox 2528 868 2808 938; x_wconf 90' lang='lat' dir='ltr'><strong>cujusdam</strong></span> <span class='ocrx_word' id='word_1_135' title='bbox 2850 870 3202 939; x_wconf 89' lang='lat' dir='ltr'><strong>protectionis</strong></span> <span class='ocrx_word' id='word_1_136' title='bbox 3245 868 3483 924; x_wconf 88' lang='lat' dir='ltr'><strong>fructum</strong></span> 
     </span>
    </p>
   </div>
   <div class='ocr_carea' id='block_1_22' title="bbox 1892 962 3484 1032">
    <p class='ocr_par' dir='ltr' id='par_1_22' title="bbox 1892 962 3484 1032">
     <span class='ocr_line' id='line_1_22' title="bbox 1892 962 3484 1032; baseline 0.001 -17"><span class='ocrx_word' id='word_1_137' title='bbox 1892 970 2280 1031; x_wconf 87' lang='lat' dir='ltr'><strong>perceperunt;</strong></span> <span class='ocrx_word' id='word_1_138' title='bbox 2325 970 2380 1016; x_wconf 90' lang='lat' dir='ltr'><strong>et</strong></span> <span class='ocrx_word' id='word_1_139' title='bbox 2417 962 2493 1016; x_wconf 89' lang='lat' dir='ltr'><strong>illi</strong></span> <span class='ocrx_word' id='word_1_140' title='bbox 2536 963 2750 1032; x_wconf 89' lang='lat' dir='ltr'><strong>quidem</strong></span> <span class='ocrx_word' id='word_1_141' title='bbox 2791 974 2980 1017; x_wconf 90' lang='lat' dir='ltr'><strong>natura</strong></span> <span class='ocrx_word' id='word_1_142' title='bbox 3019 963 3238 1017; x_wconf 91' lang='lat' dir='ltr'><strong>insitam</strong></span> <span class='ocrx_word' id='word_1_143' title='bbox 3277 964 3484 1017; x_wconf 83' lang='lat' dir='ltr'><strong>ltabne-</strong></span> 
     </span>
    </p>
   </div>
   <div class='ocr_carea' id='block_1_23' title="bbox 1896 1054 3339 1125">
    <p class='ocr_par' dir='ltr' id='par_1_23' title="bbox 1896 1054 3339 1125">
     <span class='ocr_line' id='line_1_23' title="bbox 1896 1054 3339 1125; baseline 0.002 -17"><span class='ocrx_word' id='word_1_144' title='bbox 1896 1064 2041 1120; x_wconf 91' lang='lat' dir='ltr'><strong>ruut,</strong></span> <span class='ocrx_word' id='word_1_145' title='bbox 2073 1054 2126 1108; x_wconf 87' lang='lat' dir='ltr'><strong>hi</strong></span> <span class='ocrx_word' id='word_1_146' title='bbox 2157 1069 2283 1109; x_wconf 84' lang='lat' dir='ltr'><strong>vero</strong></span> <span class='ocrx_word' id='word_1_147' title='bbox 2317 1055 2479 1109; x_wconf 90' lang='lat' dir='ltr'><strong>etiam</strong></span> <span class='ocrx_word' id='word_1_148' title='bbox 2504 1056 2756 1122; x_wconf 84' lang='lat' dir='ltr'><strong>scriptam</strong></span> <span class='ocrx_word' id='word_1_149' title='bbox 2793 1055 2961 1125; x_wconf 84' lang='lat' dir='ltr'><strong>legem</strong></span> <span class='ocrx_word' id='word_1_150' title='bbox 2992 1064 3339 1122; x_wconf 81' lang='lat' dir='ltr'><strong>acceperunt.</strong></span> 
     </span>
    </p>
   </div>
   <div class='ocr_carea' id='block_1_24' title="bbox 2248 1145 3138 1202">
    <p class='ocr_par' dir='ltr' id='par_1_24' title="bbox 2248 1145 3138 1202">
     <span class='ocr_line' id='line_1_24' title="bbox 2248 1145 3138 1202; baseline -0.001 -2"><span class='ocrx_word' id='word_1_151' title='bbox 2248 1146 2321 1200; x_wconf 82' lang='lat' dir='ltr'><strong>X.</strong></span> <span class='ocrx_word' id='word_1_152' title='bbox 2364 1177 2435 1187; x_wconf 92' lang='lat'><strong><em>—</em></strong></span> <span class='ocrx_word' id='word_1_153' title='bbox 2470 1146 2745 1202; x_wconf 83' lang='lat' dir='ltr'><strong>lSlDORO</strong></span> <span class='ocrx_word' id='word_1_154' title='bbox 2783 1145 3138 1201; x_wconf 79' lang='lat' dir='ltr'><strong>EPISCOPO.</strong></span> 
     </span>
    </p>
   </div>
   <div class='ocr_carea' id='block_1_25' title="bbox 1984 1238 3405 1309">
    <p class='ocr_par' dir='ltr' id='par_1_25' title="bbox 1984 1238 3405 1309">
     <span class='ocr_line' id='line_1_25' title="bbox 1984 1238 3405 1309; baseline 0.001 -18"><span class='ocrx_word' id='word_1_155' title='bbox 1984 1240 2061 1292; x_wconf 83' lang='lat' dir='ltr'><strong>De</strong></span> <span class='ocrx_word' id='word_1_156' title='bbox 2113 1240 2256 1293; x_wconf 75' lang='lat' dir='ltr'><strong>dicto</strong></span> <span class='ocrx_word' id='word_1_157' title='bbox 2301 1238 2555 1306; x_wconf 74' lang='lat' dir='ltr'><strong>Epistola&#39;</strong></span> <span class='ocrx_word' id='word_1_158' title='bbox 2605 1238 2832 1308; x_wconf 67' lang='lat' dir='ltr'><strong>Jacobij,</strong></span> <span class='ocrx_word' id='word_1_159' title='bbox 2898 1257 2917 1290; x_wconf 79' lang='grc' dir='ltr'><strong>ι</strong></span> <span class='ocrx_word' id='word_1_160' title='bbox 2957 1238 3159 1309; x_wconf 86' lang='lat' dir='ltr'><strong>Lingua</strong></span> <span class='ocrx_word' id='word_1_161' title='bbox 3205 1249 3279 1292; x_wconf 79' lang='lat' dir='ltr'><strong>est</strong></span> <span class='ocrx_word' id='word_1_162' title='bbox 3326 1240 3405 1308; x_wconf 85' lang='lat' dir='ltr'><strong>ig-</strong></span> 
     </span>
    </p>
   </div>
   <div class='ocr_carea' id='block_1_26' title="bbox 2486 1312 2865 1376">
    <p class='ocr_par' dir='ltr' id='par_1_26' title="bbox 2486 1312 2865 1376">
     <span class='ocr_line' id='line_1_26' title="bbox 2486 1312 2865 1376; baseline 0.003 -13"><span class='ocrx_word' id='word_1_163' title='bbox 2486 1312 2567 1365; x_wconf 70' lang='lat' dir='ltr'><strong>nis</strong></span> <span class='ocrx_word' id='word_1_164' title='bbox 2595 1312 2670 1376; x_wconf 79' lang='grc' dir='ltr'>⁷ο,</span> <span class='ocrx_word' id='word_1_165' title='bbox 2695 1329 2713 1361; x_wconf 74' lang='grc' dir='ltr'><strong>ι</strong></span> <span class='ocrx_word' id='word_1_166' title='bbox 2758 1322 2865 1365; x_wconf 88' lang='lat' dir='ltr'><strong>etc.</strong></span> 
     </span>
    </p>
   </div>
   <div class='ocr_carea' id='block_1_27' title="bbox 1967 1397 3484 1470">
    <p class='ocr_par' dir='ltr' id='par_1_27' title="bbox 1967 1397 3484 1470">
     <span class='ocr_line' id='line_1_27' title="bbox 1967 1397 3484 1470; baseline -0.003 -16"><span class='ocrx_word' id='word_1_167' title='bbox 1967 1399 2248 1454; x_wconf 84' lang='lat' dir='ltr'><strong>Geminam</strong></span> <span class='ocrx_word' id='word_1_168' title='bbox 2283 1400 2416 1454; x_wconf 89' lang='lat' dir='ltr'><strong>mihi</strong></span> <span class='ocrx_word' id='word_1_169' title='bbox 2460 1400 2675 1455; x_wconf 87' lang='lat' dir='ltr'><strong>videtur</strong></span> <span class='ocrx_word' id='word_1_170' title='bbox 2722 1401 3250 1470; x_wconf 86' lang='lat' dir='ltr'><strong>interpretationem,</strong></span> <span class='ocrx_word' id='word_1_171' title='bbox 3288 1397 3484 1468; x_wconf 83' lang='lat' dir='ltr'><strong>partim</strong></span> 
     </span>
    </p>
   </div>
   <div class='ocr_carea' id='block_1_28' title="bbox 1896 1491 3487 1562">
    <p class='ocr_par' dir='ltr' id='par_1_28' title="bbox 1896 1491 3487 1562">
     <span class='ocr_line' id='line_1_28' title="bbox 1896 1491 3487 1562; baseline 0.001 -19"><span class='ocrx_word' id='word_1_172' title='bbox 1896 1491 2337 1560; x_wconf 83' lang='lat' dir='ltr'><strong>probabiliorem,</strong></span> <span class='ocrx_word' id='word_1_173' title='bbox 2373 1494 2567 1562; x_wconf 89' lang='lat' dir='ltr'><strong>partim</strong></span> <span class='ocrx_word' id='word_1_174' title='bbox 2604 1508 2734 1547; x_wconf 80' lang='lat' dir='ltr'><strong>vero</strong></span> <span class='ocrx_word' id='word_1_175' title='bbox 2783 1493 3143 1557; x_wconf 86' lang='lat' dir='ltr'><strong>acerbiorem,</strong></span> <span class='ocrx_word' id='word_1_176' title='bbox 3183 1492 3385 1546; x_wconf 83' lang='lat' dir='ltr'><strong>habere</strong></span> <span class='ocrx_word' id='word_1_177' title='bbox 3418 1491 3487 1545; x_wconf 88' lang='lat' dir='ltr'><strong>il-</strong></span> 
     </span>
    </p>
   </div>
   <div class='ocr_carea' id='block_1_29' title="bbox 1899 1583 3487 1655">
    <p class='ocr_par' dir='ltr' id='par_1_29' title="bbox 1899 1583 3487 1655">
     <span class='ocr_line' id='line_1_29' title="bbox 1899 1583 3487 1655; baseline 0 -19"><span class='ocrx_word' id='word_1_178' title='bbox 1899 1583 1990 1639; x_wconf 90' lang='lat' dir='ltr'><strong>lud</strong></span> <span class='ocrx_word' id='word_1_179' title='bbox 2038 1585 2136 1639; x_wconf 88' lang='lat' dir='ltr'><strong>abs</strong></span> <span class='ocrx_word' id='word_1_180' title='bbox 2183 1593 2235 1638; x_wconf 90' lang='lat' dir='ltr'><strong>te</strong></span> <span class='ocrx_word' id='word_1_181' title='bbox 2275 1586 2557 1653; x_wconf 65' lang='lat' dir='ltr'><strong>quaesitum</strong></span> <span class='ocrx_word' id='word_1_182' title='bbox 2606 1603 2620 1639; x_wconf 91' lang='lat'>:</span> <span class='ocrx_word' id='word_1_183' title='bbox 2664 1606 2681 1637; x_wconf 80' lang='grc' dir='ltr'><strong>ι</strong></span> <span class='ocrx_word' id='word_1_184' title='bbox 2710 1585 2911 1655; x_wconf 81' lang='lat' dir='ltr'><strong>Lingua</strong></span> <span class='ocrx_word' id='word_1_185' title='bbox 2950 1586 3087 1655; x_wconf 82' lang='lat' dir='ltr'><strong>ignis</strong></span> <span class='ocrx_word' id='word_1_186' title='bbox 3113 1596 3216 1650; x_wconf 90' lang='lat' dir='ltr'><strong>est,</strong></span> <span class='ocrx_word' id='word_1_187' title='bbox 3254 1585 3487 1638; x_wconf 82' lang='lat' dir='ltr'><strong>mundus</strong></span> 
     </span>
    </p>
   </div>
   <div class='ocr_carea' id='block_1_30' title="bbox 1902 1674 3488 1745">
    <p class='ocr_par' dir='ltr' id='par_1_30' title="bbox 1902 1674 3488 1745">
     <span class='ocr_line' id='line_1_30' title="bbox 1902 1674 3488 1745; baseline 0 -17"><span class='ocrx_word' id='word_1_188' title='bbox 1902 1674 2236 1742; x_wconf 86' lang='lat' dir='ltr'><strong>iniquitatis;</strong></span> <span class='ocrx_word' id='word_1_189' title='bbox 2270 1694 2288 1727; x_wconf 75' lang='grc' dir='ltr'><strong>ι</strong></span> <span class='ocrx_word' id='word_1_190' title='bbox 2317 1676 2551 1731; x_wconf 80' lang='lat' dir='ltr'><strong>maxime</strong></span> <span class='ocrx_word' id='word_1_191' title='bbox 2577 1677 2814 1745; x_wconf 91' lang='lat' dir='ltr'><strong>quidem,</strong></span> <span class='ocrx_word' id='word_1_192' title='bbox 2844 1678 2967 1744; x_wconf 87' lang='lat' dir='ltr'><strong>quia</strong></span> <span class='ocrx_word' id='word_1_193' title='bbox 3009 1676 3279 1729; x_wconf 80' lang='lat' dir='ltr'><strong>Versatilis</strong></span> <span class='ocrx_word' id='word_1_194' title='bbox 3310 1684 3366 1729; x_wconf 87' lang='lat' dir='ltr'><strong>et</strong></span> <span class='ocrx_word' id='word_1_195' title='bbox 3405 1675 3488 1728; x_wconf 81' lang='lat' dir='ltr'><strong>lu-</strong></span> 
     </span>
    </p>
   </div>
   <div class='ocr_carea' id='block_1_31' title="bbox 1901 1766 3489 1839">
    <p class='ocr_par' dir='ltr' id='par_1_31' title="bbox 1901 1766 3489 1839">
     <span class='ocr_line' id='line_1_31' title="bbox 1901 1766 3489 1839; baseline 0.001 -18"><span class='ocrx_word' id='word_1_196' title='bbox 1901 1766 2051 1821; x_wconf 86' lang='lat' dir='ltr'><strong>briea</strong></span> <span class='ocrx_word' id='word_1_197' title='bbox 2092 1776 2209 1834; x_wconf 87' lang='lat' dir='ltr'><strong>est,</strong></span> <span class='ocrx_word' id='word_1_198' title='bbox 2251 1768 2529 1836; x_wconf 84' lang='lat' dir='ltr'><strong>multaque</strong></span> <span class='ocrx_word' id='word_1_199' title='bbox 2572 1770 2731 1823; x_wconf 79' lang='lat' dir='ltr'><strong>facile</strong></span> <span class='ocrx_word' id='word_1_200' title='bbox 2785 1769 2923 1824; x_wconf 91' lang='lat' dir='ltr'><strong>mala</strong></span> <span class='ocrx_word' id='word_1_201' title='bbox 2963 1769 3223 1839; x_wconf 84' lang='lat' dir='ltr'><strong>loquitur.</strong></span> <span class='ocrx_word' id='word_1_202' title='bbox 3262 1768 3394 1822; x_wconf 83' lang='lat' dir='ltr'><strong>Nam</strong></span> <span class='ocrx_word' id='word_1_203' title='bbox 3433 1776 3489 1822; x_wconf 89' lang='lat' dir='ltr'><strong>et</strong></span> 
     </span>
    </p>
   </div>
   <div class='ocr_carea' id='block_1_32' title="bbox 206 1848 1799 1928">
    <p class='ocr_par' dir='ltr' id='par_1_32' title="bbox 206 1848 1797 1924">
     <span class='ocr_line' id='line_1_32' title="bbox 206 1848 1797 1924; baseline -0.006 -15"><span class='ocrx_word' id='word_1_204' title='bbox 206 1856 299 1909; x_wconf 79' lang='grc' dir='ltr'>καὶ</span> <span class='ocrx_word' id='word_1_205' title='bbox 346 1854 687 1924; x_wconf 87' lang='grc' dir='ltr'>κακηγορεῖ,</span> <span class='ocrx_word' id='word_1_206' title='bbox 748 1851 844 1905; x_wconf 76' lang='grc' dir='ltr'>καὶ</span> <span class='ocrx_word' id='word_1_207' title='bbox 897 1852 1181 1921; x_wconf 81' lang='grc' dir='ltr'>ἐπιορκεῖ,</span> <span class='ocrx_word' id='word_1_208' title='bbox 1236 1850 1329 1902; x_wconf 73' lang='grc' dir='ltr'><strong>καὶ</strong></span> <span class='ocrx_word' id='word_1_209' title='bbox 1377 1848 1669 1918; x_wconf 79' lang='grc' dir='ltr'><strong>ψεύδεται,</strong></span> <span class='ocrx_word' id='word_1_210' title='bbox 1702 1849 1797 1900; x_wconf 75' lang='grc' dir='ltr'><strong>καὶ</strong></span> 
     </span>
    </p>
   </div>
   <div class='ocr_carea' id='block_1_33' title="bbox 1911 1848 3490 1928">
    <p class='ocr_par' dir='ltr' id='par_1_33' title="bbox 1911 1858 3490 1928">
     <span class='ocr_line' id='line_1_33' title="bbox 1911 1858 3490 1928; baseline 0 -18"><span class='ocrx_word' id='word_1_211' title='bbox 1911 1866 2141 1921; x_wconf 72' lang='lat' dir='ltr'><strong>accusat,</strong></span> <span class='ocrx_word' id='word_1_212' title='bbox 2174 1868 2227 1912; x_wconf 91' lang='lat' dir='ltr'><strong>et</strong></span> <span class='ocrx_word' id='word_1_213' title='bbox 2260 1859 2555 1921; x_wconf 87' lang='lat' dir='ltr'><strong>maledicit,</strong></span> <span class='ocrx_word' id='word_1_214' title='bbox 2577 1872 2629 1914; x_wconf 91' lang='lat' dir='ltr'><strong>et</strong></span> <span class='ocrx_word' id='word_1_215' title='bbox 2655 1859 2881 1928; x_wconf 87' lang='lat' dir='ltr'><strong>pejerat,</strong></span> <span class='ocrx_word' id='word_1_216' title='bbox 2914 1870 2969 1915; x_wconf 90' lang='lat' dir='ltr'><strong>et</strong></span> <span class='ocrx_word' id='word_1_217' title='bbox 3001 1861 3275 1918; x_wconf 87' lang='lat' dir='ltr'><strong>mentitur.</strong></span> <span class='ocrx_word' id='word_1_218' title='bbox 3311 1869 3366 1913; x_wconf 92' lang='lat' dir='ltr'><strong>et</strong></span> <span class='ocrx_word' id='word_1_219' title='bbox 3389 1858 3490 1913; x_wconf 85' lang='lat' dir='ltr'><strong>fal-</strong></span> 
     </span>
    </p>
   </div>
   <div class='ocr_carea' id='block_1_34' title="bbox 202 1939 1793 2017">
    <p class='ocr_par' dir='ltr' id='par_1_34' title="bbox 202 1939 1793 2017">
     <span class='ocr_line' id='line_1_34' title="bbox 202 1939 1793 2017; baseline -0.005 -16"><span class='ocrx_word' id='word_1_220' title='bbox 202 1947 641 2017; x_wconf 72' lang='grc' dir='ltr'>ψευδομαρτυρεῖ</span> <span class='ocrx_word' id='word_1_221' title='bbox 666 1985 681 2006; x_wconf 89' lang='grc'><strong>,</strong></span> <span class='ocrx_word' id='word_1_222' title='bbox 716 1943 813 1997; x_wconf 75' lang='grc' dir='ltr'>καὶ</span> <span class='ocrx_word' id='word_1_223' title='bbox 845 1942 1075 2006; x_wconf 76' lang='grc' dir='ltr'>πολλοὺς</span> <span class='ocrx_word' id='word_1_224' title='bbox 1105 1941 1308 2004; x_wconf 79' lang='grc' dir='ltr'>ἀδίκως</span> <span class='ocrx_word' id='word_1_225' title='bbox 1338 1942 1419 2004; x_wconf 82' lang='grc' dir='ltr'><strong>είς</strong></span> <span class='ocrx_word' id='word_1_226' title='bbox 1449 1939 1561 2011; x_wconf 92' lang='grc' dir='ltr'><strong>πῦρ</strong></span> <span class='ocrx_word' id='word_1_227' title='bbox 1589 1940 1793 2010; x_wconf 78' lang='grc' dir='ltr'>ἐμϐάλ-</span> 
     </span>
    </p>
   </div>
   <div class='ocr_carea' id='block_1_35' title="bbox 205 2030 1796 2104">
    <p class='ocr_par' dir='ltr' id='par_1_35' title="bbox 205 2030 1796 2104">
     <span class='ocr_line' id='line_1_35' title="bbox 205 2030 1796 2104; baseline -0.004 -14"><span class='ocrx_word' id='word_1_228' title='bbox 205 2039 317 2104; x_wconf 81' lang='grc' dir='ltr'>λει,</span> <span class='ocrx_word' id='word_1_229' title='bbox 351 2038 449 2091; x_wconf 81' lang='grc' dir='ltr'><strong>καὶ</strong></span> <span class='ocrx_word' id='word_1_230' title='bbox 474 2038 553 2100; x_wconf 88' lang='grc' dir='ltr'><strong>είς</strong></span> <span class='ocrx_word' id='word_1_231' title='bbox 584 2035 758 2103; x_wconf 81' lang='grc' dir='ltr'>ξίφος,</span> <span class='ocrx_word' id='word_1_232' title='bbox 786 2034 883 2089; x_wconf 76' lang='grc' dir='ltr'><strong>καὶ</strong></span> <span class='ocrx_word' id='word_1_233' title='bbox 914 2035 993 2097; x_wconf 87' lang='grc' dir='ltr'><strong>είς</strong></span> <span class='ocrx_word' id='word_1_234' title='bbox 1019 2033 1257 2103; x_wconf 81' lang='grc' dir='ltr'>πέλαγος</span> <span class='ocrx_word' id='word_1_235' title='bbox 1304 2032 1454 2088; x_wconf 83' lang='grc' dir='ltr'>ὠθεῖ.</span> <span class='ocrx_word' id='word_1_236' title='bbox 1490 2032 1709 2102; x_wconf 81' lang='grc' dir='ltr'>Κόσμον</span> <span class='ocrx_word' id='word_1_237' title='bbox 1736 2030 1796 2084; x_wconf 70' lang='grc' dir='ltr'>δὲ</span> 
     </span>
    </p>
   </div>
   <div class='ocr_carea' id='block_1_36' title="bbox 206 2124 1791 2200">
    <p class='ocr_par' dir='ltr' id='par_1_36' title="bbox 206 2124 1791 2200">
     <span class='ocr_line' id='line_1_36' title="bbox 206 2124 1791 2200; baseline -0.006 -13"><span class='ocrx_word' id='word_1_238' title='bbox 206 2129 308 2187; x_wconf 80' lang='grc' dir='ltr'>οἶδε</span> <span class='ocrx_word' id='word_1_239' title='bbox 336 2131 529 2185; x_wconf 78' lang='grc' dir='ltr'>καλεῖν</span> <span class='ocrx_word' id='word_1_240' title='bbox 564 2132 598 2200; x_wconf 81' lang='grc' dir='ltr'>ὴ</span> <span class='ocrx_word' id='word_1_241' title='bbox 632 2128 824 2199; x_wconf 83' lang='grc' dir='ltr'>Γραφὴ</span> <span class='ocrx_word' id='word_1_242' title='bbox 862 2128 924 2179; x_wconf 80' lang='grc' dir='ltr'><strong>τὸ</strong></span> <span class='ocrx_word' id='word_1_243' title='bbox 971 2126 1197 2198; x_wconf 84' lang='grc' dir='ltr'>πλῆθος.</span> <span class='ocrx_word' id='word_1_244' title='bbox 1236 2144 1258 2178; x_wconf 81' lang='grc' dir='ltr'><strong>ι</strong></span> <span class='ocrx_word' id='word_1_245' title='bbox 1311 2125 1372 2178; x_wconf 85' lang='lat'><strong>&#39;0</strong></span> <span class='ocrx_word' id='word_1_246' title='bbox 1404 2124 1609 2195; x_wconf 89' lang='grc' dir='ltr'>κόσμος</span> <span class='ocrx_word' id='word_1_247' title='bbox 1640 2124 1751 2197; x_wconf 87' lang='grc' dir='ltr'><strong>γὰρ</strong></span> <span class='ocrx_word' id='word_1_248' title='bbox 1774 2163 1791 2187; x_wconf 91' lang='grc'><strong>,</strong></span> 
     </span>
    </p>
   </div>
   <div class='ocr_carea' id='block_1_37' title="bbox 208 2217 1799 2295">
    <p class='ocr_par' dir='ltr' id='par_1_37' title="bbox 208 2217 1799 2295">
     <span class='ocr_line' id='line_1_37' title="bbox 208 2217 1799 2295; baseline -0.004 -18"><span class='ocrx_word' id='word_1_249' title='bbox 208 2225 401 2295; x_wconf 64' lang='grc' dir='ltr'>φησιν,</span> <span class='ocrx_word' id='word_1_250' title='bbox 431 2223 597 2277; x_wconf 81' lang='grc' dir='ltr'>αὐτὸν</span> <span class='ocrx_word' id='word_1_251' title='bbox 622 2222 725 2274; x_wconf 83' lang='grc' dir='ltr'><strong>οὐκ</strong></span> <span class='ocrx_word' id='word_1_252' title='bbox 752 2221 896 2290; x_wconf 74' lang='grc' dir='ltr'>ἔγνω</span> <span class='ocrx_word' id='word_1_253' title='bbox 915 2237 930 2251; x_wconf 73' lang='grc' dir='ltr'><strong>ο</strong></span> <span class='ocrx_word' id='word_1_254' title='bbox 962 2239 980 2271; x_wconf 78' lang='grc' dir='ltr'><strong>ι</strong></span> <span class='ocrx_word' id='word_1_255' title='bbox 1014 2219 1163 2273; x_wconf 87' lang='grc' dir='ltr'>τοῦτ’</span> <span class='ocrx_word' id='word_1_256' title='bbox 1184 2218 1322 2282; x_wconf 77' lang='grc' dir='ltr'>ἐστι,</span> <span class='ocrx_word' id='word_1_257' title='bbox 1356 2218 1418 2272; x_wconf 81' lang='grc' dir='ltr'>τὸ</span> <span class='ocrx_word' id='word_1_258' title='bbox 1455 2218 1679 2289; x_wconf 85' lang='grc' dir='ltr'>πλῆθος.</span> <span class='ocrx_word' id='word_1_259' title='bbox 1730 2217 1799 2271; x_wconf 84' lang='grc' dir='ltr'>Ἦ.</span> 
     </span>
    </p>
   </div>
   <div class='ocr_carea' id='block_1_38' title="bbox 207 2309 1797 2387">
    <p class='ocr_par' dir='ltr' id='par_1_38' title="bbox 207 2309 1797 2387">
     <span class='ocr_line' id='line_1_38' title="bbox 207 2309 1797 2387; baseline -0.006 -17"><span class='ocrx_word' id='word_1_260' title='bbox 207 2316 428 2387; x_wconf 81' lang='grc' dir='ltr'>γλῶσσα</span> <span class='ocrx_word' id='word_1_261' title='bbox 451 2310 568 2376; x_wconf 82' lang='grc' dir='ltr'>οὖν,</span> <span class='ocrx_word' id='word_1_262' title='bbox 597 2316 784 2384; x_wconf 80' lang='grc' dir='ltr'>φησὶν,</span> <span class='ocrx_word' id='word_1_263' title='bbox 812 2312 846 2383; x_wconf 76' lang='grc' dir='ltr'>ἢ</span> <span class='ocrx_word' id='word_1_264' title='bbox 890 2311 1003 2381; x_wconf 92' lang='grc' dir='ltr'><strong>πῦρ</strong></span> <span class='ocrx_word' id='word_1_265' title='bbox 1038 2314 1191 2374; x_wconf 77' lang='grc' dir='ltr'>ἐστι,</span> <span class='ocrx_word' id='word_1_266' title='bbox 1227 2309 1434 2380; x_wconf 86' lang='grc' dir='ltr'>πλῆθος</span> <span class='ocrx_word' id='word_1_267' title='bbox 1465 2309 1668 2373; x_wconf 80' lang='grc' dir='ltr'>ἀδίκως</span> <span class='ocrx_word' id='word_1_268' title='bbox 1701 2326 1797 2362; x_wconf 87' lang='grc' dir='ltr'>κα-</span> 
     </span>
    </p>
   </div>
   <div class='ocr_carea' id='block_1_39' title="bbox 204 2399 1798 2477">
    <p class='ocr_par' dir='ltr' id='par_1_39' title="bbox 204 2399 1798 2477">
     <span class='ocr_line' id='line_1_39' title="bbox 204 2399 1798 2477; baseline -0.005 -17"><span class='ocrx_word' id='word_1_269' title='bbox 204 2407 529 2471; x_wconf 82' lang='grc' dir='ltr'>τακαίουσα,</span> <span class='ocrx_word' id='word_1_270' title='bbox 555 2407 589 2477; x_wconf 83' lang='grc' dir='ltr'>ἦ</span> <span class='ocrx_word' id='word_1_271' title='bbox 623 2404 865 2475; x_wconf 84' lang='grc' dir='ltr'>πλήθους</span> <span class='ocrx_word' id='word_1_272' title='bbox 894 2403 1067 2474; x_wconf 89' lang='grc' dir='ltr'>πυρὸς</span> <span class='ocrx_word' id='word_1_273' title='bbox 1097 2402 1284 2456; x_wconf 82' lang='grc' dir='ltr'>ἀδίκου</span> <span class='ocrx_word' id='word_1_274' title='bbox 1315 2402 1539 2471; x_wconf 86' lang='grc' dir='ltr'>δοχεῖον.</span> <span class='ocrx_word' id='word_1_275' title='bbox 1582 2399 1798 2469; x_wconf 81' lang='grc' dir='ltr'>Ἐπειδὴ</span> 
     </span>
    </p>
   </div>
   <div class='ocr_carea' id='block_1_40' title="bbox 205 2492 1799 2571">
    <p class='ocr_par' dir='ltr' id='par_1_40' title="bbox 205 2492 1799 2571">
     <span class='ocr_line' id='line_1_40' title="bbox 205 2492 1799 2571; baseline -0.006 -17"><span class='ocrx_word' id='word_1_276' title='bbox 205 2502 259 2554; x_wconf 79' lang='grc' dir='ltr'>δὲ</span> <span class='ocrx_word' id='word_1_277' title='bbox 282 2500 475 2553; x_wconf 77' lang='grc' dir='ltr'>πολλοὶ</span> <span class='ocrx_word' id='word_1_278' title='bbox 508 2502 575 2571; x_wconf 77' lang='grc' dir='ltr'>τῇ</span> <span class='ocrx_word' id='word_1_279' title='bbox 606 2498 773 2568; x_wconf 77' lang='grc' dir='ltr'>κακίᾳ</span> <span class='ocrx_word' id='word_1_280' title='bbox 813 2496 1263 2568; x_wconf 84' lang='grc' dir='ltr'>συμπράττοντες</span> <span class='ocrx_word' id='word_1_281' title='bbox 1286 2533 1301 2557; x_wconf 86' lang='grc'><strong>,</strong></span> <span class='ocrx_word' id='word_1_282' title='bbox 1337 2494 1430 2547; x_wconf 83' lang='grc' dir='ltr'><strong>καὶ</strong></span> <span class='ocrx_word' id='word_1_283' title='bbox 1456 2493 1555 2563; x_wconf 83' lang='grc' dir='ltr'>τὴν</span> <span class='ocrx_word' id='word_1_284' title='bbox 1583 2492 1799 2546; x_wconf 81' lang='grc' dir='ltr'>ἀδικίαν</span> 
     </span>
    </p>
   </div>
   <div class='ocr_carea' id='block_1_41' title="bbox 209 2584 1801 2663">
    <p class='ocr_par' dir='ltr' id='par_1_41' title="bbox 209 2584 1801 2663">
     <span class='ocr_line' id='line_1_41' title="bbox 209 2584 1801 2663; baseline -0.007 -16"><span class='ocrx_word' id='word_1_285' title='bbox 209 2592 565 2663; x_wconf 79' lang='grc' dir='ltr'>σεμνύνοντες</span> <span class='ocrx_word' id='word_1_286' title='bbox 589 2633 604 2656; x_wconf 89' lang='grc'><strong>,</strong></span> <span class='ocrx_word' id='word_1_287' title='bbox 635 2590 930 2645; x_wconf 85' lang='grc' dir='ltr'>δεινότατοι</span> <span class='ocrx_word' id='word_1_288' title='bbox 971 2588 1124 2651; x_wconf 74' lang='grc' dir='ltr'>ὄντες</span> <span class='ocrx_word' id='word_1_289' title='bbox 1154 2586 1471 2659; x_wconf 81' lang='grc' dir='ltr'>ῥητορεύειν</span> <span class='ocrx_word' id='word_1_290' title='bbox 1510 2585 1606 2637; x_wconf 71' lang='grc' dir='ltr'>ἐπὶ</span> <span class='ocrx_word' id='word_1_291' title='bbox 1652 2584 1801 2657; x_wconf 82' lang='grc' dir='ltr'>πρά-</span> 
     </span>
    </p>
   </div>
   <div class='ocr_carea' id='block_1_42' title="bbox 208 2673 1800 2753">
    <p class='ocr_par' dir='ltr' id='par_1_42' title="bbox 208 2673 1800 2753">
     <span class='ocr_line' id='line_1_42' title="bbox 208 2673 1800 2753; baseline -0.006 -16"><span class='ocrx_word' id='word_1_292' title='bbox 208 2684 319 2750; x_wconf 79' lang='grc' dir='ltr'>ξεσι</span> <span class='ocrx_word' id='word_1_293' title='bbox 361 2684 633 2753; x_wconf 85' lang='grc' dir='ltr'>πονηραῖς</span> <span class='ocrx_word' id='word_1_294' title='bbox 666 2681 763 2735; x_wconf 75' lang='grc' dir='ltr'><strong>καὶ</strong></span> <span class='ocrx_word' id='word_1_295' title='bbox 813 2677 1153 2750; x_wconf 81' lang='grc' dir='ltr'>παρανόμοις</span> <span class='ocrx_word' id='word_1_296' title='bbox 1180 2717 1194 2739; x_wconf 90' lang='grc'><strong>,</strong></span> <span class='ocrx_word' id='word_1_297' title='bbox 1242 2675 1414 2744; x_wconf 89' lang='grc' dir='ltr'>λόγων</span> <span class='ocrx_word' id='word_1_298' title='bbox 1465 2673 1800 2744; x_wconf 75' lang='grc' dir='ltr'>εὐπρέπειαν</span> 
     </span>
    </p>
   </div>
   <div class='ocr_carea' id='block_1_43' title="bbox 207 2766 1801 2847">
    <p class='ocr_par' dir='ltr' id='par_1_43' title="bbox 207 2766 1801 2847">
     <span class='ocr_line' id='line_1_43' title="bbox 207 2766 1801 2847; baseline -0.006 -18"><span class='ocrx_word' id='word_1_299' title='bbox 207 2777 441 2847; x_wconf 82' lang='grc' dir='ltr'>ἑχόντων</span> <span class='ocrx_word' id='word_1_300' title='bbox 488 2776 589 2828; x_wconf 84' lang='grc' dir='ltr'><strong>οὐκ</strong></span> <span class='ocrx_word' id='word_1_301' title='bbox 641 2772 977 2844; x_wconf 83' lang='grc' dir='ltr'>ἀποροῦντες</span> <span class='ocrx_word' id='word_1_302' title='bbox 1002 2812 1017 2834; x_wconf 91' lang='grc'><strong>,</strong></span> <span class='ocrx_word' id='word_1_303' title='bbox 1065 2769 1389 2823; x_wconf 83' lang='grc' dir='ltr'>λανθάνουσι</span> <span class='ocrx_word' id='word_1_304' title='bbox 1436 2767 1559 2821; x_wconf 89' lang='grc' dir='ltr'>καθ’</span> <span class='ocrx_word' id='word_1_305' title='bbox 1591 2766 1801 2821; x_wconf 76' lang='grc' dir='ltr'>ἑαυτῶν</span> 
     </span>
    </p>
   </div>
   <div class='ocr_carea' id='block_1_44' title="bbox 206 2858 1798 2941">
    <p class='ocr_par' dir='ltr' id='par_1_44' title="bbox 206 2858 1798 2941">
     <span class='ocr_line' id='line_1_44' title="bbox 206 2858 1798 2941; baseline -0.007 -20"><span class='ocrx_word' id='word_1_306' title='bbox 206 2870 302 2941; x_wconf 79' lang='grc' dir='ltr'>τὴν</span> <span class='ocrx_word' id='word_1_307' title='bbox 334 2868 524 2938; x_wconf 69' lang='grc' dir='ltr'>ψῆφον</span> <span class='ocrx_word' id='word_1_308' title='bbox 553 2865 851 2935; x_wconf 78' lang='grc' dir='ltr'>τιθέμενοι,</span> <span class='ocrx_word' id='word_1_309' title='bbox 889 2862 986 2917; x_wconf 75' lang='grc' dir='ltr'><strong>καὶ</strong></span> <span class='ocrx_word' id='word_1_310' title='bbox 1017 2863 1216 2931; x_wconf 85' lang='grc' dir='ltr'>δεῖγμα</span> <span class='ocrx_word' id='word_1_311' title='bbox 1243 2860 1341 2929; x_wconf 84' lang='grc' dir='ltr'><strong>τῆς</strong></span> <span class='ocrx_word' id='word_1_312' title='bbox 1366 2858 1576 2914; x_wconf 80' lang='grc' dir='ltr'>ἑαυτῶν</span> <span class='ocrx_word' id='word_1_313' title='bbox 1610 2875 1798 2928; x_wconf 89' lang='grc' dir='ltr'>προαι-</span> 
     </span>
    </p>
   </div>
   <div class='ocr_carea' id='block_1_45' title="bbox 208 2949 1800 3031">
    <p class='ocr_par' dir='ltr' id='par_1_45' title="bbox 208 2949 1800 3031">
     <span class='ocr_line' id='line_1_45' title="bbox 208 2949 1800 3031; baseline -0.008 -17"><span class='ocrx_word' id='word_1_314' title='bbox 208 2961 412 3031; x_wconf 76' lang='grc' dir='ltr'>ρέσεως</span> <span class='ocrx_word' id='word_1_315' title='bbox 459 2959 560 3029; x_wconf 82' lang='grc' dir='ltr'><strong>τῆς</strong></span> <span class='ocrx_word' id='word_1_316' title='bbox 587 2959 680 3011; x_wconf 77' lang='grc' dir='ltr'>ἐπὶ</span> <span class='ocrx_word' id='word_1_317' title='bbox 707 2957 779 3010; x_wconf 82' lang='grc' dir='ltr'>τὰ</span> <span class='ocrx_word' id='word_1_318' title='bbox 812 2955 991 3025; x_wconf 86' lang='grc' dir='ltr'>φαῦλα</span> <span class='ocrx_word' id='word_1_319' title='bbox 1026 2952 1299 3025; x_wconf 82' lang='grc' dir='ltr'>ῥεπούσης</span> <span class='ocrx_word' id='word_1_320' title='bbox 1342 2952 1432 3005; x_wconf 88' lang='grc' dir='ltr'><strong>διά</strong></span> <span class='ocrx_word' id='word_1_321' title='bbox 1474 2951 1585 3004; x_wconf 81' lang='grc' dir='ltr'><strong>τῶν</strong></span> <span class='ocrx_word' id='word_1_322' title='bbox 1629 2949 1800 3019; x_wconf 86' lang='grc' dir='ltr'>λόγων</span> 
     </span>
    </p>
   </div>
   <div class='ocr_carea' id='block_1_46' title="bbox 204 3041 1801 3121">
    <p class='ocr_par' dir='ltr' id='par_1_46' title="bbox 204 3041 1801 3121">
     <span class='ocr_line' id='line_1_46' title="bbox 204 3041 1801 3121; baseline -0.008 -16"><span class='ocrx_word' id='word_1_323' title='bbox 204 3053 411 3105; x_wconf 71' lang='grc' dir='ltr'>τούτων</span> <span class='ocrx_word' id='word_1_324' title='bbox 455 3052 807 3121; x_wconf 77' lang='grc' dir='ltr'>ἐκφέρουσιν,</span> <span class='ocrx_word' id='word_1_325' title='bbox 856 3047 987 3111; x_wconf 74' lang='grc' dir='ltr'>ἴσως</span> <span class='ocrx_word' id='word_1_326' title='bbox 1038 3044 1370 3116; x_wconf 87' lang='grc' dir='ltr'>στηλιτεύων</span> <span class='ocrx_word' id='word_1_327' title='bbox 1408 3043 1606 3105; x_wconf 80' lang='grc' dir='ltr'>αὐτοὺς</span> <span class='ocrx_word' id='word_1_328' title='bbox 1654 3041 1801 3095; x_wconf 84' lang='grc' dir='ltr'>τοῦτ’</span> 
     </span>
    </p>
   </div>
   <div class='ocr_carea' id='block_1_47' title="bbox 206 3136 1802 3213">
    <p class='ocr_par' dir='ltr' id='par_1_47' title="bbox 206 3136 1802 3213">
     <span class='ocr_line' id='line_1_47' title="bbox 206 3136 1802 3213; baseline -0.005 -17"><span class='ocrx_word' id='word_1_329' title='bbox 206 3146 331 3213; x_wconf 75' lang='grc' dir='ltr'><strong>ἔφη·</strong></span> <span class='ocrx_word' id='word_1_330' title='bbox 376 3162 396 3195; x_wconf 76' lang='grc' dir='ltr'><strong>ι</strong></span> <span class='ocrx_word' id='word_1_331' title='bbox 442 3142 512 3196; x_wconf 87' lang='grc' dir='ltr'><strong>Ἦ</strong></span> <span class='ocrx_word' id='word_1_332' title='bbox 538 3141 760 3210; x_wconf 84' lang='grc' dir='ltr'>γλῶσσα</span> <span class='ocrx_word' id='word_1_333' title='bbox 793 3139 902 3212; x_wconf 89' lang='grc' dir='ltr'><strong>πῦρ</strong></span> <span class='ocrx_word' id='word_1_334' title='bbox 923 3178 937 3202; x_wconf 86' lang='grc'><strong>,</strong></span> <span class='ocrx_word' id='word_1_335' title='bbox 966 3141 994 3193; x_wconf 87' lang='grc' dir='ltr'><strong>ὁ</strong></span> <span class='ocrx_word' id='word_1_336' title='bbox 1026 3138 1230 3209; x_wconf 89' lang='grc' dir='ltr'>κόσμος</span> <span class='ocrx_word' id='word_1_337' title='bbox 1261 3141 1360 3208; x_wconf 85' lang='grc' dir='ltr'><strong>τῆς</strong></span> <span class='ocrx_word' id='word_1_338' title='bbox 1390 3136 1634 3200; x_wconf 85' lang='grc' dir='ltr'>ἀδικίας·</span> <span class='ocrx_word' id='word_1_339' title='bbox 1671 3154 1688 3188; x_wconf 72' lang='grc' dir='ltr'><strong>ι</strong></span> <span class='ocrx_word' id='word_1_340' title='bbox 1726 3136 1802 3200; x_wconf 86' lang='grc' dir='ltr'>ὠς</span> 
     </span>
    </p>
   </div>
   <div class='ocr_carea' id='block_1_48' title="bbox 1899 1950 3489 2021">
    <p class='ocr_par' dir='ltr' id='par_1_48' title="bbox 1899 1950 3489 2021">
     <span class='ocr_line' id='line_1_48' title="bbox 1899 1950 3489 2021; baseline 0 -17"><span class='ocrx_word' id='word_1_341' title='bbox 1899 1964 2018 2004; x_wconf 79' lang='lat' dir='ltr'><strong>sum</strong></span> <span class='ocrx_word' id='word_1_342' title='bbox 2058 1950 2188 2003; x_wconf 85' lang='lat' dir='ltr'><strong>dicit</strong></span> <span class='ocrx_word' id='word_1_343' title='bbox 2232 1950 2623 2016; x_wconf 90' lang='lat' dir='ltr'><strong>testimonium,</strong></span> <span class='ocrx_word' id='word_1_344' title='bbox 2663 1961 2717 2004; x_wconf 86' lang='lat' dir='ltr'><strong>et</strong></span> <span class='ocrx_word' id='word_1_345' title='bbox 2747 1951 2945 2005; x_wconf 76' lang='lat' dir='ltr'><strong>multos</strong></span> <span class='ocrx_word' id='word_1_346' title='bbox 2982 1951 3034 2005; x_wconf 91' lang='lat' dir='ltr'><strong>in</strong></span> <span class='ocrx_word' id='word_1_347' title='bbox 3078 1951 3255 2021; x_wconf 90' lang='lat' dir='ltr'><strong>ignem</strong></span> <span class='ocrx_word' id='word_1_348' title='bbox 3292 1950 3489 2020; x_wconf 85' lang='lat' dir='ltr'><strong>injuste</strong></span> 
     </span>
    </p>
   </div>
   <div class='ocr_carea' id='block_1_49' title="bbox 1900 2040 3487 2111">
    <p class='ocr_par' dir='ltr' id='par_1_49' title="bbox 1900 2040 3487 2111">
     <span class='ocr_line' id='line_1_49' title="bbox 1900 2040 3487 2111; baseline 0 -16"><span class='ocrx_word' id='word_1_349' title='bbox 1900 2040 2143 2110; x_wconf 86' lang='lat' dir='ltr'><strong>conjicit,</strong></span> <span class='ocrx_word' id='word_1_350' title='bbox 2174 2052 2229 2094; x_wconf 91' lang='lat' dir='ltr'><strong>et</strong></span> <span class='ocrx_word' id='word_1_351' title='bbox 2251 2042 2301 2094; x_wconf 92' lang='lat' dir='ltr'><strong>in</strong></span> <span class='ocrx_word' id='word_1_352' title='bbox 2330 2040 2565 2111; x_wconf 84' lang='lat' dir='ltr'><strong>gladium</strong></span> <span class='ocrx_word' id='word_1_353' title='bbox 2599 2049 2651 2094; x_wconf 87' lang='lat' dir='ltr'><strong>et</strong></span> <span class='ocrx_word' id='word_1_354' title='bbox 2682 2044 2734 2095; x_wconf 93' lang='lat' dir='ltr'><strong>in</strong></span> <span class='ocrx_word' id='word_1_355' title='bbox 2760 2057 2911 2095; x_wconf 89' lang='lat' dir='ltr'><strong>mare</strong></span> <span class='ocrx_word' id='word_1_356' title='bbox 2948 2042 3194 2111; x_wconf 89' lang='lat' dir='ltr'><strong>impellit.</strong></span> <span class='ocrx_word' id='word_1_357' title='bbox 3226 2042 3487 2097; x_wconf 87' lang='lat' dir='ltr'><strong>Mundum</strong></span> 
     </span>
    </p>
   </div>
   <div class='ocr_carea' id='block_1_50' title="bbox 1899 2130 3489 2200">
    <p class='ocr_par' dir='ltr' id='par_1_50' title="bbox 1899 2130 3489 2200">
     <span class='ocr_line' id='line_1_50' title="bbox 1899 2130 3489 2200; baseline 0.001 -15"><span class='ocrx_word' id='word_1_358' title='bbox 1899 2139 2080 2185; x_wconf 88' lang='lat' dir='ltr'><strong>autem</strong></span> <span class='ocrx_word' id='word_1_359' title='bbox 2121 2130 2258 2184; x_wconf 89' lang='lat' dir='ltr'><strong>solet</strong></span> <span class='ocrx_word' id='word_1_360' title='bbox 2300 2146 2495 2185; x_wconf 88' lang='lat' dir='ltr'><strong>vocare</strong></span> <span class='ocrx_word' id='word_1_361' title='bbox 2544 2130 2820 2200; x_wconf 90' lang='lat' dir='ltr'><strong>Scriptura</strong></span> <span class='ocrx_word' id='word_1_362' title='bbox 2872 2133 3296 2189; x_wconf 84' lang='lat' dir='ltr'><strong>multitudinem.</strong></span> <span class='ocrx_word' id='word_1_363' title='bbox 3352 2133 3489 2187; x_wconf 82' lang='lat' dir='ltr'><strong>Nam</strong></span> 
     </span>
    </p>
   </div>
   <div class='ocr_carea' id='block_1_51' title="bbox 1901 2220 3489 2294">
    <p class='ocr_par' dir='ltr' id='par_1_51' title="bbox 1901 2220 3489 2294">
     <span class='ocr_line' id='line_1_51' title="bbox 1901 2220 3489 2294; baseline 0.003 -19"><span class='ocrx_word' id='word_1_364' title='bbox 1901 2223 1978 2293; x_wconf 89' lang='lat' dir='ltr'><strong>(ct</strong></span> <span class='ocrx_word' id='word_1_365' title='bbox 1997 2220 2235 2276; x_wconf 82' lang='lat' dir='ltr'><strong>Joannes</strong></span> <span class='ocrx_word' id='word_1_366' title='bbox 2259 2222 2614 2294; x_wconf 79' lang='lat' dir='ltr'><strong>evangelista)</strong></span> <span class='ocrx_word' id='word_1_367' title='bbox 2645 2224 2819 2292; x_wconf 89' lang='lat' dir='ltr'><strong>inquit</strong></span> <span class='ocrx_word' id='word_1_368' title='bbox 2851 2242 2863 2276; x_wconf 95' lang='lat'><strong>:</strong></span> <span class='ocrx_word' id='word_1_369' title='bbox 2904 2242 2922 2275; x_wconf 83' lang='grc' dir='ltr'><strong>ι</strong></span> <span class='ocrx_word' id='word_1_370' title='bbox 2969 2224 3198 2279; x_wconf 86' lang='lat' dir='ltr'><strong>Mundus</strong></span> <span class='ocrx_word' id='word_1_371' title='bbox 3226 2241 3347 2280; x_wconf 90' lang='lat' dir='ltr'><strong>eum</strong></span> <span class='ocrx_word' id='word_1_372' title='bbox 3382 2242 3489 2281; x_wconf 90' lang='lat' dir='ltr'><strong>non</strong></span> 
     </span>
    </p>
   </div>
   <div class='ocr_carea' id='block_1_52' title="bbox 1900 2308 3491 2387">
    <p class='ocr_par' dir='ltr' id='par_1_52' title="bbox 1900 2308 3491 2387">
     <span class='ocr_line' id='line_1_52' title="bbox 1900 2308 3491 2387; baseline 0.004 -20"><span class='ocrx_word' id='word_1_373' title='bbox 1900 2315 2155 2383; x_wconf 82' lang='lat' dir='ltr'><strong>cognovit</strong></span> <span class='ocrx_word' id='word_1_374' title='bbox 2187 2315 2264 2379; x_wconf 73' lang='grc' dir='ltr'>τις</span> <span class='ocrx_word' id='word_1_375' title='bbox 2308 2333 2326 2365; x_wconf 76' lang='grc' dir='ltr'><strong>ι</strong></span> <span class='ocrx_word' id='word_1_376' title='bbox 2366 2315 2468 2369; x_wconf 88' lang='grc' dir='ltr'>Ιιοε</span> <span class='ocrx_word' id='word_1_377' title='bbox 2509 2325 2591 2369; x_wconf 82' lang='grc' dir='ltr'><strong>εει</strong></span> <span class='ocrx_word' id='word_1_378' title='bbox 2642 2315 2953 2380; x_wconf 90' lang='lat' dir='ltr'><strong>multitudo,</strong></span> <span class='ocrx_word' id='word_1_379' title='bbox 2993 2308 3088 2371; x_wconf 79' lang='lat' dir='ltr'><strong>seu</strong></span> <span class='ocrx_word' id='word_1_380' title='bbox 3136 2318 3307 2387; x_wconf 83' lang='lat' dir='ltr'><strong>plebs.</strong></span> <span class='ocrx_word' id='word_1_381' title='bbox 3358 2319 3491 2374; x_wconf 87' lang='lat' dir='ltr'><strong>Lin-</strong></span> 
     </span>
    </p>
   </div>
   <div class='ocr_carea' id='block_1_53' title="bbox 1900 2406 3496 2480">
    <p class='ocr_par' dir='ltr' id='par_1_53' title="bbox 1900 2406 3496 2480">
     <span class='ocr_line' id='line_1_53' title="bbox 1900 2406 3496 2480; baseline 0.003 -20"><span class='ocrx_word' id='word_1_382' title='bbox 1900 2422 2005 2477; x_wconf 85' lang='lat' dir='ltr'><strong>gua</strong></span> <span class='ocrx_word' id='word_1_383' title='bbox 2029 2406 2212 2477; x_wconf 88' lang='lat' dir='ltr'><strong>igitur,</strong></span> <span class='ocrx_word' id='word_1_384' title='bbox 2243 2406 2438 2476; x_wconf 89' lang='lat' dir='ltr'><strong>inquit,</strong></span> <span class='ocrx_word' id='word_1_385' title='bbox 2464 2416 2557 2461; x_wconf 90' lang='lat' dir='ltr'><strong>aut</strong></span> <span class='ocrx_word' id='word_1_386' title='bbox 2585 2407 2725 2477; x_wconf 84' lang='lat' dir='ltr'><strong>ignis</strong></span> <span class='ocrx_word' id='word_1_387' title='bbox 2744 2417 2851 2471; x_wconf 86' lang='lat' dir='ltr'><strong>est,</strong></span> <span class='ocrx_word' id='word_1_388' title='bbox 2878 2409 3277 2465; x_wconf 88' lang='lat' dir='ltr'><strong>multitudinem</strong></span> <span class='ocrx_word' id='word_1_389' title='bbox 3312 2412 3496 2480; x_wconf 88' lang='lat' dir='ltr'><strong>inique</strong></span> 
     </span>
    </p>
   </div>
   <div class='ocr_carea' id='block_1_54' title="bbox 1901 2498 3492 2574">
    <p class='ocr_par' dir='ltr' id='par_1_54' title="bbox 1901 2498 3492 2574">
     <span class='ocr_line' id='line_1_54' title="bbox 1901 2498 3492 2574; baseline 0.004 -22"><span class='ocrx_word' id='word_1_390' title='bbox 1901 2498 2247 2564; x_wconf 86' lang='lat' dir='ltr'><strong>comburens,</strong></span> <span class='ocrx_word' id='word_1_391' title='bbox 2285 2509 2378 2553; x_wconf 88' lang='lat' dir='ltr'><strong>aut</strong></span> <span class='ocrx_word' id='word_1_392' title='bbox 2405 2501 2807 2568; x_wconf 89' lang='lat' dir='ltr'><strong>receptaculum</strong></span> <span class='ocrx_word' id='word_1_393' title='bbox 2844 2501 3207 2556; x_wconf 83' lang='lat' dir='ltr'><strong>multitudinis</strong></span> <span class='ocrx_word' id='word_1_394' title='bbox 3235 2504 3375 2574; x_wconf 81' lang='lat' dir='ltr'><strong>ignis</strong></span> <span class='ocrx_word' id='word_1_395' title='bbox 3406 2504 3492 2558; x_wconf 91' lang='lat' dir='ltr'><strong>in-</strong></span> 
     </span>
    </p>
   </div>
   <div class='ocr_carea' id='block_1_55' title="bbox 1896 2590 3495 2662">
    <p class='ocr_par' dir='ltr' id='par_1_55' title="bbox 1896 2590 3495 2662">
     <span class='ocr_line' id='line_1_55' title="bbox 1896 2590 3495 2662; baseline 0.003 -16"><span class='ocrx_word' id='word_1_396' title='bbox 1896 2591 2055 2662; x_wconf 83' lang='lat' dir='ltr'><strong>justi.</strong></span> <span class='ocrx_word' id='word_1_397' title='bbox 2094 2590 2229 2658; x_wconf 85' lang='lat' dir='ltr'><strong>Quia</strong></span> <span class='ocrx_word' id='word_1_398' title='bbox 2265 2607 2395 2647; x_wconf 88' lang='lat' dir='ltr'><strong>vero</strong></span> <span class='ocrx_word' id='word_1_399' title='bbox 2434 2592 2588 2646; x_wconf 87' lang='lat' dir='ltr'><strong>multi</strong></span> <span class='ocrx_word' id='word_1_400' title='bbox 2628 2592 2874 2648; x_wconf 87' lang='lat' dir='ltr'><strong>faventes</strong></span> <span class='ocrx_word' id='word_1_401' title='bbox 2908 2594 3264 2662; x_wconf 87' lang='lat' dir='ltr'><strong>improbitati,</strong></span> <span class='ocrx_word' id='word_1_402' title='bbox 3303 2606 3357 2649; x_wconf 84' lang='lat' dir='ltr'><strong>et</strong></span> <span class='ocrx_word' id='word_1_403' title='bbox 3389 2598 3495 2650; x_wconf 93' lang='lat' dir='ltr'><strong>ini-</strong></span> 
     </span>
    </p>
   </div>
   <div class='ocr_carea' id='block_1_56' title="bbox 1901 2684 3492 2755">
    <p class='ocr_par' dir='ltr' id='par_1_56' title="bbox 1901 2684 3492 2755">
     <span class='ocr_line' id='line_1_56' title="bbox 1901 2684 3492 2755; baseline 0.003 -18"><span class='ocrx_word' id='word_1_404' title='bbox 1901 2685 2162 2755; x_wconf 85' lang='lat' dir='ltr'><strong>quitatem</strong></span> <span class='ocrx_word' id='word_1_405' title='bbox 2197 2684 2421 2739; x_wconf 77' lang='lat' dir='ltr'><strong>honesm</strong></span> <span class='ocrx_word' id='word_1_406' title='bbox 2453 2684 2635 2753; x_wconf 87' lang='lat' dir='ltr'><strong>specie</strong></span> <span class='ocrx_word' id='word_1_407' title='bbox 2675 2692 3024 2748; x_wconf 85' lang='lat' dir='ltr'><strong>exornantes,</strong></span> <span class='ocrx_word' id='word_1_408' title='bbox 3059 2684 3270 2739; x_wconf 88' lang='lat' dir='ltr'><strong>dicendi</strong></span> <span class='ocrx_word' id='word_1_409' title='bbox 3304 2687 3492 2742; x_wconf 87' lang='lat' dir='ltr'><strong>rheto-</strong></span> 
     </span>
    </p>
   </div>
   <div class='ocr_carea' id='block_1_57' title="bbox 1903 2771 3496 2843">
    <p class='ocr_par' dir='ltr' id='par_1_57' title="bbox 1903 2771 3496 2843">
     <span class='ocr_line' id='line_1_57' title="bbox 1903 2771 3496 2843; baseline -0.002 -15"><span class='ocrx_word' id='word_1_410' title='bbox 1903 2775 2015 2828; x_wconf 89' lang='lat' dir='ltr'><strong>rica</strong></span> <span class='ocrx_word' id='word_1_411' title='bbox 2048 2772 2305 2828; x_wconf 78' lang='lat' dir='ltr'><strong>facultate</strong></span> <span class='ocrx_word' id='word_1_412' title='bbox 2341 2773 2556 2843; x_wconf 82' lang='lat' dir='ltr'><strong>egregie</strong></span> <span class='ocrx_word' id='word_1_413' title='bbox 2581 2771 2822 2826; x_wconf 90' lang='lat' dir='ltr'><strong>valentes</strong></span> <span class='ocrx_word' id='word_1_414' title='bbox 2860 2771 2909 2824; x_wconf 94' lang='lat' dir='ltr'><strong>in</strong></span> <span class='ocrx_word' id='word_1_415' title='bbox 2954 2771 3260 2827; x_wconf 88' lang='lat' dir='ltr'><strong>actionibus</strong></span> <span class='ocrx_word' id='word_1_416' title='bbox 3290 2772 3496 2841; x_wconf 85' lang='lat' dir='ltr'><strong>impro-</strong></span> 
     </span>
    </p>
   </div>
   <div class='ocr_carea' id='block_1_58' title="bbox 1902 2864 3494 2936">
    <p class='ocr_par' dir='ltr' id='par_1_58' title="bbox 1902 2864 3494 2936">
     <span class='ocr_line' id='line_1_58' title="bbox 1902 2864 3494 2936; baseline -0.003 -14"><span class='ocrx_word' id='word_1_417' title='bbox 1902 2868 1986 2922; x_wconf 92' lang='lat' dir='ltr'><strong>bis</strong></span> <span class='ocrx_word' id='word_1_418' title='bbox 2009 2877 2064 2922; x_wconf 91' lang='lat' dir='ltr'><strong>et</strong></span> <span class='ocrx_word' id='word_1_419' title='bbox 2096 2866 2335 2935; x_wconf 88' lang='lat' dir='ltr'><strong>iujustis,</strong></span> <span class='ocrx_word' id='word_1_420' title='bbox 2368 2881 2548 2936; x_wconf 90' lang='lat' dir='ltr'><strong>neque</strong></span> <span class='ocrx_word' id='word_1_421' title='bbox 2586 2864 2833 2919; x_wconf 88' lang='lat' dir='ltr'><strong>destituti</strong></span> <span class='ocrx_word' id='word_1_422' title='bbox 2866 2864 3175 2918; x_wconf 86' lang='lat' dir='ltr'><strong>orationum</strong></span> <span class='ocrx_word' id='word_1_423' title='bbox 3212 2865 3494 2933; x_wconf 85' lang='lat' dir='ltr'><strong>pulchram</strong></span> 
     </span>
    </p>
   </div>
   <div class='ocr_carea' id='block_1_59' title="bbox 1903 2955 3497 3028">
    <p class='ocr_par' dir='ltr' id='par_1_59' title="bbox 1903 2955 3497 3028">
     <span class='ocr_line' id='line_1_59' title="bbox 1903 2955 3497 3028; baseline -0.003 -14"><span class='ocrx_word' id='word_1_424' title='bbox 1903 2960 2137 3028; x_wconf 86' lang='lat' dir='ltr'><strong>speciem</strong></span> <span class='ocrx_word' id='word_1_425' title='bbox 2172 2957 2481 3012; x_wconf 88' lang='lat' dir='ltr'><strong>habentiqu</strong></span> <span class='ocrx_word' id='word_1_426' title='bbox 2515 2955 2689 3024; x_wconf 86' lang='lat' dir='ltr'><strong>copia,</strong></span> <span class='ocrx_word' id='word_1_427' title='bbox 2723 2970 2829 3008; x_wconf 92' lang='lat' dir='ltr'><strong>non</strong></span> <span class='ocrx_word' id='word_1_428' title='bbox 2873 2956 3309 3009; x_wconf 88' lang='lat' dir='ltr'><strong>animadvertunt</strong></span> <span class='ocrx_word' id='word_1_429' title='bbox 3350 2956 3497 3025; x_wconf 87' lang='lat' dir='ltr'><strong>quod</strong></span> 
     </span>
    </p>
   </div>
   <div class='ocr_carea' id='block_1_60' title="bbox 1904 3043 3495 3116">
    <p class='ocr_par' dir='ltr' id='par_1_60' title="bbox 1904 3043 3495 3116">
     <span class='ocr_line' id='line_1_60' title="bbox 1904 3043 3495 3116; baseline -0.003 -13"><span class='ocrx_word' id='word_1_430' title='bbox 1904 3050 2166 3103; x_wconf 87' lang='lat' dir='ltr'><strong>adversus</strong></span> <span class='ocrx_word' id='word_1_431' title='bbox 2207 3046 2529 3116; x_wconf 89' lang='lat' dir='ltr'><strong>semetipsos</strong></span> <span class='ocrx_word' id='word_1_432' title='bbox 2557 3045 2825 3099; x_wconf 84' lang='lat' dir='ltr'><strong>calculum</strong></span> <span class='ocrx_word' id='word_1_433' title='bbox 2858 3043 3054 3109; x_wconf 86' lang='lat' dir='ltr'><strong>ferant,</strong></span> <span class='ocrx_word' id='word_1_434' title='bbox 3091 3055 3148 3099; x_wconf 89' lang='lat' dir='ltr'><strong>et</strong></span> <span class='ocrx_word' id='word_1_435' title='bbox 3186 3045 3495 3100; x_wconf 87' lang='lat' dir='ltr'><strong>istiusmodi</strong></span> 
     </span>
    </p>
   </div>
   <div class='ocr_carea' id='block_1_61' title="bbox 1904 3136 3495 3208">
    <p class='ocr_par' dir='ltr' id='par_1_61' title="bbox 1904 3136 3495 3208">
     <span class='ocr_line' id='line_1_61' title="bbox 1904 3136 3495 3208; baseline 0.001 -14"><span class='ocrx_word' id='word_1_436' title='bbox 1904 3140 2241 3195; x_wconf 85' lang='lat' dir='ltr'><strong>orationibus</strong></span> <span class='ocrx_word' id='word_1_437' title='bbox 2268 3139 2540 3208; x_wconf 87' lang='lat' dir='ltr'><strong>specimen</strong></span> <span class='ocrx_word' id='word_1_438' title='bbox 2572 3152 2681 3191; x_wconf 83' lang='lat' dir='ltr'><strong>suae</strong></span> <span class='ocrx_word' id='word_1_439' title='bbox 2712 3137 3016 3190; x_wconf 86' lang='lat' dir='ltr'><strong>animorum</strong></span> <span class='ocrx_word' id='word_1_440' title='bbox 3060 3136 3392 3192; x_wconf 89' lang='lat' dir='ltr'><strong>inductionis</strong></span> <span class='ocrx_word' id='word_1_441' title='bbox 3426 3141 3495 3196; x_wconf 87' lang='lat' dir='ltr'><strong>ad</strong></span> 
     </span>
    </p>
   </div>
   <div class='ocr_carea' id='block_1_62' title="bbox 206 3223 1799 3304">
    <p class='ocr_par' dir='ltr' id='par_1_62' title="bbox 206 3229 1799 3304">
     <span class='ocr_line' id='line_1_62' title="bbox 206 3229 1799 3304; baseline -0.004 -14"><span class='ocrx_word' id='word_1_442' title='bbox 206 3239 268 3291; x_wconf 80' lang='grc' dir='ltr'>ἂν</span> <span class='ocrx_word' id='word_1_443' title='bbox 303 3239 356 3290; x_wconf 85' lang='grc' dir='ltr'><strong>εί</strong></span> <span class='ocrx_word' id='word_1_444' title='bbox 406 3237 617 3304; x_wconf 76' lang='grc' dir='ltr'>ἔλεγεν,</span> <span class='ocrx_word' id='word_1_445' title='bbox 666 3235 749 3288; x_wconf 85' lang='grc' dir='ltr'>ὃτι</span> <span class='ocrx_word' id='word_1_446' title='bbox 786 3234 816 3286; x_wconf 88' lang='grc' dir='ltr'>ὁ</span> <span class='ocrx_word' id='word_1_447' title='bbox 849 3233 951 3303; x_wconf 74' lang='grc' dir='ltr'>τῆς</span> <span class='ocrx_word' id='word_1_448' title='bbox 1002 3231 1336 3300; x_wconf 83' lang='grc' dir='ltr'>εὐγλωττίας</span> <span class='ocrx_word' id='word_1_449' title='bbox 1376 3229 1583 3301; x_wconf 83' lang='grc' dir='ltr'>πυρσὸς</span> <span class='ocrx_word' id='word_1_450' title='bbox 1607 3269 1621 3294; x_wconf 90' lang='grc'><strong>,</strong></span> <span class='ocrx_word' id='word_1_451' title='bbox 1672 3230 1799 3283; x_wconf 86' lang='grc' dir='ltr'>ὅταν</span> 
     </span>
    </p>
   </div>
   <div class='ocr_carea' id='block_1_63' title="bbox 1911 3223 3497 3304">
    <p class='ocr_par' dir='ltr' id='par_1_63' title="bbox 1911 3226 3497 3299">
     <span class='ocr_line' id='line_1_63' title="bbox 1911 3226 3497 3299; baseline -0.001 -14"><span class='ocrx_word' id='word_1_452' title='bbox 1911 3246 1993 3285; x_wconf 91' lang='lat' dir='ltr'><strong>res</strong></span> <span class='ocrx_word' id='word_1_453' title='bbox 2024 3228 2194 3283; x_wconf 91' lang='lat' dir='ltr'><strong>malas</strong></span> <span class='ocrx_word' id='word_1_454' title='bbox 2233 3242 2511 3298; x_wconf 71' lang='lat' dir='ltr'><strong>propensae</strong></span> <span class='ocrx_word' id='word_1_455' title='bbox 2546 3226 2861 3296; x_wconf 75' lang='lat' dir='ltr'><strong>proferunt;</strong></span> <span class='ocrx_word' id='word_1_456' title='bbox 2895 3227 3098 3282; x_wconf 90' lang='lat' dir='ltr'><strong>idcirco</strong></span> <span class='ocrx_word' id='word_1_457' title='bbox 3137 3226 3385 3283; x_wconf 89' lang='lat' dir='ltr'><strong>fortassis</strong></span> <span class='ocrx_word' id='word_1_458' title='bbox 3415 3229 3497 3299; x_wconf 85' lang='lat' dir='ltr'><strong>ip-</strong></span> 
     </span>
    </p>
   </div>
   <div class='ocr_carea' id='block_1_64' title="bbox 204 3322 1800 3400">
    <p class='ocr_par' dir='ltr' id='par_1_64' title="bbox 204 3322 1800 3400">
     <span class='ocr_line' id='line_1_64' title="bbox 204 3322 1800 3400; baseline -0.006 -16"><span class='ocrx_word' id='word_1_459' title='bbox 204 3332 329 3394; x_wconf 73' lang='grc' dir='ltr'>τοὺς</span> <span class='ocrx_word' id='word_1_460' title='bbox 368 3329 585 3400; x_wconf 79' lang='grc' dir='ltr'>μεγάλα</span> <span class='ocrx_word' id='word_1_461' title='bbox 614 3327 905 3390; x_wconf 86' lang='grc' dir='ltr'>πταίοντας</span> <span class='ocrx_word' id='word_1_462' title='bbox 933 3328 1113 3396; x_wconf 83' lang='grc' dir='ltr'>κοσμῇ</span> <span class='ocrx_word' id='word_1_463' title='bbox 1140 3365 1155 3389; x_wconf 89' lang='grc'><strong>,</strong></span> <span class='ocrx_word' id='word_1_464' title='bbox 1185 3323 1620 3393; x_wconf 82' lang='grc' dir='ltr'>ὲγκαλλώπισμα</span> <span class='ocrx_word' id='word_1_465' title='bbox 1648 3322 1800 3375; x_wconf 80' lang='grc' dir='ltr'>δοκεῖ</span> 
     </span>
    </p>
   </div>
   <div class='ocr_carea' id='block_1_65' title="bbox 205 3413 1799 3493">
    <p class='ocr_par' dir='ltr' id='par_1_65' title="bbox 205 3413 1799 3493">
     <span class='ocr_line' id='line_1_65' title="bbox 205 3413 1799 3493; baseline -0.005 -18"><span class='ocrx_word' id='word_1_466' title='bbox 205 3423 301 3493; x_wconf 73' lang='grc' dir='ltr'>τῆς</span> <span class='ocrx_word' id='word_1_467' title='bbox 333 3420 622 3491; x_wconf 80' lang='grc' dir='ltr'>ἀληθείας.</span> <span class='ocrx_word' id='word_1_468' title='bbox 652 3418 775 3491; x_wconf 78' lang='grc' dir='ltr'>Χρὴ</span> <span class='ocrx_word' id='word_1_469' title='bbox 798 3416 1092 3491; x_wconf 85' lang='grc' dir='ltr'>τοιγαροῦν</span> <span class='ocrx_word' id='word_1_470' title='bbox 1113 3419 1180 3488; x_wconf 84' lang='grc' dir='ltr'>τῇ</span> <span class='ocrx_word' id='word_1_471' title='bbox 1204 3416 1470 3487; x_wconf 86' lang='grc' dir='ltr'>δεινότητι</span> <span class='ocrx_word' id='word_1_472' title='bbox 1497 3413 1799 3486; x_wconf 86' lang='grc' dir='ltr'>κεχρῆσθαι</span> 
     </span>
    </p>
   </div>
   <div class='ocr_carea' id='block_1_66' title="bbox 204 3507 1801 3585">
    <p class='ocr_par' dir='ltr' id='par_1_66' title="bbox 204 3507 1801 3585">
     <span class='ocr_line' id='line_1_66' title="bbox 204 3507 1801 3585; baseline -0.004 -18"><span class='ocrx_word' id='word_1_473' title='bbox 204 3516 263 3567; x_wconf 80' lang='grc' dir='ltr'><strong>οὐ</strong></span> <span class='ocrx_word' id='word_1_474' title='bbox 310 3514 458 3585; x_wconf 75' lang='grc' dir='ltr'>πρὸς</span> <span class='ocrx_word' id='word_1_475' title='bbox 504 3512 567 3567; x_wconf 80' lang='grc' dir='ltr'><strong>τὸ</strong></span> <span class='ocrx_word' id='word_1_476' title='bbox 596 3512 693 3583; x_wconf 79' lang='grc' dir='ltr'>τὴν</span> <span class='ocrx_word' id='word_1_477' title='bbox 734 3510 936 3566; x_wconf 84' lang='grc' dir='ltr'>κακίαν</span> <span class='ocrx_word' id='word_1_478' title='bbox 982 3512 1230 3581; x_wconf 84' lang='grc' dir='ltr'>κοσμεῖν,</span> <span class='ocrx_word' id='word_1_479' title='bbox 1266 3508 1403 3564; x_wconf 90' lang='grc' dir='ltr'><strong>ἀλλά</strong></span> <span class='ocrx_word' id='word_1_480' title='bbox 1445 3508 1580 3580; x_wconf 84' lang='grc' dir='ltr'>πρὸς</span> <span class='ocrx_word' id='word_1_481' title='bbox 1609 3507 1670 3561; x_wconf 85' lang='grc' dir='ltr'><strong>τὸ</strong></span> <span class='ocrx_word' id='word_1_482' title='bbox 1699 3507 1801 3579; x_wconf 84' lang='grc' dir='ltr'>τὴν</span> 
     </span>
    </p>
   </div>
   <div class='ocr_carea' id='block_1_67' title="bbox 206 3598 1793 3677">
    <p class='ocr_par' dir='ltr' id='par_1_67' title="bbox 206 3598 1793 3677">
     <span class='ocr_line' id='line_1_67' title="bbox 206 3598 1793 3677; baseline -0.005 -18"><span class='ocrx_word' id='word_1_483' title='bbox 206 3605 412 3676; x_wconf 82' lang='grc' dir='ltr'>ἀρετὴν</span> <span class='ocrx_word' id='word_1_484' title='bbox 452 3604 763 3677; x_wconf 85' lang='grc' dir='ltr'>σεμνύνειν,</span> <span class='ocrx_word' id='word_1_485' title='bbox 808 3604 907 3674; x_wconf 85' lang='grc' dir='ltr'>τὴν</span> <span class='ocrx_word' id='word_1_486' title='bbox 934 3601 1028 3655; x_wconf 78' lang='grc' dir='ltr'><strong>καὶ</strong></span> <span class='ocrx_word' id='word_1_487' title='bbox 1067 3602 1237 3672; x_wconf 72' lang='grc' dir='ltr'>χωρὶς</span> <span class='ocrx_word' id='word_1_488' title='bbox 1284 3600 1458 3669; x_wconf 86' lang='grc' dir='ltr'>λόγων</span> <span class='ocrx_word' id='word_1_489' title='bbox 1506 3598 1793 3670; x_wconf 81' lang='grc' dir='ltr'>ὑπέρλαμ-</span> 
     </span>
    </p>
   </div>
   <div class='ocr_carea' id='block_1_68' title="bbox 206 3715 369 3770">
    <p class='ocr_par' dir='ltr' id='par_1_68' title="bbox 206 3715 369 3770">
     <span class='ocr_line' id='line_1_68' title="bbox 206 3715 369 3770; baseline 0.012 -19"><span class='ocrx_word' id='word_1_490' title='bbox 206 3715 369 3770; x_wconf 82' lang='grc' dir='ltr'>προν.</span> 
     </span>
    </p>
   </div>
   <div class='ocr_carea' id='block_1_69' title="bbox 1905 3320 3499 3393">
    <p class='ocr_par' dir='ltr' id='par_1_69' title="bbox 1905 3320 3499 3393">
     <span class='ocr_line' id='line_1_69' title="bbox 1905 3320 3499 3393; baseline -0.002 -13"><span class='ocrx_word' id='word_1_491' title='bbox 1905 3340 1998 3380; x_wconf 88' lang='grc' dir='ltr'><strong>εοε</strong></span> <span class='ocrx_word' id='word_1_492' title='bbox 2031 3321 2461 3393; x_wconf 89' lang='lat' dir='ltr'><strong>reprehendendi</strong></span> <span class='ocrx_word' id='word_1_493' title='bbox 2507 3335 2667 3374; x_wconf 88' lang='lat' dir='ltr'><strong>causa</strong></span> <span class='ocrx_word' id='word_1_494' title='bbox 2708 3322 2811 3374; x_wconf 83' lang='lat' dir='ltr'><strong>huc</strong></span> <span class='ocrx_word' id='word_1_495' title='bbox 2842 3321 2996 3374; x_wconf 76' lang='lat' dir='ltr'><strong>dixit.</strong></span> <span class='ocrx_word' id='word_1_496' title='bbox 3034 3338 3053 3371; x_wconf 79' lang='grc' dir='ltr'><strong>ι</strong></span> <span class='ocrx_word' id='word_1_497' title='bbox 3100 3320 3307 3390; x_wconf 84' lang='lat' dir='ltr'><strong>Lingua</strong></span> <span class='ocrx_word' id='word_1_498' title='bbox 3358 3321 3499 3392; x_wconf 86' lang='lat' dir='ltr'><strong>ignis</strong></span> 
     </span>
    </p>
   </div>
   <div class='ocr_carea' id='block_1_70' title="bbox 1903 3409 3500 3480">
    <p class='ocr_par' dir='ltr' id='par_1_70' title="bbox 1903 3409 3500 3480">
     <span class='ocr_line' id='line_1_70' title="bbox 1903 3409 3500 3480; baseline -0.002 -12"><span class='ocrx_word' id='word_1_499' title='bbox 1903 3422 2005 3479; x_wconf 91' lang='grc' dir='ltr'>εει,</span> <span class='ocrx_word' id='word_1_500' title='bbox 2039 3411 2272 3466; x_wconf 90' lang='lat' dir='ltr'><strong>mundus</strong></span> <span class='ocrx_word' id='word_1_501' title='bbox 2316 3409 2638 3480; x_wconf 90' lang='lat' dir='ltr'><strong>iniquitatis.</strong></span> <span class='ocrx_word' id='word_1_502' title='bbox 2678 3428 2699 3462; x_wconf 75' lang='grc' dir='ltr'><strong>ι</strong></span> <span class='ocrx_word' id='word_1_503' title='bbox 2732 3410 2896 3476; x_wconf 86' lang='lat' dir='ltr'><strong>Quasi</strong></span> <span class='ocrx_word' id='word_1_504' title='bbox 2935 3411 3184 3464; x_wconf 85' lang='lat' dir='ltr'><strong>diceret:</strong></span> <span class='ocrx_word' id='word_1_505' title='bbox 3226 3410 3500 3480; x_wconf 85' lang='lat' dir='ltr'><strong>Eloquen—</strong></span> 
     </span>
    </p>
   </div>
   <div class='ocr_carea' id='block_1_71' title="bbox 1906 3498 3500 3570">
    <p class='ocr_par' dir='ltr' id='par_1_71' title="bbox 1906 3498 3500 3570">
     <span class='ocr_line' id='line_1_71' title="bbox 1906 3498 3500 3570; baseline -0.004 -12"><span class='ocrx_word' id='word_1_506' title='bbox 1906 3506 1992 3558; x_wconf 67' lang='lat' dir='ltr'><strong>tiae</strong></span> <span class='ocrx_word' id='word_1_507' title='bbox 2040 3512 2095 3558; x_wconf 88' lang='lat' dir='ltr'><strong>et</strong></span> <span class='ocrx_word' id='word_1_508' title='bbox 2149 3510 2356 3556; x_wconf 65' lang='lat' dir='ltr'><strong>ornatae</strong></span> <span class='ocrx_word' id='word_1_509' title='bbox 2405 3500 2657 3555; x_wconf 86' lang='lat' dir='ltr'><strong>dictionis</strong></span> <span class='ocrx_word' id='word_1_510' title='bbox 2705 3498 2793 3552; x_wconf 80' lang='lat' dir='ltr'><strong>fax</strong></span> <span class='ocrx_word' id='word_1_511' title='bbox 2846 3500 2934 3553; x_wconf 87' lang='lat' dir='ltr'><strong>ubi</strong></span> <span class='ocrx_word' id='word_1_512' title='bbox 2983 3514 3077 3554; x_wconf 91' lang='lat' dir='ltr'><strong>eos</strong></span> <span class='ocrx_word' id='word_1_513' title='bbox 3116 3500 3206 3569; x_wconf 92' lang='lat' dir='ltr'><strong>qui</strong></span> <span class='ocrx_word' id='word_1_514' title='bbox 3258 3501 3500 3570; x_wconf 88' lang='lat' dir='ltr'><strong>graviter</strong></span> 
     </span>
    </p>
   </div>
   <div class='ocr_carea' id='block_1_72' title="bbox 1904 3591 3503 3664">
    <p class='ocr_par' dir='ltr' id='par_1_72' title="bbox 1904 3591 3503 3664">
     <span class='ocr_line' id='line_1_72' title="bbox 1904 3591 3503 3664; baseline -0.003 -15"><span class='ocrx_word' id='word_1_515' title='bbox 1904 3597 2033 3664; x_wconf 87' lang='lat' dir='ltr'><strong>lapsi</strong></span> <span class='ocrx_word' id='word_1_516' title='bbox 2050 3604 2176 3651; x_wconf 87' lang='lat' dir='ltr'><strong>sunt</strong></span> <span class='ocrx_word' id='word_1_517' title='bbox 2192 3602 2442 3659; x_wconf 80' lang='lat' dir='ltr'><strong>exornat,</strong></span> <span class='ocrx_word' id='word_1_518' title='bbox 2460 3592 2642 3645; x_wconf 91' lang='lat' dir='ltr'><strong>fucum</strong></span> <span class='ocrx_word' id='word_1_519' title='bbox 2664 3591 2844 3646; x_wconf 83' lang='lat' dir='ltr'><strong>facere</strong></span> <span class='ocrx_word' id='word_1_520' title='bbox 2863 3591 3076 3646; x_wconf 81' lang='lat' dir='ltr'><strong>videtur</strong></span> <span class='ocrx_word' id='word_1_521' title='bbox 3094 3592 3503 3664; x_wconf 45' lang='lat' dir='ltr'><strong>vcritatiﬁlﬂ</strong></span> 
     </span>
    </p>
   </div>
   <div class='ocr_carea' id='block_1_73' title="bbox 1904 3683 3504 3763">
    <p class='ocr_par' dir='ltr' id='par_1_73' title="bbox 1904 3683 3504 3763">
     <span class='ocr_line' id='line_1_73' title="bbox 1904 3683 3504 3763; baseline 0 -25"><span class='ocrx_word' id='word_1_522' title='bbox 1904 3685 2082 3752; x_wconf 83' lang='lat' dir='ltr'><strong>Quare</strong></span> <span class='ocrx_word' id='word_1_523' title='bbox 2114 3684 2325 3739; x_wconf 84' lang='lat' dir='ltr'><strong>dicendi</strong></span> <span class='ocrx_word' id='word_1_524' title='bbox 2362 3683 2624 3736; x_wconf 88' lang='lat' dir='ltr'><strong>facultate</strong></span> <span class='ocrx_word' id='word_1_525' title='bbox 2654 3698 2758 3736; x_wconf 90' lang='lat' dir='ltr'><strong>non</strong></span> <span class='ocrx_word' id='word_1_526' title='bbox 2788 3694 3002 3751; x_wconf 86' lang='lat' dir='ltr'><strong>oportet</strong></span> <span class='ocrx_word' id='word_1_527' title='bbox 3032 3683 3177 3737; x_wconf 87' lang='lat' dir='ltr'><strong>abuti</strong></span> <span class='ocrx_word' id='word_1_528' title='bbox 3212 3684 3277 3738; x_wconf 88' lang='lat' dir='ltr'><strong>ad</strong></span> <span class='ocrx_word' id='word_1_529' title='bbox 3308 3686 3504 3763; x_wconf 87' lang='lat' dir='ltr'><strong>impro_</strong></span> 
     </span>
    </p>
   </div>
   <div class='ocr_carea' id='block_1_74' title="bbox 208 3774 3503 3850">
    <p class='ocr_par' dir='ltr' id='par_1_74' title="bbox 208 3774 3503 3850">
     <span class='ocr_line' id='line_1_74' title="bbox 208 3774 3503 3850; baseline -0.002 -10"><span class='ocrx_word' id='word_1_530' title='bbox 208 3789 435 3841; x_wconf 87' lang='lat' dir='ltr'><strong>bitatetn</strong></span> <span class='ocrx_word' id='word_1_531' title='bbox 472 3784 797 3850; x_wconf 89' lang='lat' dir='ltr'><strong>ornandam,</strong></span> <span class='ocrx_word' id='word_1_532' title='bbox 823 3784 917 3840; x_wconf 87' lang='lat' dir='ltr'><strong>sed</strong></span> <span class='ocrx_word' id='word_1_533' title='bbox 948 3785 1014 3839; x_wconf 87' lang='lat' dir='ltr'><strong>ad</strong></span> <span class='ocrx_word' id='word_1_534' title='bbox 1045 3784 1297 3838; x_wconf 87' lang='lat' dir='ltr'><strong>virtutem</strong></span> <span class='ocrx_word' id='word_1_535' title='bbox 1341 3781 1703 3838; x_wconf 89' lang='lat' dir='ltr'><strong>decoraudam</strong></span> <span class='ocrx_word' id='word_1_536' title='bbox 1736 3793 1798 3834; x_wconf 89' lang='lat' dir='ltr'><strong>ea</strong></span> <span class='ocrx_word' id='word_1_537' title='bbox 1846 3776 2217 3835; x_wconf 81' lang='lat' dir='ltr'><strong>transferenda</strong></span> <span class='ocrx_word' id='word_1_538' title='bbox 2250 3784 2353 3840; x_wconf 89' lang='lat' dir='ltr'><strong>est,</strong></span> <span class='ocrx_word' id='word_1_539' title='bbox 2380 3790 2499 3844; x_wconf 61' lang='lat' dir='ltr'><strong>qum</strong></span> <span class='ocrx_word' id='word_1_540' title='bbox 2532 3774 2747 3844; x_wconf 90' lang='lat' dir='ltr'><strong>quidem</strong></span> <span class='ocrx_word' id='word_1_541' title='bbox 2790 3774 2958 3828; x_wconf 90' lang='lat' dir='ltr'><strong>etiam</strong></span> <span class='ocrx_word' id='word_1_542' title='bbox 3033 3776 3237 3844; x_wconf 84' lang='lat' dir='ltr'><strong>absque</strong></span> <span class='ocrx_word' id='word_1_543' title='bbox 3298 3776 3503 3833; x_wconf 81' lang='lat' dir='ltr'><strong>oratio-</strong></span> 
     </span>
    </p>
   </div>
   <div class='ocr_carea' id='block_1_75' title="bbox 209 3877 1308 3950">
    <p class='ocr_par' dir='ltr' id='par_1_75' title="bbox 209 3877 1308 3950">
     <span class='ocr_line' id='line_1_75' title="bbox 209 3877 1308 3950; baseline -0.003 -16"><span class='ocrx_word' id='word_1_544' title='bbox 209 3881 453 3935; x_wconf 85' lang='lat' dir='ltr'><strong>tionibus</strong></span> <span class='ocrx_word' id='word_1_545' title='bbox 486 3890 674 3950; x_wconf 91' lang='lat' dir='ltr'><strong>suopte</strong></span> <span class='ocrx_word' id='word_1_546' title='bbox 695 3879 983 3947; x_wconf 88' lang='lat' dir='ltr'><strong>splendore</strong></span> <span class='ocrx_word' id='word_1_547' title='bbox 1006 3877 1308 3947; x_wconf 67' lang='lat' dir='ltr'><strong>praefulget.</strong></span> 
     </span>
    </p>
   </div>
   <div class='ocr_carea' id='block_1_76' title="bbox 410 3966 1608 4042">
    <p class='ocr_par' dir='ltr' id='par_1_76' title="bbox 410 3966 1608 4042">
     <span class='ocr_line' id='line_1_76' title="bbox 410 3966 1608 4042; baseline -0.003 -18"><span class='ocrx_word' id='word_1_548' title='bbox 410 3971 516 4027; x_wconf 79' lang='lat' dir='ltr'><strong>lA’.</strong></span> <span class='ocrx_word' id='word_1_549' title='bbox 546 4001 617 4010; x_wconf 88' lang='grc'><strong>-</strong></span> <span class='ocrx_word' id='word_1_550' title='bbox 647 3971 955 4042; x_wconf 80' lang='grc' dir='ltr'><strong>ΘΕΟΔΩΡῼ</strong></span> <span class='ocrx_word' id='word_1_551' title='bbox 975 3969 1108 4041; x_wconf 64' lang='grc'>«54)</span> <span class='ocrx_word' id='word_1_552' title='bbox 1155 3966 1608 4039; x_wconf 79' lang='grc' dir='ltr'><strong>ΣΧΟΑΑΣΤΙΚῼ.</strong></span> 
     </span>
    </p>
   </div>
   <div class='ocr_carea' id='block_1_77' title="bbox 2130 3954 3284 4013">
    <p class='ocr_par' dir='ltr' id='par_1_77' title="bbox 2130 3954 3284 4013">
     <span class='ocr_line' id='line_1_77' title="bbox 2130 3954 3284 4013; baseline 0.001 -1"><span class='ocrx_word' id='word_1_553' title='bbox 2130 3957 2224 4012; x_wconf 80' lang='lat' dir='ltr'><strong>XI.</strong></span> <span class='ocrx_word' id='word_1_554' title='bbox 2260 3989 2320 3998; x_wconf 95' lang='lat'><strong><em>—</em></strong></span> <span class='ocrx_word' id='word_1_555' title='bbox 2364 3954 2746 4012; x_wconf 83' lang='lat' dir='ltr'><strong>THEODORO</strong></span> <span class='ocrx_word' id='word_1_556' title='bbox 2788 3954 3284 4013; x_wconf 86' lang='lat' dir='ltr'><strong>SCIIOLASTICO.</strong></span> 
     </span>
    </p>
   </div>
   <div class='ocr_carea' id='block_1_78' title="bbox 208 4050 1799 4129">
    <p class='ocr_par' dir='ltr' id='par_1_78' title="bbox 208 4050 1799 4129">
     <span class='ocr_line' id='line_1_78' title="bbox 208 4050 1799 4129; baseline -0.007 -12"><span class='ocrx_word' id='word_1_557' title='bbox 208 4064 312 4129; x_wconf 80' lang='grc' dir='ltr'>Είς</span> <span class='ocrx_word' id='word_1_558' title='bbox 358 4059 464 4114; x_wconf 83' lang='grc' dir='ltr'>τό·</span> <span class='ocrx_word' id='word_1_559' title='bbox 525 4078 544 4110; x_wconf 79' lang='grc' dir='ltr'><strong>ι</strong></span> <span class='ocrx_word' id='word_1_560' title='bbox 612 4060 755 4114; x_wconf 85' lang='grc' dir='ltr'><strong>Ἐὰν</strong></span> <span class='ocrx_word' id='word_1_561' title='bbox 809 4057 987 4113; x_wconf 75' lang='grc' dir='ltr'>πεινᾶ</span> <span class='ocrx_word' id='word_1_562' title='bbox 1027 4060 1060 4112; x_wconf 85' lang='grc' dir='ltr'><strong>ό</strong></span> <span class='ocrx_word' id='word_1_563' title='bbox 1113 4056 1329 4126; x_wconf 83' lang='grc' dir='ltr'>ἐχθρός</span> <span class='ocrx_word' id='word_1_564' title='bbox 1376 4071 1534 4121; x_wconf 88' lang='grc' dir='ltr'>σου,</span> <span class='ocrx_word' id='word_1_565' title='bbox 1588 4050 1799 4124; x_wconf 76' lang='grc' dir='ltr'><strong>ψώμιᾷ</strong></span> 
     </span>
    </p>
   </div>
   <div class='ocr_carea' id='block_1_79' title="bbox 1911 4050 3498 4129">
    <p class='ocr_par' dir='ltr' id='par_1_79' title="bbox 1914 4050 3498 4119">
     <span class='ocr_line' id='line_1_79' title="bbox 1914 4050 3498 4119; baseline -0.001 -10"><span class='ocrx_word' id='word_1_566' title='bbox 1914 4052 1985 4109; x_wconf 85' lang='lat' dir='ltr'><strong>In</strong></span> <span class='ocrx_word' id='word_1_567' title='bbox 2018 4053 2173 4119; x_wconf 80' lang='lat' dir='ltr'><strong>illud,</strong></span> <span class='ocrx_word' id='word_1_568' title='bbox 2210 4070 2229 4104; x_wconf 84' lang='grc' dir='ltr'><strong>ι</strong></span> <span class='ocrx_word' id='word_1_569' title='bbox 2265 4050 2324 4107; x_wconf 87' lang='lat' dir='ltr'><strong>Si</strong></span> <span class='ocrx_word' id='word_1_570' title='bbox 2348 4051 2592 4106; x_wconf 75' lang='lat' dir='ltr'><strong>esurierit</strong></span> <span class='ocrx_word' id='word_1_571' title='bbox 2620 4051 2866 4105; x_wconf 82' lang='lat' dir='ltr'><strong>inimicus</strong></span> <span class='ocrx_word' id='word_1_572' title='bbox 2908 4061 3051 4115; x_wconf 76' lang='lat' dir='ltr'><strong>tuus,</strong></span> <span class='ocrx_word' id='word_1_573' title='bbox 3082 4052 3197 4104; x_wconf 81' lang='lat' dir='ltr'><strong>ciba</strong></span> <span class='ocrx_word' id='word_1_574' title='bbox 3231 4068 3352 4105; x_wconf 89' lang='lat' dir='ltr'><strong>eum</strong></span> <span class='ocrx_word' id='word_1_575' title='bbox 3380 4053 3447 4108; x_wconf 80' lang='grc'><strong>⁷³.</strong></span> <span class='ocrx_word' id='word_1_576' title='bbox 3475 4072 3498 4107; x_wconf 69' lang='grc' dir='ltr'><strong>ι</strong></span> 
     </span>
    </p>
   </div>
   <div class='ocr_carea' id='block_1_80' title="bbox 872 4129 1141 4183">
    <p class='ocr_par' dir='ltr' id='par_1_80' title="bbox 872 4129 1141 4183">
     <span class='ocr_line' id='line_1_80' title="bbox 872 4129 1141 4183; baseline -0.015 0"><span class='ocrx_word' id='word_1_577' title='bbox 872 4129 1081 4183; x_wconf 84' lang='grc' dir='ltr'>αὐτόν.</span> <span class='ocrx_word' id='word_1_578' title='bbox 1122 4146 1141 4179; x_wconf 75' lang='grc' dir='ltr'><strong>ι</strong></span> 
     </span>
    </p>
   </div>
   <div class='ocr_carea' id='block_1_81' title="bbox 288 4210 1808 4291">
    <p class='ocr_par' dir='ltr' id='par_1_81' title="bbox 288 4210 1808 4291">
     <span class='ocr_line' id='line_1_81' title="bbox 288 4210 1808 4291; baseline -0.006 -16"><span class='ocrx_word' id='word_1_579' title='bbox 288 4223 565 4291; x_wconf 80' lang='grc' dir='ltr'>’Δγνοεῖς,</span> <span class='ocrx_word' id='word_1_580' title='bbox 612 4220 689 4283; x_wconf 83' lang='grc' dir='ltr'><strong>ὡς</strong></span> <span class='ocrx_word' id='word_1_581' title='bbox 727 4218 919 4282; x_wconf 76' lang='grc' dir='ltr'>ἔοικεν,</span> <span class='ocrx_word' id='word_1_582' title='bbox 966 4219 1048 4271; x_wconf 86' lang='grc' dir='ltr'><strong>ὅτι</strong></span> <span class='ocrx_word' id='word_1_583' title='bbox 1095 4218 1129 4290; x_wconf 79' lang='grc' dir='ltr'>ἡ</span> <span class='ocrx_word' id='word_1_584' title='bbox 1165 4216 1261 4271; x_wconf 81' lang='grc' dir='ltr'>νέα</span> <span class='ocrx_word' id='word_1_585' title='bbox 1290 4214 1576 4284; x_wconf 84' lang='grc' dir='ltr'>φιλοσοφία</span> <span class='ocrx_word' id='word_1_586' title='bbox 1602 4214 1700 4284; x_wconf 83' lang='grc' dir='ltr'><strong>τῆς</strong></span> <span class='ocrx_word' id='word_1_587' title='bbox 1732 4210 1808 4275; x_wconf 85' lang='grc' dir='ltr'>ὡς</span> 
     </span>
    </p>
   </div>
   <div class='ocr_carea' id='block_1_82' title="bbox 208 4306 1805 4386">
    <p class='ocr_par' dir='ltr' id='par_1_82' title="bbox 208 4306 1805 4386">
     <span class='ocr_line' id='line_1_82' title="bbox 208 4306 1805 4386; baseline -0.008 -17"><span class='ocrx_word' id='word_1_588' title='bbox 208 4315 431 4386; x_wconf 86' lang='grc' dir='ltr'>νηπίοις</span> <span class='ocrx_word' id='word_1_589' title='bbox 479 4313 925 4383; x_wconf 85' lang='grc' dir='ltr'>διαγορευθείσης</span> <span class='ocrx_word' id='word_1_590' title='bbox 974 4310 1077 4380; x_wconf 80' lang='grc' dir='ltr'>τῆς</span> <span class='ocrx_word' id='word_1_591' title='bbox 1137 4310 1377 4371; x_wconf 84' lang='grc' dir='ltr'>παλαιᾶς</span> <span class='ocrx_word' id='word_1_592' title='bbox 1426 4306 1805 4377; x_wconf 77' lang='grc' dir='ltr'>παραινέσεως</span> 
     </span>
    </p>
   </div>
   <div class='ocr_carea' id='block_1_83' title="bbox 208 4397 1805 4478">
    <p class='ocr_par' dir='ltr' id='par_1_83' title="bbox 208 4397 1805 4478">
     <span class='ocr_line' id='line_1_83' title="bbox 208 4397 1805 4478; baseline -0.006 -18"><span class='ocrx_word' id='word_1_593' title='bbox 208 4410 364 4462; x_wconf 73' lang='grc' dir='ltr'>ἔστιν</span> <span class='ocrx_word' id='word_1_594' title='bbox 420 4406 751 4478; x_wconf 71' lang='grc' dir='ltr'>ὑψηλοτέρα.</span> <span class='ocrx_word' id='word_1_595' title='bbox 808 4405 883 4457; x_wconf 87' lang='grc' dir='ltr'><strong>Τὸ</strong></span> <span class='ocrx_word' id='word_1_596' title='bbox 946 4403 1056 4473; x_wconf 81' lang='grc' dir='ltr'>γὰρ</span> <span class='ocrx_word' id='word_1_597' title='bbox 1108 4401 1426 4472; x_wconf 86' lang='grc' dir='ltr'>θαυμασθὲν</span> <span class='ocrx_word' id='word_1_598' title='bbox 1479 4398 1633 4471; x_wconf 88' lang='grc' dir='ltr'><strong>παρά</strong></span> <span class='ocrx_word' id='word_1_599' title='bbox 1687 4397 1805 4464; x_wconf 85' lang='grc' dir='ltr'>σοῦ,</span> 
     </span>
    </p>
   </div>
   <div class='ocr_carea' id='block_1_84' title="bbox 1986 4211 3502 4285">
    <p class='ocr_par' dir='ltr' id='par_1_84' title="bbox 1986 4211 3502 4285">
     <span class='ocr_line' id='line_1_84' title="bbox 1986 4211 3502 4285; baseline -0.001 -13"><span class='ocrx_word' id='word_1_600' title='bbox 1986 4216 2203 4272; x_wconf 84' lang='lat' dir='ltr'><strong>Videris</strong></span> <span class='ocrx_word' id='word_1_601' title='bbox 2240 4215 2495 4285; x_wconf 90' lang='lat' dir='ltr'><strong>ignorare</strong></span> <span class='ocrx_word' id='word_1_602' title='bbox 2540 4214 2682 4283; x_wconf 92' lang='lat' dir='ltr'><strong>quod</strong></span> <span class='ocrx_word' id='word_1_603' title='bbox 2717 4228 2855 4268; x_wconf 90' lang='lat' dir='ltr'><strong>nova</strong></span> <span class='ocrx_word' id='word_1_604' title='bbox 2900 4211 3223 4284; x_wconf 81' lang='lat' dir='ltr'><strong>(Evangelii)</strong></span> <span class='ocrx_word' id='word_1_605' title='bbox 3260 4214 3502 4283; x_wconf 85' lang='lat' dir='ltr'><strong>philoso—</strong></span> 
     </span>
    </p>
   </div>
   <div class='ocr_carea' id='block_1_85' title="bbox 1914 4306 3503 4378">
    <p class='ocr_par' dir='ltr' id='par_1_85' title="bbox 1914 4306 3503 4378">
     <span class='ocr_line' id='line_1_85' title="bbox 1914 4306 3503 4378; baseline 0 -15"><span class='ocrx_word' id='word_1_606' title='bbox 1914 4310 2041 4378; x_wconf 86' lang='lat' dir='ltr'><strong>phia</strong></span> <span class='ocrx_word' id='word_1_607' title='bbox 2070 4308 2355 4363; x_wconf 88' lang='lat' dir='ltr'><strong>sublimior</strong></span> <span class='ocrx_word' id='word_1_608' title='bbox 2388 4308 2457 4363; x_wconf 90' lang='lat' dir='ltr'><strong>sit</strong></span> <span class='ocrx_word' id='word_1_609' title='bbox 2496 4306 2667 4362; x_wconf 90' lang='lat' dir='ltr'><strong>veteri</strong></span> <span class='ocrx_word' id='word_1_610' title='bbox 2697 4306 2783 4361; x_wconf 88' lang='lat' dir='ltr'><strong>illa</strong></span> <span class='ocrx_word' id='word_1_611' title='bbox 2812 4307 3198 4376; x_wconf 63' lang='lat' dir='ltr'><strong>praeceptione,</strong></span> <span class='ocrx_word' id='word_1_612' title='bbox 3237 4324 3359 4378; x_wconf 72' lang='lat' dir='ltr'><strong>qua:</strong></span> <span class='ocrx_word' id='word_1_613' title='bbox 3380 4320 3503 4363; x_wconf 91' lang='lat' dir='ltr'><strong>tan-</strong></span> 
     </span>
    </p>
   </div>
   <div class='ocr_carea' id='block_1_86' title="bbox 1916 4393 3503 4468">
    <p class='ocr_par' dir='ltr' id='par_1_86' title="bbox 1916 4393 3503 4468">
     <span class='ocr_line' id='line_1_86' title="bbox 1916 4393 3503 4468; baseline 0.004 -21"><span class='ocrx_word' id='word_1_614' title='bbox 1916 4410 2079 4464; x_wconf 89' lang='lat' dir='ltr'><strong>quam</strong></span> <span class='ocrx_word' id='word_1_615' title='bbox 2121 4394 2419 4450; x_wconf 83' lang='lat' dir='ltr'><strong>infantibus</strong></span> <span class='ocrx_word' id='word_1_616' title='bbox 2444 4396 2588 4449; x_wconf 88' lang='lat' dir='ltr'><strong>edita</strong></span> <span class='ocrx_word' id='word_1_617' title='bbox 2616 4404 2719 4449; x_wconf 90' lang='lat' dir='ltr'><strong>est.</strong></span> <span class='ocrx_word' id='word_1_618' title='bbox 2760 4393 2895 4449; x_wconf 87' lang='lat' dir='ltr'><strong>Nam</strong></span> <span class='ocrx_word' id='word_1_619' title='bbox 2928 4395 3056 4449; x_wconf 91' lang='lat' dir='ltr'><strong>illud</strong></span> <span class='ocrx_word' id='word_1_620' title='bbox 3097 4396 3321 4461; x_wconf 92' lang='lat' dir='ltr'><strong>dictum,</strong></span> <span class='ocrx_word' id='word_1_621' title='bbox 3359 4400 3503 4468; x_wconf 90' lang='lat' dir='ltr'><strong>quod</strong></span> 
     </span>
    </p>
   </div>
   <div class='ocr_carea' id='block_1_87' title="bbox 214 4487 1799 4569">
    <p class='ocr_par' dir='ltr' id='par_1_87' title="bbox 214 4490 1799 4569">
     <span class='ocr_line' id='line_1_87' title="bbox 214 4490 1799 4569; baseline -0.006 -17"><span class='ocrx_word' id='word_1_622' title='bbox 214 4519 233 4552; x_wconf 84' lang='grc' dir='ltr'><strong>ι</strong></span> <span class='ocrx_word' id='word_1_623' title='bbox 274 4499 414 4553; x_wconf 78' lang='grc' dir='ltr'><strong>Ἐὰν</strong></span> <span class='ocrx_word' id='word_1_624' title='bbox 454 4499 617 4569; x_wconf 83' lang='grc' dir='ltr'>πεινᾷ</span> <span class='ocrx_word' id='word_1_625' title='bbox 662 4499 692 4550; x_wconf 84' lang='grc' dir='ltr'><strong>ὁ</strong></span> <span class='ocrx_word' id='word_1_626' title='bbox 738 4495 932 4567; x_wconf 76' lang='grc' dir='ltr'>ἐχθρός</span> <span class='ocrx_word' id='word_1_627' title='bbox 971 4512 1066 4548; x_wconf 92' lang='grc' dir='ltr'><strong>σου</strong></span> <span class='ocrx_word' id='word_1_628' title='bbox 1092 4534 1106 4559; x_wconf 92' lang='grc'><strong>,</strong></span> <span class='ocrx_word' id='word_1_629' title='bbox 1160 4493 1410 4563; x_wconf 75' lang='grc' dir='ltr'>ψώμισον</span> <span class='ocrx_word' id='word_1_630' title='bbox 1460 4492 1658 4545; x_wconf 80' lang='grc' dir='ltr'>αὐτόν’</span> <span class='ocrx_word' id='word_1_631' title='bbox 1712 4490 1799 4544; x_wconf 61' lang='grc' dir='ltr'><strong>ἐὰν</strong></span> 
     </span>
    </p>
   </div>
   <div class='ocr_carea' id='block_1_88' title="bbox 1911 4487 3499 4569">
    <p class='ocr_par' dir='ltr' id='par_1_88' title="bbox 1920 4487 3499 4555">
     <span class='ocr_line' id='line_1_88' title="bbox 1920 4487 3499 4555; baseline 0.003 -14"><span class='ocrx_word' id='word_1_632' title='bbox 1920 4487 2015 4542; x_wconf 91' lang='lat' dir='ltr'><strong>tibi</strong></span> <span class='ocrx_word' id='word_1_633' title='bbox 2051 4487 2401 4542; x_wconf 88' lang='lat' dir='ltr'><strong>admirationi</strong></span> <span class='ocrx_word' id='word_1_634' title='bbox 2432 4495 2517 4543; x_wconf 86' lang='lat' dir='ltr'><strong>est</strong></span> <span class='ocrx_word' id='word_1_635' title='bbox 2548 4504 2560 4539; x_wconf 94' lang='lat'>:</span> <span class='ocrx_word' id='word_1_636' title='bbox 2601 4506 2621 4539; x_wconf 78' lang='grc' dir='ltr'><strong>ι</strong></span> <span class='ocrx_word' id='word_1_637' title='bbox 2664 4487 2721 4541; x_wconf 93' lang='lat' dir='ltr'><strong>Si</strong></span> <span class='ocrx_word' id='word_1_638' title='bbox 2752 4487 3011 4542; x_wconf 88' lang='lat' dir='ltr'><strong>esuricrit</strong></span> <span class='ocrx_word' id='word_1_639' title='bbox 3054 4488 3312 4543; x_wconf 77' lang='lat' dir='ltr'><strong>inimicus</strong></span> <span class='ocrx_word' id='word_1_640' title='bbox 3353 4501 3499 4555; x_wconf 90' lang='lat' dir='ltr'><strong>tuus,</strong></span> 
     </span>
    </p>
   </div>
   <div class='ocr_carea' id='block_1_89' title="bbox 211 4582 1803 4663">
    <p class='ocr_par' dir='ltr' id='par_1_89' title="bbox 211 4582 1803 4663">
     <span class='ocr_line' id='line_1_89' title="bbox 211 4582 1803 4663; baseline -0.006 -19"><span class='ocrx_word' id='word_1_641' title='bbox 211 4591 341 4663; x_wconf 75' lang='grc' dir='ltr'>διψᾷ</span> <span class='ocrx_word' id='word_1_642' title='bbox 371 4632 386 4656; x_wconf 92' lang='grc'><strong>,</strong></span> <span class='ocrx_word' id='word_1_643' title='bbox 427 4590 620 4653; x_wconf 82' lang='grc' dir='ltr'>πότιζε</span> <span class='ocrx_word' id='word_1_644' title='bbox 670 4589 868 4641; x_wconf 81' lang='grc' dir='ltr'>αὐτόν’</span> <span class='ocrx_word' id='word_1_645' title='bbox 908 4608 926 4639; x_wconf 75' lang='grc' dir='ltr'><strong>ι</strong></span> <span class='ocrx_word' id='word_1_646' title='bbox 971 4587 1033 4639; x_wconf 80' lang='grc' dir='ltr'><strong>οὐ</strong></span> <span class='ocrx_word' id='word_1_647' title='bbox 1072 4586 1194 4638; x_wconf 88' lang='grc' dir='ltr'>λίαν</span> <span class='ocrx_word' id='word_1_648' title='bbox 1233 4585 1374 4656; x_wconf 86' lang='grc' dir='ltr'>μέγα</span> <span class='ocrx_word' id='word_1_649' title='bbox 1410 4586 1505 4637; x_wconf 78' lang='grc' dir='ltr'>καὶ</span> <span class='ocrx_word' id='word_1_650' title='bbox 1535 4582 1803 4649; x_wconf 79' lang='grc' dir='ltr'>νεανικὸν,</span> 
     </span>
    </p>
   </div>
   <div class='ocr_carea' id='block_1_90' title="bbox 210 4673 1811 4752">
    <p class='ocr_par' dir='ltr' id='par_1_90' title="bbox 210 4673 1811 4752">
     <span class='ocr_line' id='line_1_90' title="bbox 210 4673 1811 4752; baseline -0.007 -16"><span class='ocrx_word' id='word_1_651' title='bbox 210 4683 326 4736; x_wconf 84' lang='grc' dir='ltr'>ἀλλ’</span> <span class='ocrx_word' id='word_1_652' title='bbox 356 4682 527 4752; x_wconf 76' lang='grc' dir='ltr'>εὐχῆς</span> <span class='ocrx_word' id='word_1_653' title='bbox 563 4679 725 4750; x_wconf 75' lang='grc' dir='ltr'>ἔργον</span> <span class='ocrx_word' id='word_1_654' title='bbox 768 4677 905 4731; x_wconf 77' lang='grc' dir='ltr'>ἐστί.</span> <span class='ocrx_word' id='word_1_655' title='bbox 938 4677 1013 4731; x_wconf 86' lang='grc' dir='ltr'>Τὸ</span> <span class='ocrx_word' id='word_1_656' title='bbox 1054 4676 1164 4748; x_wconf 80' lang='grc' dir='ltr'><strong>γὰρ</strong></span> <span class='ocrx_word' id='word_1_657' title='bbox 1198 4677 1279 4739; x_wconf 85' lang='grc' dir='ltr'><strong>είς</strong></span> <span class='ocrx_word' id='word_1_658' title='bbox 1319 4673 1591 4741; x_wconf 87' lang='grc' dir='ltr'>τοσαύτην</span> <span class='ocrx_word' id='word_1_659' title='bbox 1636 4674 1811 4743; x_wconf 82' lang='grc' dir='ltr'>ἐμπε-</span> 
     </span>
    </p>
   </div>
   <div class='ocr_carea' id='block_1_91' title="bbox 214 4764 1810 4840">
    <p class='ocr_par' dir='ltr' id='par_1_91' title="bbox 214 4764 1810 4840">
     <span class='ocr_line' id='line_1_91' title="bbox 214 4764 1810 4840; baseline -0.005 -13"><span class='ocrx_word' id='word_1_660' title='bbox 214 4777 329 4828; x_wconf 85' lang='grc' dir='ltr'>σεῖν</span> <span class='ocrx_word' id='word_1_661' title='bbox 358 4774 573 4827; x_wconf 68' lang='grc' dir='ltr'>ἐκεῖνον</span> <span class='ocrx_word' id='word_1_662' title='bbox 602 4771 848 4840; x_wconf 79' lang='grc' dir='ltr'>ἀνάγκην</span> <span class='ocrx_word' id='word_1_663' title='bbox 873 4768 951 4832; x_wconf 84' lang='grc' dir='ltr'>ὡς</span> <span class='ocrx_word' id='word_1_664' title='bbox 981 4767 1092 4821; x_wconf 84' lang='grc' dir='ltr'><strong>τῶν</strong></span> <span class='ocrx_word' id='word_1_665' title='bbox 1124 4766 1441 4836; x_wconf 84' lang='grc' dir='ltr'>ἀναγκαίων</span> <span class='ocrx_word' id='word_1_666' title='bbox 1473 4765 1588 4836; x_wconf 81' lang='grc'>(55)</span> <span class='ocrx_word' id='word_1_667' title='bbox 1614 4764 1810 4836; x_wconf 84' lang='grc' dir='ltr'>δεηθῆ-</span> 
     </span>
    </p>
   </div>
   <div class='ocr_carea' id='block_1_92' title="bbox 307 4925 1214 4994">
    <p class='ocr_par' dir='ltr' id='par_1_92' title="bbox 307 4925 1214 4994">
     <span class='ocr_line' id='line_1_92' title="bbox 307 4925 1214 4994; baseline -0.008 -10"><span class='ocrx_word' id='word_1_668' title='bbox 307 4930 356 4962; x_wconf 84' lang='grc'>⁷⁰</span> <span class='ocrx_word' id='word_1_669' title='bbox 377 4930 499 4985; x_wconf 85' lang='lat' dir='ltr'><strong>Jac.</strong></span> <span class='ocrx_word' id='word_1_670' title='bbox 528 4943 615 4994; x_wconf 86' lang='grc' dir='ltr'>ιιι,</span> <span class='ocrx_word' id='word_1_671' title='bbox 640 4928 695 4982; x_wconf 90' lang='grc'>6.</span> <span class='ocrx_word' id='word_1_672' title='bbox 770 4928 814 4959; x_wconf 76' lang='grc'>⁷⁸</span> <span class='ocrx_word' id='word_1_673' title='bbox 847 4926 1006 4982; x_wconf 82' lang='lat' dir='ltr'><strong>Joan.</strong></span> <span class='ocrx_word' id='word_1_674' title='bbox 1055 4941 1092 4991; x_wconf 90' lang='grc' dir='ltr'><strong>ι,</strong></span> <span class='ocrx_word' id='word_1_675' title='bbox 1127 4925 1214 4979; x_wconf 85' lang='lat' dir='ltr'><strong>l0.</strong></span> 
     </span>
    </p>
   </div>
   <div class='ocr_carea' id='block_1_93' title="bbox 1916 4579 3504 4650">
    <p class='ocr_par' dir='ltr' id='par_1_93' title="bbox 1916 4579 3504 4650">
     <span class='ocr_line' id='line_1_93' title="bbox 1916 4579 3504 4650; baseline 0.002 -15"><span class='ocrx_word' id='word_1_676' title='bbox 1916 4580 2037 4635; x_wconf 91' lang='lat' dir='ltr'><strong>ciba</strong></span> <span class='ocrx_word' id='word_1_677' title='bbox 2067 4595 2229 4647; x_wconf 88' lang='lat' dir='ltr'><strong>eum;</strong></span> <span class='ocrx_word' id='word_1_678' title='bbox 2260 4580 2305 4635; x_wconf 87' lang='lat' dir='ltr'><strong>si</strong></span> <span class='ocrx_word' id='word_1_679' title='bbox 2337 4579 2557 4645; x_wconf 88' lang='lat' dir='ltr'><strong>sitierit,</strong></span> <span class='ocrx_word' id='word_1_680' title='bbox 2604 4590 2786 4649; x_wconf 90' lang='lat' dir='ltr'><strong>potum</strong></span> <span class='ocrx_word' id='word_1_681' title='bbox 2828 4581 2902 4635; x_wconf 92' lang='lat' dir='ltr'><strong>illi</strong></span> <span class='ocrx_word' id='word_1_682' title='bbox 2950 4581 3158 4650; x_wconf 82' lang='lat' dir='ltr'><strong>praebe;</strong></span> <span class='ocrx_word' id='word_1_683' title='bbox 3202 4599 3221 4632; x_wconf 78' lang='grc' dir='ltr'><strong>ι</strong></span> <span class='ocrx_word' id='word_1_684' title='bbox 3269 4597 3375 4637; x_wconf 92' lang='lat' dir='ltr'><strong>non</strong></span> <span class='ocrx_word' id='word_1_685' title='bbox 3420 4594 3504 4638; x_wconf 88' lang='lat' dir='ltr'><strong>est</strong></span> 
     </span>
    </p>
   </div>
   <div class='ocr_carea' id='block_1_94' title="bbox 1919 4670 3501 4743">
    <p class='ocr_par' dir='ltr' id='par_1_94' title="bbox 1919 4670 3501 4743">
     <span class='ocr_line' id='line_1_94' title="bbox 1919 4670 3501 4743; baseline 0.001 -18"><span class='ocrx_word' id='word_1_686' title='bbox 1919 4672 2057 4727; x_wconf 89' lang='lat' dir='ltr'><strong>adeo</strong></span> <span class='ocrx_word' id='word_1_687' title='bbox 2088 4686 2175 4726; x_wconf 87' lang='lat' dir='ltr'><strong>res</strong></span> <span class='ocrx_word' id='word_1_688' title='bbox 2198 4670 2456 4740; x_wconf 65' lang='lat' dir='ltr'><strong>prmclara</strong></span> <span class='ocrx_word' id='word_1_689' title='bbox 2479 4681 2535 4726; x_wconf 89' lang='lat' dir='ltr'><strong>et</strong></span> <span class='ocrx_word' id='word_1_690' title='bbox 2554 4672 2776 4737; x_wconf 82' lang='lat' dir='ltr'><strong>eximia,</strong></span> <span class='ocrx_word' id='word_1_691' title='bbox 2814 4672 2906 4728; x_wconf 86' lang='lat' dir='ltr'><strong>sed</strong></span> <span class='ocrx_word' id='word_1_692' title='bbox 2925 4673 3214 4742; x_wconf 84' lang='lat' dir='ltr'><strong>ejusmodi,</strong></span> <span class='ocrx_word' id='word_1_693' title='bbox 3243 4689 3362 4743; x_wconf 66' lang='lat' dir='ltr'><strong>quae</strong></span> <span class='ocrx_word' id='word_1_694' title='bbox 3383 4690 3501 4728; x_wconf 90' lang='lat' dir='ltr'><strong>ma-</strong></span> 
     </span>
    </p>
   </div>
   <div class='ocr_carea' id='block_1_95' title="bbox 1923 4763 3505 4834">
    <p class='ocr_par' dir='ltr' id='par_1_95' title="bbox 1923 4763 3505 4834">
     <span class='ocr_line' id='line_1_95' title="bbox 1923 4763 3505 4834; baseline 0.003 -16"><span class='ocrx_word' id='word_1_695' title='bbox 1923 4764 2006 4833; x_wconf 87' lang='lat' dir='ltr'><strong>gis</strong></span> <span class='ocrx_word' id='word_1_696' title='bbox 2040 4763 2275 4834; x_wconf 86' lang='lat' dir='ltr'><strong>optanda</strong></span> <span class='ocrx_word' id='word_1_697' title='bbox 2311 4764 2404 4832; x_wconf 86' lang='lat' dir='ltr'><strong>sit,</strong></span> <span class='ocrx_word' id='word_1_698' title='bbox 2441 4773 2499 4819; x_wconf 91' lang='lat' dir='ltr'><strong>ut</strong></span> <span class='ocrx_word' id='word_1_699' title='bbox 2531 4765 2829 4834; x_wconf 87' lang='lat' dir='ltr'><strong>contingat.</strong></span> <span class='ocrx_word' id='word_1_700' title='bbox 2857 4763 2992 4818; x_wconf 85' lang='lat' dir='ltr'><strong>Nam</strong></span> <span class='ocrx_word' id='word_1_701' title='bbox 3021 4779 3142 4820; x_wconf 91' lang='lat' dir='ltr'><strong>cum</strong></span> <span class='ocrx_word' id='word_1_702' title='bbox 3175 4765 3267 4821; x_wconf 86' lang='lat' dir='ltr'><strong>ille</strong></span> <span class='ocrx_word' id='word_1_703' title='bbox 3293 4766 3347 4821; x_wconf 89' lang='lat' dir='ltr'><strong>in</strong></span> <span class='ocrx_word' id='word_1_704' title='bbox 3386 4776 3505 4823; x_wconf 82' lang='lat' dir='ltr'><strong>tan-</strong></span> 
     </span>
    </p>
   </div>
   <div class='ocr_carea' id='block_1_96' title="bbox 1294 4917 2286 4990">
    <p class='ocr_par' dir='ltr' id='par_1_96' title="bbox 1294 4917 2286 4990">
     <span class='ocr_line' id='line_1_96' title="bbox 1294 4917 2286 4990; baseline -0.003 -14"><span class='ocrx_word' id='word_1_705' title='bbox 1294 4924 1338 4955; x_wconf 86' lang='lat'><em>&quot;</em></span> <span class='ocrx_word' id='word_1_706' title='bbox 1369 4922 1529 4976; x_wconf 85' lang='lat' dir='ltr'><strong>Prov.</strong></span> <span class='ocrx_word' id='word_1_707' title='bbox 1564 4937 1694 4987; x_wconf 74' lang='lat' dir='ltr'><strong>xxv,</strong></span> <span class='ocrx_word' id='word_1_708' title='bbox 1721 4918 1783 4972; x_wconf 75' lang='lat' dir='ltr'><strong>2i</strong></span> <span class='ocrx_word' id='word_1_709' title='bbox 1816 4934 1831 4985; x_wconf 90' lang='lat'><strong>;</strong></span> <span class='ocrx_word' id='word_1_710' title='bbox 1861 4917 2032 4990; x_wconf 33' lang='lat' dir='ltr'><strong>.Rom.</strong></span> <span class='ocrx_word' id='word_1_711' title='bbox 2066 4938 2163 4988; x_wconf 84' lang='lat' dir='ltr'><strong>xu,</strong></span> <span class='ocrx_word' id='word_1_712' title='bbox 2193 4920 2286 4975; x_wconf 73' lang='grc'><strong>20.</strong></span> 
     </span>
    </p>
   </div>
   <div class='ocr_carea' id='block_1_97' title="bbox 1338 5073 2400 5133">
    <p class='ocr_par' dir='ltr' id='par_1_97' title="bbox 1338 5073 2400 5133">
     <span class='ocr_line' id='line_1_97' title="bbox 1338 5073 2400 5133; baseline 0.001 -2"><span class='ocrx_word' id='word_1_713' title='bbox 1338 5075 1577 5132; x_wconf 68' lang='lat' dir='ltr'><strong>VABIAE</strong></span> <span class='ocrx_word' id='word_1_714' title='bbox 1616 5073 2001 5131; x_wconf 77' lang='lat' dir='ltr'><strong>LECTIONES</strong></span> <span class='ocrx_word' id='word_1_715' title='bbox 2043 5074 2130 5129; x_wconf 84' lang='lat' dir='ltr'><strong>ET</strong></span> <span class='ocrx_word' id='word_1_716' title='bbox 2168 5075 2400 5133; x_wconf 73' lang='lat' dir='ltr'><strong>NOT/E.</strong></span> 
     </span>
    </p>
   </div>
   <div class='ocr_carea' id='block_1_98' title="bbox 285 5229 3505 5316">
    <p class='ocr_par' dir='ltr' id='par_1_98' title="bbox 285 5229 3505 5316">
     <span class='ocr_line' id='line_1_98' title="bbox 285 5229 3505 5316; baseline -0.003 -18"><span class='ocrx_word' id='word_1_717' title='bbox 285 5242 405 5316; x_wconf 82' lang='grc'>(50)</span> <span class='ocrx_word' id='word_1_718' title='bbox 474 5241 559 5308; x_wconf 85' lang='grc' dir='ltr'><strong>Τῷ</strong></span> <span class='ocrx_word' id='word_1_719' title='bbox 600 5239 848 5316; x_wconf 38' lang='grc' dir='ltr'><strong>Δανιὴλ-</strong></span> <span class='ocrx_word' id='word_1_720' title='bbox 880 5235 1431 5316; x_wconf 44' lang='grc' dir='ltr'>παρεκελεύσαντο.</span> <span class='ocrx_word' id='word_1_721' title='bbox 1487 5230 1545 5286; x_wconf 90' lang='lat' dir='ltr'><strong>lu</strong></span> <span class='ocrx_word' id='word_1_722' title='bbox 1600 5230 1815 5316; x_wconf 66' lang='lat' dir='ltr'><strong>cantico</strong></span> <span class='ocrx_word' id='word_1_723' title='bbox 1915 5229 2007 5316; x_wconf 57' lang='grc' dir='ltr'><strong>τὸν</strong></span> <span class='ocrx_word' id='word_1_724' title='bbox 2039 5230 2245 5316; x_wconf 59' lang='grc' dir='ltr'>κιξρμον</span> <span class='ocrx_word' id='word_1_725' title='bbox 2267 5231 2455 5286; x_wconf 89' lang='grc' dir='ltr'>τοῦτον</span> <span class='ocrx_word' id='word_1_726' title='bbox 2476 5233 2665 5289; x_wconf 87' lang='grc' dir='ltr'>καλεῖν</span> <span class='ocrx_word' id='word_1_727' title='bbox 2692 5235 2724 5306; x_wconf 88' lang='grc' dir='ltr'>ή</span> <span class='ocrx_word' id='word_1_728' title='bbox 2758 5234 2945 5308; x_wconf 78' lang='grc' dir='ltr'>Γραφὴ</span> <span class='ocrx_word' id='word_1_729' title='bbox 2968 5233 3066 5299; x_wconf 80' lang='grc' dir='ltr'>τὰς</span> <span class='ocrx_word' id='word_1_730' title='bbox 3097 5236 3341 5306; x_wconf 74' lang='grc' dir='ltr'>πονηρὰς</span> <span class='ocrx_word' id='word_1_731' title='bbox 3364 5235 3505 5308; x_wconf 73' lang='grc' dir='ltr'>πράι</span> 
     </span>
    </p>
   </div>
   <div class='ocr_carea' id='block_1_99' title="bbox 216 5300 1806 5384">
    <p class='ocr_par' dir='ltr' id='par_1_99' title="bbox 216 5300 1806 5384">
     <span class='ocr_line' id='line_1_99' title="bbox 216 5300 1806 5384; baseline -0.009 -16"><span class='ocrx_word' id='word_1_732' title='bbox 216 5300 725 5384; x_wconf 63' lang='grc' dir='ltr'>ιιὶἰιιιίριιεὲοτιιιιι,</span> <span class='ocrx_word' id='word_1_733' title='bbox 751 5300 849 5384; x_wconf 78' lang='lat' dir='ltr'><strong>qui</strong></span> <span class='ocrx_word' id='word_1_734' title='bbox 870 5300 1164 5384; x_wconf 60' lang='lat' dir='ltr'><strong>vocantur,</strong></span> <span class='ocrx_word' id='word_1_735' title='bbox 1194 5304 1428 5359; x_wconf 85' lang='lat' dir='ltr'><strong>Danielis</strong></span> <span class='ocrx_word' id='word_1_736' title='bbox 1455 5316 1587 5384; x_wconf 35' lang='lat' dir='ltr'><strong>cap;</strong></span> <span class='ocrx_word' id='word_1_737' title='bbox 1612 5316 1690 5365; x_wconf 89' lang='lat' dir='ltr'><strong>tu,</strong></span> <span class='ocrx_word' id='word_1_738' title='bbox 1721 5300 1806 5383; x_wconf 82' lang='lat' dir='ltr'><strong>hic</strong></span> 
     </span>
    </p>
   </div>
   <div class='ocr_carea' id='block_1_100' title="bbox 215 5371 1807 5453">
    <p class='ocr_par' dir='ltr' id='par_1_100' title="bbox 215 5371 1807 5453">
     <span class='ocr_line' id='line_1_100' title="bbox 215 5371 1807 5453; baseline -0.008 -16"><span class='ocrx_word' id='word_1_739' title='bbox 215 5387 369 5439; x_wconf 86' lang='lat' dir='ltr'><strong>locus</strong></span> <span class='ocrx_word' id='word_1_740' title='bbox 400 5371 561 5453; x_wconf 77' lang='lat' dir='ltr'><strong>quem</strong></span> <span class='ocrx_word' id='word_1_741' title='bbox 610 5371 819 5446; x_wconf 71' lang='lat' dir='ltr'><strong>innuit,</strong></span> <span class='ocrx_word' id='word_1_742' title='bbox 853 5381 1026 5453; x_wconf 87' lang='lat' dir='ltr'><strong>_hodie</strong></span> <span class='ocrx_word' id='word_1_743' title='bbox 1059 5394 1165 5433; x_wconf 89' lang='lat' dir='ltr'><strong>non</strong></span> <span class='ocrx_word' id='word_1_744' title='bbox 1205 5383 1382 5430; x_wconf 85' lang='lat' dir='ltr'><strong>exstat</strong></span> <span class='ocrx_word' id='word_1_745' title='bbox 1411 5391 1427 5430; x_wconf 92' lang='lat'><strong>:</strong></span> <span class='ocrx_word' id='word_1_746' title='bbox 1477 5371 1624 5427; x_wconf 87' lang='lat' dir='ltr'><strong>nulla</strong></span> <span class='ocrx_word' id='word_1_747' title='bbox 1660 5371 1807 5425; x_wconf 91' lang='lat' dir='ltr'><strong>enim</strong></span> 
     </span>
    </p>
   </div>
   <div class='ocr_carea' id='block_1_101' title="bbox 212 5450 1016 5512">
    <p class='ocr_par' dir='ltr' id='par_1_101' title="bbox 212 5450 1016 5512">
     <span class='ocr_line' id='line_1_101' title="bbox 212 5450 1016 5512; baseline -0.012 -2"><span class='ocrx_word' id='word_1_748' title='bbox 212 5456 289 5510; x_wconf 85' lang='lat' dir='ltr'><strong>ibi</strong></span> <span class='ocrx_word' id='word_1_749' title='bbox 320 5450 563 5508; x_wconf 80' lang='lat' dir='ltr'><strong>Danielis</strong></span> <span class='ocrx_word' id='word_1_750' title='bbox 595 5453 821 5512; x_wconf 89' lang='lat' dir='ltr'><strong>mentio,</strong></span> <span class='ocrx_word' id='word_1_751' title='bbox 853 5450 1016 5504; x_wconf 79' lang='lat' dir='ltr'><strong>Rt&#39;n‘.</strong></span> 
     </span>
    </p>
   </div>
   <div class='ocr_carea' id='block_1_102' title="bbox 283 5515 1474 5595">
    <p class='ocr_par' dir='ltr' id='par_1_102' title="bbox 283 5515 1474 5595">
     <span class='ocr_line' id='line_1_102' title="bbox 283 5515 1474 5595; baseline -0.008 -16"><span class='ocrx_word' id='word_1_752' title='bbox 283 5523 403 5595; x_wconf 76' lang='grc'>(51)</span> <span class='ocrx_word' id='word_1_753' title='bbox 432 5523 569 5595; x_wconf 63' lang='grc' dir='ltr'>βοά.</span> <span class='ocrx_word' id='word_1_754' title='bbox 599 5522 773 5595; x_wconf 56' lang='lat' dir='ltr'><strong>Yatic.</strong></span> <span class='ocrx_word' id='word_1_755' title='bbox 804 5518 907 5573; x_wconf 78' lang='lat'><strong>650</strong></span> <span class='ocrx_word' id='word_1_756' title='bbox 936 5517 1236 5595; x_wconf 53' lang='lat' dir='ltr'><strong>ornittiﬁjct.</strong></span> <span class='ocrx_word' id='word_1_757' title='bbox 1262 5515 1474 5595; x_wconf 65' lang='lat' dir='ltr'><strong>Possm.</strong></span> 
     </span>
    </p>
   </div>
   <div class='ocr_carea' id='block_1_103' title="bbox 285 5580 1802 5665">
    <p class='ocr_par' dir='ltr' id='par_1_103' title="bbox 285 5580 1802 5665">
     <span class='ocr_line' id='line_1_103' title="bbox 285 5580 1802 5665; baseline -0.011 -16"><span class='ocrx_word' id='word_1_758' title='bbox 285 5580 406 5665; x_wconf 71' lang='grc'>(52)</span> <span class='ocrx_word' id='word_1_759' title='bbox 432 5592 578 5665; x_wconf 81' lang='lat' dir='ltr'><strong>Inter</strong></span> <span class='ocrx_word' id='word_1_760' title='bbox 600 5592 754 5665; x_wconf 61' lang='lat' dir='ltr'><strong>6§_et_</strong></span> <span class='ocrx_word' id='word_1_761' title='bbox 762 5588 1096 5665; x_wconf 69' lang='grc' dir='ltr'>πικροτέραν</span> <span class='ocrx_word' id='word_1_762' title='bbox 1121 5589 1265 5665; x_wconf 81' lang='lat' dir='ltr'><strong>idem</strong></span> <span class='ocrx_word' id='word_1_763' title='bbox 1290 5585 1412 5665; x_wconf 60' lang='lat' dir='ltr'><strong>cod:</strong></span> <span class='ocrx_word' id='word_1_764' title='bbox 1436 5582 1665 5665; x_wconf 64' lang='lat' dir='ltr'><strong>inserit,</strong></span> <span class='ocrx_word' id='word_1_765' title='bbox 1689 5580 1802 5662; x_wconf 71' lang='grc' dir='ltr'>δει-</span> 
     </span>
    </p>
   </div>
   <div class='ocr_carea' id='block_1_104' title="bbox 211 5653 1804 5857">
    <p class='ocr_par' dir='ltr' id='par_1_104' title="bbox 211 5653 1804 5857">
     <span class='ocr_line' id='line_1_104' title="bbox 211 5653 1804 5747; baseline -0.008 -30"><span class='ocrx_word' id='word_1_766' title='bbox 211 5653 446 5747; x_wconf 66' lang='grc' dir='ltr'>νοτέραν</span> <span class='ocrx_word' id='word_1_767' title='bbox 474 5663 585 5744; x_wconf 43' lang='grc' dir='ltr'>καί..</span> <span class='ocrx_word' id='word_1_768' title='bbox 622 5653 885 5715; x_wconf 69' lang='lat' dir='ltr'><strong>Similiter</strong></span> <span class='ocrx_word' id='word_1_769' title='bbox 910 5653 1033 5715; x_wconf 41' lang='lat' dir='ltr'><strong>ver-8</strong></span> <span class='ocrx_word' id='word_1_770' title='bbox 1062 5658 1095 5713; x_wconf 84' lang='lat'><strong>5</strong></span> <span class='ocrx_word' id='word_1_771' title='bbox 1123 5659 1263 5713; x_wconf 89' lang='lat' dir='ltr'><strong>inter</strong></span> <span class='ocrx_word' id='word_1_772' title='bbox 1292 5655 1464 5709; x_wconf 85' lang='grc' dir='ltr'>πολλά</span> <span class='ocrx_word' id='word_1_773' title='bbox 1487 5664 1543 5710; x_wconf 91' lang='grc' dir='ltr'><strong>ει</strong></span> <span class='ocrx_word' id='word_1_774' title='bbox 1563 5653 1804 5707; x_wconf 86' lang='grc' dir='ltr'>λαλοῦσα</span> 
     </span>
     <span class='ocr_line' id='line_1_105' title="bbox 215 5731 1797 5857; baseline -0.008 0"><span class='ocrx_word' id='word_1_775' title='bbox 215 5731 961 5857; x_wconf 50' lang='grc' dir='ltr'>ωῗὲἒῖηὲἓῗιίεῗρὲίιξεεοει.</span> <span class='ocrx_word' id='word_1_776' title='bbox 992 5797 1179 5856; x_wconf 89' lang='lat' dir='ltr'><strong>homil.</strong></span> <span class='ocrx_word' id='word_1_777' title='bbox 1211 5796 1303 5857; x_wconf 75' lang='lat'><strong>2‘2,</strong></span> <span class='ocrx_word' id='word_1_778' title='bbox 1334 5796 1403 5855; x_wconf 89' lang='lat' dir='ltr'><strong>ad</strong></span> <span class='ocrx_word' id='word_1_779' title='bbox 1430 5795 1629 5857; x_wconf 79' lang='lat' dir='ltr'><strong>Epltes.</strong></span> <span class='ocrx_word' id='word_1_780' title='bbox 1674 5787 1797 5849; x_wconf 74' lang='grc' dir='ltr'>Οίδε</span> 
     </span>
    </p>
   </div>
   <div class='ocr_carea' id='block_1_105' title="bbox 215 5743 848 5789">
    <p class='ocr_par' dir='ltr' id='par_1_105' title="bbox 215 5743 848 5789">
     <span class='ocr_line' id='line_1_106' title="bbox 215 5743 848 5789; baseline -0.009 0"><span class='ocrx_word' id='word_1_781' title='bbox 215 5743 362 5789; x_wconf 89' lang='lat' dir='ltr'><strong>idem</strong></span> <span class='ocrx_word' id='word_1_782' title='bbox 391 5743 605 5788; x_wconf 83' lang='lat' dir='ltr'><strong>intindit</strong></span> <span class='ocrx_word' id='word_1_783' title='bbox 623 5743 748 5789; x_wconf 71' lang='grc' dir='ltr'>δρᾶ.</span> <span class='ocrx_word' id='word_1_784' title='bbox 774 5743 848 5784; x_wconf 82' lang='lat' dir='ltr'><strong>In.</strong></span> 
     </span>
    </p>
   </div>
   <div class='ocr_carea' id='block_1_106' title="bbox 288 5787 1797 5875">
    <p class='ocr_par' dir='ltr' id='par_1_106' title="bbox 288 5787 1797 5875">
     <span class='ocr_line' id='line_1_107' title="bbox 288 5787 1797 5875; baseline -0.009 -17"><span class='ocrx_word' id='word_1_785' title='bbox 288 5787 411 5875; x_wconf 77' lang='grc'>(55)</span> <span class='ocrx_word' id='word_1_786' title='bbox 452 5787 961 5873; x_wconf 65' lang='grc' dir='ltr'>(ὶοιιῐει-ἰἶιιι-γεοει.</span> <span class='ocrx_word' id='word_1_787' title='bbox 992 5797 1179 5856; x_wconf 89' lang='lat' dir='ltr'><strong>homil.</strong></span> <span class='ocrx_word' id='word_1_788' title='bbox 1211 5796 1303 5866; x_wconf 75' lang='lat'><strong>2‘2,</strong></span> <span class='ocrx_word' id='word_1_789' title='bbox 1334 5796 1403 5855; x_wconf 89' lang='lat' dir='ltr'><strong>ad</strong></span> <span class='ocrx_word' id='word_1_790' title='bbox 1430 5795 1629 5867; x_wconf 85' lang='lat' dir='ltr'><strong>Ephes.</strong></span> <span class='ocrx_word' id='word_1_791' title='bbox 1674 5787 1797 5849; x_wconf 74' lang='grc' dir='ltr'>Οίδε</span> 
     </span>
    </p>
   </div>
   <div class='ocr_carea' id='block_1_107' title="bbox 1924 5298 2253 5365">
    <p class='ocr_par' dir='ltr' id='par_1_107' title="bbox 1924 5298 2253 5365">
     <span class='ocr_line' id='line_1_108' title="bbox 1924 5298 2253 5365; baseline 0.006 -14"><span class='ocrx_word' id='word_1_792' title='bbox 1924 5298 2054 5365; x_wconf 80' lang='grc' dir='ltr'>ξεις.</span> <span class='ocrx_word' id='word_1_793' title='bbox 2086 5298 2253 5354; x_wconf 74' lang='lat' dir='ltr'><strong>Rt&#39;r&#39;r.</strong></span> 
     </span>
    </p>
   </div>
   <div class='ocr_carea' id='block_1_108' title="bbox 1986 5368 3497 5446">
    <p class='ocr_par' dir='ltr' id='par_1_108' title="bbox 1986 5368 3497 5446">
     <span class='ocr_line' id='line_1_109' title="bbox 1986 5368 3497 5446; baseline 0.003 -23"><span class='ocrx_word' id='word_1_794' title='bbox 1986 5370 2095 5446; x_wconf 57' lang='grc'>(54)</span> <span class='ocrx_word' id='word_1_795' title='bbox 2119 5368 2270 5446; x_wconf 61' lang='grc' dir='ltr'><strong>ΔΝοιιΔ</strong></span> <span class='ocrx_word' id='word_1_796' title='bbox 2294 5370 2599 5446; x_wconf 80' lang='lat' dir='ltr'><strong>Theodoro</strong></span> <span class='ocrx_word' id='word_1_797' title='bbox 2615 5375 2706 5446; x_wconf 82' lang='lat' dir='ltr'><strong>sed</strong></span> <span class='ocrx_word' id='word_1_798' title='bbox 2744 5374 3108 5446; x_wconf 15' lang='lat' dir='ltr'><strong>&#39;Asajl‘ai‘l‘tzw,</strong></span> <span class='ocrx_word' id='word_1_799' title='bbox 3136 5374 3497 5446; x_wconf 70' lang='lat' dir='ltr'><strong>Adamantio.</strong></span> 
     </span>
    </p>
   </div>
   <div class='ocr_carea' id='block_1_109' title="bbox 1910 5440 3507 5512">
    <p class='ocr_par' dir='ltr' id='par_1_109' title="bbox 1910 5440 3507 5512">
     <span class='ocr_line' id='line_1_110' title="bbox 1910 5440 3507 5512; baseline 0.003 -17"><span class='ocrx_word' id='word_1_800' title='bbox 1910 5440 2225 5512; x_wconf 85' lang='lat' dir='ltr'><strong>inscribitur</strong></span> <span class='ocrx_word' id='word_1_801' title='bbox 2259 5442 2373 5495; x_wconf 65' lang='lat' dir='ltr'><strong>haec</strong></span> <span class='ocrx_word' id='word_1_802' title='bbox 2407 5442 2633 5512; x_wconf 90' lang='lat' dir='ltr'><strong>epistola</strong></span> <span class='ocrx_word' id='word_1_803' title='bbox 2670 5444 2719 5495; x_wconf 91' lang='lat' dir='ltr'><strong>in</strong></span> <span class='ocrx_word' id='word_1_804' title='bbox 2753 5440 2889 5498; x_wconf 57' lang='lat' dir='ltr'><strong>cod.&#39;</strong></span> <span class='ocrx_word' id='word_1_805' title='bbox 2912 5440 3082 5499; x_wconf 49' lang='lat' dir='ltr'><strong>Vatic‘.</strong></span> <span class='ocrx_word' id='word_1_806' title='bbox 3122 5444 3248 5508; x_wconf 81' lang='grc'><strong>650,</strong></span> <span class='ocrx_word' id='word_1_807' title='bbox 3281 5460 3424 5499; x_wconf 86' lang='lat' dir='ltr'><strong>vers.</strong></span> <span class='ocrx_word' id='word_1_808' title='bbox 3470 5447 3507 5498; x_wconf 78' lang='grc'><strong>2</strong></span> 
     </span>
    </p>
   </div>
   <div class='ocr_carea' id='block_1_110' title="bbox 1913 5511 3506 5583">
    <p class='ocr_par' dir='ltr' id='par_1_110' title="bbox 1913 5511 3506 5583">
     <span class='ocr_line' id='line_1_111' title="bbox 1913 5511 3506 5583; baseline 0.003 -18"><span class='ocrx_word' id='word_1_809' title='bbox 1913 5525 2000 5578; x_wconf 84' lang='grc' dir='ltr'>ερ.</span> <span class='ocrx_word' id='word_1_810' title='bbox 2046 5511 2190 5578; x_wconf 87' lang='lat' dir='ltr'><strong>quod</strong></span> <span class='ocrx_word' id='word_1_811' title='bbox 2228 5520 2312 5583; x_wconf 83' lang='lat' dir='ltr'><strong>est</strong></span> <span class='ocrx_word' id='word_1_812' title='bbox 2350 5512 2402 5565; x_wconf 94' lang='lat' dir='ltr'><strong>in</strong></span> <span class='ocrx_word' id='word_1_813' title='bbox 2434 5511 2580 5568; x_wconf 87' lang='lat' dir='ltr'><strong>edito</strong></span> <span class='ocrx_word' id='word_1_814' title='bbox 2601 5554 2615 5573; x_wconf 87' lang='lat'><strong>,</strong></span> <span class='ocrx_word' id='word_1_815' title='bbox 2642 5513 2766 5583; x_wconf 81' lang='grc' dir='ltr'>τῆς,</span> <span class='ocrx_word' id='word_1_816' title='bbox 2799 5517 2952 5569; x_wconf 83' lang='lat' dir='ltr'><strong>abest</strong></span> <span class='ocrx_word' id='word_1_817' title='bbox 2983 5530 3012 5568; x_wconf 91' lang='lat' dir='ltr'><strong>a</strong></span> <span class='ocrx_word' id='word_1_818' title='bbox 3051 5517 3255 5570; x_wconf 87' lang='lat' dir='ltr'><strong>codice.</strong></span> <span class='ocrx_word' id='word_1_819' title='bbox 3283 5530 3425 5571; x_wconf 88' lang='lat' dir='ltr'><strong>vers.</strong></span> <span class='ocrx_word' id='word_1_820' title='bbox 3470 5516 3506 5570; x_wconf 81' lang='grc'><strong>5</strong></span> 
     </span>
    </p>
   </div>
   <div class='ocr_carea' id='block_1_111' title="bbox 1913 5582 3033 5653">
    <p class='ocr_par' dir='ltr' id='par_1_111' title="bbox 1913 5582 3033 5653">
     <span class='ocr_line' id='line_1_112' title="bbox 1913 5582 3033 5653; baseline 0.003 -17"><span class='ocrx_word' id='word_1_821' title='bbox 1913 5583 2202 5653; x_wconf 39' lang='lat' dir='ltr'><strong>postea?)</strong></span> <span class='ocrx_word' id='word_1_822' title='bbox 2239 5582 2379 5653; x_wconf 82' lang='lat' dir='ltr'><strong>idem</strong></span> <span class='ocrx_word' id='word_1_823' title='bbox 2408 5583 2559 5653; x_wconf 81' lang='lat' dir='ltr'><strong>addit</strong></span> <span class='ocrx_word' id='word_1_824' title='bbox 2586 5582 2787 5653; x_wconf 79' lang='grc' dir='ltr'>πολλῷ.</span> <span class='ocrx_word' id='word_1_825' title='bbox 2820 5584 3033 5639; x_wconf 75' lang='lat' dir='ltr'><strong>Possm.</strong></span> 
     </span>
    </p>
   </div>
   <div class='ocr_carea' id='block_1_112' title="bbox 1983 5649 3504 5731">
    <p class='ocr_par' dir='ltr' id='par_1_112' title="bbox 1983 5649 3504 5731">
     <span class='ocr_line' id='line_1_113' title="bbox 1983 5649 3504 5731; baseline 0.005 -26"><span class='ocrx_word' id='word_1_826' title='bbox 1983 5651 2094 5731; x_wconf 84' lang='lat'><strong>(5_5)</strong></span> <span class='ocrx_word' id='word_1_827' title='bbox 2121 5649 2390 5731; x_wconf 33' lang='grc' dir='ltr'>Ηαίεμώς.</span> <span class='ocrx_word' id='word_1_828' title='bbox 2390 5651 2500 5703; x_wconf 82' lang='grc' dir='ltr'><strong>τῶν</strong></span> <span class='ocrx_word' id='word_1_829' title='bbox 2522 5649 2838 5724; x_wconf 74' lang='grc' dir='ltr'>ἀναγκαίων</span> <span class='ocrx_word' id='word_1_830' title='bbox 2868 5657 3190 5726; x_wconf 86' lang='lat' dir='ltr'><strong>supplentur</strong></span> <span class='ocrx_word' id='word_1_831' title='bbox 3217 5671 3285 5713; x_wconf 78' lang='lat' dir='ltr'><strong>ex</strong></span> <span class='ocrx_word' id='word_1_832' title='bbox 3312 5657 3504 5714; x_wconf 82' lang='lat' dir='ltr'><strong>codice</strong></span> 
     </span>
    </p>
   </div>
   <div class='ocr_carea' id='block_1_113' title="bbox 1911 5719 2511 5779">
    <p class='ocr_par' dir='ltr' id='par_1_113' title="bbox 1911 5719 2511 5779">
     <span class='ocr_line' id='line_1_114' title="bbox 1911 5719 2511 5779; baseline 0.002 -3"><span class='ocrx_word' id='word_1_833' title='bbox 1911 5719 2174 5779; x_wconf 75' lang='lat' dir='ltr'><strong>Vaticano</strong></span> <span class='ocrx_word' id='word_1_834' title='bbox 2193 5721 2317 5779; x_wconf 82' lang='grc'>650.</span> <span class='ocrx_word' id='word_1_835' title='bbox 2350 5722 2511 5778; x_wconf 82' lang='grc' dir='ltr'>Εωτ.</span> 
     </span>
    </p>
   </div>
  </div>
