3886 6420
373 347 510 412 1059

1575 353 1634 411 S.
1676 353 1971 412 ISIDORI
2011 351 2454 411 PEI.USIOTZF.

3521 353 3659 417 1060

373 479 482 521 tam
515 465 703 520 incidit
731 463 1009 535 penuriam
1031 473 1088 516 ut
1112 464 1177 519 ad
1209 465 1370 518 vitam
1398 469 1721 520 necessariis
1745 480 1948 531 careat,

2063 485 2143 521 ναι
2183 470 2278 521 καὶ
2307 470 2458 538 παρὰ
2487 467 2580 520 τοῦ
2626 467 2822 540 ἐχθροῦ
2855 469 3172 541 ἐλεηθῆναι,
3219 472 3404 541 πάσης
3439 488 3661 542 συμφος-

369 559 499 614 etei
531 574 665 627 opus
700 558 772 611 sit
800 557 963 610 etiam
992 557 1193 611 initnici
1220 557 1715 622 eonuuiseratione,
1751 559 1801 612 id
1826 574 1953 610 vero

371 651 562 713 quavis
595 649 844 718 equidem
889 648 1200 702 calamitate
1227 659 1279 701 et
1306 649 1496 717 quovis
1519 648 1654 703 adeo
1690 649 1953 717 supplicio

370 744 622 796 acerbius
659 754 713 795 et
753 743 971 808 gravius
1010 757 1129 795 esse
1172 743 1280 795 aio.
1324 743 1499 809 Atque
1528 742 1602 794 ita
1639 742 1824 810 vulgus
1856 743 1954 794 ho.

371 835 576 885 tuinqu
620 833 721 885 sibi
763 832 813 883 id
850 847 1165 900 persuasmn
1206 832 1387 896 habet,
1417 847 1540 885 cum
1571 832 1700 885 dicit
1731 847 1744 884 :
1776 831 1850 885 Ne
1888 848 1952 884 eo

370 925 602 991 redigar,
626 935 682 976 ut
712 925 778 976 ab
810 923 1043 978 inimicis
1077 924 1208 977 meis
1234 939 1400 990 cogar
1437 923 1632 992 stipem
1677 924 1949 993 accipere.

372 1014 523 1079 Quod
549 1018 591 1068 si
630 1015 792 1079 igitur
819 1014 869 1067 id
903 1015 1043 1082 quod
1084 1015 1283 1067 dictum
1319 1025 1422 1078 est,
1471 1013 1730 1080 ejusmodi
1760 1024 1863 1078 est,
1897 1027 1954 1067 ut

374 1107 693 1159 facientibus
728 1106 939 1171 quidem
973 1107 1229 1173 optabile,
1274 1107 1339 1160 iis
1367 1122 1496 1160 vero
1539 1108 1628 1175 qui
1678 1108 1954 1176 patiuntur

371 1197 618 1266 supplicii
657 1197 772 1250 loco
809 1198 915 1250 sit:
948 1198 1072 1264 quid
1111 1208 1193 1249 est
1233 1198 1374 1260 quod
1417 1198 1662 1252 mireris?
1697 1199 1950 1260 maxime,

369 1305 492 1341 cum
527 1303 624 1343 nec
660 1287 885 1354 simplex
921 1287 992 1340 sit
1026 1287 1368 1350 beneﬁcium,
1400 1288 1492 1340 sed
1535 1288 1708 1356 majus
1739 1304 1952 1357 quoque

369 1377 561 1431 aﬂ'erat
593 1378 936 1446 supplicium.
989 1377 1099 1432 l’loc
1139 1379 1282 1431 enim
1331 1379 1558 1441 faciens,
1605 1379 1799 1446 inquit,
1833 1395 1952 1433 car-

369 1468 543 1522 bones
588 1469 725 1538 ignis
757 1469 1109 1523 eoaeervabis
1139 1484 1300 1537 supra
1329 1481 1487 1538 caput
1526 1472 1663 1539 ejus.
1693 1472 1746 1524 Si
1787 1471 1952 1540 igitur

374 1561 488 1629 ipsa
520 1576 613 1631 per
639 1576 759 1616 sese
791 1576 876 1615 res
913 1562 1160 1630 supplicii
1201 1564 1318 1616 loco
1345 1565 1509 1626 cedit,
1540 1580 1703 1618 causa
1737 1580 1952 1633 quoque

371 1655 442 1706 ob
473 1668 635 1722 quam
676 1654 766 1716 sit,
807 1653 1030 1707 alterius
1070 1670 1241 1723 plena:
1291 1656 1462 1722 gratia
1509 1656 1600 1709 sit.
1638 1655 1770 1709 Nam
1817 1657 1946 1719 illis,

368 1743 463 1810 qni
493 1746 687 1798 dicunt
729 1745 829 1813 (sic
862 1745 1031 1812 accipi
1067 1761 1127 1796 ea
1165 1748 1326 1799 verba
1356 1746 1625 1816 aper-tere)
1664 1747 1949 1802 calefacias

371 1838 541 1903 ipsius
566 1838 863 1906 principem
890 1838 1082 1890 anima:
1106 1847 1335 1906 partem,
1359 1849 1414 1892 et
1441 1838 1641 1893 efﬁcies
1679 1849 1737 1894 ut
1768 1840 1832 1893 ad
1860 1856 1949 1894 so-
1985 1816 2026 1871 Β

369 1927 659 1980 In'ietatem
691 1929 872 1980 redeat
899 1947 913 1982 :
945 1943 1049 1980 non
1077 1937 1161 1982 est
1183 1930 1336 1983 valde
1356 1929 1787 1985 auscultandum.
1813 1931 1944 1984 Nam

371 2017 439 2085 (si
472 2015 575 2070 hoc
604 2018 861 2072 voluisset
904 2017 1153 2088 intelligi)
1195 2034 1300 2072 non
1337 2020 1676 2089 adjunxisset
1706 2022 1946 2075 necessi-

369 2117 536 2160 tatem
575 2107 764 2173 famis;
792 2111 884 2163 sed
907 2112 1101 2178 quovis
1125 2120 1366 2180 tempore
1397 2113 1696 2167 addidisset
1719 2113 1854 2168 bene
1886 2128 1944 2167 se

366 2196 590 2251 habere.
634 2196 749 2252 Non
792 2200 955 2267 igitur
993 2201 1238 2267 equidem
1287 2204 1452 2256 miror
1492 2213 1547 2257 et
1591 2205 1768 2274 magni
1803 2203 1942 2257 facio

367 2305 462 2342 eos
492 2291 582 2358 qui
617 2292 716 2343 hoc
745 2291 974 2355 faciunt,
1006 2292 1098 2345 sed
1133 2292 1250 2346 illos
1273 2291 1472 2361 potius,
1504 2293 1596 2364 qui
1625 2308 1748 2346 eum
1783 2296 1946 2346 rebus

368 2386 625 2440 secundis
648 2385 927 2441 afﬂuentes
949 2387 1165 2441 videant
1186 2388 1435 2442 inimicos
1461 2404 1607 2453 suos,
1635 2399 1812 2442 tamen
1841 2403 1942 2466 non

368 2477 542 2530 solum
595 2493 702 2532 non
757 2477 1106 2544 indignantur
1157 2479 1352 2547 (super
1380 2495 1440 2533 ea
1494 2480 1809 2547 felicitate),
1850 2479 1944 2533 sed

368 2569 535 2622 etiam
571 2568 785 2622 laudant
812 2584 927 2633 eos,
956 2580 1010 2623 et
1035 2586 1134 2640 pro
1175 2573 1308 2640 ipsis
1339 2582 1517 2635 orant,
1551 2572 1603 2625 id
1638 2573 1780 2640 quod
1813 2585 1944 2623 nova

369 2659 692 2730 (Evangelii)
731 2661 1068 2731 philosophia
1113 2663 1433 2734 prmi-ipiens
1470 2664 1545 2717 ait
1596 2681 1608 2717 :
1659 2682 1676 2713 ι
1733 2662 1948 2732 Diligite

376 2750 626 2806 inimicos
667 2761 906 2818 vestros;
945 2754 1250 2810 benefacite
1301 2755 1400 2822 iis,
1432 2756 1521 2825 qui
1561 2757 1789 2809 oderunt
1829 2770 1944 2808 vos.

369 2840 536 2894 Orate
599 2857 698 2910 pro
766 2842 1148 2898 infestantibus
1214 2860 1308 2899 vos
1374 2856 1430 2900 et
1503 2843 1948 2914 persequentibus

2061 559 2160 628 ρᾶς
2198 557 2373 624 ἔγωγε
2417 552 2554 609 εἶναι
2598 558 2852 628 ὁρίζομαι
2898 558 3199 630 βαρύτερον
3228 561 3323 612 καὶ
3351 559 3549 629 πάσης
3583 578 3664 612 τιο

2060 649 2267 718 μωρίας
2322 647 2725 717 χαλεπώτερον.
2782 647 2939 701 Οὕτω
2989 648 3121 716 γοῦν
3169 651 3219 702 οἱ
3275 649 3468 702 πολλοὶ
3511 650 3666 702 τοῦθ’

2056 742 2218 812 ὅρκον
2244 742 2501 810 μέγιστον
2525 741 2866 809 νενομίκασι,
2889 741 3138 808 λέγοντες
3159 758 3173 771 ·
3203 742 3293 813 Μὴ
3317 743 3478 795 λάϐω
3507 743 3668 812 παρὰ.

2057 833 2268 902 ἐχθρῶν
2304 851 2406 902 μου
2434 835 2646 903 ἔρανον.
2682 833 2742 884 Εί
2777 835 2958 886 τοίνυν
2985 837 3097 894 τοῖς
3135 836 3232 905 μὲν
3272 836 3500 888 ποιοῦσι
3534 835 3662 888 κατ’

2058 924 2247 994 εὐχὴν.
2280 927 2392 986 τοῖς
2422 923 2480 976 δὲ
2512 925 2781 992 πάσχουσι
2815 925 2956 976 κατὰ
2998 926 3270 995 τιμωρίαν
3317 925 3541 994 γίνεται
3563 964 3577 984 ,
3611 925 3665 974 τί

2058 1013 2391 1082 θαυμάζειςς
2440 1014 2552 1067 Καὶ
2589 1014 2824 1082 μάλιστα
2848 1055 2862 1077 ,
2895 1015 3023 1068 ὃταν
3075 1015 3209 1086 μηδὲ
3240 1017 3386 1086 ἁπλῆ
3420 1019 3456 1086 ἡ
3502 1015 3665 1084 εύερ-

2057 1107 2217 1172 γεσία
2241 1147 2256 1170 ,
2294 1105 2431 1158 ἀλλὰ
2458 1106 2727 1176 τιμωρίας
2757 1105 3002 1176 μείζονος
3032 1108 3309 1177 ποιητική.
3342 1107 3528 1159 Τοῦτο
3553 1108 3664 1174 γάρ

2056 1198 2248 1263 ποιῶν,
2283 1201 2470 1267 φησὶν,
2512 1198 2798 1268 ἄνθρακας
2847 1199 3018 1269 πυρὸς
3061 1202 3357 1268 σωρεύσεις
3415 1201 3517 1252 ἐπὶ
3561 1200 3664 1269 τὴν

2055 1287 2298 1356 κεφαλὴν
2318 1287 2504 1342 αὑτοῦ.
2533 1289 2595 1340 Εἰ
2622 1289 2803 1340 τοίνυν
2829 1289 2962 1340 αὐτὸ
2985 1288 3110 1340 καθ’
3137 1289 3296 1342 ἑαυτὸ
3317 1290 3382 1342 τὸ
3413 1292 3663 1360 πρᾶγμα

2053 1379 2112 1430 ὲν
2142 1377 2415 1449 τιμωρίας
2453 1379 2660 1446 γίνεται
2692 1379 2879 1450 μέρει,
2921 1379 3075 1450 καὶὴ
3107 1381 3257 1432 αἰτία
3285 1381 3355 1433 δι’
3402 1383 3474 1450 ἢν
3511 1380 3663 1448 γίνε-

2054 1485 2182 1532 ται,
2211 1468 2298 1520 διὰ
2341 1468 2565 1522 κόλασιν
2596 1469 2763 1539 ἄλλην
2792 1471 3022 1537 γίνεται.
3055 1471 3180 1534 Τοῖς
3222 1471 3328 1542 γὰρ
3371 1472 3661 1540 λέγουσιν,

2054 1559 2135 1612 ὃτι
2169 1560 2473 1630 Θερμανεῖς
2517 1561 2682 1614 αὑτοῦ
2723 1561 2785 1614 τὸ
2831 1563 3180 1632 ἡγεμονικὸν,
3221 1564 3314 1616 καὶ
3363 1563 3662 1634 ἀνανῆψαι

2054 1653 2338 1721 ποιήσεις,
2386 1651 2448 1704 οὐ
2493 1653 2636 1706 πάνυ
2669 1653 3018 1723 προσεκτέον.
3069 1650 3144 1707 Ἧ
3184 1655 3292 1725 γὰρ
3332 1655 3409 1709 ἂν
3451 1656 3518 1708 οὑ
3558 1657 3663 1726 τὴν

2053 1740 2300 1811 ἀνάγκην
2321 1742 2417 1794 τοῦ
2451 1742 2611 1813 λιμοῦ
2642 1744 3004 1814 προσέθηκεν,
3035 1745 3150 1798 ἀλλ’
3190 1746 3248 1798 ὲν
3272 1747 3446 1799 παντὶ
3473 1747 3660 1816 καιρῷ

2055 1833 2237 1896 καλῶς
2266 1833 2501 1905 χρῆσθαι
2532 1835 2642 1904 (56)
2672 1836 3028 1907 προσέταξεν.
3063 1839 3138 1891 Ού
3167 1838 3442 1908 θαυμάζω
3478 1840 3661 1908 ἔγωγε

2054 1926 2180 1988 τοὺς
2216 1924 2376 1979 τοῦτο
2411 1927 2733 1991 ποιοῦντας,
2757 1929 2894 1982 ἀλλὰ
2923 1931 3051 1993 τοὺς
3081 1932 3140 1983 ὲν
3168 1931 3445 2004 εὐημερίᾳ.
3478 1931 3660 2002 όρῶνο

2054 2035 2153 2080 τας
2195 2020 2322 2081 τοὺς
2361 2017 2608 2090 ἐχθροὺς,
2659 2019 2736 2091 μὴ
2777 2021 2936 2091 μόνον
2979 2023 3105 2087 τοὺς
3153 2023 3657 2094 δυσχεραίνοντας,

2052 2108 2192 2162 ἀλλὰ
2224 2111 2318 2162 καὶ
2351 2110 2732 2175 ἐπαινοῦντας,
2763 2113 2858 2166 καὶ
2903 2114 3230 2185 εὐχομένους
3269 2117 3416 2184 ὑπὲρ
3446 2116 3659 2176 αὐτῶν,

2053 2200 2240 2270 ὥσπερ
2279 2200 2424 2271 (57)
2451 2203 2481 2271 ή
2512 2201 2607 2254 νέα
2656 2203 2944 2272 φιλοσοφία
2993 2206 3410 2275 προστάττουσα
3444 2205 3620 2274 φησίν
3640 2222 3656 2236 ·

2058 2309 2076 2342 ι
2100 2291 2374 2360 Ἀγαπᾶτε
2395 2293 2521 2356 τοὺς
2537 2293 2764 2364 ἐχθροὺς
2786 2295 2960 2366 ὑμῶν’
2976 2296 3157 2360 καλῶς
3173 2299 3376 2348 ποιεῖτε
3395 2298 3534 2360 τοὺς
3562 2313 3658 2365 μι-

2057 2382 2282 2444 σοῦντας
2315 2383 2486 2452 ὑμᾶς’
2516 2384 2880 2455 προσεύχεσθε
2915 2387 3058 2458 ὑπὲρ
3083 2388 3191 2440 τῶν
3221 2387 3658 2458 ἐπηρεαζόντων

2056 2475 2200 2542 ὑμᾶς
2229 2476 2323 2528 καὶ
2354 2474 2696 2529 διωκώντων.
2733 2493 2750 2526 ι
2808 2477 2956 2530 Ἐκεῖ
2997 2478 3096 2547 μὲν
3127 2480 3236 2548 γάρ
3266 2479 3493 2547 ἀνάγκη
3532 2477 3661 2528 ἐπι-

2053 2566 2187 2637 κλᾷν
2220 2563 2392 2620 οἷδεν’
2444 2567 2678 2620 ἐνταῦθα
2717 2569 2774 2621 δὲ
2823 2572 3005 2640 γυμνή
3041 2572 3156 2624 ἐστι
3199 2571 3298 2641 τῆς
3336 2569 3590 2631 διανοίας
3624 2569 3660 2638 ἡ

2054 2658 2308 2728 βάσανος.
2362 2659 2424 2710 Εἰ
2464 2658 2521 2710 δὲ
2562 2661 2656 2712 καὶ
2693 2661 2721 2713 ό
2763 2660 3085 2724 Ἀπόστολος
3114 2665 3180 2732 τῇ
3221 2661 3435 2731 παλαιᾷ
3469 2661 3660 2730 ίὲχρή-

2055 2765 2186 2802 caro
2227 2749 2578 2819 παραινέσει,
2623 2749 2759 2804 ἀλλὰ
2804 2752 2941 2804 πᾶσι
2977 2751 3134 2823 δῆλόν
3165 2754 3335 2818 ἐστιν,
3391 2753 3478 2805 ὅτι
3517 2749 3660 2822 πρὸς

2052 2842 2444 2912 ἀτελεστέρους
2467 2843 2494 2894 ό
2531 2841 2688 2910 λόγος
2720 2837 2791 2912 ἦν
2828 2844 2999 2915 αύτῷ.

369 2948 468 2988 vos
518 2935 583 2987 ⁷³.
620 2952 639 2984 i
684 2933 796 2987 Illic
845 2939 988 2992 enim
1033 2937 1330 2992 necessitas
1380 2937 1631 3005 frangere
1673 2935 1811 2990 solet
1852 2934 2160 3006 (aninunu).
2236 2933 2368 2988 Istic
2435 2942 2617 2988 autem
2675 2936 2818 2988 nuda
2859 2946 2942 2991 est
2971 2937 3270 2992 voluntaris
3313 2933 3652 3005 exploratio.

367 3027 519 3094 Quod
552 3030 593 3081 si
629 3029 915 3097 Apostolus
956 3043 1169 3098 quoque
1219 3031 1386 3084 veteri
1436 3029 1524 3082 illa
1563 3026 1944 3082 exhortatione
1975 3040 2104 3081 usus
2132 3033 2252 3080 est:
2280 3023 2611 3080 atomnibus
2647 3023 2833 3094 liquet,
2862 3026 2962 3096 ipsi
3024 3042 3330 3083 sermonem
3390 3042 3526 3083 cum
3550 3028 3657 3081 im-

370 3126 791 3197 perfectioribus
826 3128 1012 3184 fuisse.

652 3219 771 3274 XII.
811 3249 882 3261 -
921 3218 1298 3275 TIIEODORO
1342 3219 1657 3276 DIACONO.

367 3310 546 3375 Quare
582 3310 803 3374 Paulus,
825 3328 944 3364 cum
969 3314 1186 3367 dixisset
1217 3330 1235 3367 :
1267 3331 1285 3364 t
1323 3312 1413 3366 Vis
1435 3323 1607 3366 autem
1634 3330 1734 3365 non
1768 3313 1946 3364 limere

444 3392 770 3447 potestatem,
803 3392 932 3445 etc.,
958 3401 976 3433 ι
1006 3386 1163 3446 paulo
1192 3396 1301 3449 post
1327 3385 1465 3435 dicm
1493 3400 1510 3436 :
1542 3401 1559 3433 ι
1587 3383 1803 3436 Reddite
1826 3397 1945 3451 ergo

437 3453 484 3504 ei
513 3453 596 3504 cui
624 3461 858 3504 lunarem
889 3453 1127 3522 (debetis)
1172 3457 1411 3506 linwrent
1448 3455 1513 3507 7‘.
1557 3472 1574 3503 ι

440 3637 754 3704 Quanquam
795 3637 887 3688 tibi
925 3652 1030 3691 non
1074 3639 1362 3708 oportebat
1395 3638 1720 3702 rescribere,
1747 3638 1947 3707 petenti

369 3732 430 3776 ut
458 3725 662 3791 absque
693 3726 1083 3791 praparatinne
1112 3735 1168 3778 et
1195 3725 1658 3779 demonstratione
1692 3727 1949 3794 apostoli-

371 3831 493 3869 cum
509 3813 682 3869 locum
700 3817 1194 3889 interpreter419
1208 3819 1516 3888 (tecumque
1533 3819 1947 3885 communicem)

370 3905 462 3974 qui
504 3905 668 3958 etiam
713 3906 954 3960 adhibita
997 3906 1124 3960 licet
1169 3908 1410 3977 diligenti
1471 3908 1860 3978 pra‘paraliouc
1894 3917 1950 3961 et

369 3996 583 4067 prolixo
612 3997 883 4052 orationis
917 3999 1147 4066 ambitu,
1191 4000 1484 4056 difﬁculter
1515 4011 1690 4055 tamen
1715 4002 1950 4070 explica-

378 4105 465 4142 tur
497 4107 510 4142 :
546 4098 723 4144 tamen
755 4090 878 4159 quia
909 4095 1190 4162 tyrannica
1223 4095 1467 4162 quaedam
1512 4094 1591 4147 vis
1619 4096 1821 4148 amoris
1865 4109 1951 4148 me

375 4181 571 4249 subigit
600 4182 702 4235 hoc
734 4180 935 4247 facere,
973 4184 1148 4238 dicam
1195 4185 1366 4254 (tntum
1401 4194 1584 4239 autem
1616 4185 1775 4240 fuerit
1800 4187 1950 4240 ξιξειί-

376 4284 549 4336 mare,
603 4285 670 4323 an
705 4273 906 4340 possim
949 4273 1239 4342 fugientem
1270 4273 1511 4342 Apostoli
1537 4284 1766 4328 mentem
1800 4289 1950 4328 com-

376 4363 635 4430 pendiose
664 4364 1012 4436 investigare)
1045 4367 1185 4435 quod
1210 4367 1286 4420 ait
1309 4366 1548 4438 (Paulus)
1581 4367 1632 4420 id
1654 4383 1774 4421 esse
1801 4367 1948 4436 ejus-

377 4455 543 4509 modi.
570 4454 628 4509 Si
655 4472 776 4509 CUIII
811 4472 1000 4512 servus
1036 4472 1209 4521 esses,
1242 4459 1308 4512 ad
1341 4459 1497 4513 tidem
1542 4458 1949 4529 (Christianam)

2383 3217 2484 3272 IB'.
2525 3247 2595 3257 -
2643 3216 2948 3287 θΕοΔΩΡᾳ
2984 3215 3304 3284 ΔΙΑΚΟΝῼ.

2050 3313 2155 3365 Διά
2188 3313 2244 3365 τί
2281 3315 2314 3366 ό
2347 3311 2625 3375 Παῦλος,
2678 3308 2880 3362 εἰπών’
2929 3327 2947 3360 t
2981 3307 3187 3372 Θέλεις
3218 3305 3286 3359 δὲ
3315 3304 3406 3374 μὴ
3453 3304 3654 3374 φοϐεῖ-

2123 3387 2259 3435 σθαι
2320 3382 2434 3448 τὴν
2481 3380 2812 3444 ἐξουσίαν;
2891 3398 2908 3430 ι
2951 3377 3080 3446 μετ’
3147 3377 3360 3446 ὀλίγον
3427 3376 3650 3448 φησίν·

2184 3431 2712 3518 'deéb’wfgﬁai
2741 3488 2756 3514 ,
2795 3431 2892 3514 ’τῷ
2939 3431 3046 3502 ξύιν
3116 3431 3325 3518 φόϐὁν,
3379 3431 3510 3499 τόγ’
3540 3447 3654 3515 φό-

2121 3525 2230 3577 ϐον
2255 3523 2388 3592 (53).
2421 3541 2440 3573 ι

2131 3635 2614 3704 Ἀντεπισταλῆναι
2666 3633 2765 3704 μέν
2813 3649 2896 3684 σοι
2945 3632 3047 3684 οὐκ
3084 3631 3277 3702 ἐχρῆν,
3325 3631 3653 3702 παρακαλέ-

2051 3747 2205 3783 σαντι
2248 3730 2376 3783 ἄνευ
2411 3726 2868 3799 προκατασκευῆς
2907 3727 3002 3778 καλ⁷
3034 3725 3367 3791 ἀποδείξεως
3407 3724 3470 3777 τὸ
3511 3725 3655 3778 ἁπο-

2054 3821 2300 3876 στολικὸν
2345 3819 2723 3891 μεταφρασθὲν
2756 3817 2868 3885 (59)
2897 3815 3116 3887 χωρίον,
3158 3815 3187 3868 δ
3217 3816 3310 3868 καὶ
3337 3815 3478 3886 μετὰ
3514 3833 3652 3886 προ-

2052 3913 2396 3981 κατασκευῆς
2437 3912 2531 3964 καὶ
2559 3910 2774 3980 μακρᾶς
2803 3907 3054 3979 περιόδου
3082 3906 3234 3976 μόλις
3260 3904 3650 3973 σαφηνίζεται.

2063 4005 2278 4075 Ἐπειδὴ
2299 4004 2342 4057 δ’
2361 4002 2464 4055 ὑπὸ
2485 4002 2584 4071 τῆς
2600 4001 2818 4070 ἀγάπης
2834 3997 3096 4070 τυραννού
3105 4014 3265 4068 μενος
3292 3995 3647 4066 ἐξεϐιάσθην,

2052 4098 2196 4168 φημί
2223 4096 2348 4169 (σὺν
2384 4095 2429 4148 δ’
2461 4096 2526 4148 ἂν
2558 4095 2640 4162 εἴη
2675 4093 2887 4164 (ϐο-61)
2919 4094 3122 4164 κρῖναι,
3159 4093 3207 4143 εί
3241 4091 3478 4160 δύναμαι
3517 4107 3650 4143 συν-

2049 4189 2231 4259 τόμως
2283 4186 2546 4257 θηρεῦσαι
2581 4185 2782 4255 φεῦγον
2837 4184 2899 4236 τὸ
2934 4181 3028 4236 τοῦ
3073 4181 3402 4234 Ἀποστόλου
3441 4180 3649 4251 βούλη-

2054 4279 2188 4349 μα),
2213 4280 2294 4330 ὅτι
2323 4278 2351 4330 ὅ
2373 4294 2540 4348 φησι,
2569 4275 2726 4330 τοῦτό
2765 4278 2936 4330 ἐστιν.
2967 4275 3030 4328 Εἰ
3060 4274 3244 4336 δοῦλος
3287 4275 3363 4326 ὦν
3401 4272 3649 4344 ἐκλήθης

2051 4372 2130 4432 εἰς
2155 4369 2251 4439 τὴν
2277 4369 2480 4432 πίστιν,
2509 4369 2583 4438 μὴ
2611 4369 2769 4434 ᾶλυε,
2801 4366 2938 4438 μηδὲ
2966 4365 3283 4439 δυσχέραινε
3307 4405 3321 4428 ,
3356 4365 3433 4428 ὼς
3462 4365 3650 4437 ταύτῃ

2051 4461 2598 4532 παραϐλαπτόμενος.
2635 4460 2757 4514 Ὅτι
2789 4460 2898 4531 γὰρ
2927 4459 3078 4512 οὐδέν
3111 4459 3228 4512 ἐστι
3257 4456 3416 4510 τοῦτο
3441 4457 3646 4523 δεινὸν,

375 4557 601 4601 vocatus
632 4563 712 4612 es,
752 4550 860 4603 noli
905 4550 1064 4621 ringi,
1095 4551 1202 4604 noli
1254 4551 1480 4605 moleste
1513 4552 1678 4615 ferre,
1725 4552 1948 4621 perinde

2063 4553 2442 4624 συμϐουλεύσω
2468 4569 2587 4616 σοι,
2623 4553 2707 4606 ὅτι
2737 4555 2785 4605 εί
2813 4553 2909 4606 καὶ
2936 4551 3162 4605 δύνασαι
3196 4550 3450 4619 γενέσθαι
3485 4550 3650 4603 ἐλεύ-

375 4642 528 4709 quasi
563 4644 748 4698 hacin
787 4659 845 4699 re
891 4645 1093 4714 aliquid
1141 4645 1234 4700 tibi
1276 4645 1584 4700 detrimenti
1637 4644 1946 4700 all‘erretnr.

371 4739 509 4808 Quia
541 4739 685 4792 enim
729 4739 862 4796 nihil
896 4739 998 4794 hoc
1028 4739 1245 4794 adversi
1280 4739 1462 4805 habet,
1488 4739 1610 4792 ideo
1637 4738 1730 4792 tibi
1774 4738 1957 4793 consi-

440 4898 488 4931 "
515 4897 709 4953 Matth.
741 4913 796 4962 v,
827 4897 918 4949 44.
993 4896 1040 4926 ⁷⁸
1065 4895 1222 4949 Rom.
1265 4911 1384 4956 xm,
1419 4894 1534 4949 5-7.

2059 4646 2235 4716 θερος,
2264 4645 2465 4716 μᾶλλον
2492 4644 2801 4716 χρήσασθαι
2829 4645 2895 4713 τῇ
2930 4641 3161 4713 δουλείᾳ.
3203 4642 3499 4695 Ἐλάττονα
3533 4643 3650 4712 γάρ

2063 4737 2220 4808 λόγον
2253 4739 2310 4792 ὲν
2341 4739 2460 4802 ταῖς
2490 4736 2740 4800 εὐθύναις
2774 4735 3160 4806 ἁπαιτηθήσῃ,
3214 4735 3309 4789 ἆτε
3353 4733 3432 4806 μὴ
3474 4735 3651 4805 μόνον

1475 5029 1709 5086 VARUE
1748 5028 2135 5088 LECTIONES
2175 5029 2264 5084 ET
2301 5028 2534 5086 NOTE.

440 5190 553 5261 (56)
591 5189 800 5258 Καλῶς
839 5187 1099 5261 χρῆσθαι
1136 5187 1277 5261 forte
1303 5201 1490 5261 verum
1531 5195 1644 5261 est,
1673 5185 1857 5261 καλοῖς
1884 5186 1946 5239 οὐ

374 5256 542 5339 μόνον
564 5262 711 5339 τούς.
740 5256 1135 5339 PutoJegendq
1157 5258 1216 5339 oti
1250 5257 1421 5337 p.6vov_
1440 5256 1500 5308 οὐ
1525 5257 1678 5339 δυσχ.
1705 5258 1830 5319 τοὺς
1857 5273 1949 5327 μι-

374 5327 622 5397 σοῦντας.
651 5333 708 5386 In
734 5347 834 5386 ms.
867 5330 929 5383 B.
955 5327 1093 5388 erat,
1125 5327 1536 5398 τοῖςμισοῦσιν.
1567 5327 1734 5381 Βιττ.

441 5407 556 5473 (57)
585 5394 711 5457 ῬΙ-ο
762 5401 951 5473 ὥσπερ
1003 5400 1142 5453 idem
1159 5394 1302 5473 _eod.
1343 5399 1552 5473 scribit,
1579 5398 1745 5473 ρπερ.
1788 5394 1945 5473 Yers.

369 5465 491 5548 post
519 5465 834 5548 iidemupro
869 5465 991 5548 16b;
1029 5467 1318 5548 μισοῦντας
1361 5468 1488 5537 legit
1517 5469 1630 5529 τοῖς
1666 5465 1938 5548 μισοῦσιν.

370 5617 534 5670 habet
571 5609 1211 5684 xatsxpﬁaafto.Possm.

443 5685 555 5755 (58)
605 5676 854 5754 Epistulae
887 5682 1045 5755 hujus
1081 5679 1362 5755 inscriptio
1383 5679 1596 5755 videtur
1622 5676 1943 5755 alienaesse

370 5769 402 5808 a
433 5746 707 5825 proposito
743 5772 756 5808 :
793 5768 898 5808 non
939 5746 1083 5807 enim
1112 5751 1199 5806 hic
1235 5746 1412 5820 agitur
1443 5750 1510 5806 de
1543 5750 1662 5804 loco
1695 5746 1842 5802 Pauli
1876 5747 1942 5800 ad

2056 5185 2291 5258 Roman.
2334 5203 2468 5258 xui,
2511 5186 2604 5241 sed
2651 5188 2716 5241 ad
2751 5186 2998 5241 Corinth.
3041 5187 3084 5252 I,
3127 5202 3249 5258 cap.
3287 5204 3385 5244 vn.
3433 5188 3648 5244 Deinde

2055 5257 2284 5329 alterum
2333 5257 2470 5329 φησὶ
2499 5258 2800 5329 redundare
2831 5265 2982 5324 puto,
3027 5258 3110 5313 vel
3151 5257 3249 5327 pro
3274 5273 3340 5313 eo
3367 5273 3646 5329 repOnen-

2056 5327 2179 5380 dum
2208 5322 2302 5379 οὖν
2322 5322 2550 5380 ἄπόδοτε
2580 5323 2694 5380 οὖν.
2729 5322 2895 5382 Rt'r'r.

2131 5395 2245 5467 (59)
2288 5397 2749 5471 Μεταφρᾳσθέῃ
2771 5400 2881 5451 Aut
2917 5398 3384 5471 perappaaﬁﬁvar
3421 5398 3641 5467 legend.

2047 5469 2158 5539 Qut
2205 5468 2426 5539 verbum
2476 5468 2691 5535 aliquod
2722 5469 2876 5539 deest
2901 5468 2928 5534 ,⁷
2953 5477 3030 5534 ut,
3067 5468 3325 5539 πέμπειν.
3357 5469 3524 5523 Rtﬂ'.
3569 5497 3644 5510 --

373 5534 527 5600 Vers.
557 5546 680 5598 inde
705 5534 1013 5610 δ’ροειγάρ
1031 5534 1182 5592 addit
1202 5540 1262 5609 ἡ,
1294 5547 1349 5594 et
1387 5534 1511 5592 mox
1545 5552 1643 5606 pro
1667 5534 1940 5608 ἐχρήσατο

2063 5534 2423 5610 SudLValic.)

2507 5554 2641 5608 εταφ
2651 5536 2941 5608 ρασθῇναι.

2123 5605 2337 5681 (δοεδι)
2367 5605 2500 5681 Cod.
2520 5605 2834 5681 Y-athroﬁ‘
2859 5609 2924 5662 ἂν
2955 5609 3038 5681 εἴη
3054 5608 3224 5681 habet
3320 5609 3449 5681 ἐστι.
3475 5620 3633 5660 vers.

2048 5687 2170 5745 post
2201 5677 2256 5739 5,
2296 5689 2420 5731 ante
2462 5675 2647 5740 δοῦλος
2690 5677 2890 5736 omittit
2931 5682 3000 5732 εί.
3028 5675 3204 5734 'Vers.
3260 5679 3380 5734 inde
3411 5675 3464 5746 2,
3509 5691 3641 5746 post

2051 5747 2160 5816 γάρ
2185 5747 2330 5803 addit
2359 5764 2483 5818 περ.
2525 5745 2733 5803 Possm.
