  <div class='ocr_page' id='page_1' title='image "/cluster/home/n/w/nwhite01/storage/ocr_20150623/78/nnc1.0046980008/586.png"; bbox 0 0 3886 6420; ppageno 0'>
   <div class='ocr_carea' id='block_1_1' title="bbox 166 345 284 414">
    <p class='ocr_par' dir='ltr' id='par_1_1' title="bbox 166 345 284 414">
     <span class='ocr_line' id='line_1_1' title="bbox 166 345 284 414; baseline 0 -1"><span class='ocrx_word' id='word_1_1' title='bbox 166 345 284 414; x_wconf 76' lang='grc' dir='ltr'>ιθδι</span> 
     </span>
    </p>
   </div>
   <div class='ocr_carea' id='block_1_2' title="bbox 1069 342 2508 408">
    <p class='ocr_par' dir='ltr' id='par_1_2' title="bbox 1069 342 2508 408">
     <span class='ocr_line' id='line_1_2' title="bbox 1069 342 2508 408; baseline 0.001 -2"><span class='ocrx_word' id='word_1_2' title='bbox 1069 342 1608 407; x_wconf 79' lang='lat' dir='ltr'><strong>EPISTOLABUM</strong></span> <span class='ocrx_word' id='word_1_3' title='bbox 1644 343 1793 404; x_wconf 86' lang='lat' dir='ltr'><strong>LIB.</strong></span> <span class='ocrx_word' id='word_1_4' title='bbox 1833 343 1931 405; x_wconf 94' lang='lat' dir='ltr'><strong>IV.</strong></span> <span class='ocrx_word' id='word_1_5' title='bbox 1970 370 2039 380; x_wconf 90' lang='grc'><strong><em>-</em></strong></span> <span class='ocrx_word' id='word_1_6' title='bbox 2073 344 2308 407; x_wconf 88' lang='lat' dir='ltr'><strong>EPIST.</strong></span> <span class='ocrx_word' id='word_1_7' title='bbox 2354 348 2508 408; x_wconf 77' lang='lat' dir='ltr'><strong>XIV.</strong></span> 
     </span>
    </p>
   </div>
   <div class='ocr_carea' id='block_1_3' title="bbox 3262 350 3401 419">
    <p class='ocr_par' dir='ltr' id='par_1_3' title="bbox 3262 350 3401 419">
     <span class='ocr_line' id='line_1_3' title="bbox 3262 350 3401 419; baseline 0.043 -5"><span class='ocrx_word' id='word_1_8' title='bbox 3262 350 3401 419; x_wconf 73' lang='lat'><strong>1062</strong></span> 
     </span>
    </p>
   </div>
   <div class='ocr_carea' id='block_1_4' title="bbox 164 422 1724 532">
    <p class='ocr_par' dir='ltr' id='par_1_4' title="bbox 164 454 1724 532">
     <span class='ocr_line' id='line_1_4' title="bbox 164 454 1724 532; baseline -0.007 -15"><span class='ocrx_word' id='word_1_9' title='bbox 164 460 298 532; x_wconf 69' lang='grc' dir='ltr'><strong>αὖτῷ</strong></span> <span class='ocrx_word' id='word_1_10' title='bbox 323 458 401 531; x_wconf 85' lang='grc' dir='ltr'>τῷ</span> <span class='ocrx_word' id='word_1_11' title='bbox 433 458 627 531; x_wconf 79' lang='grc' dir='ltr'>Κυρίῳ</span> <span class='ocrx_word' id='word_1_12' title='bbox 665 456 954 522; x_wconf 74' lang='grc' dir='ltr'><strong>δουλεύων,</strong></span> <span class='ocrx_word' id='word_1_13' title='bbox 1000 456 1138 510; x_wconf 74' lang='grc' dir='ltr'>ἀλλὰ</span> <span class='ocrx_word' id='word_1_14' title='bbox 1184 457 1279 510; x_wconf 70' lang='grc' dir='ltr'>καὶ</span> <span class='ocrx_word' id='word_1_15' title='bbox 1308 455 1389 528; x_wconf 70' lang='grc' dir='ltr'><strong>’τῷ</strong></span> <span class='ocrx_word' id='word_1_16' title='bbox 1416 454 1724 526; x_wconf 69' lang='grc' dir='ltr'>ξσωματικίξ</span> 
     </span>
    </p>
   </div>
   <div class='ocr_carea' id='block_1_5' title="bbox 1835 422 3415 532">
    <p class='ocr_par' dir='ltr' id='par_1_5' title="bbox 1840 454 3415 531">
     <span class='ocr_line' id='line_1_5' title="bbox 1840 454 3415 531; baseline 0.009 -22"><span class='ocrx_word' id='word_1_17' title='bbox 1840 454 1970 510; x_wconf 92' lang='lat' dir='ltr'><strong>lium</strong></span> <span class='ocrx_word' id='word_1_18' title='bbox 1992 456 2133 512; x_wconf 86' lang='lat' dir='ltr'><strong>dabo</strong></span> <span class='ocrx_word' id='word_1_19' title='bbox 2152 467 2233 523; x_wconf 93' lang='lat' dir='ltr'><strong>ut,</strong></span> <span class='ocrx_word' id='word_1_20' title='bbox 2258 458 2469 512; x_wconf 88' lang='lat' dir='ltr'><strong>etiamsi</strong></span> <span class='ocrx_word' id='word_1_21' title='bbox 2502 456 2641 513; x_wconf 87' lang='lat' dir='ltr'><strong>liber</strong></span> <span class='ocrx_word' id='word_1_22' title='bbox 2661 457 2775 515; x_wconf 85' lang='lat' dir='ltr'><strong>ﬁeri</strong></span> <span class='ocrx_word' id='word_1_23' title='bbox 2806 473 3011 531; x_wconf 85' lang='lat' dir='ltr'><strong>posses,</strong></span> <span class='ocrx_word' id='word_1_24' title='bbox 3049 471 3228 519; x_wconf 87' lang='lat' dir='ltr'><strong>tamen</strong></span> <span class='ocrx_word' id='word_1_25' title='bbox 3256 469 3415 524; x_wconf 81' lang='lat' dir='ltr'><strong>malis</strong></span> 
     </span>
    </p>
   </div>
   <div class='ocr_carea' id='block_1_6' title="bbox 163 546 1737 622">
    <p class='ocr_par' dir='ltr' id='par_1_6' title="bbox 163 546 1737 622">
     <span class='ocr_line' id='line_1_6' title="bbox 163 546 1737 622; baseline -0.006 -15"><span class='ocrx_word' id='word_1_26' title='bbox 163 552 397 622; x_wconf 80' lang='grc' dir='ltr'>δεσπότῃ.</span> <span class='ocrx_word' id='word_1_27' title='bbox 440 551 501 604; x_wconf 86' lang='grc' dir='ltr'>Ὀ</span> <span class='ocrx_word' id='word_1_28' title='bbox 526 550 634 622; x_wconf 78' lang='grc' dir='ltr'>γὰρ</span> <span class='ocrx_word' id='word_1_29' title='bbox 666 550 886 621; x_wconf 81' lang='grc' dir='ltr'>κληθεὶς</span> <span class='ocrx_word' id='word_1_30' title='bbox 920 550 1000 613; x_wconf 85' lang='grc' dir='ltr'><strong>είς</strong></span> <span class='ocrx_word' id='word_1_31' title='bbox 1033 548 1131 619; x_wconf 85' lang='grc' dir='ltr'><strong>τὴν</strong></span> <span class='ocrx_word' id='word_1_32' title='bbox 1158 548 1361 611; x_wconf 87' lang='grc' dir='ltr'>πίστιν,</span> <span class='ocrx_word' id='word_1_33' title='bbox 1400 547 1496 601; x_wconf 75' lang='grc' dir='ltr'><strong>καὶ</strong></span> <span class='ocrx_word' id='word_1_34' title='bbox 1522 546 1737 599; x_wconf 79' lang='grc' dir='ltr'>ἐλευθε-</span> 
     </span>
    </p>
   </div>
   <div class='ocr_carea' id='block_1_7' title="bbox 165 636 1736 714">
    <p class='ocr_par' dir='ltr' id='par_1_7' title="bbox 165 636 1736 714">
     <span class='ocr_line' id='line_1_7' title="bbox 165 636 1736 714; baseline -0.004 -19"><span class='ocrx_word' id='word_1_35' title='bbox 165 642 345 714; x_wconf 77' lang='grc' dir='ltr'>ρωθεὶς</span> <span class='ocrx_word' id='word_1_36' title='bbox 370 642 482 695; x_wconf 76' lang='grc' dir='ltr'>ἀπὸ</span> <span class='ocrx_word' id='word_1_37' title='bbox 511 641 612 710; x_wconf 79' lang='grc' dir='ltr'>τῆς</span> <span class='ocrx_word' id='word_1_38' title='bbox 636 640 918 711; x_wconf 79' lang='grc' dir='ltr'>ἁμαρτίας</span> <span class='ocrx_word' id='word_1_39' title='bbox 943 682 959 705; x_wconf 90' lang='grc'><strong>,</strong></span> <span class='ocrx_word' id='word_1_40' title='bbox 986 641 1034 691; x_wconf 87' lang='grc' dir='ltr'><strong>εί</strong></span> <span class='ocrx_word' id='word_1_41' title='bbox 1068 638 1255 703; x_wconf 81' lang='grc' dir='ltr'>δοῦλος</span> <span class='ocrx_word' id='word_1_42' title='bbox 1285 638 1394 709; x_wconf 71' lang='grc' dir='ltr'>εἴη,</span> <span class='ocrx_word' id='word_1_43' title='bbox 1438 636 1736 692; x_wconf 83' lang='grc' dir='ltr'>ἀπελεύθε-</span> 
     </span>
    </p>
   </div>
   <div class='ocr_carea' id='block_1_8' title="bbox 164 728 1735 805">
    <p class='ocr_par' dir='ltr' id='par_1_8' title="bbox 164 728 1735 805">
     <span class='ocr_line' id='line_1_8' title="bbox 164 728 1735 805; baseline -0.003 -19"><span class='ocrx_word' id='word_1_44' title='bbox 164 752 252 805; x_wconf 86' lang='grc' dir='ltr'><strong>ρος</strong></span> <span class='ocrx_word' id='word_1_45' title='bbox 279 731 348 786; x_wconf 83' lang='grc' dir='ltr'>ὣν</span> <span class='ocrx_word' id='word_1_46' title='bbox 378 732 458 803; x_wconf 83' lang='grc' dir='ltr'>τῷ</span> <span class='ocrx_word' id='word_1_47' title='bbox 488 732 677 802; x_wconf 79' lang='grc' dir='ltr'>Κυρίῳ</span> <span class='ocrx_word' id='word_1_48' title='bbox 696 772 711 797; x_wconf 91' lang='grc'><strong>,</strong></span> <span class='ocrx_word' id='word_1_49' title='bbox 741 731 818 802; x_wconf 85' lang='grc' dir='ltr'>τῷ</span> <span class='ocrx_word' id='word_1_50' title='bbox 843 730 1250 801; x_wconf 69' lang='grc' dir='ltr'><strong>ἠλευθερῶσθαι</strong></span> <span class='ocrx_word' id='word_1_51' title='bbox 1279 730 1379 802; x_wconf 82' lang='grc' dir='ltr'>μὲν</span> <span class='ocrx_word' id='word_1_52' title='bbox 1408 731 1538 801; x_wconf 85' lang='grc' dir='ltr'>παρ’</span> <span class='ocrx_word' id='word_1_53' title='bbox 1568 728 1735 784; x_wconf 82' lang='grc' dir='ltr'>αὐτοῦ</span> 
     </span>
    </p>
   </div>
   <div class='ocr_carea' id='block_1_9' title="bbox 163 818 1736 893">
    <p class='ocr_par' dir='ltr' id='par_1_9' title="bbox 163 818 1736 893">
     <span class='ocr_line' id='line_1_9' title="bbox 163 818 1736 893; baseline -0.004 -15"><span class='ocrx_word' id='word_1_54' title='bbox 163 827 221 878; x_wconf 76' lang='grc' dir='ltr'>ὲκ</span> <span class='ocrx_word' id='word_1_55' title='bbox 239 823 328 893; x_wconf 83' lang='grc' dir='ltr'>τῆς</span> <span class='ocrx_word' id='word_1_56' title='bbox 348 821 597 885; x_wconf 80' lang='grc' dir='ltr'><strong>δουλείας</strong></span> <span class='ocrx_word' id='word_1_57' title='bbox 615 825 716 892; x_wconf 78' lang='grc' dir='ltr'>τῆς</span> <span class='ocrx_word' id='word_1_58' title='bbox 741 820 1039 890; x_wconf 61' lang='grc' dir='ltr'>ἁμαρτίας</span> <span class='ocrx_word' id='word_1_59' title='bbox 1066 821 1207 890; x_wconf 82' lang='grc' dir='ltr'>μετὰ</span> <span class='ocrx_word' id='word_1_60' title='bbox 1230 822 1322 875; x_wconf 82' lang='grc' dir='ltr'>τοῦ</span> <span class='ocrx_word' id='word_1_61' title='bbox 1347 820 1403 873; x_wconf 80' lang='grc' dir='ltr'>δὲ</span> <span class='ocrx_word' id='word_1_62' title='bbox 1433 818 1599 873; x_wconf 80' lang='grc' dir='ltr'>αὑτοῦ</span> <span class='ocrx_word' id='word_1_63' title='bbox 1622 819 1736 890; x_wconf 70' lang='grc'><strong>(62)</strong></span> 
     </span>
    </p>
   </div>
   <div class='ocr_carea' id='block_1_10' title="bbox 162 910 1735 985">
    <p class='ocr_par' dir='ltr' id='par_1_10' title="bbox 162 910 1735 985">
     <span class='ocr_line' id='line_1_10' title="bbox 162 910 1735 985; baseline -0.003 -17"><span class='ocrx_word' id='word_1_64' title='bbox 162 912 470 969; x_wconf 73' lang='grc' dir='ltr'><strong>ὑποκεῖσθαι</strong></span> <span class='ocrx_word' id='word_1_65' title='bbox 514 915 813 985; x_wconf 87' lang='grc' dir='ltr'>χρεωστεῖν</span> <span class='ocrx_word' id='word_1_66' title='bbox 853 912 1159 983; x_wconf 82' lang='grc' dir='ltr'><strong>ὑπηρεσίας</strong></span> <span class='ocrx_word' id='word_1_67' title='bbox 1204 912 1299 967; x_wconf 66' lang='grc' dir='ltr'>καὶ</span> <span class='ocrx_word' id='word_1_68' title='bbox 1327 911 1405 982; x_wconf 85' lang='grc' dir='ltr'>τῷ</span> <span class='ocrx_word' id='word_1_69' title='bbox 1436 910 1735 983; x_wconf 83' lang='grc' dir='ltr'><strong>σωματικῷ</strong></span> 
     </span>
    </p>
   </div>
   <div class='ocr_carea' id='block_1_11' title="bbox 160 1002 1731 1079">
    <p class='ocr_par' dir='ltr' id='par_1_11' title="bbox 160 1002 1731 1079">
     <span class='ocr_line' id='line_1_11' title="bbox 160 1002 1731 1079; baseline 0 -20"><span class='ocrx_word' id='word_1_70' title='bbox 160 1008 381 1079; x_wconf 79' lang='grc' dir='ltr'><strong>δεσπότῃ</strong></span> <span class='ocrx_word' id='word_1_71' title='bbox 404 1045 421 1069; x_wconf 88' lang='grc'><strong>,</strong></span> <span class='ocrx_word' id='word_1_72' title='bbox 448 1005 551 1058; x_wconf 83' lang='grc' dir='ltr'><strong>οὐκ</strong></span> <span class='ocrx_word' id='word_1_73' title='bbox 589 1003 817 1076; x_wconf 77' lang='grc' dir='ltr'>ἀκριϐὲς</span> <span class='ocrx_word' id='word_1_74' title='bbox 853 1003 1291 1074; x_wconf 84' lang='grc' dir='ltr'>ἀπαιτηθήσεται</span> <span class='ocrx_word' id='word_1_75' title='bbox 1322 1002 1383 1056; x_wconf 86' lang='grc' dir='ltr'><strong>τὸ</strong></span> <span class='ocrx_word' id='word_1_76' title='bbox 1405 1002 1731 1070; x_wconf 84' lang='grc' dir='ltr'>λογοθέσιον.</span> 
     </span>
    </p>
   </div>
   <div class='ocr_carea' id='block_1_12' title="bbox 168 1092 1735 1166">
    <p class='ocr_par' dir='ltr' id='par_1_12' title="bbox 168 1092 1735 1166">
     <span class='ocr_line' id='line_1_12' title="bbox 168 1092 1735 1166; baseline -0.003 -17"><span class='ocrx_word' id='word_1_77' title='bbox 168 1096 223 1150; x_wconf 88' lang='lat'><strong>&#39;0</strong></span> <span class='ocrx_word' id='word_1_78' title='bbox 246 1096 299 1149; x_wconf 80' lang='grc' dir='ltr'>δὲ</span> <span class='ocrx_word' id='word_1_79' title='bbox 330 1095 637 1166; x_wconf 72' lang='grc' dir='ltr'>ἐλεύθερος,</span> <span class='ocrx_word' id='word_1_80' title='bbox 668 1093 763 1148; x_wconf 78' lang='grc' dir='ltr'><strong>καὶ</strong></span> <span class='ocrx_word' id='word_1_81' title='bbox 792 1093 982 1164; x_wconf 77' lang='grc' dir='ltr'>μηδενὶ</span> <span class='ocrx_word' id='word_1_82' title='bbox 1014 1093 1408 1163; x_wconf 79' lang='grc' dir='ltr'>ὑποκείμενος,</span> <span class='ocrx_word' id='word_1_83' title='bbox 1447 1092 1629 1155; x_wconf 79' lang='grc' dir='ltr'>δοῦλος</span> <span class='ocrx_word' id='word_1_84' title='bbox 1659 1093 1735 1145; x_wconf 84' lang='grc' dir='ltr'><strong>ῶν</strong></span> 
     </span>
    </p>
   </div>
   <div class='ocr_carea' id='block_1_13' title="bbox 158 1182 1735 1258">
    <p class='ocr_par' dir='ltr' id='par_1_13' title="bbox 158 1182 1735 1258">
     <span class='ocr_line' id='line_1_13' title="bbox 158 1182 1735 1258; baseline -0.004 -17"><span class='ocrx_word' id='word_1_85' title='bbox 158 1186 383 1258; x_wconf 77' lang='grc' dir='ltr'>Χριστοῦ</span> <span class='ocrx_word' id='word_1_86' title='bbox 406 1225 421 1250; x_wconf 93' lang='grc'><strong>,</strong></span> <span class='ocrx_word' id='word_1_87' title='bbox 469 1186 613 1240; x_wconf 80' lang='grc' dir='ltr'>κατὰ</span> <span class='ocrx_word' id='word_1_88' title='bbox 656 1186 836 1240; x_wconf 85' lang='grc' dir='ltr'>πάντα</span> <span class='ocrx_word' id='word_1_89' title='bbox 879 1184 1031 1255; x_wconf 80' lang='grc' dir='ltr'>αὑτῷ</span> <span class='ocrx_word' id='word_1_90' title='bbox 1061 1184 1435 1238; x_wconf 85' lang='grc' dir='ltr'>ὑποκείσεται.</span> <span class='ocrx_word' id='word_1_91' title='bbox 1467 1183 1545 1237; x_wconf 76' lang='grc' dir='ltr'><strong>Δι’</strong></span> <span class='ocrx_word' id='word_1_92' title='bbox 1584 1182 1612 1236; x_wconf 79' lang='grc' dir='ltr'><strong>ὃ</strong></span> <span class='ocrx_word' id='word_1_93' title='bbox 1640 1182 1735 1236; x_wconf 76' lang='grc' dir='ltr'><strong>καὶ</strong></span> 
     </span>
    </p>
   </div>
   <div class='ocr_carea' id='block_1_14' title="bbox 156 1270 1732 1350">
    <p class='ocr_par' dir='ltr' id='par_1_14' title="bbox 156 1270 1732 1350">
     <span class='ocr_line' id='line_1_14' title="bbox 156 1270 1732 1350; baseline -0.004 -17"><span class='ocrx_word' id='word_1_94' title='bbox 156 1279 542 1350; x_wconf 77' lang='grc' dir='ltr'>ἀκριὸεστέραν</span> <span class='ocrx_word' id='word_1_95' title='bbox 582 1276 1019 1347; x_wconf 80' lang='grc' dir='ltr'>ἀπαιτηθήσεται</span> <span class='ocrx_word' id='word_1_96' title='bbox 1061 1276 1239 1347; x_wconf 89' lang='grc' dir='ltr'>δίκην.</span> <span class='ocrx_word' id='word_1_97' title='bbox 1283 1274 1467 1329; x_wconf 86' lang='grc' dir='ltr'>Ταῦτα</span> <span class='ocrx_word' id='word_1_98' title='bbox 1497 1275 1596 1345; x_wconf 80' lang='grc' dir='ltr'><strong>μὲν</strong></span> <span class='ocrx_word' id='word_1_99' title='bbox 1639 1270 1732 1329; x_wconf 84' lang='grc' dir='ltr'><strong>οὖν</strong></span> 
     </span>
    </p>
   </div>
   <div class='ocr_carea' id='block_1_15' title="bbox 1845 547 3416 613">
    <p class='ocr_par' dir='ltr' id='par_1_15' title="bbox 1845 547 3416 613">
     <span class='ocr_line' id='line_1_15' title="bbox 1845 547 3416 613; baseline 0.01 -15"><span class='ocrx_word' id='word_1_100' title='bbox 1845 548 1920 602; x_wconf 89' lang='lat' dir='ltr'><strong>uti</strong></span> <span class='ocrx_word' id='word_1_101' title='bbox 1952 549 2230 604; x_wconf 75' lang='lat' dir='ltr'><strong>servitute.</strong></span> <span class='ocrx_word' id='word_1_102' title='bbox 2256 547 2394 604; x_wconf 80' lang='lat' dir='ltr'><strong>Nam</strong></span> <span class='ocrx_word' id='word_1_103' title='bbox 2426 549 2503 604; x_wconf 89' lang='lat' dir='ltr'><strong>ita</strong></span> <span class='ocrx_word' id='word_1_104' title='bbox 2528 549 2773 605; x_wconf 88' lang='lat' dir='ltr'><strong>futurum</strong></span> <span class='ocrx_word' id='word_1_105' title='bbox 2813 562 2897 606; x_wconf 93' lang='lat' dir='ltr'><strong>est</strong></span> <span class='ocrx_word' id='word_1_106' title='bbox 2932 562 2990 609; x_wconf 83' lang='grc' dir='ltr'><strong>ιιι</strong></span> <span class='ocrx_word' id='word_1_107' title='bbox 3018 555 3195 610; x_wconf 91' lang='lat' dir='ltr'><strong>minor</strong></span> <span class='ocrx_word' id='word_1_108' title='bbox 3229 557 3327 612; x_wconf 90' lang='lat' dir='ltr'><strong>abs</strong></span> <span class='ocrx_word' id='word_1_109' title='bbox 3362 569 3416 613; x_wconf 87' lang='lat' dir='ltr'><strong>te</strong></span> 
     </span>
    </p>
   </div>
   <div class='ocr_carea' id='block_1_16' title="bbox 1842 637 3412 712">
    <p class='ocr_par' dir='ltr' id='par_1_16' title="bbox 1842 637 3412 712">
     <span class='ocr_line' id='line_1_16' title="bbox 1842 637 3412 712; baseline 0.008 -23"><span class='ocrx_word' id='word_1_110' title='bbox 1842 637 2091 706; x_wconf 75' lang='lat' dir='ltr'><strong>exigatur</strong></span> <span class='ocrx_word' id='word_1_111' title='bbox 2119 640 2275 702; x_wconf 86' lang='lat' dir='ltr'><strong>ratio,</strong></span> <span class='ocrx_word' id='word_1_112' title='bbox 2304 638 2503 709; x_wconf 84' lang='lat' dir='ltr'><strong>quippe</strong></span> <span class='ocrx_word' id='word_1_113' title='bbox 2537 639 2629 709; x_wconf 88' lang='lat' dir='ltr'><strong>qui</strong></span> <span class='ocrx_word' id='word_1_114' title='bbox 2678 654 2785 693; x_wconf 93' lang='lat' dir='ltr'><strong>non</strong></span> <span class='ocrx_word' id='word_1_115' title='bbox 2828 641 2999 695; x_wconf 88' lang='lat' dir='ltr'><strong>solum</strong></span> <span class='ocrx_word' id='word_1_116' title='bbox 3047 644 3145 712; x_wconf 89' lang='lat' dir='ltr'><strong>ipsi</strong></span> <span class='ocrx_word' id='word_1_117' title='bbox 3180 644 3412 702; x_wconf 86' lang='lat' dir='ltr'><strong>Domino</strong></span> 
     </span>
    </p>
   </div>
   <div class='ocr_carea' id='block_1_17' title="bbox 1845 728 3412 804">
    <p class='ocr_par' dir='ltr' id='par_1_17' title="bbox 1845 728 3412 804">
     <span class='ocr_line' id='line_1_17' title="bbox 1845 728 3412 804; baseline 0.008 -24"><span class='ocrx_word' id='word_1_118' title='bbox 1845 728 1997 799; x_wconf 88' lang='lat' dir='ltr'><strong>(Deo)</strong></span> <span class='ocrx_word' id='word_1_119' title='bbox 2036 730 2265 797; x_wconf 79' lang='lat' dir='ltr'><strong>servias,</strong></span> <span class='ocrx_word' id='word_1_120' title='bbox 2316 731 2411 785; x_wconf 87' lang='lat' dir='ltr'><strong>scd</strong></span> <span class='ocrx_word' id='word_1_121' title='bbox 2454 730 2617 785; x_wconf 87' lang='lat' dir='ltr'><strong>etiam</strong></span> <span class='ocrx_word' id='word_1_122' title='bbox 2666 734 2934 801; x_wconf 78' lang='lat' dir='ltr'><strong>corporali</strong></span> <span class='ocrx_word' id='word_1_123' title='bbox 2978 734 3108 790; x_wconf 86' lang='lat' dir='ltr'><strong>hero</strong></span> <span class='ocrx_word' id='word_1_124' title='bbox 3152 745 3261 792; x_wconf 89' lang='lat' dir='ltr'><strong>tuo.</strong></span> <span class='ocrx_word' id='word_1_125' title='bbox 3310 740 3412 804; x_wconf 87' lang='lat' dir='ltr'><strong>Qui</strong></span> 
     </span>
    </p>
   </div>
   <div class='ocr_carea' id='block_1_18' title="bbox 1842 820 3417 898">
    <p class='ocr_par' dir='ltr' id='par_1_18' title="bbox 1842 820 3417 898">
     <span class='ocr_line' id='line_1_18' title="bbox 1842 820 3417 898; baseline 0.007 -25"><span class='ocrx_word' id='word_1_126' title='bbox 1842 821 1985 873; x_wconf 92' lang='lat' dir='ltr'><strong>enim</strong></span> <span class='ocrx_word' id='word_1_127' title='bbox 2019 820 2073 875; x_wconf 88' lang='lat' dir='ltr'><strong>in</strong></span> <span class='ocrx_word' id='word_1_128' title='bbox 2103 821 2260 875; x_wconf 88' lang='lat' dir='ltr'><strong>ﬁdem</strong></span> <span class='ocrx_word' id='word_1_129' title='bbox 2297 831 2546 886; x_wconf 88' lang='lat' dir='ltr'><strong>vocatus,</strong></span> <span class='ocrx_word' id='word_1_130' title='bbox 2575 832 2630 877; x_wconf 93' lang='lat' dir='ltr'><strong>et</strong></span> <span class='ocrx_word' id='word_1_131' title='bbox 2673 838 2700 875; x_wconf 88' lang='lat' dir='ltr'><strong>a</strong></span> <span class='ocrx_word' id='word_1_132' title='bbox 2741 836 2964 892; x_wconf 84' lang='lat' dir='ltr'><strong>peccato</strong></span> <span class='ocrx_word' id='word_1_133' title='bbox 2997 826 3050 879; x_wconf 93' lang='lat' dir='ltr'><strong>in</strong></span> <span class='ocrx_word' id='word_1_134' title='bbox 3086 826 3317 898; x_wconf 83' lang='lat' dir='ltr'><strong>(veram)</strong></span> <span class='ocrx_word' id='word_1_135' title='bbox 3349 831 3417 884; x_wconf 92' lang='lat' dir='ltr'><strong>li-</strong></span> 
     </span>
    </p>
   </div>
   <div class='ocr_carea' id='block_1_19' title="bbox 1841 909 3418 981">
    <p class='ocr_par' dir='ltr' id='par_1_19' title="bbox 1841 909 3418 981">
     <span class='ocr_line' id='line_1_19' title="bbox 1841 909 3418 981; baseline 0.008 -18"><span class='ocrx_word' id='word_1_136' title='bbox 1841 909 2105 965; x_wconf 84' lang='lat' dir='ltr'><strong>bertatem</strong></span> <span class='ocrx_word' id='word_1_137' title='bbox 2146 920 2386 967; x_wconf 89' lang='lat' dir='ltr'><strong>assertus</strong></span> <span class='ocrx_word' id='word_1_138' title='bbox 2433 924 2536 977; x_wconf 89' lang='lat' dir='ltr'><strong>est,</strong></span> <span class='ocrx_word' id='word_1_139' title='bbox 2569 915 2817 981; x_wconf 81' lang='lat' dir='ltr'><strong>quamvis</strong></span> <span class='ocrx_word' id='word_1_140' title='bbox 2855 914 3072 970; x_wconf 84' lang='lat' dir='ltr'><strong>interim</strong></span> <span class='ocrx_word' id='word_1_141' title='bbox 3114 920 3297 973; x_wconf 85' lang='lat' dir='ltr'><strong>servili</strong></span> <span class='ocrx_word' id='word_1_142' title='bbox 3344 922 3418 976; x_wconf 91' lang='lat' dir='ltr'><strong>sit</strong></span> 
     </span>
    </p>
   </div>
   <div class='ocr_carea' id='block_1_20' title="bbox 1841 999 3414 1077">
    <p class='ocr_par' dir='ltr' id='par_1_20' title="bbox 1841 999 3414 1077">
     <span class='ocr_line' id='line_1_20' title="bbox 1841 999 3414 1077; baseline 0.008 -24"><span class='ocrx_word' id='word_1_143' title='bbox 1841 999 2169 1064; x_wconf 89' lang='lat' dir='ltr'><strong>conditione,</strong></span> <span class='ocrx_word' id='word_1_144' title='bbox 2198 1000 2423 1057; x_wconf 86' lang='lat' dir='ltr'><strong>libertus</strong></span> <span class='ocrx_word' id='word_1_145' title='bbox 2469 1011 2645 1057; x_wconf 90' lang='lat' dir='ltr'><strong>tamen</strong></span> <span class='ocrx_word' id='word_1_146' title='bbox 2673 1002 2885 1058; x_wconf 88' lang='lat' dir='ltr'><strong>Domini</strong></span> <span class='ocrx_word' id='word_1_147' title='bbox 2917 1014 3022 1072; x_wconf 89' lang='lat' dir='ltr'><strong>est,</strong></span> <span class='ocrx_word' id='word_1_148' title='bbox 3062 1022 3128 1063; x_wconf 91' lang='lat' dir='ltr'><strong>eo</strong></span> <span class='ocrx_word' id='word_1_149' title='bbox 3163 1011 3304 1077; x_wconf 87' lang='lat' dir='ltr'><strong>quod</strong></span> <span class='ocrx_word' id='word_1_150' title='bbox 3346 1012 3414 1065; x_wconf 85' lang='lat' dir='ltr'><strong>ab</strong></span> 
     </span>
    </p>
   </div>
   <div class='ocr_carea' id='block_1_21' title="bbox 1841 1090 3415 1165">
    <p class='ocr_par' dir='ltr' id='par_1_21' title="bbox 1841 1090 3415 1165">
     <span class='ocr_line' id='line_1_21' title="bbox 1841 1090 3415 1165; baseline 0.008 -21"><span class='ocrx_word' id='word_1_151' title='bbox 1841 1090 1962 1159; x_wconf 92' lang='lat' dir='ltr'><strong>ipso</strong></span> <span class='ocrx_word' id='word_1_152' title='bbox 1981 1106 2011 1146; x_wconf 93' lang='lat' dir='ltr'><strong>e</strong></span> <span class='ocrx_word' id='word_1_153' title='bbox 2035 1091 2296 1146; x_wconf 91' lang='lat' dir='ltr'><strong>servitute</strong></span> <span class='ocrx_word' id='word_1_154' title='bbox 2324 1094 2534 1160; x_wconf 76' lang='lat' dir='ltr'><strong>peccati</strong></span> <span class='ocrx_word' id='word_1_155' title='bbox 2556 1094 2627 1148; x_wconf 92' lang='lat' dir='ltr'><strong>sit</strong></span> <span class='ocrx_word' id='word_1_156' title='bbox 2651 1094 2938 1163; x_wconf 87' lang='lat' dir='ltr'><strong>liberatus,</strong></span> <span class='ocrx_word' id='word_1_157' title='bbox 2974 1098 3099 1165; x_wconf 89' lang='lat' dir='ltr'><strong>quia</strong></span> <span class='ocrx_word' id='word_1_158' title='bbox 3152 1107 3330 1154; x_wconf 89' lang='lat' dir='ltr'><strong>tamen</strong></span> <span class='ocrx_word' id='word_1_159' title='bbox 3362 1102 3415 1156; x_wconf 90' lang='lat' dir='ltr'><strong>ei</strong></span> 
     </span>
    </p>
   </div>
   <div class='ocr_carea' id='block_1_22' title="bbox 1842 1182 3410 1247">
    <p class='ocr_par' dir='ltr' id='par_1_22' title="bbox 1842 1182 3410 1247">
     <span class='ocr_line' id='line_1_22' title="bbox 1842 1182 3410 1247; baseline 0.007 -10"><span class='ocrx_word' id='word_1_160' title='bbox 1842 1182 2107 1237; x_wconf 88' lang='lat' dir='ltr'><strong>incumbit</strong></span> <span class='ocrx_word' id='word_1_161' title='bbox 2136 1185 2437 1239; x_wconf 87' lang='lat' dir='ltr'><strong>necessitas</strong></span> <span class='ocrx_word' id='word_1_162' title='bbox 2456 1186 2745 1241; x_wconf 80' lang='lat' dir='ltr'><strong>exhibendi</strong></span> <span class='ocrx_word' id='word_1_163' title='bbox 2773 1189 3070 1243; x_wconf 89' lang='lat' dir='ltr'><strong>ministeria</strong></span> <span class='ocrx_word' id='word_1_164' title='bbox 3098 1196 3260 1246; x_wconf 86' lang='lat' dir='ltr'><strong>etiam</strong></span> <span class='ocrx_word' id='word_1_165' title='bbox 3288 1208 3410 1247; x_wconf 83' lang='lat' dir='ltr'><strong>cor-</strong></span> 
     </span>
    </p>
   </div>
   <div class='ocr_carea' id='block_1_23' title="bbox 1842 1274 3414 1344">
    <p class='ocr_par' dir='ltr' id='par_1_23' title="bbox 1842 1274 3414 1344">
     <span class='ocr_line' id='line_1_23' title="bbox 1842 1274 3414 1344; baseline 0.009 -18"><span class='ocrx_word' id='word_1_166' title='bbox 1842 1274 2008 1344; x_wconf 86' lang='lat' dir='ltr'><strong>porali</strong></span> <span class='ocrx_word' id='word_1_167' title='bbox 2029 1275 2270 1341; x_wconf 90' lang='lat' dir='ltr'><strong>domino,</strong></span> <span class='ocrx_word' id='word_1_168' title='bbox 2306 1292 2411 1330; x_wconf 94' lang='lat' dir='ltr'><strong>non</strong></span> <span class='ocrx_word' id='word_1_169' title='bbox 2445 1279 2580 1332; x_wconf 90' lang='lat' dir='ltr'><strong>adeo</strong></span> <span class='ocrx_word' id='word_1_170' title='bbox 2613 1278 2859 1332; x_wconf 86' lang='lat' dir='ltr'><strong>strictam</strong></span> <span class='ocrx_word' id='word_1_171' title='bbox 2887 1281 3150 1335; x_wconf 88' lang='lat' dir='ltr'><strong>rationem</strong></span> <span class='ocrx_word' id='word_1_172' title='bbox 3185 1284 3414 1339; x_wconf 88' lang='lat' dir='ltr'><strong>reddere</strong></span> 
     </span>
    </p>
   </div>
   <div class='ocr_carea' id='block_1_24' title="bbox 154 1366 1724 1444">
    <p class='ocr_par' dir='ltr' id='par_1_24' title="bbox 154 1366 1724 1442">
     <span class='ocr_line' id='line_1_24' title="bbox 154 1366 1724 1442; baseline -0.003 -18"><span class='ocrx_word' id='word_1_173' title='bbox 154 1375 231 1434; x_wconf 86' lang='grc' dir='ltr'><strong>είς</strong></span> <span class='ocrx_word' id='word_1_174' title='bbox 256 1370 348 1442; x_wconf 84' lang='grc' dir='ltr'>τὴν</span> <span class='ocrx_word' id='word_1_175' title='bbox 377 1371 738 1442; x_wconf 78' lang='grc' dir='ltr'>παράφρασιν</span> <span class='ocrx_word' id='word_1_176' title='bbox 764 1367 859 1420; x_wconf 82' lang='grc' dir='ltr'>τοῦ</span> <span class='ocrx_word' id='word_1_177' title='bbox 888 1366 1055 1439; x_wconf 77' lang='grc' dir='ltr'>ῥητοῦ</span> <span class='ocrx_word' id='word_1_178' title='bbox 1083 1369 1344 1441; x_wconf 78' lang='grc' dir='ltr'>εἰρήσθω.</span> <span class='ocrx_word' id='word_1_179' title='bbox 1379 1370 1442 1422; x_wconf 83' lang='grc' dir='ltr'><strong>Εἰ</strong></span> <span class='ocrx_word' id='word_1_180' title='bbox 1469 1370 1525 1422; x_wconf 84' lang='grc' dir='ltr'>δὲ</span> <span class='ocrx_word' id='word_1_181' title='bbox 1558 1368 1724 1440; x_wconf 79' lang='grc' dir='ltr'>βούλει</span> 
     </span>
    </p>
   </div>
   <div class='ocr_carea' id='block_1_25' title="bbox 1835 1366 3413 1444">
    <p class='ocr_par' dir='ltr' id='par_1_25' title="bbox 1837 1366 3413 1444">
     <span class='ocr_line' id='line_1_25' title="bbox 1837 1366 3413 1444; baseline 0.007 -25"><span class='ocrx_word' id='word_1_182' title='bbox 1837 1376 2079 1434; x_wconf 75' lang='lat' dir='ltr'><strong>cogetur.</strong></span> <span class='ocrx_word' id='word_1_183' title='bbox 2114 1366 2217 1434; x_wconf 87' lang='lat' dir='ltr'><strong>Qui</strong></span> <span class='ocrx_word' id='word_1_184' title='bbox 2256 1382 2388 1422; x_wconf 86' lang='lat' dir='ltr'><strong>vero</strong></span> <span class='ocrx_word' id='word_1_185' title='bbox 2419 1369 2643 1423; x_wconf 89' lang='lat' dir='ltr'><strong>omnino</strong></span> <span class='ocrx_word' id='word_1_186' title='bbox 2680 1369 2815 1424; x_wconf 89' lang='lat' dir='ltr'><strong>liber</strong></span> <span class='ocrx_word' id='word_1_187' title='bbox 2850 1380 2953 1434; x_wconf 92' lang='lat' dir='ltr'><strong>est,</strong></span> <span class='ocrx_word' id='word_1_188' title='bbox 2991 1386 3090 1426; x_wconf 89' lang='lat' dir='ltr'><strong>nec</strong></span> <span class='ocrx_word' id='word_1_189' title='bbox 3132 1374 3222 1428; x_wconf 91' lang='lat' dir='ltr'><strong>ulli</strong></span> <span class='ocrx_word' id='word_1_190' title='bbox 3252 1375 3413 1444; x_wconf 80' lang='lat' dir='ltr'><strong>(inor-</strong></span> 
     </span>
    </p>
   </div>
   <div class='ocr_carea' id='block_1_26' title="bbox 158 1456 1724 1534">
    <p class='ocr_par' dir='ltr' id='par_1_26' title="bbox 158 1459 1724 1533">
     <span class='ocr_line' id='line_1_26' title="bbox 158 1459 1724 1533; baseline -0.001 -17"><span class='ocrx_word' id='word_1_191' title='bbox 158 1463 477 1533; x_wconf 80' lang='grc' dir='ltr'>πλατύτερον</span> <span class='ocrx_word' id='word_1_192' title='bbox 506 1463 602 1515; x_wconf 81' lang='grc' dir='ltr'><strong>καὶ</strong></span> <span class='ocrx_word' id='word_1_193' title='bbox 642 1459 1166 1531; x_wconf 84' lang='grc' dir='ltr'>ἁποδεικτικώτερον</span> <span class='ocrx_word' id='word_1_194' title='bbox 1208 1459 1424 1530; x_wconf 82' lang='grc' dir='ltr'>μαθεῖν,</span> <span class='ocrx_word' id='word_1_195' title='bbox 1452 1460 1642 1532; x_wconf 77' lang='grc' dir='ltr'>ἔντυχε</span> <span class='ocrx_word' id='word_1_196' title='bbox 1668 1464 1724 1532; x_wconf 63' lang='grc' dir='ltr'>τῇ</span> 
     </span>
    </p>
   </div>
   <div class='ocr_carea' id='block_1_27' title="bbox 1835 1456 3410 1534">
    <p class='ocr_par' dir='ltr' id='par_1_27' title="bbox 1836 1456 3410 1534">
     <span class='ocr_line' id='line_1_27' title="bbox 1836 1456 3410 1534; baseline 0.007 -23"><span class='ocrx_word' id='word_1_197' title='bbox 1836 1456 1928 1511; x_wconf 89' lang='lat' dir='ltr'><strong>tali</strong></span> <span class='ocrx_word' id='word_1_198' title='bbox 1968 1458 2123 1528; x_wconf 89' lang='lat' dir='ltr'><strong>hero)</strong></span> <span class='ocrx_word' id='word_1_199' title='bbox 2154 1459 2451 1529; x_wconf 82' lang='lat' dir='ltr'><strong>subjectus,</strong></span> <span class='ocrx_word' id='word_1_200' title='bbox 2480 1461 2574 1515; x_wconf 89' lang='lat' dir='ltr'><strong>sed</strong></span> <span class='ocrx_word' id='word_1_201' title='bbox 2604 1461 2805 1517; x_wconf 87' lang='lat' dir='ltr'><strong>Christi</strong></span> <span class='ocrx_word' id='word_1_202' title='bbox 2834 1463 3049 1534; x_wconf 87' lang='lat' dir='ltr'><strong>(solius)</strong></span> <span class='ocrx_word' id='word_1_203' title='bbox 3081 1477 3164 1521; x_wconf 91' lang='lat' dir='ltr'><strong>est</strong></span> <span class='ocrx_word' id='word_1_204' title='bbox 3195 1483 3410 1533; x_wconf 89' lang='lat' dir='ltr'><strong>servus,</strong></span> 
     </span>
    </p>
   </div>
   <div class='ocr_carea' id='block_1_28' title="bbox 156 1549 1724 1626">
    <p class='ocr_par' dir='ltr' id='par_1_28' title="bbox 156 1551 1724 1626">
     <span class='ocr_line' id='line_1_28' title="bbox 156 1551 1724 1626; baseline -0.002 -18"><span class='ocrx_word' id='word_1_205' title='bbox 156 1555 399 1626; x_wconf 80' lang='grc' dir='ltr'>ἐπιστολῇ</span> <span class='ocrx_word' id='word_1_206' title='bbox 430 1556 498 1625; x_wconf 79' lang='grc' dir='ltr'>τῇ</span> <span class='ocrx_word' id='word_1_207' title='bbox 525 1552 662 1625; x_wconf 78' lang='grc' dir='ltr'>πρὸς</span> <span class='ocrx_word' id='word_1_208' title='bbox 689 1551 781 1605; x_wconf 83' lang='grc' dir='ltr'><strong>τὸν</strong></span> <span class='ocrx_word' id='word_1_209' title='bbox 810 1551 1109 1604; x_wconf 78' lang='grc' dir='ltr'>ἐπίσκοπον</span> <span class='ocrx_word' id='word_1_210' title='bbox 1138 1553 1266 1622; x_wconf 80' lang='grc' dir='ltr'>περὶ</span> <span class='ocrx_word' id='word_1_211' title='bbox 1304 1552 1497 1605; x_wconf 85' lang='grc' dir='ltr'>τούτου</span> <span class='ocrx_word' id='word_1_212' title='bbox 1542 1552 1724 1624; x_wconf 60' lang='grc' dir='ltr'>πρώην</span> 
     </span>
    </p>
   </div>
   <div class='ocr_carea' id='block_1_29' title="bbox 1835 1549 3410 1626">
    <p class='ocr_par' dir='ltr' id='par_1_29' title="bbox 1835 1549 3410 1622">
     <span class='ocr_line' id='line_1_29' title="bbox 1835 1549 3410 1622; baseline 0.006 -20"><span class='ocrx_word' id='word_1_213' title='bbox 1835 1563 1933 1618; x_wconf 91' lang='lat' dir='ltr'><strong>per</strong></span> <span class='ocrx_word' id='word_1_214' title='bbox 1965 1550 2144 1603; x_wconf 88' lang='lat' dir='ltr'><strong>omnia</strong></span> <span class='ocrx_word' id='word_1_215' title='bbox 2201 1549 2331 1605; x_wconf 87' lang='lat' dir='ltr'><strong>huic</strong></span> <span class='ocrx_word' id='word_1_216' title='bbox 2379 1552 2629 1607; x_wconf 86' lang='lat' dir='ltr'><strong>subditus</strong></span> <span class='ocrx_word' id='word_1_217' title='bbox 2660 1556 2784 1608; x_wconf 87' lang='lat' dir='ltr'><strong>erit.</strong></span> <span class='ocrx_word' id='word_1_218' title='bbox 2834 1557 3196 1622; x_wconf 89' lang='lat' dir='ltr'><strong>Quamobrem</strong></span> <span class='ocrx_word' id='word_1_219' title='bbox 3246 1559 3410 1613; x_wconf 87' lang='lat' dir='ltr'><strong>etiam</strong></span> 
     </span>
    </p>
   </div>
   <div class='ocr_carea' id='block_1_30' title="bbox 154 1640 1724 1719">
    <p class='ocr_par' dir='ltr' id='par_1_30' title="bbox 154 1640 1163 1714">
     <span class='ocr_line' id='line_1_30' title="bbox 154 1640 1163 1714; baseline -0.002 -17"><span class='ocrx_word' id='word_1_220' title='bbox 154 1662 243 1713; x_wconf 81' lang='grc' dir='ltr'><strong>μοι</strong></span> <span class='ocrx_word' id='word_1_221' title='bbox 275 1643 581 1714; x_wconf 79' lang='grc' dir='ltr'>γραφείσῃ,</span> <span class='ocrx_word' id='word_1_222' title='bbox 615 1642 710 1694; x_wconf 58' lang='grc' dir='ltr'><strong>καὶ⁸</strong></span> <span class='ocrx_word' id='word_1_223' title='bbox 738 1640 861 1713; x_wconf 78' lang='grc' dir='ltr'>εἴσῃ</span> <span class='ocrx_word' id='word_1_224' title='bbox 896 1640 1163 1711; x_wconf 75' lang='grc' dir='ltr'>ἀκριϐῶς.</span> 
     </span>
    </p>
   </div>
   <div class='ocr_carea' id='block_1_31' title="bbox 1835 1640 3411 1719">
    <p class='ocr_par' dir='ltr' id='par_1_31' title="bbox 1835 1642 3411 1719">
     <span class='ocr_line' id='line_1_31' title="bbox 1835 1642 3411 1719; baseline 0.006 -23"><span class='ocrx_word' id='word_1_225' title='bbox 1835 1642 2136 1698; x_wconf 83' lang='lat' dir='ltr'><strong>severiores</strong></span> <span class='ocrx_word' id='word_1_226' title='bbox 2170 1642 2315 1697; x_wconf 88' lang='lat' dir='ltr'><strong>dabit</strong></span> <span class='ocrx_word' id='word_1_227' title='bbox 2337 1658 2524 1712; x_wconf 66' lang='lat' dir='ltr'><strong>poenas</strong></span> <span class='ocrx_word' id='word_1_228' title='bbox 2549 1644 2615 1714; x_wconf 90' lang='lat' dir='ltr'><strong>(si</strong></span> <span class='ocrx_word' id='word_1_229' title='bbox 2641 1645 2823 1701; x_wconf 78' lang='lat' dir='ltr'><strong>officio</strong></span> <span class='ocrx_word' id='word_1_230' title='bbox 2853 1662 2954 1702; x_wconf 92' lang='lat' dir='ltr'><strong>suo</strong></span> <span class='ocrx_word' id='word_1_231' title='bbox 2984 1648 3260 1719; x_wconf 77' lang='lat' dir='ltr'><strong>defuerit).</strong></span> <span class='ocrx_word' id='word_1_232' title='bbox 3283 1650 3411 1705; x_wconf 65' lang='lat' dir='ltr'><strong>Haec</strong></span> 
     </span>
    </p>
   </div>
   <div class='ocr_carea' id='block_1_32' title="bbox 156 1729 3413 1817">
    <p class='ocr_par' dir='ltr' id='par_1_32' title="bbox 156 1729 3413 1817">
     <span class='ocr_line' id='line_1_32' title="bbox 156 1729 3413 1817; baseline 0.004 -31"><span class='ocrx_word' id='word_1_233' title='bbox 156 1734 308 1803; x_wconf 79' lang='lat' dir='ltr'><strong>igitur</strong></span> <span class='ocrx_word' id='word_1_234' title='bbox 333 1735 592 1787; x_wconf 90' lang='lat' dir='ltr'><strong>hactenus</strong></span> <span class='ocrx_word' id='word_1_235' title='bbox 623 1731 744 1785; x_wconf 92' lang='lat' dir='ltr'><strong>loco</strong></span> <span class='ocrx_word' id='word_1_236' title='bbox 768 1730 1148 1799; x_wconf 80' lang='lat' dir='ltr'><strong>explicationis</strong></span> <span class='ocrx_word' id='word_1_237' title='bbox 1176 1729 1245 1785; x_wconf 87' lang='lat' dir='ltr'><strong>ad</strong></span> <span class='ocrx_word' id='word_1_238' title='bbox 1275 1730 1378 1785; x_wconf 92' lang='lat' dir='ltr'><strong>hoc</strong></span> <span class='ocrx_word' id='word_1_239' title='bbox 1436 1732 1639 1785; x_wconf 87' lang='lat' dir='ltr'><strong>dictum</strong></span> <span class='ocrx_word' id='word_1_240' title='bbox 1696 1732 1946 1788; x_wconf 85' lang='lat' dir='ltr'><strong>attulisse</strong></span> <span class='ocrx_word' id='word_1_241' title='bbox 1994 1732 2250 1788; x_wconf 89' lang='lat' dir='ltr'><strong>sufﬁciat.</strong></span> <span class='ocrx_word' id='word_1_242' title='bbox 2323 1735 2473 1801; x_wconf 84' lang='lat' dir='ltr'><strong>Quod</strong></span> <span class='ocrx_word' id='word_1_243' title='bbox 2550 1739 2594 1791; x_wconf 92' lang='lat' dir='ltr'><strong>si</strong></span> <span class='ocrx_word' id='word_1_244' title='bbox 2661 1739 2870 1807; x_wconf 87' lang='lat' dir='ltr'><strong>plenius</strong></span> <span class='ocrx_word' id='word_1_245' title='bbox 2915 1751 2972 1795; x_wconf 93' lang='lat' dir='ltr'><strong>et</strong></span> <span class='ocrx_word' id='word_1_246' title='bbox 3018 1743 3244 1799; x_wconf 85' lang='lat' dir='ltr'><strong>solidius</strong></span> <span class='ocrx_word' id='word_1_247' title='bbox 3287 1747 3413 1817; x_wconf 85' lang='lat' dir='ltr'><strong>(hac</strong></span> 
     </span>
    </p>
   </div>
   <div class='ocr_carea' id='block_1_33' title="bbox 155 1826 3410 1911">
    <p class='ocr_par' dir='ltr' id='par_1_33' title="bbox 155 1826 3410 1911">
     <span class='ocr_line' id='line_1_33' title="bbox 155 1826 3410 1911; baseline 0.004 -27"><span class='ocrx_word' id='word_1_248' title='bbox 155 1831 331 1884; x_wconf 82' lang='lat' dir='ltr'><strong>eadem</strong></span> <span class='ocrx_word' id='word_1_249' title='bbox 358 1830 425 1883; x_wconf 90' lang='lat' dir='ltr'><strong>de</strong></span> <span class='ocrx_word' id='word_1_250' title='bbox 448 1828 527 1897; x_wconf 86' lang='lat' dir='ltr'><strong>re)</strong></span> <span class='ocrx_word' id='word_1_251' title='bbox 548 1841 876 1897; x_wconf 79' lang='lat' dir='ltr'><strong>cognoscere</strong></span> <span class='ocrx_word' id='word_1_252' title='bbox 907 1840 1058 1893; x_wconf 88' lang='lat' dir='ltr'><strong>aves,</strong></span> <span class='ocrx_word' id='word_1_253' title='bbox 1086 1826 1204 1896; x_wconf 88' lang='lat' dir='ltr'><strong>lege</strong></span> <span class='ocrx_word' id='word_1_254' title='bbox 1226 1827 1535 1896; x_wconf 80' lang='lat' dir='ltr'><strong>epistolam,</strong></span> <span class='ocrx_word' id='word_1_255' title='bbox 1560 1842 1722 1896; x_wconf 90' lang='lat' dir='ltr'><strong>quam</strong></span> <span class='ocrx_word' id='word_1_256' title='bbox 1762 1844 1869 1883; x_wconf 92' lang='lat' dir='ltr'><strong>non</strong></span> <span class='ocrx_word' id='word_1_257' title='bbox 1906 1829 1978 1883; x_wconf 88' lang='lat' dir='ltr'><strong>ita</strong></span> <span class='ocrx_word' id='word_1_258' title='bbox 2008 1830 2217 1900; x_wconf 89' lang='lat' dir='ltr'><strong>pridem</strong></span> <span class='ocrx_word' id='word_1_259' title='bbox 2241 1830 2307 1885; x_wconf 91' lang='lat' dir='ltr'><strong>de</strong></span> <span class='ocrx_word' id='word_1_260' title='bbox 2332 1845 2396 1885; x_wconf 85' lang='lat' dir='ltr'><strong>ea</strong></span> <span class='ocrx_word' id='word_1_261' title='bbox 2455 1846 2515 1887; x_wconf 90' lang='lat' dir='ltr'><strong>re</strong></span> <span class='ocrx_word' id='word_1_262' title='bbox 2536 1833 2601 1887; x_wconf 92' lang='lat' dir='ltr'><strong>ad</strong></span> <span class='ocrx_word' id='word_1_263' title='bbox 2651 1834 2960 1905; x_wconf 88' lang='lat' dir='ltr'><strong>episcopum</strong></span> <span class='ocrx_word' id='word_1_264' title='bbox 3010 1848 3159 1893; x_wconf 92' lang='lat' dir='ltr'><strong>tuum</strong></span> <span class='ocrx_word' id='word_1_265' title='bbox 3184 1840 3410 1911; x_wconf 88' lang='lat' dir='ltr'><strong>scripsi,</strong></span> 
     </span>
    </p>
   </div>
   <div class='ocr_carea' id='block_1_34' title="bbox 156 1918 612 1973">
    <p class='ocr_par' dir='ltr' id='par_1_34' title="bbox 156 1918 612 1973">
     <span class='ocr_line' id='line_1_34' title="bbox 156 1918 612 1973; baseline -0.002 -1"><span class='ocrx_word' id='word_1_266' title='bbox 156 1929 204 1972; x_wconf 86' lang='lat' dir='ltr'><strong>et</strong></span> <span class='ocrx_word' id='word_1_267' title='bbox 233 1927 419 1973; x_wconf 79' lang='lat' dir='ltr'><strong>exacte</strong></span> <span class='ocrx_word' id='word_1_268' title='bbox 447 1918 612 1973; x_wconf 84' lang='lat' dir='ltr'><strong>scies.</strong></span> 
     </span>
    </p>
   </div>
   <div class='ocr_carea' id='block_1_35' title="bbox 562 2007 1272 2082">
    <p class='ocr_par' dir='ltr' id='par_1_35' title="bbox 562 2007 1272 2082">
     <span class='ocr_line' id='line_1_35' title="bbox 562 2007 1272 2082; baseline 0.004 -20"><span class='ocrx_word' id='word_1_269' title='bbox 562 2044 569 2049; x_wconf 75' lang='grc'><strong>-</strong></span> <span class='ocrx_word' id='word_1_270' title='bbox 602 2009 700 2063; x_wconf 69' lang='grc' dir='ltr'>ιιν.</span> <span class='ocrx_word' id='word_1_271' title='bbox 730 2041 801 2052; x_wconf 91' lang='grc'><strong><em>-</em></strong></span> <span class='ocrx_word' id='word_1_272' title='bbox 829 2009 1083 2064; x_wconf 67' lang='lat' dir='ltr'><strong>aream</strong></span> <span class='ocrx_word' id='word_1_273' title='bbox 1136 2007 1272 2082; x_wconf 78' lang='lat'><strong>(65).</strong></span> 
     </span>
    </p>
   </div>
   <div class='ocr_carea' id='block_1_36' title="bbox 153 2098 1732 2175">
    <p class='ocr_par' dir='ltr' id='par_1_36' title="bbox 153 2098 1732 2175">
     <span class='ocr_line' id='line_1_36' title="bbox 153 2098 1732 2175; baseline 0.001 -18"><span class='ocrx_word' id='word_1_274' title='bbox 153 2107 250 2170; x_wconf 76' lang='grc' dir='ltr'><strong>Εἰς</strong></span> <span class='ocrx_word' id='word_1_275' title='bbox 288 2103 378 2171; x_wconf 82' lang='grc' dir='ltr'>τὸ,</span> <span class='ocrx_word' id='word_1_276' title='bbox 411 2121 430 2155; x_wconf 82' lang='lat' dir='ltr'><strong>t</strong></span> <span class='ocrx_word' id='word_1_277' title='bbox 476 2100 607 2169; x_wconf 82' lang='grc' dir='ltr'>Τοῖς</span> <span class='ocrx_word' id='word_1_278' title='bbox 648 2101 799 2155; x_wconf 84' lang='grc' dir='ltr'>κατὰ</span> <span class='ocrx_word' id='word_1_279' title='bbox 840 2104 1131 2169; x_wconf 82' lang='grc' dir='ltr'>πρόθεσιν</span> <span class='ocrx_word' id='word_1_280' title='bbox 1172 2101 1423 2173; x_wconf 79' lang='grc' dir='ltr'>κλητοῖς</span> <span class='ocrx_word' id='word_1_281' title='bbox 1467 2100 1584 2175; x_wconf 71' lang='grc'><strong>(64)</strong></span> <span class='ocrx_word' id='word_1_282' title='bbox 1629 2098 1732 2160; x_wconf 67' lang='grc' dir='ltr'><strong>οὖν</strong></span> 
     </span>
    </p>
   </div>
   <div class='ocr_carea' id='block_1_37' title="bbox 838 2186 1016 2227">
    <p class='ocr_par' dir='ltr' id='par_1_37' title="bbox 838 2186 1016 2227">
     <span class='ocr_line' id='line_1_37' title="bbox 838 2186 1016 2227; baseline 0 -4"><span class='ocrx_word' id='word_1_283' title='bbox 838 2186 967 2227; x_wconf 89' lang='grc' dir='ltr'>σιν.</span> <span class='ocrx_word' id='word_1_284' title='bbox 998 2190 1016 2223; x_wconf 84' lang='grc'>›</span> 
     </span>
    </p>
   </div>
   <div class='ocr_carea' id='block_1_38' title="bbox 210 2258 1728 2334">
    <p class='ocr_par' dir='ltr' id='par_1_38' title="bbox 210 2258 1728 2334">
     <span class='ocr_line' id='line_1_38' title="bbox 210 2258 1728 2334; baseline 0.001 -18"><span class='ocrx_word' id='word_1_285' title='bbox 210 2264 492 2325; x_wconf 68' lang='grc' dir='ltr'>Ἅπαντες</span> <span class='ocrx_word' id='word_1_286' title='bbox 547 2260 834 2331; x_wconf 71' lang='grc' dir='ltr'>ἄνθρωποι</span> <span class='ocrx_word' id='word_1_287' title='bbox 853 2259 965 2330; x_wconf 82' lang='grc'><strong>(65)</strong></span> <span class='ocrx_word' id='word_1_288' title='bbox 1012 2258 1229 2325; x_wconf 83' lang='grc' dir='ltr'>τούτοις</span> <span class='ocrx_word' id='word_1_289' title='bbox 1274 2261 1371 2316; x_wconf 74' lang='grc' dir='ltr'><strong>καὶ</strong></span> <span class='ocrx_word' id='word_1_290' title='bbox 1410 2265 1728 2334; x_wconf 79' lang='grc' dir='ltr'>συμμαχεῖν</span> 
     </span>
    </p>
   </div>
   <div class='ocr_carea' id='block_1_39' title="bbox 151 2350 1730 2428">
    <p class='ocr_par' dir='ltr' id='par_1_39' title="bbox 151 2350 1730 2428">
     <span class='ocr_line' id='line_1_39' title="bbox 151 2350 1730 2428; baseline -0.003 -18"><span class='ocrx_word' id='word_1_291' title='bbox 151 2356 238 2411; x_wconf 71' lang='grc' dir='ltr'>καὶ</span> <span class='ocrx_word' id='word_1_292' title='bbox 263 2354 549 2428; x_wconf 81' lang='grc' dir='ltr'>προσέχειν</span> <span class='ocrx_word' id='word_1_293' title='bbox 575 2353 870 2413; x_wconf 76' lang='grc' dir='ltr'>ἐθέλουσιν,</span> <span class='ocrx_word' id='word_1_294' title='bbox 895 2350 988 2414; x_wconf 69' lang='grc' dir='ltr'><strong>οὓς</strong></span> <span class='ocrx_word' id='word_1_295' title='bbox 1015 2352 1081 2405; x_wconf 82' lang='grc' dir='ltr'><strong>ἂν</strong></span> <span class='ocrx_word' id='word_1_296' title='bbox 1115 2351 1414 2406; x_wconf 84' lang='grc' dir='ltr'>θεάσωνται</span> <span class='ocrx_word' id='word_1_297' title='bbox 1446 2355 1506 2406; x_wconf 83' lang='grc' dir='ltr'><strong>οὐ</strong></span> <span class='ocrx_word' id='word_1_298' title='bbox 1534 2353 1730 2407; x_wconf 86' lang='grc' dir='ltr'>καθεύ-</span> 
     </span>
    </p>
   </div>
   <div class='ocr_carea' id='block_1_40' title="bbox 147 2445 1776 2519">
    <p class='ocr_par' dir='ltr' id='par_1_40' title="bbox 147 2445 1776 2519">
     <span class='ocr_line' id='line_1_40' title="bbox 147 2445 1776 2519; baseline -0.003 -17"><span class='ocrx_word' id='word_1_299' title='bbox 147 2450 327 2512; x_wconf 71' lang='grc' dir='ltr'>δοντας</span> <span class='ocrx_word' id='word_1_300' title='bbox 358 2446 481 2503; x_wconf 78' lang='grc' dir='ltr'>οὐδὲ</span> <span class='ocrx_word' id='word_1_301' title='bbox 519 2445 901 2519; x_wconf 68' lang='grc' dir='ltr'>ρᾳθυμοῦντας</span> <span class='ocrx_word' id='word_1_302' title='bbox 926 2484 940 2507; x_wconf 90' lang='grc'><strong>,</strong></span> <span class='ocrx_word' id='word_1_303' title='bbox 972 2445 1108 2499; x_wconf 82' lang='grc' dir='ltr'>ἀλλά</span> <span class='ocrx_word' id='word_1_304' title='bbox 1137 2447 1728 2518; x_wconf 72' lang='grc' dir='ltr'>παρασκευαζομένους</span> <span class='ocrx_word' id='word_1_305' title='bbox 1769 2487 1776 2497; x_wconf 93' lang='grc'><strong>.</strong></span> 
     </span>
    </p>
   </div>
   <div class='ocr_carea' id='block_1_41' title="bbox 150 2537 1728 2612">
    <p class='ocr_par' dir='ltr' id='par_1_41' title="bbox 150 2537 1728 2612">
     <span class='ocr_line' id='line_1_41' title="bbox 150 2537 1728 2612; baseline -0.001 -18"><span class='ocrx_word' id='word_1_306' title='bbox 150 2540 238 2595; x_wconf 71' lang='grc' dir='ltr'>καὶ</span> <span class='ocrx_word' id='word_1_307' title='bbox 281 2538 804 2612; x_wconf 82' lang='grc' dir='ltr'>παρατεταγμένους</span> <span class='ocrx_word' id='word_1_308' title='bbox 830 2578 844 2601; x_wconf 94' lang='grc'><strong>,</strong></span> <span class='ocrx_word' id='word_1_309' title='bbox 892 2537 987 2591; x_wconf 81' lang='grc' dir='ltr'><strong>καὶ</strong></span> <span class='ocrx_word' id='word_1_310' title='bbox 1037 2537 1299 2609; x_wconf 82' lang='grc' dir='ltr'>πράττειν</span> <span class='ocrx_word' id='word_1_311' title='bbox 1345 2538 1656 2602; x_wconf 78' lang='grc' dir='ltr'>ἐθέλοντας,</span> <span class='ocrx_word' id='word_1_312' title='bbox 1692 2539 1728 2593; x_wconf 80' lang='grc' dir='ltr'>ἃ</span> 
     </span>
    </p>
   </div>
   <div class='ocr_carea' id='block_1_42' title="bbox 151 2628 1726 2703">
    <p class='ocr_par' dir='ltr' id='par_1_42' title="bbox 151 2628 1726 2703">
     <span class='ocr_line' id='line_1_42' title="bbox 151 2628 1726 2703; baseline -0.003 -16"><span class='ocrx_word' id='word_1_313' title='bbox 151 2634 265 2703; x_wconf 85' lang='grc' dir='ltr'>χρή.</span> <span class='ocrx_word' id='word_1_314' title='bbox 314 2631 443 2695; x_wconf 86' lang='grc' dir='ltr'><strong>Πῶς</strong></span> <span class='ocrx_word' id='word_1_315' title='bbox 491 2631 557 2685; x_wconf 79' lang='grc' dir='ltr'><strong>σὺ</strong></span> <span class='ocrx_word' id='word_1_316' title='bbox 597 2630 695 2701; x_wconf 81' lang='grc' dir='ltr'><strong>τὴν</strong></span> <span class='ocrx_word' id='word_1_317' title='bbox 734 2631 1003 2700; x_wconf 83' lang='grc' dir='ltr'>ἀήττητον</span> <span class='ocrx_word' id='word_1_318' title='bbox 1045 2628 1400 2699; x_wconf 85' lang='grc' dir='ltr'>συμμαχίαν,</span> <span class='ocrx_word' id='word_1_319' title='bbox 1446 2629 1726 2683; x_wconf 79' lang='grc' dir='ltr'>καθεύδων</span> 
     </span>
    </p>
   </div>
   <div class='ocr_carea' id='block_1_43' title="bbox 151 2719 1722 2795">
    <p class='ocr_par' dir='ltr' id='par_1_43' title="bbox 151 2719 1722 2795">
     <span class='ocr_line' id='line_1_43' title="bbox 151 2719 1722 2795; baseline -0.004 -17"><span class='ocrx_word' id='word_1_320' title='bbox 151 2726 234 2779; x_wconf 77' lang='grc' dir='ltr'>καὶ</span> <span class='ocrx_word' id='word_1_321' title='bbox 259 2724 497 2795; x_wconf 79' lang='grc' dir='ltr'>ρέγχων,</span> <span class='ocrx_word' id='word_1_322' title='bbox 524 2721 620 2775; x_wconf 70' lang='grc' dir='ltr'><strong>καὶ</strong></span> <span class='ocrx_word' id='word_1_323' title='bbox 646 2720 720 2792; x_wconf 84' lang='grc' dir='ltr'>μὴ</span> <span class='ocrx_word' id='word_1_324' title='bbox 746 2719 1048 2790; x_wconf 79' lang='grc' dir='ltr'>φροντίζων</span> <span class='ocrx_word' id='word_1_325' title='bbox 1079 2720 1177 2791; x_wconf 79' lang='grc' dir='ltr'>τῆς</span> <span class='ocrx_word' id='word_1_326' title='bbox 1202 2719 1400 2773; x_wconf 84' lang='grc' dir='ltr'>σαὺτοῦ</span> <span class='ocrx_word' id='word_1_327' title='bbox 1428 2720 1722 2791; x_wconf 86' lang='grc' dir='ltr'>σωτηρίας,</span> 
     </span>
    </p>
   </div>
   <div class='ocr_carea' id='block_1_44' title="bbox 150 2809 1727 2887">
    <p class='ocr_par' dir='ltr' id='par_1_44' title="bbox 150 2809 1727 2887">
     <span class='ocr_line' id='line_1_44' title="bbox 150 2809 1727 2887; baseline -0.003 -18"><span class='ocrx_word' id='word_1_328' title='bbox 150 2815 441 2887; x_wconf 80' lang='grc' dir='ltr'>ἐπιπτῆναί</span> <span class='ocrx_word' id='word_1_329' title='bbox 476 2830 557 2867; x_wconf 91' lang='grc' dir='ltr'><strong>σοι</strong></span> <span class='ocrx_word' id='word_1_330' title='bbox 586 2812 927 2883; x_wconf 85' lang='grc' dir='ltr'>παρακαλεῖς</span> <span class='ocrx_word' id='word_1_331' title='bbox 953 2850 968 2875; x_wconf 92' lang='grc'><strong>,</strong></span> <span class='ocrx_word' id='word_1_332' title='bbox 999 2809 1095 2864; x_wconf 78' lang='grc' dir='ltr'>καὶ</span> <span class='ocrx_word' id='word_1_333' title='bbox 1123 2811 1507 2883; x_wconf 82' lang='grc' dir='ltr'>διαμαρτάνων</span> <span class='ocrx_word' id='word_1_334' title='bbox 1536 2812 1727 2883; x_wconf 88' lang='grc' dir='ltr'>δυσχε-</span> 
     </span>
    </p>
   </div>
   <div class='ocr_carea' id='block_1_45' title="bbox 151 2902 1724 2980">
    <p class='ocr_par' dir='ltr' id='par_1_45' title="bbox 151 2902 1724 2980">
     <span class='ocr_line' id='line_1_45' title="bbox 151 2902 1724 2980; baseline -0.003 -18"><span class='ocrx_word' id='word_1_335' title='bbox 151 2910 379 2980; x_wconf 85' lang='grc' dir='ltr'>ραίνεις;</span> <span class='ocrx_word' id='word_1_336' title='bbox 420 2905 693 2975; x_wconf 83' lang='grc' dir='ltr'>Ἡγείσθω</span> <span class='ocrx_word' id='word_1_337' title='bbox 723 2903 905 2957; x_wconf 89' lang='grc' dir='ltr'>τοίνυν</span> <span class='ocrx_word' id='word_1_338' title='bbox 937 2905 1005 2958; x_wconf 82' lang='grc' dir='ltr'>τὰ</span> <span class='ocrx_word' id='word_1_339' title='bbox 1036 2903 1189 2975; x_wconf 81' lang='grc' dir='ltr'>παρὰ</span> <span class='ocrx_word' id='word_1_340' title='bbox 1222 2903 1341 2970; x_wconf 86' lang='grc' dir='ltr'>σοῦ,</span> <span class='ocrx_word' id='word_1_341' title='bbox 1370 2904 1467 2956; x_wconf 81' lang='grc' dir='ltr'>καὶ</span> <span class='ocrx_word' id='word_1_342' title='bbox 1495 2902 1563 2957; x_wconf 79' lang='grc' dir='ltr'><strong>τὰ</strong></span> <span class='ocrx_word' id='word_1_343' title='bbox 1591 2907 1724 2976; x_wconf 85' lang='grc' dir='ltr'>παρ’</span> 
     </span>
    </p>
   </div>
   <div class='ocr_carea' id='block_1_46' title="bbox 148 2993 1724 3071">
    <p class='ocr_par' dir='ltr' id='par_1_46' title="bbox 148 2993 1724 3071">
     <span class='ocr_line' id='line_1_46' title="bbox 148 2993 1724 3071; baseline -0.001 -18"><span class='ocrx_word' id='word_1_344' title='bbox 148 3001 354 3071; x_wconf 80' lang='grc' dir='ltr'>ἐκείνης</span> <span class='ocrx_word' id='word_1_345' title='bbox 371 2998 584 3068; x_wconf 73' lang='grc' dir='ltr'>ἕψεται.</span> <span class='ocrx_word' id='word_1_346' title='bbox 607 2996 682 3049; x_wconf 84' lang='grc' dir='ltr'><strong>Οὐ</strong></span> <span class='ocrx_word' id='word_1_347' title='bbox 699 2995 810 3066; x_wconf 74' lang='grc' dir='ltr'>γὰρ</span> <span class='ocrx_word' id='word_1_348' title='bbox 836 2994 1019 3063; x_wconf 79' lang='grc' dir='ltr'>λόγοις</span> <span class='ocrx_word' id='word_1_349' title='bbox 1042 2993 1347 3065; x_wconf 80' lang='grc' dir='ltr'>καλουμένη</span> <span class='ocrx_word' id='word_1_350' title='bbox 1379 2994 1557 3064; x_wconf 87' lang='grc' dir='ltr'>μόνον,</span> <span class='ocrx_word' id='word_1_351' title='bbox 1586 2995 1724 3051; x_wconf 74' lang='grc' dir='ltr'>ἀλλὰ</span> 
     </span>
    </p>
   </div>
   <div class='ocr_carea' id='block_1_47' title="bbox 143 3084 1725 3161">
    <p class='ocr_par' dir='ltr' id='par_1_47' title="bbox 143 3084 1725 3161">
     <span class='ocr_line' id='line_1_47' title="bbox 143 3084 1725 3161; baseline -0.001 -19"><span class='ocrx_word' id='word_1_352' title='bbox 143 3092 228 3144; x_wconf 64' lang='lat' dir='ltr'><strong>ut</strong></span> <span class='ocrx_word' id='word_1_353' title='bbox 274 3091 464 3161; x_wconf 77' lang='grc' dir='ltr'>ἔργοις</span> <span class='ocrx_word' id='word_1_354' title='bbox 502 3086 965 3157; x_wconf 81' lang='grc' dir='ltr'>παρακαλουμένη</span> <span class='ocrx_word' id='word_1_355' title='bbox 988 3125 1004 3149; x_wconf 94' lang='grc'><strong>,</strong></span> <span class='ocrx_word' id='word_1_356' title='bbox 1042 3084 1235 3155; x_wconf 84' lang='grc' dir='ltr'>ὥσπερ</span> <span class='ocrx_word' id='word_1_357' title='bbox 1278 3086 1725 3155; x_wconf 83' lang='grc' dir='ltr'>αὐτεπάγγελτος</span> 
     </span>
    </p>
   </div>
   <div class='ocr_carea' id='block_1_48' title="bbox 142 3175 1723 3253">
    <p class='ocr_par' dir='ltr' id='par_1_48' title="bbox 142 3175 1723 3253">
     <span class='ocr_line' id='line_1_48' title="bbox 142 3175 1723 3253; baseline -0.001 -19"><span class='ocrx_word' id='word_1_358' title='bbox 142 3183 273 3253; x_wconf 67' lang='grc' dir='ltr'>ἥξει.</span> <span class='ocrx_word' id='word_1_359' title='bbox 312 3181 383 3233; x_wconf 87' lang='grc' dir='ltr'><strong>Ἦ</strong></span> <span class='ocrx_word' id='word_1_360' title='bbox 405 3178 516 3250; x_wconf 84' lang='grc' dir='ltr'>γὰρ</span> <span class='ocrx_word' id='word_1_361' title='bbox 535 3179 660 3241; x_wconf 81' lang='grc' dir='ltr'>τοὺς</span> <span class='ocrx_word' id='word_1_362' title='bbox 684 3176 1049 3241; x_wconf 75' lang='grc' dir='ltr'>καθεύδοντας</span> <span class='ocrx_word' id='word_1_363' title='bbox 1076 3175 1417 3247; x_wconf 89' lang='grc' dir='ltr'>διεγείρουσα</span> <span class='ocrx_word' id='word_1_364' title='bbox 1433 3217 1448 3242; x_wconf 92' lang='grc'><strong>,</strong></span> <span class='ocrx_word' id='word_1_365' title='bbox 1475 3178 1571 3231; x_wconf 82' lang='grc' dir='ltr'>καὶ</span> <span class='ocrx_word' id='word_1_366' title='bbox 1596 3179 1723 3243; x_wconf 79' lang='grc' dir='ltr'>τοὺς</span> 
     </span>
    </p>
   </div>
   <div class='ocr_carea' id='block_1_49' title="bbox 146 3265 1722 3343">
    <p class='ocr_par' dir='ltr' id='par_1_49' title="bbox 146 3265 1722 3343">
     <span class='ocr_line' id='line_1_49' title="bbox 146 3265 1722 3343; baseline -0.004 -19"><span class='ocrx_word' id='word_1_367' title='bbox 146 3272 217 3343; x_wconf 76' lang='grc' dir='ltr'>μὴ</span> <span class='ocrx_word' id='word_1_368' title='bbox 261 3267 624 3342; x_wconf 74' lang='grc' dir='ltr'>βουλομένους</span> <span class='ocrx_word' id='word_1_369' title='bbox 655 3266 1067 3339; x_wconf 77' lang='grc' dir='ltr'>προτρέπουσα,</span> <span class='ocrx_word' id='word_1_370' title='bbox 1102 3265 1204 3319; x_wconf 82' lang='grc' dir='ltr'><strong>οὐκ</strong></span> <span class='ocrx_word' id='word_1_371' title='bbox 1229 3265 1295 3318; x_wconf 81' lang='grc' dir='ltr'>ἂν</span> <span class='ocrx_word' id='word_1_372' title='bbox 1326 3267 1451 3330; x_wconf 86' lang='grc' dir='ltr'>τοὺς</span> <span class='ocrx_word' id='word_1_373' title='bbox 1477 3266 1570 3333; x_wconf 83' lang='grc' dir='ltr'><strong>ἀφ’</strong></span> <span class='ocrx_word' id='word_1_374' title='bbox 1594 3268 1722 3320; x_wconf 75' lang='grc' dir='ltr'>ἑαυ-</span> 
     </span>
    </p>
   </div>
   <div class='ocr_carea' id='block_1_50' title="bbox 2341 2015 2915 2077">
    <p class='ocr_par' dir='ltr' id='par_1_50' title="bbox 2341 2015 2915 2077">
     <span class='ocr_line' id='line_1_50' title="bbox 2341 2015 2915 2077; baseline 0.012 -7"><span class='ocrx_word' id='word_1_375' title='bbox 2341 2015 2485 2072; x_wconf 75' lang='grc' dir='ltr'><strong>ΧΙΙΙ.</strong></span> <span class='ocrx_word' id='word_1_376' title='bbox 2528 2047 2599 2058; x_wconf 91' lang='grc'><strong>-</strong></span> <span class='ocrx_word' id='word_1_377' title='bbox 2636 2018 2915 2077; x_wconf 82' lang='lat' dir='ltr'><strong>SYRONI.</strong></span> 
     </span>
    </p>
   </div>
   <div class='ocr_carea' id='block_1_51' title="bbox 1834 2100 3407 2187">
    <p class='ocr_par' dir='ltr' id='par_1_51' title="bbox 1834 2100 3407 2187">
     <span class='ocr_line' id='line_1_51' title="bbox 1834 2100 3407 2187; baseline 0.012 -31"><span class='ocrx_word' id='word_1_378' title='bbox 1834 2100 1903 2157; x_wconf 86' lang='lat' dir='ltr'><strong>In</strong></span> <span class='ocrx_word' id='word_1_379' title='bbox 1924 2103 2095 2164; x_wconf 76' lang='lat' dir='ltr'><strong>illudl</strong></span> <span class='ocrx_word' id='word_1_380' title='bbox 2104 2102 2262 2160; x_wconf 81' lang='lat' dir='ltr'><strong>Pauli</strong></span> <span class='ocrx_word' id='word_1_381' title='bbox 2275 2106 2508 2176; x_wconf 72' lang='lat' dir='ltr'><strong>fdictum)</strong></span> <span class='ocrx_word' id='word_1_382' title='bbox 2526 2125 2555 2187; x_wconf 87' lang='lat'><strong>_:</strong></span> <span class='ocrx_word' id='word_1_383' title='bbox 2592 2128 2609 2160; x_wconf 78' lang='grc' dir='ltr'><strong>ι</strong></span> <span class='ocrx_word' id='word_1_384' title='bbox 2642 2108 3059 2187; x_wconf 68' lang='lat' dir='ltr'><strong>Qui_secundum</strong></span> <span class='ocrx_word' id='word_1_385' title='bbox 3080 2120 3407 2187; x_wconf 83' lang='lat' dir='ltr'><strong>propositum</strong></span> 
     </span>
    </p>
   </div>
   <div class='ocr_carea' id='block_1_52' title="bbox 2372 2180 2863 2234">
    <p class='ocr_par' dir='ltr' id='par_1_52' title="bbox 2372 2180 2863 2234">
     <span class='ocr_line' id='line_1_52' title="bbox 2372 2180 2863 2234; baseline 0.006 -3"><span class='ocrx_word' id='word_1_386' title='bbox 2372 2181 2535 2231; x_wconf 79' lang='lat' dir='ltr'><strong>vocati</strong></span> <span class='ocrx_word' id='word_1_387' title='bbox 2569 2191 2690 2232; x_wconf 79' lang='lat' dir='ltr'><strong>sunt</strong></span> <span class='ocrx_word' id='word_1_388' title='bbox 2730 2180 2796 2234; x_wconf 81' lang='lat'><strong>&quot;.</strong></span> <span class='ocrx_word' id='word_1_389' title='bbox 2845 2202 2863 2233; x_wconf 75' lang='grc' dir='ltr'><strong>ι</strong></span> 
     </span>
    </p>
   </div>
   <div class='ocr_carea' id='block_1_53' title="bbox 1901 2265 3408 2338">
    <p class='ocr_par' dir='ltr' id='par_1_53' title="bbox 1901 2265 3408 2338">
     <span class='ocr_line' id='line_1_53' title="bbox 1901 2265 3408 2338; baseline 0.011 -18"><span class='ocrx_word' id='word_1_390' title='bbox 1901 2265 2103 2322; x_wconf 90' lang='lat' dir='ltr'><strong>Omnes</strong></span> <span class='ocrx_word' id='word_1_391' title='bbox 2143 2267 2389 2324; x_wconf 81' lang='lat' dir='ltr'><strong>homines</strong></span> <span class='ocrx_word' id='word_1_392' title='bbox 2425 2269 2501 2323; x_wconf 91' lang='lat' dir='ltr'><strong>ita</strong></span> <span class='ocrx_word' id='word_1_393' title='bbox 2537 2280 2661 2326; x_wconf 91' lang='lat' dir='ltr'><strong>sunt</strong></span> <span class='ocrx_word' id='word_1_394' title='bbox 2692 2272 2891 2338; x_wconf 80' lang='lat' dir='ltr'><strong>aﬁ&#39;ecti,</strong></span> <span class='ocrx_word' id='word_1_395' title='bbox 2925 2284 2982 2328; x_wconf 90' lang='lat' dir='ltr'><strong>ut</strong></span> <span class='ocrx_word' id='word_1_396' title='bbox 3021 2277 3128 2333; x_wconf 91' lang='lat' dir='ltr'><strong>illis</strong></span> <span class='ocrx_word' id='word_1_397' title='bbox 3153 2281 3408 2337; x_wconf 86' lang='lat' dir='ltr'><strong>studeant</strong></span> 
     </span>
    </p>
   </div>
   <div class='ocr_carea' id='block_1_54' title="bbox 1828 2358 3405 2442">
    <p class='ocr_par' dir='ltr' id='par_1_54' title="bbox 1828 2358 3405 2442">
     <span class='ocr_line' id='line_1_54' title="bbox 1828 2358 3405 2442; baseline 0.01 -31"><span class='ocrx_word' id='word_1_398' title='bbox 1828 2366 1883 2412; x_wconf 90' lang='lat' dir='ltr'><strong>et</strong></span> <span class='ocrx_word' id='word_1_399' title='bbox 1906 2358 2161 2442; x_wconf 75' lang='lat' dir='ltr'><strong>opitulari</strong></span> <span class='ocrx_word' id='word_1_400' title='bbox 2192 2369 2247 2415; x_wconf 90' lang='lat' dir='ltr'><strong>et</strong></span> <span class='ocrx_word' id='word_1_401' title='bbox 2284 2362 2585 2429; x_wconf 86' lang='lat' dir='ltr'><strong>attendere,</strong></span> <span class='ocrx_word' id='word_1_402' title='bbox 2614 2380 2750 2434; x_wconf 85' lang='lat' dir='ltr'><strong>quos</strong></span> <span class='ocrx_word' id='word_1_403' title='bbox 2779 2366 3015 2421; x_wconf 87' lang='lat' dir='ltr'><strong>viderint</strong></span> <span class='ocrx_word' id='word_1_404' title='bbox 3062 2386 3405 2442; x_wconf 85' lang='lat' dir='ltr'><strong>nequaquam</strong></span> 
     </span>
    </p>
   </div>
   <div class='ocr_carea' id='block_1_55' title="bbox 1828 2449 3408 2536">
    <p class='ocr_par' dir='ltr' id='par_1_55' title="bbox 1828 2449 3408 2536">
     <span class='ocr_line' id='line_1_55' title="bbox 1828 2449 3408 2536; baseline 0.014 -33"><span class='ocrx_word' id='word_1_405' title='bbox 1828 2449 2164 2507; x_wconf 88' lang='lat' dir='ltr'><strong>dormientes</strong></span> <span class='ocrx_word' id='word_1_406' title='bbox 2195 2468 2371 2522; x_wconf 89' lang='lat' dir='ltr'><strong>neque</strong></span> <span class='ocrx_word' id='word_1_407' title='bbox 2415 2454 2644 2523; x_wconf 66' lang='lat' dir='ltr'><strong>ignaviae</strong></span> <span class='ocrx_word' id='word_1_408' title='bbox 2684 2459 2935 2526; x_wconf 87' lang='lat' dir='ltr'><strong>deditos;</strong></span> <span class='ocrx_word' id='word_1_409' title='bbox 2966 2465 3059 2515; x_wconf 90' lang='lat' dir='ltr'><strong>sed</strong></span> <span class='ocrx_word' id='word_1_410' title='bbox 3089 2466 3177 2532; x_wconf 85' lang='lat' dir='ltr'><strong>qui</strong></span> <span class='ocrx_word' id='word_1_411' title='bbox 3214 2466 3312 2536; x_wconf 82' lang='lat' dir='ltr'><strong>ipsi</strong></span> <span class='ocrx_word' id='word_1_412' title='bbox 3347 2483 3408 2525; x_wconf 86' lang='lat' dir='ltr'><strong>se</strong></span> 
     </span>
    </p>
   </div>
   <div class='ocr_carea' id='block_1_56' title="bbox 1827 2547 3405 2622">
    <p class='ocr_par' dir='ltr' id='par_1_56' title="bbox 1827 2547 3405 2622">
     <span class='ocr_line' id='line_1_56' title="bbox 1827 2547 3405 2622; baseline 0.015 -28"><span class='ocrx_word' id='word_1_413' title='bbox 1827 2556 2155 2611; x_wconf 66' lang='lat' dir='ltr'><strong>praeparant,</strong></span> <span class='ocrx_word' id='word_1_414' title='bbox 2204 2556 2258 2599; x_wconf 91' lang='lat' dir='ltr'><strong>et</strong></span> <span class='ocrx_word' id='word_1_415' title='bbox 2290 2547 2588 2613; x_wconf 89' lang='lat' dir='ltr'><strong>instruunt,</strong></span> <span class='ocrx_word' id='word_1_416' title='bbox 2619 2556 2673 2602; x_wconf 85' lang='lat' dir='ltr'><strong>et</strong></span> <span class='ocrx_word' id='word_1_417' title='bbox 2715 2553 2949 2622; x_wconf 91' lang='lat' dir='ltr'><strong>prompti</strong></span> <span class='ocrx_word' id='word_1_418' title='bbox 2988 2565 3114 2611; x_wconf 91' lang='lat' dir='ltr'><strong>sunt</strong></span> <span class='ocrx_word' id='word_1_419' title='bbox 3145 2561 3213 2614; x_wconf 85' lang='lat' dir='ltr'><strong>ad</strong></span> <span class='ocrx_word' id='word_1_420' title='bbox 3240 2561 3405 2617; x_wconf 91' lang='lat' dir='ltr'><strong>ofﬁcii</strong></span> 
     </span>
    </p>
   </div>
   <div class='ocr_carea' id='block_1_57' title="bbox 1827 2635 3406 2715">
    <p class='ocr_par' dir='ltr' id='par_1_57' title="bbox 1827 2635 3406 2715">
     <span class='ocr_line' id='line_1_57' title="bbox 1827 2635 3406 2715; baseline 0.013 -30"><span class='ocrx_word' id='word_1_421' title='bbox 1827 2641 2009 2702; x_wconf 91' lang='lat' dir='ltr'><strong>partes</strong></span> <span class='ocrx_word' id='word_1_422' title='bbox 2053 2635 2403 2704; x_wconf 87' lang='lat' dir='ltr'><strong>peragendas.</strong></span> <span class='ocrx_word' id='word_1_423' title='bbox 2441 2635 2555 2703; x_wconf 90' lang='lat' dir='ltr'><strong>Qua</strong></span> <span class='ocrx_word' id='word_1_424' title='bbox 2607 2637 2771 2709; x_wconf 78' lang='lat' dir='ltr'><strong>igitur</strong></span> <span class='ocrx_word' id='word_1_425' title='bbox 2803 2641 2983 2697; x_wconf 89' lang='lat' dir='ltr'><strong>fronte</strong></span> <span class='ocrx_word' id='word_1_426' title='bbox 3032 2655 3085 2698; x_wconf 88' lang='grc' dir='ltr'><strong>ιιι</strong></span> <span class='ocrx_word' id='word_1_427' title='bbox 3132 2650 3406 2715; x_wconf 83' lang='lat' dir='ltr'><strong>postulare</strong></span> 
     </span>
    </p>
   </div>
   <div class='ocr_carea' id='block_1_58' title="bbox 1828 2723 3406 2807">
    <p class='ocr_par' dir='ltr' id='par_1_58' title="bbox 1828 2723 3406 2807">
     <span class='ocr_line' id='line_1_58' title="bbox 1828 2723 3406 2807; baseline 0.014 -34"><span class='ocrx_word' id='word_1_428' title='bbox 1828 2723 1998 2777; x_wconf 88' lang='lat' dir='ltr'><strong>audes</strong></span> <span class='ocrx_word' id='word_1_429' title='bbox 2027 2732 2105 2788; x_wconf 91' lang='lat' dir='ltr'><strong>ut,</strong></span> <span class='ocrx_word' id='word_1_430' title='bbox 2137 2725 2262 2777; x_wconf 90' lang='lat' dir='ltr'><strong>dum</strong></span> <span class='ocrx_word' id='word_1_431' title='bbox 2296 2724 2413 2794; x_wconf 89' lang='lat' dir='ltr'><strong>ipse</strong></span> <span class='ocrx_word' id='word_1_432' title='bbox 2438 2724 2666 2790; x_wconf 88' lang='lat' dir='ltr'><strong>dormis,</strong></span> <span class='ocrx_word' id='word_1_433' title='bbox 2691 2744 2753 2783; x_wconf 86' lang='lat' dir='ltr'><strong>ac</strong></span> <span class='ocrx_word' id='word_1_434' title='bbox 2780 2733 2985 2799; x_wconf 89' lang='lat' dir='ltr'><strong>stertis,</strong></span> <span class='ocrx_word' id='word_1_435' title='bbox 3023 2735 3279 2807; x_wconf 78' lang='lat' dir='ltr'><strong>nullaque</strong></span> <span class='ocrx_word' id='word_1_436' title='bbox 3317 2755 3406 2794; x_wconf 88' lang='lat' dir='ltr'><strong>sa-</strong></span> 
     </span>
    </p>
   </div>
   <div class='ocr_carea' id='block_1_59' title="bbox 1827 2813 3404 2900">
    <p class='ocr_par' dir='ltr' id='par_1_59' title="bbox 1827 2813 3404 2900">
     <span class='ocr_line' id='line_1_59' title="bbox 1827 2813 3404 2900; baseline 0.015 -35"><span class='ocrx_word' id='word_1_437' title='bbox 1827 2813 1955 2867; x_wconf 90' lang='lat' dir='ltr'><strong>lutis</strong></span> <span class='ocrx_word' id='word_1_438' title='bbox 1978 2824 2080 2869; x_wconf 74' lang='lat' dir='ltr'><strong>tua:</strong></span> <span class='ocrx_word' id='word_1_439' title='bbox 2110 2831 2239 2869; x_wconf 91' lang='lat' dir='ltr'><strong>cura</strong></span> <span class='ocrx_word' id='word_1_440' title='bbox 2275 2819 2534 2886; x_wconf 86' lang='lat' dir='ltr'><strong>tangeris,</strong></span> <span class='ocrx_word' id='word_1_441' title='bbox 2567 2819 2937 2891; x_wconf 87' lang='lat' dir='ltr'><strong>insuperabile</strong></span> <span class='ocrx_word' id='word_1_442' title='bbox 2971 2828 3227 2883; x_wconf 82' lang='lat' dir='ltr'><strong>auxilium</strong></span> <span class='ocrx_word' id='word_1_443' title='bbox 3266 2832 3404 2900; x_wconf 69' lang='lat' dir='ltr'><strong>(cte-</strong></span> 
     </span>
    </p>
   </div>
   <div class='ocr_carea' id='block_1_60' title="bbox 1826 2901 3403 2985">
    <p class='ocr_par' dir='ltr' id='par_1_60' title="bbox 1826 2901 3403 2985">
     <span class='ocr_line' id='line_1_60' title="bbox 1826 2901 3403 2985; baseline 0.014 -30"><span class='ocrx_word' id='word_1_444' title='bbox 1826 2901 1982 2970; x_wconf 92' lang='lat' dir='ltr'><strong>leste)</strong></span> <span class='ocrx_word' id='word_1_445' title='bbox 2023 2904 2087 2958; x_wconf 91' lang='lat' dir='ltr'><strong>ad</strong></span> <span class='ocrx_word' id='word_1_446' title='bbox 2124 2914 2174 2958; x_wconf 91' lang='lat' dir='ltr'><strong>te</strong></span> <span class='ocrx_word' id='word_1_447' title='bbox 2217 2907 2380 2971; x_wconf 88' lang='lat' dir='ltr'><strong>volet,</strong></span> <span class='ocrx_word' id='word_1_448' title='bbox 2418 2922 2650 2976; x_wconf 88' lang='lat' dir='ltr'><strong>cumque</strong></span> <span class='ocrx_word' id='word_1_449' title='bbox 2696 2922 2822 2965; x_wconf 85' lang='lat' dir='ltr'><strong>voto</strong></span> <span class='ocrx_word' id='word_1_450' title='bbox 2864 2921 2956 2967; x_wconf 88' lang='lat' dir='ltr'><strong>tuo</strong></span> <span class='ocrx_word' id='word_1_451' title='bbox 3008 2916 3316 2985; x_wconf 82' lang='lat' dir='ltr'><strong>frustraris,</strong></span> <span class='ocrx_word' id='word_1_452' title='bbox 3350 2923 3403 2977; x_wconf 91' lang='lat' dir='ltr'><strong>id</strong></span> 
     </span>
    </p>
   </div>
   <div class='ocr_carea' id='block_1_61' title="bbox 1824 2994 3405 3072">
    <p class='ocr_par' dir='ltr' id='par_1_61' title="bbox 1824 2994 3405 3072">
     <span class='ocr_line' id='line_1_61' title="bbox 1824 2994 3405 3072; baseline 0.013 -26"><span class='ocrx_word' id='word_1_453' title='bbox 1824 3008 1967 3064; x_wconf 72' lang='lat' dir='ltr'><strong>aegre</strong></span> <span class='ocrx_word' id='word_1_454' title='bbox 1996 2994 2143 3048; x_wconf 84' lang='lat' dir='ltr'><strong>fers?</strong></span> <span class='ocrx_word' id='word_1_455' title='bbox 2186 2995 2500 3052; x_wconf 73' lang='lat' dir='ltr'><strong>Pmcedant</strong></span> <span class='ocrx_word' id='word_1_456' title='bbox 2538 2998 2723 3068; x_wconf 90' lang='lat' dir='ltr'><strong>itaque</strong></span> <span class='ocrx_word' id='word_1_457' title='bbox 2752 3016 2816 3055; x_wconf 86' lang='lat' dir='ltr'><strong>ea</strong></span> <span class='ocrx_word' id='word_1_458' title='bbox 2851 3017 2970 3072; x_wconf 68' lang='lat' dir='ltr'><strong>quae</strong></span> <span class='ocrx_word' id='word_1_459' title='bbox 3021 3016 3232 3063; x_wconf 89' lang='lat' dir='ltr'><strong>tuarum</strong></span> <span class='ocrx_word' id='word_1_460' title='bbox 3276 3021 3405 3065; x_wconf 89' lang='lat' dir='ltr'><strong>sunt</strong></span> 
     </span>
    </p>
   </div>
   <div class='ocr_carea' id='block_1_62' title="bbox 1824 3086 3401 3160">
    <p class='ocr_par' dir='ltr' id='par_1_62' title="bbox 1824 3086 3401 3160">
     <span class='ocr_line' id='line_1_62' title="bbox 1824 3086 3401 3160; baseline 0.011 -22"><span class='ocrx_word' id='word_1_461' title='bbox 1824 3086 2082 3155; x_wconf 85' lang='lat' dir='ltr'><strong>partium,</strong></span> <span class='ocrx_word' id='word_1_462' title='bbox 2105 3101 2333 3157; x_wconf 70' lang='lat' dir='ltr'><strong>quasque</strong></span> <span class='ocrx_word' id='word_1_463' title='bbox 2364 3102 2392 3140; x_wconf 91' lang='lat' dir='ltr'><strong>a</strong></span> <span class='ocrx_word' id='word_1_464' title='bbox 2426 3097 2480 3143; x_wconf 94' lang='lat' dir='ltr'><strong>te</strong></span> <span class='ocrx_word' id='word_1_465' title='bbox 2503 3090 2825 3160; x_wconf 76' lang='lat' dir='ltr'><strong>exiguntur;</strong></span> <span class='ocrx_word' id='word_1_466' title='bbox 2860 3102 2915 3149; x_wconf 89' lang='lat' dir='ltr'><strong>et</strong></span> <span class='ocrx_word' id='word_1_467' title='bbox 2943 3105 3075 3152; x_wconf 91' lang='lat' dir='ltr'><strong>tunc</strong></span> <span class='ocrx_word' id='word_1_468' title='bbox 3098 3099 3401 3158; x_wconf 85' lang='lat' dir='ltr'><strong>demumea</strong></span> 
     </span>
    </p>
   </div>
   <div class='ocr_carea' id='block_1_63' title="bbox 1824 3179 3402 3255">
    <p class='ocr_par' dir='ltr' id='par_1_63' title="bbox 1824 3179 3402 3255">
     <span class='ocr_line' id='line_1_63' title="bbox 1824 3179 3402 3255; baseline 0.012 -26"><span class='ocrx_word' id='word_1_469' title='bbox 1824 3193 1945 3248; x_wconf 69' lang='lat' dir='ltr'><strong>qua:</strong></span> <span class='ocrx_word' id='word_1_470' title='bbox 1978 3186 2103 3231; x_wconf 91' lang='lat' dir='ltr'><strong>sunt</strong></span> <span class='ocrx_word' id='word_1_471' title='bbox 2132 3179 2317 3233; x_wconf 84' lang='lat' dir='ltr'><strong>auxilii</strong></span> <span class='ocrx_word' id='word_1_472' title='bbox 2356 3180 2546 3246; x_wconf 90' lang='lat' dir='ltr'><strong>divini,</strong></span> <span class='ocrx_word' id='word_1_473' title='bbox 2578 3183 2997 3255; x_wconf 85' lang='lat' dir='ltr'><strong>subsequentur.</strong></span> <span class='ocrx_word' id='word_1_474' title='bbox 3042 3187 3177 3244; x_wconf 85' lang='lat' dir='ltr'><strong>Nam</strong></span> <span class='ocrx_word' id='word_1_475' title='bbox 3217 3193 3263 3246; x_wconf 89' lang='lat' dir='ltr'><strong>si</strong></span> <span class='ocrx_word' id='word_1_476' title='bbox 3295 3209 3402 3249; x_wconf 92' lang='lat' dir='ltr'><strong>non</strong></span> 
     </span>
    </p>
   </div>
   <div class='ocr_carea' id='block_1_64' title="bbox 1824 3269 3404 3343">
    <p class='ocr_par' dir='ltr' id='par_1_64' title="bbox 1824 3269 3404 3343">
     <span class='ocr_line' id='line_1_64' title="bbox 1824 3269 3404 3343; baseline 0.01 -19"><span class='ocrx_word' id='word_1_477' title='bbox 1824 3269 1995 3324; x_wconf 87' lang='lat' dir='ltr'><strong>solum</strong></span> <span class='ocrx_word' id='word_1_478' title='bbox 2022 3269 2205 3325; x_wconf 87' lang='lat' dir='ltr'><strong>verbis</strong></span> <span class='ocrx_word' id='word_1_479' title='bbox 2233 3270 2580 3339; x_wconf 89' lang='lat' dir='ltr'><strong>imploratum</strong></span> <span class='ocrx_word' id='word_1_480' title='bbox 2611 3274 2796 3343; x_wconf 84' lang='lat' dir='ltr'><strong>fuerit,</strong></span> <span class='ocrx_word' id='word_1_481' title='bbox 2834 3292 3017 3333; x_wconf 89' lang='lat' dir='ltr'><strong>verum</strong></span> <span class='ocrx_word' id='word_1_482' title='bbox 3046 3281 3211 3336; x_wconf 91' lang='lat' dir='ltr'><strong>etiam</strong></span> <span class='ocrx_word' id='word_1_483' title='bbox 3246 3283 3404 3340; x_wconf 89' lang='lat' dir='ltr'><strong>factis</strong></span> 
     </span>
    </p>
   </div>
   <div class='ocr_carea' id='block_1_65' title="bbox 142 3356 1724 3438">
    <p class='ocr_par' dir='ltr' id='par_1_65' title="bbox 142 3356 1715 3430">
     <span class='ocr_line' id='line_1_65' title="bbox 142 3356 1715 3430; baseline -0.002 -15"><span class='ocrx_word' id='word_1_484' title='bbox 142 3362 243 3417; x_wconf 76' lang='grc' dir='ltr'><strong>τῶν</strong></span> <span class='ocrx_word' id='word_1_485' title='bbox 271 3360 562 3430; x_wconf 78' lang='grc' dir='ltr'>ἑλομένους</span> <span class='ocrx_word' id='word_1_486' title='bbox 590 3358 687 3430; x_wconf 79' lang='grc' dir='ltr'>τὴν</span> <span class='ocrx_word' id='word_1_487' title='bbox 738 3359 961 3429; x_wconf 84' lang='grc' dir='ltr'>ἀρετὴν,</span> <span class='ocrx_word' id='word_1_488' title='bbox 999 3356 1380 3427; x_wconf 76' lang='grc' dir='ltr'>ἐγκαταλείψει</span> <span class='ocrx_word' id='word_1_489' title='bbox 1405 3398 1420 3423; x_wconf 91' lang='grc'><strong>,</strong></span> <span class='ocrx_word' id='word_1_490' title='bbox 1455 3358 1593 3413; x_wconf 81' lang='grc' dir='ltr'>ἀλλὰ</span> <span class='ocrx_word' id='word_1_491' title='bbox 1619 3360 1715 3412; x_wconf 74' lang='grc' dir='ltr'><strong>καὶ</strong></span> 
     </span>
    </p>
   </div>
   <div class='ocr_carea' id='block_1_66' title="bbox 1835 3356 3402 3438">
    <p class='ocr_par' dir='ltr' id='par_1_66' title="bbox 1835 3361 3402 3438">
     <span class='ocr_line' id='line_1_66' title="bbox 1835 3361 3402 3438; baseline 0.012 -27"><span class='ocrx_word' id='word_1_492' title='bbox 1835 3361 2142 3414; x_wconf 78' lang='lat' dir='ltr'><strong>tdvocatutn</strong></span> <span class='ocrx_word' id='word_1_493' title='bbox 2171 3361 2327 3429; x_wconf 89' lang='lat' dir='ltr'><strong>quasi</strong></span> <span class='ocrx_word' id='word_1_494' title='bbox 2371 3376 2471 3417; x_wconf 90' lang='lat' dir='ltr'><strong>sua</strong></span> <span class='ocrx_word' id='word_1_495' title='bbox 2517 3375 2711 3434; x_wconf 88' lang='lat' dir='ltr'><strong>sponte</strong></span> <span class='ocrx_word' id='word_1_496' title='bbox 2754 3380 3026 3424; x_wconf 88' lang='lat' dir='ltr'><strong>accurret.</strong></span> <span class='ocrx_word' id='word_1_497' title='bbox 3072 3371 3226 3438; x_wconf 84' lang='lat' dir='ltr'><strong>Quod</strong></span> <span class='ocrx_word' id='word_1_498' title='bbox 3253 3376 3402 3430; x_wconf 87' lang='lat' dir='ltr'><strong>enim</strong></span> 
     </span>
    </p>
   </div>
   <div class='ocr_carea' id='block_1_67' title="bbox 145 3447 1720 3524">
    <p class='ocr_par' dir='ltr' id='par_1_67' title="bbox 145 3447 1720 3524">
     <span class='ocr_line' id='line_1_67' title="bbox 145 3447 1720 3524; baseline -0.003 -17"><span class='ocrx_word' id='word_1_499' title='bbox 145 3450 488 3524; x_wconf 78' lang='grc' dir='ltr'>συμπράξει,</span> <span class='ocrx_word' id='word_1_500' title='bbox 516 3451 612 3503; x_wconf 73' lang='grc' dir='ltr'><strong>καὶ</strong></span> <span class='ocrx_word' id='word_1_501' title='bbox 638 3451 719 3512; x_wconf 86' lang='grc' dir='ltr'><strong>είς</strong></span> <span class='ocrx_word' id='word_1_502' title='bbox 746 3448 899 3513; x_wconf 84' lang='grc' dir='ltr'>τέλος</span> <span class='ocrx_word' id='word_1_503' title='bbox 928 3449 1101 3502; x_wconf 72' lang='grc' dir='ltr'>αἶσιον</span> <span class='ocrx_word' id='word_1_504' title='bbox 1125 3450 1186 3503; x_wconf 87' lang='grc' dir='ltr'><strong>τὸ</strong></span> <span class='ocrx_word' id='word_1_505' title='bbox 1215 3447 1551 3519; x_wconf 86' lang='grc' dir='ltr'>κατόρθωμα</span> <span class='ocrx_word' id='word_1_506' title='bbox 1580 3448 1720 3514; x_wconf 80' lang='grc' dir='ltr'>ἄξει.</span> 
     </span>
    </p>
   </div>
   <div class='ocr_carea' id='block_1_68' title="bbox 1828 3448 3404 3529">
    <p class='ocr_par' dir='ltr' id='par_1_68' title="bbox 1828 3448 3404 3529">
     <span class='ocr_line' id='line_1_68' title="bbox 1828 3448 3404 3529; baseline 0.011 -28"><span class='ocrx_word' id='word_1_507' title='bbox 1828 3448 2162 3504; x_wconf 86' lang='lat' dir='ltr'><strong>dormientes</strong></span> <span class='ocrx_word' id='word_1_508' title='bbox 2206 3451 2431 3516; x_wconf 80' lang='lat' dir='ltr'><strong>excitat,</strong></span> <span class='ocrx_word' id='word_1_509' title='bbox 2479 3458 2535 3506; x_wconf 91' lang='lat' dir='ltr'><strong>et</strong></span> <span class='ocrx_word' id='word_1_510' title='bbox 2578 3454 2821 3510; x_wconf 90' lang='lat' dir='ltr'><strong>nolentes</strong></span> <span class='ocrx_word' id='word_1_511' title='bbox 2868 3458 3108 3529; x_wconf 88' lang='lat' dir='ltr'><strong>instigat,</strong></span> <span class='ocrx_word' id='word_1_512' title='bbox 3155 3461 3209 3516; x_wconf 88' lang='lat' dir='ltr'><strong>id</strong></span> <span class='ocrx_word' id='word_1_513' title='bbox 3256 3473 3404 3518; x_wconf 89' lang='lat' dir='ltr'><strong>certe</strong></span> 
     </span>
    </p>
   </div>
   <div class='ocr_carea' id='block_1_69' title="bbox 142 3543 3406 3625">
    <p class='ocr_par' dir='ltr' id='par_1_69' title="bbox 142 3543 3406 3625">
     <span class='ocr_line' id='line_1_69' title="bbox 142 3543 3406 3625; baseline 0.004 -25"><span class='ocrx_word' id='word_1_514' title='bbox 142 3559 481 3615; x_wconf 79' lang='lat' dir='ltr'><strong>nequaquam</strong></span> <span class='ocrx_word' id='word_1_515' title='bbox 533 3543 746 3598; x_wconf 85' lang='lat' dir='ltr'><strong>deseret</strong></span> <span class='ocrx_word' id='word_1_516' title='bbox 787 3543 929 3609; x_wconf 89' lang='lat' dir='ltr'><strong>illos,</strong></span> <span class='ocrx_word' id='word_1_517' title='bbox 966 3544 1059 3613; x_wconf 92' lang='lat' dir='ltr'><strong>qui</strong></span> <span class='ocrx_word' id='word_1_518' title='bbox 1101 3558 1132 3597; x_wconf 90' lang='lat' dir='ltr'><strong>a</strong></span> <span class='ocrx_word' id='word_1_519' title='bbox 1176 3557 1236 3598; x_wconf 91' lang='lat' dir='ltr'><strong>se</strong></span> <span class='ocrx_word' id='word_1_520' title='bbox 1286 3543 1416 3613; x_wconf 80' lang='lat' dir='ltr'><strong>ipsis</strong></span> <span class='ocrx_word' id='word_1_521' title='bbox 1462 3545 1717 3599; x_wconf 89' lang='lat' dir='ltr'><strong>virtutem</strong></span> <span class='ocrx_word' id='word_1_522' title='bbox 1757 3543 2179 3612; x_wconf 88' lang='lat' dir='ltr'><strong>amplectuntur,</strong></span> <span class='ocrx_word' id='word_1_523' title='bbox 2224 3544 2356 3614; x_wconf 88' lang='lat' dir='ltr'><strong>quin</strong></span> <span class='ocrx_word' id='word_1_524' title='bbox 2436 3547 2932 3620; x_wconf 52' lang='lat' dir='ltr'><strong>p0tius.adjuvabit</strong></span> <span class='ocrx_word' id='word_1_525' title='bbox 2965 3567 3058 3608; x_wconf 87' lang='lat' dir='ltr'><strong>eos</strong></span> <span class='ocrx_word' id='word_1_526' title='bbox 3095 3556 3303 3625; x_wconf 90' lang='lat' dir='ltr'><strong>sedulo,</strong></span> <span class='ocrx_word' id='word_1_527' title='bbox 3348 3570 3406 3614; x_wconf 91' lang='lat' dir='ltr'><strong>et</strong></span> 
     </span>
    </p>
   </div>
   <div class='ocr_carea' id='block_1_70' title="bbox 144 3636 2407 3707">
    <p class='ocr_par' dir='ltr' id='par_1_70' title="bbox 144 3636 2407 3707">
     <span class='ocr_line' id='line_1_70' title="bbox 144 3636 2407 3707; baseline 0 -15"><span class='ocrx_word' id='word_1_528' title='bbox 144 3641 204 3692; x_wconf 88' lang='lat' dir='ltr'><strong>ad</strong></span> <span class='ocrx_word' id='word_1_529' title='bbox 226 3639 386 3694; x_wconf 87' lang='lat' dir='ltr'><strong>tinem</strong></span> <span class='ocrx_word' id='word_1_530' title='bbox 416 3637 630 3692; x_wconf 89' lang='lat' dir='ltr'><strong>felicem</strong></span> <span class='ocrx_word' id='word_1_531' title='bbox 673 3637 933 3705; x_wconf 89' lang='lat' dir='ltr'><strong>perducet</strong></span> <span class='ocrx_word' id='word_1_532' title='bbox 968 3636 1184 3691; x_wconf 84' lang='lat' dir='ltr'><strong>virtutis</strong></span> <span class='ocrx_word' id='word_1_533' title='bbox 1211 3636 1485 3707; x_wconf 84' lang='lat' dir='ltr'><strong>ofﬁciique</strong></span> <span class='ocrx_word' id='word_1_534' title='bbox 1525 3649 1727 3693; x_wconf 89' lang='lat' dir='ltr'><strong>rectam</strong></span> <span class='ocrx_word' id='word_1_535' title='bbox 1766 3637 2057 3693; x_wconf 84' lang='lat' dir='ltr'><strong>actionem.</strong></span> <span class='ocrx_word' id='word_1_536' title='bbox 2404 3656 2407 3659; x_wconf 93' lang='grc'><strong>·</strong></span> 
     </span>
    </p>
   </div>
   <div class='ocr_carea' id='block_1_71' title="bbox 345 3729 1510 3804">
    <p class='ocr_par' dir='ltr' id='par_1_71' title="bbox 345 3729 1510 3804">
     <span class='ocr_line' id='line_1_71' title="bbox 345 3729 1510 3804; baseline 0 -19"><span class='ocrx_word' id='word_1_537' title='bbox 345 3733 449 3786; x_wconf 75' lang='grc' dir='ltr'>ιΔο.</span> <span class='ocrx_word' id='word_1_538' title='bbox 488 3760 561 3771; x_wconf 94' lang='grc'><strong>-</strong></span> <span class='ocrx_word' id='word_1_539' title='bbox 593 3729 831 3784; x_wconf 82' lang='lat' dir='ltr'><strong>lEPAKl</strong></span> <span class='ocrx_word' id='word_1_540' title='bbox 875 3730 1326 3804; x_wconf 83' lang='grc' dir='ltr'><strong>ΠΡΕΣΒΥΤΕΤῼ</strong></span> <span class='ocrx_word' id='word_1_541' title='bbox 1373 3730 1510 3802; x_wconf 84' lang='grc'><strong>(66).</strong></span> 
     </span>
    </p>
   </div>
   <div class='ocr_carea' id='block_1_72' title="bbox 207 3820 1654 3892">
    <p class='ocr_par' dir='ltr' id='par_1_72' title="bbox 207 3820 1654 3892">
     <span class='ocr_line' id='line_1_72' title="bbox 207 3820 1654 3892; baseline -0.002 -14"><span class='ocrx_word' id='word_1_542' title='bbox 207 3826 310 3891; x_wconf 57' lang='lat' dir='ltr'><strong>Eii;</strong></span> <span class='ocrx_word' id='word_1_543' title='bbox 352 3826 428 3879; x_wconf 84' lang='grc' dir='ltr'>τό</span> <span class='ocrx_word' id='word_1_544' title='bbox 449 3839 465 3855; x_wconf 84' lang='grc'><strong><em>⁸</em></strong></span> <span class='ocrx_word' id='word_1_545' title='bbox 530 3839 553 3877; x_wconf 76' lang='lat' dir='ltr'><strong>t</strong></span> <span class='ocrx_word' id='word_1_546' title='bbox 599 3822 661 3876; x_wconf 87' lang='lat'><strong>&#39;0</strong></span> <span class='ocrx_word' id='word_1_547' title='bbox 699 3820 897 3875; x_wconf 78' lang='grc' dir='ltr'>δοκῶν</span> <span class='ocrx_word' id='word_1_548' title='bbox 926 3821 1210 3891; x_wconf 79' lang='grc' dir='ltr'>ἑστάναι,</span> <span class='ocrx_word' id='word_1_549' title='bbox 1248 3820 1528 3888; x_wconf 76' lang='grc' dir='ltr'>,βλεπέτφ</span> <span class='ocrx_word' id='word_1_550' title='bbox 1565 3822 1654 3892; x_wconf 78' lang='grc' dir='ltr'>μὴ</span> 
     </span>
    </p>
   </div>
   <div class='ocr_carea' id='block_1_73' title="bbox 740 3892 1117 3963">
    <p class='ocr_par' dir='ltr' id='par_1_73' title="bbox 740 3892 1117 3963">
     <span class='ocr_line' id='line_1_73' title="bbox 740 3892 1117 3963; baseline 0 -18"><span class='ocrx_word' id='word_1_551' title='bbox 740 3893 901 3961; x_wconf 79' lang='grc' dir='ltr'>πέσῃ</span> <span class='ocrx_word' id='word_1_552' title='bbox 930 3892 1065 3963; x_wconf 83' lang='grc'><strong>(66).</strong></span> <span class='ocrx_word' id='word_1_553' title='bbox 1097 3912 1117 3945; x_wconf 74' lang='grc' dir='ltr'><strong>ι</strong></span> 
     </span>
    </p>
   </div>
   <div class='ocr_carea' id='block_1_74' title="bbox 219 3983 1726 4058">
    <p class='ocr_par' dir='ltr' id='par_1_74' title="bbox 219 3983 1726 4058">
     <span class='ocr_line' id='line_1_74' title="bbox 219 3983 1726 4058; baseline -0.003 -16"><span class='ocrx_word' id='word_1_554' title='bbox 219 3988 467 4042; x_wconf 81' lang='grc' dir='ltr'>Ἀπειλεῖ</span> <span class='ocrx_word' id='word_1_555' title='bbox 515 3985 614 4058; x_wconf 79' lang='grc' dir='ltr'>μὲν</span> <span class='ocrx_word' id='word_1_556' title='bbox 652 3987 686 4056; x_wconf 81' lang='grc' dir='ltr'>ἡ</span> <span class='ocrx_word' id='word_1_557' title='bbox 735 3984 953 4037; x_wconf 86' lang='grc' dir='ltr'>πάντων</span> <span class='ocrx_word' id='word_1_558' title='bbox 1003 3983 1364 4054; x_wconf 86' lang='grc' dir='ltr'>βασιλεύουσα</span> <span class='ocrx_word' id='word_1_559' title='bbox 1406 3986 1569 4056; x_wconf 73' lang='grc' dir='ltr'>φύσις</span> <span class='ocrx_word' id='word_1_560' title='bbox 1614 3986 1726 4049; x_wconf 88' lang='grc' dir='ltr'>τοῖς</span> 
     </span>
    </p>
   </div>
   <div class='ocr_carea' id='block_1_75' title="bbox 203 4094 1244 4166">
    <p class='ocr_par' dir='ltr' id='par_1_75' title="bbox 203 4094 1244 4166">
     <span class='ocr_line' id='line_1_75' title="bbox 203 4094 1244 4166; baseline 0.001 -12"><span class='ocrx_word' id='word_1_561' title='bbox 203 4102 253 4135; x_wconf 76' lang='grc'><strong>’⁸</strong></span> <span class='ocrx_word' id='word_1_562' title='bbox 281 4099 448 4157; x_wconf 77' lang='lat' dir='ltr'><strong>Rom.</strong></span> <span class='ocrx_word' id='word_1_563' title='bbox 478 4112 601 4162; x_wconf 79' lang='lat' dir='ltr'><strong>vni,</strong></span> <span class='ocrx_word' id='word_1_564' title='bbox 622 4096 715 4151; x_wconf 66' lang='grc'><strong>28.</strong></span> <span class='ocrx_word' id='word_1_565' title='bbox 787 4096 835 4128; x_wconf 77' lang='grc'><strong>⁷⁸</strong></span> <span class='ocrx_word' id='word_1_566' title='bbox 869 4094 890 4149; x_wconf 91' lang='lat' dir='ltr'><strong>l</strong></span> <span class='ocrx_word' id='word_1_567' title='bbox 924 4095 1051 4153; x_wconf 88' lang='lat' dir='ltr'><strong>Cor.</strong></span> <span class='ocrx_word' id='word_1_568' title='bbox 1075 4097 1244 4166; x_wconf 66' lang='lat'><strong>3,12.</strong></span> 
     </span>
    </p>
   </div>
   <div class='ocr_carea' id='block_1_76' title="bbox 207 4282 1725 4359">
    <p class='ocr_par' dir='ltr' id='par_1_76' title="bbox 207 4282 1725 4359">
     <span class='ocr_line' id='line_1_76' title="bbox 207 4282 1725 4359; baseline -0.002 -16"><span class='ocrx_word' id='word_1_569' title='bbox 207 4288 322 4359; x_wconf 74' lang='lat'><strong>(6‘2)</strong></span> <span class='ocrx_word' id='word_1_570' title='bbox 360 4287 473 4359; x_wconf 79' lang='lat' dir='ltr'><strong>Pro</strong></span> <span class='ocrx_word' id='word_1_571' title='bbox 514 4284 654 4359; x_wconf 70' lang='grc' dir='ltr'>μετὰ</span> <span class='ocrx_word' id='word_1_572' title='bbox 677 4283 773 4338; x_wconf 81' lang='grc' dir='ltr'>τοῦ</span> <span class='ocrx_word' id='word_1_573' title='bbox 813 4283 871 4337; x_wconf 81' lang='grc' dir='ltr'>δὲ</span> <span class='ocrx_word' id='word_1_574' title='bbox 911 4282 1079 4359; x_wconf 82' lang='grc' dir='ltr'>αὐτοῦ</span> <span class='ocrx_word' id='word_1_575' title='bbox 1120 4285 1259 4359; x_wconf 86' lang='lat' dir='ltr'><strong>idem</strong></span> <span class='ocrx_word' id='word_1_576' title='bbox 1305 4286 1529 4359; x_wconf 81' lang='lat' dir='ltr'><strong>ascribit</strong></span> <span class='ocrx_word' id='word_1_577' title='bbox 1584 4287 1725 4359; x_wconf 83' lang='grc' dir='ltr'>μετὰ</span> 
     </span>
    </p>
   </div>
   <div class='ocr_carea' id='block_1_77' title="bbox 143 4355 1725 4426">
    <p class='ocr_par' dir='ltr' id='par_1_77' title="bbox 143 4355 1725 4426">
     <span class='ocr_line' id='line_1_77' title="bbox 143 4355 1725 4426; baseline -0.004 -11"><span class='ocrx_word' id='word_1_578' title='bbox 143 4355 388 4414; x_wconf 70' lang='grc' dir='ltr'>τοῦτο’δὲ</span> <span class='ocrx_word' id='word_1_579' title='bbox 427 4355 601 4426; x_wconf 78' lang='grc' dir='ltr'>αὐτῷ,</span> <span class='ocrx_word' id='word_1_580' title='bbox 632 4367 687 4426; x_wconf 88' lang='lat' dir='ltr'><strong>et</strong></span> <span class='ocrx_word' id='word_1_581' title='bbox 717 4368 861 4410; x_wconf 84' lang='lat' dir='ltr'><strong>vers.</strong></span> <span class='ocrx_word' id='word_1_582' title='bbox 886 4357 1093 4423; x_wconf 89' lang='lat' dir='ltr'><strong>penult.</strong></span> <span class='ocrx_word' id='word_1_583' title='bbox 1119 4357 1261 4411; x_wconf 89' lang='lat' dir='ltr'><strong>inter</strong></span> <span class='ocrx_word' id='word_1_584' title='bbox 1294 4356 1386 4412; x_wconf 83' lang='grc' dir='ltr'><strong>τὸν</strong></span> <span class='ocrx_word' id='word_1_585' title='bbox 1423 4367 1478 4412; x_wconf 89' lang='lat' dir='ltr'><strong>et</strong></span> <span class='ocrx_word' id='word_1_586' title='bbox 1498 4355 1725 4410; x_wconf 79' lang='grc' dir='ltr'><strong>ἐπίσκο⁴</strong></span> 
     </span>
    </p>
   </div>
   <div class='ocr_carea' id='block_1_78' title="bbox 144 4425 858 4484">
    <p class='ocr_par' dir='ltr' id='par_1_78' title="bbox 144 4425 858 4484">
     <span class='ocr_line' id='line_1_78' title="bbox 144 4425 858 4484; baseline -0.007 0"><span class='ocrx_word' id='word_1_587' title='bbox 144 4448 237 4484; x_wconf 81' lang='grc' dir='ltr'><strong>πον</strong></span> <span class='ocrx_word' id='word_1_588' title='bbox 262 4427 459 4484; x_wconf 85' lang='lat' dir='ltr'><strong>inserit</strong></span> <span class='ocrx_word' id='word_1_589' title='bbox 490 4428 602 4480; x_wconf 85' lang='grc' dir='ltr'>σόν.</span> <span class='ocrx_word' id='word_1_590' title='bbox 647 4425 858 4480; x_wconf 78' lang='lat' dir='ltr'><strong>Possm.</strong></span> 
     </span>
    </p>
   </div>
   <div class='ocr_carea' id='block_1_79' title="bbox 208 4493 1721 4571">
    <p class='ocr_par' dir='ltr' id='par_1_79' title="bbox 208 4493 1721 4571">
     <span class='ocr_line' id='line_1_79' title="bbox 208 4493 1721 4571; baseline -0.005 -15"><span class='ocrx_word' id='word_1_591' title='bbox 208 4500 321 4571; x_wconf 78' lang='lat'><strong>(63)</strong></span> <span class='ocrx_word' id='word_1_592' title='bbox 363 4496 601 4571; x_wconf 83' lang='grc' dir='ltr'>Συρίωνι</span> <span class='ocrx_word' id='word_1_593' title='bbox 635 4497 759 4571; x_wconf 87' lang='lat' dir='ltr'><strong>cod.</strong></span> <span class='ocrx_word' id='word_1_594' title='bbox 799 4493 922 4571; x_wconf 68' lang='lat' dir='ltr'><strong>Vat.</strong></span> <span class='ocrx_word' id='word_1_595' title='bbox 946 4496 1071 4571; x_wconf 62' lang='lat'><strong>659.</strong></span> <span class='ocrx_word' id='word_1_596' title='bbox 1104 4495 1264 4571; x_wconf 74' lang='lat' dir='ltr'><strong>Initio</strong></span> <span class='ocrx_word' id='word_1_597' title='bbox 1290 4511 1377 4566; x_wconf 90' lang='lat' dir='ltr'><strong>ep.</strong></span> <span class='ocrx_word' id='word_1_598' title='bbox 1415 4512 1513 4565; x_wconf 93' lang='lat' dir='ltr'><strong>pro</strong></span> <span class='ocrx_word' id='word_1_599' title='bbox 1548 4495 1721 4571; x_wconf 78' lang='grc' dir='ltr'>ἄπαν-</span> 
     </span>
    </p>
   </div>
   <div class='ocr_carea' id='block_1_80' title="bbox 141 4564 1725 4638">
    <p class='ocr_par' dir='ltr' id='par_1_80' title="bbox 141 4564 1725 4638">
     <span class='ocr_line' id='line_1_80' title="bbox 141 4564 1725 4638; baseline -0.003 -15"><span class='ocrx_word' id='word_1_600' title='bbox 141 4564 225 4635; x_wconf 70' lang='grc' dir='ltr'><strong>τες</strong></span> <span class='ocrx_word' id='word_1_601' title='bbox 266 4564 411 4625; x_wconf 85' lang='lat' dir='ltr'><strong>idem</strong></span> <span class='ocrx_word' id='word_1_602' title='bbox 450 4564 719 4638; x_wconf 63' lang='lat' dir='ltr'><strong>habet,_sl</strong></span> <span class='ocrx_word' id='word_1_603' title='bbox 744 4564 971 4638; x_wconf 51' lang='grc' dir='ltr'>παντες.</span> <span class='ocrx_word' id='word_1_604' title='bbox 1008 4565 1165 4621; x_wconf 82' lang='lat' dir='ltr'><strong>Vers.</strong></span> <span class='ocrx_word' id='word_1_605' title='bbox 1198 4567 1233 4621; x_wconf 76' lang='grc'>2</span> <span class='ocrx_word' id='word_1_606' title='bbox 1276 4564 1393 4636; x_wconf 82' lang='lat' dir='ltr'><strong>post</strong></span> <span class='ocrx_word' id='word_1_607' title='bbox 1417 4564 1725 4638; x_wconf 70' lang='grc' dir='ltr'>προσέχειν</span> 
     </span>
    </p>
   </div>
   <div class='ocr_carea' id='block_1_81' title="bbox 140 4633 1725 4703">
    <p class='ocr_par' dir='ltr' id='par_1_81' title="bbox 140 4633 1725 4703">
     <span class='ocr_line' id='line_1_81' title="bbox 140 4633 1725 4703; baseline -0.003 -11"><span class='ocrx_word' id='word_1_608' title='bbox 140 4633 301 4703; x_wconf 77' lang='lat' dir='ltr'><strong>addit,</strong></span> <span class='ocrx_word' id='word_1_609' title='bbox 326 4639 423 4692; x_wconf 78' lang='grc' dir='ltr'><strong>τὸν</strong></span> <span class='ocrx_word' id='word_1_610' title='bbox 449 4636 595 4689; x_wconf 82' lang='grc' dir='ltr'>νοῦν.</span> <span class='ocrx_word' id='word_1_611' title='bbox 629 4633 762 4689; x_wconf 86' lang='lat' dir='ltr'><strong>Vers</strong></span> <span class='ocrx_word' id='word_1_612' title='bbox 791 4636 826 4689; x_wconf 82' lang='grc'><strong>5</strong></span> <span class='ocrx_word' id='word_1_613' title='bbox 849 4647 903 4691; x_wconf 88' lang='grc' dir='ltr'><strong>ει</strong></span> <span class='ocrx_word' id='word_1_614' title='bbox 925 4639 960 4692; x_wconf 78' lang='grc'><strong>4</strong></span> <span class='ocrx_word' id='word_1_615' title='bbox 1003 4652 1099 4703; x_wconf 90' lang='lat' dir='ltr'><strong>pro</strong></span> <span class='ocrx_word' id='word_1_616' title='bbox 1132 4633 1725 4703; x_wconf 74' lang='grc' dir='ltr'>παρασκευαζομένους</span> 
     </span>
    </p>
   </div>
   <div class='ocr_carea' id='block_1_82' title="bbox 139 4705 1725 4776">
    <p class='ocr_par' dir='ltr' id='par_1_82' title="bbox 139 4705 1725 4776">
     <span class='ocr_line' id='line_1_82' title="bbox 139 4705 1725 4776; baseline -0.003 -13"><span class='ocrx_word' id='word_1_617' title='bbox 139 4710 321 4765; x_wconf 84' lang='lat' dir='ltr'><strong>scribit</strong></span> <span class='ocrx_word' id='word_1_618' title='bbox 377 4705 956 4776; x_wconf 78' lang='grc' dir='ltr'>παρεσκευασμένους.</span> <span class='ocrx_word' id='word_1_619' title='bbox 994 4705 1148 4762; x_wconf 87' lang='lat' dir='ltr'><strong>Vers.</strong></span> <span class='ocrx_word' id='word_1_620' title='bbox 1187 4705 1224 4759; x_wconf 79' lang='lat'><strong>6</strong></span> <span class='ocrx_word' id='word_1_621' title='bbox 1261 4718 1386 4761; x_wconf 85' lang='lat' dir='ltr'><strong>ante</strong></span> <span class='ocrx_word' id='word_1_622' title='bbox 1448 4705 1725 4759; x_wconf 87' lang='grc' dir='ltr'>καθεύδων</span> 
     </span>
    </p>
   </div>
   <div class='ocr_carea' id='block_1_83' title="bbox 139 4775 1726 4846">
    <p class='ocr_par' dir='ltr' id='par_1_83' title="bbox 139 4775 1726 4846">
     <span class='ocr_line' id='line_1_83' title="bbox 139 4775 1726 4846; baseline -0.001 -14"><span class='ocrx_word' id='word_1_623' title='bbox 139 4783 283 4834; x_wconf 83' lang='lat' dir='ltr'><strong>addit</strong></span> <span class='ocrx_word' id='word_1_624' title='bbox 312 4778 434 4832; x_wconf 78' lang='grc' dir='ltr'>καί.</span> <span class='ocrx_word' id='word_1_625' title='bbox 468 4775 626 4832; x_wconf 81' lang='lat' dir='ltr'><strong>Vers.</strong></span> <span class='ocrx_word' id='word_1_626' title='bbox 651 4776 681 4830; x_wconf 90' lang='lat'><strong>7</strong></span> <span class='ocrx_word' id='word_1_627' title='bbox 703 4775 758 4831; x_wconf 90' lang='lat' dir='ltr'><strong>et</strong></span> <span class='ocrx_word' id='word_1_628' title='bbox 786 4775 819 4829; x_wconf 90' lang='lat'><strong>8</strong></span> <span class='ocrx_word' id='word_1_629' title='bbox 845 4793 942 4845; x_wconf 92' lang='lat' dir='ltr'><strong>pro</strong></span> <span class='ocrx_word' id='word_1_630' title='bbox 979 4776 1313 4846; x_wconf 84' lang='grc' dir='ltr'>παρακαλεῖς</span> <span class='ocrx_word' id='word_1_631' title='bbox 1340 4777 1502 4832; x_wconf 87' lang='lat' dir='ltr'><strong>habet</strong></span> <span class='ocrx_word' id='word_1_632' title='bbox 1544 4793 1726 4846; x_wconf 87' lang='grc' dir='ltr'>παρα-</span> 
     </span>
    </p>
   </div>
   <div class='ocr_carea' id='block_1_84' title="bbox 139 4846 1725 4918">
    <p class='ocr_par' dir='ltr' id='par_1_84' title="bbox 139 4846 1725 4918">
     <span class='ocr_line' id='line_1_84' title="bbox 139 4846 1725 4918; baseline -0.001 -18"><span class='ocrx_word' id='word_1_633' title='bbox 139 4850 337 4903; x_wconf 82' lang='grc' dir='ltr'>καλῶν.</span> <span class='ocrx_word' id='word_1_634' title='bbox 393 4847 553 4903; x_wconf 87' lang='lat' dir='ltr'><strong>Vers.</strong></span> <span class='ocrx_word' id='word_1_635' title='bbox 610 4856 733 4915; x_wconf 90' lang='lat' dir='ltr'><strong>post</strong></span> <span class='ocrx_word' id='word_1_636' title='bbox 770 4846 1236 4918; x_wconf 82' lang='grc' dir='ltr'>παρακαλουμένη</span> <span class='ocrx_word' id='word_1_637' title='bbox 1268 4847 1442 4918; x_wconf 64' lang='lat' dir='ltr'><strong>addit,</strong></span> <span class='ocrx_word' id='word_1_638' title='bbox 1489 4846 1725 4918; x_wconf 80' lang='grc' dir='ltr'>ἄσμενος</span> 
     </span>
    </p>
   </div>
   <div class='ocr_carea' id='block_1_85' title="bbox 140 4914 1719 4987">
    <p class='ocr_par' dir='ltr' id='par_1_85' title="bbox 140 4914 1719 4987">
     <span class='ocr_line' id='line_1_85' title="bbox 140 4914 1719 4987; baseline -0.001 -15"><span class='ocrx_word' id='word_1_639' title='bbox 140 4920 248 4973; x_wconf 82' lang='grc' dir='ltr'>καί.</span> <span class='ocrx_word' id='word_1_640' title='bbox 288 4920 453 4973; x_wconf 82' lang='lat' dir='ltr'><strong>Vers.</strong></span> <span class='ocrx_word' id='word_1_641' title='bbox 486 4914 692 4987; x_wconf 48' lang='lat' dir='ltr'><strong>post},</strong></span> <span class='ocrx_word' id='word_1_642' title='bbox 726 4915 820 4987; x_wconf 80' lang='grc' dir='ltr'><strong>ἀφ’</strong></span> <span class='ocrx_word' id='word_1_643' title='bbox 855 4914 1025 4973; x_wconf 86' lang='lat' dir='ltr'><strong>inutat</strong></span> <span class='ocrx_word' id='word_1_644' title='bbox 1072 4914 1126 4971; x_wconf 85' lang='lat' dir='ltr'><strong>in</strong></span> <span class='ocrx_word' id='word_1_645' title='bbox 1156 4914 1262 4987; x_wconf 70' lang='grc' dir='ltr'><strong>ὲφῖ</strong></span> <span class='ocrx_word' id='word_1_646' title='bbox 1302 4914 1460 4972; x_wconf 86' lang='lat' dir='ltr'><strong>Vers.</strong></span> <span class='ocrx_word' id='word_1_647' title='bbox 1497 4914 1596 4972; x_wconf 77' lang='lat' dir='ltr'><strong>ult.</strong></span> <span class='ocrx_word' id='word_1_648' title='bbox 1632 4932 1719 4986; x_wconf 90' lang='lat' dir='ltr'><strong>ep.</strong></span> 
     </span>
    </p>
   </div>
   <div class='ocr_carea' id='block_1_86' title="bbox 139 4986 817 5057">
    <p class='ocr_par' dir='ltr' id='par_1_86' title="bbox 139 4986 817 5057">
     <span class='ocr_line' id='line_1_86' title="bbox 139 4986 817 5057; baseline -0.003 -14"><span class='ocrx_word' id='word_1_649' title='bbox 139 5004 231 5057; x_wconf 89' lang='lat' dir='ltr'><strong>pro</strong></span> <span class='ocrx_word' id='word_1_650' title='bbox 259 4989 383 5054; x_wconf 77' lang='grc' dir='ltr'>ἄξει</span> <span class='ocrx_word' id='word_1_651' title='bbox 419 4988 547 5055; x_wconf 90' lang='lat' dir='ltr'><strong>legit</strong></span> <span class='ocrx_word' id='word_1_652' title='bbox 573 4986 707 5053; x_wconf 73' lang='grc' dir='ltr'>ἕξει.</span> <span class='ocrx_word' id='word_1_653' title='bbox 742 4986 817 5041; x_wconf 83' lang='lat' dir='ltr'><strong>In.</strong></span> 
     </span>
    </p>
   </div>
   <div class='ocr_carea' id='block_1_87' title="bbox 206 5055 1720 5181">
    <p class='ocr_par' dir='ltr' id='par_1_87' title="bbox 206 5055 1720 5181">
     <span class='ocr_line' id='line_1_87' title="bbox 206 5055 1720 5129; baseline -0.001 -16"><span class='ocrx_word' id='word_1_654' title='bbox 206 5058 320 5129; x_wconf 69' lang='lat'><strong>(64)</strong></span> <span class='ocrx_word' id='word_1_655' title='bbox 368 5057 572 5112; x_wconf 85' lang='lat' dir='ltr'><strong>Confer</strong></span> <span class='ocrx_word' id='word_1_656' title='bbox 629 5058 791 5126; x_wconf 89' lang='lat' dir='ltr'><strong>epist.</strong></span> <span class='ocrx_word' id='word_1_657' title='bbox 837 5055 947 5121; x_wconf 80' lang='grc'><strong>51,</strong></span> <span class='ocrx_word' id='word_1_658' title='bbox 1001 5055 1141 5111; x_wconf 85' lang='lat' dir='ltr'><strong>infra</strong></span> <span class='ocrx_word' id='word_1_659' title='bbox 1191 5056 1248 5111; x_wconf 90' lang='lat' dir='ltr'><strong>h.</strong></span> <span class='ocrx_word' id='word_1_660' title='bbox 1284 5055 1379 5112; x_wconf 86' lang='lat' dir='ltr'><strong>lib.</strong></span> <span class='ocrx_word' id='word_1_661' title='bbox 1424 5064 1479 5112; x_wconf 90' lang='lat' dir='ltr'><strong>et</strong></span> <span class='ocrx_word' id='word_1_662' title='bbox 1516 5056 1612 5112; x_wconf 90' lang='lat' dir='ltr'><strong>lib.</strong></span> <span class='ocrx_word' id='word_1_663' title='bbox 1657 5072 1720 5123; x_wconf 93' lang='grc' dir='ltr'><strong>ιι,</strong></span> 
     </span>
     <span class='ocr_line' id='line_1_88' title="bbox 206 5127 577 5181; baseline 0 0"><span class='ocrx_word' id='word_1_664' title='bbox 206 5132 293 5181; x_wconf 85' lang='lat' dir='ltr'><strong>ist.</strong></span> <span class='ocrx_word' id='word_1_665' title='bbox 314 5127 372 5181; x_wconf 74' lang='lat'><strong>2.</strong></span> <span class='ocrx_word' id='word_1_666' title='bbox 409 5127 577 5181; x_wconf 78' lang='lat' dir='ltr'><strong>Btr&#39;r.</strong></span> 
     </span>
    </p>
   </div>
   <div class='ocr_carea' id='block_1_88' title="bbox 206 5143 577 5183">
    <p class='ocr_par' dir='ltr' id='par_1_88' title="bbox 206 5143 577 5183">
     <span class='ocr_line' id='line_1_89' title="bbox 206 5143 577 5183; baseline 0.008 -3"><span class='ocrx_word' id='word_1_667' title='bbox 206 5143 293 5183; x_wconf 75' lang='grc'><strong>181..</strong></span> <span class='ocrx_word' id='word_1_668' title='bbox 314 5143 372 5183; x_wconf 69' lang='grc' dir='ltr'>Ζ.</span> <span class='ocrx_word' id='word_1_669' title='bbox 409 5143 577 5183; x_wconf 73' lang='grc' dir='ltr'>ιίιττ.</span> 
     </span>
    </p>
   </div>
   <div class='ocr_carea' id='block_1_89' title="bbox 140 5127 1721 5283">
    <p class='ocr_par' dir='ltr' id='par_1_89' title="bbox 140 5127 1721 5283">
     <span class='ocr_line' id='line_1_90' title="bbox 140 5127 577 5198; baseline 0.007 -18"><span class='ocrx_word' id='word_1_670' title='bbox 140 5127 372 5198; x_wconf 73' lang='lat' dir='ltr'><strong>epist.2.</strong></span> <span class='ocrx_word' id='word_1_671' title='bbox 409 5127 577 5183; x_wconf 76' lang='lat' dir='ltr'><strong>Bm.</strong></span> 
     </span>
     <span class='ocr_line' id='line_1_91' title="bbox 143 5195 1721 5283; baseline -0.001 -29"><span class='ocrx_word' id='word_1_672' title='bbox 143 5268 155 5278; x_wconf 82' lang='lat'><em>_</em></span> <span class='ocrx_word' id='word_1_673' title='bbox 207 5199 322 5270; x_wconf 77' lang='lat'><strong>(65)</strong></span> <span class='ocrx_word' id='word_1_674' title='bbox 360 5198 656 5279; x_wconf 67' lang='grc' dir='ltr'>Ἅπαντες</span> <span class='ocrx_word' id='word_1_675' title='bbox 682 5195 1101 5283; x_wconf 40' lang='grc' dir='ltr'>ἄνθρωποι.</span> <span class='ocrx_word' id='word_1_676' title='bbox 1143 5196 1245 5278; x_wconf 79' lang='lat' dir='ltr'><strong>leg.</strong></span> <span class='ocrx_word' id='word_1_677' title='bbox 1366 5196 1602 5283; x_wconf 49' lang='lat' dir='ltr'><strong>aranea,</strong></span> <span class='ocrx_word' id='word_1_678' title='bbox 1632 5198 1721 5283; x_wconf 56' lang='lat' dir='ltr'><strong>vel</strong></span> 
     </span>
    </p>
   </div>
   <div class='ocr_carea' id='block_1_90' title="bbox 142 5265 1724 5419">
    <p class='ocr_par' dir='ltr' id='par_1_90' title="bbox 142 5265 1724 5419">
     <span class='ocr_line' id='line_1_92' title="bbox 142 5265 1723 5340; baseline -0.001 -17"><span class='ocrx_word' id='word_1_679' title='bbox 142 5268 195 5323; x_wconf 80' lang='lat' dir='ltr'><strong>in</strong></span> <span class='ocrx_word' id='word_1_680' title='bbox 432 5284 527 5337; x_wconf 91' lang='lat' dir='ltr'><strong>pro</strong></span> <span class='ocrx_word' id='word_1_681' title='bbox 560 5268 679 5330; x_wconf 88' lang='grc' dir='ltr'><strong>πῶς</strong></span> <span class='ocrx_word' id='word_1_682' title='bbox 722 5268 787 5321; x_wconf 78' lang='grc' dir='ltr'><strong>σὺ</strong></span> <span class='ocrx_word' id='word_1_683' title='bbox 819 5268 1102 5337; x_wconf 87' lang='lat' dir='ltr'><strong>legendum</strong></span> <span class='ocrx_word' id='word_1_684' title='bbox 1144 5265 1263 5330; x_wconf 87' lang='grc' dir='ltr'><strong>πῶς</strong></span> <span class='ocrx_word' id='word_1_685' title='bbox 1295 5265 1476 5321; x_wconf 88' lang='grc' dir='ltr'>τοίνυν</span> <span class='ocrx_word' id='word_1_686' title='bbox 1516 5268 1599 5322; x_wconf 89' lang='grc' dir='ltr'><strong>σύ.</strong></span> <span class='ocrx_word' id='word_1_687' title='bbox 1632 5268 1723 5322; x_wconf 90' lang='lat' dir='ltr'><strong>Si-</strong></span> 
     </span>
     <span class='ocr_line' id='line_1_93' title="bbox 142 5336 1724 5419; baseline -0.001 -26"><span class='ocrx_word' id='word_1_688' title='bbox 142 5340 321 5395; x_wconf 85' lang='lat' dir='ltr'><strong>milem</strong></span> <span class='ocrx_word' id='word_1_689' title='bbox 355 5339 684 5419; x_wconf 77' lang='lat' dir='ltr'><strong>sententiam</strong></span> <span class='ocrx_word' id='word_1_690' title='bbox 714 5336 834 5391; x_wconf 90' lang='lat' dir='ltr'><strong>vide</strong></span> <span class='ocrx_word' id='word_1_691' title='bbox 858 5353 1021 5419; x_wconf 56' lang='lat' dir='ltr'><strong>supra</strong></span> <span class='ocrx_word' id='word_1_692' title='bbox 1053 5337 1238 5419; x_wconf 81' lang='lat' dir='ltr'><strong>lt._lib.</strong></span> <span class='ocrx_word' id='word_1_693' title='bbox 1266 5336 1509 5419; x_wconf 13' lang='lat' dir='ltr'><strong>epist.72.</strong></span> <span class='ocrx_word' id='word_1_694' title='bbox 1528 5338 1724 5419; x_wconf 43' lang='lat' dir='ltr'><strong>imitat</strong></span> 
     </span>
    </p>
   </div>
   <div class='ocr_carea' id='block_1_91' title="bbox 144 5405 1720 5478">
    <p class='ocr_par' dir='ltr' id='par_1_91' title="bbox 144 5405 1720 5478">
     <span class='ocr_line' id='line_1_94' title="bbox 144 5405 1720 5478; baseline 0.001 -16"><span class='ocrx_word' id='word_1_695' title='bbox 144 5420 227 5463; x_wconf 85' lang='lat' dir='ltr'><strong>tur</strong></span> <span class='ocrx_word' id='word_1_696' title='bbox 268 5420 453 5464; x_wconf 87' lang='lat' dir='ltr'><strong>autem</strong></span> <span class='ocrx_word' id='word_1_697' title='bbox 494 5409 585 5463; x_wconf 90' lang='lat' dir='ltr'><strong>hic</strong></span> <span class='ocrx_word' id='word_1_698' title='bbox 631 5421 846 5478; x_wconf 87' lang='lat' dir='ltr'><strong>quoque</strong></span> <span class='ocrx_word' id='word_1_699' title='bbox 895 5405 1313 5463; x_wconf 82' lang='lat' dir='ltr'><strong>Demosthenem</strong></span> <span class='ocrx_word' id='word_1_700' title='bbox 1338 5446 1355 5474; x_wconf 93' lang='lat'><strong>,</strong></span> <span class='ocrx_word' id='word_1_701' title='bbox 1391 5418 1451 5463; x_wconf 93' lang='lat' dir='ltr'><strong>ut</strong></span> <span class='ocrx_word' id='word_1_702' title='bbox 1486 5418 1541 5463; x_wconf 89' lang='lat' dir='ltr'><strong>et</strong></span> <span class='ocrx_word' id='word_1_703' title='bbox 1594 5409 1720 5463; x_wconf 87' lang='lat' dir='ltr'><strong>alibi</strong></span> 
     </span>
    </p>
   </div>
   <div class='ocr_carea' id='block_1_92' title="bbox 141 5495 298 5535">
    <p class='ocr_par' dir='ltr' id='par_1_92' title="bbox 141 5495 298 5535">
     <span class='ocr_line' id='line_1_95' title="bbox 141 5495 298 5535; baseline 0.013 -2"><span class='ocrx_word' id='word_1_704' title='bbox 141 5495 298 5535; x_wconf 72' lang='lat' dir='ltr'><strong>saepe.</strong></span> 
     </span>
    </p>
   </div>
   <div class='ocr_carea' id='block_1_93' title="bbox 206 5495 1723 5607">
    <p class='ocr_par' dir='ltr' id='par_1_93' title="bbox 206 5495 1723 5607">
     <span class='ocr_line' id='line_1_96' title="bbox 206 5495 1723 5607; baseline 0.001 -2"><span class='ocrx_word' id='word_1_705' title='bbox 206 5495 479 5605; x_wconf 50' lang='grc' dir='ltr'>Βέεειοιιε</span> <span class='ocrx_word' id='word_1_706' title='bbox 506 5548 573 5603; x_wconf 91' lang='lat' dir='ltr'><strong>ad</strong></span> <span class='ocrx_word' id='word_1_707' title='bbox 608 5549 750 5604; x_wconf 88' lang='lat' dir='ltr'><strong>hanc</strong></span> <span class='ocrx_word' id='word_1_708' title='bbox 794 5563 909 5604; x_wconf 92' lang='lat' dir='ltr'><strong>rem</strong></span> <span class='ocrx_word' id='word_1_709' title='bbox 944 5548 1168 5604; x_wconf 87' lang='lat' dir='ltr'><strong>Alcinus</strong></span> <span class='ocrx_word' id='word_1_710' title='bbox 1197 5549 1393 5604; x_wconf 83' lang='lat' dir='ltr'><strong>Avitus</strong></span> <span class='ocrx_word' id='word_1_711' title='bbox 1423 5552 1477 5603; x_wconf 89' lang='lat' dir='ltr'><strong>in</strong></span> <span class='ocrx_word' id='word_1_712' title='bbox 1512 5548 1606 5605; x_wconf 90' lang='lat' dir='ltr'><strong>lib.</strong></span> <span class='ocrx_word' id='word_1_713' title='bbox 1647 5549 1723 5607; x_wconf 72' lang='lat' dir='ltr'><strong>De</strong></span> 
     </span>
    </p>
   </div>
   <div class='ocr_carea' id='block_1_94' title="bbox 146 5618 1295 5675">
    <p class='ocr_par' dir='ltr' id='par_1_94' title="bbox 146 5618 1295 5675">
     <span class='ocr_line' id='line_1_97' title="bbox 146 5618 1295 5675; baseline 0.002 -4"><span class='ocrx_word' id='word_1_714' title='bbox 146 5619 295 5674; x_wconf 76' lang='lat' dir='ltr'><strong>laude</strong></span> <span class='ocrx_word' id='word_1_715' title='bbox 325 5620 591 5675; x_wconf 77' lang='lat' dir='ltr'><strong>castitatis</strong></span> <span class='ocrx_word' id='word_1_716' title='bbox 622 5620 689 5673; x_wconf 92' lang='lat' dir='ltr'><strong>ad</strong></span> <span class='ocrx_word' id='word_1_717' title='bbox 714 5618 999 5674; x_wconf 82' lang='lat' dir='ltr'><strong>Fuscinam</strong></span> <span class='ocrx_word' id='word_1_718' title='bbox 1032 5634 1295 5674; x_wconf 90' lang='lat' dir='ltr'><strong>sororem.</strong></span> 
     </span>
    </p>
   </div>
   <div class='ocr_carea' id='block_1_95' title="bbox 150 5688 1628 5760">
    <p class='ocr_par' dir='ltr' id='par_1_95' title="bbox 150 5688 1628 5760">
     <span class='ocr_line' id='line_1_98' title="bbox 150 5688 1628 5760; baseline 0.003 -18"><span class='ocrx_word' id='word_1_719' title='bbox 150 5688 283 5760; x_wconf 52' lang='lat' dir='ltr'><strong>{tam</strong></span> <span class='ocrx_word' id='word_1_720' title='bbox 316 5692 443 5760; x_wconf 83' lang='lat' dir='ltr'><strong>quid</strong></span> <span class='ocrx_word' id='word_1_721' title='bbox 468 5693 608 5744; x_wconf 84' lang='lat' dir='ltr'><strong>dona</strong></span> <span class='ocrx_word' id='word_1_722' title='bbox 637 5688 829 5759; x_wconf 80' lang='lat' dir='ltr'><strong>juvant</strong></span> <span class='ocrx_word' id='word_1_723' title='bbox 863 5689 1144 5753; x_wconf 81' lang='lat' dir='ltr'><strong>hominem,</strong></span> <span class='ocrx_word' id='word_1_724' title='bbox 1176 5690 1224 5743; x_wconf 85' lang='lat' dir='ltr'><strong>si</strong></span> <span class='ocrx_word' id='word_1_725' title='bbox 1254 5702 1423 5746; x_wconf 83' lang='lat' dir='ltr'><strong>mente</strong></span> <span class='ocrx_word' id='word_1_726' title='bbox 1450 5688 1628 5746; x_wconf 81' lang='lat' dir='ltr'><strong>soluta</strong></span> 
     </span>
    </p>
   </div>
   <div class='ocr_carea' id='block_1_96' title="bbox 152 5749 1376 5831">
    <p class='ocr_par' dir='ltr' id='par_1_96' title="bbox 152 5749 1376 5831">
     <span class='ocr_line' id='line_1_99' title="bbox 152 5749 1376 5831; baseline 0.004 -21"><span class='ocrx_word' id='word_1_727' title='bbox 152 5749 347 5828; x_wconf 75' lang='lat' dir='ltr'><strong>Turpia</strong></span> <span class='ocrx_word' id='word_1_728' title='bbox 378 5749 965 5831; x_wconf 56' lang='lat' dir='ltr'><strong>collatum&#39;disperdant</strong></span> <span class='ocrx_word' id='word_1_729' title='bbox 999 5760 1110 5815; x_wconf 83' lang='lat' dir='ltr'><strong>otia</strong></span> <span class='ocrx_word' id='word_1_730' title='bbox 1130 5749 1328 5816; x_wconf 34' lang='lat' dir='ltr'><strong>&#39;mtmus</strong></span> <span class='ocrx_word' id='word_1_731' title='bbox 1350 5762 1376 5815; x_wconf 66' lang='lat'><strong>.9</strong></span> 
     </span>
    </p>
   </div>
   <div class='ocr_carea' id='block_1_97' title="bbox 2064 3726 3161 3795">
    <p class='ocr_par' dir='ltr' id='par_1_97' title="bbox 2064 3726 3161 3795">
     <span class='ocr_line' id='line_1_100' title="bbox 2064 3726 3161 3795; baseline 0.012 -13"><span class='ocrx_word' id='word_1_732' title='bbox 2064 3726 2211 3784; x_wconf 81' lang='lat' dir='ltr'><strong>XIV.</strong></span> <span class='ocrx_word' id='word_1_733' title='bbox 2251 3758 2322 3773; x_wconf 91' lang='lat'><em>--</em></span> <span class='ocrx_word' id='word_1_734' title='bbox 2362 3729 2636 3789; x_wconf 78' lang='lat' dir='ltr'><strong>HIERACI</strong></span> <span class='ocrx_word' id='word_1_735' title='bbox 2674 3733 3161 3795; x_wconf 79' lang='lat' dir='ltr'><strong>PRESBYTERO.</strong></span> 
     </span>
    </p>
   </div>
   <div class='ocr_carea' id='block_1_98' title="bbox 1822 3821 3403 3953">
    <p class='ocr_par' dir='ltr' id='par_1_98' title="bbox 1822 3821 3403 3953">
     <span class='ocr_line' id='line_1_101' title="bbox 1822 3821 3403 3900; baseline 0.007 -22"><span class='ocrx_word' id='word_1_736' title='bbox 1822 3821 1895 3879; x_wconf 83' lang='lat' dir='ltr'><strong>In</strong></span> <span class='ocrx_word' id='word_1_737' title='bbox 1920 3822 2053 3877; x_wconf 80' lang='lat' dir='ltr'><strong>illud</strong></span> <span class='ocrx_word' id='word_1_738' title='bbox 2076 3821 2261 3893; x_wconf 81' lang='lat' dir='ltr'><strong>(Pauli</strong></span> <span class='ocrx_word' id='word_1_739' title='bbox 2283 3824 2506 3885; x_wconf 86' lang='lat' dir='ltr'><strong>dictum)</strong></span> <span class='ocrx_word' id='word_1_740' title='bbox 2532 3843 2547 3881; x_wconf 89' lang='lat'><strong>:</strong></span> <span class='ocrx_word' id='word_1_741' title='bbox 2578 3829 2682 3893; x_wconf 78' lang='lat' dir='ltr'><strong>Qui</strong></span> <span class='ocrx_word' id='word_1_742' title='bbox 2713 3831 2914 3883; x_wconf 80' lang='lat' dir='ltr'><strong>videtur</strong></span> <span class='ocrx_word' id='word_1_743' title='bbox 2933 3830 3034 3886; x_wconf 82' lang='lat' dir='ltr'><strong>sibi</strong></span> <span class='ocrx_word' id='word_1_744' title='bbox 3054 3847 3215 3900; x_wconf 84' lang='lat' dir='ltr'><strong>stare,</strong></span> <span class='ocrx_word' id='word_1_745' title='bbox 3233 3836 3403 3890; x_wconf 79' lang='lat' dir='ltr'><strong>videat</strong></span> 
     </span>
     <span class='ocr_line' id='line_1_102' title="bbox 2396 3899 2829 3953; baseline 0.012 -5"><span class='ocrx_word' id='word_1_746' title='bbox 2396 3911 2459 3948; x_wconf 79' lang='lat' dir='ltr'><strong>ne</strong></span> <span class='ocrx_word' id='word_1_747' title='bbox 2495 3901 2654 3951; x_wconf 82' lang='lat' dir='ltr'><strong>cadat</strong></span> <span class='ocrx_word' id='word_1_748' title='bbox 2694 3899 2760 3952; x_wconf 82' lang='lat'><strong>&quot;.</strong></span> <span class='ocrx_word' id='word_1_749' title='bbox 2807 3917 2829 3953; x_wconf 74' lang='grc' dir='ltr'><strong>ι</strong></span> 
     </span>
    </p>
   </div>
   <div class='ocr_carea' id='block_1_99' title="bbox 1894 3984 3405 4068">
    <p class='ocr_par' dir='ltr' id='par_1_99' title="bbox 1894 3984 3405 4068">
     <span class='ocr_line' id='line_1_103' title="bbox 1894 3984 3405 4068; baseline 0.01 -29"><span class='ocrx_word' id='word_1_750' title='bbox 1894 3984 2269 4040; x_wconf 90' lang='lat' dir='ltr'><strong>Comminatur</strong></span> <span class='ocrx_word' id='word_1_751' title='bbox 2311 3987 2528 4057; x_wconf 88' lang='lat' dir='ltr'><strong>quidem</strong></span> <span class='ocrx_word' id='word_1_752' title='bbox 2573 4000 2874 4062; x_wconf 63' lang='lat' dir='ltr'><strong>praepotens</strong></span> <span class='ocrx_word' id='word_1_753' title='bbox 2902 3993 2993 4050; x_wconf 90' lang='lat' dir='ltr'><strong>illa</strong></span> <span class='ocrx_word' id='word_1_754' title='bbox 3043 3998 3405 4068; x_wconf 87' lang='lat' dir='ltr'><strong>omnibusque</strong></span> 
     </span>
    </p>
   </div>
   <div class='ocr_carea' id='block_1_100' title="bbox 1228 4177 2301 4246">
    <p class='ocr_par' dir='ltr' id='par_1_100' title="bbox 1228 4177 2301 4246">
     <span class='ocr_line' id='line_1_104' title="bbox 1228 4177 2301 4246; baseline 0.002 -2"><span class='ocrx_word' id='word_1_755' title='bbox 1228 4187 1467 4245; x_wconf 63' lang='lat' dir='ltr'><strong>VARIIE</strong></span> <span class='ocrx_word' id='word_1_756' title='bbox 1509 4177 1899 4245; x_wconf 63' lang='lat' dir='ltr'><strong>LECTION&#39;ES</strong></span> <span class='ocrx_word' id='word_1_757' title='bbox 1939 4184 2031 4242; x_wconf 86' lang='lat' dir='ltr'><strong>ET</strong></span> <span class='ocrx_word' id='word_1_758' title='bbox 2068 4186 2301 4246; x_wconf 67' lang='lat' dir='ltr'><strong>NOTAE.</strong></span> 
     </span>
    </p>
   </div>
   <div class='ocr_carea' id='block_1_101' title="bbox 1832 4284 3293 4359">
    <p class='ocr_par' dir='ltr' id='par_1_101' title="bbox 1832 4284 3293 4359">
     <span class='ocr_line' id='line_1_105' title="bbox 1832 4284 3293 4359; baseline 0.007 -24"><span class='ocrx_word' id='word_1_759' title='bbox 1832 4284 2107 4359; x_wconf 60' lang='lat' dir='ltr'><strong>Ausilium</strong></span> <span class='ocrx_word' id='word_1_760' title='bbox 2140 4296 2358 4339; x_wconf 79' lang='lat' dir='ltr'><strong>conatus</strong></span> <span class='ocrx_word' id='word_1_761' title='bbox 2396 4295 2560 4359; x_wconf 86' lang='lat' dir='ltr'><strong>amat.</strong></span> <span class='ocrx_word' id='word_1_762' title='bbox 2595 4285 2735 4359; x_wconf 83' lang='lat' dir='ltr'><strong>Quis</strong></span> <span class='ocrx_word' id='word_1_763' title='bbox 2750 4304 2973 4359; x_wconf 82' lang='lat' dir='ltr'><strong>namque</strong></span> <span class='ocrx_word' id='word_1_764' title='bbox 3001 4303 3293 4347; x_wconf 81' lang='lat' dir='ltr'><strong>vacantem.</strong></span> 
     </span>
    </p>
   </div>
   <div class='ocr_carea' id='block_1_102' title="bbox 1835 4355 3120 4429">
    <p class='ocr_par' dir='ltr' id='par_1_102' title="bbox 1835 4355 3120 4429">
     <span class='ocr_line' id='line_1_106' title="bbox 1835 4355 3120 4429; baseline 0.007 -23"><span class='ocrx_word' id='word_1_765' title='bbox 1835 4355 2083 4429; x_wconf 61' lang='lat' dir='ltr'><strong>4djuuet,</strong></span> <span class='ocrx_word' id='word_1_766' title='bbox 2113 4364 2415 4429; x_wconf 72' lang='lat' dir='ltr'><strong>autsomno</strong></span> <span class='ocrx_word' id='word_1_767' title='bbox 2432 4358 2688 4429; x_wconf 4' lang='lat' dir='ltr'><strong>(virtutem</strong></span> <span class='ocrx_word' id='word_1_768' title='bbox 2707 4355 2900 4429; x_wconf 78' lang='lat' dir='ltr'><strong>jungat</strong></span> <span class='ocrx_word' id='word_1_769' title='bbox 2924 4364 3120 4416; x_wconf 78' lang='lat' dir='ltr'><strong>inerti?</strong></span> 
     </span>
    </p>
   </div>
   <div class='ocr_carea' id='block_1_103' title="bbox 1834 4423 3401 4496">
    <p class='ocr_par' dir='ltr' id='par_1_103' title="bbox 1834 4423 3401 4496">
     <span class='ocr_line' id='line_1_107' title="bbox 1834 4423 3401 4496; baseline 0.007 -19"><span class='ocrx_word' id='word_1_770' title='bbox 1834 4423 1932 4496; x_wconf 78' lang='lat' dir='ltr'><strong>cui</strong></span> <span class='ocrx_word' id='word_1_771' title='bbox 1990 4426 2274 4496; x_wconf 75' lang='lat' dir='ltr'><strong>sententia:</strong></span> <span class='ocrx_word' id='word_1_772' title='bbox 2326 4427 2601 4496; x_wconf 86' lang='lat' dir='ltr'><strong>subjungit</strong></span> <span class='ocrx_word' id='word_1_773' title='bbox 2666 4423 2977 4495; x_wconf 74' lang='lat' dir='ltr'><strong>parabolam</strong></span> <span class='ocrx_word' id='word_1_774' title='bbox 3039 4435 3106 4486; x_wconf 86' lang='lat' dir='ltr'><strong>de</strong></span> <span class='ocrx_word' id='word_1_775' title='bbox 3170 4433 3401 4488; x_wconf 82' lang='lat' dir='ltr'><strong>diversis</strong></span> 
     </span>
    </p>
   </div>
   <div class='ocr_carea' id='block_1_104' title="bbox 1833 4495 3402 4566">
    <p class='ocr_par' dir='ltr' id='par_1_104' title="bbox 1833 4495 3402 4566">
     <span class='ocr_line' id='line_1_108' title="bbox 1833 4495 3402 4566; baseline 0.009 -20"><span class='ocrx_word' id='word_1_776' title='bbox 1833 4495 2121 4566; x_wconf 7' lang='lat' dir='ltr'><strong>taletttisga</strong></span> <span class='ocrx_word' id='word_1_777' title='bbox 2156 4495 2456 4566; x_wconf 15' lang='lat' dir='ltr'><strong>ipatrefatn’.</strong></span> <span class='ocrx_word' id='word_1_778' title='bbox 2503 4500 2759 4563; x_wconf 89' lang='lat' dir='ltr'><strong>creditis,</strong></span> <span class='ocrx_word' id='word_1_779' title='bbox 2798 4498 2990 4554; x_wconf 83' lang='lat' dir='ltr'><strong>Matth.</strong></span> <span class='ocrx_word' id='word_1_780' title='bbox 3041 4518 3185 4566; x_wconf 78' lang='lat' dir='ltr'><strong>xxv,</strong></span> <span class='ocrx_word' id='word_1_781' title='bbox 3232 4502 3303 4558; x_wconf 73' lang='grc'><strong>24</strong></span> <span class='ocrx_word' id='word_1_782' title='bbox 3347 4517 3402 4559; x_wconf 89' lang='lat' dir='ltr'><strong>ct</strong></span> 
     </span>
    </p>
   </div>
   <div class='ocr_carea' id='block_1_105' title="bbox 1829 4564 3395 4640">
    <p class='ocr_par' dir='ltr' id='par_1_105' title="bbox 1829 4564 3395 4640">
     <span class='ocr_line' id='line_1_109' title="bbox 1829 4564 3395 4640; baseline 0.008 -24"><span class='ocrx_word' id='word_1_783' title='bbox 1829 4564 2552 4640; x_wconf 35' lang='lat' dir='ltr'><strong>seqqLSic‘Clirysostontus</strong></span> <span class='ocrx_word' id='word_1_784' title='bbox 2573 4568 2759 4640; x_wconf 75' lang='lat' dir='ltr'><strong>liotnil.</strong></span> <span class='ocrx_word' id='word_1_785' title='bbox 2778 4567 2841 4622; x_wconf 75' lang='lat'><strong>2|</strong></span> <span class='ocrx_word' id='word_1_786' title='bbox 2870 4571 2922 4624; x_wconf 92' lang='lat' dir='ltr'><strong>in</strong></span> <span class='ocrx_word' id='word_1_787' title='bbox 2950 4570 3041 4623; x_wconf 86' lang='lat' dir='ltr'><strong>ﬁn.</strong></span> <span class='ocrx_word' id='word_1_788' title='bbox 3087 4577 3152 4626; x_wconf 91' lang='lat' dir='ltr'><strong>ad</strong></span> <span class='ocrx_word' id='word_1_789' title='bbox 3171 4564 3179 4566; x_wconf 18' lang='lat'><strong><em>7</em></strong></span> <span class='ocrx_word' id='word_1_790' title='bbox 3197 4571 3395 4640; x_wconf 87' lang='lat' dir='ltr'><strong>Ephes.</strong></span> 
     </span>
    </p>
   </div>
   <div class='ocr_carea' id='block_1_106' title="bbox 1830 4633 3399 4711">
    <p class='ocr_par' dir='ltr' id='par_1_106' title="bbox 1830 4633 3399 4711">
     <span class='ocr_line' id='line_1_110' title="bbox 1830 4633 3399 4711; baseline 0.008 -26"><span class='ocrx_word' id='word_1_791' title='bbox 1830 4633 1929 4685; x_wconf 76' lang='grc' dir='ltr'>Ἂν</span> <span class='ocrx_word' id='word_1_792' title='bbox 1974 4634 2056 4711; x_wconf 71' lang='grc' dir='ltr'>ἴδη</span> <span class='ocrx_word' id='word_1_793' title='bbox 2101 4633 2329 4707; x_wconf 40' lang='lat' dir='ltr'><strong>quiq—(6</strong></span> <span class='ocrx_word' id='word_1_794' title='bbox 2362 4635 2522 4711; x_wconf 64' lang='grc' dir='ltr'>Θεὸς)</span> <span class='ocrx_word' id='word_1_795' title='bbox 2557 4638 2728 4711; x_wconf 72' lang='grc' dir='ltr'>τοῦτο</span> <span class='ocrx_word' id='word_1_796' title='bbox 2765 4640 3174 4711; x_wconf 86' lang='grc' dir='ltr'>μεριμνῶντας,</span> <span class='ocrx_word' id='word_1_797' title='bbox 3207 4633 3399 4697; x_wconf 79' lang='grc' dir='ltr'>τούτου</span> 
     </span>
    </p>
   </div>
   <div class='ocr_carea' id='block_1_107' title="bbox 1826 4653 3399 4786">
    <p class='ocr_par' dir='ltr' id='par_1_107' title="bbox 1826 4653 3399 4786">
     <span class='ocr_line' id='line_1_111' title="bbox 1853 4653 3399 4711; baseline 0.008 -26"><span class='ocrx_word' id='word_1_798' title='bbox 1853 4653 1929 4685; x_wconf 77' lang='lat' dir='ltr'><strong>AV</strong></span> <span class='ocrx_word' id='word_1_799' title='bbox 1974 4653 2020 4686; x_wconf 92' lang='grc' dir='ltr'><strong>ιο</strong></span> <span class='ocrx_word' id='word_1_800' title='bbox 2101 4653 2249 4706; x_wconf 83' lang='grc' dir='ltr'>ημας</span> <span class='ocrx_word' id='word_1_801' title='bbox 2280 4653 2329 4707; x_wconf 82' lang='lat' dir='ltr'><strong>(o</strong></span> <span class='ocrx_word' id='word_1_802' title='bbox 2362 4653 2521 4706; x_wconf 75' lang='grc' dir='ltr'>σεος)</span> <span class='ocrx_word' id='word_1_803' title='bbox 2572 4655 2728 4691; x_wconf 85' lang='grc' dir='ltr'>τουτο</span> <span class='ocrx_word' id='word_1_804' title='bbox 2765 4656 3174 4711; x_wconf 80' lang='grc' dir='ltr'>μεριμνῶντας,</span> <span class='ocrx_word' id='word_1_805' title='bbox 3207 4653 3399 4697; x_wconf 79' lang='grc' dir='ltr'>τούτου</span> 
     </span>
     <span class='ocr_line' id='line_1_112' title="bbox 1826 4653 3399 4786; baseline 0.008 -31"><span class='ocrx_word' id='word_1_806' title='bbox 1826 4653 2248 4786; x_wconf 47' lang='grc' dir='ltr'>φροηίξοντας,</span> <span class='ocrx_word' id='word_1_807' title='bbox 2272 4707 2756 4786; x_wconf 41' lang='grc' dir='ltr'><strong>Δσιυναντιλσίὶψετιιιιο</strong></span> <span class='ocrx_word' id='word_1_808' title='bbox 2789 4710 2859 4786; x_wconf 69' lang='grc' dir='ltr'>ᾂν</span> <span class='ocrx_word' id='word_1_809' title='bbox 2892 4710 3098 4786; x_wconf 75' lang='grc' dir='ltr'>μηδένα</span> <span class='ocrx_word' id='word_1_810' title='bbox 3139 4716 3399 4786; x_wconf 75' lang='grc' dir='ltr'>ποιουμέσ-</span> 
     </span>
    </p>
   </div>
   <div class='ocr_carea' id='block_1_108' title="bbox 1824 4774 3399 4855">
    <p class='ocr_par' dir='ltr' id='par_1_108' title="bbox 1824 4774 3399 4855">
     <span class='ocr_line' id='line_1_113' title="bbox 1824 4774 3399 4855; baseline 0.006 -27"><span class='ocrx_word' id='word_1_811' title='bbox 1824 4790 1951 4837; x_wconf 87' lang='grc' dir='ltr'>νους</span> <span class='ocrx_word' id='word_1_812' title='bbox 1970 4774 2150 4855; x_wconf 74' lang='grc' dir='ltr'>λόγον,</span> <span class='ocrx_word' id='word_1_813' title='bbox 2180 4775 2240 4855; x_wconf 64' lang='grc' dir='ltr'><strong>ού</strong></span> <span class='ocrx_word' id='word_1_814' title='bbox 2268 4774 2429 4855; x_wconf 68' lang='grc' dir='ltr'>δῶσει</span> <span class='ocrx_word' id='word_1_815' title='bbox 2452 4774 2643 4855; x_wconf 40' lang='grc' dir='ltr'>χεῖρας.</span> <span class='ocrx_word' id='word_1_816' title='bbox 2658 4780 2719 4831; x_wconf 86' lang='grc' dir='ltr'><strong>ού</strong></span> <span class='ocrx_word' id='word_1_817' title='bbox 2739 4780 2847 4852; x_wconf 83' lang='grc' dir='ltr'>γὰρ</span> <span class='ocrx_word' id='word_1_818' title='bbox 2893 4774 3245 4855; x_wconf 70' lang='grc' dir='ltr'>καθεύδουσιν</span> <span class='ocrx_word' id='word_1_819' title='bbox 3266 4774 3399 4855; x_wconf 74' lang='grc' dir='ltr'>ἡμῖν</span> 
     </span>
    </p>
   </div>
   <div class='ocr_carea' id='block_1_109' title="bbox 1828 4844 3394 4920">
    <p class='ocr_par' dir='ltr' id='par_1_109' title="bbox 1828 4844 3394 4920">
     <span class='ocr_line' id='line_1_114' title="bbox 1828 4844 3394 4920; baseline 0.007 -24"><span class='ocrx_word' id='word_1_820' title='bbox 1828 4849 2058 4920; x_wconf 68' lang='grc' dir='ltr'>χορηγεῖ</span> <span class='ocrx_word' id='word_1_821' title='bbox 2075 4845 2181 4920; x_wconf 27' lang='grc' dir='ltr'>τὴν.</span> <span class='ocrx_word' id='word_1_822' title='bbox 2206 4844 2483 4920; x_wconf 42' lang='grc' dir='ltr'>βοηθείαν,</span> <span class='ocrx_word' id='word_1_823' title='bbox 2522 4844 2848 4920; x_wconf 39' lang='lat' dir='ltr'><strong>ana}:de</strong></span> <span class='ocrx_word' id='word_1_824' title='bbox 2857 4852 3038 4920; x_wconf 82' lang='grc' dir='ltr'>μένοις</span> <span class='ocrx_word' id='word_1_825' title='bbox 3066 4854 3157 4905; x_wconf 86' lang='grc' dir='ltr'><strong>καί</strong></span> <span class='ocrx_word' id='word_1_826' title='bbox 3190 4844 3394 4918; x_wconf 66' lang='grc' dir='ltr'>αὐτοῖς’</span> 
     </span>
    </p>
   </div>
   <div class='ocr_carea' id='block_1_110' title="bbox 1826 4913 3400 4995">
    <p class='ocr_par' dir='ltr' id='par_1_110' title="bbox 1826 4913 3400 4995">
     <span class='ocr_line' id='line_1_115' title="bbox 1826 4913 3400 4995; baseline 0.009 -30"><span class='ocrx_word' id='word_1_827' title='bbox 1826 4914 1854 4965; x_wconf 84' lang='grc' dir='ltr'>ὁ</span> <span class='ocrx_word' id='word_1_828' title='bbox 1886 4913 1993 4993; x_wconf 69' lang='grc' dir='ltr'><strong>γὰρ</strong></span> <span class='ocrx_word' id='word_1_829' title='bbox 2031 4913 2257 4995; x_wconf 35' lang='grc' dir='ltr'>βοηξθὸςθ,</span> <span class='ocrx_word' id='word_1_830' title='bbox 2284 4913 2347 4995; x_wconf 69' lang='grc' dir='ltr'><strong>οὐ</strong></span> <span class='ocrx_word' id='word_1_831' title='bbox 2382 4916 2477 4995; x_wconf 64' lang='grc' dir='ltr'>τοῦ</span> <span class='ocrx_word' id='word_1_832' title='bbox 2508 4918 2808 4995; x_wconf 60' lang='grc' dir='ltr'>ἀργοῦντός</span> <span class='ocrx_word' id='word_1_833' title='bbox 2856 4913 2971 4995; x_wconf 72' lang='grc' dir='ltr'>ἐστι</span> <span class='ocrx_word' id='word_1_834' title='bbox 3003 4913 3194 4995; x_wconf 83' lang='grc' dir='ltr'>βοηθὸς</span> <span class='ocrx_word' id='word_1_835' title='bbox 3213 4965 3229 4991; x_wconf 96' lang='grc'><strong>,</strong></span> <span class='ocrx_word' id='word_1_836' title='bbox 3263 4913 3400 4980; x_wconf 70' lang='grc' dir='ltr'>ἀλλὰ</span> 
     </span>
    </p>
   </div>
   <div class='ocr_carea' id='block_1_111' title="bbox 1826 4986 3401 5060">
    <p class='ocr_par' dir='ltr' id='par_1_111' title="bbox 1826 4986 3401 5060">
     <span class='ocr_line' id='line_1_116' title="bbox 1826 4986 3401 5060; baseline 0.008 -25"><span class='ocrx_word' id='word_1_837' title='bbox 1826 4986 1920 5060; x_wconf 70' lang='grc' dir='ltr'><strong>τού</strong></span> <span class='ocrx_word' id='word_1_838' title='bbox 1955 4990 2050 5037; x_wconf 62' lang='grc' dir='ltr'><strong>καὶ⁵</strong></span> <span class='ocrx_word' id='word_1_839' title='bbox 2079 4986 2670 5060; x_wconf 17' lang='grc' dir='ltr'>αὺτούᾼὲργαζομὲνου.</span> <span class='ocrx_word' id='word_1_840' title='bbox 2705 4990 2865 5055; x_wconf 89' lang='lat' dir='ltr'><strong>Deus,</strong></span> <span class='ocrx_word' id='word_1_841' title='bbox 2899 4986 3105 5060; x_wconf 65' lang='lat' dir='ltr'><strong>inquit,</strong></span> <span class='ocrx_word' id='word_1_842' title='bbox 3139 4986 3243 5049; x_wconf 82' lang='lat' dir='ltr'><strong>non</strong></span> <span class='ocrx_word' id='word_1_843' title='bbox 3272 4998 3401 5048; x_wconf 87' lang='lat' dir='ltr'><strong>dor-</strong></span> 
     </span>
    </p>
   </div>
   <div class='ocr_carea' id='block_1_112' title="bbox 1827 5056 3401 5133">
    <p class='ocr_par' dir='ltr' id='par_1_112' title="bbox 1827 5056 3401 5133">
     <span class='ocr_line' id='line_1_117' title="bbox 1827 5056 3401 5133; baseline 0.008 -27"><span class='ocrx_word' id='word_1_844' title='bbox 1827 5056 2118 5133; x_wconf 77' lang='lat' dir='ltr'><strong>mientibus</strong></span> <span class='ocrx_word' id='word_1_845' title='bbox 2150 5056 2590 5133; x_wconf 67' lang='lat' dir='ltr'><strong>nobisauxilium</strong></span> <span class='ocrx_word' id='word_1_846' title='bbox 2622 5061 2747 5124; x_wconf 84' lang='lat' dir='ltr'><strong>fert,</strong></span> <span class='ocrx_word' id='word_1_847' title='bbox 2774 5064 2867 5133; x_wconf 89' lang='lat' dir='ltr'><strong>sed</strong></span> <span class='ocrx_word' id='word_1_848' title='bbox 2895 5063 2937 5116; x_wconf 92' lang='lat' dir='ltr'><strong>si</strong></span> <span class='ocrx_word' id='word_1_849' title='bbox 2972 5056 3026 5133; x_wconf 74' lang='lat' dir='ltr'><strong>et</strong></span> <span class='ocrx_word' id='word_1_850' title='bbox 3052 5056 3152 5133; x_wconf 83' lang='lat' dir='ltr'><strong>ipsi</strong></span> <span class='ocrx_word' id='word_1_851' title='bbox 3185 5064 3401 5119; x_wconf 84' lang='lat' dir='ltr'><strong>labore-</strong></span> 
     </span>
    </p>
   </div>
   <div class='ocr_carea' id='block_1_113' title="bbox 1825 5126 3399 5203">
    <p class='ocr_par' dir='ltr' id='par_1_113' title="bbox 1825 5126 3399 5203">
     <span class='ocr_line' id='line_1_118' title="bbox 1825 5126 3399 5203; baseline 0.008 -28"><span class='ocrx_word' id='word_1_852' title='bbox 1825 5139 1966 5203; x_wconf 70' lang='lat' dir='ltr'><strong>mus.</strong></span> <span class='ocrx_word' id='word_1_853' title='bbox 2012 5126 2241 5192; x_wconf 71' lang='lat' dir='ltr'><strong>Adjutor</strong></span> <span class='ocrx_word' id='word_1_854' title='bbox 2271 5128 2413 5181; x_wconf 87' lang='lat' dir='ltr'><strong>enim</strong></span> <span class='ocrx_word' id='word_1_855' title='bbox 2454 5143 2561 5183; x_wconf 88' lang='lat' dir='ltr'><strong>non</strong></span> <span class='ocrx_word' id='word_1_856' title='bbox 2594 5140 2687 5203; x_wconf 13' lang='lat' dir='ltr'><strong>est,</strong></span> <span class='ocrx_word' id='word_1_857' title='bbox 2710 5132 2868 5203; x_wconf 83' lang='lat' dir='ltr'><strong>otiosi</strong></span> <span class='ocrx_word' id='word_1_858' title='bbox 2899 5126 3135 5199; x_wconf 62' lang='lat' dir='ltr'><strong>adjuto&#39;r,</strong></span> <span class='ocrx_word' id='word_1_859' title='bbox 3165 5136 3259 5188; x_wconf 88' lang='lat' dir='ltr'><strong>sed</strong></span> <span class='ocrx_word' id='word_1_860' title='bbox 3281 5135 3399 5203; x_wconf 86' lang='lat' dir='ltr'><strong>ejus</strong></span> 
     </span>
    </p>
   </div>
   <div class='ocr_carea' id='block_1_114' title="bbox 1866 5193 3402 5265">
    <p class='ocr_par' dir='ltr' id='par_1_114' title="bbox 1866 5193 3402 5265">
     <span class='ocr_line' id='line_1_119' title="bbox 1866 5193 3402 5265; baseline 0.008 -19"><span class='ocrx_word' id='word_1_861' title='bbox 1866 5193 1917 5247; x_wconf 91' lang='lat' dir='ltr'><strong>ui</strong></span> <span class='ocrx_word' id='word_1_862' title='bbox 1947 5194 2062 5265; x_wconf 90' lang='lat' dir='ltr'><strong>ipse</strong></span> <span class='ocrx_word' id='word_1_863' title='bbox 2089 5211 2303 5265; x_wconf 77' lang='lat' dir='ltr'><strong>quoque</strong></span> <span class='ocrx_word' id='word_1_864' title='bbox 2323 5210 2597 5265; x_wconf 91' lang='lat' dir='ltr'><strong>operatur.</strong></span> <span class='ocrx_word' id='word_1_865' title='bbox 2632 5199 2745 5255; x_wconf 83' lang='lat' dir='ltr'><strong>Vid.</strong></span> <span class='ocrx_word' id='word_1_866' title='bbox 2775 5193 3024 5257; x_wconf 70' lang='lat' dir='ltr'><strong>eumdem</strong></span> <span class='ocrx_word' id='word_1_867' title='bbox 3051 5213 3103 5255; x_wconf 94' lang='lat' dir='ltr'><strong>et</strong></span> <span class='ocrx_word' id='word_1_868' title='bbox 3121 5193 3276 5258; x_wconf 78' lang='lat' dir='ltr'><strong>alibi.</strong></span> <span class='ocrx_word' id='word_1_869' title='bbox 3307 5193 3402 5258; x_wconf 72' lang='lat' dir='ltr'><strong>Sic</strong></span> 
     </span>
    </p>
   </div>
   <div class='ocr_carea' id='block_1_115' title="bbox 1823 5262 3397 5416">
    <p class='ocr_par' dir='ltr' id='par_1_115' title="bbox 1823 5262 3397 5416">
     <span class='ocr_line' id='line_1_120' title="bbox 1825 5262 3397 5340; baseline 0.006 -23"><span class='ocrx_word' id='word_1_870' title='bbox 1825 5262 2118 5333; x_wconf 82' lang='lat' dir='ltr'><strong>Gregorius</strong></span> <span class='ocrx_word' id='word_1_871' title='bbox 2144 5262 2376 5322; x_wconf 51' lang='lat' dir='ltr'><strong>Na&#39;ziatt:</strong></span> <span class='ocrx_word' id='word_1_872' title='bbox 2404 5266 2686 5337; x_wconf 79' lang='lat' dir='ltr'><strong>Epitapltio</strong></span> <span class='ocrx_word' id='word_1_873' title='bbox 2716 5274 2771 5324; x_wconf 83' lang='lat' dir='ltr'><strong>in</strong></span> <span class='ocrx_word' id='word_1_874' title='bbox 2805 5272 3028 5340; x_wconf 76' lang='lat' dir='ltr'><strong>fratrem</strong></span> <span class='ocrx_word' id='word_1_875' title='bbox 3058 5272 3350 5327; x_wconf 69' lang='lat' dir='ltr'><strong>Caesarium</strong></span> <span class='ocrx_word' id='word_1_876' title='bbox 3375 5288 3397 5326; x_wconf 91' lang='lat'><strong><em>:</em></strong></span> 
     </span>
     <span class='ocr_line' id='line_1_121' title="bbox 1823 5332 3397 5416; baseline 0.001 -1"><span class='ocrx_word' id='word_1_877' title='bbox 1823 5332 2142 5416; x_wconf 54' lang='grc' dir='ltr'><strong>Ψιέοτὶοφεέἳ</strong></span> <span class='ocrx_word' id='word_1_878' title='bbox 2165 5335 2265 5416; x_wconf 48' lang='lat' dir='ltr'><strong>ei”</strong></span> <span class='ocrx_word' id='word_1_879' title='bbox 2294 5336 2405 5416; x_wconf 62' lang='lat' dir='ltr'><strong>Ide?</strong></span> <span class='ocrx_word' id='word_1_880' title='bbox 2443 5339 2552 5416; x_wconf 73' lang='grc' dir='ltr'><strong>δσφ</strong></span> <span class='ocrx_word' id='word_1_881' title='bbox 2580 5338 2847 5416; x_wconf 72' lang='grc' dir='ltr'>μέγιστργ,</span> <span class='ocrx_word' id='word_1_882' title='bbox 2872 5342 2969 5416; x_wconf 61' lang='grc' dir='ltr'><strong>θεεὲ</strong></span> <span class='ocrx_word' id='word_1_883' title='bbox 2989 5340 3397 5416; x_wconf 60' lang='grc' dir='ltr'>χαλεπιίιτατεονρ</span> 
     </span>
    </p>
   </div>
   <div class='ocr_carea' id='block_1_116' title="bbox 1822 5354 3401 5481">
    <p class='ocr_par' dir='ltr' id='par_1_116' title="bbox 1822 5354 3401 5481">
     <span class='ocr_line' id='line_1_122' title="bbox 1823 5354 3397 5424; baseline 0.008 -40"><span class='ocrx_word' id='word_1_884' title='bbox 1823 5354 2136 5402; x_wconf 79' lang='grc' dir='ltr'>ΨιΑοσοφειν</span> <span class='ocrx_word' id='word_1_885' title='bbox 2165 5354 2265 5416; x_wconf 70' lang='grc' dir='ltr'><strong>μεν</strong></span> <span class='ocrx_word' id='word_1_886' title='bbox 2298 5354 2405 5407; x_wconf 81' lang='grc' dir='ltr'><strong>γαρ</strong></span> <span class='ocrx_word' id='word_1_887' title='bbox 2443 5355 2552 5410; x_wconf 87' lang='grc' dir='ltr'>οσῳ</span> <span class='ocrx_word' id='word_1_888' title='bbox 2580 5356 2836 5409; x_wconf 83' lang='grc' dir='ltr'>μεγιστον</span> <span class='ocrx_word' id='word_1_889' title='bbox 2872 5354 2969 5394; x_wconf 72' lang='grc' dir='ltr'>καὶ</span> <span class='ocrx_word' id='word_1_890' title='bbox 2989 5354 3397 5424; x_wconf 49' lang='grc' dir='ltr'>χαλεπιὶιτατον,</span> 
     </span>
     <span class='ocr_line' id='line_1_123' title="bbox 1822 5403 3401 5481; baseline 0.006 -25"><span class='ocrx_word' id='word_1_891' title='bbox 1822 5404 1918 5481; x_wconf 73' lang='grc' dir='ltr'><strong>καὶ</strong></span> <span class='ocrx_word' id='word_1_892' title='bbox 1937 5403 1999 5481; x_wconf 80' lang='grc' dir='ltr'><strong>ού</strong></span> <span class='ocrx_word' id='word_1_893' title='bbox 2023 5404 2236 5481; x_wconf 78' lang='grc' dir='ltr'>πολλῶν</span> <span class='ocrx_word' id='word_1_894' title='bbox 2259 5407 2320 5459; x_wconf 86' lang='grc' dir='ltr'><strong>τὸ</strong></span> <span class='ocrx_word' id='word_1_895' title='bbox 2335 5408 2601 5481; x_wconf 31' lang='grc' dir='ltr'>’ἐπιχείρη</span> <span class='ocrx_word' id='word_1_896' title='bbox 2611 5427 2707 5479; x_wconf 88' lang='grc' dir='ltr'><strong>μα,</strong></span> <span class='ocrx_word' id='word_1_897' title='bbox 2741 5410 2860 5464; x_wconf 83' lang='grc' dir='ltr'>οὐδὲ</span> <span class='ocrx_word' id='word_1_898' title='bbox 2883 5411 3060 5465; x_wconf 82' lang='grc' dir='ltr'>ἄλλων</span> <span class='ocrx_word' id='word_1_899' title='bbox 3093 5414 3125 5481; x_wconf 80' lang='grc' dir='ltr'>ἢ</span> <span class='ocrx_word' id='word_1_900' title='bbox 3153 5430 3262 5466; x_wconf 83' lang='grc' dir='ltr'><strong>των</strong></span> <span class='ocrx_word' id='word_1_901' title='bbox 3293 5413 3401 5466; x_wconf 74' lang='grc' dir='ltr'>ὑπὸ</span> 
     </span>
    </p>
   </div>
   <div class='ocr_carea' id='block_1_117' title="bbox 1820 5473 3401 5556">
    <p class='ocr_par' dir='ltr' id='par_1_117' title="bbox 1820 5473 3401 5556">
     <span class='ocr_line' id='line_1_124' title="bbox 1820 5473 3401 5556; baseline 0.008 -31"><span class='ocrx_word' id='word_1_902' title='bbox 1820 5473 1920 5543; x_wconf 80' lang='grc' dir='ltr'>τῆς</span> <span class='ocrx_word' id='word_1_903' title='bbox 1953 5474 2102 5556; x_wconf 69' lang='grc' dir='ltr'>θείας</span> <span class='ocrx_word' id='word_1_904' title='bbox 2124 5473 2997 5556; x_wconf 61' lang='grc' dir='ltr'>προκεκλημένωνμεγαλονοίας,</span> <span class='ocrx_word' id='word_1_905' title='bbox 3022 5483 3056 5555; x_wconf 83' lang='grc' dir='ltr'>ἢ</span> <span class='ocrx_word' id='word_1_906' title='bbox 3091 5473 3206 5547; x_wconf 78' lang='grc' dir='ltr'>τοῖς</span> <span class='ocrx_word' id='word_1_907' title='bbox 3235 5499 3401 5556; x_wconf 80' lang='grc' dir='ltr'>προῃ-</span> 
     </span>
    </p>
   </div>
   <div class='ocr_carea' id='block_1_118' title="bbox 1823 5543 2897 5618">
    <p class='ocr_par' dir='ltr' id='par_1_118' title="bbox 1823 5543 2897 5618">
     <span class='ocr_line' id='line_1_125' title="bbox 1823 5543 2897 5618; baseline 0.01 -24"><span class='ocrx_word' id='word_1_908' title='bbox 1823 5543 2081 5618; x_wconf 75' lang='grc' dir='ltr'>ρημένοις</span> <span class='ocrx_word' id='word_1_909' title='bbox 2110 5543 2289 5618; x_wconf 80' lang='grc' dir='ltr'>καλῶς</span> <span class='ocrx_word' id='word_1_910' title='bbox 2316 5543 2475 5618; x_wconf 79' lang='grc' dir='ltr'>χεῖρα</span> <span class='ocrx_word' id='word_1_911' title='bbox 2499 5543 2706 5605; x_wconf 69' lang='grc' dir='ltr'>δίδωσι.</span> <span class='ocrx_word' id='word_1_912' title='bbox 2730 5550 2897 5607; x_wconf 77' lang='lat' dir='ltr'><strong>Rt&#39;rr.</strong></span> 
     </span>
    </p>
   </div>
   <div class='ocr_carea' id='block_1_119' title="bbox 1893 5612 3403 5694">
    <p class='ocr_par' dir='ltr' id='par_1_119' title="bbox 1893 5612 3403 5694">
     <span class='ocr_line' id='line_1_126' title="bbox 1893 5612 3403 5694; baseline 0.015 -29"><span class='ocrx_word' id='word_1_913' title='bbox 2054 5612 2114 5694; x_wconf 61' lang='lat' dir='ltr'><strong>in</strong></span> <span class='ocrx_word' id='word_1_914' title='bbox 2159 5612 2443 5694; x_wconf 49' lang='lat' dir='ltr'><strong>titulo&#39;pro</strong></span> <span class='ocrx_word' id='word_1_915' title='bbox 2474 5620 2847 5694; x_wconf 71' lang='lat' dir='ltr'><strong>_rrpa66utépqi</strong></span> <span class='ocrx_word' id='word_1_916' title='bbox 2901 5622 3024 5679; x_wconf 90' lang='lat' dir='ltr'><strong>cod.</strong></span> <span class='ocrx_word' id='word_1_917' title='bbox 3076 5622 3248 5681; x_wconf 80' lang='lat' dir='ltr'><strong>Vatic.</strong></span> <span class='ocrx_word' id='word_1_918' title='bbox 3295 5626 3403 5687; x_wconf 73' lang='lat'><strong>659</strong></span> 
     </span>
    </p>
   </div>
   <div class='ocr_carea' id='block_1_120' title="bbox 1822 5683 2687 5759">
    <p class='ocr_par' dir='ltr' id='par_1_120' title="bbox 1822 5683 2687 5759">
     <span class='ocr_line' id='line_1_127' title="bbox 1822 5683 2687 5759; baseline 0.007 -20"><span class='ocrx_word' id='word_1_919' title='bbox 1822 5683 2032 5752; x_wconf 85' lang='lat' dir='ltr'><strong>scribit,</strong></span> <span class='ocrx_word' id='word_1_920' title='bbox 2064 5683 2444 5759; x_wconf 69' lang='grc' dir='ltr'>λαμπροτέρῳ.</span> <span class='ocrx_word' id='word_1_921' title='bbox 2473 5683 2687 5747; x_wconf 75' lang='lat' dir='ltr'><strong>Possm.</strong></span> 
     </span>
    </p>
   </div>
  </div>
