3886 6420
480 314 618 377 1063

1690 313 1750 372 S.
1792 309 2089 371 ISIDORI
2125 310 2568 373 PELUSIOT/E

3621 314 3730 379 1061

474 428 642 501 420
673 426 833 482 rebus
866 425 1184 497 imperitans
1208 434 1397 480 natura
1423 425 1474 479 in
1502 433 1782 496 peccatum
1807 423 2038 494 prolapsi

2176 424 2429 479 πταίουσι
2474 425 2781 497 τιμωρίας,
2819 426 2907 480 ἵνα
2938 424 3201 496 ἀκέραιον
3237 441 3406 496 εχωσι
3444 428 3541 497 τῆς
3580 426 3732 500 ψυχῆς

477 520 743 591 supplicia
780 535 839 574 se
878 520 1260 587 irrogaturam,
1298 527 1356 572 ut
1386 519 1650 589 integram
1691 517 2069 585 illibatamque

487 613 684 666 animze
709 609 1167 680 pulchritudinem
1188 620 1547 669 conservent:
1580 609 1743 679 lapsis
1765 618 1947 662 autem
1976 623 2068 663 sa-

485 704 715 757 lutarent
741 704 983 755 dextram
1004 702 1227 771 praebet,
1254 713 1309 757 et
1333 705 1547 757 veniam
1585 704 1774 757 tribuit
1799 703 2068 771 paeniten-

477 797 605 848 tiam
633 794 943 863 agentibus.
972 793 1111 847 Aliis
1141 795 1285 847 enim
1323 795 1523 848 clamat
1553 813 1567 848 :
1600 813 1620 847 ι
1649 793 1751 861 Qui
1782 795 1884 848 sibi
1920 796 2068 849 vide-

477 897 565 941 tur
586 895 754 951 stare,
783 887 963 939 videat
992 900 1059 938 ne
1088 884 1277 953 cadat;
1314 902 1333 937 ι
1362 887 1481 942 aliis
1498 898 1718 943 autem:
1750 909 1768 941 ι
1811 887 2064 956 Nunquid

475 980 674 1033 cadens
712 995 818 1032 non
868 992 1114 1047 resurget
1156 980 1246 1033 7'?
1292 997 1311 1031 ι
1351 980 1486 1037 Aliis
1527 981 1760 1049 denique
1803 999 1817 1036 :
1865 1000 1885 1034 ι
1928 981 2067 1037 Ecce

472 1084 638 1124 sanus
660 1084 718 1124 es
749 1068 923 1123 factus
956 1086 967 1120 :
1009 1082 1076 1122 ne
1112 1069 1346 1137 amplius
1384 1081 1609 1139 peccato
1636 1071 1703 1124 ⁷⁸.
1744 1090 1762 1122 ι

782 1182 901 1238 XV.
938 1214 1009 1224 -—
1050 1181 1402 1238 EPIMACHO
1430 1182 1748 1239 LECTORI.

543 1296 859 1354 Communis
893 1298 981 1352 ille
1013 1298 1253 1351 onminm
1287 1298 1481 1365 hostis,
1517 1310 1575 1353 ut
1606 1311 1727 1369 pote
1764 1300 2064 1369 tyrannidis

474 1389 664 1442 inorbo
704 1389 974 1455 laborans,
1010 1388 1307 1443 humanum
1348 1403 1516 1459 genus
1561 1391 1899 1445 naturalibus
1933 1390 2061 1457 illis,

474 1485 670 1552 quibus
718 1484 997 1553 przeditum
1041 1490 1183 1545 erat,
1233 1485 1391 1538 bonis
1429 1493 1649 1539 exutum
1700 1485 1970 1553 Spttliuvil,
2007 1495 2063 1540 et

474 1576 686 1629 vivendi
731 1574 939 1628 ratione
971 1575 1153 1628 virtuti
1192 1576 1465 1629 contraria
1504 1577 1825 1631 instructum
1865 1578 2059 1643 induit,

468 1682 595 1721 cum
624 1666 689 1717 ad
726 1680 844 1718 eam
880 1680 988 1716 rem
1026 1665 1169 1718 vires
1206 1663 1474 1718 humanas
1510 1678 1699 1719 nactus
1732 1676 1875 1720 esset
1900 1672 2059 1721 obse-

470 1768 720 1827 quentes.
769 1756 884 1808 Non
927 1755 1069 1809 enim
1119 1772 1214 1825 per
1252 1758 1487 1827 scipsum
1527 1757 1807 1812 habuisset
1852 1770 2057 1813 tantum
2090 1786 2133 1841 Β

475 1852 707 1914 roboris,
735 1849 835 1904 nisi
867 1852 935 1901 ab
971 1849 1186 1918 ignavia
1220 1864 1407 1903 eorum
1437 1866 1573 1918 quos
1597 1850 1809 1918 decepit
1840 1866 2060 1920 magno-

471 1959 599 2012 pere
655 1943 843 1996 fnisset
889 1942 1296 1997 corroboratus.
1347 1943 1543 1997 Verum
1589 1944 1715 2013 quia
1762 1945 2057 2011 oportebat

474 2036 1015 2102 Immauitateatqne
1055 2034 1345 2090 cletnentia
1392 2035 1617 2105 Opiﬁcis
1654 2037 1823 2091 nostri
1862 2037 2058 2093 iterum

473 2128 700 2182 induere
724 2142 876 2180 arma
914 2124 1151 2186 virtutis,
1174 2125 1317 2180 Deus
1340 2123 1575 2182 Verbum
1610 2128 1663 2181 itt
1697 2137 1868 2183 terras
1888 2129 2056 2193 venit,

473 2218 734 2287 nobisque
794 2216 1158 2277 eharitatem,
1217 2216 1369 2283 quasi
1420 2218 1708 2285 quamdam
1758 2220 2055 2289 angelicam

470 2310 666 2366 stolam
699 2306 997 2372 contexuit,
1035 2306 1087 2358 in
1124 2319 1228 2374 qua
1272 2306 1577 2363 universam
1620 2312 1838 2365 virtutis
1880 2327 2056 2365 amia-

474 2416 649 2456 turam
685 2399 995 2455 fabricavit.
1041 2396 1175 2451 Nant
1211 2397 1471 2453 virtutum
1513 2401 1755 2455 omnium
1796 2403 2056 2471 praeclara

468 2491 737 2556 facinora,
774 2505 892 2559 qua:
922 2488 972 2541 in
1005 2487 1185 2556 specie
1214 2488 1389 2542 solent
1417 2494 1744 2557 enumerari,
1773 2508 1874 2546 una
1903 2508 2058 2561 gene-

466 2584 600 2638 ralis
630 2585 802 2638 virtus
827 2580 1109 2646 complexa
1141 2588 1246 2646 eat,
1284 2580 1439 2650 cujus
1474 2596 1667 2638 nomen
1701 2592 1784 2639 est
1821 2584 2054 2638 Charitas

466 2679 585 2733 sive
617 2676 855 2731 dilectio.

715 2792 855 2847 XVI.
885 2824 953 2838 —
993 2792 1255 2848 IIERONI
1299 2788 1803 2846 SCHOLASTICO.

464 2885 533 2938 In
577 2886 712 2939 illud
757 2884 942 2951 (Pauli
972 2884 1221 2953 dictum),
1268 2900 1287 2933 ι
1336 2881 1556 2953 Reddite
1598 2882 1643 2934 ei
1685 2881 1770 2933 cui
1806 2881 2054 2934 honorent

886 2952 1448 3025 (debetis),hunorem
1487 2952 1555 3003 7’.
1612 2970 1631 3001 ι

536 3068 863 3123 Reddendus
897 3076 1000 3133 est,
1046 3083 1080 3121 υ
1117 3067 1470 3122 celeberrime
1499 3063 1603 3129 vir,
1649 3063 1822 3118 honor
1862 3062 1912 3117 ei
1957 3062 2048 3131 qui

467 3163 670 3215 honore
712 3161 906 3229 dignus
939 3170 1043 3224 est,
1067 3168 1121 3214 et
1154 3161 1225 3212 ita
1257 3158 1497 3227 quidem,
1536 3164 1595 3208 ut
1644 3169 1744 3209 nec
1790 3153 2053 3208 adulatio»
2080 3126 2125 3187 ο

467 3268 586 3306 nem
615 3253 990 3319 adhibeamus,
1021 3266 1197 3321 neque
1232 3250 1379 3304 illius
1413 3246 1846 3303 benevolentiam
1867 3258 2053 3315 capte-

466 3361 585 3398 mus
607 3344 975 3413 (metuendum
1005 3350 1088 3397 est
1117 3343 1287 3407 enim,
1312 3356 1383 3395 ne
1420 3340 1543 3409 quis
1574 3354 1670 3408 per
1710 3339 1823 3392 hare
1851 3338 1902 3391 in
1930 3337 2053 3390 vili-

467 3447 630 3490 tatem
674 3445 729 3489 et
774 3434 1232 3504 contemptionem
1273 3431 1504 3495 incidat,
1539 3440 1593 3484 et.
1624 3428 2050 3484 assentationem

463 3530 755 3597 quamdam
806 3526 1091 3580 scurrilem
1144 3538 1413 3579 exercens
1455 3522 1805 3590 semetipsum
1852 3522 2054 3591 probro

461 3619 690 3688 alliciat)
722 3632 737 3671 :
767 3618 863 3672 sed
890 3633 1012 3672 cum
1043 3618 1243 3671 decoro
1270 3615 1629 3671 conveniente
1656 3614 1706 3667 id
1728 3613 1870 3683 quod
1901 3613 2056 3667 decet

467 3712 755 3778 unicuique
777 3709 1129 3764 tribuendum
1161 3718 1265 3764 est.
1293 3706 1439 3762 Fieri
1467 3707 1613 3760 enim
1642 3715 1842 3775 potest,
1871 3714 1929 3758 ut
1953 3705 2051 3760 de-

463 3804 632 3857 bitum
660 3817 768 3856 non
790 3801 1203 3867 convenienter,
1237 3814 1339 3855 nec
1364 3808 1423 3853 ut
1460 3799 1634 3865 decet,
1671 3799 1950 3853 reddatur.

770 3916 937 3971 XVII.
977 3945 1047 3955 —
1074 3914 1355 3971 lSlDORO
1387 3911 1747 3970 EPISCOPO.

534 4033 671 4089 Cum
715 4047 783 4087 ex
819 4031 1071 4086 omnibus
1118 4030 1295 4085 sacris
1341 4028 1645 4098 Seripturis
1676 4028 2053 4083 demenstrare

462 4139 682 4194 queam,
723 4138 813 4177 res
842 4121 1098 4176 Judaicas
1144 4135 1371 4191 prorsus
1410 4118 1814 4188 pessumivisse,
1847 4134 1947 4173 nec
1978 4134 2057 4174 re-

463 4212 713 4265 stitutum
743 4210 831 4272 iri,
861 4221 969 4264 tum
996 4225 1061 4263 ex
1107 4208 1225 4279 ipso
1253 4208 1343 4265 illo
1374 4209 1541 4274 dicto,
1574 4223 1683 4278 quo
1709 4208 1926 4262 innixus
1958 4206 2052 4262 .ln-

465 4304 614 4358 daeus
650 4303 737 4357 ille
764 4303 859 4374 qui
906 4315 1081 4358 tecum
1124 4301 1444 4371 disputavit,
1484 4300 1603 4356 fore
1631 4302 1930 4358 arbitratus
1969 4312 2055 4357 est

465 4405 523 4447 ut
564 4396 1007 4460 restituerentur,
1043 4394 1413 4448 omnimodam
1447 4395 1687 4463 ipsarum
1729 4394 2049 4450 deletionem

2170 516 2234 571 τὸ
2262 517 2455 581 κάλλος
2473 534 2487 547 ·
2536 517 2764 571 πεσοῦσι
2806 517 2864 572 δὲ
2892 516 3075 583 δεξιὰν
3118 520 3388 590 σωτήρων
3417 518 3592 589 ὀρέγει
3610 560 3626 581 ,
3654 525 3730 575 καὶ

2173 609 2506 679 συγγνώμην
2530 609 2858 681 μετανοοῦσι
2888 611 3064 681 νέμει.
3095 610 3219 672 Τοῖς
3248 611 3349 681 μὲν
3370 610 3481 683 γὰρ
3510 610 3617 683 βοᾷ·
3648 615 3729 667 ιύ

2171 699 2349 753 δοκῶν
2392 701 2639 767 ἑστάναι,
2677 699 2922 770 βλεπέτω
2959 701 3036 771 μὴ
3066 701 3229 771 πέσῃ.
3275 720 3294 753 ι
3330 701 3456 763 Τοῖς
3487 700 3560 754 δέ’
3606 721 3625 753 ι
3654 702 3727 774 Mi;

2168 791 2198 842 6
2230 789 2445 844 πίπτων
2474 791 2575 845 οὐκ
2605 790 2894 844 ἀνίσταται
2919 807 2933 821 ο
2971 811 2990 842 ι
3027 794 3140 856 τοῖς
3169 792 3245 845 δέ·
3283 810 3302 844 ι
3335 792 3441 845 Ἴδε
3484 792 3627 865 ὑγιὴς
3654 794 3728 863 γέ·

2169 898 2369 951 γονας,
2407 882 2606 954 μηκέτι
2634 883 2944 955 ἁμάρτανε.
2983 903 3003 935 ι

2435 1181 2536 1235 ΙΕ¹.
2575 1210 2647 1222 -
2685 1180 3000 1252 ΕΠΙΜΑΧῼ
3037 1179 3476 1251 ΑΝΔΓΝΩΣΤῌ.

2247 1292 2600 1363 Ἀπημφίασε
2629 1294 2728 1364 μὲν
2753 1294 2782 1346 6
2815 1292 2992 1356 κοινὸς
3025 1292 3287 1346 ἁπάντων
3309 1292 3501 1364 ἐχθρὸς
3521 1332 3535 1357 ,
3568 1292 3717 1363 ᾰτεδὴ

2164 1384 2456 1454 τυραννίδα
2490 1384 2681 1450 νοσῶν,
2717 1384 2780 1436 τὸ
2806 1383 3151 1455 ἀνθρώπινον
3184 1383 3342 1453 γένος
3383 1384 3490 1438 τῶν
3525 1388 3718 1457 προσόν-

2163 1490 2272 1527 των
2300 1474 2449 1547 αὐτῷ
2487 1475 2747 1546 ἐμφύτων
2787 1476 3306 1548 πλεονεκτημάτων,
3354 1480 3446 1532 καὶ
3472 1482 3565 1548 τὴν
3591 1481 3718 1533 ὲνανο

2163 1568 2282 1621 τίαν
2334 1567 2436 1638 τῆς
2491 1569 2694 1639 ἀρετῆς
2753 1568 3096 1639 περιέστειλε
3150 1570 3448 1635 πολιτείαν,
3497 1571 3590 1641 τὴν
3631 1571 3721 1623 τῶν

2163 1659 2465 1731 ἀνθρώπων
2510 1660 2702 1731 ῥώμην
2733 1660 2843 1731 (67)
2876 1661 3119 1730 ὑπήκοον
3151 1660 3467 1731 δεξάμενος.
3518 1663 3589 1714 Οὐ
3629 1662 3717 1731 γὰρ

2163 1751 2229 1804 ἂν
2274 1751 2543 1822 τοσαύτην
2575 1751 2800 1824 γνώμην
2843 1749 2959 1822 εἶχε
3004 1752 3126 1805 καθ’
3171 1753 3383 1819 ἑαυτὸν,
3429 1754 3477 1805 εἱ
3526 1752 3595 1824 μὴ
3633 1753 3719 1806 ὑπὸ

2162 1841 2263 1912 τῆς
2294 1843 2402 1896 τῶν
2436 1844 2825 1915 ἀπατηθέντων
2858 1844 3133 1916 ῥᾳθυμίας
3167 1845 3366 1917 κομιδῇ
3400 1844 3715 1917 ἐπερρώσθη.

2174 1935 2314 1989 Ἀλλ’
2346 1936 2534 2008 ἐπειδὴ
2568 1937 2675 1990 ἔδει
2699 1937 3082 2009 φιλανθρωπίᾳ
3109 1938 3202 1991 τοῦ
3228 1938 3566 2010 Δημιουργοῦ
3594 1939 3719 1992 ὲνδύ-·

2163 2028 2355 2082 σασθαι
2387 2029 2549 2082 πάλιν
2580 2030 2648 2083 τὰ
2679 2023 2777 2101 τῆς
2803 2030 3007 2102 ἀρετῆς
3032 2030 3194 2091 ὅπλα,
3217 2030 3368 2102 δεῦρ’
3392 2032 3719 2101 ἐπεφοίτησεν

2160 2120 2189 2172 6
2218 2120 2351 2183 Θεὸς
2398 2120 2593 2188 Λόγος,
2635 2122 2731 2174 καὶ
2778 2122 3129 2193 ὑφηνάμενος
3174 2125 3310 2193 ἡμῖν
3361 2123 3463 2193 τὴν
3506 2124 3719 2195 ἀγάπην,

2160 2209 2349 2283 ὥσπερ
2380 2211 2679 2283 ἀγγελικὴν
2711 2213 2923 2286 στολὴν,
2956 2215 3024 2269 τὰ
3053 2214 3231 2269 πάντα
3258 2216 3318 2268 ἐν
3358 2214 3495 2287 αὐτῇ
3525 2218 3719 2285 ἐτεκτή-

2160 2320 2309 2357 νατο.
2344 2304 2425 2357 Τὰ
2456 2304 2566 2373 γὰρ
2592 2306 2715 2359 κατ’
2743 2304 2883 2371 εἶδος
2916 2306 3374 2380 ἐπαριθμούμενα
3401 2309 3508 2360 τῶν
3536 2308 3719 2380 ἀρετῶν

2159 2395 2565 2467 κατορθώματα
2606 2397 2707 2468 μία
2768 2399 2962 2472 γενικὴ
2997 2400 3168 2472 ἀρετὴ
3217 2399 3556 2468 περιέλαϐεν,
3593 2395 3653 2473 ἧς
3688 2400 3717 2470 ὴ

2158 2485 2363 2555 ἀγάπη
2392 2485 2653 2559 τοῦνομα.

2332 2766 2339 2775 ’
2408 2782 2528 2855 ις.
2561 2819 2632 2830 -
2663 2791 2877 2845 ΗΡοΝι
2913 2790 3026 2863 (68)
3060 2792 3511 2868 ΣΧοΑΑΣτικο.

2264 2880 2369 2946 Εἰς
2399 2879 2469 2933 τό
2494 2897 2509 2912 ·
2546 2900 2565 2934 ι
2589 2881 2874 2937 Ἀπόδοτε
2899 2884 2980 2950 τῷ
3002 2884 3204 2954 τιμὴν,
3229 2886 3349 2955 τὴν
3375 2887 3563 2959 τιμήν.
3596 2907 3615 2942 ι

2246 3065 2586 3132 Ἀποδοτέον,
2617 3061 2663 3121 ὧ
2714 3067 3120 3140 ἐλλογιμώτατε
3142 3110 3159 3137 ,
3199 3072 3297 3126 καὶ
3421 3072 3576 3144 τιμῆς
3594 3072 3714 3143 ἀξίῳ

2153 3155 2253 3227 τὴν
2274 3157 2460 3228 τιμὴν,
2479 3159 2540 3212 οὐ
2570 3158 2812 3215 Θωπείαν
2838 3163 3302 3234 ἐπιδεικνύμενον,
3326 3167 3447 3220 οὐδὲ
3474 3169 3567 3238 τὴν
3589 3168 3715 3222 ὲιιιεεί⁸

2154 3265 2244 3301 νου
2286 3250 2573 3319 εὐμένειαν
2618 3252 2940 3325 θηρώμενον
2987 3255 3141 3326 (δέος
3169 3258 3278 3327 γὰρ
3308 3259 3400 3312 διὰ
3441 3258 3603 3313 ταῦτα
3646 3261 3714 3323 εις

2153 3340 2430 3395 εὐτέλειαν
2478 3345 2757 3411 ἐκπεσεῖν,
2805 3347 2900 3401 καί
2940 3365 3063 3401 τινα
3104 3349 3394 3404 κολακείαν
3434 3350 3714 3422 βωμολόχον

2152 3428 2537 3502 ὲξασκήσαντα
2564 3435 2953 3506 καταισχύνειν
2982 3438 3222 3508 ἑαυτόν)’
3270 3440 3407 3494 ἀλλὰ
3431 3442 3525 3495 σὺν
3547 3441 3714 3510 κόσμῳ

2154 3523 2487 3593 προσήκοντι
2514 3524 2576 3577 τὸ
2612 3526 2825 3597 πρέπον
2853 3528 3256 3599 ἀπονεμητέον.
3289 3527 3421 3585 Οἷόν
3455 3548 3514 3586 τε
3539 3531 3640 3604 γὰρ
3661 3532 3714 3584 τὸ

2152 3613 2543 3683 προσηκόντως
2570 3612 2687 3687 (69)
2715 3617 2780 3668 τὸ
2806 3616 2967 3689 χρέος
2994 3616 3351 3689 ἀποδοθῆναι.

2484 3914 2585 3967 lZ'.
2626 3945 2698 3954 -
2743 3916 3005 3987 [more
3037 3916 3406 3992 ΕΠΙΣΚΟΠῼ.

2222 4025 2373 4079 ιΑπδ
2406 4026 2596 4079 πασῶν
2626 4028 2734 4081 τῶν
2759 4030 2921 4101 ἱερῶν
2952 4032 3186 4103 Γραφῶν
3208 4033 3379 4101 δεῖξαι
3405 4035 3716 4105 δυνάμενος,

2151 4115 2233 4170 ὅτι
2262 4117 2333 4171 τὰ
2374 4116 2645 4172 Ἰουδαϊκὰ
2682 4121 2987 4191 πράγματα
3026 4124 3208 4178 τέλεον
3236 4126 3446 4196 οἴχεται
3472 4130 3609 4199 (70),
3635 4128 3718 4182 καὶ

2153 4208 2579 4277 παλιγγενεσίαν
2624 4211 2723 4282 οὐχ
2765 4212 2874 4277 ἕξει
2919 4215 3017 4267 ἀπ’
3048 4216 3220 4286 αὐτῆς
3259 4218 3359 4288 τῆς
3393 4220 3633 4290 ρήσεως,
3659 4213 3718 4290 ἧς

2157 4299 2567 4372 ἰσχυριζόμενος
2589 4305 2617 4357 6
2644 4304 2781 4375 πρὸς
2805 4305 2865 4358 σὲ
2882 4305 3177 4378 διενεχθεὶς
3212 4309 3463 4373 Ἰουδαῖος
3486 4311 3718 4381 ἐνόμισεν

2154 4392 2294 4445 αὐτὰ
2331 4393 2764 4465 ἀναστήσεσθαι,
2794 4397 2888 4449 τὸν
2927 4398 3167 4468 παντελῆ
3203 4400 3384 4453 αὐτῶν
3427 4400 3719 4473 ἀφανισμὸν

463 4496 628 4555 atque
660 4485 1095 4540 internecionem
1141 4486 1435 4540 ostendere
1478 4485 1738 4541 conabor.
1769 4486 2045 4554 Quodnam

2167 4486 2322 4551 δείξαι
2348 4487 2700 4558 πειράσομαι.
2732 4489 2829 4552 Τίς
2865 4484 2959 4543 οὖν
2984 4492 3133 4544 ἐστιν
3159 4491 3322 4562 αὕτη,
3354 4496 3441 4563 ἐφ’
3532 4495 3720 4555 ἐκεῖνος

462 4593 592 4645 ergo
622 4577 749 4630 illud
774 4587 862 4632 est
883 4578 1112 4643 dictum,
1148 4593 1257 4649 quo
1292 4578 1377 4631 ille
1409 4577 1579 4631 fretus
1608 4579 1889 4649 magniﬁce
1916 4580 2052 4633 adeo

463 4669 669 4723 sentit?
703 4686 725 4722 ι
776 4669 988 4739 Magna.
1036 4670 1242 4739 inquit,
1286 4670 1394 4726 erit
1437 4669 1605 4739 gloria
1640 4675 1832 4726 domus
1871 4672 2047 4739 hujus,

465 4760 652 4814 ultima
702 4775 866 4828 supra
912 4762 1144 4831 primam
1186 4762 1253 4815 ⁸ο.
1305 4781 1325 4815 ι
1383 4760 1577 4817 Verum
1626 4764 1941 4835 priusquam
1980 4766 2049 4819 ad

2162 4579 2304 4650 μέγα
2332 4581 2557 4650 φρονεῖ;
2599 4599 2617 4631 ι
2652 4580 2764 4634 Καὶ
2800 4580 2973 4646 ἔσται,
3008 4583 3195 4652 φησιν,
3220 4585 3253 4654 η
3282 4584 3410 4650 δόξα
3437 4584 3530 4639 τοῦ
3560 4586 3718 4647 οἴκου,

2155 4675 2189 4741 ἡ
2218 4672 2422 4743 ἐσχάτη
2465 4673 2605 4743 ὑπὲρ
2634 4673 2733 4744 τὴν
2771 4672 3019 4745 πρώτην.
3055 4694 3074 4726 ι
3126 4675 3290 4730 Ἀλλὰ
3340 4678 3467 4748 πρὶν
3514 4678 3594 4741 είς
3636 4676 3721 4746 τὴν

2156 4763 2454 4836 ἑρμηνείαν
2480 4766 2737 4836 χωρήσω,
2770 4760 2872 4820 οὖκ
2890 4764 3010 4820 οἶδα
3028 4767 3081 4820 τί
3101 4767 3321 4841 δράσω,
3354 4769 3586 4842 πότερον
3609 4784 3725 4823 κατ-

527 4916 577 4949 ⁴¹⁷
601 4914 803 4972 Jerem.
825 4933 943 4983 vnl,
966 4918 1018 4971 4.
1098 4918 1144 4949 ⁷⁸
1169 4917 1327 4972 Joan.
1362 4935 1413 4983 ν,
1456 4919 1543 4977 14.
1620 4922 1665 4954 τ’
1695 4921 1854 4979 Boni.
1889 4922 2045 4987 xur,‘

2172 4921 2219 4955 '°
2248 4922 2383 4992 Agg.
2415 4938 2472 4987 ιι,
2500 4922 2556 4985 7,
2585 4921 2639 4978 8.

1578 5078 1818 5134 VARIAS
1860 5079 2245 5138 LECTIONES
2278 5080 2367 5136 ET
2404 5080 2636 5136 ΝΟΤᾹΞ.

529 5235 656 5309 (67)
683 5235 937 5309 Ῥώμην.
962 5234 1100 5309 Puto
1126 5236 1308 5309 priore
1331 5235 1451 5309 loco
1472 5237 1758 5307 legendum
1788 5237 2032 5309 γνώμην,

460 5305 759 5379 posteriore
777 5305 990 5379 ῥώμην,
1018 5307 1123 5379 hoc
1146 5308 1344 5379 modo:
1374 5307 1472 5376 τὴν
1500 5305 1610 5379 τῶν
1628 5305 1922 5379 ἀνθρίγνῶ

463 5375 703 5451 ὖπήτεορν
729 5375 1040 5451 δεξάμεζιος
1064 5375 1348 5451 εειιᾲρ-ᾂν
1372 5375 1641 5450 τσσαύτην
1656 5375 1864 5451 κρώμτιν
1896 5375 2032 5451 εῖχὲν

459 5444 572 5522 etc.
601 5445 718 5522 [Sic
759 5444 877 5522 cod.
920 5444 1039 5498 Vat.
1072 5444 1357 5522 650].'Est
1397 5444 1850 5522 antem'elegans
1890 5444 2035 5522 παρ-

500 5515 674 5587 χησὶςὶ
700 5515 973 5586 ιιγνώμην
991 5524 1046 5568 et
1077 5515 1267 5586 ῥώμην
1297 5532 1400 5585 qua
1428 5528 1485 5572 et
1513 5519 1649 5573 alias
1687 5515 1769 5573 tisi
1802 5515 2036 5579 libenter

514 5587 656 5650 mei,
692 5594 752 5640 ut
781 5596 971 5640 auctor
998 5587 1403 5654 epigrammatis
1433 5590 1485 5641 in
1519 5593 1929 5645 Demosthenem
1957 5612 1970 5647 :

462 5655 647 5722 Ειπερ
677 5656 825 5727 low!
852 5656 1052 5727 γνώμη
1073 5654 1303 5727 Mem.
1339 5659 1715 5726 Δημόσθενες
1742 5657 1922 5727 εῖχες.

512 5727 634 5779 οὐκ
648 5726 738 5794 ἆρ’
759 5722 1167 5796 ἂνἝλλήινωνέ
1178 5722 1363 5796 ἦρχεν
1380 5722 1556 5797 ’Ἄρης
1572 5722 1891 5786 Max—86(5)“.—
1902 5732 2028 5788 Rt'r.

2215 5239 2413 5319 (ﬁSLIn
2443 5241 2597 5296 titulo
2629 5257 2728 5313 pro
2763 5243 2972 5317 Ἦρωνι
3017 5246 3179 5303 habet
3223 5248 3427 5319 Ἰἰρακι
3452 5250 3575 5305 cod.
3611 5248 3719 5304 Vat.

1971 5305 2036 5381 ην
2145 5305 2273 5381 650.
2310 5305 2521 5365 Possm.

2218 5380 2354 5461 (tibi
2483 5384 2934 5461 πρςςῃκόντως.
2961 5387 3144 5461 Δ1³⁸01149
3165 5428 3203 5461 ,7
3228 5388 3334 5459 leg.
3378 5390 3444 5445 ού
3472 5407 3715 5461 ᾲπροσηιι.

2154 5451 2527 5529 o—lledLYat.
2566 5453 2693 5529 659,
2725 5457 2863 5529 μετὰ
2890 5451 2988 5529 τοῦ
3037 5451 3429 5529 προσήκοντος.
3468 5451 3631 5517 Βιττ.

2141 5520 3536 5645 ταεῖθξαεξίιτιςιξὲηοέῖιῖαξτιςῖρξξιιξτξηιῖξςτ
3567 5530 3719 5645 res:

2365 5607 2474 5667 cur
2499 5593 2803 5649 demostrat
2844 5593 3026 5652 etiam
3057 5593 3195 5653 infra
3243 5600 3403 5667 epist.
3443 5601 3533 5655 ιι.
3566 5593 3716 5655 ΕιἿ).

2139 5660 2380 5733 Joannes
2415 5661 2841 5733 Chrysostomus
2882 5671 3011 5722 totis
3048 5684 3103 5723 vt
3148 5660 3387 5725 bomiliis
3418 5671 3540 5725 sive
3572 5670 3718 5725 libris

2138 5743 2318 5786 contra
2349 5730 2567 5788 Judwos
2600 5735 2781 5792 editis.
2804 5737 3001 5793 Confer
3033 5737 3259 5796 Stellam
3290 5739 3525 5799 Messias.
3559 5740 3715 5797 Rm.
