3886 6420
149 427 243 497 γνῶ
277 423 437 481 αὐτοῦ
479 426 579 492 τῆς
635 423 1025 489 ἀπαιδευσίας,
1075 424 1107 493 ἦ
1174 424 1390 494 μισήσω
1430 424 1528 493 τὴν

151 517 403 589 κουργίαν.
436 516 541 570 Τὸν
568 517 667 587 μὲν
702 517 812 587 γὰρ
864 515 1056 585 ἀμαθῆ
1085 514 1357 568 διδάσκειν
1385 517 1509 585 χρή·
1535 517 1625 569 τὸν
1650 516 1707 567 δὲ

148 612 431 683 κακοῦργον
460 611 727 681 ἐλέγχειν.
758 612 974 664 Μᾶλλον
1002 611 1059 663 δὲ
1090 610 1276 681 ἐπειδὴ
1313 607 1583 680 ἑρμηνεία
1616 608 1710 660 καὶ

148 702 402 765 παίδευσις
434 701 588 755 ἔσται
621 703 735 764 τοῖς
762 700 1050 769 ἀγνοοῦσι,
1088 700 1181 752 καὶ
1213 701 1434 768 ἐλεγχος
1465 701 1575 761 τοῖς
1607 714 1708 751 κα-

148 791 460 863 κουργοῦσι,
495 791 628 861 φέρε
652 831 667 855 ,
699 788 872 859 αὐτὴν
919 789 1020 860 τὴν
1053 789 1212 858 ῥῆσιν
1258 790 1337 849 εἰς
1375 787 1537 856 μέσον
1567 783 1708 851 ἀγά-

148 900 329 952 γωμεν.
360 883 510 951 Φημὶ
538 882 720 935 τοίνυν
746 883 851 944 ὅτι,
876 879 1191 950 Σολομῶνος
1223 879 1650 948 ἀναστήσαντος,
1681 879 1711 930 6

149 974 464 1036 Βαϐυλώνιος
489 973 652 1026 αὑτὸν
680 972 882 1035 ἔκλινε,
911 972 1007 1024 καὶ
1032 971 1159 1033 τοὺς
1198 968 1483 1030 Ἰουδαίους
1516 970 1711 1037 αἰχμα-

147 1064 399 1128 λωτεὺσας
424 1065 736 1134 ἀπήγαγεν.
784 1061 939 1114 Ἐπεὶ
966 1060 1314 1130 τοίνυν’μετὰ
1337 1059 1432 1129 τὴν
1456 1058 1711 1112 ἐπάνοδον

1000 308 1537 371 EPISTOLARUM
1574 309 1722 369 LIB.
1764 309 1863 369 IV.
1902 335 1972 345 —
2010 309 2247 369 EPIST.
2277 311 2509 372 XVIII.

3256 310 3390 379 1066

1603 440 1705 476 κα·
1738 430 1783 483 Α
1812 422 1985 492 ipsam
2016 422 2517 492 interpretationem
2542 428 2817 487 accedam,
2840 426 3024 481 nescio
3048 427 3180 495 quid
3208 442 3394 496 agam,

1815 525 1994 567 utrum
2032 516 2202 585 magis
2234 518 2587 570 condemnem
2628 517 2796 585 ipsius
2821 520 3133 584 ruditatem,
3166 536 3236 573 an
3263 524 3393 575 ode-

1814 606 1914 659 rim
1940 616 2103 675 atque
2129 608 2366 663 detester
2400 609 2684 662 malitiam.
2712 609 2843 663 Nam
2874 620 2931 662 ut
2958 612 3141 664 rudem
3174 612 3392 677 docere,

1808 700 1888 753 sic
1919 701 2220 768 improbum
2242 702 2566 771 redarguere
2606 712 2840 771 oportet.
2876 702 3034 773 421,
3074 703 3178 757 Sed
3212 698 3389 757 tamen

1810 790 2065 858 quoniam
2083 792 2457 861 interpretatio
2485 805 2671 848 nostra
2699 795 2896 863 duplici
2919 795 3173 863 fungetur
3193 797 3393 857 olIicio.

1812 890 1873 935 ut
1910 882 2119 937 scilicet
2162 893 2269 937 tam
2312 885 2580 939 institutio
2614 886 2683 939 sit
2730 887 3017 956 imperitis,
3050 902 3212 957 quam
3253 888 3397 942 rel'u-

1815 974 1948 1027 tatio
1993 976 2300 1044 improbis,
2345 990 2480 1046 age,
2533 977 2708 1044 ipsum
2785 980 2989 1033 dictum
3044 979 3095 1033 in
3158 978 3393 1032 medium

1812 1062 2167 1132 proferamus.
2199 1066 2298 1119 Aio
2336 1067 2497 1135 igitur
2526 1107 2541 1131 ,
2582 1068 2837 1137 templum
2865 1112 2878 1135 ,
2909 1070 3022 1123 sive
3053 1070 3269 1124 domum
3300 1070 3393 1123 Dei

148 1155 349 1225 ἔμελλον
377 1153 568 1205 τοῦτον
616 1152 855 1221 ἐγείρειν
889 1152 1026 1221 (71)’
1057 1150 1285 1219 οὐδεμία
1314 1150 1370 1201 δὲ
1414 1149 1713 1218 χρημάτων

1834 1169 1846 1206 ι
1898 1155 2184 1209 Salomone
2233 1158 2452 1227 quidem
2499 1159 2673 1228 primo
2719 1171 3084 1225 exstructam,
3131 1161 3395 1213 evertisse

148 1246 455 1314 ὑπεφαίνετο
503 1243 804 1313 πρόσοδος,
836 1244 917 1306 είς
961 1243 1205 1313 χρηστάς
1253 1240 1471 1302 ἐλπίδας
1519 1240 1717 1301 αὐτοὺς

1834 1248 2180 1317 Babylonium
2224 1265 2430 1317 regem,
2472 1252 2564 1320 qui
2603 1262 2657 1305 et
2698 1251 2913 1306 Iudaeos
2946 1253 2995 1305 in
3025 1254 3399 1321 captivitatem

148 1339 276 1405 ἄγων
301 1339 329 1389 ό
350 1338 501 1402 Θεὸς,
533 1338 680 1399 ὅπως
706 1335 951 1405 ἅψωνται
978 1334 1073 1387 τοῦ
1100 1334 1265 1404 ἔργου
1284 1374 1298 1398 ,
1326 1333 1450 1403 ἔφη·
1496 1352 1514 1383 ι
1554 1332 1718 1400 Ἐμὸν

1834 1338 2071 1392 abduxit.
2120 1340 2253 1393 (lum
2299 1342 2461 1409 igitur
2499 1352 2617 1410 post
2666 1345 2897 1396 reditum
2934 1344 3022 1409 (ex
3067 1360 3129 1397 ea
3175 1342 3403 1410 captivi-

147 1432 199 1482 τὸ
224 1428 503 1499 ἀργύριον,
536 1429 629 1480 καὶ
655 1428 787 1498 ἐμὸν
814 1427 874 1479 τὸ
901 1425 1144 1497 χρυσίον.
1178 1427 1290 1479 Καὶ
1333 1424 1483 1476 ἔσται
1523 1424 1556 1492 ή
1592 1421 1718 1485 δόξα

1834 1433 1954 1500 late)
1980 1441 2241 1501 cuperent
2282 1433 2538 1501 templum
2581 1436 2932 1497 rctedilicare,
2979 1436 3070 1489 sed
3109 1435 3287 1487 nullus
3308 1449 3403 1501 ap-

148 1520 227 1573 τοῦ
250 1520 394 1571 οἴκου
426 1518 620 1570 τούτου
652 1521 686 1587 ἠ
724 1518 931 1588 ἐσχάτη
962 1517 1104 1586 ὑπὲρ
1129 1516 1231 1589 τὴν
1258 1513 1504 1585 πρώτην.
1537 1532 1555 1563 ι
1592 1508 1721 1565 Ὧδέ

1834 1532 2038 1590 pareret
2069 1524 2318 1578 alicunde
2344 1537 2637 1594 proventus
2663 1527 3012 1593 pecuniarum
3045 1566 3059 1588 ,
3093 1526 3232 1579 Deus
3261 1526 3404 1592 ipsos

150 1627 228 1679 μοι
249 1611 479 1680 πρόσεχε
505 1609 598 1662 τὸν
630 1610 776 1662 νοῦν.
825 1609 883 1662 ’0
920 1606 1232 1678 Ζοροϐάϐελ
1272 1605 1450 1677 ἥψατο
1476 1608 1573 1676 τῆς
1601 1604 1722 1657 δευ-

1834 1632 1873 1666 tu
1900 1615 2066 1667 bonas
2099 1630 2221 1683 spes
2264 1616 2557 1682 adducens,
2583 1627 2641 1670 ut
2675 1633 2810 1686 opus
2853 1618 3191 1676 inchoarent,
3218 1616 3351 1669 dixit
3391 1639 3400 1671 :

148 1701 293 1770 τέρας
320 1699 666 1768 οἰκοδομίας,
709 1698 802 1751 καὶ
830 1697 1077 1769 χρησμὸς
1108 1697 1321 1767 είρηται
1350 1696 1476 1766 περὶ
1516 1694 1681 1747 αὑτοῦ
1702 1710 1716 1724 ο

1834 1723 1848 1756 ι
1884 1704 2055 1758 Meum
2090 1717 2171 1759 est
2198 1717 2503 1773 argentum,
2528 1719 2581 1762 et
2614 1725 2789 1762 meum
2834 1718 2919 1762 est
2958 1724 3169 1761 aurum.
3203 1707 3266 1760 Et
3301 1710 3406 1763 erit

155 1813 170 1843 ι
198 1793 255 1843 Αἱ
279 1794 461 1861 χεῖρες
485 1789 794 1861 Ζοροϐάϐελ
820 1789 1192 1859 ἐθεμελίωσαν
1220 1787 1312 1840 τὸν
1332 1784 1482 1839 οἶκον
1508 1785 1721 1850 τοῦτον,

1834 1796 1993 1865 gloria
2025 1798 2215 1850 domus
2259 1797 2419 1865 hujus
2464 1798 2649 1852 ultima
2688 1815 2849 1867 supra
2886 1801 3112 1868 primam
3144 1801 3212 1853 δι.
3254 1819 3273 1852 ι
3308 1800 3405 1853 llic

151 1884 231 1936 καὶ
248 1885 300 1935 αἱ
335 1886 519 1954 χεῖρες
550 1884 718 1943 αὑτοῦ
757 1881 1104 1935 ἐπιτελοῦσιν
1136 1880 1249 1950 (72)
1276 1881 1461 1934 αὐτόν.
1499 1897 1519 1930 ›
1558 1879 1631 1931 Τὸ
1652 1879 1721 1942 δ’,

149 1974 560 2042 ἐθεμελίωσαν,
595 1974 835 2027 δείκνυσι
868 1973 969 2044 μὲν
998 1972 1091 2025 καὶ
1119 1972 1219 2043 τὴν
1252 1971 1393 2042 μετά
1417 1970 1516 2042 τὴν
1547 1970 1723 2023 Βαϐυ-

150 2065 278 2119 λῶνα
301 2067 543 2136 παντελῆ
576 2065 834 2137 ἐρημίαν·
868 2064 1112 2117 δείκνυσι
1139 2064 1196 2116 δὲ
1220 2065 1313 2116 καὶ
1335 2064 1434 2135 τὴν
1461 2063 1723 2133 δευτέραν

150 2158 461 2228 οἰκοδομίαν.
522 2159 676 2211 Ἐπεὶ
718 2152 811 2210 οὖν
860 2157 1063 2226 ἀνέστη
1108 2157 1136 2207 ό
1174 2156 1334 2219 ναὸς,
1369 2155 1464 2208 καὶ
1511 2157 1593 2216 είς
1624 2154 1723 2225 τὴν

148 2247 526 2318 λαμπροτέραν
550 2248 651 2316 τῆς
686 2245 961 2315 προτέρας
984 2242 1190 2313 ἠνέχθη
1221 2242 1336 2311 (7⁸5)
1366 2241 1720 2311 εὐπρέπειαν·

152 2338 295 2392 πάλιν
322 2338 675 2391 πταισάντων
706 2335 816 2388 τῶν
871 2335 1163 2399 Ἰουδαίων,
1216 2334 1297 2396 εἰς
1338 2333 1409 2387 τὰ
1459 2333 1604 2386 κατὰ
1631 2332 1725 2386 τὸν

152 2428 390 2498 Χριστὸν,
421 2428 699 2497 παρεδόθη
724 2428 792 2496 τῇ
816 2425 927 2478 τῶν
960 2424 1250 2494 Ῥωμαίων
1276 2423 1443 2494 χειρὶ,
1472 2424 1594 2494 ἥτις
1626 2426 1724 2477 a6—

149 2524 229 2573 τὸν
265 2523 342 2583 είς
388 2520 657 2588 τοῦδαφος
705 2521 1069 2590 κατήνεγκεν.
1119 2518 1185 2570 El
1240 2518 1339 2586 μὲν
1383 2512 1478 2569 οῦν
1519 2518 1724 2587 ἤμελλε

153 2614 298 2666 πάλιν
324 2611 733 2683 ἀναστήσεσθαι
760 2653 775 2676 ,
801 2607 956 2664 εἶπεν
983 2611 1069 2665 ἄν·
1129 2627 1150 2661 ι
1182 2610 1376 2662 Ἔσται
1404 2611 1437 2681 ἡ
1465 2609 1592 2673 δόξα
1630 2609 1724 2662 τοῦ

149 2708 284 2760 οίκου
328 2706 523 2759 τούτου
567 2708 600 2774 ἡ
632 2704 863 2773 δευτέρα
906 2703 1048 2772 ὑπὲρ
1070 2703 1170 2773 τὴν
1204 2699 1449 2771 πρώτην.
1489 2718 1508 2751 ι
1543 2700 1616 2752 Τὸ
1645 2700 1723 2765 δὲ,

151 2800 286 2867 ὑπὲρ
319 2798 438 2865 τὴν
457 2797 721 2866 πρώτην,
744 2795 845 2867 τὴν
875 2794 1136 2864 δευτέραν
1165 2792 1400 2861 ἐσχάτην
1424 2791 1724 2862 ἀπέφηνεν.

155 2891 348 2961 Ὠσπερ
371 2887 466 2944 οὖν
489 2890 590 2943 οὐκ
615 2888 729 2942 ἔστι
751 2888 850 2959 τῆς
871 2886 1147 2959 προτέρας
1168 2884 1282 2955 (74)
1310 2883 1573 2955 προτέρα,
1606 2885 1726 2939 οὐδὲ

152 2980 239 3049 τῆς
278 2981 519 3049 ἐσχάτης
562 2979 674 3049 (75)
724 2977 948 3048 ὑστέρα.
1000 2978 1063 3029 Εἰ
1109 2977 1209 3045 μὲν
1254 2976 1362 3044 γὰρ
1413 2969 1597 3027 εἶπεν·
1662 2975 1727 3028 Ἦ

150 3069 366 3141 δευτέρα
403 3069 549 3139 ὑπὲρ
591 3069 690 3139 τὴν
731 3066 1063 3137 ἔμπροσθεν,
1114 3064 1261 3129 εἰκὸς
1297 3060 1365 3136 ἦν
1407 3065 1504 3120 καὶ
1535 3065 1725 3136 τρίτην

1826 1889 1955 1942 mihi
1978 1890 2216 1941 animum
2250 1890 2465 1944 adhibe.
2482 1890 2778 1945 Zorobabel
2809 1892 3085 1947 inchoavit
3109 1895 3401 1946 secundam

1826 1980 2238 2033 aediﬁcationem
2273 1979 2528 2049 (templi),
2570 1991 2627 2035 et
2652 1982 2929 2035 oraculum
2962 1982 3029 2035 de
3064 1983 3180 2051 ipso
3202 1983 3402 2037 dictum

1825 2077 1907 2121 est
1933 2085 1945 2120 :
1985 2085 2003 2118 ι
2036 2067 2227 2122 Manus
2250 2068 2602 2126 Zorobabelis
2631 2072 2925 2125 fundarunt
2956 2071 3116 2125 domu
3130 2089 3177 2125 m
3205 2073 3402 2135 istam;

1826 2165 1880 2211 et
1912 2174 2103 2213 manus
2144 2160 2260 2229 ejus
2296 2160 2581 2228 perﬁcient
2621 2176 2740 2215 eam
2770 2158 2840 2214 ⁸³.
2884 2178 2903 2212 ι
2937 2158 3173 2215 Verbum
3203 2170 3402 2226 autem,

1826 2249 2145 2317 fundarunt,
2185 2252 2423 2305 ostendit
2459 2252 2677 2321 quidem
2709 2253 2871 2307 etiam
2916 2253 3283 2307 omnimodam
3313 2254 3408 2306 de-

1828 2342 2149 2395 solutionem
2181 2356 2210 2393 a
2258 2341 2572 2412 Babyloniis
2611 2342 2853 2407 illatam;
2897 2346 2990 2396 sed
3022 2342 3184 2395 simul
3226 2353 3283 2394 et
3314 2358 3405 2394 se—

1825 2432 2056 2485 cumlam
2098 2434 2524 2486 exstructionem
2554 2432 2819 2487 declarat.
2848 2432 3205 2499 Posteaquam
3245 2431 3406 2498 igitur

1830 2534 1942 2577 tum
2005 2524 2312 2577 resurrexit
2368 2524 2667 2593 templum,
2720 2533 2774 2578 et
2834 2526 2900 2577 ad
2953 2522 3403 2594 magniﬁcentiam

1826 2614 2007 2680 priore
2048 2612 2397 2667 illustriorem
2443 2612 2758 2681 perductum
2796 2621 2880 2665 est
2926 2627 2942 2665 :
2993 2610 3192 2667 Iudaeis
3228 2613 3407 2666 denuo

1827 2704 2017 2772 lapsis,
2047 2705 2173 2758 dum
2203 2704 2481 2757 Christum
2514 2701 2679 2757 tantis
2715 2702 3015 2758 aﬂ’ecerunt
3036 2703 3402 2768 contumeliis,

1829 2803 2061 2864 quantas
2107 2794 2379 2860 novimus,
2416 2795 2781 2848 Romanorum
2812 2796 2863 2847 iu
2896 2810 3112 2849 nianum
3151 2795 3405 2849 traditqu

1829 2895 1932 2952 est,
1970 2900 2093 2954 quae
2133 2887 2307 2954 ipsum
2339 2886 2454 2940 solo
2494 2886 2746 2955 aequavit.
2784 2885 2840 2940 Si
2877 2900 3009 2955 ergo
3048 2887 3227 2940 denuo
3260 2898 3407 2940 esset

1835 2980 2210 3032 resuscitanda
2231 2978 2350 3047 ejus
2366 2987 2673 3044 structura;
2698 2978 2929 3034 dixisset
2961 2980 3149 3049 utique
3178 2977 3401 3048 (Deus):

1840 3086 1859 3119 ι
1890 3068 2006 3122 Erit
2032 3069 2204 3135 gloria
2240 3071 2432 3123 domus
2471 3068 2631 3138 hujus
2650 3072 2886 3123 secunda
2915 3070 3053 3140 (sive
3090 3068 3283 3141 altera)
3312 3085 3406 3125 su—

156 3128 467 3232 προσϐοκᾷν.
518 3128 582 3213 Ill
626 3128 685 3213 δὲ
732 3128 1125 3228 την-δευτέραν
1168 3128 1409 3225 ἐσχάτην
1456 3128 1719 3222 ἐκάλεσε.⁹

1834 3173 1923 3225 pra
1953 3159 2208 3226 primam.
2236 3175 2256 3210 ι
2286 3158 2419 3211 Dum
2451 3128 2634 3211 autem
2660 3158 2818 3225 dixit,
2838 3177 2859 3210 ι
2894 3128 3068 3228 super
3093 3128 3345 3227 primam,
3381 3180 3399 3209 ο

166 3254 301 3305 πᾶσα
322 3254 513 3315 αὐτοῖς
542 3249 973 3304 ἀποκέκλεισται
1013 3247 1401 3317 ἀναισχυντίας
1429 3248 1572 3311 όδός.

1825 3250 2124 3305 secundam
2183 3250 2559 3320 pronuntiavit
2618 3260 2968 3319 postremam.
3025 3250 3204 3317 Quare
3255 3251 3398 3305 sicut

155 3343 311 3409 prima
362 3358 473 3396 non
529 3350 617 3395 est
652 3340 803 3409 prior
856 3338 983 3409 (alia
1034 3337 1267 3407 aliqua),
1298 3337 1378 3393 sic
1430 3353 1606 3407 neque
1649 3348 1923 3407 postrema
1980 3341 2266 3410 posterior.
2302 3341 2440 3395 Nam
2497 3341 2544 3395 si
2585 3342 2804 3410 quidem
2845 3342 3073 3397 dixisset
3108 3360 3122 3397 :
3158 3340 3407 3396 Secunda

156 3435 248 3489 erit
272 3450 436 3504 supra
463 3449 584 3489 eam
613 3448 733 3502 quae
773 3431 1077 3502 praecessit.
1115 3440 1227 3485 tum
1263 3447 1395 3487 vero
1438 3432 1715 3500 probabile
1763 3444 1913 3488 esset
1944 3435 2110 3489 etiam
2147 3433 2361 3488 tertiam
2427 3444 2767 3504 exspectare.
2799 3432 2857 3488 Si
2939 3448 3072 3488 vero
3115 3432 3408 3489 secundam

155 3524 359 3579 vocavit
392 3522 640 3577 ultimam
686 3520 772 3592 (ut
811 3528 963 3577 certe
1007 3520 1247 3591 vocavit)
1267 3521 1383 3589 jam
1430 3521 1610 3576 omnis
1651 3530 1738 3576 est
1774 3525 1905 3593 ipsis
1928 3522 2173 3594 (Iudaeis)
2224 3523 2571 3595 impudentiae
2627 3525 2713 3578 via
2739 3523 3018 3593 praeclusa.

390 3637 520 3690 ur.-
539 3665 611 3677 —
643 3633 944 3705 ΛΕΟΝΤΙῼ
979 3633 1330 3703 ΕΠιΣιςοηῃ
1361 3632 1497 3706 (76).

2119 3638 2304 3695 XVIII.
2335 3668 2406 3679 ——
2434 3636 2733 3695 LEONTIO
2762 3637 3122 3693 EPISCOPO.

158 3731 252 3793 Ek-
275 3730 375 3784 τό·
422 3746 445 3780 ι
496 3728 628 3783 Ἐπὶ
668 3725 1412 3805 τῇς-Μωσέωςηκαθέδρας,
1440 3724 1736 3782 ἐκάθισαν

1834 3728 1905 3781 1η
1954 3729 2089 3783 illud
2154 3728 2351 3805 Christi
2389 3732 2688 3805 dictu_m,_}
2739 3729 2910 3805 Super
2955 3730 3206 3785 cathedra
3242 3730 3406 3786 Hosis

658 3800 711 3851 οι
753 3799 1151 3865 Γραμματεῖς.
1196 3814 1216 3848 ι

223 3890 401 3952 Ἅπας
448 3888 547 3959 μὲν
594 3890 623 3941 ὁ
655 3888 813 3956 λόγος
846 3885 1097 3958 χηρεύων
1146 3887 1489 3956 πραγμάτων
1534 3888 1726 3958 νεκρός

160 3982 266 4034 ἐστι
294 3981 406 4050 (77)
440 3979 537 4033 καὶ
574 3982 826 4051 ἀχρεῖος·
881 3978 1115 4049 μάλιστα
1156 3978 1215 4031 δὲ
1263 3980 1293 4031 6
1320 3978 1473 4050 παρὰ
1510 3979 1620 4032 τῶν
1658 3983 1724 4051 τῇ

160 4074 486 4145 εὐαγεστάτῃ
520 4072 786 4143 ἱερωσύνῃ
834 4072 1250 4141 σεμνυνομένων
1298 4070 1723 4140 προφερόμενος.

160 4164 315 4218 ὀσον
372 4166 483 4236 γὰρ
536 4165 754 4218 δοκοῦσι
810 4164 1209 4234 προχειρότατα
1262 4162 1412 4232 αὐτῷ
1464 4162 1723 4233 χρῆσθαι,

160 4257 385 4328 τοσούτῳ
433 4257 635 4327 μᾶλλον
685 4257 736 4310 οἱ
761 4256 841 4328 τῷ
884 4256 984 4327 βίῳ
1013 4256 1193 4309 αὐτῶν
1226 4256 1582 4326 προσέχοντες
1608 4258 1730 4309 άπι-

166 4349 366 4403 στοῦσιν
388 4350 559 4421 αὐτῷ.
588 4348 797 4421 Πολλὴν
817 4348 1108 4418 τοιγαροῦν
1127 4347 1227 4417 τὴν
1259 4348 1605 4417 μετάστασιν,
1633 4349 1728 4400 καὶ

231 4508 426 4582 "Agg.
465 4526 526 4575 II,
550 4512 716 4574 9.1θ.
792 4510 839 4543 ⁸³
870 4509 1000 4563 ibid.
1032 4508 1084 4563 5.
1162 4507 1209 4539 ⁸⁸
1241 4507 1431 4561 Matth.
1468 4524 1623 4574 nm,
1652 4508 1705 4562 2.

2239 3803 2486 3864 sederunt
2515 3801 2715 3856 Scriba
2737 3801 2803 3867 ⁸³,
2837 3820 2856 3853 ι
2894 3811 3002 3856 etc.

1904 3890 2039 3946 Cum
2066 3892 2244 3946 omnis
2296 3893 2401 3946 alia
2456 3893 2654 3958 oratio,
2707 3908 2829 3962 qua:
2876 3895 3037 3947 rebus
3065 3903 3278 3947 vmuata
3302 3905 3407 3956 est,

1838 3993 2050 4037 mortua
2077 3994 2160 4038 est
2196 3992 2360 4054 atque
2386 3984 2609 4049 inutilis,
2642 3996 2752 4038 tum
2779 3984 2864 4038 vel
2896 3985 3126 4039 maxime
3154 3985 3267 4051 illa,
3290 4002 3411 4053 qua:

1834 4076 1904 4127 ab
1937 4074 2023 4139 iis,
2052 4076 2145 4143 qui
2176 4076 2549 4130 sacratissimo
2598 4075 2868 4131 honestati
2900 4086 3025 4130 sunt
3072 4077 3401 4140 sacerdotio,

1837 4165 2127 4234 profertur.
2158 4168 2372 4233 Quanto
2406 4170 2549 4221 enim
2578 4169 2877 4237 promptius
2907 4183 2970 4223 ea
3006 4168 3084 4222 uti
3139 4168 3406 4231 videntur,

1840 4266 1992 4313 tanto
2024 4260 2144 4328 plus
2187 4260 2309 4311 tidei
2348 4259 2447 4326 ipsi
2481 4262 2763 4328 derogant,
2807 4260 2899 4327 qui
2940 4260 3007 4313 ad
3055 4260 3292 4327 ipsorum
3325 4258 3409 4309 vi-

1840 4359 1947 4402 tam
1977 4351 2286 4404 attendunt.
2310 4350 2537 4420 Oportet
2558 4352 2740 4421 igitur,
2779 4360 2838 4405 ut
2875 4353 3087 4420 longam
3125 4349 3409 4419 migratio.

1238 4657 1473 4712 VARIZE
1503 4656 1885 4714 LECTIONES
1922 4657 2010 4710 ET
2048 4656 2282 4712 NOTA‘J.

232 4819 337 4889 (7i)
380 4819 601 4874 Τοῦτον
643 4819 912 4887 ἐγείρειν.
954 4816 1175 4889 Plenius
1210 4826 1367 4889 sopat
1399 4814 1724 4885 ἀνεγείρειν,

168 4885 268 4959 quo
302 4885 459 4944 modo
484 4902 617 4958 puto
634 4885 919 4957 scripsisse
956 4888 1238 4959 lsidorum.
1276 4885 1439 4959 RtTT.

236 4959 340 5030 (72)
379 4954 1047 5030 νἘΞὶιτξλοῦσὶνμὺτόξ.
1075 4957 1283 5030 legend.
1316 4954 1728 5030 _é1tt‘t€)té6_0UO'W

170 5023 265 5098 [sic
296 5023 413 5083 cod.
444 5027 617 5099 vat.],
651 5042 709 5082 ut
741 5031 791 5080 iu
827 5028 962 5099 Bibl.
991 5027 1166 5099 Graec.
1200 5026 1432 5099 zachar.
1469 5040 1541 5099 tv_.
1577 5023 1651 5076 In.

235 5099 340 5169 (73)
379 5094 632 5169 Ἦνέχῡη
657 5097 1038 5169 εὐπρέπειαν.
1058 5097 1221 5169 Forte
1249 5094 1479 5169 ἀνήχθη.
1508 5095 1583 5147 In.

234 5162 340 5235 (74)
378 5167 493 5235 Τῆς
514 5162 923 5240 ipotépa'calt‘.
968 5169 1071 5236 leg.
1108 5162 1527 5240 TiptDTnACYN'Jl’II
1561 5164 1729 5230 priori

171 5234 340 5305 potest
375 5234 574 5307 aliquid
604 5234 726 5293 esse
772 5239 919 5306 prius
951 5234 1126 5306 primo
1154 5234 1265 5291 non
1295 5238 1444 5289 itetu.
1473 5234 1565 5287 Sic
1610 5250 1732 5286 mox

170 5310 421 5388 sequitur;
435 5310 689 5388 ἐσχάτης.
716 5310 794 5388 In.

238 5374 344 5446 (75)
383 5374 535 5432 Οὑδέ
568 5374 676 5446 τῆς
717 5376 1000 5446 ἐσχάτης.
1038 5378 1176 5430 Ante
1208 5376 1361 5436 οὐδὲ,
1395 5374 1607 5446 videtur
1648 5389 1733 5446 re-

173 5443 425 5513 ponenda,
461 5464 582 5518 qua:
615 5443 766 5503 deest
798 5443 851 5501 in
887 5464 1010 5509 ms.,
1053 5448 1244 5518 partio.
1283 5444 1600 5518 ἁποδοτικὴ,
1638 5443 1732 5496 οῦ-

172 5534 296 5581 τως,
322 5529 412 5571 aut
439 5516 588 5573 certe
616 5519 1007 5572 subaudiemla.
1050 5516 1313 5569 Similiter
1344 5516 1634 5582 pronuntio
1666 5518 1730 5567 de

174 5586 288 5641 loco
310 5588 397 5641 illo
418 5588 578 5656 epist.
605 5589 721 5643 sed.
740 5585 866 5657 οὔτε
889 5587 1159 5657 λαμπρῶς
1183 5585 1447 5657 βιοῦντες,
1466 5586 1571 5657 ubi
1606 5586 1731 5657 item

176 5669 293 5712 ante
309 5657 427 5711 οὗτε
453 5652 543 5711 τοι
566 5658 721 5713 deest
741 5656 935 5718 οὕτως.
963 5652 1393 5723 νυι’διιι›ιίιιιθιιὶ;;ἰ
1446 5656 1623 5707 debet.
1653 5652 1727 5707 In.

239 5756 303 5767 —
333 5729 479 5784 Vers.
512 5729 542 5780 7
574 5745 670 5797 pro
700 5728 885 5797 φρονεῖ
915 5729 1034 5778 cod.
1084 5725 1208 5779 Vat.
1257 5722 1367 5780 650’
1396 5724 1522 5793 legit
1569 5722 1731 5793 ἐφρό-

481 5826 749 5885 ΡΑΤιιοι.
780 5824 895 5884 GR.
928 5823 1246 5884 LXXVIII.

1834 4833 1935 4869 νει.
1979 4817 2133 4886 Vers.
2176 4830 2308 4886 seq.
2340 4814 2780 4886 mutaturptbtnv
2825 4814 2879 4886 in
2922 4814 3251 4886 ἔμπροσθεν.
3286 4815 3405 4873 Mox

1834 4902 1934 4954 pro
1962 4885 2197 4955 χωρήσω
2228 4884 2386 4956 habet
2407 4884 2654 4956 χωρῆσαι
2684 4884 2743 4938 et
2767 4884 2995 4956 πότερον
3028 4884 3322 4940 commutat
3351 4890 3402 4941 in

1835 4954 2058 5025 πότερα.
2106 4970 2230 5025 pag.
2268 4955 2365 5007 421
2406 4971 2550 5025 vers.
2597 4954 2630 5008 5
2661 4965 2714 5008 et
2744 4956 2775 5009 6
2809 4954 2916 5022 pro
2954 4956 3405 5024 αἱχμαλωτεύσας

1836 5022 2385 5107 ίθςξῑάίχμαλύτους.
2424 5022 2585 5107 vers.
2640 5027 2736 5107 ult.
2781 5026 2932 5107 lit._A
2970 5022 3194 5107 upilith
3237 5036 3408 5107 mutat

1838 5095 1889 5147 iu
1921 5091 2250 5163 ἔμπροσθεν.
2284 5091 2441 5148 Vers.
2471 5096 2501 5146 4
2534 5096 2612 5148 lit.
2640 5094 2698 5149 Β.
2727 5112 2823 5162 pro
2855 5091 3191 5147 ἐπιτελοῦσιν
3220 5097 3409 5148 scribit

1835 5165 2261 5217 ἐπιτελέσουσιν.
2298 5179 2440 5217 vers.
2474 5165 2676 5234 penult.
2715 5166 2956 5234 ejusdem
3000 5166 3079 5217 lit.
3117 5182 3213 5233 pro
3246 5182 3404 5217 πται-

1838 5234 2046 5287 σάντων
2084 5234 2229 5300 legit,
2255 5232 2580 5287 πταιόντων.
2611 5232 2765 5289 Vers.
2803 5237 2829 5290 1
2889 5236 2971 5290 lit.
2998 5236 3056 5287 C.
3083 5232 3406 5288 ιιιιιίιιίιτῶν

1836 5305 2048 5357 uncinis
2087 5303 2349 5358 clausum.
2388 5304 2543 5358 Vers.
2590 5304 2623 5357 5
2667 5305 2839 5371 ejusd.
2873 5306 2953 5358 Iit.
2997 5304 3223 5374 δευτέρα
3291 5321 3407 5355 tum

1840 5385 1915 5444 tat
1948 5377 1998 5426 in
2033 5373 2232 5443 ἐσχάτη
2274 5381 2328 5426 et
2368 5390 2510 5426 vers.
2555 5390 2669 5441 seq.
2715 5374 2937 5443 πρώτην
2975 5376 3025 5425 in
3078 5373 3405 5444 ἔμπροσθεν.

1838 5441 1987 5496 Vers.
2015 5445 2072 5506 7,
2113 5441 2507 5513 μτοήπροτέρας
2536 5445 2695 5499 habet
2720 5441 2961 5513 πρώτης.
2989 5441 3199 5496 Possm.

1908 5513 2020 5583 (76)
2056 5513 2337 5579 Inscriptio
2365 5519 2602 5567 sumitur
2640 5531 2703 5566 ex
2736 5518 2856 5568 cod.
2904 5513 3018 5566 Vat.
3052 5513 3178 5569 650.
3206 5513 3367 5568 Ent'r.

1908 5586 2021 5653 (77)
2070 5585 2192 5636 Post
2220 5586 2336 5635 ἐστι
2365 5587 2485 5636 cod.
2516 5584 2843 5653 ideuraddtt
2864 5625 2879 5646 ,
2912 5585 3006 5636 καὶ
3052 5586 3284 5653 μάταιος
3306 5625 3321 5647 ,
3354 5594 3408 5637 et

1837 5664 1956 5719 pust
1994 5654 2137 5716 τῶν,
2170 5654 2416 5722 adjuugit
2458 5653 2615 5723 εέπί.
2660 5652 2812 5708 Vers.
2862 5656 2915 5707 4.
2971 5670 3070 5723 pro
3111 5656 3234 5707 ὅσον
3277 5655 3405 5722 legit

1838 5725 1968 5795 ὅσῳ.
2000 5723 2153 5779 Vet's.
2190 5725 2242 5779 5.
2272 5734 2392 5793 post
2418 5722 2636 5794 μᾶλλον,
2672 5722 3103 5787 εάάὶιηᾶπαντες.
3140 5725 3214 5779 Ιυ.

3050 5822 3118 5882 34
