3886 6420
483 300 619 365 1067

1669 280 1738 338 S.
1778 275 2074 336 lSIDORl
2111 270 2550 331 PELUSIOT/E

3598 262 3717 327 1068

484 431 609 472 nem
643 406 902 484 (morum)
941 411 1301 473 magnamque
1345 394 1633 450 ostendant
1678 390 2057 452 mutationem,

2185 382 2405 453 ιεγάλην
2463 377 2705 433 δεικτέον
2761 374 2860 448 τὴν
2910 374 3245 448 μεταϐολὴν,
3294 371 3593 437 ἀσκοῦντας
3637 378 3720 431 καὶ

484 465 802 563 exercentes
825 513 885 554 se
918 492 1234 569 (inpietatis
1261 488 1461 555 studio)
1496 495 1551 541 et
1576 483 1813 553 quietam
1841 487 2060 550 agentes

2185 474 2523 548 ιρεμοῦντας,
2573 470 2669 525 καὶ
2720 468 2797 539 μὴ
2843 466 3369 539 χρηματιζομένους,
3416 465 3569 535 εἴπερ
3606 466 3716 536 βού-

487 599 676 660 vitam,
712 604 766 647 et
810 604 914 644 non
952 586 1223 640 inhiantes
1256 579 1522 650 pecuniis,
1552 578 1598 630 si
1646 575 1805 629 modo
1851 572 2061 640 aliquos

490 659 916 739 velintmentem
960 676 1062 731 sibi
1096 672 1354 726 adbibere
1384 678 1440 723 et
1474 668 1656 721 fidem.
1698 663 1832 717 Nam
1867 661 1911 716 si
1949 659 2064 713 haec

488 774 736 836 fecerint,
771 783 872 821 non
922 765 1092 819 solum
1131 777 1217 816 res
1247 760 1584 813 subditorum
1630 755 1767 807 bene
1804 753 2065 818 beateque

490 883 550 920 se
582 864 845 918 habitura:
873 866 1018 920 sunt,
1052 869 1233 908 verum
1266 852 1428 905 etiam
1468 848 1569 917 ipsi
1600 844 1883 916 praeconiis
1905 856 2067 896 orna-

489 956 710 1010 buntur.
737 951 920 1018 Neque
949 962 1074 1001 vero
1110 946 1159 997 id
1188 941 1329 1011 quod
1373 939 1423 1010 (a
1450 937 1698 1004 Christo)
1724 935 1925 988 dictum
1952 942 2062 993 est,

491 1047 559 1098 ad
586 1045 705 1102 hoc,
752 1053 808 1092 ut
844 1038 1019 1090 nullus
1054 1033 1281 1087 subditis
1306 1029 1696 1095 relinqueretur
1729 1028 2021 1092 praztextus
2050 1036 2063 1071 :

499 1156 518 1188 ι
549 1137 720 1203 Super
737 1132 989 1185 cathedra
1010 1126 1175 1181 Musis
1200 1122 1456 1177 sederunt
1480 1117 1686 1173 Scriba:
1711 1126 1766 1169 et
1790 1111 2068 1167 Phariszei.

493 1228 657 1300 422
698 1224 891 1280 Omnia
945 1220 1109 1290 igitur
1151 1226 1488 1283 quaaeunque
1522 1208 1758 1262 dixerint
1810 1203 1962 1257 vobis
2016 1212 2073 1254 ut

496 1318 728 1381 faciatis,
756 1315 949 1375 facite;
989 1329 1009 1362 ›
1050 1310 1101 1363 id
1135 1320 1264 1375 ergo
1287 1304 1352 1357 ad
1384 1316 1534 1356 suam
1568 1301 1805 1367 ipsorum
1840 1308 2068 1349 excusa-

499 1415 695 1466 tionem
750 1406 1250 1470 defensionemque,
1295 1408 1351 1451 et
1399 1396 1465 1449 ad
1518 1395 1743 1447 aliorum
1774 1406 1867 1443 ora
1912 1389 2068 1443 obtu-

499 1504 665 1557 randa
696 1495 935 1568 proferre
960 1494 1175 1547 debent.
1208 1487 1336 1540 Nam
1366 1501 1428 1539 ea
1468 1497 1592 1552 quae
1634 1478 1911 1534 excusatio
1956 1489 2076 1529 esse

2162 570 2339 624 λοιντό
2362 585 2513 630 τινας
2539 566 2722 627 αὐτοῖς
2750 564 3034 636 προσέξειν
3057 562 3151 616 τὸν
3174 561 3319 616 νοῦν.
3348 562 3413 614 Ei
3439 561 3546 631 γὰρ
3565 561 3719 615 ταῦτα

2164 662 2443 732 πράξοιεν,
2470 658 2532 710 οὐ
2579 656 2739 727 μόνον
2767 656 2837 708 τὰ
2864 655 2972 707 τῶν
3000 654 3257 723 ὑπηκόων
3286 648 3347 705 εὖ
3383 653 3718 715 διακείσεται,

2163 754 2299 810 ἀλλὰ
2327 755 2422 809 καὶ
2453 753 2607 806 αὐτοὶ¹
2650 749 3143 823 ἀναρρηθήσονται.
3183 747 3277 818 Μὴ
3315 746 3426 816 γὰρ
3464 746 3525 817 δὴ
3552 747 3609 799 τὸ
3650 749 3722 799 εί-

2169 845 2426 917 ρημένον,
2480 842 2617 914 πρὸς
2671 840 2733 893 τὸ
2787 839 3057 910 μηδεμίαν
3108 838 3309 907 σκῆψιν
3356 836 3719 906 ὑπολειφθῆναι

2166 940 2276 999 τοῖς
2310 934 2603 1005 ὑπηκόοις’
2643 952 2663 985 ι
2714 931 2835 984 Ἐπὶ
2864 930 2964 999 τῆς
3005 929 3273 999 καθέδρας
3304 928 3579 989 Μωῦσέως
3604 929 3721 979 ἐκα-

2169 1028 2328 1080 θισαν
2368 1027 2418 1077 οἱ
2464 1024 2817 1095 Γραμματεῖς
2854 1022 2949 1074 καὶ
2997 1023 3047 1073 οἱ
3091 1022 3392 1089 Φαρισαῖοι.
3432 1020 3603 1072 Πάντα
3641 1015 3726 1070 οὖν

2169 1120 2267 1172 ὅσα
2304 1119 2370 1171 ἂν
2417 1116 2647 1183 λέγωσιν
2707 1115 2835 1184 ὑμῖν
2882 1116 3076 1176 ποιεῖν,
3113 1114 3356 1165 ποιεῖτε⁸
3410 1129 3429 1161 ι
3481 1111 3609 1180 πρὸς
3636 1111 3726 1179 τὴν

2170 1208 2376 1262 οἰκείαν
2426 1207 2742 1273 ἀπολογίαν,
2794 1205 2886 1258 καὶ
2940 1204 3076 1275 πρὸς
3124 1204 3184 1255 τὸ
3230 1204 3577 1271 ἐπιστομίσαι
3614 1203 3728 1264 τοὺς

2170 1302 2364 1363 ἄλλους
2395 1304 2414 1369 (
2420 1300 2528 1366 78),
2567 1297 3008 1369 προφερέτωσαν.
3055 1296 3121 1349 'H
3161 1296 3268 1366 γὰρ
3298 1294 3528 1347 δοκοῦσα
3557 1294 3728 1347 ἀπολο-

2170 1394 2265 1461 γία
2308 1392 2460 1456 αὒξει
2499 1390 2597 1461 τὴν
2640 1390 2992 1459 κατηγορίαν,
3039 1389 3100 1441 οὐ
3167 1388 3333 1456 μόνον
3380 1387 3731 1457 ἀπαραίτητον

2172 1483 2442 1555 τιμωρίαν
2467 1482 2751 1544 ὠδίνουσα,
2779 1479 2914 1532 ἀλλὰ
2945 1479 3036 1530 καὶ
3064 1478 3251 1539 ἀνοίας
3278 1475 3479 1537 ὄνειδος
3500 1490 3732 1544 7:90:19:-

498 1592 727 1649 videtur,
751 1584 967 1655 augebit
996 1578 1417 1638 accusationem,
1445 1590 1549 1627 non
1581 1570 1739 1623 modo
1768 1564 2077 1620 inevitabile

2185 1576 2401 1645 ϐομένη.
2430 1575 2493 1626 Ei
2526 1572 2636 1643 γὰρ
2686 1571 2780 1624 καὶ
2819 1572 2930 1633 τοῖς
2971 1571 3256 1638 φοιτηταῖς
3304 1567 3461 1620 τοῦτο
3490 1566 3733 1618 λυσιτελεῖ

499 1680 818 1750 supplicium
842 1688 1075 1743 pariens,
1102 1685 1284 1724 vermn
1317 1667 1479 1721 etiam
1513 1659 1792 1716 dementiae
1817 1657 2073 1725 probrum

2185 1666 2426 1729 ἀκοῦσαι,
2460 1664 2573 1719 ἀλλ’
2602 1665 2663 1716 οὐ
2710 1665 2822 1726 τοῖς
2854 1663 3162 1731 ὑφηγηταῖς
3198 1660 3400 1730 πρέπει
3440 1660 3730 1729 προφέρειν,

428 1796 431 1801 ⁴
502 1773 774 1828 all'rieaus.
804 1768 875 1823 Ut
904 1765 1140 1819 maxime
1175 1761 1320 1815 enim
1353 1753 1631 1823 discipulis
1659 1762 1712 1805 et
1740 1747 2076 1802 auditoribus

2185 1757 2237 1809 τὸ
2268 1756 2368 1828 τὴν
2400 1755 2673 1827 ρᾳθυμίαν
2701 1753 2881 1808 αὐτῶν
2928 1750 3295 1823 ἑκπομπεῡον.
3354 1750 3579 1823 Ἐρρέθη
3605 1751 3731 1820 γάρ·

500 1869 605 1921 hoc
632 1862 819 1917 audire
850 1856 1124 1927 expediat,
1153 1863 1334 1906 tamen
1390 1845 1703 1902 doctoribus
1731 1841 1952 1895 minime
1984 1838 2077 1892 de-

499 1973 686 2013 corum
726 1961 813 2008 est
871 1949 1133 2018 proferre,
1166 1942 1311 2013 quod
1368 1938 1633 2009 ignaviam
1674 1944 1731 1989 et
1775 1929 2077 1986 socordiam

500 2049 739 2117 ipsarum
775 2043 953 2112 arguit
979 2054 1042 2094 ac
1073 2034 1327 2092 traducit.
1356 2030 1566 2086 Dictum
1589 2035 1675 2081 est
1696 2025 1839 2080 enim
1873 2040 1887 2075 :
1923 2039 1942 2073 ι
1980 2020 2082 2074 Se-

502 2138 736 2193 cundum
765 2148 927 2201 opera
956 2145 1085 2184 vero
1134 2127 1370 2195 ipsorqu
1425 2120 1591 2175 nolite
1634 2114 1837 2171 facere.
1884 2114 2081 2167 Dicunt

502 2228 670 2289 enim,
694 2235 749 2279 et
780 2238 882 2277 non
907 2220 1115 2274 faciunt
1144 2216 1212 2268 ⁸⁵.
1246 2234 1268 2267 ι
1315 2211 1529 2267 Etenim
1557 2206 1809 2263 Christus
1837 2203 2076 2272 quidem,

502 2326 819 2388 praetextum
840 2324 1053 2366 onmem
1080 2303 1443 2361 exterminare
1474 2298 1684 2363 volens,
1719 2293 1975 2365 praecepit
2023 2302 2082 2344 ut

504 2384 679 2477 neque
714 2406 821 2458 vita
855 2400 1224 2455 attenderetur
1247 2392 1653 2463 magistrorum,
1681 2387 1725 2441 si
1755 2384 1969 2455 quando
1998 2397 2082 2435 re-

505 2474 879 2569 prehensionis
905 2490 1143 2558 aliquam
1178 2482 1513 2541 intuentibus
1562 2492 1751 2533 ansam
1793 2474 2078 2545 praeberet,

506 2603 681 2659 neque
708 2602 772 2642 ea
809 2598 929 2651 quae
959 2579 1213 2651 privatim
1249 2576 1317 2630 ab
1345 2574 1476 2644 ipsis
1495 2571 1867 2640 designantur,
1901 2566 1947 2621 si
1975 2580 2080 2617 non

507 2678 851 2735 consentiant.
872 2688 996 2727 eum
1024 2667 1339 2724 caelestibus
1390 2662 1653 2728 oraculis;
1700 2661 1793 2713 sed
1842 2657 1956 2711 sola
1987 2655 2083 2708 do-

506 2772 707 2835 etrina,
763 2780 881 2835 quae
929 2765 981 2818 in
1023 2759 1278 2814 Ecclesiis
1334 2755 1596 2817 traditur;
1637 2767 1741 2820 qua
1794 2751 1860 2802 de
1917 2760 2083 2801 causa

508 2862 671 2916 etiam
699 2856 971 2913 cathedra:
990 2851 1191 2923 Moysis
1220 2846 1537 2918 legislatoris
1557 2844 1687 2899 fecit
1733 2841 2080 2895 mentionem.

516 2952 667 3008 Tune
714 2949 860 3005 enim
889 2962 995 3002 non
1025 2959 1123 3001 sua
1156 2947 1426 3012 dogmata,
1457 2938 1551 2992 sed
1575 2936 1977 3003 Seripturarum
2006 2929 2084 2983 lo-

510 3052 779 3115 quuntur;
814 3041 945 3110 ipsis
965 3052 1097 3093 vero
1122 3051 1227 3091 non
1254 3033 1509 3090 Convenit
1530 3030 1653 3083 talia
1678 3025 1939 3097 proferre,
1964 3038 2085 3093 quae

511 3148 726 3190 omnem
758 3133 995 3201 ipsorum
1026 3126 1425 3197 improbitatem
1453 3123 1844 3187 demOustraut,
1873 3119 1963 3173 sed
1992 3133 2086 3186 po-

513 3227 620 3281 tius
639 3236 856 3293 operam
893 3221 1044 3283 dare,
1100 3224 1359 3287 quantum
1384 3212 1607 3269 omnino
1634 3212 1750 3266 ﬁeri
1776 3220 1994 3280 potest,
2029 3218 2082 3262 ut

515 3329 731 3372 onmem
787 3326 973 3365 ausam
1006 3320 1061 3365 et
1095 3317 1413 3378 praetextum
1468 3304 1785 3373 praecidant.
1819 3302 1971 3369 Quod
2016 3302 2085 3367 si,

518 3405 768 3478 quamvis
792 3401 1114 3457 laudabilem
1142 3400 1245 3468 ipsi
1271 3398 1511 3453 colentes
1539 3395 1728 3460 vitam,
1762 3395 1969 3464 aliquos
2005 3404 2087 3448 ta~

522 3511 645 3550 men
672 3494 799 3547 nihil
829 3490 1037 3560 juvant,
1063 3488 1196 3542 nihil
1226 3487 1329 3542 hoc
1344 3484 1411 3537 ad
1431 3485 1576 3553 ipsos
1609 3482 1859 3551 pertinet.
1892 3483 2092 3546 Quem-

522 3583 807 3641 admodqu
882 3582 1025 3637 enim
1077 3579 1219 3634 male
1282 3590 1642 3646 perverseque
1713 3573 1875 3627 vitam
1932 3570 2091 3625 insti-

520 3684 734 3730 tuentes
768 3688 943 3736 suam,
984 3687 1087 3724 non
1122 3672 1256 3724 fiunt
1284 3667 1574 3737 participes
1605 3679 1949 3728 coronarum,
1971 3678 2091 3731 qua:

522 3769 705 3838 probis
736 3765 1075 3832 laudatisque
1106 3773 1230 3816 sunt
1269 3761 1517 3828 repositae
1567 3774 1581 3810 :
1615 3757 1685 3810 ita
1716 3770 1814 3810 nec
1846 3755 2089 3808 laudabi-

522 3873 651 3927 liter
679 3870 1061 3939 iueulpateque
1095 3868 1340 3920 viventes
1383 3871 1544 3916 erunt
1572 3860 1865 3929 participes
1893 3858 2093 3927 suppli-

522 3968 751 4031 ciorum,
783 3977 903 4032 qua:
958 3959 1332 4031 peccatoribus
1358 3963 1484 4009 sunt
1527 3959 1737 4024 parata.
1792 3949 1876 4004 Tu
1909 3950 2091 4020 igitur,

2110 3084 2158 3142 C

2183 1868 2201 1900 ι
2247 1848 2400 1902 Κατὰ
2430 1847 2488 1900 δὲ
2517 1847 2586 1900 τὰ
2614 1846 2751 1916 ἔργα
2779 1844 2957 1898 αὐτῶν
2992 1844 3065 1914 μὴ
3111 1845 3336 1897 ποιεῖτε.
3372 1844 3596 1910 Λέγουσι
3618 1843 3733 1911 γὰρ,

2179 1941 2277 1994 καὶ
2323 1940 2387 1992 οὺ
2421 1938 2689 1997 ποιοῦσιν.
2741 1956 2761 1989 ι
2807 1937 2866 1990 Ὀ
2887 1932 3001 2006 ’μὲν
3025 1934 3131 2005 γὰρ
3180 1934 3436 2003 Χριστὸς,
3486 1933 3735 2002 πρόφασιν

2179 2033 2361 2084 πᾶσαν
2392 2029 2634 2097 ἐξορίσαι
2682 2028 3025 2099 βουλόμενος,
3059 2025 3333 2089 ἐκέλευσε,
3385 2024 3521 2095 μήτε
3546 2022 3617 2092 τῷ
3648 2022 3736 2091 βιῳ

2180 2124 2467 2194 προσέχειν
2508 2122 2618 2175 τῶν
2668 2120 3022 2183 διδασκάλων,
3064 2119 3194 2171 ὅταν
3236 2116 3407 2186 λαϐὴν
3448 2119 3555 2178 τοῖς
3587 2114 3737 2185 ὁρῶσι

2181 2214 2419 2285 παρέχη,
2455 2214 2593 2284 μήτε
2638 2215 2752 2275 τοῖς
2783 2212 2903 2265 κατ’
2935 2210 3072 2262 ἰδίαν
3116 2210 3513 2280 πραττομένοις
3540 2207 3664 2277 (79),
3692 2209 3736 2259 εί

2184 2306 2261 2377 μὴ
2293 2308 2403 2368 τοῖς
2429 2307 2695 2376 χρησμοῖς
2725 2302 3002 2373 συνᾴδοιεν
3047 2303 3161 2363 τοῖς
3195 2299 3652 2369 οὺρανίοις,’ὰλλὰ
3676 2301 3735 2369 τῇ

2180 2397 2501 2466 διδασκαλίᾳ
2534 2396 2693 2467 μόνῃ,
2724 2398 2789 2464 τῇ
2831 2394 2923 2446 ἐπὶ
2950 2392 3058 2446 τῶν
3114 2391 3452 2462 Ἑκκλησιῶν
3481 2390 3735 2461 γινομένῃ.

2182 2489 2275 2542 Διὸ
2302 2489 2395 2542 καὶ
2419 2489 2516 2558 τῆς
2542 2487 2809 2557 καθέδρας
2830 2486 3109 2548 Μωῢσέως
3138 2485 3510 2556 ἐμνημόνευσε
3538 2486 3629 2553 τῆς
3648 2482 3737 2534 τοῦ

2181 2582 2493 2652 νομοθέτου.
2542 2581 2675 2632 Τότε
2713 2579 2821 2649 γὰρ
2869 2580 2930 2631 οὺ
2976 2578 3048 2631 τὰ
3097 2578 3327 2641 ἑαυτῶν,
3360 2576 3497 2630 ἀλλὰ
3539 2576 3601 2627 τὰ
3641 2574 3738 2627 τῶν

2182 2672 2412 2742 Γραφῶν
2466 2671 2799 2742 φράζουσιν·
2848 2669 3006 2722 αὐτοὶ
3053 2669 3097 2722 δ’
3144 2669 3246 2721 οὐκ
3296 2669 3365 2721 ἂν
3418 2667 3605 2719 δίκαιοι
3642 2660 3739 2717 εἷεν

2181 2762 2354 2816 ταῦτα
2384 2762 2701 2833 προφέρειν,
2738 2762 2775 2815 ἃ.
2814 2762 2993 2815 πᾶσαν
3024 2762 3205 2814 αὐτῶν
3246 2760 3488 2812 δείκνυσι
3538 2759 3629 2827 τὴν
3653 2772 3739 2809 πο-

2182 2852 2410 2921 νηρίαν·
2448 2850 2583 2904 ἀλλὰ
2618 2850 2961 2914 σπουδάζειν,
3012 2849 3089 2913 ὡς
3132 2849 3426 2920 ἐνδέχεται,
3463 2850 3629 2900 πᾶσαν
3664 2848 3738 2899 ὲκ·

2183 2945 2407 2998 κόπτειν
2463 2942 2754 3012 πρόφασιν.
2807 2943 2871 2994 Εἰ
2925 2943 2983 2995 δὲ
3031 2942 3298 3013 λαμπρῶς
3363 2938 3740 3009 πολιτευόμενοι

2187 3042 2287 3094 οὐκ
2310 3040 2579 3110 ὠφελοῦσί
2609 3056 2783 3102 τινας,
2816 3039 2966 3092 οὐδὲν
3006 3037 3143 3108 πρὸς
3172 3034 3393 3096 αὐτούς.
3426 3034 3625 3099 Ὥσπερ
3647 3030 3739 3100 γὰρ

2192 3132 2379 3197 κακῶς
2408 3133 2814 3198 πολιτευόμενοι
2842 3133 2942 3185 οὑκ
2967 3132 3076 3184 εἰσὶ
3104 3128 3473 3199 συμμερισταὶ
3502 3127 3604 3178 τῶν
3636 3141 3741 3176 στε-

2193 3222 2397 3291 φάνων,
2428 3226 2539 3286 τοῖς
2574 3224 2882 3293 εὐδοκίμοις
2908 3221 3285 3291 ἀποκειμένων
3303 3235 3321 3248 °
3343 3217 3467 3270 οὔτε
3503 3215 3741 3287 λαμπρῶς

2195 3312 2438 3384 βιοῦντες
2482 3314 2872 3383 κοινωνήσουσι
2916 3314 3037 3374 ταῖς
3090 3310 3199 3363 τῶν
3249 3308 3547 3363 πταιόντων
3589 3323 3741 3374 τιμω-

2197 3405 2359 3477 ρίαις.
2411 3404 2484 3457 Σὺ
2516 3405 2625 3477 γὰρ
2657 3404 2790 3476 (80),
2824 3404 2978 3472 φησὶ,
3024 3400 3207 3456 διάθου
3236 3400 3308 3453 τὰ
3351 3398 3496 3453 κατὰ
3540 3397 3738 3451 σαυτόν·

2189 3498 2282 3552 τὸν
2314 3497 2429 3568 βίον
2458 3498 2604 3569 φημὶ
2651 3498 2746 3551 καὶ
2795 3498 2886 3551 τὸν
2930 3497 3088 3566 λόγον
3108 3513 3121 3526 ·
3154 3494 3329 3548 ταῦτα
3375 3491 3587 3547 ἀπαιτῶ
3614 3489 3742 3560 παρὰ

2200 3589 2320 3653 σοῦ,
2353 3589 2447 3643 καὶ
2471 3588 2770 3659 ὠφελοῦντι
2819 3590 2916 3660 μὲν
2951 3587 3394 3658 συνησθήσομαι·
3449 3584 3524 3654 μὴ
3568 3584 3744 3651 ὠφελή-

2187 3698 2357 3735 σαντα
2387 3681 2465 3749 δὲ,
2492 3682 2593 3735 οὐκ
2620 3682 2895 3751 ἀτιμάσω,
2939 3680 3074 3734 ἀλλὰ
3112 3680 3207 3734 καὶ
3237 3678 3581 3748 στεφανῶσαι).
3609 3677 3745 3728 Ἐκα-

2199 3790 2324 3835 στος
2358 3772 2466 3844 γὰρ
2498 3773 2587 3827 τὸν
2643 3773 2771 3826 ῐδιον
2804 3772 2994 3844 μισθὸν
3037 3772 3286 3843 λήψεται,
3335 3769 3482 3824 κατὰ
3505 3769 3592 3823 τὸν
3636 3768 3745 3819 [διον

2197 3867 2386 3930 κόπον,
2416 3867 2477 3919 οὐ
2508 3864 2650 3919 κατὰ
2673 3865 2771 3937 τὴν
2797 3864 2890 3919 τοῦ
2921 3865 3167 3935 καμάτου
3196 3863 3421 3917 ἔκϐασιν
3449 3860 3582 3931 (81).
3606 3856 3743 3912 Ταῦτ’

2197 3953 2290 4011 οὖν
2338 3955 2644 4020 ἐννοοῦντες
2708 3957 2804 4010 καὶ
2862 3954 3141 4026 ὑφηγηταὶ
3208 3954 3303 4007 καὶ
3358 3951 3635 4021 φοιτηταὶ,
3680 3950 3745 4009 εἰς

526 4058 722 4128 inquit,
747 4071 811 4110 ea
838 4069 958 4125 quae
982 4050 1076 4108 tibi
1100 4051 1438 4113 incumbunt,
1474 4054 1621 4101 recte
1644 4045 1868 4114 dispone
1892 4061 1909 4098 :
1929 4043 2082 4096 vitam

2198 4046 2405 4119 ἀρετὴν
2439 4048 2664 4110 ἑαυτοὺς
2693 4045 3187 4111 συνελαυνέτωσαν,
3241 4044 3426 4096 πᾶσαν
3467 4041 3654 4112 σκῆψιν
3676 4039 3744 4103 ἐξ·

527 4150 650 4203 dico
687 4159 742 4204 et
779 4161 1105 4203 sermonem.
1138 4141 1264 4197 Haec
1295 4140 1392 4195 abs
1416 4150 1467 4193 te
1494 4138 1685 4209 exigo;
1716 4146 1771 4191 et
1799 4134 2098 4205 proficienti

2201 4135 2634 4209 οστρακίζοντες.

529 4244 748 4313 quidem
777 4237 1003 4309 (aliquid
1034 4233 1174 4304 apud
1204 4231 1479 4285 auditores
1510 4228 1655 4297 tuos)
1683 4224 2102 4295 congratulabor
2136 4235 2190 4280 et
2223 4228 2467 4295 gaudebo
2495 4236 2584 4279 tua
2607 4226 2838 4294 gaudia;
2910 4224 2996 4280 sin
3041 4235 3219 4279 autem
3289 4223 3425 4277 nihil
3460 4223 3616 4291 (apud
3646 4218 3739 4283 eos)

523 4335 843 4409 profeceris,
872 4346 979 4385 non
1010 4327 1238 4382 alliciam
1286 4333 1341 4379 te
1396 4319 1716 4391 ignominia,
1749 4318 1844 4374 sed
1896 4332 2095 4373 corona
2130 4317 2364 4372 donabo.
2396 4317 2776 4387 Unusquisque
2798 4317 2939 4371 enim
2972 4317 3244 4386 propriam
3310 4329 3376 4369 ac
3417 4329 3567 4368 suam
3627 4327 3745 4366 nter-

438 4434 455 4455 ‘
529 4428 714 4482 cedem
738 4420 983 4490 recipiet,
1004 4415 1299 4472 secundum
1324 4410 1527 4481 proprii
1555 4408 1756 4464 laboris
1776 4421 2109 4471 mensuram,
2149 4422 2255 4462 non
2325 4416 2506 4462 autem
2567 4416 2726 4477 prout
2781 4406 2933 4462 labor
2981 4406 3185 4460 exitum
3226 4416 3310 4461 est
3343 4407 3584 4460 sortitus.
3643 4404 3745 4457 liae

528 4536 659 4596 ergo
702 4519 1003 4589 cogitantes
1058 4523 1166 4567 tam
1200 4509 1452 4564 doctores
1486 4502 1788 4575 (Ecclesiae)
1821 4517 1985 4575 quam
2050 4503 2301 4574 discipuli
2364 4501 2687 4572 semetipsos
2750 4503 2818 4558 ad
2853 4502 3110 4557 virtutem
3156 4499 3505 4571 compellant,
3561 4511 3743 4554 omnem

530 4612 940 4670 excusationem
973 4621 1037 4662 ac
1068 4610 1391 4676 praetextum
1412 4597 1763 4670 expellentes.

599 4784 650 4818 “
677 4758 865 4840 Matth.
892 4798 1049 4845 mit,
1073 4781 1127 4836 '5.

1622 4906 1856 4964 VAllllE
1892 4903 2275 4961 LECTIONES
2311 4902 2402 4958 ET
2444 4901 2675 4959 NOTAE.

603 5077 707 5148 \78)
746 5076 848 5148 Pro
881 5074 1071 5136 ἄλλους
1102 5072 1223 5148 cod.
1257 5070 1385 5148 legit
1412 5066 1593 5148 λαούς.
1615 5062 1826 5118 Possm.

775 5129 1533 5220 Ρνο-πραττομένοιςνζιοιροι.
1579 5129 2107 5220 προσταττομένοις.

537 5198 910 5287 Υθὶεῗρόξιβ
940 5198 1035 5287 pro
1061 5198 1327 5287 Μωσέως,
1354 5208 1482 5287 legit
1513 5204 1606 5258 τοῦ
1635 5198 1948 5273 νομοθέτου.
1979 5198 2059 5257 ID.

608 5276 737 5361 (80)'
757 5277 899 5361 Ideni
932 5276 1080 5361 cod,
1102 5276 1163 5334 εὖ
1190 5282 1326 5361 χάρ.
1356 5276 1435 5361 In}

606 5338 719 5430 ί
751 5338 913 5410 Κατὰ
948 5338 1077 5420 τὴν’
1112 5338 1235 5430 τοῦ.
1263 5338 1527 5430 καμάτοι)
1580 5344 1851 5427 ἔκϐασιν.
1894 5338 2109 5430 videtur

536 5408 736 5484 nrﬁiss’a
752 5408 861 5480 non
889 5408 1037 5478 recte
1064 5420 1294 5489 negatio,
1323 5408 1715 5489 legendumque
1731 5412 1792 5463 οὐ
1813 5408 2101 5489 καταρτήν.

538 5478 797 5567 mea
810 5478 1117 5562 conjectura
1133 5478 1365 5560 primum
1376 5478 1452 5541 ’ἕο
1467 5478 1709 5566 ﬁrmatur
1726 5482 1864 5567 quod
1878 5478 2102 5567 ἒκξάσιν

535 5549 931 5625 ﬁgerentur];
948 5549 1203 5635 praestare
1236 5555 1660 5635 nemo_cogitur,
1686 5549 1780 5635 sed
1811 5549 2098 5635 consilium

535 5620 828 5709 etoperam
864 5620 1040 5709 suam.
1065 5631 1121 5685 In
1154 5630 1299 5685 omni
1327 5620 1523 5695 quippe
1551 5639 1610 5679 re
1648 5620 1902 5709 laudabili
1936 5628 2098 5699 atque

540 5689 811 5772 ῐιὸῐιὲἐιεῖ,
848 5689 1011 5762 etiam
1068 5717 1178 5758 non
1224 5689 1520 5759 conéec'u'ta
1567 5693 1747 5765 operis
1799 5689 2104 5755 effectione,

2214 5058 2512 5142 voluntatis
2545 5058 3137 5142 laudandapropensio
3168 5068 3274 5125 est,
3313 5059 3489 5131 inquit
3524 5060 3746 5131 eloquen-

2214 5130 2342 5210 tiss.
2373 5139 2589 5210 orator.
2608 5127 2862 5182 Consiliis
2889 5129 3033 5210 enim
3065 5145 3171 5209 non
3214 5127 3424 5185 eventis
3446 5147 3529 5186 res
3554 5127 3746 5201 quaeque

2213 5199 2489 5270 metienda
2512 5205 2627 5261 est,
2668 5212 2848 5270 quam_
2856 5199 3186 5270 sententiam
3219 5214 3362 5270 saepe
3386 5199 3584 5269 repetit
3608 5201 3748 5255 Isido-

2155 5306 2161 5324 -.
2214 5283 2328 5333 rus,
2359 5277 2417 5321 ut
2438 5268 2530 5322 lib.
2570 5283 2584 5321 ι
2615 5267 2942 5338 θμίδικὸὃὸ,
2970 5277 3025 5322 et
3050 5268 3145 5322 lib.
3169 5285 3205 5323 ll
3240 5267 3398 5338 epist.
3440 5267 3545 5326 ΠΟ
3572 5282 3619 5326 et
3644 5270 3746 5330 205.

2212 5348 2270 5421 et
2302 5338 2396 5421 lib.
2427 5352 2510 5421 tit.
2543 5338 2706 5417 epist.
2738 5336 2864 5421 599.
2896 5336 3121 5391 Accedit
3146 5350 3199 5392 et
3229 5336 3449 5420 occasio
3479 5342 3668 5395 erroris
3692 5340 3745 5391 li-

2211 5406 2404 5486 brarii.
2429 5405 2588 5486 Saepe
2612 5407 2753 5486 enim
2788 5405 2888 5486 sic,
2905 5416 3131 5486 peccant
3156 5411 3523 5486 e_x_scriptores
3544 5451 3559 5474 ,
3587 5421 3637 5463 ut
3659 5410 3749 5478 syl-

2210 5475 2679 5556 labamomittant
2706 5476 2915 5556 decepti
2947 5477 3303 5556 similitudine
3335 5475 3749 5556 praecedentium

2207 5545 2297 5600 hic
2322 5555 2446 5601 ante
2473 5546 2534 5597 οὐ
2552 5545 2803 5616 ριωςοᾴἰι
2834 5562 2913 5607 ον,
2943 5547 3252 5602 terminatio
3282 5545 3490 5605 scilicet
3540 5548 3750 5616 proxime

2205 5616 2565 5685 pracedeutis
2601 5615 2856 5670 nominis.
2883 5617 2942 5669 ld
2967 5616 3474 5691 lihratioimposuit.
3506 5615 3655 5673 Rm.
