3886 6420
166 396 277 459 tota
1008 392 1552 454 EPISTOLARUM
1588 393 1737 453 LIB.
1780 392 1877 455 1v.
1918 417 1989 428 —
2012 390 2503 457 -EPIST.XXIV.
3252 377 3403 454 1074‘

162 506 306 559 καίτοι
335 501 635 572 προμαθὼν
659 501 750 554 τὸν
781 500 977 554 ἑαυτοῦ
1011 501 1262 566 θάνατον,
1298 502 1584 571 διαφυγεῖν
1611 503 1710 556 οὐκ
1739 506 1785 563 Α
1814 512 1973 573 pacto
1999 506 2020 558 1

1814 512 1973 573 pacto
1999 503 2211 569 Achab,
2233 502 2482 573 quamvis
2512 499 2835 569 praecognita
2867 506 3179 569 sua'morte,
3207 512 3386 559 tamen

161 596 383 667 ἠδυνήθη.
430 594 571 661 Ἐγὼ
600 594 658 647 δὲ
684 594 744 647 οὐ
771 592 1039 664 θαυμάζω
1063 610 1076 623 ·
1107 595 1230 647 οὐδὲ
1256 594 1365 666 γάρ
1391 594 1705 663 διαφεύγειν
1812 611 1931 650 eam
1962 608 2020 650 ev

1813 611 1931 650 eam
1962 595 2169 650 evitare
2198 604 2359 662 atque
2400 591 2635 661 elingere
2674 606 2781 645 non
2813 592 3066 647 vah-erit.
3121 593 3232 663 Ego
3262 611 3388 651 vero

158 684 244 741 οἷόν
270 704 325 739 τε
355 688 455 756 τὴν
482 686 659 755 δίκην.
693 685 1017 738 κλέπτουσα
1042 686 1152 755 γὰρ
1185 685 1284 749 τὰς
1310 686 1418 739 τῶν
1450 686 1705 740 κλέπτειν
1815 688 1868 741 id
1897 687 2020 741 mini

1815 688 1868 741 id
1897 687 2120 741 minime
2155 686 2342 741 miror.
2378 682 2566 752 Neque
2608 683 2751 737 enim
2798 684 2914 737 tieri
2941 692 3139 752 potest,
3173 694 3233 739 ut
3259 686 3390 741 eii'u-

158 777 295 847 αὐτὴν
324 776 529 848 φρένας
568 777 947 845 πειρωμένων,
978 775 1104 839 τοὺς
1151 775 1507 847 βουλομένους
1537 777 1706 847 αὐτὴν
1813 777 1925 843 giat
1974 791 2020 829 ε(

1813 777 1925 843 giat
1974 775 2272 829 sceleratus
2338 774 2577 828 divinam
2644 770 3194 827 animadversionem.
3265 774 3392 831 Hac

158 867 389 930 ἐκκλῖναι,
434 866 515 929 εἰς
539 864 610 919 τὰ
642 866 850 918 ἑαυτῶν
877 865 1089 932 δίκτυα,
1126 865 1194 920 δι’
1223 860 1298 921 ὧν
1334 869 1702 939 μηχανῶνται,
1811 868 1956 923 enim
1986 881 2020 919 et

1813 868 1956 923 enim
1986 881 2173 919 eorum
2209 865 2419 919 animos
2480 862 2695 926 fallens,
2725 863 2816 933 qui
2860 864 3029 932 ipsam
3075 865 3262 920 fallere
3300 881 3391 920 co-

157 958 422 1030 ἐμπίπτειν
463 958 896 1030 παρασκευάζει.
1815 959 2011 1012 nabant

1815 959 2103 1019 nabantur,
2135 955 2323 1021 efﬁcit,
2354 966 2412 1008 ut
2435 955 2673 1010 volentes
2691 970 2809 1010 eam
2830 955 3122 1018 declinare,
3152 956 3205 1010 in
3235 972 3389 1011 suam

1813 1058 1868 1101 et
1899 1048 2137 1117 ipsorum
2173 1046 2332 1110 retia,
2357 1060 2454 1115 per
2488 1059 2550 1099 ea
2591 1059 2714 1114 quae
2757 1044 3078 1110 moliuntur,
3130 1047 3388 1102 incidant.

447 1166 573 1220 KA'.
613 1194 685 1207 —
722 1165 1021 1238 ΕΥΤΟΝΙῼ
1062 1166 1384 1237 ΔΙΑΚΟΝῼ.

2095 1155 2288 1213 XXIV.
2334 1181 2399 1196 -ο
2442 1153 2746 1211 EUTONIO
2787 1154 3105 1211 DIACONO.

438 1258 542 1323 Εἰς
582 1256 683 1320 τὸ,
728 1275 747 1307 ‹
784 1255 977 1325 Πάτερ
1024 1254 1194 1325 ἡμῶν
1222 1256 1321 1326 (9).
1369 1275 1388 1307 ι

2166 1247 2235 1304 1n
2286 1249 2577 1303 orationem
2607 1248 2940 1302 ﬂaminicam
2972 1250 3041 1303 ⁸³.

210 1367 367 1430 Αὐτὸς
402 1366 502 1436 μὲν
545 1363 731 1429 ἔοικας
780 1364 1080 1436 θαυμάζειν
1108 1365 1209 1435 τῆς
1240 1366 1406 1437 εὐχῆς
1432 1364 1531 1435 τὴν
1571 1363 1707 1436 βρα-
1886 1362 2020 1419 Vide

1886 1362 2100 1419 Videris
2134 1370 2187 1416 tu
2217 1362 2436 1431 quidem
2465 1360 2797 1430 precationis
2824 1361 3118 1417 Dominicaa
3147 1363 3389 1419 brevita-

158 1459 379 1529 χυλογίαν
410 1457 524 1529 (95)
546 1473 561 1487 ·
592 1456 703 1525 ἐγὼ
731 1458 788 1510 δὲ
826 1457 1048 1527 ἠγάμην
1090 1458 1195 1524 ἀεὶ,
1231 1459 1324 1511 καὶ
1368 1457 1581 1528 ἄγαμαι
1610 1457 1709 1527 τὴν
1815 1463 1919 1509 tem
1957 1455 2020 1508 mi

1815 1463 1919 1509 tem
1957 1454 2165 1511 mirari.
2190 1452 2304 1525 Ego
2342 1466 2472 1509 vero
2508 1467 2630 1507 cum
2663 1453 2897 1507 antehac
2924 1468 3139 1523 semper
3168 1470 3394 1510 venera-
3468 1455 3472 1463 '

158 1548 445 1621 ὲνβραχέσι
494 1549 733 1619 ῥήμασιν
778 1548 1033 1619 ὑπερφυῆ
1082 1548 1194 1619 (96)
1240 1549 1582 1619 φιλοσοφίαν.
1642 1550 1709 1603 Εί
1816 1553 1901 1599 ιιιε
1928 1559 2020 1599 Sttn

1816 1553 1901 1599 tus
1928 1559 2068 1609 sum,
2118 1554 2228 1598 tum
2276 1543 2442 1599 etiam
2484 1555 2627 1596 nunc
2658 1555 2889 1597 veneror
2921 1557 2985 1596 ac
3014 1542 3253 1611 suspicio
3306 1542 3389 1597 iu-

159 1641 246 1712 γίιρ
276 1642 365 1694 καὶ
398 1642 431 1710 ἡ
462 1640 570 1694 τῶν
616 1639 791 1708 λόγων
834 1640 1143 1709 ἀπαγγελία
1172 1639 1412 1705 εὔκολος,
1464 1641 1599 1694 ἀλλά
1644 1641 1706 1693 οὐ
1814 1634 2017 1689 credibi

1814 1633 2129 1690 credibilem
2162 1634 2217 1688 in
2257 1633 2522 1687 brevitate
2553 1630 2845 1686 verborum
2868 1629 3145 1711 latentem
3169 1631 3393 1700 sapien-

160 1708 248 1787 τῶν
276 1708 486 1800 φωνῶν.
535 1731 611 1784 Οὐ
657 1731 765 1801 γὰρ
813 1708 985 1797 λόγων
1036 1730 1311 1801 ἀκροατὴς
1350 1731 1528 1800 μόνον,
1574 1728 1710 1783 ἀλλά
1818 1725 2020 1779 tiam.l

1818 1728 1966 1779 tiam.
1999 1725 2134 1779 Nam
2162 1724 2379 1779 tametsi
2427 1721 2715 1778 verborum
2759 1708 2973 1777 illorum
3021 1722 3403 1789 pronuntiatio

159 1827 235 1878 καί
258 1824 429 1895 ἔργων
470 1824 720 1893 ποιητής.
752 1821 943 1892 Πάσης
971 1820 1262 1892 τοιγαροῦν
1288 1821 1548 1874 ἐπέκεινα
1587 1820 1709 1874 τόλ-
1743 1859 1788 1918 Β
1815 1816 1989 1871 facilis
2017 1837 2020 1869 ε

1815 1816 1989 1871 facilis
2017 1817 2108 1882 sit,
2142 1831 2334 1871 vocum
2371 1823 2549 1869 tamen
2580 1827 2646 1867 ac
2676 1827 2932 1869 sensuum
2959 1827 3064 1869 non
3100 1813 3252 1868 item.
3278 1812 3395 1867 Non

163 1936 251 1987 ρης
294 1919 488 1988 χωρεῖν
539 1915 931 1986 ὐπολαμῦἀνω,
982 1916 1073 1967 τὸν
1128 1914 1203 1985 μὴ
1259 1914 1563 1982 πράττοντα
1615 1912 1715 1983 μὲν
1743 1904 1788 1918 ”
1815 1910 1960 1963 enim
1989 1925 2020 1959 ν

1815 1910 1960 1963 enim
1989 1908 2276 1963 verborum
2304 1915 2509 1961 tantum
2553 1905 2881 1971 auditorem,
2922 1904 3018 1961 sed
3060 1905 3227 1960 etiam
3262 1920 3397 1975 ope-

159 2008 215 2061 τά
229 2009 319 2079 υἱῷ
338 2008 610 2079 εὐδοκίμῳ
644 2007 944 2077 πρέποντα,
976 2006 1179 2076 τολμᾷν
1206 2005 1263 2058 δὲ
1286 2006 1499 2076 πατέρα
1525 2004 1714 2058 καλεῖν
1818 2016 1938 2053 rum
1979 2004 2020 2054 ei

1818 2016 1938 2053 rum
1979 1999 2294 2054 effectorem
2329 2011 2451 2053 esse
2474 1995 2729 2051 convenit
2760 2011 2907 2061 eum,
2955 1996 3047 2066 qui
3102 2005 3249 2051 recte
3276 2011 3398 2052 eam

159 2101 235 2153 τὸν
257 2101 560 2169 Δεσπότην·
595 2099 690 2153 καὶ
718 2098 931 2170 δρῶντα
962 2098 1060 2169 μὲν
1090 2096 1150 2162 ἐξ
1181 2089 1257 2151 ὧν
1287 2097 1715 2169 δυσφημηθήσε-
1816 2092 2020 2147 recitan

1816 2092 2047 2147 recitare
2076 2091 2225 2145 velit.
2265 2090 2535 2157 Quocirca
2575 2087 2769 2159 quavis
2792 2087 3129 2157 superiorem
3171 2086 3397 2142 audacia

160 2207 234 2243 ται
255 2191 308 2242 τὸ
332 2190 474 2243 θεῖον
496 2189 691 2259 ὗνομα,
729 2188 1112 2260 ἐπιχειροῦντα
1139 2189 1196 2241 δὲ
1220 2187 1402 2256 λέγειν
1422 2204 1437 2219 ο
1468 2207 1487 2239 ι
1531 2190 1716 2256 Ἀγιαο
1817 2199 1945 2238 eum
1984 2197 2020 2237 e:

1817 2199 1945 2238 eum
1984 2197 2108 2237 esse
2154 2182 2411 2247 arbitror,
2466 2179 2558 2251 qui
2610 2194 2734 2236 cum
2792 2179 2926 2234 nihil
2969 2194 3155 2235 eorum
3210 2177 3399 2245 faciat,

162 2280 317 2350 σθήτω
336 2280 396 2332 τὸ
418 2279 591 2350 ὄνομά
620 2294 746 2331 σουο
776 2298 795 2330 ι
818 2283 911 2332 καὶ
927 2277 1019 2332 τοῦ
1052 2279 1315 2349 τυράννου
1344 2278 1472 2331 ὄντα
1488 2278 1717 2350 δορυφό-
1815 2287 1936 2343 qua:
1967 2270 2017 2325 la

1815 2287 1936 2343 qua:
1967 2270 2290 2326 laudabilem
2328 2269 2558 2325 deceant
2582 2269 2771 2334 lilium,
2811 2279 2990 2324 tamen
3016 2269 3163 2324 ausit
3191 2280 3405 2339 patrem

163 2387 241 2441 ρον
277 2370 696 2440 ὲπισημὰτατον,
745 2368 1008 2439 φράζεινο
1048 2387 1068 2420 ι
1118 2369 1351 2423 Ἐλθέτω
1393 2371 1425 2439 ἡ
1472 2369 1719 2440 βασιλεία
1794 2362 2020 2432 ερρειιε

1818 2362 2096 2432 appellare
2132 2363 2380 2416 omnium
2423 2373 2604 2413 rerum
2642 2359 2927 2413 Dominum
2981 2379 2993 2412 :
3026 2360 3225 2429 quique
3276 2373 3405 2412 cum

162 2477 272 2513 σου·
308 2479 327 2512 ι
358 2460 581 2531 ὄφθητι,
610 2459 881 2522 τουτέστι,
910 2459 1024 2522 τοῖς
1070 2459 1528 2529 τυραννουμένοις
1560 2458 1716 2529 βασι·
1817 2468 1881 2509 ea
1916 2468 2013 2523 aga

1817 2468 1881 2509 ea
1916 2463 2061 2523 agat,
2113 2467 2181 2508 ex
2211 2452 2409 2522 quibus
2459 2451 2602 2506 male
2651 2451 2841 2505 audiat
2894 2451 3135 2505 divinttm
3182 2465 3398 2514 nomen,

159 2548 266 2614 λεὺς
303 2550 615 2621 νικηφόρος,
666 2550 924 2620 παρέχων
964 2548 1065 2621 τὴν
1113 2550 1257 2603 κατά
1307 2550 1408 2617 τῆς
1444 2551 1719 2621 ἁμαρτίας
1821 2547 2003 2601 dicere

1821 2547 2003 2601 dicere
2036 2553 2217 2599 tamen
2271 2543 2667 2613 aggrediatur:
2706 2559 2726 2593 ι
2779 2540 3163 2597 Sanctiﬂcetur
3204 2554 3401 2596 nomen

160 2641 398 2710 ἀήττητον
433 2637 780 2709 συμμαχίαν·
813 2636 967 2689 έτιτε
996 2635 1162 2707 μηδὲν
1198 2629 1274 2689 ὧν
1313 2635 1452 2688 θέλει
1496 2636 1524 2686 ὁ
1563 2635 1716 2699 Θεὸς,
1820 2643 2015 2703 tuum;

1820 2643 2015 2703 tuum;
2052 2652 2072 2687 ι
2118 2641 2175 2689 ει
2229 2648 2353 2687 cum
2411 2631 2631 2686 satelles
2683 2630 3018 2687 clarissimus
3065 2632 3137 2685 sit
3169 2630 3397 2692 diaboli,

160 2729 623 2800 διαπραττόμενον,
674 2727 1066 2798 ὑποκρίνεσθαι
1112 2726 1333 2798 ἀρετὴν,
1368 2729 1464 2780 καὶ
1506 2727 1716 2795 λέγειν·
1820 2727 1911 2793 qui
1947 2735 2020 2796 tyl

1820 2727 1911 2793 qui
1947 2724 2290 2796 tyrannidem
2320 2723 2375 2777 iu
2407 2737 2578 2793 genus
2612 2724 2911 2778 humanum
2940 2722 3139 2777 invasit
3169 2732 3223 2776 et
3244 2738 3404 2777 exer-

168 2840 184 2871 ι
216 2819 495 2890 Γενηθήτω
536 2821 597 2872 τὸ
627 2820 841 2889 θέλημά
877 2836 993 2884 σου,
1030 2820 1105 2881 ὡς
1142 2819 1201 2871 ὲν
1241 2817 1457 2889 οὐρανῷ
1495 2819 1588 2870 καί¹
1628 2819 1719 2871 ἐπὶ
1821 2829 1929 2884 εει,
1960 2828 2020 2872 ta:

1821 2829 1929 2884 cet,
1960 2828 2139 2872 tamen
2163 2817 2309 2872 dicat
2336 2833 2351 2872 :
2383 2834 2403 2867 ι
2438 2816 2706 2871 Adveniat
2738 2830 2963 2886 regnum
3009 2824 3197 2881 tuum;
3239 2830 3259 2865 ι
3296 2814 3403 2883 hoc

159 2909 246 2979 τῆς
270 2915 388 2980 γῆς’
424 2927 443 2962 ι
476 2912 658 2981 τρυφῇ
696 2928 758 2962 τε
786 2910 881 2962 καὶ
905 2909 1112 2980 ἀσωτίᾳ
1134 2908 1468 2961 ἐκδεδωκότα
1490 2909 1680 2962 ἑαυτόν
1701 2923 1716 2935 ·
1821 2920 1906 2964 εει
1952 2925 1969 2964 :

1821 2920 1906 2964 εει
1952 2925 1969 2964 :
2022 2907 2393 2978 Conspiciaris
2444 2907 2731 2978 tyrannide
2771 2905 3045 2976 oppressis
3099 2920 3192 2961 rex
3237 2905 3404 2960 victo-

161 3001 239 3052 καί
260 2999 424 3054 πο).λά
462 3000 931 3071 προαποθέμενον,
959 3000 1021 3052 οὐ
1047 3000 1205 3070 μόνον
1235 3000 1316 3061 εἰς
1336 3000 1563 3070 τροφὴν,
1586 2999 1721 3053 ἀλλὰ
1825 3002 2020 3067 riosus,

1825 3002 2029 3067 riosus,
2053 3001 2314 3055 adversus
2338 3009 2622 3069 peccatum
2672 3013 2829 3068 opem
2873 2996 3290 3068 insuperabilem
3321 2996 3411 3053 fe-

162 3092 243 3144 καὶ
263 3093 337 3155 εἰς
364 3091 478 3163 (97)
505 3090 957 3163 γαστριμαργίαν
992 3090 1198 3160 ἐφόδια,
1226 3088 1483 3159 εὔχεσθαι
1506 3108 1519 3122 ·
1557 3108 1576 3141 ι
1618 3089 1723 3143 Τὸν
1826 3106 1956 3147 rens
2015 3107 2020 3142 ε

1826 3106 1956 3147 rens
2015 3099 2365 3163 :pratterea,
2422 3088 2558 3145 nihil
2618 3103 2744 3142 cum
2814 3086 2982 3142 facias
3036 3101 3222 3141 eorum
3278 3101 3403 3156 qua

160 3182 303 3254 ἄρτον
335 3182 491 3254 ἡμῶν
520 3182 614 3235 τὸν
644 3182 919 3236 ἐπιούσιον
951 3182 1275 3250 (τουτέστιν,
1301 3181 1333 3252 ἢ
1369 3181 1461 3233 τὸν
1480 3183 1546 3253 τῇ
1567 3180 1713 3252 ψυχῇ
1743 3195 1791 3256 C
1826 3181 1938 3233 vult
1989 3180 2020 3233 Β

1826 3181 1938 3233 vult
1989 3180 2152 3244 Deus,
2206 3189 2389 3234 tamen
2426 3179 2684 3235 simulare
2715 3180 2994 3244 virtutem,
3038 3192 3102 3233 ac
3148 3178 3341 3257 dicere]
3384 3196 3398 3231 :

164 3274 419 3343 ἁρμόδιον,
458 3273 493 3344 ἢ
527 3274 623 3327 τὸν
653 3275 721 3343 τῇ
770 3273 935 3344 σαρκὶ
965 3272 1237 3342 αὐτάρκη)
1266 3271 1353 3334 δὸς
1388 3273 1520 3342 ἡμῖν
1547 3272 1717 3342 σήμε-
1817 3271 1980 3344 ﬁas
2011 3292 2020 3321 ι

1817 3271 1980 3344 ﬁas
2011 3291 2027 3322 ι
2058 3271 2178 3326 Fiat
2207 3271 2450 3326 voluntas
2482 3279 2595 3336 tua,
2627 3281 2688 3326 ut
2717 3271 2770 3326 in
2801 3269 2964 3336 coelo,
2995 3279 3051 3325 et
3078 3270 3136 3324 in
3168 3277 3346 3337 terra;
3378 3288 3401 3320 ι

165 3378 262 3432 ρον.
287 3382 304 3414 ι
322 3364 393 3416 Τὸ
406 3362 516 3433 γὰρ
539 3380 558 3414 ι
585 3363 827 3434 σήμερον
854 3382 873 3414 ι
894 3362 991 3433 τὴν
1014 3362 1388 3433 καθημερινὴν
1407 3362 1719 3433 οἰκονομίαν
1821 3379 2020 3432 cumqu

1821 3378 2057 3432 cumque
2110 3363 2341 3430 teipsum
2389 3362 2599 3418 deliciis
2649 3377 2713 3418 ac
2758 3362 2904 3417 luxui
2956 3362 3304 3431 manciparis,
3347 3370 3406 3416 et

166 3454 362 3522 μηνύει.
421 3456 518 3518 Εἰς
560 3456 672 3526 γάρ
714 3456 814 3525 τὴν
863 3455 1175 3526 ἀκροτάτην
1226 3453 1720 3524 φιλοσοφίανράγα-
1823 3454 1987 3510 multa

1823 3454 1987 3510 multa
2020 3470 2123 3509 non
2156 3454 2326 3508 solum
2362 3455 2428 3507 ad
2462 3455 2689 3520 victum,
2710 3456 2805 3509 sed
2840 3455 3002 3510 etiam
3032 3454 3100 3509 ad
3132 3454 3402 3508 luxuriam

164 3549 264 3609 γὼν
289 3542 397 3613 (98)
419 3543 521 3612 τῆς
559 3542 739 3612 ψυχῆς
777 3543 837 3595 τὸ
864 3542 1072 3613 νοερὸν,
1102 3541 1196 3594 καὶ
1227 3540 1388 3595 αὑτὸν
1421 3540 1590 3611 ὁρίζει
1621 3542 1719 3610 τῆς
1825 3548 2020 3616 reposir

1825 3548 2055 3616 reposita
2097 3548 2211 3617 jam
2258 3547 2458 3601 habeas
2512 3546 2709 3601 viatica
2755 3546 2910 3613 vita},
2960 3557 3139 3602 tamen
3190 3560 3353 3602 orare
3382 3564 3399 3599 :

164 3634 413 3703 αἰτήσεως
431 3634 523 3686 τὸν
554 3635 768 3705 χρόνον.
789 3631 926 3687 Εἶτα
948 3633 1261 3703 ἀμείλικτον
1287 3631 1415 3684 ὄντα
1431 3633 1525 3684 καὶ
1547 3631 1717 3703 ὠμὸν,
1833 3659 1850 3690 ι
1884 3639 2020 3692 Pane

1833 3659 1850 3690 ι
1884 3639 2083 3692 Panem
2155 3649 2401 3693 nostrum
2441 3636 2835 3705 quotidianum,
2865 3636 2884 3710 (
2911 3639 3014 3694 hoc
3053 3647 3156 3703 εει,
3207 3638 3404 3693 animae

165 3721 356 3789 λέγειν’
402 3725 575 3792 Ἀφες
605 3726 737 3794 ἡμῖν
765 3724 832 3777 τὰ
865 3722 1205 3801 ὀφειλήματα
1238 3722 1396 3793 ἡμῶν
1420 3740 1435 3754 ·
1476 3742 1494 3774 ι
1532 3740 1725 3794 μνησι-
1823 3746 2020 3786 conven

1823 3731 2258 3794 convenientem,
2282 3740 2374 3783 aut
2397 3729 2581 3785 carnis
2607 3730 2989 3786 sustentatioui
3015 3728 3400 3795 suﬂicientem)

166 3813 422 3867 κακοῦντα
454 3815 533 3881 δὲ,
566 3815 660 3868 καὶ
697 3815 840 3885 πέρα
868 3814 964 3867 τοῦ
995 3814 1196 3885 μέτρου
1239 3813 1603 3883 ἀμυνόμενον,
1636 3814 1725 3866 λέ-
1826 3824 1889 3875 da
1912 3822 2017 3875 nob

1826 3824 1889 3875 da
1912 3821 2068 3875 nobis
2096 3820 2305 3875 hodie.»
2328 3818 2459 3873 Nam
2480 3820 2739 3890 particula
2756 3839 2774 3871 ι
2804 3821 3012 3885 hodie,»
3035 3820 3401 3890 quotidianam

168 3922 303 3972 γεινσ
343 3925 363 3958 t
399 3906 603 3970 Καθὼς
644 3907 741 3959 καὶ
781 3907 944 3977 ⁴ἡμεῖς
987 3906 1219 3975 ἀφίεμεν
1258 3907 1372 3968 τοῖς
1418 3905 1723 3976 ὀφειλέταις
1826 3911 2020 3965 admini

1826 3911 2349 3966 administrationem
2393 3910 2683 3981 signiﬁcat.
2713 3910 3103 3981 Intelligentem
3148 3910 3291 3965 enim
3322 3910 3403 3965 fa-

167 3996 343 4065 ἡμῶν*
374 4017 393 4050 ι
427 3998 519 4051 τὸν
545 3998 593 4050 δ’
619 3999 700 4060 είς
732 3996 1077 4068 πειρασμοὺς
1097 3996 1290 4050 ἑαυτὸν
1320 3996 1599 4067 ρίπτοντα,
1630 3999 1725 4051 καὶ
1826 4003 2020 4057 cultate

1826 4003 2082 4057 cultatem
2133 4004 2328 4057 animae
2376 4004 2429 4058 in
2481 4018 2789 4072 supremam
2837 4002 3233 4072 philosophiam
3278 4017 3405 4071 per-

169 4087 332 4141 πᾶσαν
378 4089 617 4159 τεμόντα
652 4088 765 4157 (99)
823 4088 940 4141 ὁδὸν
990 4088 1082 4140 ἐπὶ
1135 4088 1415 4151 κινδύνους
1464 4088 1724 4156 ἄγουσαν,
1828 4096 2020 4150 ducens

1828 4096 2058 4160 ducens,
2112 4094 2287 4164 ipsum
2338 4110 2554 4165 quoque
2612 4095 2895 4166 petitionis
2938 4104 3147 4165 tempus
3195 4094 3403 4152 deﬂuit.

171 4178 415 4248 φράζειψ
451 4199 471 4232 t
508 4181 602 4249 Μὴ
636 4180 951 4252 εἰσενέγκῃς
994 4180 1141 4249 ἡμᾶς
1200 4181 1280 4243 εἰς
1329 4181 1663 4253 πειρασμόν·
1702 4200 1720 4231 ι
1826 4188 1907 4242 Ad
1944 4188 2020 4242 han,

1826 4188 1907 4242 Ad
1944 4188 2079 4252 inec,
2114 4201 2235 4240 cum
2283 4186 2637 4255 implacabilis
2682 4196 2845 4255 atque
2886 4185 3120 4241 crudelis
3158 4185 3275 4256 ipse
3302 4186 3406 4252 sis,

172 4271 256 4320 καὶ
295 4271 500 4339 γελοῖον
547 4268 687 4325 εἶναι
736 4270 901 4335 δοκεῖ,
942 4271 1141 4341 μᾶλλον
1197 4270 1254 4323 δὲ
1304 4272 1728 4342 ἀγανακτήσεως
1831 4278 2011 4333 dicere

1831 4278 2011 4333 dicere
2045 4296 2058 4332 :
2098 4294 2116 4327 ι
2148 4277 2385 4331 Remitte
2431 4278 2585 4332 nobis
2630 4276 2812 4331 debita
2858 4285 3084 4343 nostra;
3115 4296 3135 4329 ι
3172 4292 3412 4346 cumque

172 4360 371 4432 ἁπάσης
401 4361 550 4427 ἄξιόν
577 4363 715 4415 ἐστι.
747 4361 820 4414 To
843 4361 899 4414 δὲ
924 4362 1018 4414 καὶ
1055 4361 1305 4432 ἀσμένως
1336 4361 1731 4418 ἀκολουθοῦντα
1833 4370 2020 4424 malort

1833 4370 2095 4424 malorum
2146 4379 2387 4424 tenacem
2436 4383 2621 4424 serves
2676 4370 3025 4436 memoriam,
3080 4378 3136 4424 et
3186 4369 3409 4428 ultionis

171 4452 242 4519 τῷ
272 4453 445 4524 ἐχθρῷ
481 4454 565 4524 (οὐ
594 4453 704 4525 γὰρ
729 4452 840 4524 βίᾳ,
878 4453 1001 4506 οὐδὲ
1046 4452 1345 4524 τυραννίδι,
1389 4454 1505 4507 ἀλλ’
1545 4454 1731 4528 ἀπάτῃ
1830 4474 2020 4514 omnen

1830 4474 2044 4514 omnem
2089 4458 2319 4513 excedas
2376 4459 2621 4523 modum,
2670 4459 2853 4514 dicere
2895 4476 2912 4512 :
2951 4478 2969 4511 ι
3000 4459 3155 4514 Sicut
3208 4468 3264 4514 et
3308 4473 3420 4513 nos

174 4544 520 4613 περιγίνεται)
555 4543 736 4611 λέγειν
758 4559 771 4572 '
804 4561 823 4595 (
875 4544 1036 4597 Ἀλλὰ
1072 4542 1232 4615 ῥῦσαι
1278 4545 1425 4616 ἡμᾶς
1474 4544 1583 4599 ἀπὸ
1632 4547 1728 4600 τοῦ
1764 4537 1808 4591 Ῑ)
1836 4548 2017 4603 remitt

1836 4548 2167 4603 remittimus
2211 4546 2546 4602 debitoribus
2586 4548 2825 4613 nostris;
2857 4566 2876 4599 ι
2914 4549 3113 4618 quique
3142 4547 3194 4602 in
3231 4556 3405 4602 tenta-

174 4635 415 4705 πονηροῦ,
449 4654 469 4688 ι
510 4636 692 4689 πᾶσαν
721 4634 1001 4706 εἰρωνείαν
1029 4634 1374 4706 ὑπερϐάλλει.
1407 4637 1482 4689 Τὸ
1499 4636 1556 4689 δὲ
1585 4637 1727 4707 φρά-
1839 4638 2012 4693 tiones

1839 4638 2012 4693 tiones
2039 4637 2276 4707 seipsum
2301 4637 2580 4706 conjiciat,
2613 4648 2669 4693 et
2697 4637 2895 4692 nullam
2928 4652 3033 4692 non
3064 4645 3211 4694 secet
3243 4639 3421 4704 viam,.

177 4722 278 4785 ζειν
312 4726 406 4795 μέν
428 4741 445 4756 ο
486 4744 507 4777 ι
544 4726 671 4778 Ὅτι
708 4723 803 4778 σοῦ
834 4726 981 4777 ἐστιν
1005 4726 1039 4795 ή
1087 4724 1352 4795 βασιλεία,
1384 4725 1479 4779 καὶ
1510 4728 1544 4797 ὴ
1572 4726 1730 4780 δύνα-
1837 4744 1955 4798 qua:
2004 4743 2020 4782 ε

1837 4744 1955 4798 qua:
2004 4730 2069 4783 ad
2130 4729 2366 4797 pericula
2411 4730 2591 4795 ducat,
2622 4741 2797 4782 tamen
2835 4731 2977 4784 hunc
3022 4731 3201 4785 dicere
3234 4749 3248 4785 :
3278 4750 3297 4782 ι
3330 4730 3419 4787 Ne

180 4829 283 4882 μις,
316 4816 409 4869 καὶ
439 4817 474 4887 ἡ
502 4814 663 4879 δόξαν
700 4834 719 4866 ι
756 4818 1116 4886 καταφρονεῖν
1149 4815 1206 4869 δὲ
1236 4815 1331 4869 τοῦ
1361 4817 1544 4871 πᾶσαν
1571 4816 1730 4870 δύνα-
1840 4820 2020 4874 induc:

1840 4820 2065 4874 inducas
2100 4836 2201 4876 nos
2235 4821 2287 4874 in
2326 4826 2679 4877 tentationetu
2720 4841 2735 4875 :
2769 4841 2791 4875 ι
2829 4823 2881 4879 id
2914 4833 2999 4879 est
3029 4823 3318 4895 ejusmodi,
3352 4838 3409 4879 ut

242 4967 283 4998 ’δ’
304 4966 487 5023 Matth.
528 4984 605 5034 v1,
630 4969 664 5024 9
698 4985 851 5034 seqq.

760 4985 829 5040 qq
1250 5062 1485 5120 VARIAE
1534 5062 1922 5122 LECTIONES
1963 5066 2051 5122 ET
2078 5068 2311 5126 ΝΟΤΕ.

250 5216 353 5287 (94)
382 5216 580 5298 Confer
622 5220 784 5298 epist,
822 5220 919 5298 28!
962 5221 1127 5298 lib._tt
1153 5262 1168 5285 ,
1210 5220 1600 5298 'l_‘er_tullia_nu_m
1636 5223 1730 5298 lib.
1842 5224 2015 5298 (forti,

1842 5224 2376 5298 (ίόιδικδοκιμαστὴς)
2404 5227 2556 5290 Θεὸς.
2594 5227 2802 5284 Possint.
2898 5194 2903 5197 ἢ

189 5284 521 5353 θεονιιιίοηε,
547 5297 603 5344 et
623 5284 876 5361 C'yprian.
903 5292 1028 5345 item
1045 5290 1437 5365 Theophylact.
1456 5294 1514 5347 in
1534 5293 1730 5348 Matth.
1848 5284 1860 5291 ’
1912 5294 2020 5365 (97)

182 5366 230 5408 ει
262 5357 378 5411 Luc.
420 5360 586 5414 Ht'r‘r.
1844 5382 1975 5416 ιιαο.
2010 5365 2020 5416 Ι

1848 5284 1860 5291 ’
1912 5294 2027 5416 (97)
2064 5284 2210 5379 ldetn
2240 5284 2370 5352 cod:
2412 5284 2587 5353 mutat
2618 5300 2698 5362 εἰς
2744 5301 2795 5354 in
2843 5300 2984 5370 πρὸς
3012 5309 3138 5355 ante
3168 5315 3403 5370 γαστρι-

1844 5382 1975 5416 uoto.
2035 5382 2087 5416 υ.

334 5376 378 5411 6-
420 5375 586 5414 ﬂlT‘l‘.
1844 5382 1975 5418 μαο.
2010 5375 2020 5416 Ι

1844 5382 1975 5418 ιιαο.
2010 5375 2087 5418 ID.
2172 5376 2175 5379 ’

262 5382 378 5411 ωιτ-
420 5382 586 5414 ιιιττ.
1843 5382 1975 5435 μαρ.
2010 5382 2020 5416 1

251 5427 355 5509 (θᾷ)
385 5429 826 5510 ῌίηεειεεςεη-ιει·
859 5430 1240 5510 Tertulliauus
1262 5432 1357 5510 lib.
1386 5432 1465 5486 De
1494 5432 1731 5510 orgtione
1909 5434 2020 5505 (98)

1843 5382 2311 5510 μίὲὲῖυἋΥαΥῲν
2335 5434 2436 5510 Ῐτῆς
2461 5434 2640 5505 ψυχῆς
2660 5436 2719 5510 τξ)
2740 5437 2926 5510 νοερόν
2954 5446 3007 5510 et
3030 5452 3151 5506 quae
3173 5452 3410 5510 sequun-

190 5494 499 5575 breviarium
530 5494 699 5555 totius
731 5501 1005 5573 Evangelii
1031 5512 1184 5558 vocat
1204 5503 1518 5558 Orationem
1546 5502 1730 5557 Domi-
1841 5494 1928 5559 tur
1971 5494 2264 5575 usquead
2293 5494 2571 5573 αιτῆσέωξ
2598 5494 2885 5569 inclusive,
2936 5508 3013 5561 sic
3048 5494 3303 5563 'rescribe
3341 5523 3421 5563 ett.

188 5569 483 5653 “91%.!”
555 5641 569 5653 .
765 5640 793 5653 ..
885 5569 927 5653 ”.
983 5640 1005 5653 .
1456 5643 1469 5653 .
1675 5643 1701 5653 -
1831 5575 2020 5653 εδδ-,ν

1831 5575 1967 5653 cod.-
1991 5569 2113 5628 Vat.
2141 5573 2267 5653 659,
2312 5569 2607 5653 dvaiyayt‘ov
2641 5577 2743 5646 τῆς
2766 5577 2930 5653 εὐχῆς
2960 5578 3050 5653 τὸν
3075 5579 3221 5653 ὅρῳ,
3253 5579 3407 5648 φιλοο

252 5638 357 5705 (96)
391 5639 513 5694 Pro.
546 5640 800 5718 ὑπερφυῆ
827 5642 949 5718 cod.
983 5640 1103 5718 Vat.
1134 5642 1239 5718 950
1261 5642 1421 5718 habet
1449 5643 1725 5718 ὑπερφυᾶ.
1833 5643 2020 5718 σοφῴτι

1833 5643 2039 5718 σοφῴτε
2046 5662 2138 5718 ρον
2151 5646 2245 5697 καὶ
2256 5638 2711 5718 αὐτὸν-’συνέτεμέ
2726 5638 2842 5715 τῆς
2850 5638 3145 5718 αἰτήσεως.
3162 5638 3238 5703 Io.

188 5715 326 5787 vers;
344 5724 459 5788 seq:
499 5711 1125 5788 prq'dtnat_w_qei.:_scribit
1154 5715 1318 5788 ἐπαγ.
1356 5711 1511 5788 litus.
1546 5711 1579 5766 5
1609 5723 1731 5788 post
1902 5711 2013 5787 (99)

1902 5711 2013 5787 (99)
2042 5711 2151 5770 Pro
2170 5714 2403 5785 τεμόντα
2426 5715 2555 5787 legit
2582 5711 2722 5772 idem
2760 5711 3149 5788 ἀνατέμνοντα.
3184 5718 3260 5774 In.

191 5776 365 5840 ςωνῶν
393 5776 458 5834 ad
484 5776 550 5835 ex
582 5777 702 5834 Val.
727 5776 830 5837 659
856 5780 991 5836 ἀλλά
1013 5781 1113 5852 τῆς
1134 5776 1357 5852 γνώμης
1380 5776 1730 5852 δοκιμασθεὶς
