3886 6420
148 402 261 470 1077

397 522 546 589 κεῖν.
587 554 655 564 -
694 526 957 599 tman
996 531 1469 603 ΠΡΕΣΒΥΤΕΡῼ.

144 601 232 670 Εις
252 603 315 684 τὸ
352 606 668 684 εἰρημένον
708 612 842 678 περὶ
873 613 981 666 τοῦ
1024 615 1251 670 Ἡσαῦ·
1290 635 1309 668 ι
1362 601 1696 684 Μετανοίας

202 675 377 760 τόπον
413 679 527 760 οὐχ
554 675 729 760 εὗρε,
770 675 988 752 καίπερ
1015 686 1170 754 μετὰ
1200 686 1485 756 δακρύων
1530 675 1695 760 eam:

200 745 381 810 τήσας
415 745 649 814 αὐτήν(
674 770 691 801 ι

197 836 359 899 Αὐτὸς
390 838 494 907 μὲν
551 841 859 911 θαυμάζειν
894 842 1051 915 ἔφης,
1100 845 1249 910 ὅπως
1282 846 1360 919 (4)
1411 851 1438 902 ὁ
1479 849 1693 915 Παῦλος

140 926 223 996 τῆν
263 928 574 997 μετάνοιαν,
611 934 678 1002 ῆν
723 935 816 987 καὶ
862 935 1025 1001 αὐτὸς
1059 938 1345 1010 ἐκήρυττε,
1380 941 1474 994 καὶ
1502 941 1530 993 ὁ
1561 941 1694 1005 Θεὸς

141 1018 447 1087 ἐστεφάνου,
469 1023 634 1093 μηδὲν
669 1025 991 1097 δεδυνῆσθαι
1015 1029 1109 1082 ἐπὶ
1140 1029 1234 1083 τοῦ
1279 1030 1449 1083 Ἠσαῦ
1484 1030 1691 1102 διισχυ-

143 1110 331 1180 ρίσιιτο,
359 1110 571 1182 λέγων·
607 1133 627 1167 ι
688 1118 997 1181 Μετανοίας
1048 1119 1158 1191 γὰρ
1202 1120 1366 1174 τόπον
1397 1123 1496 1193 οὐχ
1542 1116 1690 1195 εὗρε,

141 1202 319 1272 καίπερ
350 1204 493 1272 μετά
532 1205 784 1278 δακρύων
832 1210 1140 1281 ἐκζητήσας
1182 1212 1371 1283 αὐτήν.
1412 1233 1430 1264 ι
1476 1215 1692 1283 Ἔγωγε

143 1291 399 1363 θαυμάζω,
434 1295 552 1360 πῶς
576 1298 736 1352 τοῦτό
766 1317 823 1353 σε
848 1300 1114 1356 διέλαθεν.
1142 1304 1217 1357 Οὐ
1242 1304 1349 1375 γὰρ
1378 1306 1454 1370 ὡς
1473 1305 1571 1376 τὴν
1597 1325 1694 1377 με-

142 1383 334 1436 τάνοιαν
357 1384 727 1456 ἀτιμάσαντος
754 1389 848 1441 τοῦ
884 1390 1094 1461 κριτοῦ,
1124 1392 1282 1447 τοῦτο
1310 1394 1438 1465 ἔφη,
1478 1396 1592 1450 ἀλλ’
1618 1396 1693 1462 ώς

143 1474 220 1526 τόν
250 1476 458 1544 μισθὸν,
502 1479 774 1546 τουτέστι,
821 1481 919 1552 τὴν
956 1484 1228 1553 εὐλογίαν,
1257 1487 1355 1559 τὴν
1404 1491 1470 1559 τῇ
1522 1490 1691 1561 ἀρετῇ

149 1565 377 1639 μᾶλλονῆ
406 1571 474 1640 τῇ
510 1572 910 1645 πρεσϐυγενείᾳ
948 1579 1423 1651 χρεωστουμένην,
1450 1582 1529 1654 τῷ
1577 1583 1695 1636 δια-

148 1657 438 1727 πωλήσαντι
467 1662 635 1733 αὐτὴν
665 1665 740 1734 μὴ
772 1666 1087 1731 δεδωκότος.
1122 1672 1194 1724 Οὐ
1226 1671 1334 1742 γὰρ
1371 1672 1580 1727 δίκαιον
1600 1670 1691 1746 ἦν,

144 1751 344 1816 ἐκεῖνον,
372 1754 462 1807 ἵνα
486 1756 582 1807 καὶ
612 1757 836 1828 δοίημεν
893 1763 960 1831 τῇ
1007 1763 1407 1836 τερεσὸυγενείᾳ⁹
1436 1766 1495 1819 τὸ
1524 1767 1694 1839 γέρας

145 1844 533 1911 χρεωτείσθαι,
562 1846 623 1899 τὸ
660 1849 845 1918 κτῆμα
868 1848 1005 1920 ὅπερ
1034 1851 1316 1923 ἐπώλησεν
1354 1855 1692 1926 ἀνακομίσα-

150 1932 249 1987 σθαι
282 1935 353 2005 (5)
374 1951 389 1964 ⁸
419 1939 467 1990 εἰ
504 1939 603 2008 μὲν
640 1939 749 2010 γάρ
783 1943 1133 1996 ἀποσπασθὲν
1155 1940 1244 2015 ἦν,
1272 1946 1379 1999 ἔδει
1427 1949 1692 2021 ἀποδοθῆ-

145 2040 219 2076 ναι
235 2038 254 2110 '7
284 2028 329 2078 εἰ
357 2025 411 2079 δὲ
434 2029 665 2099 πραθὲν,
691 2030 788 2084 καὶ
816 2032 920 2085 ὐπὸ
938 2034 1037 2105 τὴν
1069 2036 1240 2105 νομὴν
1268 2036 1362 2089 τοῦ
1388 2038 1692 2110 ἀγοράσαν-

142 2130 220 2177 τος
240 2109 305 2185 ἦν
330 2115 431 2187 (6),
455 2119 517 2170 οὐ
551 2118 761 2173 δίκαιον
783 2123 844 2175 τὸ
867 2123 1313 2197 ἀποσπασθῆναι.
1341 2109 1693 2195 Κλαύσαντος

141 2204 257 2273 γοῦν
271 2209 480 2279 πικρῶς
497 2211 559 2263 οὐ
578 2212 738 2281 μόνον
760 2215 949 2280 αὐτοῦ,
965 2217 1102 2271 ἀλλά
1119 2218 1210 2271 καὶ
1230 2219 1322 2272 τοῦ
1348 2224 1690 2295 γεννήτορος,

141 2297 192 2349 τὸ
220 2297 416 2352 δίκαιον
463 2302 702 2372 ἴσχυσεν.
739 2305 862 2358 ’Ότι
908 2307 965 2360 δὲ
1006 2308 1183 2374 οὕτως
1227 2310 1359 2381 ἔχει,
1390 2314 1554 2368 ἄκουε
1582 2317 1692 2370 τῶν

139 2390 257 2459 πρὸς
282 2392 444 2445 αὐτὸν
479 2395 786 2466 εἰρημένων
811 2415 827 2431 σ
866 2418 886 2447 ο
918 2402 1007 2470 Μή
1029 2419 1115 2465 τις
1134 2403 1351 2475 πόρνος,
1380 2406 1413 2477 ἢ
1444 2407 1689 2479 βέϐηλος,

140 2480 202 2544 ὡς
232 2483 419 2550 Ἡσαῦ,
452 2485 511 2549 ὃς
540 2488 660 2541 ἀντὶ
687 2488 945 2559 βρώσεως
973 2495 1101 2562 μιᾶς
1126 2495 1354 2549 ἀπέδοτο
1382 2498 1451 2551 τὰ
1482 2518 1691 2571 πρωτο-

138 2573 274 2627 eius
323 2576 513 2631 αὐτοῦ.
547 2578 691 2632 Ἰσθε
753 2582 883 2653 γὰρ,
932 2584 1134 2639 ὃτικαϊ
1187 2588 1481 2656 μετέπειτα
1521 2592 1691 2648 θέλων

141 2664 521 2738 κληρονομῆσαι
554 2671 652 2739 τὴν
675 2672 948 2741 εὐλογίαν,
975 2676 1411 2750 ἀπεδοκιμάσθη.
1445 2700 1465 2733 ι
1503 2680 1688 2754 Ὁρᾷς,

141 2755 214 2807 ἶνα
234 2759 393 2829 παρῶ
425 2760 569 2824 τέως
590 2764 650 2814 τὸ
684 2766 1001 2832 πεπρᾶσθαι
1033 2768 1104 2821 τὰ
1141 2772 1428 2837 πρεσϐεῖα,
1460 2774 1544 2828 ὅτι
1570 2776 1689 2829 οὐδὲ

140 2849 313 2920 ἀρετὴν
362 2848 430 2922 ἦν
480 2854 759 2925 ἀσκήσας,
815 2858 935 2911 ἀλλ’
970 2854 1051 2923 οἷς
1085 2862 1339 2933 πέπρακε
1381 2868 1691 2938 πρεσϐείοις

143 2938 555 3013 ἐπερειδόμενος,
578 2946 676 3016 τὴν
694 2948 969 3017 εὐλογίαν,
995 2952 1095 3022 τὴν
1132 2955 1197 3023 τῇ
1223 2956 1413 3027 ἀρετῇ,
1429 2957 1505 3021 ὡς
1527 2957 1688 3030 ἔφην,

140 3035 591 3108 χρεωστουμένην,
626 3038 1037 3112 κληρονομῆσαι
1067 3043 1329 3113 ἠϐούλετο
1347 3065 1364 3080 ο
1404 3048 1541 3120 ὅπερ
1561 3050 1691 3105 ἀδύ-

136 3140 273 3176 νατον
296 3120 386 3195 ἦν’
419 3128 469 3179 εἰ
503 3127 613 3200 γὰρ
643 3132 734 3182 καὶ
766 3131 906 3201 μετά
933 3134 1031 3204 τῆς
1059 3134 1153 3187 τοῦ
1190 3137 1444 3203 τεκόντος
1475 3142 1689 3207 εὐνοίας

996 417 1532 480 EPISTOLARUM
1567 422 1721 483 LIB.
1754 421 1855 485 IV.
1892 449 1963 461 —
1994 425 2233 490 EPIST.
2275 428 2487 490 XXVI.

1729 537 1777 592 Α

3244 429 3380 494 1078

2034 538 2224 593 XXVI.
2253 569 2324 580 —
2355 535 2629 594 lSlDORO
2668 535 3148 593 PRESBYTERO.

1803 627 1873 682 In
1900 629 1956 681 id
1981 631 2217 699 quodﬂe
2247 632 2392 684 Esau
2426 632 2627 683 dictum
2667 640 2763 694 est,
2797 648 2817 681 ι
2852 629 3182 684 Pusnitentia:
3206 629 3379 683 locum

1867 715 1972 753 non
1996 702 2217 765 invenit,
2252 703 2490 770 quamvis
2523 701 2774 771 lacrymis
2800 702 3098 770 qumiverit
3124 716 3237 754 eam
3256 701 3322 754 κ.
3355 719 3379 751 ›

1869 856 2053 912 Mirari
2104 868 2161 913 tu
2205 859 2421 929 quidem
2467 868 2524 915 te
2554 859 2797 923 dicebas,
2828 874 2934 927 quo
2973 866 3131 927 pacto
3182 859 3382 914 Paulus

1796 950 2196 1021 paenitentiam,
2239 967 2399 1021 quam
2455 962 2634 1006 tamen
2675 960 2729 1006 et
2772 950 2885 1020 ipse
2954 950 3279 1020 praedicabat
3325 958 3378 1005 et

1799 1040 1943 1095 Deus
1994 1041 2316 1106 coronabat,
2357 1042 2490 1097 nihil
2526 1042 2579 1096 in
2624 1040 2765 1095 Esau
2795 1042 3035 1111 potuisse
3069 1041 3372 1105 alIirmarit,

1797 1150 1920 1191 cum
1949 1138 2063 1190 ait:
2099 1155 2117 1188 ι
2154 1135 2495 1191 Ρωιιίιθηῑίιιε
2526 1136 2700 1190 locum
2732 1150 2837 1189 non
2874 1134 3099 1197 invenit,
3131 1135 3379 1203 quamvis

1796 1243 1919 1282 cum
1958 1227 2213 1300 lacrymis
2247 1243 2367 1283 eam
2412 1238 2695 1299 quaereret.
2735 1247 2754 1280 ›
2806 1230 2877 1281 At
2904 1242 3005 1298 ego
3038 1229 3226 1293 miror,
3270 1243 3376 1296 quo

1797 1323 1956 1375 modo
1995 1322 2100 1376 hoc
2131 1331 2182 1376 te
2211 1320 2434 1391 fugerit.
2466 1320 2582 1375 Non
2620 1321 2764 1374 enim
2797 1321 2897 1375 lmc
2923 1336 2989 1374 eo
3018 1335 3178 1375 sensu
3218 1320 3373 1384 dixit,

1796 1412 1951 1481 quasi
1984 1412 2362 1482 paenitentiam
2393 1412 2719 1467 contumelia
2757 1409 3028 1467 affecisset
3052 1409 3250 1479 judex;
3280 1411 3373 1465 sed

1798 1503 1944 1567 ideo,
1974 1503 2103 1572 quia
2137 1505 2439 1572 praemium,
2475 1504 2577 1558 hoc
2628 1512 2711 1558 est
2752 1502 3207 1565 benedictionem,
3255 1516 3374 1570 quae

1796 1592 1984 1646 virtuti
2031 1592 2210 1663 potius
2265 1607 2425 1659 quam
2478 1592 2917 1663 primogenitum:
2963 1590 3279 1656 debebatur,
3323 1590 3372 1643 ei

1794 1684 1886 1752 qui
1933 1683 2075 1743 banc
2102 1683 2443 1750 vendiderat,
2496 1699 2606 1738 non
2648 1684 2962 1739 reddiderit.
2997 1681 3183 1752 Neque
3226 1680 3370 1734 enim

1796 1774 1898 1830 boc
1923 1774 2127 1843 justum
2159 1782 2214 1830 et
2242 1790 2455 1845 aequum
2495 1774 2709 1839 fuisset,
2747 1783 2808 1828 ut;
2848 1774 3081 1827 maxime
3108 1773 3373 1828 conceda—

1796 1882 1938 1933 mus,
1965 1868 2018 1922 id
2047 1868 2328 1937 praemium
2360 1867 2800 1936 primogenitum
2826 1866 3027 1920 deberi.
3066 1863 3122 1919 Si
3154 1865 3371 1932 quidem

1794 1973 1890 2028 per
1914 1958 2020 2012 vim
2050 1969 2292 2028 ereptum
2337 1958 2387 2013 ei
2423 1958 2635 2021 fuisset,
2672 1964 2786 2011 tum
2829 1958 2979 2012 reddi
3021 1957 3370 2026 oportuisset.

1795 2051 1865 2103 At
1901 2052 2025 2120 quia
2070 2050 2372 2112 venditum,
2410 2063 2473 2103 ac
2502 2047 2613 2116 jam
2646 2048 2699 2101 in
2735 2048 3075 2116 possessione
3115 2046 3375 2115 emptoris

1795 2151 1936 2203 erat,
1967 2142 2092 2196 huic
2124 2141 2176 2197 id
2206 2142 2340 2211 eripi
2369 2155 2400 2195 a
2435 2140 2643 2210 justitia
2674 2138 2863 2194 fuisset
2890 2140 3146 2193 alienmn.
3185 2136 3372 2204 Quatr-

1799 2243 2126 2303 tumcunque
2159 2235 2323 2303 igitur
2356 2248 2543 2288 amare
2579 2248 2682 2287 non
2718 2232 2891 2287 soium
2920 2234 3031 2301 ipse
3062 2229 3245 2300 (E‘sau)
3278 2229 3372 2283 sed

1793 2336 1847 2380 et
1890 2336 2043 2394 pater
2088 2325 2203 2393 ejus
2233 2324 2431 2393 (Isaac)
2466 2323 2642 2390 ﬂeret,
2698 2334 2875 2378 tamen
2917 2323 3130 2392 justitia
3166 2337 3372 2391 praeva-

1793 2416 1912 2470 luit.
1952 2416 2077 2471 Haec
2107 2427 2286 2471 autem
2329 2431 2394 2471 eo
2424 2432 2531 2486 quo
2561 2416 2667 2471 dixi
2703 2417 2860 2469 modo
2888 2432 2945 2469 se
2986 2414 3206 2475 habere,
3246 2413 3375 2466 andi

1792 2523 1915 2577 quae
1955 2508 2023 2563 de
2051 2509 2169 2578 ipso
2201 2508 2345 2561 dicta
2388 2517 2556 2562 sunt:
2591 2525 2610 2558 ι
2646 2504 2722 2559 Ne
2768 2507 2889 2574 quis
2918 2506 3234 2567 fornicator,
3280 2513 3369 2556 aut

1794 2598 2075 2669 profanus,
2104 2609 2161 2653 ut
2191 2600 2333 2654 Esau
2365 2617 2378 2653 :
2404 2599 2495 2670 qui
2523 2607 2745 2667 propter
2776 2613 2935 2651 unam
2969 2612 3149 2653 escam
3182 2595 3370 2650 vendi-

1793 2691 2161 2758 ditprimitiva
2193 2706 2311 2745 sua.
2346 2690 2554 2745 Scitote
2583 2691 2750 2751 enim,
2786 2688 3041 2758 quoniam
3079 2696 3135 2742 et
3158 2696 3369 2756 postea,

1792 2784 2345 2852 cupiensbasreditare
2366 2782 2822 2847 benedictionem,
2836 2779 3329 2851 reprobatusest".
3344 2799 3369 2831 »-

1794 2873 1958 2929 Vides
2004 2876 2087 2946 (ut
2124 2875 2341 2929 interim
2376 2875 2647 2938 omittam,
2679 2876 2819 2942 quod
2863 2872 3206 2941 primogeniti
3247 2871 3373 2939 jura

1793 2966 1994 3020 fuerint
2050 2965 2290 3036 vendita)
2347 2965 2521 3032 ipsum
2572 2979 2749 3033 neque
2796 2963 3053 3018 virtutem
3104 2963 3368 3025 coluisse;

1792 3059 1885 3113 sed
1929 3057 2367 3129 primogenitum
2394 3055 2525 3125 juri,
2558 3058 2701 3127 quod
2749 3066 2923 3109 tamen
2967 3055 3079 3122 jam
3115 3056 3368 3109 vendide-

1795 3163 1900 3218 rat,
1960 3150 2206 3205 innixmn
2249 3166 2422 3221 eoque
2474 3149 2694 3216 fretum,
2744 3148 3198 3211 benedictionem,
3250 3162 3369 3216 quae

137 3216 215 3312 καὶ
234 3216 335 3285 τὴν
374 3217 487 3271 τῶν
522 3221 831 3291 πρεσϐείων
861 3222 974 3294 εἶχε
1005 3227 1173 3298 τιμὴν
1206 3229 1307 3299 (7),
1346 3232 1448 3285 οὐκ
1485 3233 1553 3286 ἂν
1577 3237 1688 3288 ἀπ-

1797 3216 1999 3307 virtuti,
2058 3250 2116 3294 ut
2170 3216 2437 3306 dicebam,
2486 3239 2652 3312 427
2703 3239 2951 3304 debetur,
3022 3239 3369 3293 haereditario

138 3305 270 3377 ἐτυχε
315 3309 390 3379 (8)
421 3312 533 3365 τῶν
560 3312 716 3366 θείων
757 3316 1036 3385 εὐλογιῶν.
1081 3320 1278 3391 Ἀρετὴ
1314 3324 1419 3395 γάρ
1471 3326 1619 3381 ἐστιν
1653 3329 1687 3398 ὴ

138 3400 265 3468 παρά
289 3401 383 3453 τοῦ
413 3403 550 3457 Θεοῦ
580 3409 1009 3480 στεφανουμένη.
1052 3412 1269 3483 Ἐπειδὴ
1285 3415 1342 3468 δὲ
1361 3418 1454 3471 καὶ
1476 3420 1690 3490 πέπρα-

139 3503 218 3579 {sv
246 3491 485 3579 έννόμως
517 3495 586 3548 τά
633 3500 1013 3567 πρωτοτόκια,
1065 3505 1550 3579 ἀναμφισϐήτητος
1592 3513 1687 3566 τοῦ

132 3573 322 3668 η’ἰακὼὸ
350 3582 383 3650 ή
434 3581 584 3653 νίκη.
649 3585 773 3642 Ἐἀν
806 3588 915 3660 γάρ
947 3607 1030 3653 τις
1069 3573 1239 3664 ἀγρδν
1280 3573 1559 3668 πωλήσας,
1593 3604 1690 3656 καὶ

139 3665 189 3718 τὸ
208 3669 415 3741 τίμημα
437 3674 699 3747 εἰληφὼς,
734 3680 832 3732 καὶ
862 3682 942 3745 εἰς
961 3684 1134 3755 νομὴν
1161 3687 1257 3741 τοῦ
1296 3665 1578 3761 κτήματος
1597 3696 1695 3750 τὸν

136 3760 454 3858 ἀγοράσαντα
469 3769 809 3839 εἰσκομίσας,
826 3773 951 3827 ὐστε
962 3793 1050 3847 ρον
1074 3779 1245 3851 χωρὶς
1255 3780 1348 3834 τοῦ
1365 3785 1690 3858 ἀποδοθῆναι

135 3851 185 3904 τὸ
204 3855 407 3951 τίμημα
433 3858 577 3928 λέγω
605 3861 734 3932 (οὐδ’
756 3866 1102 3933 ἀποδιδόντος
1132 3873 1230 3941 μὲν
1249 3868 1341 3927 οὖν
1369 3851 1689 3951 συγχωροῦ-

140 3959 208 3998 σιν
234 3948 281 3999 οἰ
328 3950 485 4020 νόμοι
516 3953 743 4019 ἄκοντος
786 3957 878 4010 τοῦ
921 3959 1296 4029 ἀγοράσαντος
1342 3966 1403 4019 τὸ
1437 3948 1687 4025 ἀποσπα-

138 4034 301 4133 ςθῆναι
328 4042 405 4111 (9)
435 4044 494 4096 τὸ
522 4046 728 4117 κτῆμα·
759 4050 877 4104 ἀλλ’
902 4053 1054 4122 ὅμως
1090 4055 1372 4129 λελέχθω),
1400 4063 1571 4133 χωρὶς
1591 4066 1686 4117 τοῦ

136 4125 398 4227 ἀποδοῦναι
441 4136 504 4187 τὸ
549 4137 799 4209 τίμημα,
870 4144 919 4196 εἰ
972 4125 1346 4221 ἀμφισϐητοίη
1400 4125 1686 4227 περὶ-τῆς

137 4221 373 4289 κτήσεως,
414 4229 566 4292 ποῖος
610 4230 795 4301 νόμος,
842 4234 876 4305 ἢ
927 4234 1012 4297 τίς
1035 4236 1293 4310 δικαστὴς
1326 4221 1685 4316 ἀποκρίνεται

138 4311 280 4383 αὐτῷ,
306 4317 615 4411 μυρία
644 4323 849 4388 ἐκεῖνος
873 4325 1123 4397 δακρύοι,
1155 4333 1252 4386 κα)⁸
1279 4311 1487 4391 ἐλεεινά
1517 4341 1684 4411 φθέγ-

137 4415 291 4503 rat-fe;
495 4406 575 4475 εἷς
620 4412 815 4485 δήπου.
872 4418 1115 4485 Εἰκότως
1163 4421 1261 4478 οὖν
1302 4428 1404 4481 οὐκ
1455 4406 1680 4503 εἰληφε·

140 4493 325 4594 πρῶτον
357 4500 682 4594 μὲνάρετὴν
719 4508 822 4562 οὐκ
857 4510 1131 4582 ἀσκήσας,
1159 4516 1413 4587 εὐλογίαν
1455 4522 1515 4575 δὲ
1549 4493 1684 4594 κλη·

1788 3332 1911 3401 jure
1947 3334 2194 3388 obtinere
2241 3333 2520 3389 voluisse:
2550 3331 2693 3401 quod
2728 3330 2840 3385 ﬁeri
2877 3331 3187 3400 neutiquam
3219 3341 3370 3399 pote-

1793 3436 1895 3489 rat,
1923 3434 1979 3476 ut
2020 3426 2253 3478 maxime
2285 3439 2389 3477 una
2426 3439 2547 3478 cum
2583 3423 2752 3493 patris
2778 3421 3157 3477 benevolentia
3205 3422 3369 3477 habe-

1792 3527 1874 3569 ret
1903 3515 2064 3568 ctiam
2098 3514 2203 3569 sibi
2243 3514 2627 3585 snﬂ'ragantem
2663 3515 2816 3582 quasi
2851 3516 3206 3569 reverentiam
3232 3515 3369 3581 juris

1789 3606 2227 3676 primogenitum
2267 3604 2530 3677 [alioquin
2575 3607 2619 3662 si
2664 3609 2852 3661 virtuti
2912 3621 3132 3675 operam
3189 3607 3369 3660 dedis-

1790 3693 1919 3766 set,]
1965 3693 2164 3748 divinis
2196 3694 2666 3751 benedictionibus
2699 3712 2803 3751 non
2836 3695 3149 3751 excidisset.
3183 3694 3368 3753 Virtus

1790 3789 1934 3842 enim
1986 3797 2090 3851 est,
2126 3803 2247 3856 qua:
2296 3803 2324 3840 a
2376 3790 2486 3843 Deo
2530 3799 2848 3844 coronatur.
2883 3788 3149 3855 Quoniam
3188 3803 3365 3844 autem

1789 3881 2023 3952 legitime
2048 3895 2263 3950 quoque
2297 3881 2539 3936 vendidit
2565 3883 2838 3952 primitiva
2872 3922 2889 3946 ,
2923 3881 3129 3951 absque
3154 3894 3368 3938 contro-

1788 3973 1965 4029 versia
2006 3987 2170 4041 penes
2214 3969 2475 4028 Iacobum
2526 3973 2626 4027 fuit
2668 3975 2916 4029 victoria.
2961 3972 3095 4029 Nam
3141 3976 3184 4028 si
3220 3977 3363 4042 quis,

1789 4072 2140 4133 posteaquam
2175 4077 2364 4132 agrum
2393 4064 2657 4131 vendidit,
2687 4074 2742 4119 et
2771 4066 3004 4134 pretium
3045 4066 3278 4133 accepit,
3311 4076 3366 4120 et

1787 4164 2084 4222 emptorem
2116 4154 2167 4207 in
2202 4155 2607 4223 possessionem
2650 4170 2873 4210 vacuam
2911 4155 3027 4225 ejus
3060 4157 3242 4225 pradii
3278 4157 3365 4211 in-

1788 4245 2031 4309 roduxit,
2074 4246 2364 4315 posterius
2415 4260 2521 4299 non
2566 4246 2777 4301 reddito
2817 4249 2991 4317 pretio
3035 4248 3364 4318 (quanquam

1788 4356 1854 4394 ne
1881 4340 2097 4408 quidem
2133 4339 2178 4393 si
2219 4338 2322 4393 hoc
2350 4340 2540 4393 reddat
2569 4338 2840 4401 venditor,
2874 4339 3193 4407 permittunt
3218 4340 3363 4411 leges

1787 4432 1955 4487 invito
1989 4430 2219 4499 emptori
2252 4445 2409 4485 suum
2434 4429 2691 4499 praedium
2721 4429 2921 4484 auferri
2948 4447 2962 4485 :
2989 4439 3366 4485 verumtamen

1786 4525 1865 4580 sic
1902 4524 2158 4594 temporis
2188 4539 2351 4579 causa
2383 4522 2650 4593 tingamus
2683 4521 2750 4577 id
2771 4538 2927 4591 posse
2951 4523 3087 4591 ﬁeri)
3121 4540 3137 4588 ;
3166 4523 3211 4578 si
3241 4523 3374 4592 quis

140 4591 422 4688 fovesque:
449 4592 704 4688 θελήσας,
754 4594 823 4670 ἦς
870 4602 1090 4668 ἀνάξιον
1145 4586 1339 4662 ἑαυτόν
1396 4586 1651 4684 ἀπέφηνε
1663 4632 1677 4647 ο

1797 4631 1941 4688 ergo,
1971 4626 2030 4670 ut
2057 4630 2327 4686 coeperam
2357 4614 2559 4679 dicere,
2591 4629 2711 4669 cum
2743 4630 2846 4669 non
2890 4618 3076 4672 reddat
3106 4617 3369 4688 pretium,

135 4672 356 4769 δεύτερον
379 4680 435 4734 δὲ
474 4686 569 4737 καὶ
602 4686 862 4757 πωλήσας
898 4690 960 4744 τὸ
1005 4693 1174 4765 γέρας
1194 4710 1210 4726 °
1257 4698 1440 4769 τρίτον
1469 4672 1683 4758 ἐκκλει-

139 4762 266 4829 σθεὶς
293 4770 398 4867 (Ni)
427 4776 652 4841 εἰκότως
675 4779 780 4833 ὑπὸ
806 4781 899 4835 τοῦ
931 4762 1149 4856 καιροῦ.
1184 4789 1247 4841 Εἰ
1274 4762 1382 4863 γὰρ
1415 4792 1586 4859 ὅντως
1610 4792 1680 4867 ἧν

138 4864 427 4963 μεταγνοὺς,
474 4869 567 4921 καὶ
599 4870 699 4934 τὰς
731 4872 899 4941 ἥττας
936 4875 1118 4939 πάσας
1159 4864 1681 4956 ἀναμαχησάμενος,

262 4952 319 5006 ἂν
350 4960 621 5031 παρώφθη
661 4963 816 5035 παρά
863 4965 1020 5021 Θεοῦ.
1071 4952 1511 5048 Πλούσιοςτγάρν
1536 4977 1613 5033 ὣν
1642 4952 1682 5035 τό

137 5039 270 5111 Θεὸς,
302 5050 390 5102 καί
420 5051 667 5109 πλουτῶν
698 5058 987 5127 στεφάνοις
1022 5060 1225 5130 ἄλλοις,
1256 5039 1533 5137 κοσμῆσαι
1561 5071 1683 5124 ὲδύ-

212 5197 250 5229 “
273 5198 424 5259 Hebr.
447 5221 549 5273 xu,
591 5208 681 5263 l7.
784 5210 830 5244 "
859 5213 985 5269 ibid.
1016 5214 1106 5281 16,
1141 5216 1227 5272 17.

1788 4710 1856 4763 de
1882 4707 2226 4778 possessione
2258 4705 2349 4760 illa
2390 4704 2576 4777 (quam
2622 4707 2908 4779 vendidit),
2936 4709 3357 4762 controversiam

1791 4798 2021 4870 emptori
2059 4798 2244 4864 faciat,
2296 4812 2540 4868 quaenam
2587 4799 2697 4865 lex,
2747 4810 2838 4854 aut
2884 4801 3004 4869 quis
3028 4802 3189 4870 judex
3240 4817 3359 4856 eam

1791 4896 2019 4963 emptori
2068 4890 2363 4959 adjudicat,
2399 4902 2457 4945 ut
2497 4900 2556 4944 ut
2600 4890 2841 4947 inﬁnitas
2882 4892 2972 4948 ille
3015 4893 3256 4947 ell‘undat
3286 4893 3370 4947 la-

1789 4997 2027 5053 crymas,
2067 4991 2123 5038 et
2164 4980 2548 5037 miserabiliter
2591 4984 2998 5051 conqueratur?
3027 4983 3196 5039 Nemo
3235 4985 3363 5039 her-

1789 5075 1893 5130 cle.
1936 5073 2067 5129 .lure
2112 5074 2278 5145 igitur
2324 5090 2388 5129 ac
2421 5076 2615 5131 merito
2648 5090 2754 5131 non
2804 5075 2997 5146 recipit
3037 5076 3177 5130 Esau
3218 5077 3394 5146 (quae;~

1199 5349 1436 5408 VARIJE
1475 5353 1862 5413 LECTIONES
1902 5357 1990 5412 ET
2028 5355 2263 5414 NOTAE.

184 5493 264 5574 ,(4)
288 5493 438 5580 Xers.
455 5516 486 5580 _t
509 5538 526 5563 ,
560 5517 647 5571 ep.
668 5503 823 5580 ῬΙ-οἰ
849 5506 1002 5580 ὅπως
1040 5512 1163 5565 cod.
1189 5511 1304 5568 Vat.
1340 5516 1446 5571 650
1481 5519 1671 5573 scribit

140 5567 261 5653 πᾶξῖ
283 5567 430 5653 Χθτε.
538 5567 636 5651 ρι’ξ)
663 5567 957 5653 ὲστεερἀνου
981 5567 1131 5648 ponit
1153 5567 1435 5653 σαι-εφανοῖί.⁷

142 5634 417 5759 dilutae,
437 5640 498 5694 τὸ
520 5634 708 5713 κτῆμα
843 5634 1080 5721 ἀνακομ.
1100 5634 1667 5719 omit—tebatved.

1849 5520 1925 5592 (7)
1965 5519 2065 5592 _Ed.
2110 5521 2309 5592 Raris"
2347 5523 2550 5592 φωνήν.
2590 5524 2747 5579 Enn.

1842 5589 1919 5662 ('8)
1950 5590 2083 5667 Cod.
2113 5589 2235 5667 vat.
2274 5589 2371 5667 pro
2392 5589 2848 5667 anscuxs,__ponit,
2888 5594 3067 5667 ἔτυχε,
3098 5608 3153 5653 et
3189 5596 3358 5656 Vere;

1771 5676 1888 5726 seq.
1927 5675 2024 5731 pro
2049 5661 2309 5731 ἐννόμως,
2337 5661 2620 5731 ὲνιμότως.
2643 5663 2856 5720 Possm.

1842 5731 1918 5799 (9)
1956 5730 2102 5806 idem
2130 5730 2250 5786 c0d.
2271 5743 2396 5806 ante
2417 5730 2840 5806 ᾇποσπασθῆναι
2856 5735 2993 5793 tollit
3015 5737 3095 5806 τό,
3120 5745 3175 5795 et
3201 5754 3348 5796 νοτες

201 5772 725 5875 ριπὲ
746 5778 1064 5875 ἤχει-τετε.
1097 5804 1218 5864 post
1244 5794 1315 5849 5|
1347 5796 1483 5865 πρὸς
1506 5800 1669 5853 αὐτόν

1802 5772 1931 5875 ei}:
1930 5772 1973 5875 si
1981 5772 2102 5875 ᾇἰῇἷῖ
2102 5772 2194 5856 uir"
2198 5772 2364 5875 12.1.}:
2367 5772 2407 5853 ἒ
2416 5772 2456 5875 if
2453 5772 2862 5875 τέἱίῖθῗέἶιὲῗῖιζξ

146 5851 292 5900 ιηιιιει
320 5846 373 5901 in
404 5850 532 5917 παρ’
563 5852 749 5908 αὐτοῦ.
771 5846 988 5913 Possm.

1846 5868 1956 5927 (10)
1987 5869 2132 5926 Idem
2159 5872 2306 5939 cod.,
2341 5868 2760 5943 ὲκκληθείςίιί).
