3886 6420
482 416 620 481 1079

1686 419 1751 479 S.
1790 418 2092 479 ISIDORI
2130 419 2582 481 PELUSIOT/E

3606 414 3734 481 ισθο

481 528 871 594 desiderabat.)
900 527 1086 585 Primo
1114 530 1329 599 quidem
1362 544 1482 583 cum
1520 546 1626 586 non
1662 531 1904 587 dedisset
1927 547 2059 602 ope—

2196 552 2317 587 ιατο.
2345 535 2409 586 Εἰ
2435 536 2544 605 γὰρ
2573 535 2669 589 καὶ
2702 534 2801 596 τὰς
2823 534 3094 603 εὐλογίας,
3126 534 3190 596 ἃς
3215 533 3523 603 πέπρακεν,
3547 533 3733 587 ἀνακο-

483 638 598 676 ram
644 624 850 689 virtuti,
881 634 936 680 et
978 634 1160 677 tamen
1200 625 1627 678 benedictionem
1664 627 1809 680 Velut
1838 627 2061 681 haeredi-

483 721 596 764 tate
636 726 831 780 capere
863 712 1144 776 voluisset,
1184 726 1287 780 qua
1322 727 1381 767 se
1412 714 1688 782 indignum
1715 714 2058 783 prmbuerat;

482 802 677 856 deinde
738 820 866 857 vero
918 820 1040 857 cum
1090 804 1253 858 etiam
1312 802 1363 857 id
1412 806 1652 858 muneris
1690 804 2057 869 vendidisset;

483 894 644 947 tertio
672 894 832 947 etiam
861 910 889 947 a
921 904 1163 963 tempore
1191 894 1384 948 merito
1406 893 1655 949 exclusus
1685 894 1892 949 fuisset.
1926 893 2062 949 Nam

481 982 530 1036 si
563 997 749 1038 revera
801 1000 865 1040 ac
907 986 1049 1041 serio
1089 985 1462 1055 paenitentiam
1508 986 1724 1054 egisset,
1769 974 2064 1055 et'priores

2174 623 2439 693 μίσασθαι
2460 624 2557 692 οὐχ
2584 618 2695 687 οἷός
2725 626 2771 676 τ’
2803 619 2891 694 ἧν,
2931 624 3045 677 ἀλλ’
3082 619 3176 676 οὖν
3202 639 3265 690 γε
3298 622 3479 683 ἄλλοις
3515 622 3578 674 ἀν
3618 638 3734 674 σιε-

2174 713 2366 783 φάνοις
2405 714 2686 785 ἐκοσμήθη
2708 730 2723 744 ο
2749 715 2844 766 καὶ
2874 713 3092 785 πρῶτον
3117 713 3218 783 μὲν
3246 713 3325 783 τῷ
3350 709 3443 765 τὸν
3467 712 3594 764 Θεὸν
3616 712 3741 764 De»

2171 803 2338 874 ἔχειν.
2387 805 2607 875 Ἐπειδὴ
2640 805 2695 858 δὲ
2725 806 2927 876 ἀρετῆς
2959 805 3057 875 μὲν
3091 806 3189 857 οῦκ
3224 804 3557 874 ἐφρόντιζεν.
3594 802 3738 855 εὐλο-

2167 896 2302 962 γιῶν
2346 895 2391 949 δ’
2416 896 2753 948 ἀντεποιεῖτο
2789 894 2899 950 τῶν
2946 897 3013 967 τῇ
3062 895 3230 966 ἀρετῇ
3270 892 3740 963 χρεωστουμένων,

2166 986 2393 1049 εἰκότως
2424 985 2715 1055 ἀπέτυχεν.

500 1087 666 1142 apsus
725 1090 914 1129 omnes
972 1075 1255 1144 posteriori
1317 1076 1640 1128 strenuitate
1697 1074 2065 1140 correxisset,
2110 1092 2218 1130 non
2261 1074 2455 1129 fuisset
2505 1090 2533 1128 a
2603 1075 2711 1129 Deo
2765 1074 3062 1143 neglectus.
3134 1073 3295 1127 Dives
3336 1074 3479 1130 enim
3527 1088 3646 1127 cum
3676 1074 3743 1128 sit

486 1164 649 1231 Deus,
678 1175 733 1219 et
761 1166 884 1220 aliis
921 1168 1159 1222 abundet
1190 1167 1431 1237 pluribus
1465 1169 1702 1235 coronis,
1742 1168 1902 1222 aliter
1927 1184 2144 1240 quoque
2188 1171 2361 1238 ipsum
2431 1183 2630 1223 ornare
2698 1169 2981 1237 potuisset.
3045 1168 3284 1222 Tametsi
3342 1169 3484 1221 enim
3532 1166 3739 1221 benedi-

486 1256 716 1320 ctiones,
747 1272 880 1325 quas
933 1258 1291 1321 vendiderat,
1344 1272 1665 1325 recuperare
1700 1272 1806 1311 non
1853 1257 2140 1325 potuisset,
2171 1259 2291 1312 aliis
2342 1264 2523 1311 tamen
2556 1258 2773 1311 coronis
2835 1268 3062 1313 ornatus
3125 1258 3353 1313 fuisset:
3388 1274 3452 1312 ac
3520 1259 3740 1327 primum

491 1349 707 1416 quidem
751 1349 863 1411 illa,
892 1348 1035 1417 quod
1067 1350 1354 1418 propitium
1387 1348 1667 1405 habuisset
1701 1351 1888 1404 Deum.

493 1543 577 1585 IIIS
612 1540 715 1585 εει.

849 1638 1064 1694 XXVII.
1097 1668 1166 1680 ——
1195 1635 1712 1693 OLYMPIODORO.

494 1752 703 1823 Cnet-os
746 1769 838 1820 per
880 1769 943 1806 ea
993 1752 1107 1818 ipsa
1152 1762 1483 1823 argumenta,
1528 1768 1622 1819 per
1666 1768 1786 1818 qum
1831 1752 2075 1805 videnlur

1967 1348 2103 1416 Quia
2183 1366 2316 1405 vero
2364 1350 2582 1404 virtutis
2635 1349 2783 1403 nulla
2835 1350 3156 1420 tangebatur
3203 1365 3357 1413 cura,
3398 1350 3490 1404 sed
3544 1360 3741 1407 tantum

492 1440 898 1496 benedictiones
925 1441 1026 1495 sibi
1062 1441 1396 1503 vindicabat,
1441 1456 1558 1510 qu:e
1601 1452 1780 1493 tamen
1823 1457 1933 1495 non
1970 1443 2071 1496 nisi
2138 1442 2329 1496 virtuti
2381 1441 2681 1506 debentur,

2763 1442 2959 1497 merito
3017 1441 3131 1496 suis
3178 1439 3464 1495 desideriis
3522 1440 3740 1494 frustra-

2566 1641 2692 1694 KZ'.
2731 1671 2802 1679 —
2840 1640 3351 1713 ΟΔΥΜΠΙΟΔΩΡῼ.

2179 1752 2304 1807 Ὅτι
2371 1754 2688 1819 Ἕλληνες,
2737 1752 2811 1806 δι’
2837 1747 2925 1807 ὧν
2964 1754 3036 1808 τὰ
3085 1753 3461 1821 Χριστιανῶν
3504 1754 3747 1809 δοκοῦσι

564 1822 883 1891 Clarisliapw
916 1823 1183 1890 religionis
1220 1822 1468 1890 dogmata
1499 1831 1807 1887 extenuare,
1844 1830 2075 1875 suasmet

2252 1824 2628 1891 σμικρύνειν,
2677 1822 2776 1878 διὰ
2819 1825 3048 1878 τούτων
3093 1822 3166 1877 τὰ
3213 1824 3448 1878 ἑαυτῶν
3494 1825 3732 1892 ἀνατρέ-

562 1910 642 1945 res
669 1903 919 1946 evertere.

566 2027 731 2079 Miror
756 2027 1030 2096 equidem,
1061 2027 1149 2095 qui
1187 2027 1301 2093 fiat,
1326 2026 1470 2095 quod
1519 2040 1623 2078 non
1670 2028 1845 2080 solum
1893 2025 1950 2087 ii,
1982 2024 2075 2093 qui

498 2119 637 2171 inter
662 2117 879 2172 Grmcos
906 2118 1067 2171 rudes
1097 2126 1225 2171 sunt
1247 2127 1411 2187 atque
1431 2127 1684 2185 expertes
1712 2116 2066 2182 eruditionis,

501 2225 689 2262 verum
730 2210 891 2263 etiam
930 2209 1006 2263 illi
1042 2211 1131 2280 qui
1160 2210 1482 2279 sapientiam
1514 2210 1858 2278 profitentur,
1886 2219 1943 2264 et
1981 2224 2074 2262 or-

500 2313 624 2356 nate
650 2303 859 2356 dicendi
900 2302 1091 2372 peritia
1128 2319 1186 2358 se
1208 2303 1442 2369 jactant,
1471 2311 1524 2356 et
1552 2302 1851 2356 dialecticae
1882 2301 2074 2369 cogni-

499 2393 645 2446 tione
683 2393 1003 2462 gloriantur,
1043 2404 1099 2447 et
1139 2393 1465 2464 syllogismis
1492 2394 1820 2454 innituntur,
1852 2403 1909 2447 et
1952 2406 2076 2446 cum

502 2498 562 2537 ea
597 2498 721 2557 quae
767 2484 1272 2539 ratiocinationibus
1321 2485 1682 2539 adversantur
1715 2483 1959 2547 videant,
2002 2498 2083 2536 rc-

502 2588 619 2626 rum
658 2583 835 2627 tamen
878 2574 1284 2643 repugnantiam
1316 2590 1419 2628 non
1461 2574 1941 2641 animadvertunt;
1989 2573 2079 2643 qui

502 2664 616 2728 iiat,
653 2663 896 2731 inquam,
940 2667 1081 2730 quod
1122 2665 1174 2719 hi
1221 2681 1327 2718 non
1370 2665 1632 2727 sentiant,
1668 2679 1748 2728 se,
1776 2664 1903 2718 dum
1935 2665 2080 2717 divi-

501 2771 629 2807 num
672 2755 998 2822 praeconium
1031 2754 1308 2824 Evangelii
1349 2764 1682 2826 oppugnant,
1721 2771 1787 2810 eo
1822 2756 1938 2823 ipso
1970 2771 2081 2809 ma-

501 2845 584 2913 gis
635 2847 955 2914 semetipsos
986 2845 1332 2915 pudefacere.
1375 2846 1542 2901 Affert
1593 2847 1741 2900 enim
1781 2846 1935 2901 victis
1979 2846 2077 2899 ali.

500 2936 627 3003 quid
667 2937 981 2992 ambitionis
1027 2947 1083 2991 et
1125 2938 1373 3001 honoris,
1416 2952 1603 2993 eorum
1652 2954 1681 2992 a
1729 2939 1926 3009 quibus
1955 2937 2083 2991 victi

503 3035 626 3081 sunt
646 3028 986 3085 excellentia.
1014 3029 1082 3081 At
1105 3030 1205 3097 ipsi
1237 3030 1385 3082 aiunt
1410 3039 1681 3083 mortuum
1713 3046 1835 3084 esse
1874 3028 2081 3093 Jesnm,

507 3128 564 3171 nt
626 3119 813 3190 ingens
859 3121 1083 3174 deorum
1134 3122 1420 3189 gentilium
1487 3120 1771 3175 multiludo
1820 3121 1923 3176 hoc
1968 3121 2085 3189 ipso

2252 1909 2415 1947 πουσ
2420 1911 2495 1947 ιν.

2252 2022 2551 2090 Θαυμάζω,
2598 2021 2747 2084 ὅπως
2774 2021 2837 2074 ού
2885 2020 3046 2091 μόνον
3078 2022 3129 2074 οἱ
3158 2020 3499 2084 παιδεύσεως
3546 2022 3752 2094 ἄμοιροι

2181 2113 2289 2167 τῶν
2328 2113 2623 2184 Ἑλλήνων,
2669 2112 2805 2166 ἀλλά
2844 2113 2941 2165 καὶ
2972 2113 3022 2165 οἱ
3058 2113 3253 2181 σοφίαν
3277 2112 3751 2183 ἐπαγγελλόμενοι,

2181 2204 2275 2258 καὶ
2297 2206 2344 2256 οἱ
2378 2205 2471 2257 ἐπὶ
2504 2203 2811 2274 εύγλωττίᾳ
2844 2203 3297 2274 ἐναϐρυνόμενοι,
3334 2205 3430 2256 ἐπὶ
3455 2203 3752 2275 διαλεκτικῇ

2181 2312 2241 2346 τε
2286 2294 2597 2363 αὐχοῦντες,
2641 2294 2737 2346 καὶ
2781 2292 3165 2363 συλλογισμοῖς
3204 2293 3635 2363 ἐπερειδόμενοι,
3668 2296 3753 2347 καὶ

2181 2386 2281 2449 τὰς
2317 2386 2417 2455 μὲν
2444 2385 2793 2449 ἐναντιώσεις
2818 2385 2927 2437 τῶν
2962 2384 3243 2455 λογισμῶν
3284 2385 3547 2455 ὁρῶντες,
3582 2386 3677 2448 τὰς
3702 2386 3754 2439 δὲ

2183 2480 2290 2533 τῶν
2322 2480 2664 2553 πραγμάτων
2685 2479 2761 2550 μὴ
2787 2479 3153 2551 καθορῶντες,
3175 2480 3277 2533 οῦκ
3298 2480 3667 2545 αἰσθάνονται,
3692 2481 3755 2533 δι’

2183 2564 2258 2623 ὧν
2290 2570 2349 2623 τὸ
2387 2572 2652 2641 κήρυγμα
2684 2570 2743 2623 τὸ
2778 2570 2919 2623 θεῖον
2949 2570 3401 2635 κατατοξεύουσι,
3448 2571 3539 2625 διὰ
3566 2571 3758 2625 τούτων

2188 2662 2388 2732 μᾶλλον
2416 2663 2643 2724 ἑαυτοὺς
2674 2661 3151 2731 καταισχύνοντες.
3174 2663 3335 2735 Φέρει
3368 2664 3482 2735 γάρ
3505 2680 3625 2716 τινα
3649 2665 3751 2732 (Ii)

2187 2755 2501 2824 φιλοτιμίαν
2524 2756 2638 2816 τοῖς
2665 2754 3118 2824 κεκρατημένοις,
3211 2754 3320 2807 τῶν
3348 2754 3757 2824 κεκρατηκότων

2186 2846 2451 2916 ὑπεροχή.
2481 2845 2650 2897 Αὐτοὶ
2682 2843 2739 2896 δὲ
2770 2845 3042 2914 φάσκουσι
3073 2842 3266 2914 νεκρὸν
3300 2843 3391 2896 τὸν
3436 2843 3657 2913 Ἰησοῦν,
3682 2846 3759 2896 ἵνα

2188 2936 2386 3010 νεκροῦ
2435 2936 2727 3008 ἀποφανθῇ
2783 2936 2892 2989 τῶν
2945 2935 3076 3008 παρ’
3116 2935 3302 2997 αὐτοῖς
3353 2935 3497 2988 θεῶν
3540 2936 3568 2987 ὀ
3603 2935 3757 3005 δῆμος

2188 3030 2603 3100 ἀδρανέστερος.
2650 3027 2995 3099 Κωμῳδοῦσι
3026 3028 3118 3082 τὸν
3149 3027 3406 3098 σταυρὸν,
3444 3028 3535 3080 ἵνα
3582 3045 3759 3097 κωμῳ-

2188 3121 2391 3191 δηθῶσι
2421 3122 2801 3192 σφοδρότερον,
2830 3120 3042 3189 ἀτίμως
3077 3119 3491 3191 πεπορθημένοι
3520 3118 3615 3172 καὶ
3636 3135 3760 3172 νενι-

501 3210 810 3264 declaretur
832 3211 994 3265 etiam
1021 3224 1235 3265 mortuo
1263 3211 1605 3266 imbecillior.
1633 3210 1870 3265 Illudunt
1899 3210 2079 3274 cruci,

2196 3213 2420 3284 κημένοι
2482 3212 2723 3283 σταυρῷ.
2788 3211 3109 3264 Σκώπτουσι
3151 3211 3251 3282 τὴν
3301 3211 3415 3265 τῶν
3468 3211 3762 3264 ἀποστόλων

506 3310 563 3353 ιιι
592 3301 690 3369 ipsi
721 3302 896 3370 magis
923 3302 1087 3355 etiam
1124 3303 1481 3356 traducantur
1505 3313 1559 3357 et
1585 3303 1819 3358 ludibrio
1844 3303 2082 3358 habean-

508 3403 613 3456 tur,
650 3393 848 3462 quippe
886 3393 977 3463 qui
1016 3394 1357 3463 ignominose
1406 3410 1434 3447 a
1478 3409 1638 3449 cruce
1676 3396 1965 3465 expugnati
2011 3394 2087 3449 vi-

505 3485 687 3550 ctique
739 3485 866 3537 sint.
900 3484 1068 3557 428
1113 3486 1456 3555 Exprobrant
1513 3486 1669 3540 nobis
1719 3486 2084 3556 apostolorum

508 3575 825 3639 ruditatem,
859 3586 918 3628 ut
964 3586 1112 3629 tanto
1142 3577 1486 3647 conspectius
1516 3577 1587 3630 sit
1629 3578 1909 3644 probrum,
1946 3577 2087 3646 quod

510 3663 883 3719 celeberrimis
940 3666 1181 3734 ipsorum
1240 3668 1579 3736 sapientibus
1624 3669 1934 3738 ingeritur,
1997 3668 2088 3736 qui

511 3755 844 3823 plebeiorum
881 3758 1159 3812 hominum
1191 3758 1451 3813 doctrina:
1475 3774 1665 3814 manus
1688 3758 1956 3814 dederint.
1983 3758 2088 3813 Ye-

514 3849 810 3901 nerandum
849 3849 1049 3904 Christi
1076 3849 1384 3919 sepulcrum
1419 3851 1703 3906 cachinnis
1725 3851 2091 3920 petulantibus

513 3940 811 4008 excipiunt,
856 3952 914 3995 ut
946 3957 1011 3996 eo
1044 3942 1216 4011 magis
1246 3943 1356 3996 risu
1391 3943 1550 4009 digna
1590 3943 1721 3995 ﬁant
1757 3943 1994 4012 ipsorum
2033 3941 2093 3994 il-

517 4031 703 4084 lustria
739 4032 955 4100 templa,
988 4035 1185 4103 quippe
1212 4049 1333 4103 qua:
1377 4034 1557 4088 deriso
1582 4034 1647 4087 ab
1674 4028 1810 4102 ipsis'
1830 4034 2092 4088 cesserint

2191 3304 2468 3375 ἀμαθίαν,
2518 3303 2603 3356 ἵνα
2659 3303 3041 3374 λαμπρότερον
3088 3303 3136 3354 οἱ
3192 3300 3586 3372 θρυλλούμενοι
3644 3297 3760 3362 παρ’

2194 3394 2378 3449 αὐτῶν
2402 3393 2798 3466 στηλιτευθῶσι
2830 3393 3008 3462 σοφοὶ,
3039 3391 3262 3445 ἰδιωτῶν
3288 3392 3508 3462 ἀνδρῶν
3527 3391 3764 3445 διδασκα-

2195 3486 2287 3559 λίᾳ
2330 3486 2674 3557 ἡττηθέντες.
2729 3484 2833 3557 Τὸν
2867 3484 2962 3537 τοῦ
3010 3483 3251 3554 Χριστοῦ
3301 3481 3761 3554 προσκυνούμενον

2196 3581 2518 3650 χλευάζουσι
2548 3578 2738 3646 τάφον,
2765 3576 2833 3629 ἵν’
2857 3577 2908 3629 οἱ
2934 3579 3065 3648 παρ’
3081 3576 3266 3639 αὐτοῖς
3296 3578 3624 3646 περιφανεῖς
3639 3573 3760 3634 ναοὶ,

2198 3665 2415 3735 γέλωτα
2451 3663 2713 3732 ὀφλείωσι
2745 3661 2857 3733 (12)
2916 3661 3162 3731 μείζονα,
3194 3659 3583 3731 χλευαζομὲνῳ
3608 3673 3762 3726 παρα-

2197 3758 2554 3828 χωρήσαντες
2581 3754 2759 3824 τάφῳ.
2790 3751 3501 3823 Παντὸςὲπιλαμῦἀνονται
3532 3750 3607 3814 ὡς
3630 3749 3763 3801 εὖτε-

2199 3846 2326 3910 λοῦς
2345 3846 2439 3899 τοῦ
2471 3844 2850 3917 κηρύγματος,
2879 3845 2969 3898 ἵνα
2998 3844 3069 3897 τὰ
3110 3843 3247 3914 παρ’
3288 3843 3478 3907 αὐτοῖς
3512 3838 3763 3911 περιφανῆ

2201 3936 2365 3990 πλέον
2392 3936 2531 4006 ὀφθῇ
2558 3933 3091 4005 καταγελαστότερα,
3123 3936 3189 4006 τῇ
3230 3933 3341 3987 τῶν
3368 3931 3610 3986 εὐτελῶν
3649 3930 3763 3983 ὑπο-

2202 4029 2448 4098 κύψαντα
2477 4026 2659 4095 φύσει.

517 4124 786 4190 sepnlcro.
820 4123 1017 4191 Atque,
1049 4133 1106 4177 ut
1136 4124 1324 4192 paucis
1365 4124 1661 4189 absolvam,
1734 4133 1905 4178 totum
1949 4122 2356 4193 reprehendunt
2400 4119 2733 4189 praeconium
2802 4115 3103 4185 Evangelii,
3160 4124 3217 4170 ut
3248 4131 3362 4171 rem
3393 4116 3560 4169 vilem
3625 4122 3767 4181 atque

519 4216 804 4281 abiectam,
842 4226 901 4269 ut
949 4216 1210 4287 quidquid
1243 4218 1385 4288 apud
1428 4218 1578 4287 ipsos
1622 4228 1707 4272 est
1745 4218 1976 4283 illustre,
2030 4218 2081 4272 id
2121 4230 2280 4271 omne
2326 4213 2497 4283 magis
2545 4212 2792 4266 videatur
2840 4208 3219 4272 deridendum,
3296 4209 3559 4278 quoniam
3606 4218 3769 4259 rerum

519 4309 704 4361 vilium
745 4309 825 4376 (ut
860 4308 959 4377 ipsi
997 4309 1169 4377 aiunt)
1206 4319 1414 4364 natura:
1447 4308 1818 4367 succubuerit.

699 4420 937 4475 XXVIII.
968 4451 1037 4461 —
1069 4418 1476 4477 AESCULAPIO
1517 4419 1899 4475 SOPHISTrE.

1119 4530 1192 4583 De
1226 4530 1406 4584 eadem
1437 4546 1508 4582 re.
2136 4512 2181 4566 Ῐ)

2524 4414 2662 4468 κη’.
2695 4441 2765 4453 --
2797 4410 3160 4479 ΑΣΚΛΗΠΙῼ
3192 4409 3513 4479 ΣΟΦΙΣΤῌ.

2740 4524 2878 4590 Περὶ
2909 4521 3016 4575 τοῦ
3047 4520 3256 4574 αὐτοῦ.

2281 4648 2652 4715 Λάνθάνουσιν
2713 4657 2983 4729 Ἑλλήνων
3030 4655 3240 4718 παῖδες,
3284 4654 3353 4706 δι’
3394 4646 3472 4709 ὧν
3525 4651 3772 4719 λέγουσιν,

2211 4751 2439 4814 ἑαυτοὺς
2469 4749 2888 4819 ἀνατρέποντες.
2934 4746 3358 4811 Ἐξευτελίζουσι
3384 4746 3496 4815 γὰρ
3526 4744 3623 4812 τὴν
3644 4740 3775 4793 θείαν

2212 4843 2251 4894 Γ
2256 4842 2455 4913 ραφὴν,
2487 4842 2561 4905 ὡς
2588 4840 3011 4912 βαρϐαρόφωνον
3049 4839 3187 4907 (IS),
3220 4837 3318 4891 καὶ
3347 4832 3769 4906 ὀνοματοποιίας

595 4664 755 4733 Fugit
786 4665 926 4717 ratio
974 4662 1211 4723 Graecos.
1246 4664 1334 4732 qui
1387 4677 1490 4716 non
1542 4663 2003 4724 animadvertunt,
2047 4675 2105 4715 se

523 4768 619 4821 per
655 4766 716 4804 ea
758 4767 874 4818 quze
913 4754 1138 4822 (contra
1187 4750 1549 4820 Christianos)
1592 4750 1865 4813 afferunt,
1907 4760 2100 4804 semet-

527 4844 673 4910 ipsos
721 4854 984 4896 evertere.
1040 4841 1177 4896 Nam
1233 4857 1332 4911 pro
1390 4840 1557 4895 nihilo
1608 4840 1907 4897 habendam
1956 4843 2107 4895 aiunt

1633 5018 1870 5075 VARIIE
1902 5018 2289 5075 LECTIONES
2329 5018 2417 5074 ET
2460 5016 2690 5073 ΝΟΤᾸΞ.

2203 5178 2351 5231 nitus
2407 5175 2725 5240 inspiratam
2777 5182 2835 5227 et
2890 5174 3211 5237 liberarent,
3272 5173 3439 5229 multa
3499 5173 3775 5227 attulerunt

2203 5262 2321 5310 quae
2355 5262 2417 5298 cx
2454 5248 2688 5313 ipsorum
2726 5244 2876 5296 libris
2922 5254 3004 5297 est
3034 5254 3236 5309 petere.
3271 5241 3405 5298 Vide
3442 5256 3568 5297 cum
3609 5240 3775 5313 primis

2204 5311 2503 5369 Arnobium
2533 5316 2623 5367 lib.
2662 5329 2678 5366 ι
2704 5315 2952 5366 adversus
2982 5323 3177 5382 gentes.
3209 5325 3264 5367 et
3294 5311 3640 5366 Lactantinm
3667 5311 3773 5364 Fir-

2213 5388 2451 5439 mianum
2488 5386 2577 5438 lib.
2614 5400 2687 5445 vt,
2723 5400 2841 5449 cap.
2874 5384 2963 5436 9|.
2987 5381 3050 5437 et
3078 5386 3128 5435 iu
3174 5383 3417 5449 Epitoma
3447 5381 3629 5435 Dicin.
3676 5382 3772 5431 int-

2208 5457 2318 5517 tit.,
2350 5471 2470 5521 cap.
2505 5455 2558 5513 5,
2599 5456 2684 5507 ubi
2722 5469 2819 5521 pro
2845 5454 3031 5513 dubia,
3079 5452 3222 5517 quod
3271 5455 3323 5506 in
3351 5454 3607 5506 omnibus
3654 5463 3773 5521 quas

2209 5525 2315 5577 vidi
2346 5525 2673 5577 editiouibus
2702 5520 2785 5577 est
2809 5564 2824 5584 ,
2856 5523 3234 5591 proculdubio
3262 5523 3548 5592 legendum
3574 5520 3772 5579 dulcia;

2207 5610 2369 5662 quam
2403 5596 2770 5658 conjecturam
2801 5608 2972 5645 meam
3008 5592 3164 5647 facile
3186 5593 3455 5659 probabit,
3488 5593 3577 5659 qui
3618 5601 3770 5662 totum

2210 5656 2382 5717 locum
2417 5656 2723 5717 accuratius
2754 5664 3075 5732 inspexerit.
3117 5674 3167 5714 et
3186 5656 3519 5716 'contulerit'
3545 5676 3664 5716 cum
3695 5656 3767 5732 alo

2208 5742 2322 5789 tero
2355 5735 2442 5801 qui
2477 5744 2558 5786 est
2588 5735 2677 5787 Iib'.
2709 5748 2761 5786 Vt
2817 5726 2866 5787 ς’.
2893 5733 2981 5785 (21.
3017 5732 3216 5791 Confer
3241 5734 3428 5790 Isidor.
3458 5747 3561 5801 ep1
3589 5732 3623 5784 4
3645 5738 3697 5784 et
3719 5726 3753 5779 5

2207 5805 2301 5858 lib.
2333 5820 2394 5861 ιι.
2424 5804 2588 5859 But.

602 5182 713 5251 (li)
751 5178 1028 5233 Sententia
1061 5176 1457 5251 pulcherrima,
1489 5192 1563 5251 ex‘
1588 5193 1693 5251 qua
1728 5177 1858 5251 illud
1905 5192 2092 5231 mana-

530 5248 667 5304 vit'a
704 5264 915 5305 summo
947 5260 1099 5315 poeta
1137 5248 1340 5299 dictum
1367 5263 1462 5316 pro
1490 5248 1683 5302 solatio
1717 5249 1843 5302 victi
1875 5262 1890 5300 :

707 5319 897 5372 jEuem
926 5319 1106 5387 magni
1128 5319 1327 5387 dextrq_
1342 5318 1511 5372 cadis.
1889 5336 1900 5347 '

603 5390 714 5457 (l2)
739 5390 841 5442 Pro
861 5385 1115 5457 ὀφλειωσι
1139 5390 1261 5440 cod.
1288 5385 1407 5458 Vat.
1428 5386 1863 5458 Ιεξζὶιόφλήσωσι.
1892 5387 2098 5440 Possm.

607 5455 720 5527 (15)
780 5455 914 5524 Tino
948 5460 1114 5513 θείαν
1166 5460 1216 5528 Γ
1211 5455 1438 5528 ραφρὴν,
1484 5459 1564 5523 ὡς
1606 5455 2097 5528 βαρϐαρόφωνον.

534 5532 732 5586 Confer
763 5532 922 5597 epist.
977 5531 1069 5591 67,
1117 5527 1176 5583 91
1217 5538 1272 5579 et
1328 5527 1449 5581 MO.
1496 5527 1949 5598 Vulgatissimum
1968 5528 2097 5579 olim

534 5602 873 5663 convicium,
905 5602 1047 5670 quod
1099 5599 1267 5670 sacris
1319 5606 1372 5650 et
1426 5596 1622 5670 divinis
1654 5598 1876 5653 Litteris
1924 5596 2094 5670 facie-

539 5674 668 5724 bant
722 5666 938 5740 pagani'
974 5679 1029 5724 et
1086 5668 1361 5726 infideles.
1434 5668 1559 5721 illud
1620 5680 1767 5740 erat,
1825 5666 2101 5740 barbaris-

538 5742 646 5799 inis
699 5738 762 5794 ac
799 5738 1146 5799 isolmcismis
1206 5753 1298 5790 cas
1351 5749 1580 5790 seatcre.
1638 5739 1718 5790 Ab
1774 5740 1876 5792 hoc
1940 5738 2103 5803 igitur

544 5810 770 5864 crimine
795 5822 999 5864 veteres
1031 5809 1282 5864 Ecclesia:
1314 5808 1567 5861 doctores
1611 5807 1943 5869 Scripturam
1970 5807 2099 5860 divi,-
