3886 6420
453 292 589 363 1087

1635 303 1696 364 S.
1740 305 2036 389 ISIDDRI
2075 308 2511 370 PELUSIOT/E

3582 303 3705 370 1088

452 410 684 480 turpiter
702 409 972 476 vixerunt,
1000 416 1055 465 et
1108 408 1522 466 miserabiliter'
1552 411 1719 467 vitam
1767 414 2036 469 finierunt.

2149 418 2247 488 μὲν
2274 420 2556 490 ζήσαντες,
2594 390 2841 480 ἐλεεινῶς
2870 415 2927 470 δέ
2956 413 3047 468 τὸν
3081 414 3194 484 βίον
3221 412 3706 484 καταστρέψαντες.

454 500 545 555 Ille
575 499 719 555 enim
762 499 965 553 sororis
1013 513 1124 554 suae
1175 500 1363 552 eodem
1410 509 1565 569 patre
1610 503 1805 572 genitae
1854 519 2040 559 amore

451 601 663 661 captus,
702 606 822 644 cum
858 581 1506 661 prohiberetur'pudore,
1542 595 1831 662 quominus
1873 604 2033 649 natu-

456 697 569 734 ram
602 681 737 735 adeo
768 681 868 734 sibi
907 691 1191 748 cognatam
1227 682 1527 749 copularet,
1555 682 1803 738 affectum
1835 687 2039 741 amoris

453 787 574 825 cum
602 772 833 840 quodam
863 785 1047 825 eorum
1076 788 1211 840 quos
1258 773 1358 827 sibi
1388 773 1594 829 amicos
1620 790 1741 830 esse
1761 777 2040 833 existima-

456 863 565 925 liat,
600 862 1041 916 communicavit.
1078 863 1149 915 At
1186 864 1229 917 is
1266 865 1411 919 hunc
1469 864 1716 920 affectum
1749 883 1853 922 non
1880 871 2039 924 modo

455 968 560 1006 non
591 953 866 1018 exstinxit,
901 967 1075 1020 neque
1101 955 1274 1022 ipsum
1307 972 1333 1008 a
1372 955 1579 1025 flagitio
1607 961 1823 1025 avertit,
1857 976 2036 1031 neque

453 1044 759 1097 deterrendi
785 1059 945 1097 causa
986 1045 1117 1099 dixit
1156 1063 1169 1099 :
1203 1046 1321 1100 Noli
1372 1064 1504 1101 nova
1551 1049 1603 1102 in
1648 1050 1815 1105 vitam
1852 1052 2041 1106 huma-

456 1149 579 1188 nam
621 1134 915 1203 importare
969 1138 1354 1205 tragaadiarum
1408 1152 1774 1209 argumenta;
1840 1157 2034 1197 verum

452 1225 616 1279 etiam
676 1226 817 1279 viam
882 1242 947 1282 ac
999 1228 1266 1281 rationem
1335 1229 1435 1298 ipsi
1513 1232 1873 1301 excogitavit,
1929 1248 2037 1303 quo

455 1327 614 1384 pacto
645 1330 962 1389 conceptum
1003 1322 1185 1376 animo
1216 1322 1365 1378 nefas
1394 1335 1749 1392 perpetraret.
1783 1327 1916 1381 Cum
1942 1328 2041 1397 igi-

456 1421 545 1464 tur
578 1410 631 1465 id
668 1410 857 1466 fuisset
888 1412 1001 1482 jam
1027 1424 1340 1481 exsecutus,
1382 1416 1704 1485 supplicium
1739 1418 2041 1473 luitextre-

457 1518 626 1567 mum,
647 1503 860 1558 violatae
892 1506 1096 1559 sororis
1126 1505 1295 1561 fratre
1322 1508 1509 1562 eadem
1543 1518 1715 1563 matre
1739 1518 1866 1563 nato
1897 1509 2042 1576 inju-

457 1592 550 1646 ria:
578 1593 734 1663 hujus
778 1606 1051 1650 auctorem
1083 1609 1179 1664 per
1227 1596 1458 1651 famulos
1485 1613 1613 1651 nece
1644 1598 1826 1653 oblata
1852 1614 2039 1669 perse-

455 1695 674 1750 quente.
713 1685 805 1740 Sic
822 1694 952 1756 ergo
977 1687 1212 1754 turpiter
1243 1688 1401 1742 simul
1447 1704 1510 1742 ac
1548 1690 1931 1745 miserabiliter
1958 1691 2039 1743 vi-

2155 507 2214 561 ’0
2254 510 2353 579 μὲν
2385 510 2496 579 γὰρ
2527 509 2625 579 τῆς
2663 507 2999 578 ὁμοπατρίου
3034 505 3271 574 ἀδελφῆς
3303 506 3574 574 ἐρασθεὶς,
3622 512 3707 563 καὶ

2141 600 2527 672 αἰσχυνόμενος
2574 599 2674 670 τὴν
2731 598 2892 669 φύσιν
2946 599 3069 652 καθ’
3121 598 3322 667 ἑαυτὴν
3355 598 3706 671 ἐπιφυομένην

2143 690 2398 759 συνάψαι,
2441 687 2767 743 ἐκοινώσατο
2820 688 2882 740 τὸ
2924 686 3094 749 πάθος
3131 687 3237 739 τινὶ⁸
3288 685 3399 738 τῶν
3425 685 3705 742 δοκούντων

2141 781 2340 851 φίλων·
2392 782 2421 834 ὁ
2476 780 2533 833 δὲ
2562 780 2624 832 ού
2679 779 2841 850 μόνον
2892 778 2993 831 οὐκ
3043 777 3233 829 ἔσϐεσε
3277 777 3340 829 τὸ
3372 777 3554 840 πάθος,
3592 779 3702 831 οῦδέ

2142 870 2526 941 ἀπεστρέψατο
2579 868 2673 923 τοῦ
2737 870 2937 937 ἄγους·
2989 853 3111 922 οῦδὲ
3201 863 3362 920 εἴπεο
3420 867 3510 939 Μὴ
3561 870 3705 923 καινὰ

2141 961 2458 1033 εἰσενέγκῃς
2488 962 2568 1023 εἰς
2593 960 2684 1013 τὸν
2731 961 2847 1032 βίον
2875 960 3160 1031 δράματαο
3190 957 3330 1011 ἀλλὰ
3379 960 3472 1011 καὶ
3502 960 3703 1029 μέθοδον

2142 1049 2292 1119 αὐτῷ
2324 1048 2575 1119 ἐφεῦρεν,
2606 1049 2754 1112 ὅπως
2776 1048 2992 1121 δράσειε
3016 1048 3076 1100 τὸ
3102 1048 3255 1116 ἄγος.
3287 1047 3502 1118 Δράσας
3521 1050 3699 1111 τοίνυν,

2142 1140 2300 1211 δίκην
2359 1140 2560 1193 δέδωκε
2617 1139 2716 1211 τὴν
2768 1138 3024 1210 ἐσχάτην,
3080 1139 3174 1192 τοῦ
3229 1140 3566 1211 ὁμομητρίου
3613 1142 3704 1213 τῆς

2143 1232 2495 1307 ὑϐρισθείσης
2534 1231 2771 1300 ἀδελφῆς
2793 1230 2879 1285 διὰ
2920 1231 3029 1284 τῶν
3060 1231 3290 1284 οἰκετῶν
3320 1233 3502 1303 σςραγῇ
3533 1233 3703 1303 μετελη-

2144 1323 2326 1385 θόντος
2346 1322 2437 1375 τὸν
2462 1321 2743 1393 ὑϐριστήν.
2771 1320 2929 1373 Οὕτω
2954 1321 3054 1390 μὲν
3075 1316 3168 1374 οὖν
3191 1321 3431 1392 αἰσχρῶς
3452 1322 3545 1375 καὶ
3564 1322 3706 1375 ἐλεει-

2140 1414 2248 1477 νῶς
2290 1416 2319 1468 ὁ
2363 1415 2576 1483 ’Ᾱμνῶν
2617 1413 2709 1467 τὸν
2761 1413 2874 1484 βίον
2921 1413 3310 1484 κατέστρεψεν.
3358 1412 3417 1465 '0
3452 1413 3506 1467 δέ
3533 1414 3703 1467 τοῦτον

2141 1504 2299 1568 δίκας
2335 1504 2666 1574 ἀπαιτήσας,
2701 1504 2812 1556 εἴτε
2851 1503 3164 1576 τυραννίδος
3198 1505 3341 1575 ἐρῶν
3372 1503 3501 1573 (είτε
3529 1522 3704 1574 μνησι-

2142 1594 2328 1648 κακῶν
2361 1596 2439 1665 τῷ
2482 1594 2675 1666 πατρὶ,
2720 1595 2804 1650 ὄτι
2852 1595 2912 1647 οῦ
2969 1594 3129 1666 μόνον
3155 1595 3257 1648 οὐκ
3302 1594 3578 1665 ἐξεδίκησε
3618 1594 3706 1663 τῆς

2142 1685 2412 1756 θυγατρὸς
2440 1686 2540 1757 τὴν
2587 1685 2764 1757 ὓϐριν,
2825 1684 2963 1738 ἀλλὰ
2991 1686 3087 1738 καὶ
3118 1685 3210 1738 τὸν
3239 1685 3583 1755 ἀμυνάμενον
3610 1685 3705 1738 ἁπ-

457 1786 565 1827 tam
603 1775 739 1829 finiit
782 1778 994 1831 Amnon
1050 1778 1119 1832 ⁸⁸.
1159 1777 1311 1832 Alter
1358 1789 1561 1844 autem,
1607 1780 1697 1849 qui
1732 1794 1922 1848 pmnas
1967 1780 2035 1835 ab

2145 1776 2457 1846 εστρέφετο,
2484 1775 2579 1828 καὶ
2617 1774 3012 1848 παρακληθεὶς,
3042 1775 3165 1827 οὐδὲ
3197 1773 3375 1838 οὕτως
3411 1774 3568 1829 αὐτὸν
3605 1774 3706 1827 ἐδέ-

458 1865 558 1917 huc
632 1867 847 1934 repetiit
879 1868 1017 1936 (sive
1053 1869 1195 1937 quod
1241 1870 1581 1940 tyrannidem
1614 1871 2034 1940 concupivisset,

454 1958 569 2011 sive
619 1959 763 2027 quod
815 1959 1131 2027 injuriarum
1188 1961 1505 2015 memoriam
1540 1963 1798 2018 adversus
1824 1974 2034 2032 patrem

453 2058 807 2103 conservaret
861 2049 999 2118 apud
1058 2050 1322 2113 animum,
1352 2053 1499 2121 quod
1537 2053 1789 2106 nimirum
1828 2054 1873 2108 is
1926 2068 2035 2109 non

455 2140 624 2194 solum
654 2156 758 2194 non
783 2142 1111 2196 vindicasset
1143 2141 1265 2196 filia:
1294 2141 1493 2196 illatam
1516 2144 1920 2210 contumeliam,
1939 2145 2035 2200 sed

454 2232 616 2285 etiam
663 2230 896 2286 ultorem
953 2232 1068 2299 ejus
1128 2241 1408 2287 aversatus
1442 2249 1469 2285 a
1512 2248 1571 2287 se
1622 2236 1930 2305 repulisset,
1980 2246 2036 2293 et

354 2388 362 2397 _
453 2324 704 2392 quamvis
734 2333 952 2394 rogatus
986 2324 1331 2394 monitusque
1360 2326 1425 2379 de
1453 2325 1567 2394 ipso
1596 2326 1654 2379 in
1684 2328 1913 2396 gratiam
1946 2342 2032 2382 re-

453 2416 723 2484 cipiendo,
756 2428 934 2470 tamen
966 2432 1033 2472 ne
1050 2419 1127 2472 sic
1158 2419 1372 2487 quidem
1407 2418 1580 2486 ipsum
1611 2419 1663 2472 in
1687 2428 2033 2487 conspectum

453 2509 782 2573 admisisset,
818 2510 923 2566 nisi
970 2510 1185 2564 tandem
1233 2510 1385 2565 ducis
1420 2510 1625 2564 militiae
1675 2510 1875 2564 astutia
1935 2510 2037 2563 hoc

453 2597 776 2671 eﬂ‘ecisset),
825 2601 964 2670 patri
1015 2600 1333 2666 rebellavit,
1381 2602 1539 2670 eique
1595 2601 1689 2670 qui
1736 2599 1877 2656 male
1932 2599 2037 2670 ipsi

2142 1884 2268 1937 χετο
2296 1868 2377 1929 εἰς
2409 1866 2552 1936 ὄψιν,
2588 1868 2637 1918 εί
2671 1865 2746 1937 μὴ
2776 1864 3003 1935 ὕστερον
3030 1867 3064 1937 ἡ
3092 1864 3188 1918 τοῦ
3223 1866 3529 1937 στρατηγοῦ
3559 1866 3705 1935 copia

2138 1956 2297 2011 τοῦτο
2330 1958 2777 2025 κατεσκεύασεν),
2812 1959 3167 2011 ἐπανίσταται
3199 1956 3278 2028 τῷ
3305 1960 3494 2027 πατρὶ,
3527 1958 3709 2028 καὶτῷ

2138 2050 2328 2113 κακῶς
2366 2048 2514 2119 αὐτῷ
2572 2048 3060 2119 συμϐουλεύσαντι,
3094 2048 3189 2101 καὶ
3216 2049 3342 2111 τοὺς
3382 2048 3481 2118 τῆς
3510 2046 3703 2118 φύσεως

2140 2140 2440 2212 ἀνατρέψαι
2490 2140 2748 2210 θεσμοὺς,
2801 2140 2894 2194 καὶ
2940 2140 3071 2203 τοὺς
3116 2140 3217 2209 τῆς
3266 2138 3467 2209 μίξεως
3504 2139 3702 2210 ὑϐρίσαι

2141 2232 2362 2302 νόμους,
2395 2230 2643 2301 ἐπείσθη.
2691 2230 2958 2285 Τοσοῦτόν
3008 2233 3123 2283 ἐστι
3150 2231 3320 2284 κακὸν
3348 2232 3383 2301 ἡ
3432 2229 3536 2284 τῶν
3563 2229 3703 2283 κακί-

2142 2341 2285 2377 στων
2313 2322 2589 2377 συνουσία.
2627 2323 2768 2374 Ἀλλ’
2797 2322 2857 2378 οῦ
2897 2322 3152 2391 διέφυγεν
3181 2320 3297 2375 οὗθ’
3328 2315 3505 2385 οὗτος,
3546 2321 3659 2373 οὔτε
3680 2323 3707 2374 ὁ

2142 2413 2732 2486 παρασυμϐουλεύσας,
2765 2414 2866 2484 τὴν
2894 2412 3135 2481 ἄφυκτον
3167 2411 3361 2482 δίκην·
3389 2410 3523 2466 ἀλλὰ
3564 2410 3705 2481 δίκην

2142 2506 2354 2560 ἔδοσαν.
2383 2505 2482 2558 Ἵν⁹
2508 2499 2603 2558 οῦν
2635 2504 2802 2576 μηδὲν
2822 2502 3065 2557 τοιοῦτον
3094 2503 3234 2572 μήτε
3254 2502 3563 2572 δράσωμεν,
3586 2502 3706 2572 μήτε

2143 2599 2429 2670 πάθωμεν,
2456 2595 2751 2666 φεύγωμεν
2778 2596 2877 2667 τὴν
2903 2595 3016 2649 τῶν
3037 2595 3247 2664 ἐναγῶν
3270 2592 3510 2664 ὁμιλίαν.

451 2690 819 2757 consuluerat,
850 2706 910 2745 ιιι
937 2704 991 2745 et
1013 2699 1221 2745 natura:
1254 2689 1460 2746 foedera
1485 2701 1776 2758 everteret,
1804 2703 1859 2746 et
1916 2689 2317 2745 commistionis
2352 2689 2497 2758 leges
2563 2686 2961 2742 contumeliose
3022 2685 3279 2750 violaret,
3338 2684 3701 2750 obsequentem

451 2798 510 2836 se
552 2784 804 2852 praebuit.
840 2782 1070 2837 Tantum
1121 2784 1248 2838 mali
1306 2783 1462 2840 affert
1509 2786 2030 2855 improbissimorum
2070 2785 2348 2841 hominum
2368 2784 2706 2838 consuetudo
2731 2791 2787 2836 et
2854 2779 3220 2835 familiaritas.
3238 2777 3346 2832 Sed
3378 2789 3549 2845 neque
3602 2774 3699 2854 hic,

452 2890 626 2942 neque
651 2876 758 2940 ille,
807 2878 898 2946 qui
929 2875 1123 2931 nefarii
1161 2884 1354 2931 auctor
1416 2878 1627 2933 consilii
1697 2877 1908 2943 fuerat,
1960 2877 2198 2932 divinam
2274 2875 2827 2935 animadversionem,
2902 2885 3067 2941 quam
3111 2869 3261 2924 nulla
3314 2877 3433 2921 arte
3489 2864 3701 2935 cingere

448 2972 597 3035 licet,
624 2970 796 3024 evasit
830 2989 844 3025 :
880 2973 974 3026 sed
1018 2974 1176 3025 ambo
1217 2987 1405 3041 poenas
1445 2973 1708 3027 dederunt
1731 2974 1800 3027 ⁸⁷.
1846 2974 2031 3038 Quare
2069 2987 2136 3028 ne
2209 2972 2343 3042 quid
2404 2986 2504 3025 nos
2572 2982 2790 3039 quoque
2839 2966 3019 3022 simile
3066 2963 3154 3019 vel
3204 2970 3572 3034 perpetrernus
3623 2970 3699 3025 vel

452 3066 839 3135 perpetiantur,
883 3066 1272 3121 sceleratorum
1312 3068 1591 3123 hominum
1643 3071 2029 3125 commercium
2069 3068 2204 3122 velis
2236 3068 2505 3135 remisque
2526 3064 2818 3135 fugiamus.

755 3182 998 3238 XXXVI.
1025 3214 1093 3228 -
1136 3184 1360 3241 PETRO
1384 3186 1743 3244 MONACHO.

2514 3185 2649 3251 scr.
2685 3212 2757 3222 —
2793 3181 3019 3250 ΠΕΤΡῼ
3050 3176 3364 3247 ΜΟΝΑΧῼ.

452 3274 519 3329 In
558 3274 690 3329 illud
746 3274 908 3329 Pauli
956 3277 1174 3341 dictum,
1217 3295 1235 3348 ι
1274 3276 1334 3332 Si
1380 3279 1495 3347 ﬁeri
1553 3290 1756 3346 potest,
1805 3281 2036 3348 quodin

2146 3278 2218 3331 Τό
2237 3295 2251 3310 ο
2295 3296 2313 3329 ι
2351 3277 2420 3328 Ei
2458 3272 2724 3348 δυνατόν
2755 3272 2817 3324 τὸ
2861 3271 2932 3348 ἐξ
2963 3270 3132 3348 ὑμῶν
3168 3268 3320 3339 μετὰ
3356 3270 3588 3322 πάντων
3611 3264 3697 3321 ἁν-

517 3349 660 3401 robis
718 3357 832 3418 est,
876 3363 993 3400 cum
1064 3347 1306 3401 omnibus
1357 3351 1651 3402 hominibus
1708 3347 1886 3418 pacem
1939 3349 2038 3402 ha-

506 3419 680 3469 bentes
712 3416 781 3470 π.
821 3435 839 3467 ι

518 3531 635 3591 Est,
658 3544 690 3581 o
724 3529 806 3580 vir
840 3530 1069 3590 erudite,
1089 3540 1145 3582 et
1180 3528 1375 3583 bellum
1423 3540 1673 3585 Sanctum
1711 3548 1774 3586 ac
1808 3533 2037 3599 justum,

452 3632 508 3675 et
537 3637 637 3689 pax
677 3621 822 3675 omni
858 3622 1183 3691 implacabili
1214 3638 1388 3692 pugna
1420 3623 1709 3689 difficilior,
1741 3626 2034 3680 secundum

455 3712 583 3765 illml
614 3710 839 3780 (Psalmi
870 3712 1100 3775 dictum)
1138 3731 1152 3768 :
1207 3732 1225 3764 ι
1264 3714 1442 3768 Zelavi
1476 3730 1636 3784 super
1672 3717 1908 3787 iniquos,
1939 3733 2039 3787 pa-

457 3819 577 3857 cem
609 3815 954 3871 peccatorum
988 3806 1175 3859 videns
1201 3806 1268 3859 ’9.
1319 3826 1337 3857 ι
1372 3805 1508 3860 Nam
1547 3809 1782 3863 latrones
1821 3810 2035 3877 quidem

456 3899 598 3951 inter
622 3911 743 3951 sese
760 3898 1111 3966 paciscuntur
1150 3908 1338 3952 contra
1380 3917 1474 3955 eos
1506 3902 1595 3970 qui
1631 3901 1772 3954 nulla
1806 3916 1865 3956 re
1892 3902 2037 3968 ipsos

457 3989 716 4041 Leserunt
764 3988 959 4041 armati
1003 4007 1016 4043 :
1048 3988 1212 4060 432
1248 3992 1343 4044 sed
1380 4002 1434 4044 et
1466 3991 1572 4060 lupi
1624 4001 2036 4061 congregantur,

454 4081 664 4148 quoties
689 4082 1003 4149 sanguinem
1035 4083 1245 4144 sitiunt,
1308 4092 1364 4135 et
1406 4082 1619 4135 adulter
1640 4099 1762 4136 cum
1794 4084 2034 4137 adultera

457 4186 641 4240 pacem
680 4171 830 4236 colit,
851 4182 905 4225 et
927 4182 1193 4225 scortator
1226 4187 1346 4225 cum
1373 4189 1471 4227 suo
1497 4186 1694 4228 scorto.
1728 4172 1843 4227 Noli
1873 4175 2038 4244 igitur

455 4261 788 4324 existimare,
826 4276 1009 4329 pacem
1037 4262 1233 4331 ubique
1269 4272 1321 4317 et
1357 4280 1450 4332 per
1474 4266 1651 4317 omnia
1680 4265 1872 4319 bonam
1895 4281 2033 4321 esse.

459 4352 549 4405 Est
572 4353 715 4405 enim
746 4368 1117 4421 saepenumero
1152 4355 1341 4422 quovis
1390 4356 1529 4409 bello
1572 4356 1758 4410 durior
1787 4365 1841 4410 et
1881 4357 2033 4411 dete-

461 4445 590 4497 rior.
625 4443 756 4498 Nam
778 4461 899 4498 eum
938 4447 1061 4514 quis
1092 4462 1276 4514 pacem
1306 4447 1435 4501 colit
1467 4463 1589 4501 cum
1612 4446 1899 4516 ,σξῙιιειιιοόί
1932 4452 2031 4503 lto-

2544 3342 2793 3411 θρώπων
2825 3342 3261 3410 εἰρηνεύοντες.
3300 3358 3321 3391 ι

2215 3531 2425 3595 Ἔστιν,
2472 3521 2518 3581 ὧ
2553 3527 2704 3597 σοφὲ,
2738 3526 2835 3580 καὶ
2875 3525 3114 3596 πόλεμος
3140 3523 3366 3596 εὐαγὴς,
3411 3524 3504 3579 καὶ
3531 3524 3697 3595 εἰρήνη

2140 3623 2321 3693 πάσης
2336 3620 2603 3676 άσπόνδου
2627 3620 2806 3689 μάχης
2822 3617 3235 3688 άργαλεωτέρα,
3261 3616 3407 3671 κατὰ
3422 3617 3500 3669 τό⁶
3527 3634 3543 3667 r
3563 3615 3697 3685 Ἐζήο

2138 3715 2289 3768 λωσα
2330 3713 2424 3766 ἐπὶ
2470 3713 2582 3773 τοῖς
2637 3711 2885 3780 ἀνόμοις,
2936 3709 3163 3780 εἰρήνην
3207 3708 3551 3779 ἁμαρτωλῶν
3584 3707 3697 3761 θεω-

2142 3800 2271 3871 ρῶν.
2317 3819 2335 3851 ι
2375 3798 2587 3871 Λῃσταὶ
2636 3797 2734 3868 μὲν
2783 3796 2894 3869 γὰρ
2942 3797 3079 3867 πρὸς
3108 3795 3373 3866 ἀλλήλους
3407 3796 3700 3850 σπένδονται

2140 3892 2283 3946 κατὰ
2311 3892 2420 3945 τῶν
2468 3891 2636 3963 μηδὲν
2682 3888 3012 3944 ἀδικούντων
3062 3889 3445 3958 όπλιζόμενοι·
3482 3888 3626 3941 λύκοι
3652 3888 3702 3940 δέ

2140 3984 2624 4054 συναγελάζονται,
2678 3985 2808 4037 ὅταν
2850 3983 3098 4053 αἱμάτων
3143 3981 3379 4051 διψῶσι·
3420 3981 3513 4035 καὶ
3556 3982 3583 4033 ὁ
3618 3980 3701 4049 μὲν

2143 4079 2325 4149 μοιχὸς
2350 4076 2618 4148 εἰρηνεύει
2644 4076 2779 4147 πρὸς
2807 4075 2905 4147 τὴν
2931 4075 3334 4147 μοιχευομένην
3356 4092 3368 4106 ·
3388 4074 3417 4127 ὁ
3444 4074 3501 4128 δὲ
3530 4074 3701 4143 πόρνος

2140 4171 2274 4241 πρὸς
2303 4172 2398 4240 τὴν
2428 4169 2851 4239 πορνευομένην.
2876 4169 2968 4237 Μὴ
3000 4168 3184 4221 τοίνυν
3212 4167 3496 4238 πανταχοῦ
3514 4166 3608 4238 τὴν
3632 4165 3700 4217 sl-

2142 4266 2309 4336 ρήνην
2328 4261 2514 4334 νόμιζε
2539 4256 2677 4316 εἶναι
2701 4261 2889 4315 καλόν.
2915 4261 3074 4313 Ἔστι
3098 4258 3209 4329 γὰρ
3230 4258 3496 4322 πολλάκις
3522 4257 3700 4319 παντὸς

2138 4355 2381 4425 πολέμου
2411 4352 2788 4424 χαλεπωτέρα.
2819 4353 2989 4405 Ὅταν
3018 4351 3123 4423 γάρ
3157 4367 3243 4414 τις
3270 4351 3411 4422 πρὸς
3437 4351 3559 4414 τοὺς
3578 4349 3701 4403 κατὰ

2136 4449 2235 4516 τῆς
2270 4446 2523 4517 προνοίας
2559 4444 2926 4507 ύλακτοῦντας
2973 4442 3253 4517 εἰρηνεύῃ,
3302 4444 3399 4497 καὶ
3420 4443 3555 4513 πρὸς
3588 4441 3698 4505 τοὺς

462 4535 719 4599 minibus,
752 4535 842 4603 qui
869 4539 1127 4591 adversus
1151 4537 1559 4593 Providentiam
1587 4539 1804 4603 latrant,
1826 4551 1879 4593 et
1909 4556 2029 4595 cum

2145 4541 2254 4601 τοῖς
2275 4537 2411 4607 βίοις
2432 4538 2686 4609 ἀχρείους
2715 4536 2811 4607 τὴν
2832 4535 3019 4607 κοινὴν
3044 4535 3320 4607 λοχῶντας
3350 4536 3444 4590 καὶ
3466 4536 3697 4606 λυμαινο-

459 4625 524 4678 iis
551 4626 639 4691 qtti
667 4625 771 4678 vita
804 4626 999 4680 nullius
1030 4628 1188 4695 pretii
1223 4640 1386 4696 atque
1420 4630 1662 4699 improba
1691 4648 2031 4686 cormnunem

2145 4630 2337 4698 μένους
2359 4628 2634 4681 πολιτείαν
2672 4626 2970 4695 σπένδηται
2994 4641 3007 4653 ·
3037 4619 3193 4687 οὗτος
3224 4624 3334 4678 τῶν
3364 4624 3464 4694 τῆς,
3498 4624 3697 4695 εἰρήνης

457 4715 619 4768 vitam
658 4716 903 4784 polluunt
952 4729 1007 4771 et
1051 4728 1282 4786 vastant,
1314 4719 1489 4775 foedus
1543 4722 1669 4775 ferit
1705 4723 1831 4777 :hic
1877 4723 2035 4793 longe

2145 4723 2281 4792 ὅρων
2309 4722 2498 4792 πόρρω
2532 4737 2638 4773 που
2688 4720 2997 4788 ἐσκήνωται
3036 4717 3129 4770 καὶ
3162 4715 3405 4787 μακράν.
3467 4716 3543 4767 Δι’
3570 4714 3598 4766 ὃ
3618 4710 3698 4765 καὶ

458 4808 718 4876 longeque
750 4823 779 4860 a
804 4808 950 4877 pacis
977 4810 1222 4864 terminis
1241 4812 1521 4867 submotus
1542 4814 1704 4882 degit.
1724 4812 1852 4879 Quae
1870 4829 2032 4868 causa

2145 4802 2177 4865 δ’
2213 4813 2427 4877 Παῦλος
2456 4812 2679 4881 ἐλεγεν;
2717 4829 2735 4865 t
2779 4812 2845 4864 Εἰ
2898 4808 3124 4864 δυνατὸν
3168 4809 3232 4862 τὸ
3282 4809 3344 4874 ἐξ
3394 4806 3549 4879 ὑμῶν
3579 4804 3698 4876 μετᾶ

454 4914 669 4969 quoque
696 4910 779 4953 est
812 4916 911 4954 cur
945 4900 1144 4957 Paulus
1186 4903 1385 4957 dixerit
1426 4920 1440 4956 :
1498 4923 1517 4955 ι
1578 4904 1634 4958 Si
1668 4905 1784 4958 fieri
1834 4913 2031 4973 potest,

2145 4905 2354 4960 πάντων
2391 4905 2697 4976 ἀνθρώπων
2740 4903 3131 4975 εἰρηνεύοντες.
3174 4920 3193 4952 ι
3230 4898 3429 4969 Σαφῶς
3488 4899 3592 4970 γὰρ
3618 4896 3696 4949 πί-

454 4990 596 5059 quod
628 4990 679 5044 in
704 4992 858 5045 vobis
903 5005 1016 5054 est,
1060 5010 1181 5047 cum
1215 4996 1466 5050 omnibus
1501 4996 1807 5049 hominibus
1842 5011 2028 5064 pacem

2145 5012 2318 5061 στατο,
2348 4997 2429 5049 ὅτι
2461 4996 2609 5049 ἐστὶν
2637 4995 2775 5047 ὅπου
2813 4995 2876 5048 οὐ
2902 4992 3153 5048 δυνατόν.

457 5081 780 5136 habentes‘.
819 5100 839 5133 ι
892 5082 1066 5138 Probe
1116 5086 1263 5139 enim
1321 5096 1565 5150 noverat,
1604 5087 1871 5141 interdum
1913 5087 2028 5142 ﬁeri

456 5188 562 5227 non
596 5188 773 5243 posse.

711 5263 977 5321 XXXVII.
1009 5294 1070 5305 —-
1107 5264 1417 5321 EUTONIO
1452 5266 1767 5322 DIACONO.

710 5353 961 5421 Ejusdem
1004 5372 1120 5409 cum
1160 5357 1426 5424 superiore
1454 5358 1772 5426 argumenti.

525 5444 751 5514 Opurtet
783 5465 887 5501 non
921 5465 1046 5519 erga
1079 5465 1197 5513 eos,
1243 5451 1334 5519 qui
1370 5451 1420 5504 in
1469 5452 1695 5520 gratiam
1731 5452 1906 5506 redire
1932 5466 2030 5507 no-

458 5532 595 5600 lunt,
636 5538 1200 5608 irnplacabilemesse,
1229 5546 1324 5599 sed
1372 5544 1583 5613 potius,
1627 5554 1884 5614 quantum
1915 5546 2032 5617 qui.

2468 5275 2588 5329 AZ'.
2619 5304 2691 5313 —
2723 5272 3020 5343 ΕΥΤΟΝΙῼ
3057 5261 3385 5341 ΔΙΔΚΟΝῼ.

2792 5364 3049 5432 Ὅμοιον.

2209 5455 2331 5526 Χρὴ
2357 5456 2419 5509 οὐ
2447 5459 2557 5519 τοῖς
2589 5455 2663 5527 μὴ
2691 5453 3075 5528 σπενδομέγοις
3102 5451 3372 5507 ἄσπονδον
3396 5446 3553 5515 εἶναι,
3572 5446 3687 5503 ἀλλὰ

2143 5546 2342 5615 μᾶλλον
2384 5546 2727 5612 σπένδεσθαι,
2760 5548 2889 5615 τόγε
2917 5544 3188 5616 ἡμέτερον
3239 5544 3428 5615 μέρος,
3469 5541 3556 5596 καὶ
3588 5539 3686 5597 τοῖς

550 5694 595 5725 ⁹⁶
629 5693 669 5746 ll
695 5692 828 5764 Reg.
860 5713 959 5763 χιι,
996 5700 1019 5751 1
1055 5714 1207 5767 seqq.
1284 5700 1350 5731 ⁹⁶⁶
1389 5698 1429 5752 ll
1469 5698 1603 5771 Reg.
1631 5715 1720 5754 xrv
1750 5710 1804 5755 et
1831 5717 1919 5756 xv.
1996 5702 2036 5733 ³⁷

2145 5718 2228 5755 nn.
2259 5718 2355 5767 xu,
2390 5702 2475 5757 18.
2552 5703 2597 5735 ⁸⁸
2615 5702 2758 5759 Psai.
2792 5719 2966 5768 um,
3006 5704 3059 5759 Ξ.
3135 5700 3181 5734 ⁹⁹
3215 5701 3489 5764 Rom.xu,
3514 5697 3596 5752 18.
