3886 6420
174 344 299 412 1089

1078 341 1617 403 EPISTULARUM
1659 341 1806 401 LIB.
1848 343 1947 403 IV.
1989 369 2058 378 -
2098 344 2336 405 EI’IST.
2379 346 2499 404 XL.

3292 344 3431 414 1090

175 455 467 519 ἀσπόνδοις,
516 456 632 524 εῐγε
681 454 849 526 μηδὲν
905 456 939 524 ἡ
980 454 1235 507 εὐσέϐεια
1272 454 1733 524 παραϐλάπτοιτο.

1852 455 1972 507 dem
2002 456 2052 509 in
2087 457 2245 511 nobis
2270 466 2355 511 est
2394 458 2589 520 situm,
2620 455 2782 510 etiam
2835 472 2962 513 cum
2999 456 3431 526 implacabilibus

174 549 271 603 Καὶ
298 546 443 600 τοῦτ’
481 545 632 599 ἔστιν
658 547 933 617 ἀρα.ὅπερ
964 548 994 598 ὁ
1033 545 1320 608 θεσπέσιος
1355 545 1569 606 Παῦλος
1598 562 1740 614 παρ-

174 635 504 701 εκελεύσατο,
531 636 756 707 φράζων
778 653 791 665 ⁸
832 655 849 688 ι
885 638 947 689 Εἰ
986 636 1210 689 δυνατὸν
1233 636 1293 689 τὸ
1318 636 1376 701 ἐξ
1413 635 1570 707 ὑμῶν
1606 636 1743 705 μετά

172 730 373 782 πάντων
420 726 729 799 ἀνθρώπων
758 728 1151 799 εἰρηνεύοντες.
1196 749 1214 779 ι
1271 728 1403 782 "Acs
1434 728 1542 799 γὰρ
1579 729 1739 799 ἀκρι-

171 819 271 882 ῦῶς
317 818 682 889 ἐπιστάμενος
732 820 842 872 τῶν
886 820 1233 891 πραγμάτων
1281 820 1381 889 τὴν
1428 818 1613 889 φύσιν,
1644 819 1739 870 καὶ

170 909 334 975 εἰδὼς,
372 911 456 964 ὅτι
488 911 679 964 πολλοὶ
706 913 820 975 τοῖς
859 911 1170 981 φιλαρέτοις
1200 912 1287 964 διὰ
1327 912 1506 983 μάχης
1535 911 1623 963 ἀεὶ
1654 910 1738 962 ἑλ-

169 1001 273 1053 θεῖν
305 1002 365 1054 ού
398 1003 816 1074 παραιτοῦνται,
843 1004 969 1073 τόγε
996 999 1131 1076 ἧκον
1154 1007 1233 1069 είς
1260 1006 1405 1075 ἡμᾶς
1434 1004 1736 1075 ἀπῄτησεν,

168 1093 273 1162 εῐγε
299 1094 455 1165 ἡμῶν
484 1095 663 1150 πάντα
693 1098 1011 1159 ποιούντων,
1059 1096 1208 1150 ἄλλοι
1256 1098 1496 1166 πόλεμον
1525 1097 1737 1164 ἀκήρυ-

168 1202 306 1249 κτον,
351 1186 385 1258 ἢ
423 1190 494 1258 τῇ
546 1188 796 1258 εὐσεϐείᾳ
817 1190 1379 1260 ἀντιστρατευόμενοι,
1403 1188 1437 1256 ἦ
1472 1190 1539 1258 τῇ
1568 1188 1737 1257 ἀρετῇ

167 1282 704 1350 ἀντιπολιτευόμενοι,
737 1282 1178 1349 ὲπαγγέλλοιντο.

1851 545 2026 601 ftedus
2070 547 2271 614 facere,
2328 549 2372 603 si
2423 550 2583 603 modo
2626 548 2831 604 nullmn
2876 549 3001 604 inde
3038 550 3226 619 pietati
3265 554 3432 606 detri-

1850 650 2089 693 mentum
2127 640 2411 696 inferatur.
2464 640 2533 694 Et
2591 640 2695 694 hoc
2748 655 2879 694 sane
2909 650 2991 695 est
3025 642 3169 710 quod
3214 642 3433 697 divinus

1849 729 2046 784 Paulus
2071 732 2299 794 monuit,
2324 746 2446 785 cum
2483 733 2560 786 ait
2594 750 2607 786 :
2655 751 2673 783 ι
2719 732 2774 785 Si
2803 732 2918 786 fieri
2949 741 3145 802 potest,
3184 734 3327 802 quod
3376 734 3429 787 in

1849 822 2002 876 vobis
2024 831 2129 887 est,
2162 839 2282 877 cum
2300 825 2553 879 onmibus
2581 824 2888 878 hominibus
2910 839 3094 893 pacem
3114 824 3391 879 habentes.
3408 844 3426 875 ι

1844 911 1977 966 Nam
2014 914 2159 967 velut
2192 915 2235 970 is
2268 915 2360 985 qni
2392 916 2741 971 exactissime
2765 917 3035 985 cognitam
3066 923 3432 985 perspectam-

1842 1020 1947 1073 que
2006 1004 2229 1061 haberet
2285 1021 2467 1061 rerum
2516 1017 2765 1061 naturam
2798 1008 3204 1078 (humanarum)
3234 1016 3286 1062 et
3338 1008 3430 1076 qui

1841 1103 2051 1158 nosset,
2083 1110 2246 1164 quant
2283 1097 2434 1150 ntulti
2466 1114 2571 1153 non
2601 1098 2847 1152 dubitent
2876 1100 3185 1153 hominibus
3220 1100 3435 1153 virtutis

1840 1188 2101 1241 studiosis
2133 1191 2411 1243 adversari
2439 1205 2503 1245 ac
2526 1204 2826 1260 repugnare
2855 1192 2942 1245 :id
2974 1194 3173 1261 exegit,
3198 1192 3338 1260 quod
3364 1193 3431 1244 ad

1841 1293 1938 1331 nos
1996 1279 2229 1345 pertinet
2285 1284 2567 1349 nostrique
2623 1292 2706 1337 est
2755 1284 3020 1346 muneris,
3078 1284 3291 1337 etiamsi
3337 1283 3433 1339 alii

165 1373 295 1425 forte
333 1372 461 1425 dum
508 1388 608 1426 nos
654 1372 787 1427 nihil
821 1374 1010 1441 reliqui
1055 1373 1281 1426 facimus
1311 1373 1453 1441 quod
1506 1370 1740 1425 oﬂicium
1780 1378 2025 1421 nostrum
2082 1372 2341 1439 postulat,
2378 1373 2577 1427 bellum
2623 1376 2864 1442 iniqnuni
2942 1375 3098 1430 nobis
3165 1376 3431 1441 indicant,

168 1465 240 1521 vel
264 1467 522 1538 pietatem
554 1478 955 1537 oppugnantes,
981 1470 1063 1521 vel
1101 1468 1331 1521 alienam
1357 1477 1410 1520 et
1445 1468 1831 1520 abhorrentem
1864 1478 1894 1517 a
1925 1464 2124 1521 virtute
2154 1468 2368 1522 vivendi
2401 1470 2667 1524 rationem
2709 1479 3004 1525 sectantes.

688 1603 820 1657 AH’.
850 1632 923 1644 —
959 1605 1209 1675 ΠΕΤΡῼ.

2299 1602 2591 1663 XXXVIII.
2628 1636 2698 1647 —
2722 1606 2969 1662 PETRI).

168 1696 263 1763 Βις
312 1694 385 1749 τὸ
442 1695 861 1766 τετραμμένον
880 1713 893 1724 ·
967 1715 987 1748 ι
1024 1697 1187 1751 Μετὰ
1236 1693 1475 1765 ,ϐουλῆς
1539 1695 1733 1748 πάντα

1846 1687 1910 1742 In
1956 1690 2012 1743 id
2067 1694 2209 1759 quod
2264 1698 2517 1756 scriptum
2567 1707 2665 1758 est,
2725 1716 2743 1748 ‹
2806 1696 2998 1752 Omnia
3052 1715 3169 1752 cum
3215 1698 3434 1753 consilio

826 1767 1003 1821 ποίει.
1037 1786 1056 1819 ι

224 1876 288 1929 Oi
317 1876 419 1947 μὲν
447 1875 609 1947 θυμῷ
643 1877 806 1932 πλέον
838 1878 1331 1950 στρατηγούμενοι,
1367 1881 1449 1941 είς
1480 1877 1739 1949 χαλεπὸν,

164 1968 232 2031 ὡς
268 1968 337 2022 τὰ
385 1968 580 2030 πολλὰ,
626 1971 1065 2041 καταστρέφουσι
1094 1971 1286 2035 τέλος*
1330 1973 1380 2023 οἱ
1423 1970 1480 2023 δὲ
1530 1970 1743 2023 συνέσει

168 2059 258 2129 μὲν
292 2061 790 2131 στρατηγούμενοι,
838 2063 908 2116 τὰ
949 2062 1007 2115 δὲ
1038 2061 1267 2133 σώματα
1296 2064 1501 2133 ὄργανα
1539 2061 1743 2132 ταύτης

166 2152 476 2221 ἡγούμενοι,
526 2153 628 2205 οὐκ
673 2154 966 2225 ἀμοιροῦσι
1017 2156 1117 2225 τῆς
1164 2156 1257 2207 ἐπὶ
1289 2158 1400 2218 τοῖς
1433 2154 1743 2215 καλλίστοις

163 2242 331 2314 δόξης.
376 2247 488 2298 Καὶ
524 2246 671 2298 τοῦτ’
730 2246 899 2311 ἔστιν,
946 2248 1083 2319 ὅπερ
1105 2248 1211 2319 ἔφη
1239 2249 1268 2300 ὁ
1298 2248 1739 2319 Παροιμιαστής·

168 2336 371 2398 «Μετά
391 2337 590 2410 βουλῆς
621 2339 800 2394 πάντα
820 2340 963 2394 ποίει
988 2358 1004 2371 ·
1040 2360 1059 2393 ι
1092 2341 1155 2394 τὸ
1175 2341 1285 2411 γὰρ
1314 2341 1739 2412 ἀπερίσκεπτον,

166 2426 427 2497 σφαλερόν
1254 2454 1257 2457 λ

640 2637 762 2691 ne.
816 2666 888 2676 -
925 2635 1250 2707 ΝΕΜΕΣΙῼ.

744 2728 848 2794 Εἰς
877 2728 943 2782 τὸ
977 2728 1147 2783 αὑτό.

222 2865 346 2937 Χρὴ
369 2863 464 2917 τὸν
510 2858 833 2935 βουλόμενον
863 2861 1113 2935 καθαρὰν
1140 2862 1407 2934 εὐθυμίαν
1438 2864 1740 2937 καρπώσα-

162 2956 300 3021 σθαι,
333 2957 556 3028 πρῶτον
584 2955 911 3028 βουλόμενον
941 2956 1114 3020 οὕτως
1145 2957 1303 3027 ’ήκειν
1334 2957 1426 3010 ἐπὶ
1458 2958 1520 3010 τὸ
1563 2958 1742 3027 λέγειν

2534 1784 2629 1837 age
2655 1770 2695 1820 ¹.
2736 1787 2754 1820 ι

1920 1870 1999 1925 Illi
2050 1874 2305 1942 quidem,
2359 1876 2557 1945 quibus
2606 1876 2883 1932 iracundia
2948 1879 3123 1948 magis
3178 1880 3433 1950 imperat,

1844 1965 2163 2035 plerumque
2208 1967 2483 2022 diflicilem
2535 1970 2742 2022 exitum
2790 1971 3130 2035 sortiuntur;
3168 1973 3257 2041 qui
3306 1987 3435 2026 vero

1845 2058 2129 2126 prudentia
2171 2059 2389 2129 quidem
2417 2061 2812 2129 gubernantur,
2846 2077 3073 2131 corpora
3125 2073 3303 2117 autem
3338 2064 3435 2117 ba-

1844 2151 1973 2204 bent
2009 2166 2105 2219 pro
2141 2151 2518 2206 instrumentis
2541 2154 2859 2221 prudentiae,
2887 2154 2938 2207 hi
2972 2170 3151 2208 rerum
3184 2156 3437 2223 pulcher-

1846 2240 2105 2293 rimarum
2144 2240 2329 2310 gloria:
2378 2257 2482 2295 non
2532 2251 2659 2297 sunt
2688 2256 2960 2312 experles.
3006 2246 3185 2315 Atque
3210 2247 3312 2301 hoc
3345 2256 3429 2300 est

1844 2330 1988 2401 quod
2023 2332 2161 2384 dixit
2208 2331 2626 2387 Proverbiorum
2660 2336 2933 2403 scriptor:
2984 2355 3003 2388 ι
3032 2336 3165 2391 Cum
3206 2338 3437 2393 consilio

1842 2423 1954 2491 agit
1977 2422 2180 2476 omnia.
2219 2441 2238 2473 ι
2279 2421 2412 2477 Nam
2446 2424 2823 2493 imprudenter
2860 2442 3023 2497 agere
3050 2438 3213 2500 atque
3261 2430 3432 2484 incir—

1842 2525 2175 2583 cutnspecte,
2215 2516 2576 2582 periculosum
2612 2527 2720 2571 est.

2284 2629 2530 2684 XXXIX.
2559 2664 2631 2673 —
2654 2631 2983 2689 NEMESIO.

2436 2724 2639 2779 Eadem
2673 2728 2739 2781 de
2765 2744 2843 2780 re.

1911 2857 2139 2931 Oportet
2187 2877 2309 2917 eum
2353 2862 2442 2931 qui
2492 2854 2623 2931 pura
2683 2861 2849 2915 animi
2884 2860 3251 2931 defrccataque
3283 2869 3436 2917 tran-

1843 2955 2116 3023 quillitate
2165 2954 2269 3009 frui
2324 2953 2477 3019 velit,
2515 2956 2745 3023 primum
2784 2953 2965 3008 habita
3018 2953 3435 3021 deliberatione,

160 3064 213 3098 τε
237 3048 333 3101 καὶ
355 3047 639 3118 πράττειν.
677 3045 898 3117 Ἐπειδὴ
923 3046 1031 3117 γὰρ
1052 3048 1149 3117 οὐχ
1171 3043 1285 3101 οἷόν
1308 3064 1367 3099 τε
1394 3049 1462 3103 τά
1482 3047 1733 3119 λεχθέντα

1845 3049 1923 3103 sic
1946 3049 2139 3104 deinde
2166 3048 2434 3119 proficisci
2460 3050 2527 3102 ad
2573 3047 2861 3102 dicendum
2884 3054 2940 3101 et
2971 3047 3265 3116 agendum.
3294 3044 3433 3100 Nam

164 3139 193 3209 ῆ
227 3117 549 3211 πραχθέντα
571 3138 1011 3195 ἀνακαλέσασθαι
1039 3140 1257 3211 ῥᾳδίως,
1286 3140 1391 3210 χρὴ
1423 3117 1733 3213 πειθέμενοε.

1850 3140 1976 3208 quia
2008 3139 2089 3195 sic
2116 3117 2197 3193 est
2214 3151 2614 3209 comparatum,
2643 3148 2702 3191 ut
2727 3138 2870 3192 dicta
2898 3137 3108 3192 factave
3137 3152 3244 3191 non
3273 3137 3436 3192 facile

159 3225 230 3295 τῷ
278 3229 686 3299 Παροιμιαστῇ,
740 3227 989 3296 λέγοντιο
1052 3247 1071 3280 ι
1112 3230 1268 3283 Μετὰ
1311 3231 1509 3302 βουλῆς
1563 3234 1744 3287 πάντα

161 3320 330 3372 ποίει⁹
369 3337 388 3369 ι
432 3318 527 3372 τὸν
570 3319 644 3390 μὴ
706 3320 1029 3390 βουλόμενον
1074 3321 1166 3376 διά
1210 3323 1310 3394 τῆς
1345 3325 1744 3395 μεταγνώσεως

160 3410 347 3464 ἑαυτὸν
390 3408 608 3483 νύκτωρ
637 3412 729 3465 καὶ
761 3413 881 3483 μεθ’
911 3413 1126 3484 ἡμέραν
1151 3415 1451 3484 μαστίζειν,
1475 3417 1575 3489 τὴν
1601 3435 1746 3488 παρ-

159 3501 361 3558 αίνεσιν
379 3501 475 3557 διὰ
503 3503 847 3575 πραγμάτων
881 3504 1274 3572 ἐπιδείξασθαι.

501 3709 595 3763 Μ’.
621 3737 693 3749 --
730 3709 989 3781 ΙΣΙΔΩΡῼ
1029 3709 1399 3784 ΕΠΙΣΚΟΠῼ.

160 3820 289 3895 Περὶ
316 3821 440 3875 τῶν
466 3820 642 3889 τριῶν
668 3822 1057 3895 Σολομῶντος
1079 3822 1357 3895 ﬁrmius»,
1382 3823 1738 3895 Παροιμιῶν,

235 3891 793 3960 Ἐικλησιαστικῶν
823 3891 857 3966 “(
874 3894 943 3946 27
958 3894 1001 3965 ),
1059 3892 1377 3965 ᾼσμάτων.

235 4004 461 4077 Ἐπειδὴ
489 4023 553 4058 πε
566 4006 619 4077 pi.
668 4004 769 4076 τῆς
800 4005 1006 4070 τάξεως
1047 4006 1157 4061 τῶν
1185 4005 1355 4077 τριῶν
1388 4007 1612 4078 βιϐλίων
1644 4010 1739 4062 Σο-

156 4096 429 4168 λομῶντος
467 4084 739 4168 ἠθέλησας
772 4096 966 4169 μαθεῖν
988 4141 1001 4162 ,
1037 4098 1177 4164 ῐσθι,
1206 4100 1287 4152 ὅτι
1317 4100 1378 4153 τὸ
1415 4102 1512 4171 μὲν
1543 4101 1739 4171 ἠθικὴν

158 4188 400 4243 παιδεύει
431 4190 636 4261 ἀρετήν
659 4206 674 4222 ·
705 4189 767 4243 τὸ
804 4190 863 4244 δὲ
890 4190 1128 4244 δεικνύει
1176 4192 1286 4245 τῶν
1316 4192 1444 4262 περὶ
1506 4190 1737 4261 βιωτικά

156 4283 508 4353 ἑπτοημένων
534 4282 635 4355 τὴν
662 4283 1056 4354 ματαιοπονίαν
1085 4300 1099 4315 ο
1132 4284 1193 4337 τὸ
1218 4284 1273 4336 δὲ
1302 4285 1400 4354 τῆς
1424 4285 1597 4338 ταῦτα
1631 4302 1735 4337 πε-

159 4374 521 4447 παιδευμένης
566 4375 747 4445 ψυχῆς
788 4375 881 4429 τὸν
924 4377 1054 4445 περὶ
1104 4376 1173 4429 τά
1216 4364 1337 4428 θεῖα
1386 4376 1588 4447 ἔρωτα.
1637 4378 1737 4432 Διά

1848 3232 2092 3286 revocari
2124 3239 2345 3301 queant,
2380 3229 2861 3299 obtemperantium
2893 3238 2976 3282 est
3006 3228 3430 3283 Proverbiorum

1847 3323 2127 3393 scriptori,
2153 3322 2350 3378 dicenti
2387 3340 2400 3377 :
2443 3340 2461 3373 ‹
2497 3321 2632 3375 Cum
2677 3320 2907 3375 consilio
2944 3321 3125 3374 onmia
3158 3335 3279 3390 age.
3318 3339 3338 3372 ι
3374 3318 3434 3375 Si

1845 3416 1973 3485 quis
2020 3415 2153 3468 nolit
2176 3414 2495 3485 paenitentia
2547 3412 2901 3481 semetipsum
2948 3422 3109 3467 noctu
3154 3421 3318 3481 atque
3344 3413 3433 3467 itt-

1849 3504 2022 3561 terdiu
2064 3505 2209 3561 velut
2239 3504 2451 3572 ﬂagello
2481 3505 2711 3568 caadere,
2759 3513 2813 3557 et
2835 3502 2976 3558 hanc
3005 3504 3433 3561 admonitionem

1843 3609 2054 3671 oportet
2082 3600 2212 3668 ipsis
2240 3613 2420 3653 rerum
2448 3597 2786 3667 argumentis
2814 3598 3143 3666 exprimere.

2090 3711 2253 3785 433
2290 3686 2761 3767 XL._;tsmoao
2793 3709 3148 3767 EPISCOPO.

1844 3822 1921 3877 De
1967 3822 2133 3876 tribus
2185 3820 2483 3876 Salomonis
2532 3820 2706 3883 libris,
2762 3819 3190 3885 Proverbiorum,
3249 3817 3433 3874 Eccle-

2220 3893 2577 3953 siasticorum,
2608 3902 2654 3944 et
2681 3888 3043 3945 Canticorum.

1854 4013 1861 4019 ’
1912 4006 2178 4073 Quoniam
2213 4004 2553 4074 significasti,
2590 4013 2641 4059 te
2683 4018 2885 4072 cupere
2924 4017 3272 4073 cognoscere,
3320 4016 3431 4071 quo

1839 4102 2031 4154 ordine
2071 4109 2182 4152 tres
2208 4097 2332 4151 libri
2384 4096 2691 4150 Salomonis
2719 4096 2925 4163 legendi
2960 4096 3088 4159 sint,
3125 4110 3285 4149 nosse
3328 4098 3430 4149 de-

1840 4193 1956 4259 bes,
1985 4206 2151 4245 unum
2185 4191 2396 4243 lllormn
2436 4191 2633 4242 docere
2678 4192 2934 4242 virtutem
2972 4187 3266 4255 moralem;
3293 4187 3429 4241 alte-

1840 4299 1958 4338 rum
2002 4283 2311 4345 ostendere,
2343 4295 2504 4349 quam
2540 4283 2611 4334 sit
2631 4294 2804 4332 vanus
2839 4289 3003 4347 atque
3043 4278 3230 4332 irritus
3273 4278 3426 4330 labor

1838 4391 2024 4430 eorum
2061 4375 2150 4443 qni
2184 4375 2345 4427 rebus
2375 4370 2534 4439 hujus
2568 4372 2693 4425 vita:
2738 4370 2896 4440 quasi
2926 4370 3143 4424 attoniti
3179 4370 3422 4435 inhiant;

156 4463 313 4518 τοῦτο
339 4465 402 4517 τὸ
448 4463 551 4535 μὲν
584 4465 801 4536 πρῶτον
820 4503 837 4530 ,
865 4464 926 4518 τὸ
958 4466 1015 4518 δὲ
1044 4464 1297 4537 δεύτερον
1317 4509 1331 4533 ,
1367 4467 1428 4519 τὸ
1458 4467 1515 4521 δὲ
1544 4468 1726 4539 τρίτον

1845 4467 2053 4523 ιετιίυω
2084 4464 2316 4533 denique
2348 4477 2590 4517 amorem
2619 4476 2727 4532 quo
2766 4475 2893 4531 erga
2928 4476 3014 4516 res
3046 4461 3258 4515 divinas
3287 4475 3426 4530 pra:-

228 4624 247 4657 ¹
274 4622 435 4680 Prov.
471 4639 595 4690 xm,
637 4623 735 4689 46;
769 4623 936 4679 Eccli.
960 4639 1132 4685 xxx",
1159 4623 1251 4678 24.
1274 4670 1287 4695 ι

1249 4780 1482 4837 VARle
1526 4782 1912 4840 LECTIONES
1946 4782 2035 4839 ET
2074 4783 2312 4853 ΝΟΤᾹΞ,

222 4942 338 5014 (‘26)
367 4941 653 5010 Inscriptio
682 4956 748 4994 ex
780 4939 900 5014 cod.
940 4936 1113 5014 vatic.
1142 4939 1246 5014 650
1280 4938 1438 5014 Eoi}.

220 5007 337 5083 (27)
385 5007 954 5083 Ἐκκλησιαᾳτικῶν.
987 5008 1295 5083 Notandum
1357 5009 1728 5083 ξῌκκλησιασ-

154 5079 279 5139 τυιὰ
306 5079 486 5136 vocari
514 5084 601 5135 bic
629 5082 697 5134 ab
728 5081 935 5133 Isidoro
959 5079 1217 5147 scriptum
1243 5080 1372 5133 illud
1396 5079 1723 5145 Salomonis,

155 5156 293 5222 quod
327 5153 683 5222 Ecclesiastes
730 5150 1128 5222 aliashdicitur.
1192 5150 1267 5204 De
1313 5152 1510 5222 ordine;
1543 5160 1723 5204 autem

155 5219 359 5294 legendi
393 5234 504 5294 tres
542 5220 850 5294 Salomonis
868 5219 1049 5294 libros
1081 5219 1239 5294 plane
1273 5220 1462 5294 eadem
1500 5220 1552 5294 in
1595 5235 1721 5294 sen-

156 5289 318 5349 tentia
346 5301 431 5347 est
457 5293 831 5346 Theodoretus
859 5289 982 5358 Cyri
1010 5290 1296 5357 episcopus
1325 5292 1376 5341 in
1402 5290 1722 5354 praefatione

154 5364 358 5418 Cantici
391 5365 750 5417 canticorum.
794 5377 812 5409 ι
856 5360 985 5412 Illud
1018 5359 1217 5422 etiam,
1262 5360 1453 5427 inquit.
1500 5359 1713 5426 praefari

156 5435 514 5488 necessarium
562 5444 683 5493 est,
732 5430 834 5483 tria
883 5428 1187 5482 Salomonis
1234 5445 1355 5483 esse
1398 5430 1674 5483 volmnina
1705 5470 1720 5494 ,

153 5503 437 5557 Proverbia
467 5542 483 5560 .
519 5501 882 5555 Ecclesiasten
909 5538 925 5562 ,
951 5509 1007 5551 et
1047 5498 1331 5552 Canticum
1360 5501 1720 5552 canticorum.

152 5576 224 5628 Ac
252 5572 541 5627 Proverbia
571 5571 784 5638 quidem
811 5569 995 5620 utilem
1024 5568 1091 5622 de
1120 5571 1360 5621 moribus
1382 5570 1722 5637 disciplinam

153 5642 458 5712 complecti;
495 5641 857 5696 Ecclesiasten
902 5650 1332 5712 aute_m__eorum
1372 5655 1492 5712 quae
1541 5641 1717 5692 sensi-

155 5714 249 5766 bus
276 5707 668 5781 'pereipiuntur
735 5717 981 5762 naturam
1026 5707 1266 5781 indicare
1288 5748 1303 5770 ,
1335 5711 1562 5781 viaeque
1591 5724 1727 5777 prae-

155 5776 321 5837 sentis
345 5776 538 5838 ducere
569 5782 883 5845 vanitatem,
920 5788 974 5831 ut
997 5792 1060 5831 ea
1091 5776 1236 5830 fluxa
1273 5790 1325 5831 et
1370 5776 1714 5847 fragilium)-

1835 4948 2177 5010 gnoscentes,
2218 4948 2474 5010 tanquam
2517 4939 2727 5009 fugacia
2762 4954 2825 5010 ae
2850 4939 3228 5010 praetereuntis
3259 4953 3420 5008 sper-

1839 5008 2034 5064 iiainus
2058 5050 2072 5073 ,
2100 5021 2152 5063 et
2180 5027 2300 5079 quae
2331 5008 2518 5065 futura
2553 5008 2699 5071 sunt.
2740 5008 3005 5068 utilirnia.
3042 5012 3415 5077 permanentia

1835 5090 1998 5149 atque
2030 5091 2232 5133 aeterna
2262 5082 2715 5149 concupiscamus
2746 5098 2760 5143 ;
2787 5080 3071 5133 Canticum
3104 5094 3229 5131 vero
3252 5080 3422 5132 canti-

1830 5164 2019 5204 corum
2053 5154 2336 5218 mysticnm
2375 5152 2567 5219 Sponsi
2601 5162 2655 5204 et
2700 5150 2926 5219 Sponsa:
2967 5150 3415 5219 necessitudinem

1828 5229 1883 5272 et
1911 5218 2345 5285 cunjnnrtionem
2372 5218 2651 5274 cantinere
2687 5238 2700 5274 :
2734 5218 2789 5273 ut
2822 5220 3072 5273 universa
3104 5218 3417 5271 Salomonis

1827 5290 2075 5342 doctrina
2102 5290 2172 5342 sit
2200 5291 2362 5343 veluti
2393 5292 2538 5343 scala
2568 5292 2810 5357 quaedam
2834 5330 2847 5352 ,
2874 5304 2991 5355 qnze
3023 5289 3412 5357 tribusgradi-

1826 5359 1927 5412 bus
1974 5366 2207 5422 constet,
2262 5361 2472 5422 morali,
2514 5355 2744 5413 naturali
2780 5370 2833 5413 et
2881 5358 3083 5411 divino.
3123 5376 3141 5406 ι
3183 5355 3299 5409 Nan
3334 5369 3420 5410 est

1836 5430 1961 5483 huic
2001 5430 2284 5496 quaastioni
2328 5430 2593 5483 absimilis
2640 5433 2863 5483 multum
2914 5428 2999 5480 illa
3033 5430 3173 5481 inter
3203 5428 3419 5480 Stoicos

1836 5500 2034 5567 agitata
2070 5500 2319 5566 quaestio.
2370 5503 2486 5565 Quo
2540 5501 2729 5553 ordine
2785 5498 3061 5551 tractanda
3116 5499 3225 5550 sint
3276 5497 3417 5550 trina

1837 5569 1926 5623 illa
1959 5569 2309 5636 philosophiae
2341 5569 2608 5628 membra,
2642 5584 2762 5636 qum
2790 5569 2948 5635 vulgo
2981 5568 3415 5636 constituuntur,

1838 5634 2032 5706 logica,
2063 5634 2305 5707 physica,
2332 5640 2506 5691 etliica
2528 5655 2546 5691 :
2575 5639 2640 5691 de
2659 5634 2760 5705 qua
2794 5634 2911 5692 vide
2936 5638 3225 5707 Diogenem
3249 5634 3418 5691 Laer-

1839 5711 1970 5763 tinm
2006 5711 2055 5763 in
2092 5706 2207 5762 Vita
2241 5707 2493 5763 Zenonis.
2530 5709 2696 5762 llITT.
