3886 6420
436 301 569 370 1091

1602 306 1661 365 s.
1706 305 2001 366 ISIDORI
2042 267 2483 367 PELUSIOTE

3555 300 3669 365 1092

434 421 547 475 dita
578 419 652 474 sit
695 418 784 474 illa
815 418 1017 483 anima,
1060 434 1181 488 qua:
1230 418 1510 488 superiora
1539 418 1649 487 jam
1682 420 1892 477 didicit.
1925 422 2014 475 At-

2127 422 2409 475 τέτακται.
2459 420 2517 472 '0
2545 417 2603 472 δέ
2644 418 2752 493 γὰρ
2778 417 2847 471 τὰ
2880 418 3047 488 ἠθικὰ
3079 416 3462 492 κατορθώσας,
3488 414 3560 487 τῷ
3589 434 3669 486 με·

434 525 541 581 que
596 511 711 565 haec
771 510 910 564 ratio
960 518 1046 564 est
1101 507 1332 574 ordinis,
1396 522 1563 578 quare
1617 509 1746 564 illud
1798 509 2017 580 quidem

435 604 611 672 primo
634 603 772 665 loco,
800 602 940 656 istud
964 611 1144 655 autem
1175 602 1438 666 secundo,
1461 601 1565 657 hoc
1597 603 1829 672 denique
1857 603 2020 659 tertio

434 694 756 749 collocatum
805 693 875 748 sit
914 708 1066 762 Opus.
1097 692 1196 758 Qui
1234 702 1409 745 autem
1445 692 1497 745 in
1531 693 1724 747 ethicis
1753 693 1918 762 probe
1960 708 2020 747 se

435 784 639 855 gessit,
700 787 826 836 dum
890 781 1308 835 Proverbiorum
1384 779 1667 849 scriptoris
1723 778 2020 848 discipulus

438 878 543 931 fuit
585 888 640 930 et
674 876 795 928 vita:
832 884 1096 942 praecepta
1132 873 1199 927 ab
1231 871 1559 925 Ecclesiaste
1594 872 1802 938 didicit,
1849 872 1916 925 de
1954 887 2020 926 eo

435 967 779 1022 metuendum
821 981 926 1020 non
974 974 1072 1027 est,
1112 978 1180 1020 ne
1232 965 1297 1016 ad
1347 964 1629 1018 Canticum
1677 964 2017 1017 canticorum

432 1061 661 1125 delatus,
707 1061 758 1113 in
791 1057 1064 1112 carnalem
1098 1066 1153 1110 et
1190 1056 1449 1111 moralem
1486 1070 1728 1110 amorem
1766 1056 1963 1110 incidat
2000 1072 2014 1110 :

431 1154 560 1222 quin
596 1152 772 1221 potius
810 1150 1048 1204 futurum
1092 1158 1195 1213 est,
1241 1158 1299 1201 Ill
1338 1150 1402 1201 ad
1444 1163 1637 1214 purum
1674 1162 1737 1202 ac
1775 1147 2015 1201 divinum

432 1244 581 1297 illum
613 1257 871 1311 sponsum
901 1241 1054 1311 quasi
1102 1239 1424 1307 quibusdam
1466 1237 1567 1292 alis
1614 1237 1890 1303 eﬂ‘eratur,
1926 1238 2016 1304 qui

433 1332 960 1410 beatos'pronuntiat
990 1345 1083 1384 eos
1106 1331 1195 1399 qui
1230 1329 1322 1383 tali
1349 1339 1475 1382 sunt
1505 1343 1690 1383 amore
1721 1329 2013 1383 vulnerati.

433 1425 623 1481 Moneo
658 1426 841 1493 itaque
870 1422 1266 1485 adolescentes,
1295 1431 1351 1474 et
1395 1430 1586 1475 auctor
1615 1421 1747 1489 ipsis
1778 1437 1919 1486 sum,
1951 1437 2017 1475 ne

432 1515 580 1585 prius
604 1512 816 1569 tertium
845 1513 1111 1580 attingant
1134 1526 1289 1579 opus,
1315 1524 1475 1578 quam
1503 1510 1555 1562 in
1582 1509 1856 1579 prioribus
1883 1511 2016 1564 duo-

430 1608 531 1662 bus
560 1606 823 1677 pracclare
850 1619 908 1658 se
934 1603 1222 1672 gesserint.
1259 1603 1563 1655 Absurdum
1597 1603 1763 1666 enim,
1802 1602 1883 1657 vel
1922 1618 2016 1671 po-

431 1697 537 1753 tius
577 1697 738 1751 nimis
767 1695 1115 1750 temerarium
1143 1703 1197 1747 et
1231 1692 1408 1746 audax
1440 1703 1525 1745 est
1569 1693 1863 1762 negotium,
1904 1706 1957 1748 et
1984 1711 2011 1745 a

2125 511 2501 584 μαθητεῦσθαι
2550 510 2631 581 τῷ
2679 512 3098 582 Παροιμιαστῇ,
3149 509 3245 565 καὶ
3294 508 3393 579 τὴν
3448 508 3671 579 βιωτικὴν

2121 603 2424 673 φαντασίαν
2450 603 2847 672 καταπατήσας
2881 602 2960 673 τῷ
2991 601 3387 672 πεφοιτηκέναι
3438 599 3579 671 παρὰ
3606 600 3673 669 τῷ

2133 693 2533 765 Ἐκκληθσιαστῇ
2567 690 2679 761 (28)
2704 731 2718 756 ,
2772 692 2873 744 οὐκ
2926 691 2993 746 ἂν
3028 693 3158 762 περὶ
3186 690 3249 744 τὸ
3292 690 3400 743 τῶν
3442 690 3673 760 ᾀσμάτων

2118 777 2309 855 τᾼσμα
2348 782 2520 836 ἐλθὼν
2558 785 2638 846 είς
2670 784 2934 849 σαρκικὸν
2990 784 3089 837 καὶ
3118 782 3311 853 ἠθικὸν
3368 782 3480 851 (29)
3518 781 3674 852 ἔρωτα

2118 874 2457 946 ὀλισθήσειεν
2486 890 2501 904 ·
2536 874 2673 927 ἀλλὰ
2704 874 2834 944 περὶ
2862 874 2954 927 τὸν
2981 874 3249 943 ἄχραντον
3276 874 3371 926 καὶ
3395 873 3533 925 θεῖον
3560 890 3676 926 πτε-

2122 965 2319 1038 ρωθείη
2351 964 2607 1035 νυμφίον,
2630 968 2721 1018 τὸν
2752 963 3058 1036 μακαρίους
3086 966 3214 1028 τοὺς
3234 964 3539 1034 τρωθέντας
3562 967 3676 1018 ἀπο-

2120 1058 2397 1128 φαίνοντα.
2430 1058 2689 1129 Παραινῶ
2748 1054 3039 1126 τοιγαροῦν
3068 1058 3178 1119 τοῖς
3203 1055 3376 1119 νέοις,
3410 1053 3487 1124 μὴ
3507 1055 3678 1124 πρότε-

2121 1165 2212 1219 ρον
2244 1147 2508 1202 ἅπτεσθαι
2551 1146 2644 1199 τοῦ
2673 1147 2858 1217 τρίτου
2898 1146 3332 1216 συγγράμματος
3351 1183 3367 1207 ,
3416 1144 3542 1215 πρὶν
3567 1145 3596 1214 ἢ
3620 1145 3677 1197 τὰ

2119 1239 2178 1290 ἐν
2213 1240 2323 1300 τοῖς
2362 1238 2483 1291 δυσὶ
2513 1238 2941 1307 κατορθώσειαν.
2974 1239 3210 1290 Ἀτοπον
3250 1236 3381 1307 γὰρ,
3422 1236 3607 1306 μᾶλλον
3629 1237 3677 1289 δὲ

2121 1329 2511 1399 ῥιψοκίνδυνον,
2541 1330 2635 1382 καὶ
2665 1330 2817 1399 παρὰ
2835 1330 2962 1393 τοὺς
2994 1329 3291 1400 μυστικοὺς
3314 1328 3564 1396 θεσμοὺς,
3582 1332 3675 1391 τοῖς

2117 1420 2331 1482 ἀδύτοις
2358 1420 2651 1490 ἐπιπηδᾷν,
2681 1420 2809 1483 τοὺς
2848 1421 2984 1489 μηδὲ
3023 1421 3133 1474 τῶν
3162 1418 3460 1489 προθύρων
3492 1419 3675 1484 ἀξίους.

2121 1512 2332 1581 Ὥσπερ
2375 1510 2483 1580 γὰρ
2509 1514 2566 1563 ἐν
2593 1510 2671 1580 τῷ
2716 1509 2827 1581 ναῷ
2871 1511 2942 1564 τὰ
2981 1512 3079 1581 μὲν
3120 1511 3225 1579 ἔξω
3268 1512 3437 1565 πᾶσίν
3465 1514 3563 1565 εἰσι
3592 1510 3678 1582 βά-

2118 1621 2253 1673 σιμα
2279 1619 2290 1631 ·
2329 1603 2397 1656 τὰ
2423 1602 2467 1654 δ’
2493 1602 2638 1655 ἔνδον
2681 1603 2801 1673 ἱερὰ
2821 1642 2834 1665 ,
2863 1603 2964 1657 ὅσα
2986 1603 3065 1674 τῷ
3094 1604 3563 1675 περισχοινίσματι
3595 1622 3678 1658 πε-

2121 1692 2401 1762 ριείληπτο
2429 1732 2442 1754 ,
2489 1692 2626 1762 βατὰ
2664 1693 2834 1757 ὄντα,
2880 1697 2993 1755 τοῖς
3038 1694 3255 1756 πολλοῖς
3308 1694 3543 1765 ἁνιέροις
3594 1696 3677 1749 καὶ

428 1789 673 1859 mysticis
706 1787 910 1856 legibus
952 1786 1252 1839 abhorrens
1283 1792 1342 1836 ut
1370 1783 1422 1836 in
1456 1784 1617 1853 adyta
1647 1784 1889 1838 insiliant
1924 1799 2013 1839 se-

2124 1783 2372 1853 βεϐήλοις
2401 1783 2577 1836 ἄϐατα
2608 1780 2697 1855 ἦν·
2724 1784 2795 1837 τὰ
2823 1784 2879 1836 δὲ
2908 1784 3053 1837 ἔνδον
3088 1785 3250 1855 ἱερῶν
3285 1784 3571 1855 ἱερώτερα,
3597 1786 3679 1838 καὶ

428 1896 597 1951 seque
638 1888 944 1950 penetrent,
971 1878 1063 1945 qni
1108 1892 1174 1929 ne
1204 1873 1484 1929 vestibulis
1522 1875 1738 1941 quidem
1766 1876 1871 1929 sint
1920 1876 2015 1928 ad-

428 1974 536 2029 huc
576 1972 742 2042 digni.
774 1970 1239 2037 Quemadmodum
1281 1967 1423 2021 enim
1464 1965 1516 2017 in
1554 1967 1753 2035 templo
1781 1983 1846 2021 ea
1896 1967 2014 2036 qni-

426 2065 550 2120 dem
580 2079 700 2134 qua:
738 2062 871 2117 foris
907 2072 1085 2126 erant,
1122 2060 1372 2114 omnibus
1416 2060 1566 2113 adire
1607 2060 1801 2113 licebat
1843 2077 1857 2113 :
1894 2075 2014 2129 qua:

427 2174 558 2213 vero
591 2160 733 2212 intus
762 2166 918 2211 erant
949 2170 1127 2219 sacra,
1162 2170 1283 2223 qua:
1320 2154 1439 2208 velo
1486 2154 2015 2221 comprehendeban-

430 2260 516 2303 tur
546 2250 779 2311 obtecta,
814 2247 1060 2314 quamvis
1092 2246 1329 2314 alioquin
1363 2246 1496 2299 adiri
1530 2253 1798 2314 poterant,
1836 2255 2013 2301 tamen

428 2357 457 2393 ει
483 2339 641 2407 vulgo
663 2354 767 2391 non
797 2346 1123 2391 consecrato
1162 2346 1214 2387 et
1246 2332 1474 2403 profano
1508 2334 1644 2387 adiri
1682 2348 1784 2387 non
1862 2341 2015 2403 pote-

431 2441 554 2484 rant
589 2445 603 2483 :
631 2445 751 2499 quae
794 2428 1024 2496 denique
1053 2427 1237 2479 intima
1270 2432 1425 2479 erant
1447 2423 1647 2477 Sancta
1678 2435 2011 2488 sanctorum,

426 2532 484 2579 et
510 2523 876 2580 sacratissima
938 2536 1114 2583 sacra,
1149 2520 1213 2571 ad
1247 2533 1308 2571 ea
1345 2531 1444 2572 nec
1482 2515 1587 2570 illis
1614 2515 1827 2584 quidem
1861 2523 2013 2584 pate-

428 2616 523 2670 bat
554 2615 750 2678 aditus,
789 2612 877 2681 qui
914 2611 1077 2663 vitam
1124 2616 1349 2678 agerent
1391 2608 1744 2673 inculpatam,
1773 2608 1867 2661 sed
1915 2605 2012 2659 soli

428 2706 512 2761 fas
562 2711 682 2759 erat
741 2702 951 2773 ingredi
1000 2715 1212 2756 summo
1258 2700 1553 2764 sacerdoti,
1601 2700 1693 2768 qui
1752 2698 2011 2753 nimirum

428 2798 666 2867 seipsum
715 2803 1081 2861 consecrarat,
1122 2801 1178 2846 et
1213 2806 1429 2845 omnem
1482 2790 1761 2844 mortalem
1820 2804 2010 2859 rugam

2123 1876 2295 1944 ἁγίων
2324 1877 2494 1944 ’Ἅγια
2517 1917 2532 1942 ,
2562 1871 2644 1940 οἷς
2674 1875 2797 1929 οὐδὲ
2834 1879 2948 1939 τοῖς
2990 1876 3082 1929 τὸν
3113 1877 3481 1949 ἀνεπίληπτον
3519 1878 3677 1946 ἔχουσι

2123 1968 2237 2038 βίον
2275 1968 2533 2037 ἐπιϐῆναι
2562 1963 2630 2038 ἧν
2660 1967 2835 2038 Θέμις,
2869 1967 3005 2021 ἀλλὰ
3028 1967 3107 2039 τῷ
3139 1969 3389 2038 ἀρχιερεῖ
3432 1969 3587 2039 μόνῳ,
3612 1968 3680 2038 τῷ

2120 2059 2314 2113 ἐαυτὸν
2369 2060 2612 2129 δηλονότι
2666 2059 3057 2129 ἁψιερώσαντι,
3107 2061 3204 2113 καὶ
3255 2062 3444 2115 πᾶσαν
3504 2060 3679 2131 θνητὴν

2122 2150 2539 2220 ἁποσεισαμένῳ
2571 2150 2766 2218 κηλῖδα
2789 2167 2803 2181 ο
2839 2150 2981 2203 οὕτω
3014 2151 3155 2205 κάπὶ
3184 2151 3297 2206 τῶν
3330 2152 3548 2221 βιϐλίων
3574 2152 3683 2205 τού-

2120 2258 2228 2294 των
2259 2241 2570 2294 διακεῖσθαι
2594 2241 2725 2305 τοὺς
2754 2241 2911 2303 νέους
2954 2241 3083 2312 χρὴ,
3122 2243 3341 2311 πρῶτον
3374 2244 3477 2314 μὲν
3496 2247 3559 2315 τῇ
3589 2246 3681 2298 τῶν

2120 2332 2268 2402 ἠθῶν
2304 2332 2720 2404 λαμπρύνεσθαι
2767 2334 2969 2404 ἀρετῇ·
3023 2333 3216 2387 ἔπειτα
3270 2337 3682 2405 καταγινώσκειν

2121 2425 2219 2492 τῆς
2248 2423 2356 2475 τῶν
2384 2422 2651 2492 βιωτικῶν
2682 2424 3023 2493 πραγμάτων
3052 2425 3329 2489 οὐδενείας
3350 2444 3364 2457 ο
3399 2428 3497 2480 καὶ
3527 2426 3682 2490 οὕτως

2123 2515 2363 2586 ἅψασθαι
2393 2516 2503 2569 τῶν
2535 2519 2649 2580 τοῖς
2707 2517 2925 2580 πολλοῖς
2973 2518 3304 2586 ἀνεφίκτων.
3353 2522 3418 2572 υἱ
3450 2519 3550 2592 γὰρ
3591 2519 3681 2585 ἔξω

2123 2606 2598 2677 περιρραντηρίων
2632 2603 2773 2659 εἶναι
2808 2606 3115 2674 ὀφείλοντες
3137 2650 3150 2671 ,
3184 2610 3235 2661 εἰ
3264 2609 3679 2679 φιλονεικήσειαν

2126 2697 2199 2767 μὴ
2231 2698 2571 2769 μεμυημένοι
2595 2701 2662 2769 τῇ
2686 2698 2807 2769 θείᾳ
2836 2698 3049 2769 τελετῇ,
3084 2700 3479 2769 ῥιψοκινδύνως
3500 2704 3682 2755 ἐπικιν-

2125 2790 2316 2860 μᾶσαι,
2352 2789 2507 2860 δίκην
2537 2789 2768 2843 δώσουσι
2798 2789 2895 2862 τὴν
2922 2791 3183 2863 ἐσχάτην.

370 2958 373 2961 η
428 2894 789 2961 deposuerat:
814 2890 891 2944 sic
926 2890 1092 2943 etiam
1140 2903 1268 2957 erga
1303 2889 1467 2943 hosce
1499 2886 1805 2941 Salomonis
1843 2886 2011 2942 libros
2049 2884 2225 2941 aﬂ'ecti
2254 2902 2373 2941 esse
2396 2888 2592 2942 debent
2652 2888 3023 2944 adolescentes
3052 2906 3067 2943 :
3104 2897 3159 2943 et
3186 2889 3425 2959 primum
3484 2890 3678 2959 quidem

428 2987 668 3040 omnium
714 2983 999 3055 splendere
1040 2998 1250 3038 morum
1281 2984 1501 3049 virtute,
1538 2983 1733 3038 deinde
1797 2999 1925 3038 vero
1960 2998 2141 3038 rerum
2197 2982 2265 3038 ad
2312 2986 2451 3038 hanc
2520 2984 2684 3037 vitam
2767 2984 3153 3053 pertinentium
3204 2985 3501 3040 nullitatem
3540 2994 3683 3054 atque

429 3078 746 3134 inanitatem
773 3077 1171 3132 condemnare:
1196 3086 1249 3130 et
1280 3076 1359 3131 sic
1384 3077 1602 3131 demum
1626 3090 1689 3131 ea
1718 3079 2009 3147 attingere,
2051 3090 2172 3147 quae
2202 3078 2391 3148 vulgus
2433 3078 2712 3131 hominum
2779 3077 2995 3146 assequi
3024 3077 3228 3148 nequit.
3256 3076 3393 3132 Nam
3464 3079 3551 3148 qui
3576 3094 3680 3133 cum

430 3184 584 3228 extra
620 3182 771 3241 septa
812 3187 935 3227 esse
981 3172 1233 3237 debeant,
1265 3173 1308 3228 si
1345 3174 1633 3227 temerario
1671 3188 1807 3227 ausu
1848 3173 1901 3228 in
1929 3187 2088 3229 sacra
2152 3173 2333 3229 divina
2369 3187 2475 3228 non
2546 3171 2747 3227 initiati
2812 3172 3023 3227 irruere
3087 3173 3553 3243 praesumpserint,
3581 3185 3683 3242 po:-

432 3284 533 3323 nas
563 3268 765 3322 dabunt
794 3277 1092 3322 extremas.

961 3378 1098 3432 XLI.
1131 3408 1200 3419 —
1226 3378 1480 3436 PETRO.

505 3463 573 3519 In
599 3464 755 3532 illud,
796 3482 815 3518 ι
862 3464 985 3520 Νοη
1028 3483 1141 3521 esse
1168 3469 1547 3539 eleemosynam
1577 3486 1756 3525 coram
1782 3469 1950 3524 homi-

885 3539 1037 3591 nibus
1070 3544 1417 3593 exercendam
1442 3543 1486 3594 '.
1525 3558 1545 3590 ι

504 3665 675 3722 Miror
696 3668 943 3737 equidem
974 3679 1140 3737 tuam,
1164 3686 1326 3741 quam
1360 3673 1545 3739 debes,
1575 3674 2013 3745 imprudentiam.

434 3760 621 3830 Neque
644 3760 788 3815 enim
830 3775 898 3815 eo
935 3772 988 3815 te
1027 3762 1315 3819 dementiae
1359 3764 1667 3834 prolapsum
1709 3781 1830 3821 esse
1863 3767 2014 3821 arbi-

438 3863 554 3908 tror
583 3862 639 3906 ut
670 3853 972 3917 existimes,
1004 3867 1098 3908 eos
1126 3855 1217 3924 qui
1250 3855 1638 3911 misericordiae
1669 3871 1829 3927 Opera
1861 3873 2016 3912 exer-

435 3955 577 4009 cent,
599 3946 691 3999 sed
708 3961 769 4000 ea
782 3955 1078 4010 ostentant,
1107 3947 1403 4002 deteriores
1417 3963 1535 4004 esse
1553 3949 1684 4013 illis,
1699 3951 1789 4019 qui
1811 3965 1873 4003 ea
1898 3949 2018 4020 pla-

436 4050 504 4091 ne
525 4050 628 4089 non
658 4045 929 4090 exercent.
957 4035 1069 4105 Ego
1096 4052 1244 4103 vero,
1275 4040 1402 4107 quid
1440 4041 1541 4094 hac
1575 4041 1641 4096 de
1670 4056 1729 4096 re
1760 4043 2014 4109 sentiam,

435 4142 722 4197 exponam.
750 4127 917 4200 434
944 4128 1036 4183 Ille
1065 4130 1281 4199 proprie
1308 4132 1541 4186 maxime
1563 4147 1666 4202 que
1690 4143 1775 4189 est
1808 4135 2019 4189 miseri-

435 4234 579 4284 cors,
610 4220 700 4288 qui
732 4220 1142 4274 beneﬁcentiam
1171 4221 1386 4291 quidem
1412 4232 1663 4289 exercet;
1695 4239 1799 4278 non
1836 4234 2014 4279 tamen

436 4310 674 4380 divulgat
711 4325 897 4364 eorum
927 4312 1124 4378 quibus
1156 4312 1353 4365 benelit
1380 4312 1719 4367 calamitates
1760 4328 1824 4367 ac
1852 4316 2017 4369 misc-

437 4405 565 4458 rias.
599 4403 653 4456 Si
684 4403 805 4472 quis
832 4403 883 4456 id
914 4402 1079 4457 laciat
1135 4403 1307 4472 ipsius
1345 4404 1560 4459 honesti
1595 4419 1776 4470 causa,
1817 4406 1864 4460 is
1897 4421 2016 4461 ma-

2635 3378 2773 3438 MA'.
2814 3409 2876 3420 -
2916 3379 3172 3452 ΠΕΤΡῼ.

2116 3474 2223 3539 Εὶς
2249 3476 2317 3529 τό
2334 3491 2348 3504 ο
2384 3472 2481 3541 Μὴ
2521 3473 2715 3544 ποιεῖν·
2748 3472 2864 3541 τὴν
2898 3474 3326 3542 ἐλεημοσύνην
3357 3474 3679 3544 ἔμπροσθεν

2628 3542 2747 3597 τῶν
2780 3545 3125 3611 ἀνθρώπων,
3167 3562 3187 3597 ι

2187 3678 2467 3749 Θαυμάζω
2499 3695 2594 3731 σου
2642 3676 2740 3747 τὴν
2778 3678 3270 3751 κεχρεωστημένην
3311 3677 3425 3749 (30)
3460 3676 3681 3751 ἀφροσύ-

2116 3788 2236 3841 νην.
2269 3772 2344 3824 Οὐ
2374 3771 2483 3842 γὰρ
2508 3765 2662 3840 οἶμαί
2692 3786 2751 3822 σε
2784 3771 2865 3833 είς
2905 3769 3178 3841 τοσαύτην
3216 3772 3405 3825 ἄνοιαν
3436 3770 3681 3841 ἐληλακέ-

2117 3879 2227 3926 ναι,
2258 3862 2333 3925 ὠς
2383 3862 2622 3931 νομίσαι,
2667 3862 2792 3924 τοὺς
2819 3860 3104 3925 ἐλεοῦντας
3136 3863 3258 3931 μὲν,
3312 3860 3678 3933 ἐπιδεικνυμέ-

2118 3972 2241 4019 νους
2272 3954 2350 4021 δὲ,
2386 3954 2494 4007 τῶν
2550 3953 2625 4027 μὴ
2676 3952 2971 4007 ἐλεούντων
3004 3954 3223 4025 χείρους
3261 3949 3425 4008 εἶναι.
3472 3952 3609 4022 Ἐγὼ
3631 3952 3681 4005 δὲ

2117 4045 2193 4108 ὼς
2222 4044 2328 4115 έχω
2362 4044 2588 4115 γνώμης
2621 4044 2750 4114 περὶ
2791 4042 3001 4098 τούτων
3045 4045 3244 4114 φράσω
3269 4059 3284 4072 ·
3319 4046 3403 4098 ὅτι
3450 4044 3680 4114 ἐλεήμων

2122 4135 2220 4205 μέν
2245 4137 2361 4187 ἐστι
2405 4134 2609 4202 κυρίως
2657 4135 2885 4198 ἐκεῖνος,
2917 4135 2946 4187 ὁ
2973 4132 3277 4204 εὐεργετῶν
3309 4134 3410 4204 μὲν
3434 4177 3451 4201 ,
3497 4134 3570 4205 μὴ
3597 4136 3682 4187 ὲκ-

2119 4223 2417 4293 πομπεύων
2445 4223 2502 4276 δὲ
2549 4224 2648 4284 τὰς
2678 4222 2788 4278 τῶν
2822 4218 2881 4275 εὖ
2919 4222 3241 4293 πασχόντων
3277 4222 3581 4294 συμφοράς.
3620 4222 3675 4274 El

2123 4314 2223 4384 μὲν
2252 4314 2362 4384 γὰρ
2394 4314 2463 4367 δι’
2493 4314 2626 4367 αὐτὸ
2651 4314 2713 4367 τὸ
2740 4314 2904 4367 καλόν
2945 4332 3028 4377 τις
3058 4313 3308 4385 πράξειε,
3343 4313 3566 4385 μείζονα
3580 4313 3681 4383 ἔχει

2118 4406 2210 4457 τὸν
2249 4404 2436 4471 μισθὸν
2496 4403 2590 4456 τοῦ
2637 4403 2727 4457 διὰ
2785 4403 2975 4475 μισθὸν
3021 4403 3151 4457 αὐτὸ
3186 4404 3505 4467 ποιοῦντοςο
3554 4404 3599 4455 εί
3632 4402 3682 4454 δὲ

434 4496 608 4564 iorem
654 4495 876 4549 habebit
931 4496 1255 4559 mercedem,
1308 4510 1394 4561 eo,
1439 4497 1530 4566 qui
1580 4498 1843 4552 mercedis
1890 4512 2014 4567 ergo

2124 4494 2208 4547 διὰ
2245 4493 2436 4565 μισθὸν
2463 4493 2627 4556 θεῖον,
2666 4494 2723 4546 ἐν
2752 4493 2985 4564 δευτέρᾳ
3024 4491 3174 4558 τάξει
3210 4492 3493 4559 τετάξεται
3520 4508 3534 4521 ο
3562 4489 3683 4543 εἰδὲ

438 4587 577 4640 idem
623 4586 796 4652 facit;
839 4586 884 4640 si
924 4601 1051 4641 vero
1091 4587 1160 4640 ob
1202 4588 1507 4641 mercedem
1547 4588 1779 4641 divinam
1814 4628 1827 4652 ,
1884 4588 1930 4643 is
1967 4589 2014 4641 in

2124 4582 2187 4634 δι’
2214 4582 2435 4636 ἔπαινον
2468 4584 2633 4648 ποιεῖ,
2661 4582 2773 4646 ἕξει
2813 4580 2972 4634 τοῦτο
2997 4581 3064 4634 δι’
3093 4580 3121 4633 ὃ
3153 4581 3247 4634 καὶ
3280 4581 3595 4650 πεποίηκεν.
3632 4577 3684 4630 ’0

438 4682 671 4734 secunda
708 4678 882 4733 classe
937 4678 1308 4733 collocabitur.
1361 4678 1415 4733 Si
1455 4680 1576 4748 quis
1625 4690 1805 4733 autem
1846 4680 2014 4735 laudis

2124 4673 2179 4725 δὲ
2214 4675 2350 4743 μήτε
2398 4672 2465 4725 δι’
2496 4673 2628 4725 αὐτὸ
2658 4673 2719 4725 τὸ
2750 4673 2936 4738 καλὸν,
2972 4676 3109 4743 μήτε
3142 4672 3231 4726 διὰ
3285 4674 3378 4726 τὸν
3414 4672 3558 4725 θεῖον
3602 4684 3683 4739 μι-

439 4770 581 4839 apud
625 4770 869 4823 homines
899 4771 1287 4839 consequentiae
1324 4772 1495 4837 gratia
1536 4770 1589 4823 id
1628 4768 1778 4835 facit,
1820 4771 1865 4827 is
1910 4771 2010 4827 hoc

2125 4765 2247 4818 σθὸν
2270 4808 2285 4831 ,
2321 4768 2455 4837 μήτε
2482 4767 2548 4819 δι’
2599 4765 2936 4836 ἀνθρώπινον
2986 4765 3206 4819 ἔπαινον
3254 4766 3421 4819 ποιῶν
3463 4763 3524 4816 τὸ
3551 4762 3679 4825 δέον,

439 4863 639 4930 ipsum,
670 4860 823 4929 cujus
857 4862 1026 4931 gratia
1068 4861 1323 4925 faciebat,
1352 4860 1595 4918 habebit.
1623 4861 1693 4915 At
1722 4863 1810 4930 qui
1842 4876 2014 4931 neque

2124 4857 2237 4909 οὐδὲ
2277 4856 2561 4926 ἄνθρωπος
2587 4851 2729 4910 εἷναί
2778 4874 2871 4927 μοι
2898 4856 3045 4910 δοκεί
3069 4896 3083 4922 ,
3132 4857 3248 4910 ἀλλ’
3278 4856 3552 4926 ἀλιτήριος
3574 4852 3682 4906 δαίο

442 4953 612 5022 ipsius
666 4953 972 5006 honestatis
1034 4966 1220 5017 causa,
1280 4968 1456 5020 neque
1511 4962 1727 5021 propter
1778 4952 2014 5007 divinam

2124 4969 2257 5021 μων.
2304 4953 2382 5004 Δι’
2420 4951 2488 5022 ἢν
2529 4951 2709 5005 τοίνυν
2760 4950 2940 5004 αἰτίαν
2970 4949 3033 5003 σὺ
3079 4950 3187 5004 τῶν
3225 4949 3381 5004 θείων
3432 4944 3686 5018 χρησμῶν

438 5044 763 5109 mercedem,
809 5056 982 5110 neque
1031 5050 1250 5110 propter
1298 5043 1586 5095 humanam
1635 5040 1844 5094 laudem
1889 5040 2014 5095 facit

2124 5043 2380 5106 ἀκούσας,
2450 5041 2981 5112 παρακελευομένων
3034 5042 3110 5113 μὴ
3142 5045 3316 5095 ποιεῖν
3345 5040 3442 5110 τὴν
3470 5039 3685 5107 ἐλεημο-

438 5133 672 5190 ollicium
714 5152 729 5189 :
767 5134 812 5189 is
854 5133 983 5187 mihi
1034 5147 1102 5187 ne
1144 5133 1307 5188 homo
1349 5133 1565 5202 quidem
1611 5147 1733 5187 esse
1774 5132 2005 5198 videtur,

2124 5135 2284 5204 σύνην
2318 5134 2628 5206 ἔμπροσθεν
2669 5134 2779 5187 τῶν
2809 5133 3133 5204 ἀνθρώπων,
3168 5136 3231 5188 οὐ
3277 5134 3363 5188 διὰ
3389 5132 3685 5202 φιλοδοξίαν

511 5294 530 5322 ³
560 5288 747 5344 Matth.
774 5304 848 5355 vr,
880 5288 939 5353 5,
979 5290 1035 5343 4.

1535 5401 1766 5457 νΑΙὶΙιιΕ
1804 5402 2193 5460 LECTIOLVES
2234 5402 2321 5459 ET
2361 5403 2596 5461 NOTAE.

2192 5562 2305 5632 (29)
2346 5562 2454 5632 Pro
2489 5560 2684 5630 ἠθικόν
2723 5562 2862 5617 idem
2895 5562 3017 5618 cod.
3056 5562 3183 5631 legit
3205 5558 3402 5615 ὑλικόν.
3436 5556 3643 5632 Possis.

2189 5624 2301 5704 (50)
2339 5624 2553 5686 νει-5.]
2600 5649 2687 5701 ep.
2721 5649 2817 5701 pro
2851 5624 3350 5704 κεχρεωσαῖὴμένην
3384 5627 3509 5683 cod.
3566 5624 3683 5679 Vat.

2116 5702 2221 5756 650
2256 5703 2418 5757 habet
2446 5704 2855 5774 κεχρωσμένην.
2881 5702 3090 5757 Possm.

508 5562 622 5634 (‘28)
656 5562 800 5627 Hac,
827 5563 920 5617 καὶ
944 5563 1043 5633 τὴν
1076 5560 1334 5632 βιωτικὴν
1481 5561 1633 5634 παρὰ
1656 5558 1732 5630 τῷ
1778 5558 2013 5634 Ἐκκλη-

442 5631 656 5701 σιαστῇ,
688 5636 969 5688 omittebat
1001 5631 1088 5686 ed.
1144 5634 1315 5685 l’aris.
1355 5631 1732 5686 Restituuutur
1765 5645 1794 5686 e
1822 5631 2010 5686 codice

444 5703 699 5759 Vaticano
728 5720 811 5773 ap.
838 5702 1136 5758 Possinum.
1173 5701 1330 5755 Eutr.
