3886 6420
169 304 293 369 i093

1037 305 1575 367 EPISTULARUM
1609 306 1756 365 LIB.
1800 307 1899 367 IV.
1936 331 2006 343 ν-
2044 308 2283 368 EPIST.
2306 309 2527 372 XLIII.

3285 310 3421 377 ποθι

168 412 482 483 ἁνεχόμενός
515 430 571 467 τι
616 415 793 467 ποιεῖν
833 414 1093 485 χρηστὸν,
1116 415 1255 475 -τοὺς
1295 412 1385 466 διὰ
1429 414 1739 483 φιλοτιμίαν

1846 414 1942 469 sed
1990 415 2327 485 perniciosus
2367 417 2584 485 quidam
2629 424 2683 471 et
2720 418 2915 473 noxius
2963 416 3194 473 daemon.
3238 419 3420 486 Quare

168 505 442 566 ποιοῦντας
473 506 655 575 αἰτιᾷς
694 506 844 574 Ὄσῳ
862 506 970 575 γὰρ
1004 505 1270 575 κρείττων
1317 504 1347 555 6
1376 504 1465 557 διὰ
1497 504 1596 574 τὴν
1623 504 1732 556 τῶν

166 594 455 663 ἀνθρώπων
498 595 655 659 δόξαν
696 596 1054 666 σωφροσύνην
1101 596 1307 660 ἀσκῶν,
1339 596 1434 649 τοῦ
1474 597 1607 665 μηδὲ
1645 594 1735 647 διὰ

167 687 357 757 ταύτην
389 686 795 757 σωφρονοῦντος
816 704 830 717 ·
876 687 1133 739 τοσοῦτον
1164 690 1193 740 6
1224 687 1312 739 διὰ
1342 688 1643 755 φιλοδοξίαν
1674 682 1733 739 εὖ

1847 507 2029 576 igitur,
2066 510 2252 577 tu,qui
2290 509 2468 563 divina
2494 510 2711 563 oracula
2741 511 3018 576 audivisti,
3071 512 3418 566 admonentia

1843 615 1909 652 ne
1941 599 2201 655 faciamus
2241 600 2634 671 eleemosynam
2682 614 2866 656 coram
2913 601 3239 667 hominibus,
3292 618 3417 656 cum

1846 686 1959 755 ipse
2003 702 2072 742 ne
2123 689 2337 756 quidem
2390 690 2574 757 gloriae
2621 692 2910 760 cupiditate
2941 692 3202 745 adductus
3254 693 3416 760 quid-

168 783 346 848 ποιῶν,
394 783 489 836 τοῦ
535 783 781 852 μηδόλως
824 776 883 837 εὗ
919 782 1202 845 ποιοῦντος
1235 781 1495 850 ἀμείνων.
1552 782 1614 833 '0
1647 782 1746 850 μὲν

1844 794 2006 849 quam
2053 781 2178 834 boni
2228 780 2403 835 facere
2441 782 2732 845 sustineas,
2763 798 2855 837 eos
2901 784 2990 850 qui
3035 798 3129 852 per
3168 784 3423 836 ambitio-

166 874 264 943 γὰρ
294 874 421 937 τοὺς
467 871 823 944 ἀνθρώπους,
859 872 888 924 6
938 872 996 927 δὲ
1050 871 1175 925 οὔτε
1231 873 1360 936 τοὺς
1419 870 1746 941 ἀνθρώπους

1851 886 1972 923 nent
2009 870 2218 938 aliquid
2245 870 2451 924 faciunt
2481 872 2870 940 reprehendis?
2904 873 3113 939 Quanto
3138 874 3282 927 enim
3309 889 3421 928 me-

166 964 274 1017 οὺδὲ
304 964 396 1017 τὸν
426 963 560 1015 Θεὸν
590 964 815 1033 ᾐδέσθη.

1852 960 1953 1013 lior
1982 970 2064 1013 est
2089 961 2132 1014 is
2170 962 2261 1030 qui
2297 971 2515 1031 prepter
2536 963 2809 1017 hominum
2846 966 3067 1032 gloriam
3096 965 3225 1018 colit
3252 964 3419 1018 casti-

167 1071 320 1115 tatem
350 1069 408 1114 et
436 1061 873 1127 temperantiam,
913 1072 1000 1118 eo,
1039 1063 1135 1125 qut'
1168 1070 1235 1108 ne
1265 1056 1480 1124 quidem
1526 1064 1746 1124 propter
1782 1054 1923 1109 hanc
1952 1065 2263 1125 temperans
2332 1066 2386 1111 et
2429 1070 2612 1113 casms
2639 1068 2721 1112 est
2763 1077 2778 1114 :
2849 1070 2999 1115 tanto
3032 1062 3198 1115 etiam
3250 1061 3296 1115 is
3327 1062 3417 1129 qui

166 1154 284 1209 facit
337 1154 737 1224 eleemosynam
802 1152 989 1221 gloria:
1056 1151 1452 1219 consequentiae
1522 1152 1737 1214 studio,
1780 1149 1952 1203 altero
2022 1152 2111 1219 qui
2182 1152 2339 1218 plane
2384 1166 2486 1205 non
2521 1151 2676 1215 facit,
2718 1144 2907 1207 melior
2938 1162 3048 1207 est.
3082 1153 3230 1206 Alter
3271 1155 3418 1207 enim

166 1245 405 1299 homines
434 1243 659 1308 saltem;
700 1241 838 1295 alter
878 1255 1006 1294 vero
1046 1254 1222 1308 neque
1267 1240 1536 1306 homines,
1580 1254 1752 1308 neque
1791 1240 1956 1294 Deum
1984 1252 2066 1295 est
2096 1243 2380 1296 reveritus.

675 1358 812 1411 MB’.
844 1388 913 1397 —
941 1358 1208 1428 ΜΑΡΚῼ.

163 1450 256 1502 Διὰ
276 1452 338 1502 τί
366 1448 476 1502 τὸν
497 1448 772 1518 μέθυσον
805 1448 902 1502 καὶ
942 1451 1049 1502 τόν
1071 1448 1353 1516 λοίδορον
1377 1451 1411 1502 ό
1452 1448 1736 1502 Ἀπόστο-

222 1523 329 1654 gae
381 1521 527 1587 μετὰ
563 1519 684 1572 τῶν
714 1518 784 1572 τὰ
830 1518 1084 1587 μέγιστα
1128 1520 1559 1588 ἡμαρτηκότων
1597 1520 1735 1572 ἐτα-

261 1607 351 1643 εν.

2355 1359 2513 1414 XLII.
2545 1392 2616 1405 —
2643 1360 2903 1415 MARCO.

1845 1449 2022 1516 Quare
2062 1450 2326 1504 ebriosum
2372 1464 2418 1506 et
2467 1454 2781 1508 maledicum
2823 1452 3102 1519 Apostolus
3134 1453 3272 1507 inter
3308 1470 3416 1520 eos,

1910 1522 1998 1591 qui
2034 1525 2267 1575 maxima
2296 1527 2667 1578 commiserunt
2705 1534 2939 1592 peccata,
2976 1525 3246 1578 collocarit
3273 1525 3314 1577 ³.

222 1699 540 1770 θαυμάζειν
567 1701 726 1772 ἔφης,
778 1701 895 1764 πῶς
928 1700 1019 1754 τὸν
1053 1700 1287 1771 μέθυσον
1315 1700 1411 1754 καὶ
1447 1699 1538 1753 τὸν
1567 1698 1737 1752 λοίδο-

1914 1703 2095 1759 Mirari
2126 1715 2176 1758 te
2199 1706 2439 1771 dicebas,
2464 1722 2568 1775 qua
2597 1706 2806 1759 ratione
2836 1707 3123 1775 Apostolus
3144 1707 3417 1762 ebriosum

163 1811 242 1865 ρον
269 1795 298 1845 6
333 1794 666 1857 Ἀπόστολος
706 1794 846 1865 μετὰ
872 1793 981 1847 τῶν
1021 1793 1225 1864 μοιχῶν
1256 1792 1482 1847 καὶτῶν
1508 1794 1737 1862 ἡταιρη-

161 1887 323 1938 κάτων
369 1884 550 1950 ἔταξε.
607 1886 754 1956 Φημὶ
788 1886 989 1949 τοίνυν,
1030 1887 1110 1939 ὅτι
1161 1887 1211 1939 εἰ
1267 1884 1367 1956 μὲν
1412 1886 1513 1956 τὴν
1566 1884 1737 1954 αὐτὴν

158 1978 383 2040 ἐκείνοις
430 1978 634 2048 ἔφησεν
687 1980 883 2042 αὐτοὺς
914 1977 1106 2031 δώσειν
1149 1978 1327 2049 δίκην,
1374 1977 1528 2031 λύσιν
1571 1976 1737 2047 ἐχρῆν

156 2069 452 2139 ἐπιζητεῖν.
484 2071 546 2122 Εἰ
589 2069 645 2121 δὲ
678 2070 777 2138 τῆς
825 2068 1106 2139 βασιλείας
1154 2069 1356 2140 ὁμοίως
1390 2070 1617 2131 ἐκείνοις
1644 2070 1738 2120 ἐκ·

158 2158 438 2211 πεσεῖσθαι
486 2159 613 2239 ἔφη,
649 2157 717 2211 δι’
765 2160 832 2228 ἢν
865 2161 1042 2212 αἰτίαν
1074 2158 1306 2229 αἴνιγμά
1354 2176 1437 2212 σοι
1486 2159 1632 2212 δοκεῖ
1678 2160 1738 2211 τὸ

156 2252 352 2320 ρηθέν;
395 2250 561 2303 Ἀλλο
593 2249 700 2321 γάρ
734 2251 794 2304 τὸ
824 2252 1032 2318 εἰπεῖν,
1072 2252 1155 2304 ὅτι
1203 2253 1307 2319 ἔξω
1346 2254 1529 2321 πάσης
1573 2252 1735 2321 τιμῆς

154 2361 206 2395 τε
240 2343 337 2396 καὶ
377 2343 538 2413 δόξης
586 2343 901 2405 κείσονται,
935 2346 1029 2397 καὶ⁸
1077 2344 1225 2409 ἄλλο,
1261 2344 1321 2397 τὸ
1373 2345 1579 2411 φάναι·
1624 2344 1735 2414 Τὴν

153 2432 312 2504 αὐτὴν
347 2433 582 2485 δώσουσι
629 2433 805 2503 δίκην.
839 2434 914 2485 Οὐ
947 2436 1056 2505 γὰρ
1104 2430 1291 2490 εἶπεν·
1339 2435 1448 2504 Τὴν
1482 2434 1602 2504 ἴσην
1636 2433 1738 2485 δώ-

156 2542 295 2577 σουσι
328 2525 510 2595 δίκην,
543 2525 571 2577 ὃ
605 2526 667 2578 σὺ
702 2525 831 2587 ἴσως
868 2525 940 2595 μὴ
972 2526 1168 2596 νοήσας
1199 2526 1257 2578 τὸ
1290 2526 1452 2596 ῥηθὲν
1481 2528 1737 2595 ἐνόμισας

152 2614 444 2685 εἰρῆσθαι,
486 2614 654 2679 ἀλλὰ,
697 2633 715 2665 ί
774 2615 1061 2667 Βασιλείαν
1095 2616 1227 2668 Θεοῦ
1277 2618 1337 2668 οὐ
1387 2617 1730 2687 κληρονομή-

156 2723 316 2760 σουσι.
368 2726 387 2757 ι
419 2708 531 2777 Τῆς
558 2708 655 2776 μὲν
690 2709 796 2778 γὰρ
824 2708 1002 2777 δόξης,
1036 2708 1192 2778 φησι,
1214 2709 1376 2761 παντὶ
1405 2707 1590 2779 τρόπῳ
1630 2709 1735 2772 ἔξω

153 2800 429 2852 κείσονται
458 2816 471 2828 ⁸
504 2800 640 2869 πρὸς
669 2800 724 2852 δὲ
759 2802 855 2870 τὴν
900 2801 1171 2870 ποσότητα
1205 2801 1299 2853 καὶ
1327 2801 1424 2871 τὴν
1473 2804 1736 2871 ποιότητα

154 2894 239 2943 καὶ
263 2891 612 2960 πηλικότητα
641 2892 753 2960 (51)
778 2891 888 2943 τῶν
915 2892 1331 2962 ἁμαρτημάτων
1360 2892 1731 2964 κριθήσονται.

154 2982 330 3050 Πολλὴ
370 2981 482 3051 γὰρ
515 2981 611 3034 τοῦ
646 2982 792 3035 θείου
819 2982 1173 3052 δικαστηρίου
1214 2986 1247 3054 ἡ
1279 2984 1554 3055 ἀκρίϐεια.

1840 1804 1893 1849 et
1935 1798 2258 1851 maledicum
2294 1799 2346 1852 in
2392 1800 2578 1852 eodem
2611 1798 2765 1866 quasi
2793 1813 2959 1852 censu
2995 1814 3113 1851 cum
3156 1800 3418 1854 adulteris

1843 1898 1897 1941 et
1931 1890 2325 1943 scortatoribus
2349 1888 2648 1942 collocarit.
2681 1890 2781 1943 Aio
2817 1890 2995 1956 itaque
3031 1908 3044 1943 :
3082 1890 3136 1943 Si
3173 1892 3415 1944 canalem

1840 1995 1959 2033 cum
1992 1980 2074 2034 his
2101 1996 2313 2049 pinnam
2341 1981 2615 2035 subituros
2646 1996 2739 2035 eos
2766 1982 3005 2046 dixisset,
3037 1992 3143 2034 tum
3176 1998 3302 2037 vero
3324 1998 3415 2035 so-

1842 2073 2094 2126 lutionem
2132 2072 2334 2142 (hujus
2373 2070 2759 2142 dubitationis)
2805 2072 3081 2141 inquirere
3122 2083 3415 2142 oporteret.

1839 2166 1969 2218 Cum
2011 2174 2189 2219 autem
2231 2180 2326 2219 eos
2370 2180 2522 2234 aeque
2559 2175 2725 2233 atque
2764 2165 2896 2220 ista:
2940 2180 3104 2233 regno
3144 2166 3416 2234 (coeleSIi)

1838 2255 2155 2309 frustratum
2182 2256 2246 2309 iri
2277 2256 2473 2309 dixerit
2507 2272 2520 2308 :
2553 2256 2681 2323 quid
2718 2270 2897 2310 causa:
2932 2266 3034 2320 est,
3071 2272 3167 2308 cur
3195 2256 3245 2309 id
3273 2259 3416 2324 quod

1839 2345 2041 2398 dictum
2082 2354 2185 2407 est,
2227 2346 2519 2397 obscurum
2556 2343 2646 2395 tibi
2693 2341 2864 2395 instar
2893 2342 3195 2410 mniginatis
3231 2341 3415 2394 videa-

1841 2436 1965 2489 tur?
1992 2434 2146 2489 Aliud
2192 2437 2336 2487 enim
2370 2442 2485 2497 est,
2528 2434 2727 2495 dicere,
2766 2443 2919 2487 extra
2968 2440 3186 2485 omnem
3241 2432 3415 2486 hono-

1838 2543 1950 2581 rem
1990 2536 2044 2581 et
2078 2527 2300 2595 gloriam
2352 2541 2445 2579 eos
2492 2525 2607 2579 fore
2649 2525 2971 2577 conStitutos
3002 2564 3018 2588 ,
3066 2532 3120 2576 et
3157 2523 3299 2576 aliud
3332 2524 3417 2578 di-

1839 2635 1983 2684 cere,
2020 2620 2134 2689 pari
2168 2618 2433 2687 supplicio
2466 2616 2718 2670 allectum
2764 2616 2851 2669 iri.
2886 2614 2997 2668 Non
3037 2616 3178 2670 enim
3230 2616 3365 2669 dixit
3398 2632 3412 2667 :

1838 2711 2003 2766 Pares
2047 2712 2249 2765 dabunt
2283 2723 2469 2778 pinnas
2514 2707 2690 2778 (quod
2734 2716 2787 2758 tu
2834 2704 3082 2760 fortassis
3124 2720 3227 2758 non
3266 2705 3417 2759 intel-

1839 2805 1975 2859 lecto
2044 2800 2302 2870 Paulino)
2356 2800 2501 2853 dicto
2565 2798 2766 2868 putasti
2844 2797 3045 2850 dictum
3100 2810 3241 2861 esse,
3294 2798 3412 2858 sed,

1845 2914 1863 2946 ι
1912 2909 2132 2963 regnum
2181 2892 2277 2946 Dei
2336 2907 2439 2945 non
2471 2889 2843 2960 possidebunt.
2877 2907 2895 2938 ι
2936 2886 3068 2941 Nam
3118 2899 3270 2942 extra
3303 2888 3418 2957 glo-

1839 2985 1974 3039 riam
2015 2985 2255 3053 quidem,
2286 2982 2481 3049 inquit,
2518 2981 2738 3035 omnino
2785 2978 2946 3048 positi
2982 2988 3172 3045 erunt;
3211 2978 3413 3032 interea

152 3087 327 3155 tanien
364 3080 664 3135 secundum
698 3079 1051 3147 quantitatem
1093 3088 1148 3133 et
1191 3079 1503 3146 qualitatem
1564 3090 1619 3135 et
1693 3096 1973 3137 numerum
2055 3087 2399 3149 peccatorum
2442 3077 2852 3145 judicabuntur.
2920 3075 3110 3146 Magna
3158 3075 3301 3129 enim
3352 3090 3417 3130 ac

153 3173 440 3245 multiplex
466 3183 548 3227 est
582 3172 750 3226 divini
781 3171 970 3238 judicii
1004 3173 1313 3242 exquisitio.

421 3288 559 3341 ΜΓ.
592 3316 663 3327 -—
696 3284 929 3339 IEPAKI
968 3286 1463 3359 ΛΑΜΠΡΟΤΑΤῼ.

152 3401 319 3466 Τίνος
348 3400 391 3468 ἡ
429 3399 646 3453 ἔννοια
681 3398 790 3454 τοῦ
973 3399 1231 3467 κόρακος
1261 3399 1581 3469 τρέφεσθαι
1626 3399 1735 3453 τὸν

958 3485 1056 3520 αν.

958 3485 1056 3520 αν.

218 3583 399 3649 Ἷσθι,
436 3575 482 3635 ὦ
513 3583 665 3649 σοφὲ,
716 3583 799 3635 ὅτι
839 3582 872 3652 ἡ
914 3580 1067 3652 πηγὴ
1111 3584 1210 3652 τῆς
1253 3581 1588 3650 άγαθότητος
1632 3583 1733 3654 τὴν

147 3676 364 3728 δικαίαν
409 3673 505 3727 τοῦ
560 3675 839 3744 προφήτου
874 3673 1016 3726 κατὰ
1059 3672 1327 3725 Ἰουδαίων
1358 3674 1732 3744 ἀγανάκτησιν

150 3763 392 3833 ἐκμάξαι
425 3765 542 3835 (3‘2)
593 3763 892 3834 βουλομένη
936 3762 1121 3832 (λιμὸν
1149 3764 1258 3833 γάρ
1297 3765 1579 3835 ἐπήγαγεν
1599 3807 1612 3830 ,
1645 3766 1732 3817 ἵνα

146 3856 233 3909 τὸν
248 3858 417 3926 κόρον
436 3855 595 3926 ὕϐριν
611 3855 867 3908 ὠδίνοντα
881 3855 1201 3926 σωφροσύνη
1221 3855 1549 3924 σωφρονίσαι
1571 3857 1729 3927 (35))·

148 3950 570 4020 παρεσκεύασεν
626 3947 790 4001 αὐτὸν
828 3947 916 3999 διὰ
949 3948 1186 4018 κόρακος
1225 3949 1541 4018 τρέφεσθαι,
1578 3966 1733 4019 μισο-

145 4041 340 4094 τέκνου
374 4038 583 4110 πτηνοῦ
604 4079 618 4103 ,
654 4038 748 4091 καὶ
776 4038 1051 4101 τίκτοντος
1088 4038 1210 4108 μὲν,
1243 4040 1305 4091 οὐ
1332 4040 1622 4111 τρέφοντος
1648 4040 1725 4093 δέ’

144 4133 222 4187 διὸ
278 4133 380 4186 καὶ
405 4135 435 4184 6
476 4131 727 4200 Μελῳδὸς
791 4130 967 4183 καίτοι
1003 4129 1184 4201 πάσης
1216 4131 1314 4201 τῆς
1363 4132 1593 4196 κτίσεως
1632 4149 1732 4201 φυ-

147 4224 282 4295 σικῷ
318 4224 471 4294 λόγῳ
499 4225 578 4287 είς
609 4222 701 4276 τὸν
744 4221 1087 4292 Δημιουργὸν
1129 4222 1574 4291 ἀποϐλεπούσης·
1613 4242 1631 4275 r
1666 4224 1729 4275 Οἱ

142 4317 416 4386 ὀφθαλμοὶ
447 4314 559 4385 γὰρ
583 4314 824 4379 πάντων,
863 4313 1051 4383 φησὶν,
1083 4317 1162 4376 εἰς
1193 4314 1254 4365 σὲ
1279 4313 1565 4378 ἐλπίζουσι
1588 4355 1603 4378 ,
1635 4316 1732 4368 καὶ

148 4410 209 4460 σὺ
244 4408 408 4471 δίδως
439 4406 538 4477 τὴν
568 4404 773 4477 τροφὴν
815 4404 992 4459 αὐτῶν
1014 4406 1073 4458 ἐν
1105 4404 1388 4475 εὐκαιρίᾳ·
1427 4424 1445 4456 ι
1478 4406 1730 4476 κοράκων

145 4498 552 4568 ἐμνημόνευσε,
575 4496 750 4564 λέγων
770 4511 786 4525 ⁶
821 4514 839 4547 ι
879 4494 971 4566 Τῷ
998 4494 1194 4547 διδόντι
1220 4498 1333 4558 τοῖς
1352 4495 1578 4566 κτήνεσι
1605 4510 1731 4566 τρο-

2049 3288 2317 3343 XLIII.—
2346 3286 2621 3342 IIIISIIACI
2654 3283 3202 3341 lLLUSTRlSSIllO.

1874 3399 2016 3464 Quid
2039 3398 2138 3452 sibi
2162 3398 2306 3464 velit,
2331 3397 2471 3467 quod
2505 3394 2657 3450 Elia:
2677 3411 2769 3466 per
2794 3410 3004 3450 corvum
3027 3405 3211 3464 pastus
3235 3394 3304 3448 sit
3335 3396 3375 3449 ⁸.

1905 3585 2060 3639 Scire
2085 3585 2270 3648 debes,
2307 3584 2390 3637 vir
2418 3583 2653 3651 sapiens,
2688 3581 2893 3635 fontem
2938 3578 3086 3633 illum
3127 3579 3412 3642 bonitatis,

1834 3677 1996 3748 435
2013 3694 2134 3731 cum
2157 3678 2311 3731 vellet
2324 3678 2522 3744 justam
2539 3676 2812 3744 prophetae
2830 3675 3086 3727 adversus
3105 3670 3316 3726 Iudaeos
3334 3674 3416 3725 in-

1834 3771 2202 3838 dignationem
2238 3768 2545 3836 abstergere
2566 3766 2785 3833 (famem
2818 3765 2961 3819 enim
2989 3764 3220 3827 induxit,
3237 3775 3294 3816 ut
3321 3778 3413 3817 sa—

1835 3864 2133 3923 turitatem,
2181 3875 2302 3929 quae
2342 3858 2721 3912 contumeliam
2762 3873 2950 3925 parere
2992 3858 3153 3923 solet,
3183 3856 3417 3925 castiga-

1835 3966 1914 4008 ret
1936 3956 1972 4019 ),
1998 3953 2206 4006 curavit
2241 3953 2416 4019 ipsum
2450 3965 2542 4017 per
2568 3965 2788 4004 corvum
2817 3950 2989 4018 pasci,
3022 3964 3174 4002 avem
3206 3948 3414 4003 sobolis

1834 4043 2064 4113 propria:
2088 4056 2325 4105 osorem,
2352 4049 2406 4094 et
2430 4056 2550 4108 qua:
2574 4041 2713 4108 parit
2739 4041 2959 4107 quidem
2985 4048 3145 4108 atque
3175 4039 3413 4093 excludit

1832 4137 2025 4206 pullos,
2074 4136 2166 4189 sed
2203 4149 2297 4188 eos
2341 4149 2445 4187 non
2495 4133 2607 4186 alit.
2661 4132 2791 4198 Quae
2832 4147 2994 4186 causa
3033 4148 3250 4202 quoque
3306 4142 3412 4194 est,

1828 4227 1972 4296 quod
2000 4225 2334 4278 Psalmornm
2381 4224 2635 4292 scriptor,
2666 4224 2912 4291 quamvis
2941 4224 3122 4277 omnis
3156 4233 3409 4277 creatura

1833 4317 2063 4372 naturali
2099 4318 2328 4383 quodam
2369 4316 2623 4369 instinctu
2664 4314 2716 4367 in
2750 4314 2996 4382 Opiﬁcem
3046 4328 3201 4367 suum
3239 4314 3411 4381 respi-

1831 4411 1937 4463 ciat
1973 4427 1987 4462 :
2030 4426 2049 4459 ι
2086 4407 2239 4462 Oculi
2272 4407 2417 4461 enim
2448 4406 2710 4469 omnium,
2753 4406 2949 4474 inquit,
2982 4405 3035 4457 in
3083 4414 3133 4456 te
3165 4415 3408 4472 sperant,

1830 4510 1884 4554 et
1913 4509 1965 4552 tu
1996 4500 2093 4553 das
2130 4514 2309 4553 escam
2342 4497 2556 4550 illorum
2587 4496 2639 4549 in
2674 4506 2914 4564 tempore
2940 4502 3241 4561 opportuno
3271 4493 3327 4556 ll;
3356 4494 3407 4545 in

145 4590 250 4663 φὴν
293 4591 481 4643 αὐτῶν
503 4631 519 4655 ,
559 4590 653 4643 καὶ
693 4591 806 4651 τοῖς
841 4590 1082 4651 νεοσσοῖς
1132 4587 1242 4641 τῶν
1278 4587 1563 4657 κοράκων,
1615 4590 1728 4651 τοῖς

1841 4590 2013 4661 specie
2043 4605 2326 4643 corvorum
2363 4588 2687 4642 mentionem
2721 4588 2922 4645 fecerit,
2948 4600 3069 4639 cum
3103 4584 3218 4637 ait:
3251 4602 3269 4635 ι
3303 4584 3405 4652 Qui

145 4681 606 4752 ἐπικαλουμένοις
635 4681 816 4734 αὐτόν.
854 4698 872 4730 ι
902 4678 1153 4733 Μάλιστα
1201 4680 1299 4749 μὲν
1329 4678 1435 4748 γὰρ
1475 4679 1651 4731 πάντα
1692 4681 1725 4749 ὴ

144 4773 265 4828 θεία
306 4774 542 4845 πρόνοια
594 4770 830 4843 τρέφει,
868 4771 1041 4842 φησι,
1091 4769 1454 4840 διαφερόντως
1493 4769 1552 4821 δὲ
1596 4771 1724 4832 τοὺς

146 4865 409 4927 νεοσσοὺς
466 4863 575 4916 τῶν
624 4864 899 4933 κοράκων,
945 4861 1079 4924 τοὺς
1130 4861 1282 4930 παρὰ
1324 4861 1432 4912 τῶν
1465 4861 1731 4913 τεκόντων

142 4956 590 5028 ἁμελουμένους’
624 4955 836 5024 ςωΰφια
859 4953 971 5025 (54)
1010 4954 1119 5024 γὰρ
1145 4955 1265 5015 ταῖς
1312 4954 1527 5016 καλιαῖς
1577 4969 1731 5024 περι-

220 5136 244 5170 ³
276 5136 299 5192 1
331 5136 461 5191 Cor.
488 5153 568 5205 vr,
606 5136 698 5191 10.
773 5136 794 5167 ⁸
819 5133 881 5191 ΙΙΙ
917 5134 1049 5206 Reg.
1084 5149 1220 5201 xvu,
1248 5133 1304 5188 4.

1835 4685 1918 4735 dat
1949 4682 2207 4751 jumentis
2232 4681 2545 4734 alimentum
2573 4680 2834 4748 ipsorum,
2859 4685 2912 4729 et
2937 4675 3098 4745 pullis
3120 4690 3407 4729 corvorum

1837 4773 2214 4829 invocantibus
2247 4788 2370 4826 eum
2409 4772 2450 4826 °.
2484 4789 2501 4823 ι
2533 4770 2762 4824 Maxime
2792 4767 3031 4838 quidem,
3055 4766 3257 4835 inquit,
3292 4781 3411 4819 om-

1840 4864 1925 4917 nia
1967 4862 2137 4917 nutrit
2183 4877 2247 4916 ac
2288 4869 2558 4916 sustentat
2587 4860 2767 4913 divina
2811 4856 3180 4929 providentia;
3215 4857 3413 4911 eximie

1838 4966 1971 5008 vero
2015 4963 2070 5008 et
2109 4952 2362 5023 peculiari
2396 4952 2630 5021 quodam
2679 4949 2837 5003 modo
2878 4947 3052 5019 pullos
3099 4963 3410 5013 corvorum,

1253 5290 1493 5347 VARUE
1535 5288 1916 5347 LECTIONES
1952 5290 2041 5346 ET
2079 5290 2311 5347 NOTAE.

218 5449 339 5519 (51)
372 5446 557 5519 Verba
581 5447 692 5514 illa,
718 5447 814 5501 xuii.
852 5446 1189 5519 πηλικότητά
1213 5487 1229 5509 ,
1263 5462 1367 5501 non
1410 5453 1730 5519 comparent

1841 5446 2048 5519 5_ttpplel.
2080 5448 2201 5501 cod.
2241 5444 2412 5502 Vatic.
2465 5445 2570 5503 650
2601 5455 2657 5502 et
2708 5446 3099 5502 Ritterslmsius
3145 5445 3199 5501 in
3231 5445 3397 5501 notis.

147 5520 201 5573 in
230 5516 478 5588 eo'roda
510 5518 652 5572 idem
685 5531 825 5571 vers.
860 5516 975 5586 seq.
1004 5532 1102 5586 pro
1145 5517 1493 5588 δικαστηρίου
1533 5516 1725 5571 scribit

144 5587 435 5643 δικαστοῦ.
461 5587 529 5641 In.

217 5630 1010 5745 ἑὲῖὲἓδῖκμᾴειερρειοιθι·
1030 5630 1730 5745 ιδιῑεείιέιιέελάεειςιές

218 5726 343 5793 ίὸὅ)
378 5726 652 5784 Lacunam
681 5728 761 5785 sic
792 5728 844 5784 in
876 5728 1010 5784 edit.
1040 5726 1462 5807 Paris.’punctis
1489 5739 1730 5783 notatam

1833 5516 2018 5658 Ευὶἔλ)
2064 5586 2172 5658 Ρη)
2205 5586 2421 5657 ζωΰφια
2453 5586 2563 5657 γάρ
2603 5586 2742 5642 idem
2787 5586 2910 5641 cod.
2950 5585 3113 5641 habet
3140 5583 3256 5649 ζῶα
3290 5586 3402 5657 γὰρ

1839 5656 2032 5730 μικρά.
2061 5656 2273 5713 Possm.
2338 5656 2343 5657 “
2450 5666 2454 5670 ·
