3886 6420
132 356 231 422 10W

939 354 1479 422 EPISTCILARUM
1520 362 1667 424 LIB.
1711 365 1809 425 IV.
1854 391 1920 400 —
1958 354 2195 425 EPIST.
2234 362 2501 424 XLVIII.

3227 362 3249 424 1
3260 364 3363 429 ὒθὸ

126 469 182 538 τῷ
210 467 571 538 δμδασκαλικῷ
600 468 871 537 ἀξιώματι
904 471 1301 541 ὠφρυωμένος,
1334 474 1430 526 καὶ
1459 473 1677 542 τολμῶν

1789 475 1939 530 niens
1990 473 2232 528 calculus
2280 474 2333 528 in
2385 475 2527 543 ipsos
2582 474 2790 530 crimen
2846 474 3114 531 convertit
3188 477 3365 547 (quml

126 560 152 612 ἃ
173 557 233 629 μὴ
257 557 435 627 θέμις,
472 560 595 612 οὐδὲ
625 561 938 632 συμϐουλῆς
968 565 1243 634 ἀνέχεται,
1272 564 1385 617 ἄνω
1408 565 1502 617 καὶ
1523 566 1674 618 κάτω

1789 567 1920 623 falso
1972 568 2309 621 intentarant
2375 566 2704 634 innocenti).
2770 564 2827 620 Si
2879 566 3041 635 igitur
3094 568 3365 622 Eusebius

125 649 295 718 τὸτῆς
349 651 700 722 ἐπισκοπῆς,
762 655 824 706 οὐ
874 655 937 706 τὸ
983 658 1081 726 τῆς
1131 657 1333 726 ἀρετῆς
1384 658 1676 728 προφέρων

1789 673 2017 727 quoque.
2048 667 2105 711 ut
2130 656 2452 726 scripsistis,
2487 657 2726 711 doctoris
2748 658 3013 723 dignitate
3040 659 3363 729 superbieus

126 741 325 810 ἀξίωμα,
349 741 424 813 μὴ
441 742 1079 819 όλιγωρεῖτε.”Αξιαῖγὰρ
1111 749 1352 808 πάντων,
1381 749 1414 818 ἢ
1442 748 1678 801 ἐνταῦθα

126 834 351 903 ἧὲκεῖσε,
383 834 492 888 τῶν
518 836 815 906 δρωμένων
853 838 1287 910 ἀπαιτηθήσεται
1311 839 1380 891 τὰ
1404 840 1677 909 ἐπίχειρα.

126 940 171 977 ac
188 925 423 977 deorsum
455 928 821 996 episcopatus,
858 945 963 982 non
1061 942 1238 983 autem
1271 932 1512 996 virtutis,
1543 944 1825 986 ostentans
1877 933 2168 1002 etjactans
2208 934 2527 1003 dignitatem
2578 951 2591 987 :

1785 760 1841 805 et
1893 750 2058 802 altum
2106 763 2301 820 gerens
2354 748 2730 818 supercilium,
2775 749 3116 820 nefandaque
3162 752 3365 805 audens

1788 842 2029 910 aggredi,
2078 856 2252 912 neque
2289 840 2572 895 c0nsilium
2623 841 2863 895 admittit
2914 842 3101 909 ullum,
3147 859 3363 897 sursum

2655 934 2821 988 nolite
2858 933 2909 987 id
2950 936 3361 1005 parvipendere.

125 1018 279 1085 Digna:
304 1020 451 1072 enim
493 1024 758 1087 omnium,
808 1023 889 1075 vel
934 1024 1042 1089 hic,
1069 1024 1150 1076 vel
1193 1027 1246 1077 in
1276 1025 1446 1079 altero
1477 1026 1673 1080 saeculo
1711 1041 1887 1096 paena:
1915 1027 1984 1081 ab
2012 1027 2129 1096 ipso
2149 1036 2524 1096 reposcentur.

335 1111 487 1177 Μετ’.
522 1142 592 1151 -
620 1113 923 1185 annosae
971 1116 1406 1188 ΑΝΑΓΝΩΣἸᾘ.

153 1201 237 1265 Εἰς
260 1201 344 1267 τὸ,
376 1221 393 1252 ι
449 1200 514 1255 El
554 1204 652 1256 καὶ
690 1204 1039 1328 ἐγνώὲιαμεν
1069 1208 1222 1260 κατὰ
1269 1206 1472 1275 σάρκα
1509 1210 1637 1275 Χρι-

762 1290 841 1327 στ
878 1294 931 1328 ν.
975 1297 992 1327 ι

762 1290 931 1330 στον.
975 1297 992 1327 ι

180 1387 323 1448 Ἴσως
368 1387 559 1458 ἐπειδὴ
608 1389 873 1459 ἀδελφοὺς
907 1391 1165 1444 ἐκάλεσεν
1216 1394 1243 1445 ὁ
1270 1393 1505 1463 Χριστὸς
1543 1395 1671 1457 τοὺς

124 1477 379 1537 ποιοῦντας
409 1478 471 1530 τὸ
495 1476 749 1548 πατρῷον
779 1481 1023 1551 θέλημα,
1056 1483 1152 1534 καὶ
1186 1481 1353 1548 ἔδειξε
1389 1482 1487 1554 τὴν
1530 1484 1673 1536 κατὰ

128 1570 279 1639 σάρκα
332 1569 657 1637 συγγένειαν
710 1573 853 1641 (4|),
922 1573 1052 1626 ἄνευ
1112 1574 1214 1644 τῆς
1264 1577 1407 1627 κατὰ
1456 1575 1676 1645 πνεῦμά

125 1675 238 1727 φημι
270 1656 380 1727 (42)
408 1674 422 1686 ο
462 1659 557 1710 καὶ
596 1658 748 1712 εἶπεν
776 1661 806 1712 ό
847 1662 1170 1725 Ἀπόστολος
1199 1679 1211 1692 ·
1238 1682 1256 1714 ι
1290 1664 1354 1716 Εἰ
1394 1665 1486 1717 καὶ
1508 1664 1676 1732 ἐγνώ-

124 1766 270 1817 καμεν
292 1750 433 1802 κατὰ
454 1750 634 1822 σάρκα
652 1752 909 1824 Χριστὸν,
936 1754 1072 1807 ἀλλὰ
1090 1755 1186 1807 νῦν
1207 1756 1392 1809 οὐκέτι
1415 1755 1679 1823 γινώσκο-

1789 1761 1961 1833 tum),
2003 1732 2211 1815 Idcirco
2252 1760 2417 1814 etiam
2459 1759 2751 1829 Apostolus
2792 1760 2929 1814 dixit
2979 1776 2993 1812 :

123 1855 219 1908 μεεν
244 1856 260 1887 ι
286 1833 417 1891 οἷον·
441 1840 503 1892 Ei
522 1841 617 1893 καὶ
631 1842 1037 1913 ὲσεμνυνόμεθα
1058 1843 1250 1915 πρώην
1265 1845 1315 1897 οἱ
1333 1844 1392 1911 ἐξ
1407 1846 1677 1898 Ἰουδαίων

124 1930 487 1996 πιστεύσαντες
518 1935 586 2004 τῇ
641 1935 784 1988 κατὰ
814 1935 996 2004 σάρκα
1024 1937 1190 1990 αὑτοῦ
1222 1937 1548 2009 συγγενείᾳ,
1581 1938 1677 1993 νῦν

118 2022 167 2073 οὐ
189 2021 352 2096 ταύτῃ
378 2023 813 2095 ὲναϐρυνόμεθα,
837 2027 974 2080 ἀλλὰ
1002 2030 1070 2099 τῇ
1102 2029 1224 2081 κατ’
1247 2028 1555 2099 οἰκειότητα
1585 2030 1679 2081 αὑά

118 2114 194 2166 τοῦ
214 2116 500 2187 ἀγχιστεία
521 2158 537 2180 ,
578 2119 647 2189 ἢν
676 2118 764 2172 διὰ
794 2121 893 2189 τῆς
926 2120 1130 2191 ἀρετῆς
1171 2120 1554 2191 καρπούμεθα.
1585 2121 1678 2174 Διὸ

118 2209 197 2259 καὶ
240 2208 419 2277 ἔλεγε·
462 2228 481 2260 r
520 2212 774 2280 Μιμηταί
823 2229 925 2281 μου
980 2212 1229 2280 γίνεσθε,
1279 2210 1465 2274 καθὼς
1521 2212 1679 2281 κάγὼ

118 2299 363 2368 Χριστοῦ·
409 2320 428 2351 ι
466 2302 668 2355 ὡσανεὶ
715 2302 869 2371 ἔλεγε
896 2319 909 2333 ·
944 2304 1021 2375 Τῇ
1062 2307 1293 2376 μιμήσει
1337 2302 1677 2374 σεμνύνομαι

117 2388 293 2460 μᾶλλον
321 2393 354 2464 ἢ
384 2396 453 2464 τῇ
479 2395 621 2448 κατὰ
644 2396 826 2467 σάρκα
860 2396 1174 2467 ἀγχιστεία.

2051 1118 2239 1174 XLVI.
2272 1150 2341 1159 —
2369 1116 2747 1173 DUROTHEO
2778 1119 3094 1175 LECTORI.

1925 1206 1993 1262 In
2026 1207 2159 1261 illud
2194 1208 2352 1261 Pauli
2378 1209 2576 1261 dictum
2608 1227 2626 1263 :
2668 1228 2685 1259 ι
2742 1208 2859 1262 Etsi
2891 1211 3224 1278 cognovimus

2027 1278 2294 1332 Christum
2318 1280 2605 1333 secundant
2638 1295 2847 1333 carnem
2872 1279 2936 1343 ¹⁰,
2967 1290 3073 1334 etc.
3106 1297 3127 1332 ι

1854 1391 2128 1447 Fortassis
2174 1392 2299 1461 quia
2362 1390 2614 1445 Christus
2674 1390 2872 1446 fratres
2923 1408 3051 1448 suos
3077 1394 3367 1464 appellavit

1784 1500 1878 1540 eos
1907 1484 1998 1553 qui
2027 1482 2362 1537 voluntatem
2398 1490 2681 1550 paternam
2715 1482 2935 1545 faciunt.
2973 1494 3027 1539 et
3067 1486 3170 1540 hoc
3208 1496 3367 1554 pacto

1785 1575 2218 1639 demonstravit,
2273 1572 2547 1627 carnalem
2600 1575 2980 1643 cognationem
3037 1578 3189 1646 parvi
3247 1593 3371 1632 esse

1788 1665 2047 1721 momenti
2084 1664 2275 1735 (dico,
2304 1664 2349 1719 si
2382 1665 2523 1718 absit
2559 1668 2814 1733 cognatio
2854 1669 3151 1722 secundum
3203 1668 3368 1736 Spiri-

3044 1778 3062 1811 ι
3116 1762 3225 1817 Etsi
3274 1777 3369 1817 co-

1786 1850 2069 1920 gnovimus
2094 1848 2369 1903 Christum
2401 1848 2697 1902 secundum
2734 1863 2976 1915 carnem,
3004 1860 3062 1903 at
3097 1867 3237 1905 nunc
3262 1866 3369 1905 non

1786 1941 2015 2009 amplius
2046 1940 2313 1994 novimus.
2357 1957 2385 1989 ›·
2414 1936 2581 2005 Quasi
2617 1938 2851 2004 diceret,
2884 1937 3207 2011 Quanquam
3241 1958 3363 2008 nos,

1784 2032 1877 2101 qui
1920 2045 1987 2085 ex
2020 2029 2220 2085 Iudaeis
2248 2029 2582 2085 credidimus
2611 2029 2851 2095 Christo,
2882 2030 3023 2085 soliti
3053 2046 3239 2085 sumus
3271 2050 3371 2085 an-

1788 2132 1870 2176 tea
1910 2121 2114 2175 carnali
2156 2119 2576 2190 propinquitate,
2620 2134 2724 2189 qua
2765 2135 2890 2175 cum
2936 2122 3052 2190 ipso
3094 2122 3369 2192 conjuncti

1786 2227 1997 2277 sumus,
2039 2212 2288 2283 gloriari,
2336 2212 2448 2279 jam
2505 2220 2685 2264 tamen
2735 2224 2841 2266 non
2886 2212 3116 2281 amplius
3160 2228 3223 2267 ea
3267 2228 3369 2267 nos

1786 2303 2086 2368 efferimus,
2140 2303 2233 2357 sed
2267 2304 2448 2373 potius
2496 2302 2585 2357 illa
2632 2304 3056 2373 propinquitate,
3105 2321 3224 2374 qua:
3272 2321 3369 2360 nos

1786 2393 1891 2463 ipsi
1914 2394 2119 2448 similes
2145 2391 2327 2458 elﬁcit,
2351 2409 2457 2462 qua
2488 2408 2587 2462 per
2622 2394 2878 2448 virtutem
2913 2393 3162 2450 fruimur.
3196 2396 3368 2463 Quam

113 2485 249 2538 etiam
291 2486 360 2538 ob
399 2501 622 2541 causam
661 2489 800 2542 dixit
844 2506 859 2541 :
910 2507 930 2539 ι
976 2488 1283 2544 lmitatores
1324 2489 1429 2543 mei
1473 2498 1670 2551 estote,
1710 2486 1855 2541 sicut
1891 2494 1948 2540 et
1978 2500 2080 2556 ego
2126 2500 2247 2540 sum
2299 2484 2504 2541 Christi
2533 2486 2598 2540 “.
2634 2503 2654 2537 ι
2688 2485 2852 2553 Quasi
2900 2486 3129 2555 diceret,
3178 2485 3369 2542 Imita-

116 2582 237 2636 tione
285 2584 461 2654 magis
495 2584 700 2653 glorior
733 2586 974 2651 Christi,
1011 2602 1174 2655 quam
1217 2588 1422 2642 carnali
1474 2588 1817 2658 cognatione.

559 2679 691 2731 MZ'.
723 2700 795 2718 -
829 2680 1062 2751 nam;
1094 2680 1229 2750 (ιδ).

116 2767 223 2842 ’0τέ
271 2768 390 2842 κρὴ
434 2769 828 2842 τρφρόνημα
891 2769 1013 2824 τῶν
1050 2772 1534 2841 σφαλλομένων’
1585 2773 1673 2842 μὴ

168 2838 548 2913 οίομέεξωνᾷδὲ
585 2840 976 2913 σφάλᾴεσθαι
1002 2880 1018 2913 ,
1069 2838 1407 2909 παθαιρέῖνο
1460 2838 1674 2913 Tro)th

168 2907 425 2977 μαχοῦσι
451 2908 521 2962 δὲ
552 2909 920 2980 συγγνώμην
946 2909 1173 2980 νέμειν.

2277 2674 2481 2732 XLVII.
2520 2706 2591 2715 -—-
2627 2674 2883 2731 PAULO.

1787 2765 2041 2835 Oportere
2084 2766 2383 2833 superbiam
2415 2782 2595 2820 eorum
2616 2767 2707 2834 qui
2731 2778 2935 2833 errant,
2974 2784 3065 2821 nec
3091 2776 3264 2823 tamen
3313 2785 3367 2823 se

1860 2853 2036 2890 errare
2070 2847 2277 2907 putant,
2302 2837 2593 2902 deprimere
2622 2856 2643 2892 :
2673 2840 3042 2907 paenitentibus
3073 2850 3250 2893 autem
3282 2857 3369 2893 ve-

1855 2909 1998 2961 niam
2031 2906 2322 2977 indulgere.

173 3000 323 3066 Ἴσθι,
351 2993 397 3053 ὦ
440 2999 718 3071 βέλτιστε,
747 3002 833 3055 ὅτι
870 3002 933 3055 οὐ
967 3002 1193 3074 λήσεται
1232 3002 1407 3068 οὐδεὶς
1438 3003 1531 3058 τὸν
1571 3021 1676 3073 φα-

1852 2998 2007 3055 Scire
2053 2999 2238 3065 debes,
2272 2999 2415 3055 bone
2459 2999 2566 3065 vir,
2620 3001 2764 3070 quod
2804 3016 2963 3056 nemo
3010 3000 3197 3057 latebit
3238 3002 3365 3057 illn-

110 3088 310 3146 νότατον
340 3094 440 3146 καὶ
474 3093 775 3165 ἀκοίμητον
810 3094 1088 3165 ὀφθαλμὸν
1111 3137 1127 3160 ,
1166 3095 1277 3149 οὐδ’
1322 3098 1372 3149 εὶ
1405 3099 1464 3150 ἐν
1498 3113 1676 3169 παρα·

109 3181 273 3253 ϐύστῳ
302 3200 355 3236 τι
386 3183 630 3253 δράσειε.
658 3184 847 3256 Γυμνὰ
881 3184 992 3256 γὰρ
1013 3186 1163 3257 αὐτῷ
1192 3186 1393 3252 πάντα,
1417 3187 1520 3243 κᾶν
1548 3188 1678 3242 ἁπόο

111 3290 277 3345 κρυφα
322 3270 467 3330 εἶναι
512 3270 666 3348 δοκῇ.
701 3277 794 3331 Διὸ
833 3279 928 3332 καὶ
966 3278 1093 3342 τοὺς
1124 3279 1542 3348 ἁμαρτάνοντας
1584 3281 1678 3334 καὶ

109 3363 174 3435 μὴ
194 3365 609 3435 μετανοοῦντας,
634 3368 871 3438 ποταμοί
896 3386 1042 3433 τινες
1066 3370 1280 3423 ἄενναοι
1307 3370 1674 3438 ὑποδέξονται,

107 3454 204 3527 πῦρ
247 3457 482 3529 φοϐερὸν
518 3458 863 3526 ἀναζέοντεςἱ
914 3453 991 3514 ὧν
1016 3460 1083 3514 τὰ
1112 3461 1305 3533 ῥεῖθρα
1347 3462 1545 3531 φλόγες
1594 3467 1675 3529 εἰς

106 3549 365 3617 τιμωρίαν
402 3542 789 3619 κυμαίνοντι-αι.
848 3551 1148 3624 Τοιγαροῦν
1197 3553 1526 3624 φοϐηθῶμεν
1562 3555 1675 3626 (44)

105 3638 157 3689 τὸ
179 3638 328 3692 Θεῖον
345 3658 361 3672 ο
395 3640 631 3710 φοϐερὸν
654 3641 764 3713 γάρ
782 3657 798 3672 ο
822 3643 917 3696 καὶ
946 3642 1217 3712 σέϐωμεν,
1240 3643 1410 3715 ὁτιδὴ
1436 3644 1639 3713 ἀγαθόν
1658 3662 1674 3677 ο

104 3731 327 3801 αίτῶμέν
354 3750 417 3785 τε
453 3733 604 3805 αὐτῷ
648 3735 932 3806 πρέποντα
976 3734 1192 3800 δοῦναι,
1237 3734 1334 3789 καὶ
1372 3738 1505 3807 ἡμῖν
1539 3755 1678 3808 συμ-

104 3822 323 3893 φέροντα
347 3825 537 3879 λαϐεῖν
563 3844 575 3855 ·
612 3826 750 3897 πρὸς
779 3826 890 3896 γὰρ
929 3825 1087 3881 τοῦτο
1116 3828 1382 3899 ἐπήκοονο
1410 3830 1506 3881 καὶ
1540 3846 1678 3898 γνω-

105 3915 417 3984 σιμαχῶμεν
467 3916 789 3981 πταίοντες·
836 3914 933 3971 καὶ
978 3919 1327 3991 εὐεργετικὸν
1393 3920 1534 3992 γὰρ,
1584 3923 1677 3976 καὶ

102 4003 338 4058 δεκτικὸν
368 4007 479 4061 τῶν
508 4009 753 4079 γνησίως
800 4010 1323 4079 μεταγινωσκόντων
1346 4028 1361 4041 ο
1409 4012 1677 4083 μηδαμῶς

101 4093 153 4146 δὲ
174 4097 533 4170 ὀλιγωρῶμεν
559 4141 575 4165 ,
609 4101 694 4153 ὃτι
718 4100 781 4173 δὴ
809 4101 1036 4155 δυνατὸν
1060 4103 1155 4154 καὶ
1196 4103 1634 4173 ἀπαραλόγιστον
1656 4146 1673 4173 ,

102 4188 208 4241 ἀλλ’
241 4190 501 4261 ἐκθύμως
533 4192 858 4264 ἀγαπῶμεν.
889 4194 1015 4257 Τοῖς
1034 4193 1143 4263 γὰρ
1172 4194 1430 4248 ποθοῦσιν
1458 4196 1571 4270 (45)
1593 4191 1677 4261 οἷς

99 4274 267 4345 λόγοις
300 4281 416 4351 (46)
442 4282 539 4333 καὶ
567 4282 854 4353 μειλίχιον.

1784 3092 2121 3148 strissimum
2148 3091 2297 3146 illum
2331 3106 2396 3147 ac
2421 3092 2737 3162 pervigilem
2770 3094 3011 3157 oculum,
3042 3110 3110 3149 ne
3144 3095 3363 3163 quidem

1779 3182 1825 3236 si
1886 3183 1940 3237 in
1997 3182 2387 3238 occultissimis
2428 3183 2798 3253 penetralibus
2852 3184 3055 3253 aliquid
3110 3169 3360 3254 patrarit.

1777 3273 1975 3344 Aperta
2001 3275 2145 3329 enim
2165 3289 2229 3330 ac
2251 3276 2393 3330 nuda
2426 3274 2526 3345 ipsi
2557 3286 2685 3329 sunt
2711 3276 2891 3331 omnia
2924 3276 2985 3340 ¹²,
3012 3277 3364 3345 quantumvis

1777 3373 1966 3435 operta
1992 3376 2047 3420 et
2088 3366 2270 3420 abdita
2300 3379 2421 3420 esse
2454 3366 2762 3420 videantur.
2800 3366 3165 3432 Quamobrem
3193 3367 3364 3420 etiam

1776 3468 2061 3527 peccantes
2092 3472 2266 3527 neque
2308 3458 2690 3529 resipiscentes
2736 3459 3014 3527 excipient
3048 3456 3195 3513 ﬂuvii
3241 3459 3363 3529 qui-

1778 3550 1900 3603 dam
1923 3551 2191 3619 perpetui,
2225 3548 2402 3619 ignem
2439 3549 2735 3605 terribilem
2764 3550 3108 3612 ebullientes,
3131 3566 3363 3619 quorum

1779 3640 1998 3695 ﬂumina
2019 3642 2152 3696 nihil
2170 3653 2299 3697 sunt
2329 3642 2475 3697 aliud
2503 3657 2665 3713 quam
2690 3641 2921 3696 ﬂammae
2950 3643 3016 3697 ad
3039 3642 3364 3712 supplicium

1778 3730 2123 3787 ﬂuctuantes.
2157 3731 2458 3787 Metuamus
2489 3733 2654 3803 igitur
2682 3733 2923 3787 divinum
2971 3747 3165 3785 numen
3199 3729 3362 3804 437

1780 3830 1883 3898 (est
1909 3828 2054 3880 enim
2078 3825 2470 3897 lormidabile);
2506 3836 2563 3880 et
2590 3826 2731 3880 idem
2762 3841 2975 3896 quoque
2998 3824 3362 3880 venerabundi

1777 3921 2024 3974 colamus
2084 3918 2202 3989 (est
2243 3918 2385 3974 enim
2432 3918 2632 3974 bonum
2676 3928 2841 3988 atque
2882 3916 3260 3984 beneficum);
3310 3925 3365 3970 et

1778 4020 2029 4080 petamus
2051 4012 2118 4063 ab
2139 4012 2254 4079 ipso
2279 4010 2429 4076 talia,
2454 4025 2686 4076 quorum
2711 4010 2925 4064 etdatio
2952 4010 3124 4077 ipsum
3150 4009 3361 4073 deceat,

1777 4111 1830 4156 et
1858 4101 2011 4156 nobis
2042 4100 2299 4156 salutaris
2340 4102 2411 4155 sit
2443 4102 2692 4171 acceptio
2722 4100 2823 4172 (ad
2860 4100 2984 4154 talia
3009 4101 3152 4154 enim
3184 4099 3363 4153 danda

1777 4212 2006 4267 pronum
2060 4194 2211 4267 est),
2266 4205 2324 4249 et
2386 4194 2519 4264 lapsi
2580 4197 2631 4250 in
2698 4201 2917 4264 peccata
2969 4192 3355 4263 resipiscamus

1775 4290 1933 4357 (nam
1978 4297 2033 4341 et
2074 4286 2378 4340 beneﬁcum
2428 4295 2534 4351 est,
2589 4295 2644 4340 et
2694 4300 2822 4341 vere
2870 4285 3254 4353 resipiscentes
3297 4299 3362 4336 ac

98 4368 231 4419 serio
274 4370 537 4442 recipit).
590 4369 746 4425 Nullo
794 4382 972 4427 autem
1024 4376 1185 4429 modo
1237 4376 1575 4447 negligentes
1626 4389 1721 4433 aut
1757 4381 1932 4433 securi
1974 4378 2144 4431 simus
2183 4377 2347 4446 (quia
2420 4387 2612 4445 potens
2655 4386 2768 4445 est,
2816 4392 2917 4433 nec
2954 4373 3362 4445 deccptionilnus

97 4460 423 4531 obnoxium)
479 4480 492 4514 :
552 4464 649 4517 sed
702 4474 812 4518 toto
868 4476 1089 4535 pectore
1142 4469 1316 4539 ipsum
1367 4469 1679 4541 diligamus.
1718 4470 1859 4541 Erga
1884 4486 1977 4527 eos
2002 4472 2147 4527 enim
2174 4471 2663 4541 quiobtemperant
2720 4468 2839 4539 ejus
2898 4468 3080 4523 verbis
3110 4467 3363 4533 dictoque

95 4551 370 4610 audientes
399 4564 550 4619 sunt,
582 4555 873 4625 benignum
899 4570 1005 4613 est.

578 4649 720 4702 MH'.
749 4680 819 4690 -
843 4650 1183 4723 AMMQNIn.

186 4739 293 4801 Εἰς
322 4738 416 4791 τό·
454 4756 473 4789 r
528 4740 882 4808 Ἐγείρεσθε,
923 4740 1156 4811 ἄγωμεν
1173 4743 1471 4799 ἐντεῦθεν.
1510 4762 1529 4795 ι

155 4827 273 4883 Ἵνα
339 4830 417 4902 μὴ
467 4832 758 4905 προλήψει,
830 4833 994 4888 πάθει
1082 4834 1502 4908 ἀργαλεωτάτῳ,
1578 4838 1673 4890 καὶ

2214 4651 2441 4707 XLVIII.
2480 4681 2553 4691 —
2589 4648 2924 4706 ΑΜΜΟΝΙΟ.

1781 4746 1848 4800 In
1872 4746 2006 4799 illud
2048 4744 2249 4800 Christi
2278 4747 2509 4811 dictant,
2546 4762 2564 4794 ι
2601 4742 2835 4813 Surgite,
2871 4759 3053 4796 eamus
3087 4742 3208 4795 hinc
3226 4741 3289 4796 ¹³.
3334 4758 3355 4792 ι

1852 4838 1931 4893 Ne
1971 4838 2283 4907 anticipatis
2325 4837 2673 4907 opinionibus
2715 4852 2779 4891 ac
2822 4834 3169 4905 praeiudiciis,
3218 4833 3360 4888 malo

156 4984 266 5039 “II
305 4985 438 5043 Cor.
481 5003 534 5053 v,
570 4988 657 5043 16.
736 4989 781 5020 ¹¹
822 4988 1056 5060 Philipp.
1095 5008 1182 5057 ιιι,
1211 4989 1300 5046 I7.
1377 4993 1420 5024 "
1446 4993 1609 5049 Hebr.
1648 5009 1696 5046 χι

1798 4991 1883 5046 l3.
1962 4993 2006 5025 ¹³
2034 4990 2190 5049 Joan.
2219 5007 2335 5058 Juv,
2364 4993 2452 5049 51.

1215 5146 1450 5203 VARUE
1487 5147 1871 5206 LECTIONES
1910 5150 2000 5204 ET
2038 5150 2273 5205 ΝΟΤιΕ,

153 5294 263 5359 (Η)
306 5294 645 5369 Κᾳὶῄἓδειξε
674 5297 791 5364 τὴν
834 5298 987 5352 κατὰ
1028 5298 1229 5369 σάρκα
1274 5298 1659 5369 συγγένειαν.

86 5362 307 5419 Videtur
341 5364 645 5420 addendum
678 5362 783 5422 tale
812 5372 961 5438 quid,
983 5362 1135 5424 οὐδὲν
1171 5362 1472 5433 οὖσαν,’νει
1500 5370 1670 5441 μηδὲν

87 5435 307 5505 ἰσχύειν.
352 5434 519 5491 Rt'r't'.

148 5508 261 5577 (42’)
296 5505 441 5579 Cod.
487 5509 603 5579 γαί.
649 5506 754 5561 650
802 5522 902 5576 pro
952 5508 1095 5578 φημὶ
1130 5510 1314 5577 ponit,
1353 5510 1588 5579 μικράν,
1619 5519 1675 5564 et

84 5591 199 5650 mox
221 5576 387 5650 _tollit
420 5578 514 5630 καί
539 5595 553 5608 ·
601 5593 759 5632 versu
790 5589 912 5648 post
963 5576 1155 5648 quinto
1188 5593 1311 5650 post
1334 5576 1472 5634 ἄλλα
1517 5582 1664 5635 addit

83 5647 190 5701 ἐπί.
218 5647 440 5701 Posm.

150 5718 263 5785 (43)
296 5713 421 5791 ﬁeri
451 5717 681 5791 ﬂatile),
696 5721 789 5771 sed
825 5718 1066 5791 Ἀλυπίῳ
1097 5720 1412 5773 inscribitur
1438 5721 1550 5775 haec
1580 5739 1669 5791 ep.

84 5792 201 5843 cod.
228 5792 285 5842 in
322 5787 450 5841 Vat.
482 5789 608 5842 650.
646 5787 798 5843 νει-ε.
826 5790 883 5842 ‘2.
919 5787 1077 5857 episi.
1110 5805 1210 5859 pro
1238 5792 1343 5855 his,
1375 5787 1674 5860 φανότατον

330 5883 604 5945 Ρλτιιοι..
650 5886 766 5945 Gn.
808 5885 1128 5946 LXXVIII.

1770 5301 1865 5354 καὶ
1916 5301 2254 5371 ἀκοίμητον,
2304 5302 2445 5356 idem
2504 5303 2623 5357 cod.
2668 5301 2860 5367 habet,
2919 5300 3012 5353 τὸν
3053 5301 3357 5371 ἀκοίμητον

1777 5372 1872 5425 καὶ
2018 5373 2260 5426 νότατον.
2293 5372 2367 5425 In.

1851 5442 1962 5513 (44)
1995 5441 2096 5497 Pro
2145 5441 2472 5514 φοϐηθῶμεν
2525 5442 2666 5499 idem
2716 5442 2837 5497 cod.
2887 5441 3048 5513 legit,
3102 5440 3354 5513 spumae»

1779 5517 2128 5652 μιῖόὸὂϋῆὀῖς
2156 5584 2268 5651 γὰρ
2301 5582 2619 5637 ποθοῦσιν.
2656 5580 2786 5652 Leg.
2829 5580 3132 5637 πείθουσιν.
3180 5579 3350 5652 ῌιττ.

1852 5647 1963 5725 (46)
2018 5647 2174 5707 Cuilf
2202 5647 2318 5708 Vat.
2352 5654 2557 5709 omittit
2605 5657 2719 5708 haec
2738 5647 2854 5709 'duo
2901 5653 3104 5719 verba,
3160 5647 3243 5717 οἷς
3268 5652 3355 5703 λό-

1778 5740 1917 5792 γοις.
1954 5722 2159 5779 Possm.

2885 5889 2961 5951 35
