3886 6420
516 367 665 435 Ἶο99
1688 375 1747 432 S.
1788 372 2080 433 ISIDORI

2235 373 2558 432 LUSIOTzE
3638 367 3761 432 1100

529 501 677 544 certe
710 488 1029 560 gravissimo
1075 496 1129 542 et
1180 486 1272 541 tali
1322 486 1463 555 quod
1497 500 1639 555 mgre
1672 486 1863 555 expelli
1906 495 2101 556 potest,

2238 484 2477 546 υσκὸλως
2503 481 2970 552 ἀναμοχλευθῆναι
3008 481 3117 554 (47)
3147 481 3429 551 δυναμένῳ
3462 479 3592 551 (48),
3644 499 3763 535 κατ-

518 585 583 637 ’ἱιι
620 591 762 636 terra
795 580 996 636 detenti
1031 579 1419 649 occupatique,
1457 594 1485 632 a
1511 578 1810 632 cmlestium
1852 579 2103 647 praemio-

2236 575 2452 643 χόμενοι
2486 576 2542 627 ὲν
2570 577 2636 645 τῇ
2676 579 2770 644 γῇ,
2797 574 2903 626 τῶν
2932 574 3199 644 οὐρανίων
3229 572 3545 643 εἰργοίμεθα
3581 574 3759 643 γερῶν,

532 688 656 725 rum
690 673 951 726 societate
982 670 1362 734 excludamur,
1402 670 1606 725 idcirco
1640 670 1775 723 dixit
1806 670 2056 724 Salvator
2087 686 2100 723 :

2236 685 2308 736 φη
2342 668 2370 719 ὁ
2408 667 2635 737 Σωτήρ·
2692 686 2710 718 ι
2786 667 3092 736 Ἐγείρεσθε
3115 709 3130 731 ,
3190 665 3416 735 ἄγωμεν
3461 664 3711 717 ἐντεῦθεν.
3744 684 3755 712 ι

512 766 804 834 1Surgite,
841 778 1027 818 eamus
1059 763 1204 817 hinc.
1243 781 1261 814 ι
1290 761 1514 817 Emissae
1543 777 1777 831 namque
1800 762 1917 817 voci
1951 776 2105 816 suam

2235 759 2284 828 θῇ
2341 759 2449 829 γὰρ
2496 758 2810 829 πεμφθείσῃ
2869 761 3021 830 φωνῇ
3074 757 3172 827 τὴν
3214 755 3411 809 ἑαυτοῦ
3477 756 3765 823 καταμίξας

531 857 839 910 admiscens
872 854 1195 922 potentiam,
1231 868 1517 923 germanos
1542 853 1838 924 discipulos
1872 868 2000 908 suos
2025 863 2108 924 ty-

2238 848 2431 918 ύναμιν
2477 848 2608 919 (49),
2664 851 2789 914 τοὺς
2830 850 3087 920 γνησίους
3132 848 3299 902 αὑτοῦ
3358 850 3617 918 φοιτητὰς
3668 850 3765 899 τῶν

528 946 775 1001 rannicis
829 944 1332 1015 perturbationibus
1387 944 1689 1008 liberatos,
1749 946 1801 998 in
1855 954 2107 999 senatum

2235 942 2540 1010 υραννικῶν
2588 942 2778 995 παθῶν
2825 942 3227 1012 ἐλευθερώσας,
3279 942 3357 1006 είς
3404 941 3503 1011 τὴν
3552 942 3765 1011 ὑπερκό·

532 1049 845 1108 ccetumque
885 1037 1086 1091 mundo
1117 1037 1220 1091 boc
1251 1036 1623 1092 sublimiorem
1653 1038 1947 1092 transtulit.

2235 1051 2367 1106 πμιον
2397 1036 2717 1105 μετεκόμισε
2748 1034 3069 1104 σύγκλητον.

1024 1146 1210 1204 XLIX.
1245 1179 1314 1189 —
1359 1148 1611 1204 ORIONI.

2733 1147 2867 1200 MO'.
2892 1176 2963 1189 --
2989 1140 3241 1200 ΩΡΙΩΝΙ.

522 1242 600 1299 In
636 1244 794 1310 illud,
831 1263 851 1296 ι
894 1244 958 1299 Si
996 1259 1115 1297 vero
1148 1253 1224 1297 est
1264 1248 1449 1313 gustus
1482 1245 1539 1298 in
1578 1244 1745 1298 verbis
1771 1245 2040 1303 inanibus.
2084 1265 2103 1299 ι

2235 1242 2313 1307 ἳίς
2345 1242 2415 1294 τό
2437 1256 2451 1270 ·
2490 1259 2508 1292 ι
2550 1242 2619 1294 El
2658 1240 2726 1294 δέ
2751 1240 2882 1295 ἐστι
2918 1240 3107 1309 γεῦμα
3132 1240 3203 1292 ἐν
3222 1238 3460 1308 ῥήμασι
3498 1236 3701 1304 κενοῖς.
3741 1255 3758 1288 ι

606 1358 759 1414 Scire
796 1358 979 1421 debes,
1022 1355 1388 1411 invalescente
1416 1357 1626 1421 morbo,
1661 1368 1716 1410 et
1760 1358 1903 1413 vires
1940 1357 2111 1414 lucta-

2284 1354 2444 1416 Ἴσθι,
2485 1356 2568 1407 ὅτι
2606 1356 2924 1426 ἐρρωμένης
2949 1355 3048 1425 τῆς
3101 1356 3281 1418 νόσου,
3320 1352 3414 1407 καὶ
3446 1352 3543 1423 τὴν
3561 1350 3764 1420 δύναμιν

531 1452 669 1507 toris
713 1452 887 1505 instar
931 1448 1239 1516 dejiciente,
1276 1456 1331 1502 et
1363 1448 1430 1501 ad
1473 1449 1633 1502 ﬁnem
1678 1442 2012 1516 impellente,
2056 1458 2111 1504 et

2235 1446 2716 1517 ιαταπαλαιούσης,
2763 1448 2856 1500 καὶ
2900 1449 2979 1510 εἰς
3036 1446 3294 1517 τελευτὴν
3342 1444 3665 1511 ὲλαυνοῦσης
3684 1444 3763 1495 καὶ

532 1546 639 1599 hoc
669 1552 884 1613 agente,
911 1552 973 1596 ut
1005 1541 1241 1595 animam
1275 1541 1495 1610 quidem
1518 1542 1582 1611 .(a
1607 1541 1858 1611 corpore)
1885 1557 2109 1610 separa-

2235 1538 2539 1608 ιπειλούσης
2565 1538 2678 1609 (50)
2704 1538 2801 1609 τὴν
2829 1538 3009 1608 ψυχὴν
3043 1540 3141 1608 μὲν
3168 1536 3426 1608 χωρίσαι,
3456 1536 3520 1589 τὺ
3547 1536 3601 1588 δὲ
3628 1535 3764 1603 σῶμα

531 1645 655 1700 ret;
712 1648 910 1702 corpus
959 1642 1140 1686 autem
1199 1633 1359 1685 morti
1412 1634 1669 1698 traderet,
1723 1634 1866 1702 quod
1917 1635 2109 1704 exigua

2235 1629 2508 1699 νεκρῶσαι,
2541 1629 2699 1699 ὀλίγα
2756 1631 3165 1700 φροντίσαντες,
3207 1627 3279 1682 τὰ
3320 1628 3601 1700 γραφέντα
3636 1628 3764 1696 παρά

534 1721 904 1777 meditationis
956 1719 1197 1773 adhibita
1246 1733 1398 1784 cura,
1441 1718 1552 1785 jam
1603 1734 1690 1783 ea,
1746 1736 1865 1788 qua:
1917 1724 2014 1775 abs
2060 1731 2112 1776 te

2235 1720 2306 1772 τοῦ
2344 1720 2679 1790 ἑρμηνεῦσαι
2734 1720 3197 1791 προεθυμήθημεν
3250 1720 3381 1773 νῦν⁶
3412 1720 3474 1773 τό
3502 1737 3515 1749 ·
3570 1739 3587 1770 ι
3620 1720 3674 1770 Εἰ
3714 1719 3761 1769 δὲ

532 1817 736 1883 scripta
778 1813 1032 1877 fuerant,
1095 1811 1442 1882 interpretari
1496 1811 1664 1865 simus
1711 1815 1969 1881 aggressi.
2020 1813 2110 1867 0i—

2235 1814 2310 1864 ιαὶ
2325 1812 2440 1864 ἔστι
2461 1812 2645 1882 γεῦμα
2673 1815 2730 1866 ὲν
2756 1816 2965 1885 ῥήμασι
2985 1815 3181 1877 κενοῖς,
3214 1832 3231 1864 ι
3264 1810 3524 1883 οἶμαιδύο
3542 1811 3759 1880 μηνύειν·

532 1916 682 1961 ctum
709 1904 864 1959 illud:
902 1923 920 1956 ι
950 1902 1007 1958 Si
1038 1918 1166 1957 vero
1193 1903 1453 1957 estetiam
1489 1914 1675 1972 gustus
1699 1903 1752 1957 iu
1794 1905 1972 1959 verbis
1997 1906 2111 1959 ina-

2235 1905 2359 1975 γὸτι
2406 1903 2468 1956 τὸ
2512 1903 2707 1971 ψευδὲς
2766 1904 2968 1969 ὄνειδος
3028 1906 3088 1958 οὐ
3132 1905 3443 1975 περαιτέρω
3479 1904 3578 1970 τῆς
3617 1901 3763 1965 ἀκοῆς

532 2001 714 2061 nibus,
740 2017 758 2049 ι
804 1997 1039 2051 arbitror
1073 1996 1325 2065 equidem
1360 1997 1466 2049 duo
1494 1997 1821 2065 signiﬁcare.
1846 1996 1941 2052 Vel
1984 1999 2109 2064 hoc,

2235 1996 2550 2062 ιφικνεῖταιο
2583 1996 2642 2047 οὐ
2672 1996 2777 2065 γὰρ
2810 1996 3040 2049 ἅπτεται
3080 1995 3182 2064 τῆς
3237 1994 3331 2047 τοῦ
3371 1993 3649 2054 ἀκούοντος
3669 1993 3765 2043 δια-

531 2089 675 2159 quod
719 2086 857 2141 falso
887 2086 1159 2155 objectum
1194 2085 1449 2152 probrum
1485 2100 1589 2139 non
1627 2084 1767 2138 ultra
1794 2100 1955 2141 aures
1982 2102 2108 2154 pro-

524 2181 815 2253 grediatur
839 2179 1036 2248 (neque
1067 2178 1213 2232 enim
1239 2177 1456 2246 attingit
1487 2176 1759 2232 audientis
1797 2178 2055 2249 mentem)
2084 2196 2101 2246 ;

531 2273 619 2326 vel
662 2271 802 2339 quod
850 2279 1107 2338 oporteat
1148 2267 1378 2323 modicis
1422 2268 1627 2323 salibus
1671 2270 1946 2324 conditum
1989 2286 2112 2326 esse

533 2377 863 2426 sermonem,
896 2371 956 2415 ut
995 2371 1049 2415 et
1078 2362 1262 2415 suavis
1294 2359 1367 2414 sit
1393 2360 1836 2430 intelligentibus,
1865 2372 1921 2416 et
1953 2372 2110 2431 aptus

530 2456 602 2509 ad
630 2452 974 2508 nutriendum
1003 2490 1019 2515 ,
1058 2460 1114 2505 et
1151 2451 1203 2504 in
1244 2449 1482 2505 animum
1507 2451 1812 2504 auditorum
1848 2462 2112 2522 penetret.

534 2548 691 2603 Sales
734 2556 913 2599 autem
962 2543 1270 2599 orationum
1307 2541 1717 2596 monitoriarum
1760 2551 1817 2597 et
1858 2544 2115 2597 exhorta-

534 2635 797 2690 toriarum
840 2640 970 2687 sunt
1002 2632 1309 2686 divinorum
1342 2630 1682 2685 oraculorum
1724 2632 2112 2698 testimonium,

2216 2087 2398 2149 νοίας⁹
2459 2087 2608 2156 ἣὸτι
2669 2088 2774 2158 χρὴ
2828 2086 3068 2159 μετρίοις
3121 2086 3284 2141 ἆλασι
3337 2086 3449 2155 (51)
3500 2084 3586 2136 τὸν
3628 2082 3764 2149 λόγον

2214 2177 2503 2246 ἡρτῦσθαι,
2536 2178 2622 2230 ἵνα
2653 2179 2747 2231 καὶ
2778 2180 2909 2248 ἡδὺς
3023 2181 3133 2240 τοῖς
3175 2176 3506 2245 εὐγνώμοσι,
3551 2174 3638 2226 καὶ
3660 2172 3763 2241 τρό-

2216 2290 2407 2341 φιμος,
2444 2274 2537 2324 καὶ
2559 2272 2909 2341 καθάπτηται
2932 2274 3029 2342 τῆς
3054 2270 3163 2323 τῶν
3196 2270 3504 2322 ἀκουόντων
3533 2265 3759 2323 διανοίας.

2218 2363 2383 2425 ’Ἃλες
2423 2363 2479 2415 δὲ
2538 2362 2645 2416 τῶν
2704 2362 3106 2432 παραινετικῶν
3156 2361 3331 2427 λόγων
3376 2361 3409 2429 ή
3465 2357 3570 2410 τῶν
3627 2355 3761 2406 θείων

2216 2452 2412 2520 λογίων
2443 2453 2739 2523 μαρτυρία,
2780 2454 2808 2505 ὃ
2841 2470 2897 2505 τε
2927 2453 3025 2522 τῆς
3070 2450 3306 2522 κρίσεως
3352 2448 3534 2518 φόϐος,
3565 2447 3650 2498 καὶ
3679 2445 3762 2512 τῆς

2218 2543 2498 2613 βασιλείας
2544 2546 2725 2613 λόγος,
2802 2544 3159 2614 ἰσχυροτέραν
3204 2544 3298 2597 καὶ
3354 2538 3760 2611 δραστικωτέραν

2216 2637 2312 2688 καὶ
2336 2637 2752 2707 τροφιμωτέραν
2792 2635 3254 2707 δημιουργοῦντες
3295 2633 3393 2704 τὴν
3446 2631 3758 2701 παραίνεσιν,

533 2737 590 2780 et
619 2700 992 2794 metusjudi‘cii
1010 2716 1297 2795 (extremi)
1318 2730 1373 2776 et
1390 2721 1537 2791 regni
1565 2721 1704 2794 [sive
1723 2733 1941 2780 aeterna:
1964 2726 2111 2797 vitae]

2235 2728 2312 2781 ια).
2341 2700 2401 2780 οῦ
2444 2700 2605 2798 μόνον
2637 2700 2750 2791 τοῖς
2787 2700 3166 2797 εὐστομάγοις,
3196 2700 3455 2782 ἀλλά-καὶ
3486 2726 3591 2785 τοῖς
3619 2737 3761 2774 κακο-

534 2818 699 2885 ratio,
730 2832 853 2888 quae
901 2816 1082 2869 omnia
1131 2812 1408 2869 fortiorem
1455 2820 1511 2870 et
1553 2812 1913 2873 efﬁcaciorem
1952 2825 2008 2873 et
2045 2817 2112 2870 ad

2235 2819 2389 2882 ςίτοις
2423 2820 2733 2891 πρόσφορον
2768 2820 2861 2873 καὶ
2888 2816 3227 2888 κατάλοληλον
3257 2814 3461 2886 τροφὴν
3481 2815 3756 2887 ὀρέγοντες.

534 2914 784 2968 alendum
817 2911 1081 2981 aptiorem
1112 2921 1373 2980 praestant
1397 2910 1817 2966 admonitionem
1888 2911 2465 2985 cohortationetuque,
2498 2922 2554 2967 et
2625 2929 2729 2970 non
2801 2912 2974 2967 solum
3013 2912 3154 2965 bono
3190 2908 3427 2977 praeditis
3488 2906 3758 2969 stomacho,

529 3020 721 3062 verum
746 3005 908 3059 etiam
950 3003 1095 3058 male
1139 3002 1345 3058 aﬁ‘ectis
1387 3014 1441 3059 et
1490 3009 1631 3064 male
1678 3007 1879 3064 habitis
1923 3017 2107 3077 aptum
2146 3018 2308 3081 atque
2341 3009 2676 3065 conveniens
2705 3006 2944 3077 pracbent
2979 3005 3390 3061 nutrimentum.

883 3121 947 3175 L.
986 3147 1059 3160 —
1097 3118 1401 3176 EUTONIO
1444 3122 1763 3180 DIACONO.

2138 3147 2185 3210 C

2562 3126 2645 3179 N'.
2677 3156 2748 3165 --
2775 3124 3073 3195 erroqu
3121 3118 3442 3191 ΔΙΑΚΟΝῼ.

535 3216 605 3273 'In
624 3216 757 3270 illud
782 3231 814 3268 α
840 3212 1034 3285 populo
1068 3213 1277 3298 dictum.
1303 3212 1524 3298 Herodi.
1564 3235 1581 3266 ι
1633 3214 1743 3270 Vox
1770 3216 1886 3283 Dei,
1924 3226 1971 3272 et
2009 3236 2111 3272 non

2235 3221 2370 3290 Ίρὸς
2406 3219 2474 3273 τὸ
2501 3218 2828 3298 εἰρημένοις
2884 3216 3001 3298 ὐπρ
3036 3214 3143 3298 tot?
3166 3212 3372 3298 δῆμονΔ
3413 3209 3492 3275 τῷ
3534 3206 3754 3277 Ἡρώδῃ·

1137 3284 1453 3337 hominis“!
1486 3305 1503 3337 ι

607 3399 780 3453 Nosse
832 3398 1018 3464 debes,
1070 3412 1165 3452 eos
1216 3399 1431 3467 quidem
1484 3399 1575 3466 qui
1624 3411 1677 3454 te
1729 3411 1949 3463 norunt,
2005 3417 2109 3455 non

532 3490 711 3544 fuisse
736 3490 960 3543 miratos
1001 3488 1087 3541 illa
1115 3504 1233 3557 quae
1260 3490 1557 3557 prmdicas;
1591 3491 1680 3559 qui
1717 3508 1848 3546 vero
1879 3502 2032 3546 antea
2064 3504 2113 3547 te

539 3597 645 3634 nun
681 3591 895 3640 norant,
930 3593 1024 3632 eos
1045 3579 1155 3648 jam
1190 3588 1240 3632 te
1280 3595 1438 3634 nosse
1471 3583 1733 3649 cmpisse;
1758 3583 1848 3652 qui
1884 3585 2114 3654 denique

539 3672 855 3727 invidebant
881 3672 1117 3734 tibi,'eos
1149 3673 1320 3741 magis
1346 3688 1560 3741 quoque
1588 3691 1617 3727 a
1652 3677 1840 3727 morbo
1870 3676 1959 3729 illo
1985 3692 2115 3730 con-

536 3773 782 3831 sumptos
797 3776 936 3825 esse,
958 3771 1014 3815 et
1031 3776 1219 3830 pinnas
1236 3764 1449 3818 dedisse
1468 3773 1665 3829 tantas,
1687 3758 1853 3836 538
1878 3777 1933 3819 ut
1955 3769 2116 3834 majo-

538 3869 628 3907 res
652 3855 719 3907 ab
745 3853 873 3921 ipsis
899 3852 1116 3922 exigere
1142 3868 1245 3905 non
1280 3852 1436 3907 facile
1457 3857 1649 3921 possis.
1675 3854 1729 3907 Si
1754 3857 1912 3925 igitur
1931 3858 2009 3911 vis
2035 3856 2115 3929 (ut

538 3944 765 3996 mnnino
805 3943 939 3997 velle
966 3942 1149 4012 debes)
1178 3943 1296 3996 illos
1319 3945 1532 4012 quidem
1562 3945 1744 3998 laetitia
1770 3947 1949 4000 denuo
1970 3963 2115 4001 com-

539 4033 725 4103 plere,
759 4034 947 4088 alteris
975 4046 1152 4088 autem
1190 4035 1508 4103 penitiorem
1544 4037 1616 4090 tui
1648 4038 1895 4091 notitiam
1926 4038 2114 4093 conci-

540 4125 699 4190 liare,
729 4141 757 4178 a
791 4127 949 4179 tertio
986 4126 1221 4195 denique
1259 4127 1535 4182 hominum
1571 4143 1767 4197 genere
1802 4144 1989 4198 poenas
2032 4145 2118 4185 re—

542 4226 771 4284 petere:
816 4225 963 4270 tuam
1021 4232 1244 4273 necesse
1294 4228 1378 4273 est
1427 4221 1697 4289 adaugeas
1730 4222 1944 4275 virtutis
1975 4237 2113 4289 prae-

541 4307 819 4363 stantiam.
880 4310 1055 4378 Atque
1102 4309 1217 4364 ltzec
1250 4311 1465 4379 quidem
1515 4311 1793 4366 hactenus.
1852 4313 2115 4378 Quoniam

544 4408 725 4452 autem
757 4414 854 4468 per
880 4400 1164 4469 epistolam
1200 4416 1265 4454 ex
1304 4416 1391 4455 me
1427 4402 1749 4470 quaesivisti,
1783 4404 1910 4471 quid
1940 4418 2117 4457 causae

2423 3310 2441 3341 ι
2490 3284 2651 3343 Θεοῦ
2671 3288 2862 3357 φωνὴ,
2898 3285 2997 3339 καί
3025 3289 3137 3338 οὐκ
3160 3284 3493 3351 ἀνθρώπου.
3542 3301 3559 3331 ι

2290 3402 2451 3467 Ἴσθι,
2484 3402 2566 3455 ὅτι
2598 3400 2648 3452 οἱ
2682 3401 2777 3470 μὲν
2801 3397 3159 3467 γινώσκοντες
3189 3413 3247 3449 σε
3281 3395 3381 3448 οῦκ
3417 3392 3751 3462 ἐξενίσθησαν,

2214 3497 2301 3562 ἐφ’
2328 3490 2410 3558 οἷς
2443 3491 2990 3564 ἀνακηρύττεις(52)ο
3050 3492 3097 3543 οἱ
3142 3490 3199 3543 δὲ
3243 3489 3580 3556 ἀγνοοῦντες.
3614 3486 3751 3551 ἔγνω·

2217 3603 2351 3641 ιιαν⁵
2383 3584 2434 3639 οἱ
2482 3586 2539 3638 δὲ
2588 3584 2926 3654 φθονοῦντες,
2970 3583 3050 3635 ἔτι
3098 3582 3297 3653 μᾶλλον
3336 3580 3441 3632 ὑπὸ
3496 3576 3591 3646 τῆς
3624 3576 3751 3628 νόσου

2215 3675 2764 3746 κατεδαπανήθησαν,
2800 3674 2895 3726 καὶ
2921 3673 3075 3743 δίκην
3114 3672 3324 3733 ἔδοσαν,
3356 3666 3423 3742 ἦς
3456 3670 3661 3739 μείζονα
3676 3667 3753 3717 οὐκ

2216 3768 2282 3820 ἂν
2316 3766 2500 3819 δύναιο
2526 3765 2656 3836 παρ’
2684 3764 2863 3817 αὐτῶν
2913 3763 3118 3817 λαϐεῖν.
3163 3761 3225 3814 El
3258 3761 3439 3813 τοίνυν
3469 3760 3635 3830 βούλει
3655 3759 3751 3816 τοὺς

2219 3858 2318 3928 μὲν
2352 3858 2513 3911 πάλιν
2540 3856 2809 3927 θυμηδίας
2838 3852 3136 3926 ἐμπλῆσαι,
3167 3857 3280 3914 τοῖς
3310 3853 3367 3905 δὲ
3398 3849 3752 3920 ἀκριϐεστέραν

2216 3948 2417 4018 γνῶσιν
2446 3947 2700 4010 ἐνθεῖναι,
2757 3948 2882 4010 τοὺς
2924 3947 2981 3999 δὲ
3028 3946 3184 4008 δίκας
3212 3945 3323 4015 (53)
3355 3942 3665 4011 ἀπαιτῆσαι,
3701 3940 3751 4005 τῇ

2221 4039 2418 4094 σαυτοῦ
2465 4039 2836 4110 καλοκαγαθίᾳ
2888 4038 3142 4109 πρόσθες.
3205 4037 3315 4089 Καὶ
3363 4035 3532 4089 ταῦτα
3580 4034 3667 4103 μὲν
3710 4033 3753 4091 ἐς

2218 4131 2490 4186 τοσοῦτον.
2531 4131 2749 4202 Ἐπειδὴ
2771 4131 2828 4184 δὲ
2858 4132 3161 4201 γέγραφας,
3192 4129 3258 4182 δι’
3298 4130 3365 4199 ἥν
3388 4129 3580 4187 αἰτίαν,
3612 4125 3752 4178 ἀλλων

2221 4222 2360 4291 ὑπὲρ
2399 4223 2498 4293 τὴν
2541 4222 2698 4287 ἀξίαν
2747 4222 3191 4274 κολακευσάντων
3240 4217 3332 4272 τὸν
3384 4218 3639 4289 Ἡρώδην,
3680 4218 3755 4267 καὶ

2220 4314 2501 4367 εἰπόντωψ
2540 4331 2557 4364 ι
2580 4313 2715 4366 Θεοῦ
2749 4314 2954 4382 φωνὴν,
2989 4314 3081 4365 καὶ
3105 4312 3205 4364 οὐκ
3238 4311 3547 4381 ἀνθρώπου,
3581 4329 3598 4361 ι
3625 4306 3751 4364 αὐτὸς

2219 4404 2375 4475 δίκην
2402 4402 2634 4457 δέδωκε·
2669 4404 2812 4473 φημὶ
2840 4404 2921 4456 ὃτι
2951 4404 3051 4455 οὐκ
3090 4402 3398 4471 ἐπέπληξεν
3422 4403 3634 4462 ἐκεῖνος,
3660 4396 3753 4449 οὐδὲ

544 4490 635 4557 sit,
678 4492 821 4561 quod
856 4506 979 4546 cum
1018 4491 1108 4546 alii
1146 4491 1345 4548 Herodi
1390 4493 1529 4546 ultra
1578 4494 1853 4564 dignitatis
1900 4496 2115 4550 modum

2235 4495 2320 4567 τὴν
2344 4495 2631 4549 κολακείαν
2647 4495 2947 4550 ἀσεϐοῦσαν
2970 4496 3065 4549 καὶ
3081 4496 3416 4566 μαινομένην
3437 4491 3753 4563 ἀπετρίψατο.

621 4648 665 4679 ιδ
683 4647 805 4702 Act.
832 4660 938 4711 xu,
959 4647 1049 4701 22.

1641 4778 1878 4835 VARIAB
1915 4780 2302 4839 LECTIONES
2343 4781 2433 4838 ET
2479 4779 2713 4837 ΝΟΤᾸΞ.

624 4936 740 5008 (47)
793 4934 923 5008 Proh
953 4932 1425 5008 ἀναμοχλευθῆναι
1473 4934 1593 4991 cod.
1650 4932 1801 5008 Vat.)
1840 4936 1944 4990 650
1982 4936 2115 5008 (legit

2235 4936 2403 5008 ubivis
2426 4936 2581 5008 obvia
2613 4948 2759 5008 sunt.
2793 4936 2960 4991 Βιττ.

548 5006 1044 5077 ἀναϐακχευθῆναι.
1099 5006 1253 5057 Vers.
1279 5007 1398 5077 _ult.
1450 5020 1571 5075 cap.
1607 5007 1934 5077 μετεκόμισε
1977 5006 2119 5060 idem

553 5088 726 5131 mutat
760 5074 813 5129 in
848 5074 1245 5144 μετεκόσμησε.
1275 5074 1487 5130 Possm.

625 5147 736 5217 (48)
757 5146 831 5217 De
852 5147 985 5217 vi_ac
1011 5144 1305 5217 pertinacia
1332 5146 2113 5217 anticipatarum‘opinionum,

592 5212 753 5271 uanta
786 5216 876 5278 sit,
905 5214 1045 5267 idem
1076 5212 1315 5268 lsidorus
1362 5215 1499 5267 infra
1529 5215 1686 5282 epist.
1737 5212 1967 5283 56’agit.
2010 5216 2121 5269 Nec

605 5288 789 5340 alenus
821 5299 939 5337 eam
968 5285 1253 5353 ignoravit,
1277 5284 1430 5351 cujus
1452 5285 1604 5353 ἐντῴ
1631 5284 1766 5351 Περὶ
1784 5284 2121 5351 ducam-ciae

555 5367 680 5411 sunt
720 5357 823 5409 ista
860 5371 874 5408 :
931 5352 1185 5422 Ὀὐδεμία
1219 5353 1364 5423 βαφὴ
1392 5352 1700 5417 δευσοποιὸς
1730 5354 1923 5417 οὕτως,
1949 5356 2023 5419 ὡς
2053 5358 2114 5408 τὸ

555 5426 665 5479 τῶν
701 5426 830 5479 ἄνευ
865 5423 1125 5495 λογισμοῦ
1158 5425 1296 5493 πρὸς
1321 5425 1389 5477 τὰ
1422 5424 1672 5495 μοχθηρά
1719 5424 1963 5494 δόγματα
2014 5428 2122 5479 πάοο

558 5497 648 5558 θος
668 5512 681 5526 .
711 5496 771 5567 ρὺ
798 5495 910 5567 γὰρ
935 5494 1051 5567 ἔστι
1086 5498 1411 5567 μεταπεῖσαι
1439 5494 1647 5567 τοὺςᾲξν
1672 5495 1858 5558 αὐτοῖς
1884 5497 2123 5567 τραφέν-

556 5583 675 5625 τας.
711 5566 774 5618 Et
812 5565 951 5617 idem
982 5565 1143 5617 etiam
1176 5564 1547 5619 vehementius
1578 5565 1669 5619 lib.
1719 5580 1832 5618 νιιι.
1872 5564 1947 5619 De
1977 5584 2122 5619 com-

592 5636 1012 5707 ositr._pharmac_.
1059 5650 1163 5707 sec:
1196 5650 1314 5707 gen1
1348 5634 1628 5707 :_‘l’eu6aig
1659 5633 1804 5707 δόξαι
1844 5653 2121 5707 προκατα-

555 5652 710 5755 ροειι.
742 5652 1012 5700 pnarmac.
1059 5652 1163 5686 sec.
1196 5652 1311 5702 gen.
1348 5652 1361 5686 :
1403 5652 1628 5695 'reuoatg
1659 5652 1804 5697 οοςαι
1844 5653 2121 5707 προκατα-

590 5704 925 5775 αμὸἀνουσαι
955 5704 1053 5765 τὰς
1087 5702 1526 5775 τῶνάνθρώπων
1553 5704 1732 5773 ψυχὰς
1758 5746 1772 5767 ,
1813 5707 1875 5757 οὐ
1906 5706 2121 5775 κωφοὺς

557 5774 736 5843 μόνον,
783 5774 918 5828 ἀλλὰ
962 5774 1055 5827 καὶ¹
1100 5773 1331 5841 τυφλοὺς
1380 5775 1803 5844 ἀπεργάζονται.
1864 5773 2119 5845 Exempla

2297 5007 2409 5075 (49)
2447 5006 2709 5061 Similiter
2738 5007 2974 5076 loquitur
3003 5006 3219 5076 epistol.
3258 5007 3362 5060 H7
3393 5006 3510 5062 libri
3550 5021 3629 5067 tu,
3659 5015 3754 5071 qua

2222 5074 2338 5142 ejus
2372 5074 2525 5144 plane
2553 5094 2673 5131 cum
2712 5074 2822 5130 hae
2842 5086 2924 5129 est
2948 5074 3273 5145 argumenti.
3299 5080 3376 5131 lo.

2297 5147 2407 5217 (50)
2438 5148 2549 5199 Καὶ
2579 5147 2972 5215 ἀπειλούσης.
3016 5147 3157 5200 Add.
3194 5163 3257 5200 ex
3290 5151 3415 5202 cod.
3447 5147 3609 5200 Vatir.
3636 5160 3754 5197 vrrs.

2222 5216 2256 5269 3
2287 5217 2366 5269 lit.
2390 5216 2456 5271 Ι).
2495 5218 2705 5271 Possm.

2296 5287 2408 5353 (5|)
2446 5287 2552 5341 Pro
2590 5286 2751 5340 ἆλασι
2791 5287 2912 5339 cod.
2946 5286 3087 5341 idem
3128 5288 3344 5350 scribit,
3372 5287 3531 5351 ἁλσὶ,
3557 5297 3605 5339 et
3640 5300 3753 5338 vers.

2222 5367 2343 5427 post
2374 5359 2407 5411 4
2438 5373 2536 5424 pro
2572 5357 2751 5424 λόγος,
2781 5355 2964 5418 πόθος.
3005 5358 3080 5409 ID.

2295 5427 2407 5510 (5:2)
2443 5427 2544 5550 ΡιῚί
2585 5427 2983 5497 ἀνακηρύττεις
3018 5427 3147 5483 cod.
3179 5426 3302 5481 Vat.
3330 5428 3437 5483 650
3474 5428 3620 5479 liabet
3647 5426 3752 5476 ἀνα-

2302 5514 2489 5550 ουτττε.
2552 5515 2605 5550 n.

2222 5514 2489 5552 κηρυττη.
2529 5514 2605 5552 ID.

2281 5514 2605 5635 (55“‘501‘2'
2635 5568 2791 5630 δίκας
2833 5567 2983 5621 addit
3036 5567 3177 5621 idem
3221 5569 3484 5638 μεγίστας
3533 5579 3584 5621 et
3633 5578 3748 5638 vers.

2223 5638 2608 5709 seq._rrpésO:-:;
2649 5648 2823 5709 mutat
2857 5640 2906 5691 iu
2960 5637 3241 5707 προστίθει
3267 5679 3281 5701 ,
3311 5643 3539 5707 ἱιθιιιιιιιο
3567 5651 3687 5689 vers.

2222 5707 2407 5830 ἔρωνὲν
2434 5710 2484 5830 ίιί
2513 5710 2686 5778 φωνή.
2720 5708 2869 5763 Vers.
2902 5709 2933 5763 9
2964 5719 3083 5778 post
3115 5710 3255 5764 inter
3282 5711 3364 5763 ὃτι
3394 5722 3444 5765 et
3468 5710 3560 5762 οὐκ
3590 5707 3747 5760 inserit

2255 5795 2344 5830 πει
2379 5797 2431 5830 η.
2493 5794 2544 5829 ι).

2255 5794 2431 5847 πειοη.
2471 5794 2544 5830 In.
