  <div class='ocr_page' id='page_1' title='image "/cluster/home/n/w/nwhite01/storage/ocr_20150623/78/nnc1.0046980008/606.png"; bbox 0 0 3886 6420; ppageno 0'>
   <div class='ocr_carea' id='block_1_1' title="bbox 167 365 274 429">
    <p class='ocr_par' dir='ltr' id='par_1_1' title="bbox 167 365 274 429">
     <span class='ocr_line' id='line_1_1' title="bbox 167 365 274 429; baseline -0.028 0"><span class='ocrx_word' id='word_1_1' title='bbox 167 365 274 429; x_wconf 89' lang='grc'>1101</span> 
     </span>
    </p>
   </div>
   <div class='ocr_carea' id='block_1_2' title="bbox 1056 373 2477 435">
    <p class='ocr_par' dir='ltr' id='par_1_2' title="bbox 1056 373 2477 435">
     <span class='ocr_line' id='line_1_2' title="bbox 1056 373 2477 435; baseline 0.003 -4"><span class='ocrx_word' id='word_1_2' title='bbox 1056 373 1596 433; x_wconf 75' lang='lat' dir='ltr'><strong>EPISTULARUM</strong></span> <span class='ocrx_word' id='word_1_3' title='bbox 1634 373 1780 432; x_wconf 87' lang='lat' dir='ltr'><strong>LIB.</strong></span> <span class='ocrx_word' id='word_1_4' title='bbox 1822 374 1919 433; x_wconf 83' lang='lat' dir='ltr'><strong>IV.</strong></span> <span class='ocrx_word' id='word_1_5' title='bbox 1962 399 2031 407; x_wconf 89' lang='lat'><strong>—</strong></span> <span class='ocrx_word' id='word_1_6' title='bbox 2068 374 2308 434; x_wconf 84' lang='lat' dir='ltr'><strong>EPIST.</strong></span> <span class='ocrx_word' id='word_1_7' title='bbox 2345 373 2477 435; x_wconf 85' lang='lat' dir='ltr'><strong>LII.</strong></span> 
     </span>
    </p>
   </div>
   <div class='ocr_carea' id='block_1_3' title="bbox 3256 359 3392 426">
    <p class='ocr_par' dir='ltr' id='par_1_3' title="bbox 3256 359 3392 426">
     <span class='ocr_line' id='line_1_3' title="bbox 3256 359 3392 426; baseline 0 -2"><span class='ocrx_word' id='word_1_8' title='bbox 3256 359 3392 426; x_wconf 72' lang='lat'><strong>1102</strong></span> 
     </span>
    </p>
   </div>
   <div class='ocr_carea' id='block_1_4' title="bbox 163 474 1722 570">
    <p class='ocr_par' dir='ltr' id='par_1_4' title="bbox 163 479 1719 555">
     <span class='ocr_line' id='line_1_4' title="bbox 163 479 1719 555; baseline 0.004 -23"><span class='ocrx_word' id='word_1_9' title='bbox 163 481 238 549; x_wconf 86' lang='grc' dir='ltr'>Τῷ</span> <span class='ocrx_word' id='word_1_10' title='bbox 283 479 384 551; x_wconf 79' lang='grc' dir='ltr'><strong>γὰρ</strong></span> <span class='ocrx_word' id='word_1_11' title='bbox 415 481 833 548; x_wconf 76' lang='grc' dir='ltr'><strong>καταδέξασθαι,</strong></span> <span class='ocrx_word' id='word_1_12' title='bbox 864 486 955 537; x_wconf 73' lang='grc' dir='ltr'><strong>καὶ</strong></span> <span class='ocrx_word' id='word_1_13' title='bbox 1007 486 1088 548; x_wconf 85' lang='grc' dir='ltr'><strong>είς</strong></span> <span class='ocrx_word' id='word_1_14' title='bbox 1118 485 1340 555; x_wconf 77' lang='grc' dir='ltr'>μείζονα</span> <span class='ocrx_word' id='word_1_15' title='bbox 1368 486 1564 547; x_wconf 81' lang='grc' dir='ltr'>αὐτοὺς</span> <span class='ocrx_word' id='word_1_16' title='bbox 1591 484 1719 537; x_wconf 85' lang='grc' dir='ltr'>ἀσέ-</span> 
     </span>
    </p>
   </div>
   <div class='ocr_carea' id='block_1_5' title="bbox 1842 474 3396 570">
    <p class='ocr_par' dir='ltr' id='par_1_5' title="bbox 1842 474 3396 550">
     <span class='ocr_line' id='line_1_5' title="bbox 1842 474 3396 550; baseline -0.005 -17"><span class='ocrx_word' id='word_1_17' title='bbox 1842 482 2028 537; x_wconf 86' lang='lat' dir='ltr'><strong>tdttlati</strong></span> <span class='ocrx_word' id='word_1_18' title='bbox 2064 496 2281 549; x_wconf 88' lang='lat' dir='ltr'><strong>essent,</strong></span> <span class='ocrx_word' id='word_1_19' title='bbox 2314 483 2687 550; x_wconf 79' lang='lat' dir='ltr'><strong>dixissetttqne</strong></span> <span class='ocrx_word' id='word_1_20' title='bbox 2724 496 2743 529; x_wconf 76' lang='grc' dir='ltr'><strong>ι</strong></span> <span class='ocrx_word' id='word_1_21' title='bbox 2784 492 2883 533; x_wconf 67' lang='lat' dir='ltr'><strong>vox</strong></span> <span class='ocrx_word' id='word_1_22' title='bbox 2918 476 3008 531; x_wconf 87' lang='lat' dir='ltr'><strong>Dei</strong></span> <span class='ocrx_word' id='word_1_23' title='bbox 3039 515 3054 540; x_wconf 93' lang='lat'><strong>,</strong></span> <span class='ocrx_word' id='word_1_24' title='bbox 3083 484 3268 530; x_wconf 88' lang='lat' dir='ltr'><strong>etnon</strong></span> <span class='ocrx_word' id='word_1_25' title='bbox 3297 474 3396 527; x_wconf 84' lang='lat' dir='ltr'><strong>bo-</strong></span> 
     </span>
    </p>
   </div>
   <div class='ocr_carea' id='block_1_6' title="bbox 161 565 1722 646">
    <p class='ocr_par' dir='ltr' id='par_1_6' title="bbox 161 568 1712 642">
     <span class='ocr_line' id='line_1_6' title="bbox 161 568 1712 642; baseline 0.003 -22"><span class='ocrx_word' id='word_1_26' title='bbox 161 570 293 621; x_wconf 76' lang='grc' dir='ltr'>εειαν</span> <span class='ocrx_word' id='word_1_27' title='bbox 334 568 447 639; x_wconf 74' lang='grc'><strong>(54)</strong></span> <span class='ocrx_word' id='word_1_28' title='bbox 488 571 958 642; x_wconf 80' lang='grc' dir='ltr'>ὲπαιδοτρίὸησεν.</span> <span class='ocrx_word' id='word_1_29' title='bbox 1008 573 1168 635; x_wconf 80' lang='grc' dir='ltr'>Εἰκὸς</span> <span class='ocrx_word' id='word_1_30' title='bbox 1220 573 1278 627; x_wconf 82' lang='grc' dir='ltr'>δὲ</span> <span class='ocrx_word' id='word_1_31' title='bbox 1310 573 1613 635; x_wconf 76' lang='grc' dir='ltr'>κάκείνους,</span> <span class='ocrx_word' id='word_1_32' title='bbox 1665 573 1712 624; x_wconf 82' lang='grc' dir='ltr'><strong>εί</strong></span> 
     </span>
    </p>
   </div>
   <div class='ocr_carea' id='block_1_7' title="bbox 1842 565 3397 646">
    <p class='ocr_par' dir='ltr' id='par_1_7' title="bbox 1842 565 3397 646">
     <span class='ocr_line' id='line_1_7' title="bbox 1842 565 3397 646; baseline -0.007 -17"><span class='ocrx_word' id='word_1_33' title='bbox 1842 575 2006 642; x_wconf 88' lang='lat' dir='ltr'><strong>uiuis,</strong></span> <span class='ocrx_word' id='word_1_34' title='bbox 2047 594 2065 627; x_wconf 74' lang='grc' dir='ltr'><strong>ι</strong></span> <span class='ocrx_word' id='word_1_35' title='bbox 2100 577 2213 645; x_wconf 88' lang='lat' dir='ltr'><strong>ipse</strong></span> <span class='ocrx_word' id='word_1_36' title='bbox 2245 588 2433 646; x_wconf 70' lang='lat' dir='ltr'><strong>poenas</strong></span> <span class='ocrx_word' id='word_1_37' title='bbox 2490 572 2650 627; x_wconf 74' lang='lat' dir='ltr'><strong>luerit</strong></span> <span class='ocrx_word' id='word_1_38' title='bbox 2690 588 2705 626; x_wconf 90' lang='lat'><strong>:</strong></span> <span class='ocrx_word' id='word_1_39' title='bbox 2749 571 2836 625; x_wconf 84' lang='lat' dir='ltr'><strong>aio</strong></span> <span class='ocrx_word' id='word_1_40' title='bbox 2866 571 2942 639; x_wconf 88' lang='lat' dir='ltr'><strong>(id</strong></span> <span class='ocrx_word' id='word_1_41' title='bbox 2979 577 3262 639; x_wconf 74' lang='lat' dir='ltr'><strong>propterea</strong></span> <span class='ocrx_word' id='word_1_42' title='bbox 3316 565 3397 619; x_wconf 79' lang='lat' dir='ltr'><strong>fa-</strong></span> 
     </span>
    </p>
   </div>
   <div class='ocr_carea' id='block_1_8' title="bbox 160 658 1722 736">
    <p class='ocr_par' dir='ltr' id='par_1_8' title="bbox 160 660 1714 736">
     <span class='ocr_line' id='line_1_8' title="bbox 160 660 1714 736; baseline 0.003 -26"><span class='ocrx_word' id='word_1_43' title='bbox 160 661 240 711; x_wconf 71' lang='grc' dir='ltr'>καὶ</span> <span class='ocrx_word' id='word_1_44' title='bbox 268 660 337 730; x_wconf 79' lang='grc' dir='ltr'>μὴ</span> <span class='ocrx_word' id='word_1_45' title='bbox 363 662 694 730; x_wconf 80' lang='grc' dir='ltr'><strong>παραυτίκα,</strong></span> <span class='ocrx_word' id='word_1_46' title='bbox 741 662 855 716; x_wconf 90' lang='grc' dir='ltr'>ἀλλ’</span> <span class='ocrx_word' id='word_1_47' title='bbox 890 663 1115 736; x_wconf 76' lang='grc' dir='ltr'>ὕστερον</span> <span class='ocrx_word' id='word_1_48' title='bbox 1142 664 1435 717; x_wconf 76' lang='grc' dir='ltr'><strong>δεδωκέναι</strong></span> <span class='ocrx_word' id='word_1_49' title='bbox 1450 664 1626 735; x_wconf 86' lang='grc' dir='ltr'>δίκην.</span> <span class='ocrx_word' id='word_1_50' title='bbox 1654 665 1714 716; x_wconf 85' lang='grc' dir='ltr'><strong>Εἰ</strong></span> 
     </span>
    </p>
   </div>
   <div class='ocr_carea' id='block_1_9' title="bbox 1842 658 3399 736">
    <p class='ocr_par' dir='ltr' id='par_1_9' title="bbox 1842 658 3399 736">
     <span class='ocr_line' id='line_1_9' title="bbox 1842 658 3399 736; baseline -0.01 -15"><span class='ocrx_word' id='word_1_51' title='bbox 1842 666 2016 734; x_wconf 87' lang='lat' dir='ltr'><strong>:tttm),</strong></span> <span class='ocrx_word' id='word_1_52' title='bbox 2048 667 2175 734; x_wconf 90' lang='lat' dir='ltr'><strong>quia</strong></span> <span class='ocrx_word' id='word_1_53' title='bbox 2205 666 2318 735; x_wconf 90' lang='lat' dir='ltr'><strong>ipse</strong></span> <span class='ocrx_word' id='word_1_54' title='bbox 2342 663 2594 736; x_wconf 87' lang='lat' dir='ltr'><strong>populum</strong></span> <span class='ocrx_word' id='word_1_55' title='bbox 2628 677 2732 718; x_wconf 90' lang='lat' dir='ltr'><strong>non</strong></span> <span class='ocrx_word' id='word_1_56' title='bbox 2756 658 3199 732; x_wconf 88' lang='lat' dir='ltr'><strong>reprehenderit,</strong></span> <span class='ocrx_word' id='word_1_57' title='bbox 3222 669 3399 723; x_wconf 88' lang='lat' dir='ltr'><strong>neque</strong></span> 
     </span>
    </p>
   </div>
   <div class='ocr_carea' id='block_1_10' title="bbox 157 749 1689 824">
    <p class='ocr_par' dir='ltr' id='par_1_10' title="bbox 157 749 1689 824">
     <span class='ocr_line' id='line_1_10' title="bbox 157 749 1689 824; baseline 0.006 -24"><span class='ocrx_word' id='word_1_58' title='bbox 157 749 206 801; x_wconf 70' lang='grc' dir='ltr'>δὲ</span> <span class='ocrx_word' id='word_1_59' title='bbox 240 758 326 804; x_wconf 71' lang='grc' dir='ltr'>καὶ</span> <span class='ocrx_word' id='word_1_60' title='bbox 346 752 578 806; x_wconf 77' lang='grc' dir='ltr'>ἐνταῦθα</span> <span class='ocrx_word' id='word_1_61' title='bbox 610 753 882 823; x_wconf 81' lang='grc' dir='ltr'>διέφυγον,</span> <span class='ocrx_word' id='word_1_62' title='bbox 902 755 968 808; x_wconf 84' lang='grc' dir='ltr'>τὰ</span> <span class='ocrx_word' id='word_1_63' title='bbox 993 756 1172 807; x_wconf 82' lang='grc' dir='ltr'>ἐκεῖσε</span> <span class='ocrx_word' id='word_1_64' title='bbox 1204 758 1265 808; x_wconf 83' lang='grc' dir='ltr'>οὺ</span> <span class='ocrx_word' id='word_1_65' title='bbox 1291 755 1689 824; x_wconf 80' lang='grc' dir='ltr'><strong>διαφεύξονται.</strong></span> 
     </span>
    </p>
   </div>
   <div class='ocr_carea' id='block_1_11' title="bbox 1824 749 3394 827">
    <p class='ocr_par' dir='ltr' id='par_1_11' title="bbox 1824 749 3394 827">
     <span class='ocr_line' id='line_1_11' title="bbox 1824 749 3394 827; baseline -0.008 -15"><span class='ocrx_word' id='word_1_66' title='bbox 1824 758 2186 813; x_wconf 71' lang='lat' dir='ltr'><strong>adulationem</strong></span> <span class='ocrx_word' id='word_1_67' title='bbox 2227 760 2452 827; x_wconf 87' lang='lat' dir='ltr'><strong>impiam</strong></span> <span class='ocrx_word' id='word_1_68' title='bbox 2491 766 2547 812; x_wconf 92' lang='lat' dir='ltr'><strong>et</strong></span> <span class='ocrx_word' id='word_1_69' title='bbox 2587 757 2831 811; x_wconf 87' lang='lat' dir='ltr'><strong>insanam</strong></span> <span class='ocrx_word' id='word_1_70' title='bbox 2886 752 3203 824; x_wconf 89' lang='lat' dir='ltr'><strong>repudiarit.</strong></span> <span class='ocrx_word' id='word_1_71' title='bbox 3256 749 3394 803; x_wconf 88' lang='lat' dir='ltr'><strong>Nam</strong></span> 
     </span>
    </p>
   </div>
   <div class='ocr_carea' id='block_1_12' title="bbox 158 843 3397 919">
    <p class='ocr_par' dir='ltr' id='par_1_12' title="bbox 158 843 3397 919">
     <span class='ocr_line' id='line_1_12' title="bbox 158 843 3397 919; baseline 0 -28"><span class='ocrx_word' id='word_1_72' title='bbox 158 843 266 893; x_wconf 88' lang='lat' dir='ltr'><strong>dum</strong></span> <span class='ocrx_word' id='word_1_73' title='bbox 288 858 404 895; x_wconf 89' lang='lat' dir='ltr'><strong>eam</strong></span> <span class='ocrx_word' id='word_1_74' title='bbox 431 847 755 913; x_wconf 80' lang='lat' dir='ltr'><strong>acceptavit,</strong></span> <span class='ocrx_word' id='word_1_75' title='bbox 782 848 945 901; x_wconf 90' lang='lat' dir='ltr'><strong>etiam</strong></span> <span class='ocrx_word' id='word_1_76' title='bbox 1008 850 1071 900; x_wconf 90' lang='lat' dir='ltr'><strong>ad</strong></span> <span class='ocrx_word' id='word_1_77' title='bbox 1138 847 1399 916; x_wconf 86' lang='lat' dir='ltr'><strong>majorem</strong></span> <span class='ocrx_word' id='word_1_78' title='bbox 1457 847 1604 916; x_wconf 85' lang='lat' dir='ltr'><strong>ipsos</strong></span> <span class='ocrx_word' id='word_1_79' title='bbox 1660 849 1991 919; x_wconf 75' lang='lat' dir='ltr'><strong>impietatem</strong></span> <span class='ocrx_word' id='word_1_80' title='bbox 2049 850 2341 906; x_wconf 77' lang='lat' dir='ltr'><strong>assuefecit</strong></span> <span class='ocrx_word' id='word_1_81' title='bbox 2384 858 2545 919; x_wconf 87' lang='lat' dir='ltr'><strong>atque</strong></span> <span class='ocrx_word' id='word_1_82' title='bbox 2600 848 2851 904; x_wconf 83' lang='lat' dir='ltr'><strong>erudivit.</strong></span> <span class='ocrx_word' id='word_1_83' title='bbox 2903 844 3171 901; x_wconf 86' lang='lat' dir='ltr'><strong>Credibile</strong></span> <span class='ocrx_word' id='word_1_84' title='bbox 3217 850 3397 895; x_wconf 88' lang='lat' dir='ltr'><strong>autem</strong></span> 
     </span>
    </p>
   </div>
   <div class='ocr_carea' id='block_1_13' title="bbox 156 936 3395 1014">
    <p class='ocr_par' dir='ltr' id='par_1_13' title="bbox 156 936 3395 1014">
     <span class='ocr_line' id='line_1_13' title="bbox 156 936 3395 1014; baseline -0.001 -21"><span class='ocrx_word' id='word_1_85' title='bbox 156 946 245 997; x_wconf 82' lang='lat' dir='ltr'><strong>est.</strong></span> <span class='ocrx_word' id='word_1_86' title='bbox 286 936 431 1004; x_wconf 86' lang='lat' dir='ltr'><strong>ipsos</strong></span> <span class='ocrx_word' id='word_1_87' title='bbox 466 952 679 1008; x_wconf 73' lang='lat' dir='ltr'><strong>Quoque</strong></span> <span class='ocrx_word' id='word_1_88' title='bbox 721 940 1057 1012; x_wconf 83' lang='lat' dir='ltr'><strong>(adulatores</strong></span> <span class='ocrx_word' id='word_1_89' title='bbox 1094 939 1234 1007; x_wconf 88' lang='lat' dir='ltr'><strong>illos)</strong></span> <span class='ocrx_word' id='word_1_90' title='bbox 1295 941 1339 994; x_wconf 90' lang='lat' dir='ltr'><strong>si</strong></span> <span class='ocrx_word' id='word_1_91' title='bbox 1399 942 1632 995; x_wconf 81' lang='lat' dir='ltr'><strong>maxime</strong></span> <span class='ocrx_word' id='word_1_92' title='bbox 1679 957 1786 995; x_wconf 90' lang='lat' dir='ltr'><strong>non</strong></span> <span class='ocrx_word' id='word_1_93' title='bbox 1827 943 2115 1014; x_wconf 81' lang='lat' dir='ltr'><strong>evestigio,</strong></span> <span class='ocrx_word' id='word_1_94' title='bbox 2170 955 2223 998; x_wconf 89' lang='lat' dir='ltr'><strong>at</strong></span> <span class='ocrx_word' id='word_1_95' title='bbox 2274 953 2423 999; x_wconf 85' lang='lat' dir='ltr'><strong>certe</strong></span> <span class='ocrx_word' id='word_1_96' title='bbox 2501 942 2770 1011; x_wconf 87' lang='lat' dir='ltr'><strong>posterius</strong></span> <span class='ocrx_word' id='word_1_97' title='bbox 2822 954 3010 1010; x_wconf 84' lang='lat' dir='ltr'><strong>poenas</strong></span> <span class='ocrx_word' id='word_1_98' title='bbox 3050 936 3395 1009; x_wconf 69' lang='lat' dir='ltr'><strong>persolvisse,</strong></span> 
     </span>
    </p>
   </div>
   <div class='ocr_carea' id='block_1_14' title="bbox 155 1028 3397 1110">
    <p class='ocr_par' dir='ltr' id='par_1_14' title="bbox 155 1028 3397 1110">
     <span class='ocr_line' id='line_1_14' title="bbox 155 1028 3397 1110; baseline 0 -32"><span class='ocrx_word' id='word_1_99' title='bbox 155 1028 359 1110; x_wconf 79' lang='lat' dir='ltr'><strong>Quodsi</strong></span> <span class='ocrx_word' id='word_1_100' title='bbox 391 1030 555 1084; x_wconf 88' lang='lat' dir='ltr'><strong>etiam</strong></span> <span class='ocrx_word' id='word_1_101' title='bbox 591 1033 679 1085; x_wconf 90' lang='lat' dir='ltr'><strong>ltic</strong></span> <span class='ocrx_word' id='word_1_102' title='bbox 709 1032 943 1086; x_wconf 83' lang='lat' dir='ltr'><strong>divinam</strong></span> <span class='ocrx_word' id='word_1_103' title='bbox 971 1032 1494 1087; x_wconf 83' lang='lat' dir='ltr'><strong>animadversionem</strong></span> <span class='ocrx_word' id='word_1_104' title='bbox 1546 1033 1793 1103; x_wconf 91' lang='lat' dir='ltr'><strong>intpuniti</strong></span> <span class='ocrx_word' id='word_1_105' title='bbox 1860 1034 2187 1104; x_wconf 78' lang='lat' dir='ltr'><strong>eﬂ‘ugerunt,</strong></span> <span class='ocrx_word' id='word_1_106' title='bbox 2227 1046 2430 1091; x_wconf 66' lang='lat' dir='ltr'><strong>aeterna</strong></span> <span class='ocrx_word' id='word_1_107' title='bbox 2464 1035 2688 1090; x_wconf 86' lang='lat' dir='ltr'><strong>alterius</strong></span> <span class='ocrx_word' id='word_1_108' title='bbox 2718 1032 2903 1089; x_wconf 64' lang='lat' dir='ltr'><strong>saeculi</strong></span> <span class='ocrx_word' id='word_1_109' title='bbox 2957 1029 3218 1100; x_wconf 83' lang='lat' dir='ltr'><strong>supplicia</strong></span> <span class='ocrx_word' id='word_1_110' title='bbox 3289 1040 3397 1082; x_wconf 93' lang='lat' dir='ltr'><strong>non</strong></span> 
     </span>
    </p>
   </div>
   <div class='ocr_carea' id='block_1_15' title="bbox 154 1124 383 1177">
    <p class='ocr_par' dir='ltr' id='par_1_15' title="bbox 154 1124 383 1177">
     <span class='ocr_line' id='line_1_15' title="bbox 154 1124 383 1177; baseline -0.004 -1"><span class='ocrx_word' id='word_1_111' title='bbox 154 1124 357 1177; x_wconf 70' lang='lat' dir='ltr'><strong>evadent</strong></span> <span class='ocrx_word' id='word_1_112' title='bbox 371 1163 383 1175; x_wconf 93' lang='lat'><strong>.</strong></span> 
     </span>
    </p>
   </div>
   <div class='ocr_carea' id='block_1_16' title="bbox 678 1237 1150 1294">
    <p class='ocr_par' dir='ltr' id='par_1_16' title="bbox 678 1237 1150 1294">
     <span class='ocr_line' id='line_1_16' title="bbox 678 1237 1150 1294; baseline 0.002 -3"><span class='ocrx_word' id='word_1_113' title='bbox 678 1237 808 1294; x_wconf 77' lang='lat' dir='ltr'><strong>NA’.</strong></span> <span class='ocrx_word' id='word_1_114' title='bbox 835 1269 905 1279; x_wconf 92' lang='lat'><strong>—</strong></span> <span class='ocrx_word' id='word_1_115' title='bbox 924 1239 1150 1293; x_wconf 83' lang='grc' dir='ltr'><strong>ΘΕΩΝΙ.</strong></span> 
     </span>
    </p>
   </div>
   <div class='ocr_carea' id='block_1_17' title="bbox 202 1326 1661 1401">
    <p class='ocr_par' dir='ltr' id='par_1_17' title="bbox 202 1326 1661 1401">
     <span class='ocr_line' id='line_1_17' title="bbox 202 1326 1661 1401; baseline 0.003 -18"><span class='ocrx_word' id='word_1_116' title='bbox 202 1332 299 1395; x_wconf 77' lang='grc' dir='ltr'><strong>Εἰς</strong></span> <span class='ocrx_word' id='word_1_117' title='bbox 326 1329 397 1382; x_wconf 77' lang='grc' dir='ltr'><strong>τό</strong></span> <span class='ocrx_word' id='word_1_118' title='bbox 422 1345 435 1359; x_wconf 93' lang='grc'><strong>·</strong></span> <span class='ocrx_word' id='word_1_119' title='bbox 469 1347 487 1380; x_wconf 81' lang='grc' dir='ltr'><strong>ι</strong></span> <span class='ocrx_word' id='word_1_120' title='bbox 532 1329 662 1396; x_wconf 82' lang='grc' dir='ltr'>Τοῖς</span> <span class='ocrx_word' id='word_1_121' title='bbox 688 1334 839 1387; x_wconf 71' lang='grc' dir='ltr'>κατὰ</span> <span class='ocrx_word' id='word_1_122' title='bbox 870 1335 1159 1401; x_wconf 80' lang='grc' dir='ltr'>πρόθεσιν</span> <span class='ocrx_word' id='word_1_123' title='bbox 1190 1332 1437 1401; x_wconf 75' lang='grc' dir='ltr'>κλητοῖς</span> <span class='ocrx_word' id='word_1_124' title='bbox 1462 1326 1661 1389; x_wconf 81' lang='grc' dir='ltr'>οὖσιν.</span> 
     </span>
    </p>
   </div>
   <div class='ocr_carea' id='block_1_18' title="bbox 222 1511 1719 1591">
    <p class='ocr_par' dir='ltr' id='par_1_18' title="bbox 222 1511 1719 1591">
     <span class='ocr_line' id='line_1_18' title="bbox 222 1511 1719 1591; baseline 0.005 -26"><span class='ocrx_word' id='word_1_125' title='bbox 222 1511 282 1566; x_wconf 85' lang='grc' dir='ltr'><strong><em>Ἥ</em></strong></span> <span class='ocrx_word' id='word_1_126' title='bbox 312 1512 433 1566; x_wconf 84' lang='grc' dir='ltr'>θεία</span> <span class='ocrx_word' id='word_1_127' title='bbox 454 1512 614 1584; x_wconf 81' lang='grc' dir='ltr'>χάρις</span> <span class='ocrx_word' id='word_1_128' title='bbox 645 1514 759 1587; x_wconf 79' lang='lat'><strong>(55)</strong></span> <span class='ocrx_word' id='word_1_129' title='bbox 797 1518 863 1587; x_wconf 79' lang='grc' dir='ltr'>τῇ</span> <span class='ocrx_word' id='word_1_130' title='bbox 898 1516 1215 1591; x_wconf 80' lang='grc' dir='ltr'><strong>ἀνθρωπίνῃ</strong></span> <span class='ocrx_word' id='word_1_131' title='bbox 1264 1519 1578 1590; x_wconf 79' lang='grc' dir='ltr'>κιρνωμὲνη</span> <span class='ocrx_word' id='word_1_132' title='bbox 1605 1516 1719 1587; x_wconf 78' lang='grc'><strong>(56)</strong></span> 
     </span>
    </p>
   </div>
   <div class='ocr_carea' id='block_1_19' title="bbox 2353 1238 2865 1298">
    <p class='ocr_par' dir='ltr' id='par_1_19' title="bbox 2353 1238 2865 1298">
     <span class='ocr_line' id='line_1_19' title="bbox 2353 1238 2865 1298; baseline -0.006 0"><span class='ocrx_word' id='word_1_133' title='bbox 2353 1242 2444 1298; x_wconf 82' lang='lat' dir='ltr'><strong>LI.</strong></span> <span class='ocrx_word' id='word_1_134' title='bbox 2486 1272 2556 1283; x_wconf 89' lang='lat'><strong>——</strong></span> <span class='ocrx_word' id='word_1_135' title='bbox 2586 1238 2865 1296; x_wconf 86' lang='lat' dir='ltr'><strong>THEONI.</strong></span> 
     </span>
    </p>
   </div>
   <div class='ocr_carea' id='block_1_20' title="bbox 1826 1333 3399 1408">
    <p class='ocr_par' dir='ltr' id='par_1_20' title="bbox 1826 1333 3399 1408">
     <span class='ocr_line' id='line_1_20' title="bbox 1826 1333 3399 1408; baseline -0.003 -17"><span class='ocrx_word' id='word_1_136' title='bbox 1826 1337 1895 1391; x_wconf 77' lang='lat' dir='ltr'><strong>In</strong></span> <span class='ocrx_word' id='word_1_137' title='bbox 1930 1337 2066 1392; x_wconf 80' lang='lat' dir='ltr'><strong>illud</strong></span> <span class='ocrx_word' id='word_1_138' title='bbox 2096 1334 2283 1408; x_wconf 81' lang='lat' dir='ltr'><strong>(Pauli</strong></span> <span class='ocrx_word' id='word_1_139' title='bbox 2312 1336 2536 1399; x_wconf 65' lang='lat' dir='ltr'><strong>dictum)</strong></span> <span class='ocrx_word' id='word_1_140' title='bbox 2562 1352 2581 1390; x_wconf 91' lang='lat'><em>:</em></span> <span class='ocrx_word' id='word_1_141' title='bbox 2618 1354 2636 1387; x_wconf 82' lang='lat' dir='ltr'><strong>t</strong></span> <span class='ocrx_word' id='word_1_142' title='bbox 2671 1335 2746 1390; x_wconf 81' lang='lat' dir='ltr'><strong>lis</strong></span> <span class='ocrx_word' id='word_1_143' title='bbox 2777 1334 2867 1408; x_wconf 67' lang='lat' dir='ltr'><strong>qui</strong></span> <span class='ocrx_word' id='word_1_144' title='bbox 2892 1333 3179 1388; x_wconf 77' lang='lat' dir='ltr'><strong>secundum</strong></span> <span class='ocrx_word' id='word_1_145' title='bbox 3205 1348 3399 1401; x_wconf 85' lang='lat' dir='ltr'><strong>propa-</strong></span> 
     </span>
    </p>
   </div>
   <div class='ocr_carea' id='block_1_21' title="bbox 2271 1405 2933 1461">
    <p class='ocr_par' dir='ltr' id='par_1_21' title="bbox 2271 1405 2933 1461">
     <span class='ocr_line' id='line_1_21' title="bbox 2271 1405 2933 1461; baseline -0.008 -1"><span class='ocrx_word' id='word_1_146' title='bbox 2271 1408 2432 1460; x_wconf 77' lang='lat' dir='ltr'><strong>situm</strong></span> <span class='ocrx_word' id='word_1_147' title='bbox 2462 1408 2630 1461; x_wconf 77' lang='lat' dir='ltr'><strong>vocati</strong></span> <span class='ocrx_word' id='word_1_148' title='bbox 2667 1416 2789 1460; x_wconf 77' lang='lat' dir='ltr'><strong>sunt</strong></span> <span class='ocrx_word' id='word_1_149' title='bbox 2811 1405 2877 1459; x_wconf 80' lang='grc'>¹⁵.</span> <span class='ocrx_word' id='word_1_150' title='bbox 2914 1422 2933 1455; x_wconf 78' lang='lat' dir='ltr'><strong>t</strong></span> 
     </span>
    </p>
   </div>
   <div class='ocr_carea' id='block_1_22' title="bbox 1892 1518 3404 1590">
    <p class='ocr_par' dir='ltr' id='par_1_22' title="bbox 1892 1518 3404 1590">
     <span class='ocr_line' id='line_1_22' title="bbox 1892 1518 3404 1590; baseline -0.001 -15"><span class='ocrx_word' id='word_1_151' title='bbox 1892 1520 2078 1575; x_wconf 87' lang='lat' dir='ltr'><strong>Divina</strong></span> <span class='ocrx_word' id='word_1_152' title='bbox 2120 1519 2293 1590; x_wconf 89' lang='lat' dir='ltr'><strong>gratia</strong></span> <span class='ocrx_word' id='word_1_153' title='bbox 2325 1519 2575 1574; x_wconf 74' lang='lat' dir='ltr'><strong>humanas</strong></span> <span class='ocrx_word' id='word_1_154' title='bbox 2613 1518 3094 1574; x_wconf 72' lang='lat' dir='ltr'><strong>mina-industriae</strong></span> <span class='ocrx_word' id='word_1_155' title='bbox 3127 1518 3404 1588; x_wconf 83' lang='lat' dir='ltr'><strong>animique</strong></span> 
     </span>
    </p>
   </div>
   <div class='ocr_carea' id='block_1_23' title="bbox 156 1604 1722 1680">
    <p class='ocr_par' dir='ltr' id='par_1_23' title="bbox 156 1606 1721 1680">
     <span class='ocr_line' id='line_1_23' title="bbox 156 1606 1721 1680; baseline 0.003 -22"><span class='ocrx_word' id='word_1_156' title='bbox 156 1606 439 1677; x_wconf 72' lang='grc' dir='ltr'>προθυμίᾳ,</span> <span class='ocrx_word' id='word_1_157' title='bbox 495 1607 656 1671; x_wconf 82' lang='grc' dir='ltr'><strong>σώζει</strong></span> <span class='ocrx_word' id='word_1_158' title='bbox 710 1608 803 1662; x_wconf 80' lang='grc' dir='ltr'>τὸν</span> <span class='ocrx_word' id='word_1_159' title='bbox 856 1608 1163 1679; x_wconf 75' lang='grc' dir='ltr'>ἄνθρωπον.</span> <span class='ocrx_word' id='word_1_160' title='bbox 1207 1610 1408 1680; x_wconf 86' lang='grc' dir='ltr'><strong>Διόπερ</strong></span> <span class='ocrx_word' id='word_1_161' title='bbox 1438 1610 1532 1664; x_wconf 73' lang='grc' dir='ltr'>καὶ</span> <span class='ocrx_word' id='word_1_162' title='bbox 1569 1611 1599 1662; x_wconf 86' lang='grc' dir='ltr'>ὁ</span> <span class='ocrx_word' id='word_1_163' title='bbox 1627 1609 1721 1662; x_wconf 82' lang='grc' dir='ltr'>τὸν</span> 
     </span>
    </p>
   </div>
   <div class='ocr_carea' id='block_1_24' title="bbox 1842 1604 3401 1680">
    <p class='ocr_par' dir='ltr' id='par_1_24' title="bbox 1842 1604 3401 1680">
     <span class='ocr_line' id='line_1_24' title="bbox 1842 1604 3401 1680; baseline -0.001 -17"><span class='ocrx_word' id='word_1_164' title='bbox 1842 1604 2260 1680; x_wconf 85' lang='lat' dir='ltr'><strong>tromptitudini,</strong></span> <span class='ocrx_word' id='word_1_165' title='bbox 2312 1609 2519 1665; x_wconf 88' lang='lat' dir='ltr'><strong>salvum</strong></span> <span class='ocrx_word' id='word_1_166' title='bbox 2576 1607 2707 1664; x_wconf 77' lang='lat' dir='ltr'><strong>facit</strong></span> <span class='ocrx_word' id='word_1_167' title='bbox 2766 1609 3064 1666; x_wconf 77' lang='lat' dir='ltr'><strong>hominem.</strong></span> <span class='ocrx_word' id='word_1_168' title='bbox 3135 1608 3401 1676; x_wconf 85' lang='lat' dir='ltr'><strong>Quocirca</strong></span> 
     </span>
    </p>
   </div>
   <div class='ocr_carea' id='block_1_25' title="bbox 156 1697 1722 1783">
    <p class='ocr_par' dir='ltr' id='par_1_25' title="bbox 156 1697 1722 1771">
     <span class='ocr_line' id='line_1_25' title="bbox 156 1697 1722 1771; baseline 0 -18"><span class='ocrx_word' id='word_1_169' title='bbox 156 1700 376 1768; x_wconf 78' lang='grc' dir='ltr'>Χριστὸν</span> <span class='ocrx_word' id='word_1_170' title='bbox 401 1700 541 1769; x_wconf 78' lang='grc' dir='ltr'>ἔχων</span> <span class='ocrx_word' id='word_1_171' title='bbox 580 1702 638 1753; x_wconf 83' lang='grc' dir='ltr'><strong>ἐν</strong></span> <span class='ocrx_word' id='word_1_172' title='bbox 671 1701 851 1771; x_wconf 84' lang='grc' dir='ltr'>ἐαυτῷ</span> <span class='ocrx_word' id='word_1_173' title='bbox 878 1701 1148 1755; x_wconf 84' lang='grc' dir='ltr'><strong>λαλοῦντα</strong></span> <span class='ocrx_word' id='word_1_174' title='bbox 1179 1697 1299 1755; x_wconf 79' lang='grc' dir='ltr'>εἷπε</span> <span class='ocrx_word' id='word_1_175' title='bbox 1324 1716 1337 1730; x_wconf 87' lang='grc'><strong>·</strong></span> <span class='ocrx_word' id='word_1_176' title='bbox 1384 1721 1403 1753; x_wconf 78' lang='grc' dir='ltr'><strong>ι</strong></span> <span class='ocrx_word' id='word_1_177' title='bbox 1461 1700 1722 1771; x_wconf 86' lang='grc' dir='ltr'>Συνεργεῖ</span> 
     </span>
    </p>
   </div>
   <div class='ocr_carea' id='block_1_26' title="bbox 1842 1697 3401 1783">
    <p class='ocr_par' dir='ltr' id='par_1_26' title="bbox 1842 1697 3401 1783">
     <span class='ocr_line' id='line_1_26' title="bbox 1842 1697 3401 1783; baseline -0.001 -28"><span class='ocrx_word' id='word_1_178' title='bbox 1842 1702 1985 1756; x_wconf 76' lang='lat' dir='ltr'><strong>:tiam</strong></span> <span class='ocrx_word' id='word_1_179' title='bbox 2023 1698 2342 1772; x_wconf 83' lang='lat' dir='ltr'><strong>Apostolus,</strong></span> <span class='ocrx_word' id='word_1_180' title='bbox 2386 1701 2477 1769; x_wconf 89' lang='lat' dir='ltr'><strong>qui</strong></span> <span class='ocrx_word' id='word_1_181' title='bbox 2514 1697 2797 1783; x_wconf 16' lang='lat' dir='ltr'><strong>vChristum</strong></span> <span class='ocrx_word' id='word_1_182' title='bbox 2844 1699 3165 1783; x_wconf 86' lang='lat' dir='ltr'><strong>habebatin</strong></span> <span class='ocrx_word' id='word_1_183' title='bbox 3213 1715 3274 1755; x_wconf 89' lang='lat' dir='ltr'><strong>se</strong></span> <span class='ocrx_word' id='word_1_184' title='bbox 3320 1699 3401 1754; x_wconf 79' lang='lat' dir='ltr'><strong>lo-</strong></span> 
     </span>
    </p>
   </div>
   <div class='ocr_carea' id='block_1_27' title="bbox 155 1789 1719 1864">
    <p class='ocr_par' dir='ltr' id='par_1_27' title="bbox 155 1789 1719 1864">
     <span class='ocr_line' id='line_1_27' title="bbox 155 1789 1719 1864; baseline -0.001 -19"><span class='ocrx_word' id='word_1_185' title='bbox 155 1796 257 1855; x_wconf 80' lang='grc' dir='ltr'>τοῖς</span> <span class='ocrx_word' id='word_1_186' title='bbox 295 1793 436 1847; x_wconf 84' lang='grc' dir='ltr'><strong>κατά</strong></span> <span class='ocrx_word' id='word_1_187' title='bbox 468 1793 724 1863; x_wconf 86' lang='grc' dir='ltr'>πρόθεσιν</span> <span class='ocrx_word' id='word_1_188' title='bbox 744 1793 962 1864; x_wconf 82' lang='grc' dir='ltr'><strong>κλητοῖς</strong></span> <span class='ocrx_word' id='word_1_189' title='bbox 991 1789 1161 1848; x_wconf 78' lang='grc' dir='ltr'>οὖσιν.</span> <span class='ocrx_word' id='word_1_190' title='bbox 1206 1812 1225 1845; x_wconf 77' lang='grc' dir='ltr'><strong>ι</strong></span> <span class='ocrx_word' id='word_1_191' title='bbox 1269 1793 1345 1846; x_wconf 84' lang='grc' dir='ltr'><strong>Οὐ</strong></span> <span class='ocrx_word' id='word_1_192' title='bbox 1384 1792 1494 1863; x_wconf 89' lang='grc' dir='ltr'><strong>γάρ</strong></span> <span class='ocrx_word' id='word_1_193' title='bbox 1524 1791 1559 1860; x_wconf 84' lang='grc' dir='ltr'><strong>ή</strong></span> <span class='ocrx_word' id='word_1_194' title='bbox 1587 1791 1719 1862; x_wconf 81' lang='grc' dir='ltr'>κλῆ-</span> 
     </span>
    </p>
   </div>
   <div class='ocr_carea' id='block_1_28' title="bbox 1818 1780 3401 1862">
    <p class='ocr_par' dir='ltr' id='par_1_28' title="bbox 1818 1780 3401 1862">
     <span class='ocr_line' id='line_1_28' title="bbox 1818 1780 3401 1862; baseline -0.001 -18"><span class='ocrx_word' id='word_1_195' title='bbox 1818 1800 2093 1862; x_wconf 89' lang='lat' dir='ltr'><strong>quentem,</strong></span> <span class='ocrx_word' id='word_1_196' title='bbox 2128 1790 2340 1846; x_wconf 89' lang='lat' dir='ltr'><strong>dicebat</strong></span> <span class='ocrx_word' id='word_1_197' title='bbox 2374 1809 2388 1845; x_wconf 88' lang='lat'><strong>:</strong></span> <span class='ocrx_word' id='word_1_198' title='bbox 2432 1808 2451 1838; x_wconf 78' lang='grc' dir='ltr'><strong>ι</strong></span> <span class='ocrx_word' id='word_1_199' title='bbox 2481 1780 2816 1860; x_wconf 87' lang='lat' dir='ltr'><strong>Cooperatur</strong></span> <span class='ocrx_word' id='word_1_200' title='bbox 2846 1780 2912 1846; x_wconf 89' lang='lat' dir='ltr'><strong>iis</strong></span> <span class='ocrx_word' id='word_1_201' title='bbox 2933 1832 2948 1852; x_wconf 89' lang='lat'><strong>.</strong></span> <span class='ocrx_word' id='word_1_202' title='bbox 2976 1791 3065 1862; x_wconf 90' lang='lat' dir='ltr'><strong>qui</strong></span> <span class='ocrx_word' id='word_1_203' title='bbox 3106 1792 3401 1846; x_wconf 90' lang='lat' dir='ltr'><strong>secundum</strong></span> 
     </span>
    </p>
   </div>
   <div class='ocr_carea' id='block_1_29' title="bbox 159 1881 1722 1956">
    <p class='ocr_par' dir='ltr' id='par_1_29' title="bbox 159 1884 1722 1956">
     <span class='ocr_line' id='line_1_29' title="bbox 159 1884 1722 1956; baseline -0.001 -19"><span class='ocrx_word' id='word_1_204' title='bbox 159 1902 232 1947; x_wconf 84' lang='grc' dir='ltr'><strong>σις</strong></span> <span class='ocrx_word' id='word_1_205' title='bbox 271 1884 427 1953; x_wconf 82' lang='grc' dir='ltr'>μόνον</span> <span class='ocrx_word' id='word_1_206' title='bbox 461 1885 685 1954; x_wconf 85' lang='grc' dir='ltr'>(πάντες</span> <span class='ocrx_word' id='word_1_207' title='bbox 706 1885 817 1955; x_wconf 81' lang='grc' dir='ltr'><strong>γὰρ</strong></span> <span class='ocrx_word' id='word_1_208' title='bbox 849 1885 1154 1956; x_wconf 81' lang='grc' dir='ltr'>ἐκλήθησαν</span> <span class='ocrx_word' id='word_1_209' title='bbox 1190 1885 1309 1956; x_wconf 83' lang='grc' dir='ltr'>μὲν,</span> <span class='ocrx_word' id='word_1_210' title='bbox 1343 1886 1441 1955; x_wconf 76' lang='grc' dir='ltr'>οὺχ</span> <span class='ocrx_word' id='word_1_211' title='bbox 1480 1884 1722 1956; x_wconf 83' lang='grc' dir='ltr'>ὑπήκου-</span> 
     </span>
    </p>
   </div>
   <div class='ocr_carea' id='block_1_30' title="bbox 1842 1881 3404 1956">
    <p class='ocr_par' dir='ltr' id='par_1_30' title="bbox 1842 1881 3404 1952">
     <span class='ocr_line' id='line_1_30' title="bbox 1842 1881 3404 1952; baseline 0 -15"><span class='ocrx_word' id='word_1_212' title='bbox 1842 1883 2159 1952; x_wconf 60' lang='lat' dir='ltr'><strong>propositum</strong></span> <span class='ocrx_word' id='word_1_213' title='bbox 2206 1883 2383 1938; x_wconf 82' lang='lat' dir='ltr'><strong>vocati</strong></span> <span class='ocrx_word' id='word_1_214' title='bbox 2429 1890 2576 1937; x_wconf 84' lang='lat' dir='ltr'><strong>sunt.</strong></span> <span class='ocrx_word' id='word_1_215' title='bbox 2628 1901 2648 1934; x_wconf 68' lang='grc' dir='ltr'><strong>ι</strong></span> <span class='ocrx_word' id='word_1_216' title='bbox 2694 1881 2810 1936; x_wconf 85' lang='grc' dir='ltr'>Νοιι</span> <span class='ocrx_word' id='word_1_217' title='bbox 2849 1882 2993 1937; x_wconf 88' lang='lat' dir='ltr'><strong>enim</strong></span> <span class='ocrx_word' id='word_1_218' title='bbox 3034 1882 3147 1937; x_wconf 89' lang='lat' dir='ltr'><strong>sola</strong></span> <span class='ocrx_word' id='word_1_219' title='bbox 3191 1883 3404 1937; x_wconf 89' lang='lat' dir='ltr'><strong>vocatio</strong></span> 
     </span>
    </p>
   </div>
   <div class='ocr_carea' id='block_1_31' title="bbox 159 1971 1721 2044">
    <p class='ocr_par' dir='ltr' id='par_1_31' title="bbox 159 1971 1721 2044">
     <span class='ocr_line' id='line_1_31' title="bbox 159 1971 1721 2044; baseline -0.001 -19"><span class='ocrx_word' id='word_1_220' title='bbox 159 1990 247 2025; x_wconf 83' lang='grc' dir='ltr'><strong>σαν</strong></span> <span class='ocrx_word' id='word_1_221' title='bbox 289 1973 402 2041; x_wconf 81' lang='grc' dir='ltr'>δέ)ο</span> <span class='ocrx_word' id='word_1_222' title='bbox 463 1972 600 2026; x_wconf 82' lang='grc' dir='ltr'><strong>ἀλλά</strong></span> <span class='ocrx_word' id='word_1_223' title='bbox 642 1973 739 2026; x_wconf 78' lang='grc' dir='ltr'><strong>καὶ</strong></span> <span class='ocrx_word' id='word_1_224' title='bbox 777 1973 1036 2044; x_wconf 83' lang='grc' dir='ltr'>πρόθεσις</span> <span class='ocrx_word' id='word_1_225' title='bbox 1084 1972 1192 2024; x_wconf 88' lang='grc' dir='ltr'>τῶν</span> <span class='ocrx_word' id='word_1_226' title='bbox 1229 1972 1587 2043; x_wconf 82' lang='grc' dir='ltr'><strong>κεκλημένων</strong></span> <span class='ocrx_word' id='word_1_227' title='bbox 1623 1971 1721 2041; x_wconf 85' lang='grc' dir='ltr'>τὴν</span> 
     </span>
    </p>
   </div>
   <div class='ocr_carea' id='block_1_32' title="bbox 158 2062 1723 2135">
    <p class='ocr_par' dir='ltr' id='par_1_32' title="bbox 158 2062 1723 2135">
     <span class='ocr_line' id='line_1_32' title="bbox 158 2062 1723 2135; baseline -0.002 -18"><span class='ocrx_word' id='word_1_228' title='bbox 158 2065 419 2135; x_wconf 77' lang='grc' dir='ltr'>σωτηρίαν</span> <span class='ocrx_word' id='word_1_229' title='bbox 457 2064 771 2135; x_wconf 85' lang='grc' dir='ltr'>εἰργάσατο.</span> <span class='ocrx_word' id='word_1_230' title='bbox 809 2064 884 2115; x_wconf 84' lang='grc' dir='ltr'><strong>Οὐ</strong></span> <span class='ocrx_word' id='word_1_231' title='bbox 930 2064 1039 2133; x_wconf 84' lang='grc' dir='ltr'>γὰρ</span> <span class='ocrx_word' id='word_1_232' title='bbox 1076 2062 1468 2134; x_wconf 77' lang='grc' dir='ltr'>ἠναγκασμένη</span> <span class='ocrx_word' id='word_1_233' title='bbox 1502 2063 1723 2131; x_wconf 79' lang='grc' dir='ltr'>γέγονεν</span> 
     </span>
    </p>
   </div>
   <div class='ocr_carea' id='block_1_33' title="bbox 154 2154 1404 2226">
    <p class='ocr_par' dir='ltr' id='par_1_33' title="bbox 154 2154 1404 2226">
     <span class='ocr_line' id='line_1_33' title="bbox 154 2154 1404 2226; baseline -0.001 -18"><span class='ocrx_word' id='word_1_234' title='bbox 154 2157 409 2226; x_wconf 77' lang='grc' dir='ltr'>ήκλῆσις,</span> <span class='ocrx_word' id='word_1_235' title='bbox 441 2155 565 2207; x_wconf 78' lang='grc' dir='ltr'>οὐδὲ</span> <span class='ocrx_word' id='word_1_236' title='bbox 608 2154 962 2226; x_wconf 77' lang='grc' dir='ltr'>βεϐιασμένη,</span> <span class='ocrx_word' id='word_1_237' title='bbox 991 2154 1105 2208; x_wconf 83' lang='grc' dir='ltr'>ἀλλ’</span> <span class='ocrx_word' id='word_1_238' title='bbox 1136 2155 1404 2218; x_wconf 79' lang='grc' dir='ltr'>ἑκούσιος.</span> 
     </span>
    </p>
   </div>
   <div class='ocr_carea' id='block_1_34' title="bbox 295 2444 1581 2516">
    <p class='ocr_par' dir='ltr' id='par_1_34' title="bbox 295 2444 1581 2516">
     <span class='ocr_line' id='line_1_34' title="bbox 295 2444 1581 2516; baseline -0.002 -16"><span class='ocrx_word' id='word_1_239' title='bbox 295 2446 423 2500; x_wconf 84' lang='lat' dir='ltr'><strong>NB’.</strong></span> <span class='ocrx_word' id='word_1_240' title='bbox 456 2474 526 2486; x_wconf 90' lang='grc'><strong><em>-</em></strong></span> <span class='ocrx_word' id='word_1_241' title='bbox 558 2444 901 2516; x_wconf 63' lang='lat' dir='ltr'><strong>mamma</strong></span> <span class='ocrx_word' id='word_1_242' title='bbox 950 2444 1398 2515; x_wconf 80' lang='grc' dir='ltr'><strong>ΠΡΕΣΒΥΤΕΡῼ</strong></span> <span class='ocrx_word' id='word_1_243' title='bbox 1448 2444 1581 2514; x_wconf 80' lang='lat'><strong>(57).</strong></span> 
     </span>
    </p>
   </div>
   <div class='ocr_carea' id='block_1_35' title="bbox 155 2537 1723 2607">
    <p class='ocr_par' dir='ltr' id='par_1_35' title="bbox 155 2537 1723 2607">
     <span class='ocr_line' id='line_1_35' title="bbox 155 2537 1723 2607; baseline -0.003 -14"><span class='ocrx_word' id='word_1_244' title='bbox 155 2538 278 2593; x_wconf 80' lang='grc' dir='ltr'>Ὀτι</span> <span class='ocrx_word' id='word_1_245' title='bbox 323 2542 361 2607; x_wconf 78' lang='grc' dir='ltr'><em>ἠ</em></span> <span class='ocrx_word' id='word_1_246' title='bbox 412 2539 668 2607; x_wconf 78' lang='grc' dir='ltr'>ἁμαρτία</span> <span class='ocrx_word' id='word_1_247' title='bbox 707 2537 812 2591; x_wconf 87' lang='grc' dir='ltr'>τοῦ</span> <span class='ocrx_word' id='word_1_248' title='bbox 871 2539 1132 2607; x_wconf 68' lang='grc' dir='ltr'>θανάτου</span> <span class='ocrx_word' id='word_1_249' title='bbox 1182 2537 1584 2606; x_wconf 75' lang='grc' dir='ltr'>χαλεπωτέρα.</span> <span class='ocrx_word' id='word_1_250' title='bbox 1607 2538 1723 2607; x_wconf 32' lang='grc' dir='ltr'>-Είς</span> 
     </span>
    </p>
   </div>
   <div class='ocr_carea' id='block_1_36' title="bbox 216 2605 1725 2676">
    <p class='ocr_par' dir='ltr' id='par_1_36' title="bbox 216 2605 1725 2676">
     <span class='ocr_line' id='line_1_36' title="bbox 216 2605 1725 2676; baseline -0.003 -13"><span class='ocrx_word' id='word_1_251' title='bbox 216 2612 284 2663; x_wconf 83' lang='grc' dir='ltr'><strong>τό</strong></span> <span class='ocrx_word' id='word_1_252' title='bbox 307 2627 321 2640; x_wconf 91' lang='grc'><strong>·</strong></span> <span class='ocrx_word' id='word_1_253' title='bbox 353 2605 381 2659; x_wconf 57' lang='grc'><strong>”‹</strong></span> <span class='ocrx_word' id='word_1_254' title='bbox 422 2605 489 2660; x_wconf 75' lang='lat' dir='ltr'><strong>Et</strong></span> <span class='ocrx_word' id='word_1_255' title='bbox 522 2605 634 2676; x_wconf 61' lang='grc' dir='ltr'><strong>γὰρ</strong></span> <span class='ocrx_word' id='word_1_256' title='bbox 675 2610 747 2661; x_wconf 84' lang='grc' dir='ltr'>τὰ</span> <span class='ocrx_word' id='word_1_257' title='bbox 778 2608 1009 2674; x_wconf 63' lang='grc' dir='ltr'>ὀψάηρια</span> <span class='ocrx_word' id='word_1_258' title='bbox 1062 2605 1502 2676; x_wconf 74' lang='grc' dir='ltr'>τῆςάμαρτίας</span> <span class='ocrx_word' id='word_1_259' title='bbox 1546 2605 1725 2660; x_wconf 79' lang='grc' dir='ltr'>θάνα-</span> 
     </span>
    </p>
   </div>
   <div class='ocr_carea' id='block_1_37' title="bbox 215 2676 1725 2745">
    <p class='ocr_par' dir='ltr' id='par_1_37' title="bbox 215 2676 1725 2745">
     <span class='ocr_line' id='line_1_37' title="bbox 215 2676 1725 2745; baseline -0.005 -11"><span class='ocrx_word' id='word_1_260' title='bbox 215 2697 318 2745; x_wconf 80' lang='grc' dir='ltr'><strong>τος</strong></span> <span class='ocrx_word' id='word_1_261' title='bbox 344 2696 357 2712; x_wconf 79' lang='grc' dir='ltr'><strong>ο</strong></span> <span class='ocrx_word' id='word_1_262' title='bbox 401 2699 419 2730; x_wconf 79' lang='lat' dir='ltr'><strong>t</strong></span> <span class='ocrx_word' id='word_1_263' title='bbox 454 2680 555 2731; x_wconf 76' lang='grc' dir='ltr'><strong>καί</strong></span> <span class='ocrx_word' id='word_1_264' title='bbox 579 2694 591 2707; x_wconf 91' lang='grc'><strong>·</strong></span> <span class='ocrx_word' id='word_1_265' title='bbox 630 2698 647 2727; x_wconf 77' lang='grc' dir='ltr'><strong>ι</strong></span> <span class='ocrx_word' id='word_1_266' title='bbox 681 2677 776 2744; x_wconf 79' lang='grc' dir='ltr'><strong>Μὴ</strong></span> <span class='ocrx_word' id='word_1_267' title='bbox 800 2677 1178 2741; x_wconf 79' lang='grc' dir='ltr'>βασιλευέτω</span> <span class='ocrx_word' id='word_1_268' title='bbox 1200 2677 1270 2729; x_wconf 79' lang='grc' dir='ltr'><strong>ἐν</strong></span> <span class='ocrx_word' id='word_1_269' title='bbox 1296 2676 1440 2741; x_wconf 82' lang='grc' dir='ltr'><strong>ὑμῖν</strong></span> <span class='ocrx_word' id='word_1_270' title='bbox 1470 2676 1508 2742; x_wconf 75' lang='grc' dir='ltr'><strong>ἡ</strong></span> <span class='ocrx_word' id='word_1_271' title='bbox 1541 2679 1725 2744; x_wconf 80' lang='grc' dir='ltr'>ἀμαρ-</span> 
     </span>
    </p>
   </div>
   <div class='ocr_carea' id='block_1_38' title="bbox 215 2746 1724 2815">
    <p class='ocr_par' dir='ltr' id='par_1_38' title="bbox 215 2746 1724 2815">
     <span class='ocr_line' id='line_1_38' title="bbox 215 2746 1724 2815; baseline -0.003 -13"><span class='ocrx_word' id='word_1_272' title='bbox 215 2751 309 2802; x_wconf 84' lang='grc' dir='ltr'>τία</span> <span class='ocrx_word' id='word_1_273' title='bbox 333 2767 349 2781; x_wconf 94' lang='grc'><strong>·</strong></span> <span class='ocrx_word' id='word_1_274' title='bbox 382 2766 402 2801; x_wconf 75' lang='lat' dir='ltr'><strong>t</strong></span> <span class='ocrx_word' id='word_1_275' title='bbox 440 2750 539 2802; x_wconf 77' lang='grc' dir='ltr'>καὶ</span> <span class='ocrx_word' id='word_1_276' title='bbox 566 2747 752 2801; x_wconf 74' lang='grc' dir='ltr'>πάλιν</span> <span class='ocrx_word' id='word_1_277' title='bbox 770 2766 783 2776; x_wconf 91' lang='grc'><strong>·</strong></span> <span class='ocrx_word' id='word_1_278' title='bbox 825 2767 842 2797; x_wconf 78' lang='grc' dir='ltr'><strong>ι</strong></span> <span class='ocrx_word' id='word_1_279' title='bbox 884 2752 923 2801; x_wconf 85' lang='grc' dir='ltr'><em>Τ</em></span> <span class='ocrx_word' id='word_1_280' title='bbox 923 2747 953 2799; x_wconf 84' lang='grc' dir='ltr'><strong><em>ὸ</em></strong></span> <span class='ocrx_word' id='word_1_281' title='bbox 980 2746 1049 2799; x_wconf 81' lang='grc' dir='ltr'>δὲ</span> <span class='ocrx_word' id='word_1_282' title='bbox 1070 2746 1321 2815; x_wconf 77' lang='grc' dir='ltr'>κέντρον</span> <span class='ocrx_word' id='word_1_283' title='bbox 1337 2746 1444 2799; x_wconf 86' lang='grc' dir='ltr'>τοῦ</span> <span class='ocrx_word' id='word_1_284' title='bbox 1466 2747 1724 2800; x_wconf 83' lang='grc' dir='ltr'>θανάτου</span> 
     </span>
    </p>
   </div>
   <div class='ocr_carea' id='block_1_39' title="bbox 216 2820 626 2888">
    <p class='ocr_par' dir='ltr' id='par_1_39' title="bbox 216 2820 626 2888">
     <span class='ocr_line' id='line_1_39' title="bbox 216 2820 626 2888; baseline -0.007 -16"><span class='ocrx_word' id='word_1_285' title='bbox 216 2821 253 2887; x_wconf 78' lang='grc' dir='ltr'>ἡ</span> <span class='ocrx_word' id='word_1_286' title='bbox 288 2820 564 2888; x_wconf 70' lang='grc' dir='ltr'>ἁμαρτία.</span> <span class='ocrx_word' id='word_1_287' title='bbox 607 2837 626 2869; x_wconf 75' lang='grc' dir='ltr'><strong>ι</strong></span> 
     </span>
    </p>
   </div>
   <div class='ocr_carea' id='block_1_40' title="bbox 228 2928 1723 3003">
    <p class='ocr_par' dir='ltr' id='par_1_40' title="bbox 228 2928 1723 3003">
     <span class='ocr_line' id='line_1_40' title="bbox 228 2928 1723 3003; baseline -0.002 -18"><span class='ocrx_word' id='word_1_288' title='bbox 228 2932 292 2985; x_wconf 85' lang='grc' dir='ltr'>Ἡ</span> <span class='ocrx_word' id='word_1_289' title='bbox 323 2932 569 3003; x_wconf 83' lang='grc' dir='ltr'>ἁμαρτία</span> <span class='ocrx_word' id='word_1_290' title='bbox 596 2930 772 3000; x_wconf 87' lang='grc' dir='ltr'>πολλῷ</span> <span class='ocrx_word' id='word_1_291' title='bbox 813 2930 907 2984; x_wconf 80' lang='grc' dir='ltr'>τοῦ</span> <span class='ocrx_word' id='word_1_292' title='bbox 934 2930 1167 2986; x_wconf 83' lang='grc' dir='ltr'>θανάτου</span> <span class='ocrx_word' id='word_1_293' title='bbox 1199 2930 1316 2983; x_wconf 74' lang='grc' dir='ltr'>ἐστὶ</span> <span class='ocrx_word' id='word_1_294' title='bbox 1346 2928 1723 2999; x_wconf 81' lang='grc' dir='ltr'>χαλεπωτέρα.</span> 
     </span>
    </p>
   </div>
   <div class='ocr_carea' id='block_1_41' title="bbox 151 3019 1728 3091">
    <p class='ocr_par' dir='ltr' id='par_1_41' title="bbox 151 3019 1728 3091">
     <span class='ocr_line' id='line_1_41' title="bbox 151 3019 1728 3091; baseline -0.004 -13"><span class='ocrx_word' id='word_1_295' title='bbox 151 3025 238 3078; x_wconf 82' lang='grc' dir='ltr'>Διὸ</span> <span class='ocrx_word' id='word_1_296' title='bbox 281 3026 377 3078; x_wconf 70' lang='grc' dir='ltr'><strong>καὶ</strong></span> <span class='ocrx_word' id='word_1_297' title='bbox 422 3026 451 3077; x_wconf 89' lang='grc' dir='ltr'>ὁ</span> <span class='ocrx_word' id='word_1_298' title='bbox 499 3023 730 3087; x_wconf 80' lang='grc' dir='ltr'>Παῦλος,</span> <span class='ocrx_word' id='word_1_299' title='bbox 779 3024 809 3074; x_wconf 86' lang='grc' dir='ltr'>ὁ</span> <span class='ocrx_word' id='word_1_300' title='bbox 866 3022 1099 3091; x_wconf 85' lang='grc' dir='ltr'>μάλιστα</span> <span class='ocrx_word' id='word_1_301' title='bbox 1139 3023 1355 3075; x_wconf 85' lang='grc' dir='ltr'>πάντων</span> <span class='ocrx_word' id='word_1_302' title='bbox 1404 3021 1470 3073; x_wconf 84' lang='grc' dir='ltr'><strong>τά</strong></span> <span class='ocrx_word' id='word_1_303' title='bbox 1504 3019 1728 3072; x_wconf 84' lang='grc' dir='ltr'>τοιαῦτα</span> 
     </span>
    </p>
   </div>
   <div class='ocr_carea' id='block_1_42' title="bbox 152 3100 1723 3184">
    <p class='ocr_par' dir='ltr' id='par_1_42' title="bbox 152 3100 1723 3184">
     <span class='ocr_line' id='line_1_42' title="bbox 152 3100 1723 3184; baseline -0.003 -15"><span class='ocrx_word' id='word_1_304' title='bbox 152 3114 568 3170; x_wconf 81' lang='grc' dir='ltr'>διασκέπτεσθαι</span> <span class='ocrx_word' id='word_1_305' title='bbox 611 3113 782 3176; x_wconf 82' lang='grc' dir='ltr'>δεινὸς</span> <span class='ocrx_word' id='word_1_306' title='bbox 821 3100 954 3184; x_wconf 65' lang='lat'><strong>(38),</strong></span> <span class='ocrx_word' id='word_1_307' title='bbox 1005 3113 1104 3184; x_wconf 83' lang='grc' dir='ltr'><strong>τὴν</strong></span> <span class='ocrx_word' id='word_1_308' title='bbox 1167 3113 1265 3182; x_wconf 81' lang='grc' dir='ltr'><strong>μὲν</strong></span> <span class='ocrx_word' id='word_1_309' title='bbox 1296 3112 1542 3182; x_wconf 80' lang='grc' dir='ltr'>βασιλίδα</span> <span class='ocrx_word' id='word_1_310' title='bbox 1582 3109 1723 3176; x_wconf 84' lang='grc' dir='ltr'>εἷπε,</span> 
     </span>
    </p>
   </div>
   <div class='ocr_carea' id='block_1_43' title="bbox 1826 1966 3404 2043">
    <p class='ocr_par' dir='ltr' id='par_1_43' title="bbox 1826 1966 3404 2043">
     <span class='ocr_line' id='line_1_43' title="bbox 1826 1966 3404 2043; baseline -0.001 -16"><span class='ocrx_word' id='word_1_311' title='bbox 1826 1975 2038 2043; x_wconf 91' lang='lat' dir='ltr'><strong>(omnes</strong></span> <span class='ocrx_word' id='word_1_312' title='bbox 2072 1974 2217 2029; x_wconf 90' lang='lat' dir='ltr'><strong>enim</strong></span> <span class='ocrx_word' id='word_1_313' title='bbox 2260 1974 2437 2029; x_wconf 83' lang='lat' dir='ltr'><strong>vocati</strong></span> <span class='ocrx_word' id='word_1_314' title='bbox 2472 1982 2599 2029; x_wconf 87' lang='lat' dir='ltr'><strong>sunt</strong></span> <span class='ocrx_word' id='word_1_315' title='bbox 2627 1966 2842 2043; x_wconf 88' lang='lat' dir='ltr'><strong>quidem</strong></span> <span class='ocrx_word' id='word_1_316' title='bbox 2870 2013 2887 2038; x_wconf 95' lang='lat'><strong>,</strong></span> <span class='ocrx_word' id='word_1_317' title='bbox 2919 1975 3013 2029; x_wconf 90' lang='lat' dir='ltr'><strong>sed</strong></span> <span class='ocrx_word' id='word_1_318' title='bbox 3047 1990 3153 2028; x_wconf 90' lang='lat' dir='ltr'><strong>non</strong></span> <span class='ocrx_word' id='word_1_319' title='bbox 3184 1975 3404 2029; x_wconf 85' lang='lat' dir='ltr'><strong>obedie-</strong></span> 
     </span>
    </p>
   </div>
   <div class='ocr_carea' id='block_1_44' title="bbox 1824 2064 3404 2134">
    <p class='ocr_par' dir='ltr' id='par_1_44' title="bbox 1824 2064 3404 2134">
     <span class='ocr_line' id='line_1_44' title="bbox 1824 2064 3404 2134; baseline 0.002 -16"><span class='ocrx_word' id='word_1_320' title='bbox 1824 2072 1953 2119; x_wconf 87' lang='lat' dir='ltr'><strong>rttnt</strong></span> <span class='ocrx_word' id='word_1_321' title='bbox 1980 2064 2296 2134; x_wconf 87' lang='lat' dir='ltr'><strong>vocationi),</strong></span> <span class='ocrx_word' id='word_1_322' title='bbox 2333 2080 2523 2120; x_wconf 89' lang='lat' dir='ltr'><strong>verum</strong></span> <span class='ocrx_word' id='word_1_323' title='bbox 2549 2065 2713 2121; x_wconf 90' lang='lat' dir='ltr'><strong>etiam</strong></span> <span class='ocrx_word' id='word_1_324' title='bbox 2745 2064 3080 2134; x_wconf 90' lang='lat' dir='ltr'><strong>propositum</strong></span> <span class='ocrx_word' id='word_1_325' title='bbox 3111 2067 3404 2121; x_wconf 87' lang='lat' dir='ltr'><strong>voluntatis</strong></span> 
     </span>
    </p>
   </div>
   <div class='ocr_carea' id='block_1_45' title="bbox 1824 2156 3402 2228">
    <p class='ocr_par' dir='ltr' id='par_1_45' title="bbox 1824 2156 3402 2228">
     <span class='ocr_line' id='line_1_45' title="bbox 1824 2156 3402 2228; baseline 0 -21"><span class='ocrx_word' id='word_1_326' title='bbox 1824 2156 2101 2225; x_wconf 88' lang='lat' dir='ltr'><strong>animique</strong></span> <span class='ocrx_word' id='word_1_327' title='bbox 2133 2158 2424 2228; x_wconf 89' lang='lat' dir='ltr'><strong>propensio</strong></span> <span class='ocrx_word' id='word_1_328' title='bbox 2449 2166 2503 2212; x_wconf 91' lang='lat' dir='ltr'><strong>et</strong></span> <span class='ocrx_word' id='word_1_329' title='bbox 2532 2157 2771 2211; x_wconf 92' lang='lat' dir='ltr'><strong>studium</strong></span> <span class='ocrx_word' id='word_1_330' title='bbox 2795 2157 3128 2227; x_wconf 85' lang='lat' dir='ltr'><strong>obsequendi</strong></span> <span class='ocrx_word' id='word_1_331' title='bbox 3193 2158 3249 2211; x_wconf 92' lang='lat' dir='ltr'><strong>in</strong></span> <span class='ocrx_word' id='word_1_332' title='bbox 3302 2168 3402 2209; x_wconf 86' lang='lat' dir='ltr'><strong>vo-</strong></span> 
     </span>
    </p>
   </div>
   <div class='ocr_carea' id='block_1_46' title="bbox 1825 2242 3404 2313">
    <p class='ocr_par' dir='ltr' id='par_1_46' title="bbox 1825 2242 3404 2313">
     <span class='ocr_line' id='line_1_46' title="bbox 1825 2242 3404 2313; baseline 0.003 -18"><span class='ocrx_word' id='word_1_333' title='bbox 1825 2243 1960 2297; x_wconf 82' lang='lat' dir='ltr'><strong>catis</strong></span> <span class='ocrx_word' id='word_1_334' title='bbox 1990 2242 2216 2299; x_wconf 88' lang='lat' dir='ltr'><strong>salutem</strong></span> <span class='ocrx_word' id='word_1_335' title='bbox 2240 2246 2507 2313; x_wconf 86' lang='lat' dir='ltr'><strong>operatur.</strong></span> <span class='ocrx_word' id='word_1_336' title='bbox 2527 2242 2643 2298; x_wconf 84' lang='lat' dir='ltr'><strong>Non</strong></span> <span class='ocrx_word' id='word_1_337' title='bbox 2675 2243 2819 2298; x_wconf 90' lang='lat' dir='ltr'><strong>enim</strong></span> <span class='ocrx_word' id='word_1_338' title='bbox 2845 2253 3030 2298; x_wconf 86' lang='lat' dir='ltr'><strong>coacta</strong></span> <span class='ocrx_word' id='word_1_339' title='bbox 3058 2253 3141 2299; x_wconf 88' lang='lat' dir='ltr'><strong>est</strong></span> <span class='ocrx_word' id='word_1_340' title='bbox 3170 2247 3404 2311; x_wconf 90' lang='lat' dir='ltr'><strong>vocatio,</strong></span> 
     </span>
    </p>
   </div>
   <div class='ocr_carea' id='block_1_47' title="bbox 1826 2335 3207 2404">
    <p class='ocr_par' dir='ltr' id='par_1_47' title="bbox 1826 2335 3207 2404">
     <span class='ocr_line' id='line_1_47' title="bbox 1826 2335 3207 2404; baseline 0.004 -19"><span class='ocrx_word' id='word_1_341' title='bbox 1826 2348 2002 2404; x_wconf 87' lang='lat' dir='ltr'><strong>neque</strong></span> <span class='ocrx_word' id='word_1_342' title='bbox 2034 2336 2293 2402; x_wconf 86' lang='lat' dir='ltr'><strong>violenta,</strong></span> <span class='ocrx_word' id='word_1_343' title='bbox 2324 2338 2418 2390; x_wconf 88' lang='lat' dir='ltr'><strong>sed</strong></span> <span class='ocrx_word' id='word_1_344' title='bbox 2448 2335 2753 2390; x_wconf 89' lang='lat' dir='ltr'><strong>voluntaria</strong></span> <span class='ocrx_word' id='word_1_345' title='bbox 2788 2350 2850 2390; x_wconf 89' lang='lat' dir='ltr'><strong>ac</strong></span> <span class='ocrx_word' id='word_1_346' title='bbox 2884 2346 3207 2403; x_wconf 87' lang='lat' dir='ltr'><strong>spontanea.</strong></span> 
     </span>
    </p>
   </div>
   <div class='ocr_carea' id='block_1_48' title="bbox 2002 2424 3192 2501">
    <p class='ocr_par' dir='ltr' id='par_1_48' title="bbox 2002 2424 3192 2501">
     <span class='ocr_line' id='line_1_48' title="bbox 2002 2424 3192 2501; baseline 0.006 -6"><span class='ocrx_word' id='word_1_347' title='bbox 2002 2441 2111 2496; x_wconf 90' lang='lat' dir='ltr'><strong>LII.</strong></span> <span class='ocrx_word' id='word_1_348' title='bbox 2164 2424 2234 2484; x_wconf 59' lang='grc' dir='ltr'>έ-</span> <span class='ocrx_word' id='word_1_349' title='bbox 2277 2442 2675 2497; x_wconf 78' lang='lat' dir='ltr'><strong>ATllANASlO</strong></span> <span class='ocrx_word' id='word_1_350' title='bbox 2713 2442 3192 2501; x_wconf 80' lang='lat' dir='ltr'><strong>PBESBYTERO.</strong></span> 
     </span>
    </p>
   </div>
   <div class='ocr_carea' id='block_1_49' title="bbox 1829 2524 3404 2600">
    <p class='ocr_par' dir='ltr' id='par_1_49' title="bbox 1829 2524 3404 2600">
     <span class='ocr_line' id='line_1_49' title="bbox 1829 2524 3404 2600; baseline 0.006 -18"><span class='ocrx_word' id='word_1_351' title='bbox 1829 2524 2110 2584; x_wconf 85' lang='lat' dir='ltr'><strong>Peccatum</strong></span> <span class='ocrx_word' id='word_1_352' title='bbox 2154 2542 2317 2584; x_wconf 86' lang='lat' dir='ltr'><strong>morte</strong></span> <span class='ocrx_word' id='word_1_353' title='bbox 2370 2535 2582 2600; x_wconf 82' lang='lat' dir='ltr'><strong>gravius</strong></span> <span class='ocrx_word' id='word_1_354' title='bbox 2631 2550 2758 2586; x_wconf 70' lang='lat' dir='ltr'><strong>esse.</strong></span> <span class='ocrx_word' id='word_1_355' title='bbox 2817 2532 2882 2586; x_wconf 84' lang='lat' dir='ltr'><strong>In</strong></span> <span class='ocrx_word' id='word_1_356' title='bbox 2941 2536 3138 2586; x_wconf 80' lang='lat' dir='ltr'><strong>dictum</strong></span> <span class='ocrx_word' id='word_1_357' title='bbox 3194 2536 3404 2593; x_wconf 79' lang='lat' dir='ltr'><strong>Pauli:</strong></span> 
     </span>
    </p>
   </div>
   <div class='ocr_carea' id='block_1_50' title="bbox 1905 2599 3408 2667">
    <p class='ocr_par' dir='ltr' id='par_1_50' title="bbox 1905 2599 3408 2667">
     <span class='ocr_line' id='line_1_50' title="bbox 1905 2599 3408 2667; baseline 0.008 -17"><span class='ocrx_word' id='word_1_358' title='bbox 1905 2620 1922 2650; x_wconf 74' lang='grc' dir='ltr'><strong>ι</strong></span> <span class='ocrx_word' id='word_1_359' title='bbox 1967 2599 2297 2667; x_wconf 80' lang='lat' dir='ltr'><strong>Stipendium</strong></span> <span class='ocrx_word' id='word_1_360' title='bbox 2336 2599 2532 2666; x_wconf 61' lang='lat' dir='ltr'><strong>precati</strong></span> <span class='ocrx_word' id='word_1_361' title='bbox 2570 2620 2708 2654; x_wconf 84' lang='lat' dir='ltr'><strong>mors</strong></span> <span class='ocrx_word' id='word_1_362' title='bbox 2749 2617 2819 2656; x_wconf 77' lang='lat' dir='ltr'><strong>est</strong></span> <span class='ocrx_word' id='word_1_363' title='bbox 2844 2602 2904 2655; x_wconf 71' lang='grc'>¹“’.</span> <span class='ocrx_word' id='word_1_364' title='bbox 2935 2623 2953 2652; x_wconf 73' lang='grc' dir='ltr'><strong>ι</strong></span> <span class='ocrx_word' id='word_1_365' title='bbox 3000 2604 3066 2656; x_wconf 77' lang='lat' dir='ltr'><strong>Et</strong></span> <span class='ocrx_word' id='word_1_366' title='bbox 3107 2624 3172 2658; x_wconf 69' lang='grc' dir='ltr'>ει</span> <span class='ocrx_word' id='word_1_367' title='bbox 3216 2604 3408 2662; x_wconf 78' lang='lat' dir='ltr'><strong>Nere-</strong></span> 
     </span>
    </p>
   </div>
   <div class='ocr_carea' id='block_1_51' title="bbox 1897 2672 3403 2737">
    <p class='ocr_par' dir='ltr' id='par_1_51' title="bbox 1897 2672 3403 2737">
     <span class='ocr_line' id='line_1_51' title="bbox 1897 2672 3403 2737; baseline 0.006 -15"><span class='ocrx_word' id='word_1_368' title='bbox 1897 2682 2013 2737; x_wconf 87' lang='lat' dir='ltr'><strong>gnet</strong></span> <span class='ocrx_word' id='word_1_369' title='bbox 2036 2673 2249 2723; x_wconf 75' lang='lat' dir='ltr'><strong>iuvabis</strong></span> <span class='ocrx_word' id='word_1_370' title='bbox 2269 2683 2535 2737; x_wconf 81' lang='lat' dir='ltr'><strong>peccatum</strong></span> <span class='ocrx_word' id='word_1_371' title='bbox 2565 2672 2625 2725; x_wconf 84' lang='lat'><strong>&quot;&#39;.</strong></span> <span class='ocrx_word' id='word_1_372' title='bbox 2658 2692 2675 2723; x_wconf 79' lang='grc' dir='ltr'><strong>ι</strong></span> <span class='ocrx_word' id='word_1_373' title='bbox 2710 2672 2773 2725; x_wconf 82' lang='grc' dir='ltr'>Ει</span> <span class='ocrx_word' id='word_1_374' title='bbox 2805 2689 3014 2726; x_wconf 82' lang='lat' dir='ltr'><strong>rursum</strong></span> <span class='ocrx_word' id='word_1_375' title='bbox 3043 2690 3061 2726; x_wconf 91' lang='lat'><strong><em>:</em></strong></span> <span class='ocrx_word' id='word_1_376' title='bbox 3096 2697 3112 2724; x_wconf 73' lang='grc' dir='ltr'><strong>ι</strong></span> <span class='ocrx_word' id='word_1_377' title='bbox 3144 2676 3403 2731; x_wconf 81' lang='lat' dir='ltr'><strong>Stimulus</strong></span> 
     </span>
    </p>
   </div>
   <div class='ocr_carea' id='block_1_52' title="bbox 1900 2744 2828 2809">
    <p class='ocr_par' dir='ltr' id='par_1_52' title="bbox 1900 2744 2828 2809">
     <span class='ocr_line' id='line_1_52' title="bbox 1900 2744 2828 2809; baseline 0.001 -17"><span class='ocrx_word' id='word_1_378' title='bbox 1900 2753 2070 2793; x_wconf 83' lang='lat' dir='ltr'><strong>autem</strong></span> <span class='ocrx_word' id='word_1_379' title='bbox 2098 2744 2277 2793; x_wconf 82' lang='lat' dir='ltr'><strong>mortis</strong></span> <span class='ocrx_word' id='word_1_380' title='bbox 2309 2752 2381 2794; x_wconf 78' lang='lat' dir='ltr'><strong>est</strong></span> <span class='ocrx_word' id='word_1_381' title='bbox 2411 2752 2677 2809; x_wconf 81' lang='lat' dir='ltr'><strong>peccatum</strong></span> <span class='ocrx_word' id='word_1_382' title='bbox 2704 2744 2767 2796; x_wconf 65' lang='lat'><strong>&#39;3.</strong></span> <span class='ocrx_word' id='word_1_383' title='bbox 2810 2762 2828 2793; x_wconf 77' lang='lat' dir='ltr'><strong>t</strong></span> 
     </span>
    </p>
   </div>
   <div class='ocr_carea' id='block_1_53' title="bbox 1898 2923 3405 3000">
    <p class='ocr_par' dir='ltr' id='par_1_53' title="bbox 1898 2923 3405 3000">
     <span class='ocr_line' id='line_1_53' title="bbox 1898 2923 3405 3000; baseline 0.009 -24"><span class='ocrx_word' id='word_1_384' title='bbox 1898 2923 2185 2980; x_wconf 88' lang='lat' dir='ltr'><strong>Peccatum</strong></span> <span class='ocrx_word' id='word_1_385' title='bbox 2233 2927 2402 2981; x_wconf 90' lang='lat' dir='ltr'><strong>multo</strong></span> <span class='ocrx_word' id='word_1_386' title='bbox 2462 2930 2680 2996; x_wconf 80' lang='lat' dir='ltr'><strong>gravius</strong></span> <span class='ocrx_word' id='word_1_387' title='bbox 2733 2939 2820 2984; x_wconf 91' lang='lat' dir='ltr'><strong>est</strong></span> <span class='ocrx_word' id='word_1_388' title='bbox 2873 2943 3071 2987; x_wconf 91' lang='lat' dir='ltr'><strong>morte.</strong></span> <span class='ocrx_word' id='word_1_389' title='bbox 3139 2933 3405 3000; x_wconf 86' lang='lat' dir='ltr'><strong>Quocirca</strong></span> 
     </span>
    </p>
   </div>
   <div class='ocr_carea' id='block_1_54' title="bbox 1828 3013 3403 3085">
    <p class='ocr_par' dir='ltr' id='par_1_54' title="bbox 1828 3013 3403 3085">
     <span class='ocr_line' id='line_1_54' title="bbox 1828 3013 3403 3085; baseline 0.008 -18"><span class='ocrx_word' id='word_1_390' title='bbox 1828 3013 2028 3069; x_wconf 80' lang='lat' dir='ltr'><strong>Paulus</strong></span> <span class='ocrx_word' id='word_1_391' title='bbox 2080 3030 2330 3085; x_wconf 91' lang='lat' dir='ltr'><strong>quoque,</strong></span> <span class='ocrx_word' id='word_1_392' title='bbox 2383 3018 2473 3085; x_wconf 89' lang='lat' dir='ltr'><strong>qui</strong></span> <span class='ocrx_word' id='word_1_393' title='bbox 2523 3020 2931 3075; x_wconf 84' lang='lat' dir='ltr'><strong>accuratissime</strong></span> <span class='ocrx_word' id='word_1_394' title='bbox 2982 3022 3221 3076; x_wconf 89' lang='lat' dir='ltr'><strong>omnium</strong></span> <span class='ocrx_word' id='word_1_395' title='bbox 3273 3025 3403 3079; x_wconf 89' lang='lat' dir='ltr'><strong>talia</strong></span> 
     </span>
    </p>
   </div>
   <div class='ocr_carea' id='block_1_55' title="bbox 1830 3105 3407 3183">
    <p class='ocr_par' dir='ltr' id='par_1_55' title="bbox 1830 3105 3407 3183">
     <span class='ocr_line' id='line_1_55' title="bbox 1830 3105 3407 3183; baseline 0.009 -25"><span class='ocrx_word' id='word_1_396' title='bbox 1830 3105 2140 3174; x_wconf 90' lang='lat' dir='ltr'><strong>perspicere</strong></span> <span class='ocrx_word' id='word_1_397' title='bbox 2211 3114 2467 3176; x_wconf 84' lang='lat' dir='ltr'><strong>poterat,</strong></span> <span class='ocrx_word' id='word_1_398' title='bbox 2535 3108 2663 3162; x_wconf 90' lang='lat' dir='ltr'><strong>illud</strong></span> <span class='ocrx_word' id='word_1_399' title='bbox 2728 3111 2943 3179; x_wconf 89' lang='lat' dir='ltr'><strong>quidem</strong></span> <span class='ocrx_word' id='word_1_400' title='bbox 2997 3115 3236 3183; x_wconf 80' lang='lat' dir='ltr'><strong>reginam</strong></span> <span class='ocrx_word' id='word_1_401' title='bbox 3285 3131 3407 3171; x_wconf 89' lang='lat' dir='ltr'><strong>esse</strong></span> 
     </span>
    </p>
   </div>
   <div class='ocr_carea' id='block_1_56' title="bbox 148 3197 1722 3278">
    <p class='ocr_par' dir='ltr' id='par_1_56' title="bbox 148 3204 1722 3277">
     <span class='ocr_line' id='line_1_56' title="bbox 148 3204 1722 3277; baseline -0.001 -17"><span class='ocrx_word' id='word_1_402' title='bbox 148 3210 237 3261; x_wconf 82' lang='grc' dir='ltr'><strong>τὸν</strong></span> <span class='ocrx_word' id='word_1_403' title='bbox 258 3209 303 3261; x_wconf 85' lang='grc' dir='ltr'>δ’</span> <span class='ocrx_word' id='word_1_404' title='bbox 319 3207 571 3277; x_wconf 72' lang='grc' dir='ltr'>ὀψώνιον,</span> <span class='ocrx_word' id='word_1_405' title='bbox 596 3206 670 3268; x_wconf 84' lang='grc' dir='ltr'>ὡς</span> <span class='ocrx_word' id='word_1_406' title='bbox 685 3204 872 3257; x_wconf 82' lang='grc' dir='ltr'>τοῦτον</span> <span class='ocrx_word' id='word_1_407' title='bbox 897 3206 988 3258; x_wconf 88' lang='grc' dir='ltr'><strong>ὑπ’</strong></span> <span class='ocrx_word' id='word_1_408' title='bbox 1009 3204 1224 3274; x_wconf 81' lang='grc' dir='ltr'>ἐκείνην</span> <span class='ocrx_word' id='word_1_409' title='bbox 1243 3204 1567 3274; x_wconf 82' lang='grc' dir='ltr'>ταττόμενος</span> <span class='ocrx_word' id='word_1_410' title='bbox 1588 3204 1722 3274; x_wconf 83' lang='grc'>(59).</span> 
     </span>
    </p>
   </div>
   <div class='ocr_carea' id='block_1_57' title="bbox 1842 3197 3401 3278">
    <p class='ocr_par' dir='ltr' id='par_1_57' title="bbox 1842 3197 3401 3277">
     <span class='ocr_line' id='line_1_57' title="bbox 1842 3197 3401 3277; baseline 0.008 -28"><span class='ocrx_word' id='word_1_411' title='bbox 1842 3197 2013 3262; x_wconf 80' lang='lat' dir='ltr'><strong>.lixit;</strong></span> <span class='ocrx_word' id='word_1_412' title='bbox 2058 3198 2216 3251; x_wconf 90' lang='lat' dir='ltr'><strong>istam</strong></span> <span class='ocrx_word' id='word_1_413' title='bbox 2262 3213 2413 3265; x_wconf 88' lang='lat' dir='ltr'><strong>vero,</strong></span> <span class='ocrx_word' id='word_1_414' title='bbox 2456 3200 2780 3270; x_wconf 85' lang='lat' dir='ltr'><strong>stipendium</strong></span> <span class='ocrx_word' id='word_1_415' title='bbox 2822 3203 3072 3271; x_wconf 88' lang='lat' dir='ltr'><strong>militare,</strong></span> <span class='ocrx_word' id='word_1_416' title='bbox 3116 3207 3273 3275; x_wconf 90' lang='lat' dir='ltr'><strong>quasi</strong></span> <span class='ocrx_word' id='word_1_417' title='bbox 3311 3210 3401 3277; x_wconf 91' lang='lat' dir='ltr'><strong>qtti</strong></span> 
     </span>
    </p>
   </div>
   <div class='ocr_carea' id='block_1_58' title="bbox 149 3295 1727 3367">
    <p class='ocr_par' dir='ltr' id='par_1_58' title="bbox 149 3295 1727 3367">
     <span class='ocr_line' id='line_1_58' title="bbox 149 3295 1727 3367; baseline -0.002 -14"><span class='ocrx_word' id='word_1_418' title='bbox 149 3301 404 3353; x_wconf 82' lang='grc' dir='ltr'>Βασιλίδα</span> <span class='ocrx_word' id='word_1_419' title='bbox 448 3299 504 3351; x_wconf 88' lang='grc' dir='ltr'>δὲ</span> <span class='ocrx_word' id='word_1_420' title='bbox 531 3339 547 3363; x_wconf 89' lang='grc'><strong>,</strong></span> <span class='ocrx_word' id='word_1_421' title='bbox 604 3298 662 3350; x_wconf 79' lang='grc' dir='ltr'>οὐ</span> <span class='ocrx_word' id='word_1_422' title='bbox 706 3297 796 3349; x_wconf 83' lang='grc' dir='ltr'>διὰ</span> <span class='ocrx_word' id='word_1_423' title='bbox 845 3296 942 3367; x_wconf 81' lang='grc' dir='ltr'>τὴν</span> <span class='ocrx_word' id='word_1_424' title='bbox 984 3295 1141 3357; x_wconf 76' lang='grc' dir='ltr'>ἀξίαν</span> <span class='ocrx_word' id='word_1_425' title='bbox 1188 3296 1360 3365; x_wconf 78' lang='grc' dir='ltr'>(οὐδὲν</span> <span class='ocrx_word' id='word_1_426' title='bbox 1406 3296 1515 3367; x_wconf 84' lang='grc' dir='ltr'><strong>γὰρ</strong></span> <span class='ocrx_word' id='word_1_427' title='bbox 1559 3297 1727 3367; x_wconf 83' lang='grc' dir='ltr'>αὐτῆς</span> 
     </span>
    </p>
   </div>
   <div class='ocr_carea' id='block_1_59' title="bbox 148 3383 1728 3460">
    <p class='ocr_par' dir='ltr' id='par_1_59' title="bbox 148 3383 1728 3460">
     <span class='ocr_line' id='line_1_59' title="bbox 148 3383 1728 3460; baseline -0.005 -18"><span class='ocrx_word' id='word_1_428' title='bbox 148 3390 547 3460; x_wconf 78' lang='grc' dir='ltr'>αίσχρότερον)·</span> <span class='ocrx_word' id='word_1_429' title='bbox 602 3386 739 3438; x_wconf 77' lang='grc' dir='ltr'>ἀλλὰ</span> <span class='ocrx_word' id='word_1_430' title='bbox 783 3384 872 3439; x_wconf 88' lang='grc' dir='ltr'><strong>διά</strong></span> <span class='ocrx_word' id='word_1_431' title='bbox 918 3384 1017 3455; x_wconf 85' lang='grc' dir='ltr'>τὴν</span> <span class='ocrx_word' id='word_1_432' title='bbox 1064 3384 1300 3454; x_wconf 82' lang='grc' dir='ltr'>σφοδρὰν</span> <span class='ocrx_word' id='word_1_433' title='bbox 1341 3383 1451 3437; x_wconf 86' lang='grc' dir='ltr'><strong>τῶν</strong></span> <span class='ocrx_word' id='word_1_434' title='bbox 1491 3383 1728 3437; x_wconf 83' lang='grc' dir='ltr'>ἁλόντων</span> 
     </span>
    </p>
   </div>
   <div class='ocr_carea' id='block_1_60' title="bbox 150 3473 1724 3551">
    <p class='ocr_par' dir='ltr' id='par_1_60' title="bbox 150 3473 1724 3551">
     <span class='ocr_line' id='line_1_60' title="bbox 150 3473 1724 3551; baseline -0.004 -19"><span class='ocrx_word' id='word_1_435' title='bbox 150 3482 425 3551; x_wconf 73' lang='grc' dir='ltr'>ὑπακοήν.</span> <span class='ocrx_word' id='word_1_436' title='bbox 468 3479 530 3530; x_wconf 80' lang='lat' dir='ltr'><strong>Et</strong></span> <span class='ocrx_word' id='word_1_437' title='bbox 554 3476 685 3545; x_wconf 81' lang='grc' dir='ltr'>γοῦν</span> <span class='ocrx_word' id='word_1_438' title='bbox 710 3475 781 3528; x_wconf 84' lang='grc' dir='ltr'><strong>τά</strong></span> <span class='ocrx_word' id='word_1_439' title='bbox 811 3475 1015 3544; x_wconf 64' lang='grc' dir='ltr'>ὀψώνια</span> <span class='ocrx_word' id='word_1_440' title='bbox 1046 3475 1143 3545; x_wconf 78' lang='grc' dir='ltr'>τῆς</span> <span class='ocrx_word' id='word_1_441' title='bbox 1180 3474 1453 3545; x_wconf 69' lang='grc' dir='ltr'>ἁμαρτίας</span> <span class='ocrx_word' id='word_1_442' title='bbox 1477 3473 1724 3537; x_wconf 82' lang='grc' dir='ltr'>θάνατος,</span> 
     </span>
    </p>
   </div>
   <div class='ocr_carea' id='block_1_61' title="bbox 149 3566 1725 3642">
    <p class='ocr_par' dir='ltr' id='par_1_61' title="bbox 149 3566 1725 3642">
     <span class='ocr_line' id='line_1_61' title="bbox 149 3566 1725 3642; baseline -0.004 -17"><span class='ocrx_word' id='word_1_443' title='bbox 149 3574 223 3642; x_wconf 81' lang='grc' dir='ltr'>μὴ</span> <span class='ocrx_word' id='word_1_444' title='bbox 254 3571 590 3642; x_wconf 69' lang='grc' dir='ltr'>βασιλευέτω</span> <span class='ocrx_word' id='word_1_445' title='bbox 632 3570 691 3622; x_wconf 82' lang='grc' dir='ltr'><strong>ὲν</strong></span> <span class='ocrx_word' id='word_1_446' title='bbox 741 3569 869 3637; x_wconf 82' lang='grc' dir='ltr'>ὑμῖν</span> <span class='ocrx_word' id='word_1_447' title='bbox 918 3568 952 3637; x_wconf 83' lang='grc' dir='ltr'>ἡ</span> <span class='ocrx_word' id='word_1_448' title='bbox 980 3568 1244 3638; x_wconf 84' lang='grc' dir='ltr'>ἁμαρτία,</span> <span class='ocrx_word' id='word_1_449' title='bbox 1279 3569 1312 3638; x_wconf 81' lang='grc' dir='ltr'>ἡ</span> <span class='ocrx_word' id='word_1_450' title='bbox 1348 3566 1440 3619; x_wconf 87' lang='grc' dir='ltr'>τοῦ</span> <span class='ocrx_word' id='word_1_451' title='bbox 1466 3566 1725 3631; x_wconf 85' lang='grc' dir='ltr'>θανάτου,</span> 
     </span>
    </p>
   </div>
   <div class='ocr_carea' id='block_1_62' title="bbox 144 3656 1731 3730">
    <p class='ocr_par' dir='ltr' id='par_1_62' title="bbox 144 3656 1731 3730">
     <span class='ocr_line' id='line_1_62' title="bbox 144 3656 1731 3730; baseline -0.003 -16"><span class='ocrx_word' id='word_1_452' title='bbox 144 3665 257 3725; x_wconf 80' lang='grc' dir='ltr'>τοῖς</span> <span class='ocrx_word' id='word_1_453' title='bbox 288 3679 351 3730; x_wconf 82' lang='grc' dir='ltr'>γε</span> <span class='ocrx_word' id='word_1_454' title='bbox 378 3659 505 3714; x_wconf 82' lang='grc' dir='ltr'>νοῦν</span> <span class='ocrx_word' id='word_1_455' title='bbox 545 3660 781 3729; x_wconf 73' lang='grc' dir='ltr'>ἔχουσιν,</span> <span class='ocrx_word' id='word_1_456' title='bbox 810 3658 1220 3728; x_wconf 86' lang='grc' dir='ltr'>ἀργαλεωτέρα.</span> <span class='ocrx_word' id='word_1_457' title='bbox 1250 3658 1315 3710; x_wconf 76' lang='lat' dir='ltr'><strong>Et</strong></span> <span class='ocrx_word' id='word_1_458' title='bbox 1356 3656 1486 3725; x_wconf 72' lang='grc' dir='ltr'>γοῦν</span> <span class='ocrx_word' id='word_1_459' title='bbox 1520 3657 1731 3728; x_wconf 79' lang='grc' dir='ltr'>αἵρεσις</span> 
     </span>
    </p>
   </div>
   <div class='ocr_carea' id='block_1_63' title="bbox 144 3747 1729 3825">
    <p class='ocr_par' dir='ltr' id='par_1_63' title="bbox 144 3747 1729 3825">
     <span class='ocr_line' id='line_1_63' title="bbox 144 3747 1729 3825; baseline -0.005 -18"><span class='ocrx_word' id='word_1_460' title='bbox 144 3755 458 3825; x_wconf 76' lang='grc' dir='ltr'>προκέοιτο,</span> <span class='ocrx_word' id='word_1_461' title='bbox 491 3753 585 3806; x_wconf 82' lang='grc' dir='ltr'>καὶ</span> <span class='ocrx_word' id='word_1_462' title='bbox 630 3751 853 3804; x_wconf 80' lang='grc' dir='ltr'>δυνατὸν</span> <span class='ocrx_word' id='word_1_463' title='bbox 900 3752 1008 3821; x_wconf 74' lang='grc' dir='ltr'>εἴη,</span> <span class='ocrx_word' id='word_1_464' title='bbox 1056 3749 1282 3820; x_wconf 76' lang='grc' dir='ltr'>ἑλοίμην</span> <span class='ocrx_word' id='word_1_465' title='bbox 1327 3748 1393 3801; x_wconf 83' lang='grc' dir='ltr'>ἂν</span> <span class='ocrx_word' id='word_1_466' title='bbox 1437 3747 1729 3803; x_wconf 87' lang='grc' dir='ltr'>ἀποθανεῖν</span> 
     </span>
    </p>
   </div>
   <div class='ocr_carea' id='block_1_64' title="bbox 146 3839 1730 3917">
    <p class='ocr_par' dir='ltr' id='par_1_64' title="bbox 146 3839 1730 3917">
     <span class='ocr_line' id='line_1_64' title="bbox 146 3839 1730 3917; baseline -0.015 -3"><span class='ocrx_word' id='word_1_467' title='bbox 146 3846 220 3917; x_wconf 72' lang='grc' dir='ltr'><strong>μὴ</strong></span> <span class='ocrx_word' id='word_1_468' title='bbox 248 3846 602 3917; x_wconf 73' lang='grc' dir='ltr'><strong>ἁμαρτήσας,</strong></span> <span class='ocrx_word' id='word_1_469' title='bbox 652 3844 685 3912; x_wconf 83' lang='grc' dir='ltr'><strong>ἢ</strong></span> <span class='ocrx_word' id='word_1_470' title='bbox 729 3842 1054 3912; x_wconf 81' lang='grc' dir='ltr'>ἁμαρτήσας</span> <span class='ocrx_word' id='word_1_471' title='bbox 1105 3843 1179 3911; x_wconf 83' lang='grc' dir='ltr'>μὴ</span> <span class='ocrx_word' id='word_1_472' title='bbox 1212 3840 1522 3894; x_wconf 84' lang='grc' dir='ltr'>ἀποθανεῖν.</span> <span class='ocrx_word' id='word_1_473' title='bbox 1576 3839 1730 3894; x_wconf 71' lang='grc' dir='ltr'>Οὕτω</span> 
     </span>
    </p>
   </div>
   <div class='ocr_carea' id='block_1_65' title="bbox 140 3932 1729 4003">
    <p class='ocr_par' dir='ltr' id='par_1_65' title="bbox 140 3932 1729 4003">
     <span class='ocr_line' id='line_1_65' title="bbox 140 3932 1729 4003; baseline -0.004 -12"><span class='ocrx_word' id='word_1_474' title='bbox 140 3938 311 3991; x_wconf 74' lang='grc' dir='ltr'>τοῦτο</span> <span class='ocrx_word' id='word_1_475' title='bbox 341 3937 553 3989; x_wconf 77' lang='grc' dir='ltr'>ἐκείνου</span> <span class='ocrx_word' id='word_1_476' title='bbox 580 3934 883 4003; x_wconf 78' lang='grc' dir='ltr'>δεινότερόν</span> <span class='ocrx_word' id='word_1_477' title='bbox 921 3933 1059 3996; x_wconf 84' lang='grc' dir='ltr'>ὲστι,</span> <span class='ocrx_word' id='word_1_478' title='bbox 1098 3933 1229 4002; x_wconf 85' lang='grc' dir='ltr'>παρ’</span> <span class='ocrx_word' id='word_1_479' title='bbox 1275 3932 1399 4003; x_wconf 77' lang='grc' dir='ltr'>ἐμοὶ</span> <span class='ocrx_word' id='word_1_480' title='bbox 1443 3934 1626 4003; x_wconf 82' lang='grc' dir='ltr'>κριτῇ.</span> <span class='ocrx_word' id='word_1_481' title='bbox 1672 3932 1729 3982; x_wconf 88' lang='grc' dir='ltr'>Ὀ</span> 
     </span>
    </p>
   </div>
   <div class='ocr_carea' id='block_1_66' title="bbox 142 4021 1729 4095">
    <p class='ocr_par' dir='ltr' id='par_1_66' title="bbox 142 4021 1729 4095">
     <span class='ocr_line' id='line_1_66' title="bbox 142 4021 1729 4095; baseline -0.002 -19"><span class='ocrx_word' id='word_1_482' title='bbox 142 4028 246 4093; x_wconf 87' lang='grc' dir='ltr'><strong>μὲν</strong></span> <span class='ocrx_word' id='word_1_483' title='bbox 280 4025 395 4095; x_wconf 84' lang='grc' dir='ltr'>γὰρ</span> <span class='ocrx_word' id='word_1_484' title='bbox 421 4024 650 4086; x_wconf 86' lang='grc' dir='ltr'>θάνατος</span> <span class='ocrx_word' id='word_1_485' title='bbox 681 4022 772 4075; x_wconf 85' lang='grc' dir='ltr'>ὑπ’</span> <span class='ocrx_word' id='word_1_486' title='bbox 813 4022 1160 4085; x_wconf 78' lang='grc' dir='ltr'>ἀναστάσεως</span> <span class='ocrx_word' id='word_1_487' title='bbox 1189 4021 1544 4091; x_wconf 78' lang='grc' dir='ltr'>σϐεσθήσεται</span> <span class='ocrx_word' id='word_1_488' title='bbox 1565 4039 1579 4052; x_wconf 76' lang='grc' dir='ltr'><strong><em>ο</em></strong></span> <span class='ocrx_word' id='word_1_489' title='bbox 1610 4024 1642 4091; x_wconf 88' lang='grc' dir='ltr'><strong>ή</strong></span> <span class='ocrx_word' id='word_1_490' title='bbox 1673 4021 1729 4073; x_wconf 78' lang='grc' dir='ltr'>δὲ</span> 
     </span>
    </p>
   </div>
   <div class='ocr_carea' id='block_1_67' title="bbox 140 4113 1725 4188">
    <p class='ocr_par' dir='ltr' id='par_1_67' title="bbox 140 4113 1725 4188">
     <span class='ocr_line' id='line_1_67' title="bbox 140 4113 1725 4188; baseline -0.002 -18"><span class='ocrx_word' id='word_1_491' title='bbox 140 4118 399 4188; x_wconf 82' lang='grc' dir='ltr'>ἁμαρτία</span> <span class='ocrx_word' id='word_1_492' title='bbox 419 4117 514 4169; x_wconf 74' lang='grc' dir='ltr'><strong>καὶ</strong></span> <span class='ocrx_word' id='word_1_493' title='bbox 538 4117 675 4187; x_wconf 80' lang='grc' dir='ltr'><strong>μετά</strong></span> <span class='ocrx_word' id='word_1_494' title='bbox 695 4115 795 4185; x_wconf 84' lang='grc' dir='ltr'>τὴν</span> <span class='ocrx_word' id='word_1_495' title='bbox 819 4115 1114 4168; x_wconf 87' lang='grc' dir='ltr'>ἀνάστασιν</span> <span class='ocrx_word' id='word_1_496' title='bbox 1130 4113 1725 4185; x_wconf 88' lang='grc' dir='ltr'>τιμωρηθήσεται</span> 
     </span>
    </p>
   </div>
   <div class='ocr_carea' id='block_1_68' title="bbox 136 4206 1727 4278">
    <p class='ocr_par' dir='ltr' id='par_1_68' title="bbox 136 4206 1727 4278">
     <span class='ocr_line' id='line_1_68' title="bbox 136 4206 1727 4278; baseline 0.001 -21"><span class='ocrx_word' id='word_1_497' title='bbox 136 4206 285 4259; x_wconf 76' lang='grc' dir='ltr'>ὥστε</span> <span class='ocrx_word' id='word_1_498' title='bbox 349 4208 503 4261; x_wconf 71' lang='grc' dir='ltr'>οὐδὲν</span> <span class='ocrx_word' id='word_1_499' title='bbox 556 4208 789 4278; x_wconf 83' lang='grc' dir='ltr'>κερδάνῃ</span> <span class='ocrx_word' id='word_1_500' title='bbox 818 4208 1206 4277; x_wconf 76' lang='grc' dir='ltr'><strong>ὁάμαρτάνων⁴</strong></span> <span class='ocrx_word' id='word_1_501' title='bbox 1256 4208 1375 4277; x_wconf 84' lang='grc' dir='ltr'>μὲν,</span> <span class='ocrx_word' id='word_1_502' title='bbox 1443 4206 1517 4277; x_wconf 85' lang='grc' dir='ltr'>μὴ</span> <span class='ocrx_word' id='word_1_503' title='bbox 1590 4207 1727 4258; x_wconf 83' lang='grc' dir='ltr'>ἀπο-</span> 
     </span>
    </p>
   </div>
   <div class='ocr_carea' id='block_1_69' title="bbox 138 4299 1730 4373">
    <p class='ocr_par' dir='ltr' id='par_1_69' title="bbox 138 4299 1730 4373">
     <span class='ocr_line' id='line_1_69' title="bbox 138 4299 1730 4373; baseline -0.001 -20"><span class='ocrx_word' id='word_1_504' title='bbox 138 4301 400 4370; x_wconf 83' lang='grc' dir='ltr'>θνήσκων</span> <span class='ocrx_word' id='word_1_505' title='bbox 455 4302 513 4355; x_wconf 87' lang='grc' dir='ltr'>δὲ</span> <span class='ocrx_word' id='word_1_506' title='bbox 561 4300 705 4373; x_wconf 82' lang='grc' dir='ltr'>(καθ’</span> <span class='ocrx_word' id='word_1_507' title='bbox 760 4300 1018 4353; x_wconf 82' lang='grc' dir='ltr'>ὑπόθεσιν</span> <span class='ocrx_word' id='word_1_508' title='bbox 1076 4300 1133 4352; x_wconf 79' lang='grc' dir='ltr'>δὲ</span> <span class='ocrx_word' id='word_1_509' title='bbox 1167 4300 1446 4370; x_wconf 74' lang='grc' dir='ltr'>εἰρήσθω),</span> <span class='ocrx_word' id='word_1_510' title='bbox 1482 4300 1593 4367; x_wconf 75' lang='grc' dir='ltr'>εἴγε</span> <span class='ocrx_word' id='word_1_511' title='bbox 1637 4299 1730 4351; x_wconf 80' lang='grc' dir='ltr'><strong>καὶ</strong></span> 
     </span>
    </p>
   </div>
   <div class='ocr_carea' id='block_1_70' title="bbox 137 4386 1729 4462">
    <p class='ocr_par' dir='ltr' id='par_1_70' title="bbox 137 4386 1729 4462">
     <span class='ocr_line' id='line_1_70' title="bbox 137 4386 1729 4462; baseline -0.002 -19"><span class='ocrx_word' id='word_1_512' title='bbox 137 4394 284 4453; x_wconf 81' lang='grc' dir='ltr'><strong>μετά</strong></span> <span class='ocrx_word' id='word_1_513' title='bbox 309 4393 414 4462; x_wconf 83' lang='grc' dir='ltr'>τὴν</span> <span class='ocrx_word' id='word_1_514' title='bbox 466 4393 761 4446; x_wconf 85' lang='grc' dir='ltr'>ἀνάστασιν</span> <span class='ocrx_word' id='word_1_515' title='bbox 800 4391 1069 4461; x_wconf 87' lang='grc' dir='ltr'>τιμωρίαν</span> <span class='ocrx_word' id='word_1_516' title='bbox 1113 4389 1318 4459; x_wconf 81' lang='grc' dir='ltr'>ὑφέξει.</span> <span class='ocrx_word' id='word_1_517' title='bbox 1354 4389 1465 4442; x_wconf 76' lang='grc' dir='ltr'>Καὶ</span> <span class='ocrx_word' id='word_1_518' title='bbox 1496 4386 1640 4459; x_wconf 83' lang='grc' dir='ltr'>ἄλλῳ</span> <span class='ocrx_word' id='word_1_519' title='bbox 1671 4387 1729 4440; x_wconf 85' lang='grc' dir='ltr'>δὲ</span> 
     </span>
    </p>
   </div>
   <div class='ocr_carea' id='block_1_71' title="bbox 134 4480 1723 4554">
    <p class='ocr_par' dir='ltr' id='par_1_71' title="bbox 134 4480 1723 4554">
     <span class='ocr_line' id='line_1_71' title="bbox 134 4480 1723 4554; baseline -0.001 -21"><span class='ocrx_word' id='word_1_520' title='bbox 134 4483 563 4553; x_wconf 75' lang='grc' dir='ltr'>παραδείγματι</span> <span class='ocrx_word' id='word_1_521' title='bbox 614 4485 835 4554; x_wconf 80' lang='grc' dir='ltr'>ἐναργεῖ</span> <span class='ocrx_word' id='word_1_522' title='bbox 871 4482 1018 4535; x_wconf 78' lang='grc' dir='ltr'>τοῦτ’</span> <span class='ocrx_word' id='word_1_523' title='bbox 1063 4483 1286 4552; x_wconf 77' lang='grc' dir='ltr'>ἐποίησε</span> <span class='ocrx_word' id='word_1_524' title='bbox 1318 4482 1496 4552; x_wconf 83' lang='grc' dir='ltr'>δῆλον,</span> <span class='ocrx_word' id='word_1_525' title='bbox 1534 4480 1723 4533; x_wconf 84' lang='grc' dir='ltr'>εἰπών·</span> 
     </span>
    </p>
   </div>
   <div class='ocr_carea' id='block_1_72' title="bbox 1831 3289 3400 3369">
    <p class='ocr_par' dir='ltr' id='par_1_72' title="bbox 1831 3289 3400 3369">
     <span class='ocr_line' id='line_1_72' title="bbox 1831 3289 3400 3369; baseline 0.009 -26"><span class='ocrx_word' id='word_1_526' title='bbox 1831 3289 1973 3344; x_wconf 84' lang='lat' dir='ltr'><strong>hanc</strong></span> <span class='ocrx_word' id='word_1_527' title='bbox 2002 3289 2279 3363; x_wconf 91' lang='lat' dir='ltr'><strong>(mortem)</strong></span> <span class='ocrx_word' id='word_1_528' title='bbox 2327 3292 2468 3347; x_wconf 80' lang='lat' dir='ltr'><strong>infra</strong></span> <span class='ocrx_word' id='word_1_529' title='bbox 2530 3293 2657 3349; x_wconf 87' lang='lat' dir='ltr'><strong>illud</strong></span> <span class='ocrx_word' id='word_1_530' title='bbox 2719 3293 3048 3369; x_wconf 87' lang='lat' dir='ltr'><strong>(peccatum)</strong></span> <span class='ocrx_word' id='word_1_531' title='bbox 3090 3302 3400 3358; x_wconf 86' lang='lat' dir='ltr'><strong>collocaret.</strong></span> 
     </span>
    </p>
   </div>
   <div class='ocr_carea' id='block_1_73' title="bbox 1832 3379 3405 3466">
    <p class='ocr_par' dir='ltr' id='par_1_73' title="bbox 1832 3379 3405 3466">
     <span class='ocr_line' id='line_1_73' title="bbox 1832 3379 3405 3466; baseline 0.011 -33"><span class='ocrx_word' id='word_1_532' title='bbox 1832 3379 2095 3450; x_wconf 79' lang='lat' dir='ltr'><strong>Reginam</strong></span> <span class='ocrx_word' id='word_1_533' title='bbox 2125 3392 2306 3437; x_wconf 87' lang='lat' dir='ltr'><strong>autem</strong></span> <span class='ocrx_word' id='word_1_534' title='bbox 2336 3392 2617 3451; x_wconf 89' lang='lat' dir='ltr'><strong>peccatum</strong></span> <span class='ocrx_word' id='word_1_535' title='bbox 2656 3385 2803 3452; x_wconf 80' lang='lat' dir='ltr'><strong>fecit,</strong></span> <span class='ocrx_word' id='word_1_536' title='bbox 2843 3404 2946 3443; x_wconf 92' lang='lat' dir='ltr'><strong>non</strong></span> <span class='ocrx_word' id='word_1_537' title='bbox 2978 3391 3254 3461; x_wconf 79' lang='lat' dir='ltr'><strong>dignitatis</strong></span> <span class='ocrx_word' id='word_1_538' title='bbox 3275 3409 3405 3466; x_wconf 86' lang='lat' dir='ltr'><strong>ergo</strong></span> 
     </span>
    </p>
   </div>
   <div class='ocr_carea' id='block_1_74' title="bbox 1832 3470 3402 3559">
    <p class='ocr_par' dir='ltr' id='par_1_74' title="bbox 1832 3470 3402 3559">
     <span class='ocr_line' id='line_1_74' title="bbox 1832 3470 3402 3559; baseline 0.01 -35"><span class='ocrx_word' id='word_1_539' title='bbox 1832 3470 1985 3540; x_wconf 92' lang='lat' dir='ltr'><strong>(nihil</strong></span> <span class='ocrx_word' id='word_1_540' title='bbox 2012 3472 2155 3526; x_wconf 89' lang='lat' dir='ltr'><strong>enim</strong></span> <span class='ocrx_word' id='word_1_541' title='bbox 2191 3488 2257 3529; x_wconf 90' lang='lat' dir='ltr'><strong>eo</strong></span> <span class='ocrx_word' id='word_1_542' title='bbox 2292 3473 2585 3530; x_wconf 84' lang='lat' dir='ltr'><strong>deformius</strong></span> <span class='ocrx_word' id='word_1_543' title='bbox 2617 3478 2841 3547; x_wconf 87' lang='lat' dir='ltr'><strong>cogitari</strong></span> <span class='ocrx_word' id='word_1_544' title='bbox 2883 3492 2975 3534; x_wconf 86' lang='lat' dir='ltr'><strong>aut</strong></span> <span class='ocrx_word' id='word_1_545' title='bbox 3014 3482 3139 3552; x_wconf 83' lang='lat' dir='ltr'><strong>tingi</strong></span> <span class='ocrx_word' id='word_1_546' title='bbox 3180 3488 3402 3559; x_wconf 90' lang='lat' dir='ltr'><strong>potest),</strong></span> 
     </span>
    </p>
   </div>
   <div class='ocr_carea' id='block_1_75' title="bbox 1830 3564 3404 3647">
    <p class='ocr_par' dir='ltr' id='par_1_75' title="bbox 1830 3564 3404 3647">
     <span class='ocr_line' id='line_1_75' title="bbox 1830 3564 3404 3647; baseline 0.011 -30"><span class='ocrx_word' id='word_1_547' title='bbox 1830 3564 1923 3617; x_wconf 86' lang='lat' dir='ltr'><strong>sed</strong></span> <span class='ocrx_word' id='word_1_548' title='bbox 1961 3571 2181 3634; x_wconf 87' lang='lat' dir='ltr'><strong>pr0pter</strong></span> <span class='ocrx_word' id='word_1_549' title='bbox 2205 3565 2500 3622; x_wconf 89' lang='lat' dir='ltr'><strong>vehemens</strong></span> <span class='ocrx_word' id='word_1_550' title='bbox 2536 3568 2823 3626; x_wconf 90' lang='lat' dir='ltr'><strong>obediendi</strong></span> <span class='ocrx_word' id='word_1_551' title='bbox 2853 3574 3088 3629; x_wconf 89' lang='lat' dir='ltr'><strong>studium</strong></span> <span class='ocrx_word' id='word_1_552' title='bbox 3109 3618 3125 3642; x_wconf 92' lang='lat'><strong>,</strong></span> <span class='ocrx_word' id='word_1_553' title='bbox 3161 3593 3268 3647; x_wconf 87' lang='lat' dir='ltr'><strong>quo</strong></span> <span class='ocrx_word' id='word_1_554' title='bbox 3302 3579 3404 3635; x_wconf 81' lang='lat' dir='ltr'><strong>fla-</strong></span> 
     </span>
    </p>
   </div>
   <div class='ocr_carea' id='block_1_76' title="bbox 1832 3661 3401 3732">
    <p class='ocr_par' dir='ltr' id='par_1_76' title="bbox 1832 3661 3401 3732">
     <span class='ocr_line' id='line_1_76' title="bbox 1832 3661 3401 3732; baseline 0.013 -29"><span class='ocrx_word' id='word_1_555' title='bbox 1832 3661 2014 3719; x_wconf 84' lang='lat' dir='ltr'><strong>grant,</strong></span> <span class='ocrx_word' id='word_1_556' title='bbox 2051 3668 2403 3724; x_wconf 89' lang='lat' dir='ltr'><strong>quoscunque</strong></span> <span class='ocrx_word' id='word_1_557' title='bbox 2447 3670 2727 3727; x_wconf 86' lang='lat' dir='ltr'><strong>peccatum</strong></span> <span class='ocrx_word' id='word_1_558' title='bbox 2782 3666 3087 3731; x_wconf 90' lang='lat' dir='ltr'><strong>occupavit.</strong></span> <span class='ocrx_word' id='word_1_559' title='bbox 3144 3667 3326 3732; x_wconf 86' lang='lat' dir='ltr'><strong>Quare</strong></span> <span class='ocrx_word' id='word_1_560' title='bbox 3354 3673 3401 3725; x_wconf 91' lang='lat' dir='ltr'><strong>si</strong></span> 
     </span>
    </p>
   </div>
   <div class='ocr_carea' id='block_1_77' title="bbox 1832 3744 3407 3825">
    <p class='ocr_par' dir='ltr' id='par_1_77' title="bbox 1832 3744 3407 3825">
     <span class='ocr_line' id='line_1_77' title="bbox 1832 3744 3407 3825; baseline 0.014 -30"><span class='ocrx_word' id='word_1_561' title='bbox 1832 3744 2042 3810; x_wconf 90' lang='lat' dir='ltr'><strong>peccati</strong></span> <span class='ocrx_word' id='word_1_562' title='bbox 2082 3746 2412 3814; x_wconf 89' lang='lat' dir='ltr'><strong>stipendium</strong></span> <span class='ocrx_word' id='word_1_563' title='bbox 2469 3764 2616 3803; x_wconf 82' lang='lat' dir='ltr'><strong>mors</strong></span> <span class='ocrx_word' id='word_1_564' title='bbox 2661 3762 2765 3817; x_wconf 80' lang='lat' dir='ltr'><strong>est,</strong></span> <span class='ocrx_word' id='word_1_565' title='bbox 2815 3767 2883 3807; x_wconf 86' lang='lat' dir='ltr'><strong>ne</strong></span> <span class='ocrx_word' id='word_1_566' title='bbox 2938 3766 3124 3825; x_wconf 81' lang='lat' dir='ltr'><strong>regnet</strong></span> <span class='ocrx_word' id='word_1_567' title='bbox 3161 3760 3211 3814; x_wconf 89' lang='lat' dir='ltr'><strong>itt</strong></span> <span class='ocrx_word' id='word_1_568' title='bbox 3252 3762 3407 3817; x_wconf 87' lang='lat' dir='ltr'><strong>vobis</strong></span> 
     </span>
    </p>
   </div>
   <div class='ocr_carea' id='block_1_78' title="bbox 1832 3838 3407 3918">
    <p class='ocr_par' dir='ltr' id='par_1_78' title="bbox 1832 3838 3407 3918">
     <span class='ocr_line' id='line_1_78' title="bbox 1832 3838 3407 3918; baseline 0.013 -31"><span class='ocrx_word' id='word_1_569' title='bbox 1832 3845 2135 3903; x_wconf 83' lang='lat' dir='ltr'><strong>peccatum,</strong></span> <span class='ocrx_word' id='word_1_570' title='bbox 2169 3838 2313 3905; x_wconf 92' lang='lat' dir='ltr'><strong>quod</strong></span> <span class='ocrx_word' id='word_1_571' title='bbox 2348 3847 2542 3905; x_wconf 88' lang='lat' dir='ltr'><strong>morte,</strong></span> <span class='ocrx_word' id='word_1_572' title='bbox 2594 3842 2735 3909; x_wconf 90' lang='lat' dir='ltr'><strong>apud</strong></span> <span class='ocrx_word' id='word_1_573' title='bbox 2790 3857 2884 3899; x_wconf 90' lang='lat' dir='ltr'><strong>eos</strong></span> <span class='ocrx_word' id='word_1_574' title='bbox 2943 3848 3159 3915; x_wconf 82' lang='lat' dir='ltr'><strong>quidem</strong></span> <span class='ocrx_word' id='word_1_575' title='bbox 3211 3852 3407 3918; x_wconf 87' lang='lat' dir='ltr'><strong>quibus</strong></span> 
     </span>
    </p>
   </div>
   <div class='ocr_carea' id='block_1_79' title="bbox 1831 3929 3408 4007">
    <p class='ocr_par' dir='ltr' id='par_1_79' title="bbox 1831 3929 3408 4007">
     <span class='ocr_line' id='line_1_79' title="bbox 1831 3929 3408 4007; baseline 0.013 -28"><span class='ocrx_word' id='word_1_576' title='bbox 1831 3941 1964 3980; x_wconf 85' lang='lat' dir='ltr'><strong>sana</strong></span> <span class='ocrx_word' id='word_1_577' title='bbox 1999 3941 2154 3982; x_wconf 89' lang='lat' dir='ltr'><strong>mens</strong></span> <span class='ocrx_word' id='word_1_578' title='bbox 2174 3936 2277 3995; x_wconf 89' lang='lat' dir='ltr'><strong>est,</strong></span> <span class='ocrx_word' id='word_1_579' title='bbox 2323 3929 2538 3998; x_wconf 88' lang='lat' dir='ltr'><strong>gravius</strong></span> <span class='ocrx_word' id='word_1_580' title='bbox 2565 3945 2666 3986; x_wconf 89' lang='lat' dir='ltr'><strong>est.</strong></span> <span class='ocrx_word' id='word_1_581' title='bbox 2694 3931 2748 3987; x_wconf 94' lang='lat' dir='ltr'><strong>Si</strong></span> <span class='ocrx_word' id='word_1_582' title='bbox 2777 3935 2940 4004; x_wconf 83' lang='lat' dir='ltr'><strong>igitur</strong></span> <span class='ocrx_word' id='word_1_583' title='bbox 2971 3942 3116 4007; x_wconf 89' lang='lat' dir='ltr'><strong>optio</strong></span> <span class='ocrx_word' id='word_1_584' title='bbox 3150 3944 3323 4007; x_wconf 85' lang='lat' dir='ltr'><strong>detur,</strong></span> <span class='ocrx_word' id='word_1_585' title='bbox 3350 3956 3408 3999; x_wconf 88' lang='lat' dir='ltr'><strong>et</strong></span> 
     </span>
    </p>
   </div>
   <div class='ocr_carea' id='block_1_80' title="bbox 1834 4017 3407 4093">
    <p class='ocr_par' dir='ltr' id='par_1_80' title="bbox 1834 4017 3407 4093">
     <span class='ocr_line' id='line_1_80' title="bbox 1834 4017 3407 4093; baseline 0.012 -22"><span class='ocrx_word' id='word_1_586' title='bbox 1834 4017 1948 4073; x_wconf 85' lang='lat' dir='ltr'><strong>ﬁeri</strong></span> <span class='ocrx_word' id='word_1_587' title='bbox 1979 4028 2182 4087; x_wconf 89' lang='lat' dir='ltr'><strong>posset,</strong></span> <span class='ocrx_word' id='word_1_588' title='bbox 2222 4022 2472 4089; x_wconf 87' lang='lat' dir='ltr'><strong>equidem</strong></span> <span class='ocrx_word' id='word_1_589' title='bbox 2506 4026 2642 4079; x_wconf 90' lang='lat' dir='ltr'><strong>mori</strong></span> <span class='ocrx_word' id='word_1_590' title='bbox 2674 4026 2914 4093; x_wconf 90' lang='lat' dir='ltr'><strong>mallem,</strong></span> <span class='ocrx_word' id='word_1_591' title='bbox 2942 4030 3013 4084; x_wconf 91' lang='lat' dir='ltr'><strong>ita</strong></span> <span class='ocrx_word' id='word_1_592' title='bbox 3052 4042 3107 4085; x_wconf 91' lang='lat' dir='ltr'><strong>ut</strong></span> <span class='ocrx_word' id='word_1_593' title='bbox 3149 4034 3407 4093; x_wconf 90' lang='lat' dir='ltr'><strong>iunnunis</strong></span> 
     </span>
    </p>
   </div>
   <div class='ocr_carea' id='block_1_81' title="bbox 1833 4119 3406 4189">
    <p class='ocr_par' dir='ltr' id='par_1_81' title="bbox 1833 4119 3406 4189">
     <span class='ocr_line' id='line_1_81' title="bbox 1833 4119 3406 4189; baseline 0.01 -25"><span class='ocrx_word' id='word_1_594' title='bbox 1833 4127 1863 4164; x_wconf 90' lang='lat' dir='ltr'><strong>a</strong></span> <span class='ocrx_word' id='word_1_595' title='bbox 1898 4119 2119 4181; x_wconf 89' lang='lat' dir='ltr'><strong>peccato</strong></span> <span class='ocrx_word' id='word_1_596' title='bbox 2166 4127 2474 4180; x_wconf 88' lang='lat' dir='ltr'><strong>manerent,</strong></span> <span class='ocrx_word' id='word_1_597' title='bbox 2522 4130 2683 4184; x_wconf 90' lang='lat' dir='ltr'><strong>quam</strong></span> <span class='ocrx_word' id='word_1_598' title='bbox 2726 4119 2961 4174; x_wconf 91' lang='lat' dir='ltr'><strong>admisso</strong></span> <span class='ocrx_word' id='word_1_599' title='bbox 3000 4132 3223 4189; x_wconf 88' lang='lat' dir='ltr'><strong>peccato</strong></span> <span class='ocrx_word' id='word_1_600' title='bbox 3257 4140 3406 4180; x_wconf 90' lang='lat' dir='ltr'><strong>mor-</strong></span> 
     </span>
    </p>
   </div>
   <div class='ocr_carea' id='block_1_82' title="bbox 1835 4201 3408 4285">
    <p class='ocr_par' dir='ltr' id='par_1_82' title="bbox 1835 4201 3408 4285">
     <span class='ocr_line' id='line_1_82' title="bbox 1835 4201 3408 4285; baseline 0.007 -28"><span class='ocrx_word' id='word_1_601' title='bbox 1835 4212 1941 4257; x_wconf 89' lang='lat' dir='ltr'><strong>tem</strong></span> <span class='ocrx_word' id='word_1_602' title='bbox 1977 4201 2232 4271; x_wconf 67' lang='lat' dir='ltr'><strong>ell‘ugere.</strong></span> <span class='ocrx_word' id='word_1_603' title='bbox 2276 4202 2450 4259; x_wconf 89' lang='lat' dir='ltr'><strong>Tanto</strong></span> <span class='ocrx_word' id='word_1_604' title='bbox 2485 4204 2611 4261; x_wconf 91' lang='lat' dir='ltr'><strong>illud</strong></span> <span class='ocrx_word' id='word_1_605' title='bbox 2655 4208 2754 4262; x_wconf 91' lang='lat' dir='ltr'><strong>bac</strong></span> <span class='ocrx_word' id='word_1_606' title='bbox 2796 4220 2879 4264; x_wconf 91' lang='lat' dir='ltr'><strong>est</strong></span> <span class='ocrx_word' id='word_1_607' title='bbox 2924 4212 3163 4280; x_wconf 81' lang='lat' dir='ltr'><strong>gravius,</strong></span> <span class='ocrx_word' id='word_1_608' title='bbox 3213 4230 3298 4270; x_wconf 93' lang='lat' dir='ltr'><strong>me</strong></span> <span class='ocrx_word' id='word_1_609' title='bbox 3319 4216 3408 4285; x_wconf 83' lang='lat' dir='ltr'><strong>ju-</strong></span> 
     </span>
    </p>
   </div>
   <div class='ocr_carea' id='block_1_83' title="bbox 1832 4293 3410 4374">
    <p class='ocr_par' dir='ltr' id='par_1_83' title="bbox 1832 4293 3410 4374">
     <span class='ocr_line' id='line_1_83' title="bbox 1832 4293 3410 4374; baseline 0.011 -28"><span class='ocrx_word' id='word_1_610' title='bbox 1832 4293 1969 4348; x_wconf 82' lang='lat' dir='ltr'><strong>dice.</strong></span> <span class='ocrx_word' id='word_1_611' title='bbox 1998 4293 2143 4349; x_wconf 87' lang='lat' dir='ltr'><strong>Mors</strong></span> <span class='ocrx_word' id='word_1_612' title='bbox 2181 4295 2325 4349; x_wconf 88' lang='lat' dir='ltr'><strong>enim</strong></span> <span class='ocrx_word' id='word_1_613' title='bbox 2369 4312 2398 4349; x_wconf 89' lang='lat' dir='ltr'><strong>a</strong></span> <span class='ocrx_word' id='word_1_614' title='bbox 2441 4300 2838 4356; x_wconf 86' lang='lat' dir='ltr'><strong>resurrectione</strong></span> <span class='ocrx_word' id='word_1_615' title='bbox 2880 4304 3291 4374; x_wconf 83' lang='lat' dir='ltr'><strong>exstinguetur;</strong></span> <span class='ocrx_word' id='word_1_616' title='bbox 3340 4312 3410 4364; x_wconf 84' lang='lat' dir='ltr'><strong>de</strong></span> 
     </span>
    </p>
   </div>
   <div class='ocr_carea' id='block_1_84' title="bbox 1835 4388 3412 4464">
    <p class='ocr_par' dir='ltr' id='par_1_84' title="bbox 1835 4388 3412 4464">
     <span class='ocr_line' id='line_1_84' title="bbox 1835 4388 3412 4464; baseline 0.011 -26"><span class='ocrx_word' id='word_1_617' title='bbox 1835 4392 2059 4453; x_wconf 85' lang='lat' dir='ltr'><strong>peccato</strong></span> <span class='ocrx_word' id='word_1_618' title='bbox 2086 4396 2263 4440; x_wconf 80' lang='lat' dir='ltr'><strong>autent</strong></span> <span class='ocrx_word' id='word_1_619' title='bbox 2294 4388 2456 4441; x_wconf 90' lang='lat' dir='ltr'><strong>etiam</strong></span> <span class='ocrx_word' id='word_1_620' title='bbox 2487 4398 2607 4457; x_wconf 91' lang='lat' dir='ltr'><strong>post</strong></span> <span class='ocrx_word' id='word_1_621' title='bbox 2634 4395 3083 4448; x_wconf 88' lang='lat' dir='ltr'><strong>resnrrectionem</strong></span> <span class='ocrx_word' id='word_1_622' title='bbox 3108 4411 3265 4464; x_wconf 65' lang='lat' dir='ltr'><strong>poena</strong></span> <span class='ocrx_word' id='word_1_623' title='bbox 3293 4399 3412 4454; x_wconf 85' lang='lat' dir='ltr'><strong>exi-</strong></span> 
     </span>
    </p>
   </div>
   <div class='ocr_carea' id='block_1_85' title="bbox 1834 4475 3408 4554">
    <p class='ocr_par' dir='ltr' id='par_1_85' title="bbox 1834 4475 3408 4554">
     <span class='ocr_line' id='line_1_85' title="bbox 1834 4475 3408 4554; baseline 0.01 -24"><span class='ocrx_word' id='word_1_624' title='bbox 1834 4488 2008 4547; x_wconf 88' lang='lat' dir='ltr'><strong>getur.</strong></span> <span class='ocrx_word' id='word_1_625' title='bbox 2038 4475 2183 4532; x_wconf 84' lang='lat' dir='ltr'><strong>Nihil</strong></span> <span class='ocrx_word' id='word_1_626' title='bbox 2218 4479 2381 4548; x_wconf 81' lang='lat' dir='ltr'><strong>igitur</strong></span> <span class='ocrx_word' id='word_1_627' title='bbox 2407 4480 2542 4534; x_wconf 88' lang='lat' dir='ltr'><strong>lucri</strong></span> <span class='ocrx_word' id='word_1_628' title='bbox 2578 4480 2744 4536; x_wconf 81' lang='lat' dir='ltr'><strong>ferret</strong></span> <span class='ocrx_word' id='word_1_629' title='bbox 2777 4485 2839 4546; x_wconf 86' lang='lat' dir='ltr'><strong>is,</strong></span> <span class='ocrx_word' id='word_1_630' title='bbox 2880 4486 2968 4553; x_wconf 89' lang='lat' dir='ltr'><strong>qui</strong></span> <span class='ocrx_word' id='word_1_631' title='bbox 3008 4498 3278 4554; x_wconf 88' lang='lat' dir='ltr'><strong>peccaret,</strong></span> <span class='ocrx_word' id='word_1_632' title='bbox 3314 4493 3408 4545; x_wconf 88' lang='lat' dir='ltr'><strong>sed</strong></span> 
     </span>
    </p>
   </div>
   <div class='ocr_carea' id='block_1_86' title="bbox 138 4555 1722 4647">
    <p class='ocr_par' dir='ltr' id='par_1_86' title="bbox 138 4572 1722 4644">
     <span class='ocr_line' id='line_1_86' title="bbox 138 4572 1722 4644; baseline -0.001 -19"><span class='ocrx_word' id='word_1_633' title='bbox 138 4594 157 4625; x_wconf 73' lang='grc' dir='ltr'><em>ς</em></span> <span class='ocrx_word' id='word_1_634' title='bbox 190 4575 268 4628; x_wconf 83' lang='grc' dir='ltr'>Τὸ</span> <span class='ocrx_word' id='word_1_635' title='bbox 302 4575 366 4626; x_wconf 81' lang='grc' dir='ltr'>δὲ</span> <span class='ocrx_word' id='word_1_636' title='bbox 417 4574 644 4644; x_wconf 83' lang='grc' dir='ltr'>κέντρον</span> <span class='ocrx_word' id='word_1_637' title='bbox 681 4574 776 4627; x_wconf 80' lang='grc' dir='ltr'>τοῦ</span> <span class='ocrx_word' id='word_1_638' title='bbox 830 4572 1061 4627; x_wconf 86' lang='grc' dir='ltr'>θανάτου</span> <span class='ocrx_word' id='word_1_639' title='bbox 1092 4575 1126 4643; x_wconf 82' lang='grc' dir='ltr'>ἡ</span> <span class='ocrx_word' id='word_1_640' title='bbox 1167 4572 1431 4643; x_wconf 84' lang='grc' dir='ltr'>ἁμαρτία.</span> <span class='ocrx_word' id='word_1_641' title='bbox 1471 4592 1491 4624; x_wconf 71' lang='grc' dir='ltr'><strong>ι</strong></span> <span class='ocrx_word' id='word_1_642' title='bbox 1520 4572 1722 4643; x_wconf 84' lang='grc' dir='ltr'>Ὥσπερ</span> 
     </span>
    </p>
   </div>
   <div class='ocr_carea' id='block_1_87' title="bbox 1842 4555 3410 4647">
    <p class='ocr_par' dir='ltr' id='par_1_87' title="bbox 1842 4570 3410 4647">
     <span class='ocr_line' id='line_1_87' title="bbox 1842 4570 3410 4647; baseline 0.008 -21"><span class='ocrx_word' id='word_1_643' title='bbox 1842 4582 2062 4626; x_wconf 87' lang='lat' dir='ltr'><strong>mortem</strong></span> <span class='ocrx_word' id='word_1_644' title='bbox 2103 4570 2362 4642; x_wconf 80' lang='lat' dir='ltr'><strong>eliugeret</strong></span> <span class='ocrx_word' id='word_1_645' title='bbox 2401 4573 2566 4645; x_wconf 61' lang='lat'><strong>539</strong></span> <span class='ocrx_word' id='word_1_646' title='bbox 2615 4575 2701 4646; x_wconf 86' lang='lat' dir='ltr'><strong>(ex</strong></span> <span class='ocrx_word' id='word_1_647' title='bbox 2751 4577 3032 4647; x_wconf 85' lang='lat' dir='ltr'><strong>ltypotbesi</strong></span> <span class='ocrx_word' id='word_1_648' title='bbox 3081 4592 3261 4635; x_wconf 86' lang='lat' dir='ltr'><strong>autem</strong></span> <span class='ocrx_word' id='word_1_649' title='bbox 3305 4583 3410 4638; x_wconf 90' lang='lat' dir='ltr'><strong>hoc</strong></span> 
     </span>
    </p>
   </div>
   <div class='ocr_carea' id='block_1_88' title="bbox 128 4663 1730 4735">
    <p class='ocr_par' dir='ltr' id='par_1_88' title="bbox 128 4663 1730 4735">
     <span class='ocr_line' id='line_1_88' title="bbox 128 4663 1730 4735; baseline -0.001 -19"><span class='ocrx_word' id='word_1_650' title='bbox 128 4666 325 4717; x_wconf 84' lang='grc' dir='ltr'>τοίνυν</span> <span class='ocrx_word' id='word_1_651' title='bbox 358 4665 484 4733; x_wconf 76' lang='grc' dir='ltr'>ὅφιν</span> <span class='ocrx_word' id='word_1_652' title='bbox 538 4665 572 4735; x_wconf 80' lang='grc' dir='ltr'><strong>ἣ</strong></span> <span class='ocrx_word' id='word_1_653' title='bbox 603 4664 862 4735; x_wconf 86' lang='grc' dir='ltr'>σκορπίον</span> <span class='ocrx_word' id='word_1_654' title='bbox 901 4664 1118 4727; x_wconf 81' lang='grc' dir='ltr'>ὀδόντας</span> <span class='ocrx_word' id='word_1_655' title='bbox 1145 4664 1178 4735; x_wconf 80' lang='grc' dir='ltr'>ἢ</span> <span class='ocrx_word' id='word_1_656' title='bbox 1212 4664 1438 4734; x_wconf 83' lang='grc' dir='ltr'>κέντρον</span> <span class='ocrx_word' id='word_1_657' title='bbox 1473 4663 1548 4734; x_wconf 81' lang='grc' dir='ltr'>μὴ</span> <span class='ocrx_word' id='word_1_658' title='bbox 1577 4663 1730 4734; x_wconf 78' lang='grc' dir='ltr'>ἔχον-</span> 
     </span>
    </p>
   </div>
   <div class='ocr_carea' id='block_1_89' title="bbox 126 4749 1727 4825">
    <p class='ocr_par' dir='ltr' id='par_1_89' title="bbox 126 4749 1727 4825">
     <span class='ocr_line' id='line_1_89' title="bbox 126 4749 1727 4825; baseline -0.001 -18"><span class='ocrx_word' id='word_1_659' title='bbox 126 4772 254 4822; x_wconf 81' lang='grc' dir='ltr'>τας,</span> <span class='ocrx_word' id='word_1_660' title='bbox 293 4756 373 4809; x_wconf 85' lang='grc' dir='ltr'>δι’</span> <span class='ocrx_word' id='word_1_661' title='bbox 402 4749 479 4809; x_wconf 79' lang='grc' dir='ltr'>ὧν</span> <span class='ocrx_word' id='word_1_662' title='bbox 502 4755 594 4809; x_wconf 83' lang='grc' dir='ltr'>τὸν</span> <span class='ocrx_word' id='word_1_663' title='bbox 624 4755 700 4808; x_wconf 77' lang='grc' dir='ltr'>ἰὸν</span> <span class='ocrx_word' id='word_1_664' title='bbox 727 4752 1210 4825; x_wconf 72' lang='grc' dir='ltr'>παραπέμψουσιν,</span> <span class='ocrx_word' id='word_1_665' title='bbox 1235 4754 1333 4807; x_wconf 85' lang='grc' dir='ltr'><strong>οὐκ</strong></span> <span class='ocrx_word' id='word_1_666' title='bbox 1359 4752 1422 4806; x_wconf 79' lang='grc' dir='ltr'><strong>ἄν</strong></span> <span class='ocrx_word' id='word_1_667' title='bbox 1452 4770 1535 4816; x_wconf 88' lang='grc' dir='ltr'><strong>τις</strong></span> <span class='ocrx_word' id='word_1_668' title='bbox 1559 4753 1727 4824; x_wconf 81' lang='grc' dir='ltr'>φοϐη-</span> 
     </span>
    </p>
   </div>
   <div class='ocr_carea' id='block_1_90' title="bbox 1838 4664 3406 4738">
    <p class='ocr_par' dir='ltr' id='par_1_90' title="bbox 1838 4664 3406 4738">
     <span class='ocr_line' id='line_1_90' title="bbox 1838 4664 3406 4738; baseline 0.007 -21"><span class='ocrx_word' id='word_1_669' title='bbox 1838 4664 2041 4719; x_wconf 89' lang='lat' dir='ltr'><strong>dictum</strong></span> <span class='ocrx_word' id='word_1_670' title='bbox 2072 4664 2236 4735; x_wconf 88' lang='lat' dir='ltr'><strong>esto),</strong></span> <span class='ocrx_word' id='word_1_671' title='bbox 2267 4666 2310 4718; x_wconf 90' lang='lat' dir='ltr'><strong>si</strong></span> <span class='ocrx_word' id='word_1_672' title='bbox 2340 4667 2554 4735; x_wconf 88' lang='lat' dir='ltr'><strong>quidem</strong></span> <span class='ocrx_word' id='word_1_673' title='bbox 2595 4668 2758 4721; x_wconf 89' lang='lat' dir='ltr'><strong>etiam</strong></span> <span class='ocrx_word' id='word_1_674' title='bbox 2786 4678 2906 4738; x_wconf 90' lang='lat' dir='ltr'><strong>post</strong></span> <span class='ocrx_word' id='word_1_675' title='bbox 2951 4674 3406 4728; x_wconf 89' lang='lat' dir='ltr'><strong>resurrectionem</strong></span> 
     </span>
    </p>
   </div>
   <div class='ocr_carea' id='block_1_91' title="bbox 1837 4755 3407 4832">
    <p class='ocr_par' dir='ltr' id='par_1_91' title="bbox 1837 4755 3407 4832">
     <span class='ocr_line' id='line_1_91' title="bbox 1837 4755 3407 4832; baseline 0.006 -23"><span class='ocrx_word' id='word_1_676' title='bbox 1837 4755 2161 4824; x_wconf 90' lang='lat' dir='ltr'><strong>supplicium</strong></span> <span class='ocrx_word' id='word_1_677' title='bbox 2204 4757 2481 4811; x_wconf 88' lang='lat' dir='ltr'><strong>subiturus</strong></span> <span class='ocrx_word' id='word_1_678' title='bbox 2534 4770 2699 4814; x_wconf 86' lang='lat' dir='ltr'><strong>esset.</strong></span> <span class='ocrx_word' id='word_1_679' title='bbox 2746 4759 2867 4815; x_wconf 86' lang='lat' dir='ltr'><strong>Alio</strong></span> <span class='ocrx_word' id='word_1_680' title='bbox 2914 4776 3130 4832; x_wconf 90' lang='lat' dir='ltr'><strong>quoque</strong></span> <span class='ocrx_word' id='word_1_681' title='bbox 3169 4764 3407 4820; x_wconf 86' lang='lat' dir='ltr'><strong>evidenti</strong></span> 
     </span>
    </p>
   </div>
   <div class='ocr_carea' id='block_1_92' title="bbox 222 4876 1722 4977">
    <p class='ocr_par' dir='ltr' id='par_1_92' title="bbox 222 4908 1694 4977">
     <span class='ocr_line' id='line_1_92' title="bbox 222 4908 1694 4977; baseline -0.002 -10"><span class='ocrx_word' id='word_1_682' title='bbox 222 4915 269 4945; x_wconf 78' lang='grc'>¹⁸</span> <span class='ocrx_word' id='word_1_683' title='bbox 314 4914 483 4967; x_wconf 77' lang='lat' dir='ltr'><strong>Rom.</strong></span> <span class='ocrx_word' id='word_1_684' title='bbox 506 4927 628 4977; x_wconf 87' lang='lat' dir='ltr'><strong>vnt,</strong></span> <span class='ocrx_word' id='word_1_685' title='bbox 667 4910 759 4965; x_wconf 76' lang='lat'><strong>28.</strong></span> <span class='ocrx_word' id='word_1_686' title='bbox 837 4911 881 4941; x_wconf 80' lang='grc'>¹³</span> <span class='ocrx_word' id='word_1_687' title='bbox 910 4909 1069 4965; x_wconf 76' lang='lat' dir='ltr'><strong>Rom.</strong></span> <span class='ocrx_word' id='word_1_688' title='bbox 1098 4925 1174 4977; x_wconf 79' lang='grc' dir='ltr'><strong>νι,</strong></span> <span class='ocrx_word' id='word_1_689' title='bbox 1205 4908 1295 4964; x_wconf 74' lang='lat'><strong>23.</strong></span> <span class='ocrx_word' id='word_1_690' title='bbox 1372 4910 1414 4941; x_wconf 84' lang='lat'>&quot;</span> <span class='ocrx_word' id='word_1_691' title='bbox 1447 4908 1575 4964; x_wconf 89' lang='lat' dir='ltr'><strong>ibid.</strong></span> <span class='ocrx_word' id='word_1_692' title='bbox 1606 4909 1694 4964; x_wconf 66' lang='grc' dir='ltr'><strong>ιε.</strong></span> 
     </span>
    </p>
   </div>
   <div class='ocr_carea' id='block_1_93' title="bbox 1842 4876 2259 4977">
    <p class='ocr_par' dir='ltr' id='par_1_93' title="bbox 1842 4908 2259 4977">
     <span class='ocr_line' id='line_1_93' title="bbox 1842 4908 2259 4977; baseline 0.01 -16"><span class='ocrx_word' id='word_1_693' title='bbox 1842 4908 1859 4961; x_wconf 92' lang='lat' dir='ltr'><strong>l</strong></span> <span class='ocrx_word' id='word_1_694' title='bbox 1894 4910 2018 4965; x_wconf 87' lang='lat' dir='ltr'><strong>Cor.</strong></span> <span class='ocrx_word' id='word_1_695' title='bbox 2054 4926 2141 4977; x_wconf 84' lang='lat' dir='ltr'><strong>xv,</strong></span> <span class='ocrx_word' id='word_1_696' title='bbox 2168 4911 2259 4965; x_wconf 84' lang='lat'><strong>56.</strong></span> 
     </span>
    </p>
   </div>
   <div class='ocr_carea' id='block_1_94' title="bbox 1262 5061 2327 5121">
    <p class='ocr_par' dir='ltr' id='par_1_94' title="bbox 1262 5061 2327 5121">
     <span class='ocr_line' id='line_1_94' title="bbox 1262 5061 2327 5121; baseline 0 -3"><span class='ocrx_word' id='word_1_697' title='bbox 1262 5062 1493 5118; x_wconf 67' lang='lat' dir='ltr'><strong>VARIAE</strong></span> <span class='ocrx_word' id='word_1_698' title='bbox 1529 5061 1918 5118; x_wconf 86' lang='lat' dir='ltr'><strong>LECTIONES</strong></span> <span class='ocrx_word' id='word_1_699' title='bbox 1954 5063 2045 5118; x_wconf 89' lang='lat' dir='ltr'><strong>ET</strong></span> <span class='ocrx_word' id='word_1_700' title='bbox 2086 5064 2327 5121; x_wconf 67' lang='lat' dir='ltr'><strong>NOTAE.</strong></span> 
     </span>
    </p>
   </div>
   <div class='ocr_carea' id='block_1_95' title="bbox 197 5218 1729 5294">
    <p class='ocr_par' dir='ltr' id='par_1_95' title="bbox 197 5218 1729 5294">
     <span class='ocr_line' id='line_1_95' title="bbox 197 5218 1729 5294; baseline -0.007 -15"><span class='ocrx_word' id='word_1_701' title='bbox 197 5223 334 5294; x_wconf 64' lang='grc'><strong>(54)</strong></span> <span class='ocrx_word' id='word_1_702' title='bbox 399 5222 503 5275; x_wconf 87' lang='lat' dir='ltr'><strong>Pro</strong></span> <span class='ocrx_word' id='word_1_703' title='bbox 554 5219 809 5273; x_wconf 79' lang='grc' dir='ltr'>ἀσέϐειαν</span> <span class='ocrx_word' id='word_1_704' title='bbox 861 5218 1001 5274; x_wconf 86' lang='lat' dir='ltr'><strong>idem</strong></span> <span class='ocrx_word' id='word_1_705' title='bbox 1056 5220 1176 5273; x_wconf 92' lang='lat' dir='ltr'><strong>cod.</strong></span> <span class='ocrx_word' id='word_1_706' title='bbox 1237 5219 1429 5274; x_wconf 84' lang='lat' dir='ltr'><strong>scribit</strong></span> <span class='ocrx_word' id='word_1_707' title='bbox 1485 5218 1729 5289; x_wconf 73' lang='grc' dir='ltr'>βλασφηο</span> 
     </span>
    </p>
   </div>
   <div class='ocr_carea' id='block_1_96' title="bbox 122 5293 544 5370">
    <p class='ocr_par' dir='ltr' id='par_1_96' title="bbox 122 5293 544 5370">
     <span class='ocr_line' id='line_1_96' title="bbox 122 5293 544 5370; baseline 0 0"><span class='ocrx_word' id='word_1_708' title='bbox 122 5293 295 5370; x_wconf 57' lang='grc' dir='ltr'><strong>μίῖέ-Ῐντ.</strong></span> <span class='ocrx_word' id='word_1_709' title='bbox 322 5293 368 5346; x_wconf 73' lang='grc' dir='ltr'>Ρ</span> <span class='ocrx_word' id='word_1_710' title='bbox 371 5306 544 5370; x_wconf 50' lang='grc' dir='ltr'><strong>(31⁸ῃῆ</strong></span> 
     </span>
    </p>
   </div>
   <div class='ocr_carea' id='block_1_97' title="bbox 195 5358 1728 5434">
    <p class='ocr_par' dir='ltr' id='par_1_97' title="bbox 195 5358 1728 5434">
     <span class='ocr_line' id='line_1_97' title="bbox 195 5358 1728 5434; baseline -0.004 -15"><span class='ocrx_word' id='word_1_711' title='bbox 195 5366 323 5434; x_wconf 69' lang='grc'><strong>(55)</strong></span> <span class='ocrx_word' id='word_1_712' title='bbox 353 5362 449 5434; x_wconf 9' lang='grc' dir='ltr'>,Ἡ</span> <span class='ocrx_word' id='word_1_713' title='bbox 479 5361 608 5414; x_wconf 73' lang='grc' dir='ltr'>θεία</span> <span class='ocrx_word' id='word_1_714' title='bbox 639 5359 829 5434; x_wconf 76' lang='grc' dir='ltr'>χάρις.</span> <span class='ocrx_word' id='word_1_715' title='bbox 864 5358 1062 5434; x_wconf 77' lang='lat' dir='ltr'><strong>Confer</strong></span> <span class='ocrx_word' id='word_1_716' title='bbox 1108 5358 1295 5434; x_wconf 83' lang='lat' dir='ltr'><strong>epist_.__</strong></span> <span class='ocrx_word' id='word_1_717' title='bbox 1324 5358 1388 5413; x_wconf 79' lang='grc'>15</span> <span class='ocrx_word' id='word_1_718' title='bbox 1426 5372 1589 5428; x_wconf 88' lang='lat' dir='ltr'><strong>supra</strong></span> <span class='ocrx_word' id='word_1_719' title='bbox 1626 5358 1728 5434; x_wconf 78' lang='lat' dir='ltr'><strong>l_tt_)c</strong></span> 
     </span>
    </p>
   </div>
   <div class='ocr_carea' id='block_1_98' title="bbox 117 5426 1714 5560">
    <p class='ocr_par' dir='ltr' id='par_1_98' title="bbox 117 5426 1714 5560">
     <span class='ocr_line' id='line_1_98' title="bbox 117 5426 1714 5560; baseline -0.006 -70"><span class='ocrx_word' id='word_1_720' title='bbox 117 5426 216 5560; x_wconf 49' lang='lat' dir='ltr'><strong>lib.</strong></span> <span class='ocrx_word' id='word_1_721' title='bbox 254 5426 317 5489; x_wconf 84' lang='lat' dir='ltr'><strong>et</strong></span> <span class='ocrx_word' id='word_1_722' title='bbox 349 5432 454 5486; x_wconf 88' lang='lat' dir='ltr'><strong>lib.</strong></span> <span class='ocrx_word' id='word_1_723' title='bbox 488 5446 550 5495; x_wconf 91' lang='grc' dir='ltr'><strong>ιι,</strong></span> <span class='ocrx_word' id='word_1_724' title='bbox 572 5426 732 5500; x_wconf 74' lang='lat' dir='ltr'><strong>epist.</strong></span> <span class='ocrx_word' id='word_1_725' title='bbox 771 5431 844 5493; x_wconf 76' lang='lat'><strong>2;</strong></span> <span class='ocrx_word' id='word_1_726' title='bbox 872 5440 927 5482; x_wconf 87' lang='lat' dir='ltr'><strong>et</strong></span> <span class='ocrx_word' id='word_1_727' title='bbox 953 5426 1213 5482; x_wconf 63' lang='lat' dir='ltr'><strong>[renatum</strong></span> <span class='ocrx_word' id='word_1_728' title='bbox 1242 5429 1335 5482; x_wconf 91' lang='lat' dir='ltr'><strong>lib.</strong></span> <span class='ocrx_word' id='word_1_729' title='bbox 1365 5445 1439 5493; x_wconf 90' lang='lat' dir='ltr'><strong>tv,</strong></span> <span class='ocrx_word' id='word_1_730' title='bbox 1472 5426 1594 5497; x_wconf 81' lang='lat' dir='ltr'><strong>cap.</strong></span> <span class='ocrx_word' id='word_1_731' title='bbox 1626 5428 1714 5482; x_wconf 80' lang='grc'><strong>71.</strong></span> 
     </span>
     <span class='ocr_line' id='line_1_99' title="bbox 173 5524 300 5560; baseline -0.016 0"><span class='ocrx_word' id='word_1_732' title='bbox 173 5524 300 5560; x_wconf 85' lang='grc' dir='ltr'>ιττ.</span> 
     </span>
    </p>
   </div>
   <div class='ocr_carea' id='block_1_99' title="bbox 173 5524 300 5561">
    <p class='ocr_par' dir='ltr' id='par_1_99' title="bbox 173 5524 300 5561">
     <span class='ocr_line' id='line_1_100' title="bbox 173 5524 300 5561; baseline -0.024 0"><span class='ocrx_word' id='word_1_733' title='bbox 173 5524 300 5561; x_wconf 81' lang='grc' dir='ltr'><strong>ΙΤΤ.</strong></span> 
     </span>
    </p>
   </div>
   <div class='ocr_carea' id='block_1_100' title="bbox 191 5565 1726 5644">
    <p class='ocr_par' dir='ltr' id='par_1_100' title="bbox 191 5565 1726 5644">
     <span class='ocr_line' id='line_1_101' title="bbox 191 5565 1726 5644; baseline -0.003 -19"><span class='ocrx_word' id='word_1_734' title='bbox 191 5570 471 5644; x_wconf 66' lang='lat' dir='ltr'><strong>t56)_l_’ro</strong></span> <span class='ocrx_word' id='word_1_735' title='bbox 499 5568 812 5644; x_wconf 69' lang='grc' dir='ltr'>κιρνωμένη</span> <span class='ocrx_word' id='word_1_736' title='bbox 848 5568 979 5644; x_wconf 85' lang='lat' dir='ltr'><strong>cod._</strong></span> <span class='ocrx_word' id='word_1_737' title='bbox 1015 5565 1189 5644; x_wconf 62' lang='lat' dir='ltr'><strong>Vatia.</strong></span> <span class='ocrx_word' id='word_1_738' title='bbox 1217 5567 1334 5644; x_wconf 44' lang='lat'><strong>£350</strong></span> <span class='ocrx_word' id='word_1_739' title='bbox 1364 5568 1493 5644; x_wconf 66' lang='lat' dir='ltr'><strong>legit</strong></span> <span class='ocrx_word' id='word_1_740' title='bbox 1534 5585 1726 5644; x_wconf 60' lang='grc' dir='ltr'>κιρνατ</span> 
     </span>
    </p>
   </div>
   <div class='ocr_carea' id='block_1_101' title="bbox 120 5636 1725 5719">
    <p class='ocr_par' dir='ltr' id='par_1_101' title="bbox 120 5636 1725 5719">
     <span class='ocr_line' id='line_1_102' title="bbox 120 5636 1725 5719; baseline -0.006 -20"><span class='ocrx_word' id='word_1_741' title='bbox 120 5636 311 5719; x_wconf 71' lang='grc' dir='ltr'>μένη.’</span> <span class='ocrx_word' id='word_1_742' title='bbox 334 5641 504 5719; x_wconf 58' lang='grc' dir='ltr'><strong>γετῇ</strong></span> <span class='ocrx_word' id='word_1_743' title='bbox 529 5636 571 5693; x_wconf 68' lang='grc'><strong>5</strong></span> <span class='ocrx_word' id='word_1_744' title='bbox 592 5636 827 5719; x_wconf 39' lang='lat' dir='ltr'><strong>pro-7&amp;9</strong></span> <span class='ocrx_word' id='word_1_745' title='bbox 858 5640 1007 5719; x_wconf 73' lang='lat' dir='ltr'><strong>ponit</strong></span> <span class='ocrx_word' id='word_1_746' title='bbox 1033 5636 1182 5719; x_wconf 76' lang='grc' dir='ltr'>γοῦν.</span> <span class='ocrx_word' id='word_1_747' title='bbox 1217 5636 1372 5719; x_wconf 66' lang='lat' dir='ltr'><strong>vers.</strong></span> <span class='ocrx_word' id='word_1_748' title='bbox 1483 5636 1606 5719; x_wconf 68' lang='lat' dir='ltr'><strong>post</strong></span> <span class='ocrx_word' id='word_1_749' title='bbox 1632 5640 1725 5690; x_wconf 71' lang='grc' dir='ltr'><strong>καὶ</strong></span> 
     </span>
    </p>
   </div>
   <div class='ocr_carea' id='block_1_102' title="bbox 117 5707 1720 5783">
    <p class='ocr_par' dir='ltr' id='par_1_102' title="bbox 117 5707 1720 5783">
     <span class='ocr_line' id='line_1_103' title="bbox 117 5707 1720 5783; baseline -0.006 -14"><span class='ocrx_word' id='word_1_750' title='bbox 117 5707 278 5771; x_wconf 67' lang='lat' dir='ltr'><strong>addit</strong></span> <span class='ocrx_word' id='word_1_751' title='bbox 341 5715 414 5783; x_wconf 83' lang='grc' dir='ltr'><strong>ή.</strong></span> <span class='ocrx_word' id='word_1_752' title='bbox 462 5707 619 5767; x_wconf 60' lang='grc' dir='ltr'>γει-εἷ.</span> <span class='ocrx_word' id='word_1_753' title='bbox 664 5711 759 5763; x_wconf 94' lang='lat' dir='ltr'><strong>ult.</strong></span> <span class='ocrx_word' id='word_1_754' title='bbox 799 5707 910 5778; x_wconf 76' lang='lat' dir='ltr'><strong>pro</strong></span> <span class='ocrx_word' id='word_1_755' title='bbox 968 5707 1214 5770; x_wconf 77' lang='grc' dir='ltr'>ἑκούσιος</span> <span class='ocrx_word' id='word_1_756' title='bbox 1266 5710 1425 5763; x_wconf 83' lang='lat' dir='ltr'><strong>habet</strong></span> <span class='ocrx_word' id='word_1_757' title='bbox 1479 5707 1720 5761; x_wconf 71' lang='grc' dir='ltr'>ἑκούσια.</span> 
     </span>
    </p>
   </div>
   <div class='ocr_carea' id='block_1_103' title="bbox 115 5789 348 5842">
    <p class='ocr_par' dir='ltr' id='par_1_103' title="bbox 115 5789 348 5842">
     <span class='ocr_line' id='line_1_104' title="bbox 115 5789 348 5842; baseline -0.017 -1"><span class='ocrx_word' id='word_1_758' title='bbox 115 5789 348 5842; x_wconf 72' lang='lat' dir='ltr'><strong>Possm.</strong></span> 
     </span>
    </p>
   </div>
   <div class='ocr_carea' id='block_1_104' title="bbox 1834 5217 3398 5342">
    <p class='ocr_par' dir='ltr' id='par_1_104' title="bbox 1834 5217 3398 5342">
     <span class='ocr_line' id='line_1_105' title="bbox 1834 5217 3398 5342; baseline 0.011 -71"><span class='ocrx_word' id='word_1_759' title='bbox 1834 5217 2022 5342; x_wconf 40' lang='lat' dir='ltr'><strong>ED(&#39;E.)‘I7.)</strong></span> <span class='ocrx_word' id='word_1_760' title='bbox 2083 5217 2372 5289; x_wconf 86' lang='lat' dir='ltr'><strong>Inscriptio</strong></span> <span class='ocrx_word' id='word_1_761' title='bbox 2423 5224 2701 5293; x_wconf 87' lang='lat' dir='ltr'><strong>suppletur</strong></span> <span class='ocrx_word' id='word_1_762' title='bbox 2749 5240 2811 5281; x_wconf 79' lang='lat' dir='ltr'><strong>ex</strong></span> <span class='ocrx_word' id='word_1_763' title='bbox 2871 5231 3058 5286; x_wconf 87' lang='lat' dir='ltr'><strong>codice</strong></span> <span class='ocrx_word' id='word_1_764' title='bbox 3118 5231 3398 5289; x_wconf 79' lang='lat' dir='ltr'><strong>Vaticano.</strong></span> 
     </span>
    </p>
   </div>
   <div class='ocr_carea' id='block_1_105' title="bbox 1906 5326 3398 5441">
    <p class='ocr_par' dir='ltr' id='par_1_105' title="bbox 1906 5326 3398 5441">
     <span class='ocr_line' id='line_1_106' title="bbox 1906 5326 3398 5441; baseline 0.011 -30"><span class='ocrx_word' id='word_1_765' title='bbox 2058 5356 2165 5414; x_wconf 85' lang='lat' dir='ltr'><strong>Pro</strong></span> <span class='ocrx_word' id='word_1_766' title='bbox 2194 5362 2524 5441; x_wconf 71' lang='grc' dir='ltr'>ταττόμενος</span> <span class='ocrx_word' id='word_1_767' title='bbox 2558 5367 2679 5419; x_wconf 83' lang='lat' dir='ltr'><strong>cod.</strong></span> <span class='ocrx_word' id='word_1_768' title='bbox 2731 5367 2852 5441; x_wconf 73' lang='lat' dir='ltr'><strong>vat.</strong></span> <span class='ocrx_word' id='word_1_769' title='bbox 2894 5368 3021 5436; x_wconf 73' lang='lat' dir='ltr'><strong>legit</strong></span> <span class='ocrx_word' id='word_1_770' title='bbox 3048 5372 3398 5441; x_wconf 86' lang='grc' dir='ltr'>ταττόμενον.</span> 
     </span>
    </p>
   </div>
   <div class='ocr_carea' id='block_1_106' title="bbox 1827 5432 3396 5552">
    <p class='ocr_par' dir='ltr' id='par_1_106' title="bbox 1827 5432 3396 5552">
     <span class='ocr_line' id='line_1_107' title="bbox 1827 5432 3396 5552; baseline 0.014 -73"><span class='ocrx_word' id='word_1_771' title='bbox 1827 5441 2122 5552; x_wconf 46' lang='grc' dir='ltr'>ἓευιὲεὲιέριι.</span> <span class='ocrx_word' id='word_1_772' title='bbox 2155 5440 2275 5498; x_wconf 90' lang='lat' dir='ltr'><strong>post</strong></span> <span class='ocrx_word' id='word_1_773' title='bbox 2312 5432 2681 5503; x_wconf 83' lang='grc' dir='ltr'>αίσχρότερος,</span> <span class='ocrx_word' id='word_1_774' title='bbox 2730 5437 2880 5492; x_wconf 84' lang='lat' dir='ltr'><strong>addit</strong></span> <span class='ocrx_word' id='word_1_775' title='bbox 2911 5432 3006 5493; x_wconf 73' lang='grc' dir='ltr'><strong>καὶ</strong></span> <span class='ocrx_word' id='word_1_776' title='bbox 3046 5432 3396 5515; x_wconf 71' lang='grc' dir='ltr'>ἀτιμότερος.</span> 
     </span>
    </p>
   </div>
   <div class='ocr_carea' id='block_1_107' title="bbox 1904 5567 3404 5648">
    <p class='ocr_par' dir='ltr' id='par_1_107' title="bbox 1904 5567 3404 5648">
     <span class='ocr_line' id='line_1_108' title="bbox 1904 5567 3404 5648; baseline 0.012 -30"><span class='ocrx_word' id='word_1_777' title='bbox 1904 5567 2134 5648; x_wconf 84' lang='grc'>(60)</span> <span class='ocrx_word' id='word_1_778' title='bbox 2181 5569 2250 5648; x_wconf 68' lang='grc' dir='ltr'><strong>δέ</strong></span> <span class='ocrx_word' id='word_1_779' title='bbox 2284 5571 2551 5648; x_wconf 50' lang='grc' dir='ltr'>αμαρτία</span> <span class='ocrx_word' id='word_1_780' title='bbox 2726 5578 3220 5646; x_wconf 75' lang='grc' dir='ltr'>τιμωρηθήσεται.</span> <span class='ocrx_word' id='word_1_781' title='bbox 3280 5581 3404 5637; x_wconf 77' lang='lat' dir='ltr'><strong>llatc</strong></span> 
     </span>
    </p>
   </div>
   <div class='ocr_carea' id='block_1_108' title="bbox 1833 5636 3403 5714">
    <p class='ocr_par' dir='ltr' id='par_1_108' title="bbox 1833 5636 3403 5714">
     <span class='ocr_line' id='line_1_109' title="bbox 1833 5636 3403 5714; baseline 0.012 -26"><span class='ocrx_word' id='word_1_782' title='bbox 1833 5636 2059 5691; x_wconf 89' lang='lat' dir='ltr'><strong>deerant</strong></span> <span class='ocrx_word' id='word_1_783' title='bbox 2093 5639 2158 5714; x_wconf 84' lang='lat' dir='ltr'><strong>in_</strong></span> <span class='ocrx_word' id='word_1_784' title='bbox 2182 5642 2270 5714; x_wconf 76' lang='lat' dir='ltr'><strong>ed.</strong></span> <span class='ocrx_word' id='word_1_785' title='bbox 2308 5636 2560 5714; x_wconf 53' lang='grc' dir='ltr'>βαιὴ-ει</span> <span class='ocrx_word' id='word_1_786' title='bbox 2582 5636 2896 5714; x_wconf 71' lang='lat' dir='ltr'><strong>supplentur</strong></span> <span class='ocrx_word' id='word_1_787' title='bbox 2932 5636 3227 5706; x_wconf 51' lang='lat' dir='ltr'><strong>ex‘codice</strong></span> <span class='ocrx_word' id='word_1_788' title='bbox 3255 5636 3403 5707; x_wconf 52' lang='lat' dir='ltr'><strong>Vati?-</strong></span> 
     </span>
    </p>
   </div>
   <div class='ocr_carea' id='block_1_109' title="bbox 1832 5708 2624 5778">
    <p class='ocr_par' dir='ltr' id='par_1_109' title="bbox 1832 5708 2624 5778">
     <span class='ocr_line' id='line_1_110' title="bbox 1832 5708 2624 5778; baseline 0.009 -19"><span class='ocrx_word' id='word_1_789' title='bbox 1832 5720 1970 5761; x_wconf 88' lang='lat' dir='ltr'><strong>cano</strong></span> <span class='ocrx_word' id='word_1_790' title='bbox 2010 5724 2094 5778; x_wconf 87' lang='lat' dir='ltr'><strong>ap.</strong></span> <span class='ocrx_word' id='word_1_791' title='bbox 2126 5708 2426 5765; x_wconf 86' lang='lat' dir='ltr'><strong>Possinum.</strong></span> <span class='ocrx_word' id='word_1_792' title='bbox 2469 5711 2624 5767; x_wconf 80' lang='grc' dir='ltr'>Ευιτ.</span> 
     </span>
    </p>
   </div>
  </div>
