3886 6420
160 444 280 507 1105

1055 447 1593 509 EPISTOLARUM
1634 450 1781 509 LIB.
1821 451 1919 510 IV.
1960 476 2029 485 -
2062 452 2301 510 EPIST.
2336 453 2447 512 LV.

3279 445 3419 511 1106

156 557 249 608 τῶν
279 555 515 626 ἀρετῶν,
557 558 632 627 μὴ
662 559 792 628 παρ’
822 558 1004 622 ἄλλοις
1031 559 1188 613 τοῦτο
1212 559 1365 632 ζήτει
1394 559 1532 629 (67),
1576 560 1713 614 ἀλλὰ

1827 560 1997 628 Quare
2027 562 2156 617 si'in
2202 573 2253 617 te
2299 564 2414 630 ipso
2461 563 2628 617 habes
2671 577 2915 614 normam
2959 561 3216 612 virtutum
3250 563 3415 627 (sicut

154 646 255 717 χρῶ
274 646 350 716 τῷ
377 648 565 717 οἰκείῳ
587 649 864 721 Θησαυρῷ.

457 855 584 909 NE'.
615 885 686 895 -
712 855 1043 927 ΑΡΠΟΚΡᾼ
1089 857 1399 928 meum.

159 952 270 1002 Ὀτι
338 950 459 1004 ἀπὸ
531 950 857 1019 φιλαρχίας
901 950 965 1022 *ἢ
1031 950 1399 1020 προλήψεων
1469 953 1724 1022 φύονται

785 1019 1066 1089 αἱρέσεις.

224 1127 283 1180 'H
316 1128 579 1198 φιλαρχία
613 1130 870 1182 ἁπάντων
915 1131 1065 1184 αἰτία
1080 1131 1189 1183 τῶν
1223 1130 1428 1195 κακῶν,
1461 1132 1496 1202 ἢ
1531 1132 1624 1186 καὶ
1654 1131 1723 1185 τὰ

159 1220 468 1274 καθεσθῶτα
493 1220 824 1290 ἀνατρέπειν
856 1222 1199 1292 πειρωμένη,
1226 1223 1434 1287 δεινοὺς
1454 1224 1726 1294 πολέμους

158 1314 207 1364 οὐ
257 1314 420 1381 μόνον
466 1314 550 1380 ἐφ’
599 1312 779 1382 ἡμῶν,
825 1312 963 1366 ἀλλὰ
1016 1314 1109 1367 καὶ⁵
1164 1314 1257 1367 ἐπὶ
1313 1315 1423 1367 τῶν
1478 1314 1723 1367 παλαιῶν

157 1406 497 1474 ἐπικωμάσαι
526 1403 963 1474 παρεσκεύασεν.
1001 1405 1065 1457 Οἱ
1097 1407 1195 1474 μὲν
1217 1405 1326 1476 γὰρ
1353 1406 1718 1476 Πυθαγόρειοι

160 1493 300 1561 σιγὴν
330 1493 657 1563 ἠσκηκότες,
674 1494 801 1556 τοὺς
837 1493 980 1564 μέγα
1006 1493 1338 1564 φρονοῦντας
1363 1496 1456 1547 ἐπὶ
1482 1496 1721 1563 εὐγλωτ-

156 1586 230 1654 si;
261 1587 666 1656 ἀπεκήρυττον.
701 1586 763 1638 Οἱ
813 1585 868 1638 δὲ
904 1585 1307 1656 Ὁμηρίζοντες,
1349 1588 1474 1651 τοὺς
1504 1588 1723 1641 Πλατωο

154 1677 383 1741 νίζοντας
411 1677 691 1745 διέσυρον’
713 1679 759 1729 oi
794 1677 851 1730 δὲ
869 1677 1303 1741 Πλατωνίζοντες
1335 1680 1461 1741 τοὺς
1495 1678 1724 1752 Ὁμηρί-

157 1769 335 1832 ζοντας
359 1769 615 1832 ἀσεϐείας
632 1770 961 1839 ἐγράφοντοο
990 1771 1143 1823 καὶοὶ
1170 1770 1269 1839 μὲν
1303 1770 1723 1842 Ἀριστοτελικοὶ

154 1861 276 1930 πρὸς
308 1861 438 1923 τοὺς
460 1859 903 1924 Πλατωνίζοντας
931 1860 1345 1914 ἐπαπεδύσαντο
1370 1878 1383 1891 ·
1401 1863 1451 1914 οἱ
1480 1862 1535 1915 δὲ
1564 1864 1720 1914 Στοῖ-

155 1927 229 2005 xci
251 1953 391 2023 πρὸς
433 1953 559 2015 τοὺς
605 1951 1073 2021 Ἀριστοτελικοὺς
1112 1952 1432 2022 ἐφράξαντο.
1469 1952 1722 2005 Ἐπικου-
1755 1927 1796 1983 Β

156 2045 302 2115 ρείων
329 2044 410 2108 δὲ,
444 2044 551 2096 τῶν
575 2046 643 2114 τῇ
692 2043 863 2115 κακίᾳ
904 2046 1270 2115 ἐπικουρῆσαι
1307 2044 1716 2116 τολμησάντων,

154 2136 235 2188 καὶ
265 2133 580 2205 μεμνῆσθαι
626 2133 996 2187 ἀτοπώτατον.
1025 2135 1135 2187 Καὶ
1175 2135 1266 2186 ἐπὶ
1309 2135 1410 2203 τῆς
1471 2135 1721 2217 ἰατρικῆς

151 2226 278 2279 δὲτὸ
310 2226 450 2280 αὐτὸ
479 2224 948 2296 ἐπηκολούθησαν.
981 2227 1045 2278 υἱ
1070 2226 1169 2297 μὲν
1198 2226 1306 2296 γὰρ
1340 2228 1564 2294 Λογικοὶ
1594 2229 1721 2290 τοὺς

151 2319 475 2380 Μεθοδικους
498 2317 608 2385 (68)
638 2317 1025 2386 ὲστηλίτευσαν
1051 2335 1065 2349 ο
1097 2320 1144 2370 οί
1167 2319 1222 2371 δὲ
1257 2318 1547 2371 Μεθοδικοὶ
1579 2319 1721 2372 κατὰ

151 2411 247 2463 τῶν
288 2409 543 2478 Λογικῶν
583 2407 909 2479 ἐφράξαντο.
952 2410 1017 2462 Οἱ
1063 2409 1163 2479 μὲν
1209 2408 1319 2480 γὰρ
1379 2409 1581 2471 πολλὰς
1626 2410 1721 2462 καὶ

153 2502 395 2565 ποικίλας
444 2502 599 2572 ῥίζας
628 2501 836 2568 ἔφασαν
863 2501 974 2553 τῶν
1010 2501 1199 2556 παθῶν
1224 2518 1237 2531 ⁸
1279 2502 1361 2556 διὸ
1402 2505 1497 2555 καὶ
1542 2504 1723 2557 ποικί-

149 2592 249 2654 λοις
305 2592 552 2662 ἐχρῶντο
602 2589 933 2661 βοηθήμασι,
975 2590 1073 2654 τὰς
1123 2590 1278 2661 ῥίζας
1330 2592 1724 2664 πολυπραγμο-

152 2682 361 2745 vafras;
411 2681 525 2734 τῶν
573 2681 917 2752 νοσημάτων,
960 2682 1054 2734 καὶ
1085 2681 1259 2745 οὕτως
1303 2684 1722 2749 ἀναστέλλοντες

150 2775 240 2838 τὰς
267 2773 457 2844 πηγὰς
482 2773 593 2826 τῶν
633 2772 841 2827 παθῶν.
872 2774 934 2826 Οἱ
978 2773 1035 2826 δὲ
1068 2773 1160 2826 δύο
1189 2775 1357 2844 μόνας
1386 2776 1566 2839 αἰτίας
1593 2776 1723 2847 ὡρί-

154 2884 329 2929 σαντο,
360 2866 659 2932 στέγνωσιν
686 2866 780 2919 καὶ
806 2864 961 2936 ῥῦσιν
982 2883 994 2896 ·
1027 2865 1109 2919 διὸ
1131 2867 1227 2919 καὶ
1254 2867 1335 2932 τὸ,
1372 2866 1405 2937 ἢ
1438 2868 1721 2936 κενωτέον,

149 2961 179 3029 ἦ
207 2960 493 3021 στακτέον,
518 2958 903 3027 ἐδογμάτισαν.
927 2958 991 3009 Oi
1019 2957 1075 3009 δὲ
1110 2957 1457 3027 Ἐμπειρικοὶ
1484 2959 1579 3012 καὶ
1607 2960 1725 3012 τού-

154 3064 272 3110 τους
298 3048 595 3110 κάκείνους
640 3046 943 3100 ἔσκωπτον.
978 3048 1040 3100 Ei
1081 3047 1139 3101 δὲ
1168 3050 1261 3101 καὶ
1295 3050 1396 3111 τὰς
1427 3049 1535 3103 τῶν
1566 3050 1726 3121 ῥητόο

152 3155 273 3207 ρων,
310 3139 409 3191 καλ⁸
438 3139 537 3202 τὰς
552 3137 661 3192 τῶν
683 3139 946 3209 ποιητῶν,
978 3140 1072 3193 καὶ
1100 3140 1198 3203 τὰς
1220 3140 1331 3194 τῶν
1365 3141 1725 3211 συγγραφέων

1822 653 2069 724 profecto
2114 656 2325 723 habes),
2358 655 2464 709 noli
2509 657 2648 724 apud
2685 655 2817 708 alios
2846 669 2961 708 eam
2998 668 3274 721 quaerere,
3319 653 3414 707 sed

1826 746 2047 816 proprio
2072 747 2328 800 thesauro
2358 757 2533 800 utere.

2064 856 2173 911 LV.
2212 886 2285 899 -—
2325 854 2727 910 HARPOCRIE
2770 850 3163 907 SOPIIISTAS.

1825 950 1902 1003 Ab
1936 949 2218 1003 ambitione
2254 959 2349 1003 aut
2385 949 2700 1014 anticipatis
2741 946 3071 1012 Opinionibus
3114 945 3258 997 nasci
3299 945 3412 997 lia:-

2535 1034 2698 1072 τεεεδ.

1898 1128 2136 1183 Ambitio
2183 1139 2238 1182 et
2283 1128 2583 1197 imperandi
2636 1128 2927 1195 cupiditas,
2968 1126 3209 1179 omnium
3250 1139 3413 1177 causa

1826 1219 2112 1283 malorum,
2143 1234 2261 1288 qua:
2290 1221 2453 1273 etiam
2489 1221 2623 1274 bene
2653 1218 2818 1291 540
2842 1217 3133 1272 constituta
3163 1226 3411 1270 evertere

1824 1320 2074 1374 conatur,
2122 1311 2307 1379 gravia
2359 1311 2500 1365 bella
2542 1328 2647 1366 non
2687 1311 2861 1365 solum
2906 1318 3089 1362 nostra
3121 1308 3408 1373 memoria,

1823 1403 1917 1456 sed
1945 1404 2109 1458 etiam
2141 1403 2386 1473 antiquis
2424 1405 2755 1472 temporibus
2783 1402 2985 1456 invexit
3014 1402 3064 1454 in
3104 1415 3191 1454 res
3224 1401 3413 1453 lnnna-

1822 1509 1941 1548 nas.
1996 1493 2131 1548 Nam
2178 1493 2503 1565 Pythagorei
2548 1496 2791 1565 quidem,
2822 1511 2945 1549 cum
2992 1494 3093 1563 ipsi
3136 1493 3410 1547 silentium

1822 1585 2094 1650 colerent,
2135 1586 2272 1641 ali0s
2312 1588 2403 1655 qui
2441 1586 2749 1656 eloquentia
2795 1602 2854 1640 se
2898 1585 3184 1663 magnifice
3219 1585 3413 1639 ell'ere-

1822 1676 1975 1741 bant,
2004 1679 2398 1745 repudiabant:
2437 1679 2657 1733 Homeri
2694 1690 2874 1732 autem
2911 1678 3137 1731 studiosi
3170 1676 3412 1731 Platonis

1822 1768 2061 1823 asseclas
2093 1769 2449 1824 traducebant
2476 1786 2493 1820 :
2529 1768 2772 1821 Platonis
2808 1783 2937 1822 vero
2968 1776 3269 1822 sectatores
3300 1766 3411 1820 Ho-

1823 1859 1957 1913 meri
1986 1858 2246 1913 studiosis
2275 1859 2568 1929 impietatis
2612 1860 2789 1912 dicam
2821 1857 3168 1912 scribebant:
3202 1868 3257 1912 et
3291 1858 3412 1910 Ari-

1823 1950 2057 2006 smtelici
2092 1953 2308 2020 quidem
2359 1955 2620 2006 adversus
2655 1952 2963 2007 Platonicos
2995 1952 3413 2022 (philosophos)

1822 2041 2135 2111 pugnabant
2170 2061 2183 2096 :
2227 2042 2394 2097 Stoici
2435 2058 2564 2099 vero
2597 2054 2785 2098 contra
2823 2044 3198 2099 Aristotelicos
3233 2060 3413 2096 arma-

1822 2134 2043 2187 bantur.
2081 2133 2473 2202 Epicureorum
2518 2147 2721 2201 autem,
2764 2136 2856 2203 qui
2902 2135 3049 2190 vitiis
3084 2134 3409 2205 patrocinari

1823 2226 1939 2278 ausi
1970 2234 2131 2289 sunt,
2174 2226 2339 2280 etiam
2388 2232 2718 2281 mentionem
2757 2226 2873 2281 tleri
2917 2227 3195 2296 indignum
3247 2226 3437 2293 atque'

1824 2316 2119 2370 absurdum
2155 2325 2259 2371 est.
2306 2314 2412 2371 Sed
2451 2328 2504 2371 et
2544 2318 2595 2371 in
2642 2328 2759 2372 arte
2797 2319 3003 2373 medica
3039 2318 3179 2372 idem
3218 2318 3414 2373 sectati

1825 2416 1952 2463 sunt
1976 2409 2235 2463 studium.
2279 2407 2415 2462 Nam
2460 2410 2645 2480 Logici
2681 2411 2899 2481 quidem
2944 2410 3281 2466 Methodicos
3328 2411 3413 2464 in-

1822 2501 2174 2555 sectabantur
2194 2540 2210 2566 ,
2238 2499 2528 2557 Methodici
2560 2518 2695 2556 vero
2742 2511 2933 2557 contra
2973 2502 3200 2570 Logicos
3233 2516 3292 2556 se
3325 2517 3413 2553 ar-

1825 2593 2066 2647 mabant.
2103 2593 2290 2647 Altera
2314 2594 2457 2648 enim
2494 2602 2639 2649 secta
2673 2593 2869 2648 multas
2906 2607 2971 2649 ac
2999 2594 3179 2647 varias
3203 2594 3417 2646 radices

1824 2685 2135 2739 morborum
2200 2700 2321 2741 esse
2370 2686 2587 2749 aiebat;
2658 2695 2987 2756 quapropter
3038 2686 3202 2740 etiam
3248 2685 3427 2739 variis

1824 2780 2119 2832 utebantur
2144 2779 2383 2843 auxiliis,
2428 2778 2665 2834 sollicite
2712 2780 2928 2834 radices
2958 2781 3270 2832 morborum
3298 2779 3413 2831 sin-

1825 2869 2075 2939 gulorum
2101 2871 2460 2937 inquirentes,
2485 2882 2648 2941 atque
2672 2871 2745 2925 ita
2780 2872 2960 2926 fontes
2982 2871 3289 2925 morborum
3312 2871 3413 2922 ob-

1827 2970 2132 3016 struentes.
2158 2962 2343 3017 Altera
2376 2977 2528 3026 vero,
2563 2964 2700 3016 duas
2735 2972 2943 3016 tantum
2975 2976 3166 3016 causas
3190 2960 3415 3015 deﬁnie-

1825 3053 1959 3107 bant
1995 3071 2009 3107 :
2040 3053 2415 3108 astrictionem
2458 3055 2574 3109 sive
2607 3054 3060 3123 constipationem
3086 3095 3101 3120 ,
3141 3064 3194 3108 et
3221 3052 3416 3108 ﬂuxio-

1829 3158 1972 3199 nem.
1999 3143 2155 3199 Unde
2177 3145 2281 3199 hoc
2310 3146 2500 3213 dogma
2526 3145 2885 3207 tradiderunt,
2910 3153 3000 3198 aut
3022 3142 3412 3206 evacuandnm,

149 3230 277 3299 πρὸς
320 3228 587 3300 ἀλλήλους
636 3230 899 3302 διαφορὰς
947 3232 1121 3285 εἰπεῖν
1177 3232 1523 3303 ἐθελήσαιμι,
1558 3234 1722 3298 πολὺς

1829 3244 1921 3288 aut
1961 3235 2353 3291 instillandum.
2408 3236 2670 3307 Empirici
2724 3246 2908 3292 autem
2963 3246 3075 3291 tam
3123 3236 3222 3289 hos
3253 3249 3420 3304 quam

149 3324 237 3376 καὶ
265 3323 429 3389 λόγος
464 3323 559 3376 καὶ
584 3323 774 3393 χρόνος
793 3324 1227 3393 ἀναλωθήσεται.
1268 3325 1380 3377 Καὶ
1410 3324 1725 3395 θαυμαστὸν

146 3416 316 3471 οὐδέν.
349 3416 526 3470 Ὅπου
569 3416 679 3488 γὰρ
711 3417 761 3469 οἱ
794 3414 1113 3485 φιλοσοφίας
1146 3417 1369 3487 ὀνόματι
1401 3417 1727 3489 βρενθυόμε-

147 3524 222 3557 νοι
265 3507 375 3559 οὐκ
424 3504 682 3575 ῶκνησαν
736 3506 1059 3576 διαπρύσιον
1091 3506 1213 3560 καθ’
1245 3508 1454 3561 ἑαυτῶν
1502 3508 1724 3577 κινῆσαι

143 3598 408 3669 πόλεμον,
442 3596 606 3668 σχολῇ
642 3598 695 3665 γ’
718 3597 785 3651 ἂν
824 3600 936 3660 τοῖς
971 3599 1195 3669 ῥήτορσι
1225 3601 1447 3661 καὶτοῖς
1474 3601 1726 3668 ποιηταῖς

142 3690 416 3759 ἐμέλησεν
447 3690 692 3760 εἰρήνης,
725 3690 778 3742 οἵ
804 3707 868 3758 γε
898 3690 993 3742 καὶ
1037 3690 1173 3759 πρὸς
1208 3691 1335 3752 τοὺς
1374 3691 1722 3760 ἐγκράτειαν,

139 3785 229 3834 καὶ
251 3780 630 3850 δικαιοσύνην,
668 3782 764 3834 καὶ
806 3780 1167 3852 σωφροσύνην
1218 3780 1566 3851 ἐγκρίνοντας
1607 3782 1724 3833 Σω-

139 3876 441 3942 κρατικοὺς
498 3873 831 3944 διεφέροντο,
889 3872 983 3935 οὒς
1040 3872 1268 3926 Πλάτων
1314 3873 1723 3942 ἐκκωμῳδήσας

137 3965 193 4015 ἐν
255 3964 553 4032 διαλόγοις,
606 3963 1014 4034 ἁνεκωμῳδήθη
1073 3962 1225 4033 παρὰ
1283 3962 1393 4017 τῶν
1446 3964 1720 4027 Κυνικῶν,

135 4048 209 4105 ὧν
241 4052 330 4119 εἷς
387 4050 463 4126 ἦν
500 4056 594 4108 καὶ
649 4054 969 4117 Λουκιανὸς,
1018 4056 1047 4108 ὀ
1084 4056 1211 4117 τοὺς
1251 4054 1535 4122 διαλόγους
1581 4055 1724 4109 κατὰ

138 4149 362 4201 πάντων
413 4148 551 4217 ὁμοῦ
609 4148 795 4216 σχεδὸν
855 4149 963 4202 τῶν
1026 4166 1086 4201 τε
1128 4149 1455 4219 εἰρημένων,
1503 4149 1614 4201 τῶν
1661 4166 1721 4202 τε

137 4242 673 4310 παραλελειμμένων
729 4241 1016 4305 συντάξας.
1060 4242 1156 4294 Ὃν
1207 4243 1256 4294 οἱ
1307 4242 1406 4312 μὲν
1448 4243 1723 4295 Πλατωνι-

131 4335 221 4385 κοὶ
263 4334 421 4403 (63),
454 4334 542 4386 δια
576 4334 637 4385 τὸ
679 4335 804 4397 τοὺς
844 4334 999 4404 παρὰ
1047 4336 1159 4387 τῶν
1198 4335 1438 4404 ποιητῶν
1478 4336 1721 4388 ἀναπλα-

133 4426 368 4488 σθέντας
395 4427 553 4490 θεοὺς
575 4426 1010 4496 τεθεατρικέναι,
1044 4426 1394 4493 ἀπεδέξαντο.
1417 4429 1479 4481 Οἱ
1520 4428 1577 4479 δὲ
1610 4428 1719 4481 τῶν

129 4518 382 4588 ποιητῶν
437 4520 700 4588 τρόφιμοι
757 4519 1039 4589 δύσφημον
1094 4520 1483 4572 ὰπεκάλεσανο
1532 4520 1722 4584 δεινῶς

1829 3326 1950 3381 illos
1977 3327 2307 3383 deriserunt.
2332 3327 2485 3390 Quod
2514 3330 2558 3383 si
2589 3338 2643 3382 et
2669 3338 2945 3383 oratorum
2969 3370 2985 3395 ,
3010 3339 3065 3382 et
3097 3334 3412 3395 poetarum,

1826 3427 1882 3471 et
1912 3417 2295 3472 historicorum
2325 3418 2469 3472 inter
2500 3433 2561 3473 se
2597 3417 2975 3473 contentiones
3013 3428 3066 3472 et
3101 3424 3416 3471 controver-

1828 3512 1941 3564 sias
1974 3510 2224 3566 oratione
2248 3510 2502 3581 persequi
2538 3511 2753 3576 vellem,
2785 3510 3012 3564 multum
3044 3519 3098 3563 et
3125 3507 3412 3561 verborum

1825 3615 1881 3660 et
1910 3607 2171 3675 temporis
2210 3606 2340 3660 mihi
2377 3614 2808 3662 consumeretur.
2860 3603 2927 3658 Et
2954 3603 3085 3658 nihil
3115 3604 3250 3657 adeo
3285 3600 3411 3654 miri

1825 3705 1929 3750 est.
1959 3694 2189 3760 Quando
2218 3695 2363 3749 enim
2408 3694 2507 3760 illi,
2552 3696 2645 3765 qui
2697 3691 3055 3764 phiIOSOphize
3094 3690 3312 3744 nomine
3357 3704 3416 3742 se

1824 3788 2113 3856 magniﬁce
2154 3786 2490 3850 efferebant,
2536 3802 2643 3840 non
2706 3785 3021 3839 dubitarunt
3075 3782 3415 3851 implacabile

1825 3883 2086 3933 adversus
2135 3891 2196 3932 se
2240 3877 2471 3931 invicem
2517 3890 2737 3930 movere
2775 3875 2975 3930 bellum
3027 3893 3040 3927 :
3092 3874 3184 3924 vix
3243 3871 3415 3940 potuit

1826 3970 1965 4034 ﬁeri,
2008 3979 2067 4024 ut
2109 3970 2420 4023 oratoribus
2470 3976 2525 4023 et
2562 3968 2735 4037 poetis
2777 3983 2883 4037 pax
2927 3981 3075 4020 curae
3120 3974 3285 4026 esset,
3323 3963 3412 4030 qui

1823 4064 1987 4117 etiam
2032 4076 2155 4117 cum
2203 4060 2521 4127 Socraticis,
2569 4060 2661 4129 qui
2711 4060 3124 4128 temperantiam
3169 4065 3221 4110 et
3252 4056 3415 4125 justi-

1824 4154 1956 4207 tiam
1990 4161 2047 4207 et
2078 4153 2405 4206 modestiam
2440 4152 2493 4205 in
2530 4151 2708 4220 pretio
2746 4150 3073 4211 habuerunt,
3104 4146 3411 4201 contentio-

1826 4259 1921 4300 nes
1951 4253 2315 4314 susceperunt
2349 4262 2364 4297 :
2401 4259 2540 4312 quos
2574 4243 2725 4297 Plato
2770 4243 2822 4296 in
2869 4240 3105 4309 Dialogis
3135 4239 3408 4308 deridens,

1824 4338 1937 4406 ipse
1964 4352 2180 4407 quoque
2211 4347 2400 4391 mutuo
2443 4336 2656 4390 derisus
2695 4346 2780 4390 est
2817 4350 2845 4388 a
2888 4334 3106 4406 Cynicis
3137 4348 3153 4386 :
3180 4348 3410 4403 quorum

1824 4444 1854 4483 e
1882 4444 2108 4484 numero
2142 4429 2421 4483 Lucianus
2451 4429 2616 4483 etiam
2656 4427 2776 4492 fuit,
2814 4427 2905 4495 qui
2946 4425 3189 4495 dialogos
3222 4432 3412 4478 contra

1823 4537 2014 4577 omnes
2042 4522 2472 4592 propemodum,
2521 4529 2627 4574 tam
2663 4534 2756 4573 eos
2803 4518 2891 4586 qui
2932 4518 3041 4585 jam
3093 4526 3216 4571 sunt
3260 4516 3409 4579 dicti,

130 4612 240 4678 γὰρ
268 4612 406 4674 τοὺς
458 4613 588 4680 παρ’
626 4610 805 4664 αὐτῶν
847 4611 1297 4681 ἐκθειαζομένους
1347 4612 1501 4674 Θεοὺς
1526 4612 1722 4676 ἐξεκω-

1828 4628 1989 4682 quam
2020 4627 2112 4667 eos
2137 4613 2229 4682 qui
2262 4613 2450 4668 omissi
2480 4620 2627 4673 sunt,
2664 4609 2992 4679 composuit.
3035 4608 3204 4675 Quem
3232 4607 3415 4661 Plato-

132 4700 383 4772 μῲδησε.
444 4702 541 4765 Τίς
565 4697 658 4755 οὖν
688 4702 947 4773 τολμήσει
1005 4703 1074 4755 τὰ
1118 4703 1228 4755 τῶν
1280 4702 1544 4775 Ἑλλήνων
1583 4722 1719 4761 ποε-

1830 4704 1936 4758 nici
1966 4705 2184 4774 quidem
2212 4704 2283 4758 ob
2309 4704 2360 4759 id
2384 4706 2511 4774 quia
2550 4718 2579 4756 a
2607 4702 2779 4772 poetis
2801 4700 3060 4756 conﬁctos
3091 4701 3222 4754 deos
3252 4700 3405 4769 quasi
3430 4738 3433 4739 ν

1178 4855 1413 4911 VARUE
1450 4857 1833 4914 LECTIONES
1878 4859 1968 4914 ET
2006 4857 2242 4914 NOTAE}.

201 5015 325 5081 (67)
373 5014 555 5067 Τοῦτο
599 5013 776 5079 ζήτει.
828 5013 944 5067 Νοη
990 5029 1110 5068 esse
1146 5016 1430 5083 quaerenda
1467 5014 1717 5079 aliunde,

124 5100 375 5153 quorum
409 5086 515 5151 ipsi
559 5085 761 5138 domini
797 5101 1018 5149 sumus,
1085 5100 1311 5152 (litaeque
1356 5085 1409 5137 in
1456 5093 1721 5153 potestate

124 5168 323 5208 nostra
373 5154 674 5214 habemus.
717 5155 985 5208 sententia
1031 5166 1113 5208 est
1143 5159 1314 5220 etiam
1359 5155 1420 5207 D.
1464 5155 1644 5208 Basilii
1668 5164 1723 5207 et

122 5224 414 5278 Ambrosii
444 5223 496 5277 in
530 5222 845 5278 Hea-uenter.
887 5224 1053 5279 Rt'rr.

198 5296 323 5363 (b8)
368 5296 434 5346 Ol
462 5293 583 5361 μὲν
619 5297 728 5363 γὰρ
758 5295 999 5365 Λογικοὶ
1024 5294 1164 5361 τοὺς
1192 5294 1582 5365 Μεθοδικούς.
1616 5296 1725 5348 Me-

96 5368 392 5418 dii-orum
424 5366 726 5428 antiquitus
760 5376 870 5419 tres
913 5375 1069 5418 erant
1111 5374 1270 5418 secta:
1304 5383 1318 5418 :
1360 5364 1537 5431 Logici
1562 5406 1576 5431 ,
1608 5366 1720 5420 Me-

126 5437 377 5495 thodici,
417 5434 696 5504 Empirici.
727 5434 997 5489 Ausonius
1027 5434 1245 5505 Grypho
1274 5437 1496 5489 ternarii
1531 5453 1544 5487 :

280 5526 508 5592 Triplex
530 5544 734 5595 quoque
764 5529 939 5595 forma
965 5529 1211 5581 medendi
1233 5544 1251 5581 :

123 5601 181 5663 ιλ
194 5609 275 5653 tot
297 5596 503 5665 Logos,
530 5608 627 5651 aut
648 5597 940 5663 Methodos,
964 5601 1148 5667 cuique
1161 5599 1499 5667 Experientia
1513 5614 1720 5664 nomen,

119 5694 183 5745 B.
221 5690 604 5759 Hieronymus
653 5690 718 5743 ad
750 5689 1030 5744 Paulinum
1062 5708 1076 5743 :
1118 5708 1136 5740 ι
1175 5689 1355 5743 Taceo
1380 5729 1396 5753 ,
1437 5691 1611 5757 inquit
1657 5692 1722 5743 de

124 5762 381 5813 medicis
408 5800 422 5823 ,
452 5774 680 5825 quorum
711 5761 943 5814 scientia
975 5760 1292 5813 mortalibus
1326 5761 1407 5814 vel
1434 5761 1719 5813 utilissima

118 5843 231 5894 est,
257 5840 322 5884 et
354 5832 412 5881 in
445 5840 555 5882 tres
581 5839 762 5894 partes
792 5830 1057 5883 scinditur
1089 5848 1102 5883 :
1130 5831 1189 5883 τὸ
1216 5830 1410 5898 δόγμα,
1436 5830 1534 5899 τὴν
1561 5829 1720 5900 μέθο-

117 5902 237 5969 δον,
258 5901 379 5969 τὴν
406 5900 692 5970 ἐμπειρίαν
725 5918 739 5954 ;
772 5901 823 5955 id
857 5909 941 5957 est
966 5900 1243 5956 decretum
1272 5902 1358 5956 vel
1392 5902 1725 5969 doctrinam,

1824 5015 2087 5068 rationem
2125 5025 2181 5067 et
2207 5014 2630 5083 experientiam,
2663 5015 2749 5066 ubi
2780 5012 3139 5083 δόγμαγνοιείιι
3163 5014 3254 5082 qui
3289 5013 3409 5068 aliis

1818 5095 1902 5154 est
1927 5085 2104 5152 λόγος.
2128 5085 2192 5151 ρ.
2219 5082 2455 5154 Serenus
2488 5084 2869 5139 Sammonicus
2896 5082 3111 5151 epilogo
3139 5085 3408 5154 poematis

1820 5152 1898 5208 De
1937 5172 1990 5208 re
2020 5156 2242 5207 medica.
2274 5153 2441 5209 Βιτῐ.

1822 5245 1975 5311 Quod
2028 5246 2219 5316 Logos,
2264 5256 2355 5301 aut
2409 5248 2707 5311 Methodua,
2759 5252 3083 5391 simplexqule
3130 5249 3399 5370 Eztpirica

3074 5337 3177 5389 pan
3220 5328 3277 5371 tt.

3074 5328 3277 5389 pandﬂ.

1828 5409 2142 5477 Simplicem
2174 5419 2333 5462 vocat
2367 5408 2695 5476 Empiricam
2719 5420 2825 5472 ,ιιι
2865 5426 2987 5479 qua:
3020 5426 3126 5464 non
3163 5408 3405 5463 sitsolli-

1827 5482 1933 5533 cita
1952 5480 2016 5533 de
2041 5479 2217 5531 causis
2239 5486 2294 5532 et
2319 5479 2638 5543 rationibus,
2663 5481 2757 5532 sed
2785 5481 3404 5543 tantumobservatione,

1829 5549 2148 5603 collectione
2182 5559 2342 5616 atque
2366 5550 2675 5602 inductione
2697 5551 3068 5614 exemplorum
3094 5553 3210 5603 sive
3237 5564 3404 5617 expe-

1831 5620 2026 5691 rientia
2052 5618 2213 5691 (unde
2244 5630 2298 5673 et
2329 5633 2518 5691 nomen
2550 5620 2761 5691 accepit
2788 5619 3055 5691 )nitatur.
3093 5620 3259 5691 BHT.

1901 5689 2010 5759 (69)
2063 5689 2217 5759 conf.
2252 5704 2340 5756 ep.
2374 5688 2437 5742 91
2484 5688 2578 5743 inf.
2628 5688 2794 5757 hujus
2824 5690 2945 5744 libri
2988 5708 3060 5745 IV.
3094 5688 3400 5745 Notandum

1829 5773 1893 5813 ex
1914 5758 2029 5813 line
2049 5758 2207 5827 hujus
2223 5762 2378 5827 epist.
2399 5760 2811 5814 saluberrimum
2839 5762 3037 5814 nostris
3067 5763 3229 5815 etiam
3261 5769 3398 5811 tem-

1828 5830 2049 5896 poribus
2072 5828 2556 5882 exulceratissimis
2576 5830 2884 5896 consilium,
2911 5832 2976 5885 de
2999 5833 3081 5884 via
3107 5847 3170 5884 ac
3191 5830 3403 5883 ratione

1825 5899 2142 5957 orthodoxa:
2163 5900 2466 5956 concordia:
2488 5901 2860 5959 sarciendmet
2882 5902 3206 5959 sancienda.
3231 5900 3421 5955 Ιὶιη.-
