3886 6420
536 402 671 473 1107
1710 402 1771 463 S.
1815 403 2110 462 ISIDORI
2151 402 2588 463 PELUSIOTIE

3651 397 3761 462 1108

532 520 587 573 in
614 516 824 570 theatro
852 510 1174 573 deridendus
1200 508 1505 579 propinavit
1532 516 1694 578 atque
1725 510 1980 575 traduxit,
2008 523 2105 579 ap-

2228 508 2515 562 ςδευόντων
2572 510 2768 573 εἰπεῖν,
2836 509 2919 563 ὅτι
2966 508 3159 563 πολλαὶ
3231 508 3382 578 παρᾶ
3446 510 3761 579 Χριστιανοίς

532 610 866 679 probarunt;
903 614 1181 674 poetarum
1206 611 1385 657 autem
1418 600 1617 655 alumni
1644 600 1902 655 infamem
1932 601 2111 655 decla-

2228 600 2460 669 αἱρέσεις
2489 599 2808 670 ἐτέχθησαν,
2860 600 3131 664 τοσαύτας
3179 600 3323 671 ὁρῶν
3356 600 3454 653 καὶ
3481 600 3607 668 παρ’
3651 602 3761 657 ἐκεί-

530 711 745 757 rarunt.
792 698 1045 753 Graviter
1081 696 1223 750 enim
1263 695 1581 763 perstrinxit
1618 693 1739 748 illos
1767 734 1783 759 ,
1824 708 1965 764 quos
2009 695 2110 763 ipsi

2228 707 2328 753 νοις
2361 690 2450 743 διὰ
2497 689 2785 760 φιλαρχίαν
2825 689 2951 761 (χρὴ
2981 691 3088 760 γὰρ
3128 690 3337 760 τάληθῆ
3370 689 3567 757 λέγειν)
3581 691 3762 759 τεχθεί-

532 804 862 861 magnopere
895 787 1325 851 venerabantur,
1363 785 1511 840 deos.
1546 786 1677 853 Quis
1708 785 1872 855 igitur
1896 799 2107 849 eorum,

2228 798 2347 848 σας;
2372 782 2435 835 El
2465 781 2510 835 δ’
2548 780 2686 851 αὕτη
2724 782 3171 853 ἐξοστρακισθείη
3214 784 3279 835 ἐκ
3320 781 3433 835 τῶν
3465 781 3761 852 ἀνθρώπων,

530 884 623 954 qui
671 880 1047 950 paganistnnm
1099 878 1538 945 amplectuntur,
1576 877 1718 931 ausit
1767 876 1922 930 nobis
1965 874 2107 945 obji-

2228 871 2367 935 ἐλπίς
2413 874 2531 924 ἐστι
2565 872 2795 942 χρηστὴ,
2844 872 3053 936 πάντας
3100 875 3179 936 εἱς
3221 873 3284 925 τὸ
3331 873 3475 925 θεῖον
3527 873 3761 943 κήρυγμα

530 984 675 1033 cere,
709 967 903 1021 inultas
938 967 1078 1034 apud
1110 965 1449 1019 Christianos
1493 965 1730 1020 haereses
1779 973 1933 1017 natas
1964 977 2105 1029 esse,

2228 964 2511 1034 5μοφῶνως
2540 966 2636 1019 καὶ
2664 964 2959 1036 όροοδόξως
2988 965 3337 1035 συνδραμεῖν.

529 1076 650 1114 cum
696 1068 804 1127 tam
850 1057 1047 1111 multas
1095 1057 1273 1110 videat
1316 1056 1479 1109 etiam
1530 1057 1669 1123 apud
1750 1056 1897 1122 ipsos
1965 1052 2182 1108 Graecos
2222 1065 2442 1125 propter
2483 1056 2830 1110 ambitionem
2884 1067 2939 1111 et
2992 1057 3292 1125 imperandi
3351 1057 3587 1111 studium
3630 1057 3756 1114 {vera

530 1154 673 1207 enim
706 1152 887 1206 dicere
923 1149 1159 1219 oportet)
1203 1160 1357 1203 natas
1398 1149 1550 1204 esse?
1595 1149 1650 1202 Si
1694 1162 1819 1202 vero
1859 1150 1970 1202 tunc
2008 1147 2370 1216 expelleretur
2404 1164 2467 1202 ex
2542 1149 2700 1203 rebus
2770 1150 3041 1213 humanis,
3102 1164 3228 1218 spes
3283 1149 3425 1208 bona
3468 1158 3627 1213 esset,
3656 1150 3755 1203 fore

531 1257 799 1302 utomnes
835 1248 889 1299 in
923 1245 1161 1299 divinum
1211 1242 1549 1315 (Evangelii)
1594 1243 1922 1312 praeconium
1962 1244 2200 1297 unanimi
2225 1253 2281 1298 et
2313 1244 2620 1298 orthodoxo
2656 1260 2924 1300 consensu
2954 1246 3332 1301 convenirent.

705 1381 865 1453 441
899 1380 1035 1436 LVI.
1068 1411 1137 1424 —
1170 1380 1398 1437 PETRO
1421 1378 1910 1436 SCIIOLASTlCO.

1118 1470 1319 1535 Eadem
1351 1473 1414 1523 de
1445 1487 1519 1524 re.

487 1620 497 1625 ι
608 1591 796 1644 Autex
817 1588 1131 1657 ambitione,
1169 1597 1260 1640 aut
1310 1602 1377 1641 ex
1433 1585 1726 1655 anticipata
1756 1586 1933 1654 aliqua
1985 1586 2109 1654 opi-

490 1718 491 1723 η
540 1683 722 1747 nione,
754 1682 959 1735 duabus
990 1690 1295 1751 expugnatu
1326 1677 1659 1733 diﬂicillimis
1697 1678 2102 1744 atiectionibus,

534 1774 775 1827 haereses
806 1782 862 1827 et
894 1781 1069 1827 sectas
1103 1785 1256 1826 natas
1310 1789 1430 1827 esse
1478 1775 1734 1827 arbitror.
1766 1770 1901 1825 Nam
1930 1774 2020 1840 qui
2054 1772 2108 1824 in

2514 1381 2658 1447 Νςν.
2690 1410 2763 1421 --
2783 1381 3009 1452 ΠΕΤΡῼ
3038 1382 3496 1454 ΣΧΟΛΑΣΤΙΚῼ.

2751 1475 2891 1542 Περὶ
2928 1474 3033 1528 τοῦ
3066 1475 3276 1528 αὐτοῦ.

2288 1588 2359 1639 ’Ἦ
2406 1588 2474 1639 ὲκ
2510 1586 2835 1657 φιλαρχίας,
2875 1582 3028 1656 οἶμαι
3052 1627 3067 1648 ,
3105 1587 3137 1655 ἢ
3184 1589 3249 1639 ἐκ
3285 1587 3635 1659 προλήψεως,
3669 1590 3747 1642 δύο

2210 1679 2735 1747 δυσκαταγωνίστων
2757 1678 2965 1743 παθῶν,
2999 1678 3099 1741 τὰς
3132 1679 3375 1748 αἱρέσεις
3416 1680 3670 1749 τετέχθαι.
3700 1684 3753 1733 Οἰ

2214 1772 2310 1841 μὲν
2344 1771 2452 1841 γὰρ
2483 1772 2541 1823 ἐν
2562 1771 2675 1832 τοῖς
2701 1769 2960 1839 ὑπηκόοις
2992 1770 3066 1839 μὴ
3107 1769 3438 1834 ἀξιώσαντες
3477 1766 3609 1822 εἶναι
3636 1772 3748 1839 (70),

538 1868 877 1922 subditorum
910 1868 1087 1921 classe
1115 1866 1297 1921 vivere
1322 1882 1481 1935 azqno
1541 1866 1724 1919 animo
1777 1880 1881 1919 non
1914 1871 2110 1932 potue-

2228 1862 2351 1931 t'qoé
2381 1861 2807 1933 καταδεξάμενοι
2829 1903 2844 1927 ,
2876 1863 3149 1934 νεωτέρας
3183 1862 3530 1927 διδασκαλίας
3558 1864 3753 1933 σπέρμα

537 1972 689 2027 runt,
741 1976 916 2031 neque
972 1961 1259 2030 imperium
1320 1961 1595 2030 excipere,
1637 1972 1788 2012 novae
1852 1957 2112 2012 doctrinae

537 2063 834 2108 sementem
868 2060 1204 2122 sparserunt,
1240 2052 1290 2105 in
1339 2052 1407 2107 iis
1433 2066 1553 2124 quae
1579 2050 1875 2106 constituta
1903 2057 2108 2113 essent,

538 2158 859 2212 permanere
903 2143 1202 2211 dedignati.

980 2253 1137 2310 LVII.
1157 2283 1226 2294 —-
1242 2255 1280 2307 A
1292 2251 1662 2319 DAMANTIO.

1129 2344 1327 2413 Eadem
1359 2345 1423 2398 de
1448 2361 1523 2413 re.

612 2481 753 2551 Quid
787 2480 923 2535 adeo
984 2478 1227 2545 miraris,
1263 2477 1309 2533 si
1339 2478 1505 2533 etiam
1535 2487 1656 2545 post
1705 2476 2003 2532 Salvatoris
2056 2477 2112 2532 in

496 2588 762 2636 ,carnem
836 2571 1127 2625 adventum
1194 2570 1375 2623 multae
1451 2569 1688 2625 haereses
1739 2576 1916 2625 enata
1962 2577 2109 2637 sunt,

497 2724 505 2731 ,
541 2665 776 2730 diabolo,
822 2664 1019 2734 quippe
1058 2662 1149 2731 qui
1178 2662 1290 2732 jam
1329 2663 1612 2732 perspicue
1628 2678 1693 2718 ac
1726 2663 1929 2719 diserte
1955 2663 2114 2718 audi-

540 2756 731 2819 visset,
754 2754 974 2809 omnino
1002 2768 1061 2808 se
1105 2752 1314 2823 judicio
1336 2764 1393 2808 et
1425 2754 1763 2809 damnationi
1809 2753 2113 2823 subjectum

540 2848 609 2902 iri
637 2858 691 2903 et
718 2862 907 2916 pmnas
941 2846 1214 2913 daturum,
1254 2861 1348 2902 eas
1370 2846 1790 2912 disseminante,
1822 2855 1884 2902 ut
1925 2846 2115 2901 videli-

542 2949 631 2994 cet
660 2937 854 2992 multos
915 2936 1305 3007 suppliciorum
1355 2936 1545 2992 socios
1600 2945 1764 3004 atque
1820 2938 2115 3006 participes

543 3022 777 3087 habeat,
814 3036 935 3076 cum
999 3031 1125 3076 ante
1186 3022 1359 3090 ipsius
1412 3036 1627 3091 quoque
1672 3022 1959 3075 adventum
2007 3036 2112 3075 non

539 3128 728 3182 paucae
790 3113 1097 3168 exstiterint
1142 3112 1417 3167 haereses?
1446 3112 1580 3165 Nam
1635 3112 1833 3181 partim
1870 3113 2114 3167 homines

2214 1951 2660 2022 καταϐεϐλήκασι
2682 1993 2698 2015 ,
2738 1954 2852 2016 τοῖς
2900 1951 3236 2006 καθεστῶσιν
3264 1952 3522 2022 ἐμμένειν
3550 1951 3619 2024 μὴ
3644 1970 3753 2007 κατ-

2213 2042 2547 2108 αξιώσαντες
2582 2043 2715 2116 (71).

2658 2247 2781 2302 ΝΖ’.
2818 2278 2891 2288 -
2920 2248 3343 2320 ΛΔΑΜΑΝΤΙῼ.

2785 2343 2890 2405 Εὶς
2921 2340 2989 2394 τὸ
3019 2342 3188 2396 αὑτό.

2284 2478 2350 2530 Τί
2377 2475 2697 2547 θαυμάζεις,
2732 2479 2782 2530 εἱ
2810 2477 2949 2547 μετὰ
2980 2477 3080 2549 τὴν
3101 2477 3197 2531 τοῦ
3233 2479 3488 2551 Σωτῆρος
3514 2479 3751 2551 ἔνσαρκον

2214 2569 2519 2638 παρουσίαν
2550 2567 2741 2621 πολλαὶ
2774 2568 3015 2639 αἱρέσεις
3038 2570 3355 2640 ἐτέχθησαν,
3385 2571 3483 2623 τοῦ
3511 2572 3753 2637 διαόόλου,

2215 2658 2313 2712 ἆτε
2337 2658 2402 2729 δὴ
2434 2657 2622 2727 σαφῶς
2649 2658 2744 2712 καὶ
2773 2658 3072 2730 διαρρήδην
3107 2660 3465 2725 ἀκούσαντος.
3492 2663 3571 2716 ὅτι
3597 2664 3753 2717 πάντα

2214 2751 2396 2820 κρίσει
2416 2749 2966 2820 καθυποσληθήσεται
3009 2752 3146 2823 (72),
3169 2754 3265 2805 καὶ
3290 2754 3451 2823 δίκην
3477 2753 3647 2817 δώσει,
3676 2754 3755 2805 τοῦ

2213 2842 2417 2905 ταύτας
2465 2843 2934 2912 κατασπείραντος
2976 2844 3088 2914 (75)
3108 2886 3123 2911 ,
3166 2845 3233 2898 ἶν’
3264 2843 3363 2916 ἔχῃ
3400 2845 3623 2909 πολλοὺς
3650 2847 3756 2908 τοὺς

2218 2934 2834 3004 συγκολασθησομένους
2854 2976 2869 3000 ,
2900 2936 3063 2988 ὁπότε
3095 2936 3192 2991 καὶ
3220 2938 3330 3007 πρὸ
3355 2937 3459 3007 τῆς
3487 2939 3758 3009 παρουσίας

2215 3023 2381 3077 αὐτοῦ
2408 3025 2507 3078 οὐκ
2534 3024 2710 3092 ὀλίγαι
2734 3021 2873 3095 ἦσαν
2898 3026 3140 3097 αἱρέσεις
3165 3044 3179 3090 ;
3210 3026 3333 3079 Τῶν
3354 3028 3463 3097 γὰρ
3486 3025 3757 3095 ἀνθρώπων

2214 3117 2264 3169 οἱ
2289 3117 2388 3186 μὲν
2422 3115 2557 3186 μηδὲ
2589 3112 2728 3169 εἶναι
2758 3116 2820 3168 τὸ
2850 3116 3004 3169 Θεῖον
3026 3116 3138 3185 (74)
3170 3117 3447 3187 ἐνόμιζον·
3481 3117 3531 3169 οἱ
3559 3118 3611 3169 δέ
3637 3111 3757 3169 εἶναι

542 3221 614 3260 ne
638 3204 857 3275 quidem
907 3219 1030 3258 esse
1065 3201 1235 3259 Deum
1276 3211 1575 3273 putarunt:
1607 3205 1805 3272 partim
1835 3218 1956 3257 esse
1993 3203 2113 3272 qui-

2228 3210 2339 3280 μὲν,
2378 3209 2452 3280 μὴ
2496 3213 2745 3280 προνοεῖν
2771 3210 2829 3262 δέ
2855 3226 2869 3240 ·
2904 3212 2998 3263 καὶ
3032 3212 3081 3263 οἱ
3117 3211 3217 3281 μὲν
3248 3214 3495 3282 προνοεῖν
3524 3213 3635 3281 μὲν,
3667 3211 3758 3263 τῶν

543 3299 665 3352 dem
695 3296 912 3365 aliquod
936 3296 1178 3352 divinum
1237 3309 1460 3357 numen,
1492 3295 1586 3349 sed
1631 3295 1969 3364 providentia
2028 3308 2115 3347 re-

543 3405 666 3444 rum
703 3389 1061 3449 humanarum
1088 3403 1193 3441 non
1220 3401 1340 3440 esse
1393 3386 1672 3454 praeditum
1699 3400 1715 3439 :
1740 3385 1934 3453 partim
1964 3399 2112 3449 vero,

545 3480 989 3549 procurationem
1038 3478 1092 3532 id
1149 3478 1367 3553 quidem
1418 3476 1639 3541 habere,
1672 3480 1765 3530 sed
1817 3476 2115 3530 cmlestium

544 3572 809 3625 duntaxat
834 3587 1055 3635 rerum;
1097 3570 1186 3624 alii
1220 3580 1402 3623 autem
1444 3584 1550 3628 non
1599 3567 1770 3622 solum
1804 3567 2117 3621 caelestibus

543 3664 730 3725 rebus,
755 3663 849 3717 sed
903 3663 1069 3716 etiam
1124 3661 1354 3716 terrenis
1410 3661 1715 3728 providere,
1767 3674 1872 3713 non
1938 3668 2116 3712 tamen

544 3756 818 3819 omnibus,
851 3769 1039 3809 verum
1067 3755 1329 3807 duntaxat
1377 3750 1765 3807 excellentibus
1794 3771 1807 3804 :
1843 3760 1900 3804 nt
1929 3765 2116 3817 regum

550 3861 617 3900 ac
644 3844 973 3914 principum.
1006 3844 1075 3897 Et
1127 3842 1215 3894 alii
1261 3841 1480 3909 quidem
1511 3841 1694 3894 omnia
1731 3840 2022 3897 temerario
2054 3853 2119 3893 ac

547 3949 692 3990 caeco
724 3949 852 3991 casu
879 3934 1007 3988 ferri
1054 3933 1347 3998 dixerunt;
1380 3930 1467 3992 alii
1510 3938 1699 3984 contra
1726 3929 1906 3983 omnia
1965 3928 2117 3981 fatali

547 4028 779 4097 quadam
815 4026 1143 4081 necessitate
1176 4024 1321 4088 ﬁeri;
1356 4022 1447 4076 alii
1484 4022 1716 4091 denique
1744 4031 1804 4075 ut
1841 4019 1951 4075 fors
1976 4022 2114 4086 tulit,

545 4120 727 4180 omnia
751 4117 835 4187 agi
869 4125 1241 4171 asseruerunt.
1266 4113 1333 4167 Et
1354 4112 1445 4167 alii
1472 4112 1688 4182 quidem
1722 4111 1859 4165 idola
1890 4112 2118 4166 adorare

550 4213 635 4267 fas
667 4211 926 4282 piumque
983 4220 1107 4262 esse
1136 4205 1551 4268 existimarunt;
1579 4202 1669 4257 alii
1703 4216 1829 4256 vero
1883 4211 2117 4256 matrum

549 4299 820 4360 connubia
871 4298 1207 4369 probarunt;
1276 4296 1366 4349 alii
1414 4294 1678 4356 humanas
1733 4293 1970 4363 hostias;
2026 4292 2119 4347 alii

549 4392 863 4451 animalium
890 4391 1101 4457 caedes;
1134 4389 1224 4443 alii
1263 4389 1425 4445 boum
1472 4388 1882 4450 mactationem,
1907 4386 1996 4440 alii
2023 4401 2116 4440 ca-

549 4486 851 4550 melorum;
905 4482 998 4536 alii
1051 4491 1290 4536 mutuam
1340 4480 1619 4535 hominum
1692 4478 2116 4546 devorationem,

2216 3301 2261 3353 δ’
2304 3301 2571 3371 οὐρανίων
2606 3301 2797 3371 μόνον’
2842 3302 2891 3353 οἱ
2937 3302 2982 3354 δ’
3020 3303 3081 3355 οὐ
3135 3303 3312 3371 μόνων
3343 3302 3455 3356 τῶν
3497 3304 3754 3373 οὐρανίων,

2218 3392 2356 3445 ἀλλὰ
2383 3393 2477 3445 καὶ
2529 3392 2637 3446 τῶν
2674 3394 2933 3460 ἐπιγείων
2954 3434 2967 3457 ,
3008 3394 3071 3445 οὺ
3115 3396 3334 3447 πάντων
3378 3394 3456 3458 δὲ,
3502 3394 3629 3446 ἀλλὰ
3666 3392 3757 3444 τῶν

2219 3483 2443 3553 ἐξόχων,
2474 3476 2584 3535 οἷον
2616 3482 2878 3552 βασιλέων
2911 3501 2969 3536 τε
2999 3484 3095 3536 καὶ
3138 3483 3439 3555 ἀρχόντων.
3470 3486 3647 3539 Καὶοὶ
3672 3485 3755 3553 μὲν

2219 3571 2643 3641 αὐτοματισμὸν,
2681 3575 2728 3624 οἱ
2751 3572 2793 3624 δ’
2824 3572 3184 3643 εἱμαρμένην,
3214 3575 3266 3625 οἱ
3292 3574 3337 3626 δ’
3373 3573 3499 3643 εἱκῆ
3530 3573 3757 3643 φέρεσθαι

2219 3660 2287 3715 τὰ
2317 3662 2491 3714 πάντα
2525 3663 2891 3731 ἀπεφήναντο.
2933 3664 3116 3716 Κοιιοὶ
3147 3665 3248 3730 μὲν
3273 3664 3343 3717 τά
3377 3664 3570 3717 εἴδωλα
3610 3680 3755 3734 προσ-

2221 3755 2404 3806 κυνεῖν
2428 3753 2649 3817 εὐσεϐὲς
2675 3753 2923 3822 ἐνόμιζον
2946 3771 2959 3785 ·
2996 3755 3046 3807 οἱ
3071 3753 3127 3806 δὲ
3152 3755 3214 3806 τὸ
3251 3758 3620 3825 μητρογαμεῖν
3636 3770 3650 3784 ·
3681 3754 3757 3806 καὶ

2220 3846 2268 3898 οἱ
2311 3844 2409 3913 μὲν
2444 3844 2506 3895 τὸ
2546 3842 2986 3914 ἅνθρωποθυτεῖν
3014 3885 3027 3909 ,
3077 3845 3127 3896 οἱ
3171 3844 3231 3895 δὲ
3277 3845 3338 3897 τὸ
3372 3844 3684 3909 ζωοθυτείν·
3718 3843 3759 3893 σί

2223 3934 2322 4003 μὲν
2353 3934 2415 3986 τὸ
2442 3934 2740 4001 βουθυτεῖν,
2776 3934 2825 3985 οἱ
2863 3932 2921 3985 δὲ
2964 3934 3410 4004 καμηλοσφαγείν
3432 3953 3445 3966 ·
3489 3938 3580 3989 καὶ
3603 3937 3647 3987 οἱ
3677 3935 3759 4005 μὲν

2219 4025 2281 4078 τὸ
2316 4025 2736 4095 ἀλληλοφαγεῖν,
2766 4026 2817 4078 οἱ
2849 4024 2906 4078 δὲ
2935 4025 2997 4078 τὺ
3046 4030 3352 4095 ποηφαγεῖν
3378 4026 3517 4097 (75).
3568 4025 3693 4079 Ἀλλ’
3719 4026 3758 4075 εί

2221 4116 2401 4171 πάντα
2435 4118 2515 4180 εἱς
2547 4117 2712 4187 μέσον
2741 4117 3031 4186 ἀγάγοιμι,
3070 4116 3201 4181 ἴσως
3242 4118 3309 4172 ἂν
3341 4118 3757 4188 ἁπιστηθήσομαι

2225 4206 2344 4276 μὲν,
2376 4207 2480 4258 οὐκ
2507 4205 2907 4277 ἐλεγχθήσομαι
2934 4206 3011 4260 δέ.
3045 4207 3107 4259 Εί
3146 4206 3323 4260 τοίνυν
3356 4208 3447 4260 ἀεὶ
3471 4206 3602 4278 πρὸς
3622 4204 3759 4258 ἑαυτὸ

2222 4296 2511 4361 ἐστασίαζε
2554 4296 2617 4349 τὸ
2660 4297 2816 4365 γένος
2859 4296 2971 4367 (76)
2995 4337 3010 4361 ,
3042 4298 3136 4350 καὶ
3179 4298 3239 4351 οὐ
3279 4297 3351 4350 τὰ
3382 4297 3523 4351 αὐτὰ
3570 4292 3761 4360 ἐδόξαζε

2223 4384 2407 4456 (κατὰ
2438 4388 2664 4458 καιροὺς
2700 4387 2809 4459 γὰρ
2849 4387 3127 4460 ἄνθρωποι
3174 4388 3557 4459 νεωτεροποιοὶ
3599 4386 3700 4458 (77)
3732 4382 3761 4449 ἦ

2224 4479 2320 4532 καὶ
2354 4476 2734 4542 στασιάζοντες
2758 4519 2773 4543 ,
2809 4478 2877 4532 τὰ
2928 4478 3245 4533 καθεστῶτα
3276 4479 3377 4550 μὲν
3407 4479 3631 4540 ἐκίνουν,
3661 4477 3761 4528 ἐνο-

548 4577 641 4632 alii
701 4592 769 4630 ex
810 4575 995 4631 herbis
1035 4573 1260 4627 victum.
1288 4570 1394 4626 Sed
1446 4571 1493 4624 si
1544 4569 1725 4624 omnia
1778 4569 1831 4623 in
1881 4568 2113 4624 medium

2228 4568 2484 4640 μοθέτουν
2508 4570 2566 4624 δὲ
2593 4569 2661 4627 τὰ
2689 4570 2990 4640 δοκοῦντα)
3015 4587 3029 4602 ·
3064 4572 3117 4623 τί
3144 4569 3467 4641 θαυμάζεις,
3498 4572 3546 4623 εἱ
3578 4568 3665 4623 καὶ
3682 4565 3761 4619 νῦν

549 4667 795 4737 proferre
826 4665 1008 4729 velim,
1042 4662 1292 4718 fortassis
1353 4661 1512 4717 ﬁdem
1555 4676 1669 4725 non
1711 4662 1989 4724 invenero,
2020 4676 2113 4715 nec

2228 4665 2359 4733 περὶ
2407 4663 2642 4733 πρᾶγμα
2676 4661 2819 4715 θεῖον
2859 4661 2954 4717 καὶ
3000 4661 3160 4729 λόγου
3206 4663 3459 4731 κρεῖττον
3510 4658 3766 4727 διαφωνεῖκι

551 4766 731 4810 tamen
784 4753 979 4808 falsum
1015 4753 1217 4809 dixisse
1248 4752 1402 4821 argui
1440 4766 1655 4819 queam.
1687 4749 1866 4817 Quare
1894 4753 1939 4807 si
1969 4768 2113 4807 sem-

2221 4751 2644 4823 προσποιοῦνται
2678 4753 2781 4827 ὑπὸ
2810 4753 3101 4824 φιλαρχίας
3133 4753 3628 4824 ἐκϐακχευόμενοις

1595 4927 1828 4983 γΑιιικΕ
1870 4927 2250 4985 LECTIONES
2289 4929 2377 4985 ET
2412 4929 2647 4997 NOTAS,

625 5094 737 5167 (70)
762 5094 885 5167 -Ἑν
929 5090 1051 5167 τοῖς
1080 5090 1386 5167 ὑπηκόοις
1418 5090 1503 5157 μὴ
1534 5088 1902 5153 ἀξιώσαντες
1938 5083 2113 5143 εἶναι.

556 5159 872 5233 Exemplum
905 5163 1105 5232 praebet
1135 5159 1513 5233 A_rius._Rtr_r.
1655 5228 1676 5233 η
1692 5229 1711 5233 Δ
1918 5208 1927 5212 -

628 5227 743 5307 (71)
770 5227 1292 5307 Τοξνιαᾷεσζῶοςιν
1315 5228 1830 5307 ἐμμένῃνκςᾯπερ
1853 5227 2115 5307 γενναίων

555 5296 693 5361 εἶναι
716 5296 943 5374 ἆνδρῶεδ,
966 5303 1066 5374 οὐκ
1083 5296 1178 5354 οἷδ’
1201 5296 1588 5374 ὅστιςὲγραψε..
1610 5298 1741 5351 Huic
1759 5296 2112 5374 contrarium,

554 5377 617 5430 τὸ
645 5376 713 5428 τὰ
739 5367 1063 5427 καθεστῶτα
1096 5374 1290 5434 κινεῖν,
1330 5367 1466 5422 infra
1500 5368 1654 5435 epist.
1693 5368 1959 5436 proxima.
1994 5367 2071 5436 In.

628 5447 739 5515 ('72)
768 5446 897 5497 ’Ὀτι
926 5443 1121 5495 πάντα
1146 5441 1336 5509 κρίσει
1359 5434 1989 5515 καθνπρϐιίῄθήᾳεταιλ
2012 5434 2119 5490 Ἴο-

555 5509 767 5571 rissima
791 5515 1082 5571 sententia,
1099 5516 1190 5565 sed
1214 5528 1242 5563 a
1272 5523 1450 5564 tuente
1467 5510 1648 5562 lsiduri
1671 5509 1772 5561 hoc
1794 5510 1911 5560 loco
1925 5509 2118 5572 aliena,

557 5575 675 5710 (iam
710 5586 937 5710 pos]tulat
984 5594 1040 5636 ut
1069 5582 1308 5651 legamus
1338 5580 1573 5643 πάντως.
1612 5577 1769 5631 Βιττ.
1818 5576 1971 5649 [Cod.
1999 5576 2118 5630 Vat.

637 5673 793 5710 ντως.

637 5673 793 5715 ντως.

630 5673 793 5709 ιντω*⁹

630 5653 878 5792 (75)’Ἱὶ)ῦ
899 5724 1112 5790 ταύτας
1136 5723 1642 5792 κατασπείρανζος
1668 5717 2119 5792 νιιὶθριιιιοιιιιιίιιο

561 5787 909 5875 Ῑεξιῖοἰέυαυιιι
941 5793 1054 5860 τοῦ,
1086 5787 1140 5847 ut
1172 5794 1516 5863 superﬂuum.
1550 5789 1712 5843 Rtr'r.
1745 5787 1912 5860 [Cod.
1947 5789 2112 5842 Vatic.

2221 5087 2314 5142 τοῦ
2346 5104 2451 5143 non
2476 5088 2782 5159 agnoscitj

2293 5159 2408 5229 (74)
2435 5154 2679 5227 Οίξιιηδὲ
2716 5154 2870 5213 εἶναι
2891 5160 2957 5213 τὸ
2998 5157 3190 5213 Θεῖον.
3220 5158 3295 5212 De
3324 5160 3489 5213 variis
3516 5173 3585 5229 ac~
3604 5154 3760 5229 multi-

2223 5226 2450 5297 pliCibus
2484 5226 2756 5283 huminuui
2802 5231 3082 5283 erroribus
3133 5231 3183 5281 in
3224 5232 3387 5283 rebus
3429 5227 3617 5282 divinis
3657 5226 3759 5278 vide

2224 5298 2455 5353 Similem
2489 5299 2662 5353 locum
2693 5299 2833 5351 infra
2866 5316 2951 5367 ep.
2984 5300 3051 5353 99
3081 5308 3136 5350 et
3170 5298 3292 5351 165.
3328 5298 3491 5352 Ιὶιττ.

2226 5436 2269 5490 Ε
2295 5369 2407 5439 (75)
2443 5367 2566 5422 [hec
2590 5407 2604 5433 ,
2651 5370 2699 5421 οἱ
2739 5368 2797 5420 δὲ
2838 5365 3093 5441 τὸποηφ.
3142 5368 3433 5424 omittebat
3462 5369 3544 5423 ed.
3601 5365 3756 5419 Paris.

2271 5454 2383 5490 m'r.

2271 5454 2383 5491 Dl'l‘.

2299 5509 2410 5577 (76)
2450 5506 2788 5567 Ἐστασίαζε
2810 5506 2875 5559 τὸ
2903 5508 3092 5575 γένος.
3118 5506 3347 5561 Videtur
3376 5509 3556 5564 deesse
3575 5503 3755 5573 ἀνθρώ-

2230 5595 2406 5636 πινον,
2440 5580 2521 5631 vel
2555 5580 2822 5648 ἡμέτερον
2855 5579 2936 5631 vel
2956 5578 3063 5629 τῶν
3092 5577 3411 5646 ἀνθρώπων.

2300 5648 2409 5718 (7'7)
2438 5642 2780 5702 Cod."Vatic.
2825 5648 3007 5718 addit,
3043 5649 3137 5700 καὶ
3166 5642 3491 5710 στασιαστὰς
3518 5642 3759 5711 ἐπιπλέε-

2227 5717 2411 5782 ζοντες
2437 5717 2504 5771 τὰ
2531 5717 2923 5787 καθεστηκότα.
2949 5718 3154 5774 Possm.
