3886 6420
138 417 248 481 l109
992 422 1527 488 EPISTOLARUM
1566 430 1713 491 LIB.
1755 432 1851 492 IV.
1889 457 1959 466 -
1996 434 2233 495 EPIST.
2268 436 2478 499 LVIII.
3240 440 3397 506 11109

136 532 374 600 perinter
399 529 647 585 homines
678 530 897 587 luerunt
951 540 1328 593 contentiones
1388 551 1554 610 atque
1583 544 1832 613 dissidia,
1868 561 1965 601 nec
2018 548 2208 602 eadem
2266 551 2519 604 omnibus
2598 549 2701 602 luit
2771 552 3035 605 sententia
3074 551 3234 621 (nam
3275 570 3371 617 pro

136 634 413 723 temporum
443 624 707 723 varietate
729 626 974 683 homines
1003 644 1263 685 novarum
1330 650 1507 689 rerum
1536 648 1588 691 et
1652 655 1913 696 novorum
1983 658 2194 697 morum
2242 646 2446 713 cupidi,
2519 654 2613 699 aut
2637 645 2800 698 etiam
2833 647 3100 711 seditiosi,
3134 662 3371 717 praesen-

136 713 190 809 tia
211 713 429 779 quidem
477 715 877 809 convellerunt,
909 735 1076 776 novas
1129 732 1309 779 autem
1336 741 1435 795 pro
1464 744 1561 784 suo
1586 732 1802 799 ingenio
1830 734 1977 803 leges
2046 738 2344 807 tulerunt),
2372 739 2499 806 quid
2570 738 2810 804 miraris,
2865 740 2908 792 si
2943 755 3087 794 nunc
3134 713 3371 809 Iquoque

134 819 254 910 circa
305 807 583 910 negotium
646 810 959 910 treligiouis
1018 814 1375 891 Christianae)
1436 824 1677 881 divinum
1715 838 1771 884 et
1814 831 2025 885 ratione
2060 805 2307 887 humana
2356 833 2604 902 superius
2664 833 3044 888 contentiones
3091 805 3368 899 allectum,

133 907 176 950 et
195 899 453 953 dissident
494 903 691 958 animis
729 906 978 963 homines
1009 911 1076 964 ab
1109 914 1403 973 ambitione
1431 927 1685 990 tanquam
1724 921 1909 979 furore
1934 924 2190 982 bacehico
2225 899 2452 997 agnati"!

456 1017 589 1069 NH'.
621 1047 693 1059 —
714 1022 977 1096 ΙΩΑΝΝῌ
1010 1026 1328 1102 ΔΙΑΚΟΝῼ.

136 1124 261 1217 Τῆςᾳ
272 1126 483 1217 Ἰούδαν
510 1132 896 1217 Ἰξπιρςτολῆς.
914 1138 987 1217 ~TI
1009 1140 1212 1217 ἐστιν*
1253 1145 1530 1214 Ἀστέρες
1546 1152 1692 1201 πλα-

186 1197 515 1336 οίξ
546 1205 580 1257 ό
623 1203 801 1274 ζόφος
824 1197 943 1261 ’τοῦ
966 1212 1230 1280 σκότους

186 1398 240 1450 Et
273 1399 377 1468 μὲν
403 1402 565 1469 αὐτὸς
599 1406 756 1477 μόνος
788 1410 1129 1476 ἐπέστειλας,
1164 1414 1444 1485 εἰσόμενος
1469 1455 1486 1481 ,
1524 1417 1592 1471 δι’
1624 1418 1691 1490 ἢν

131 1491 290 1549 αἰτίαν
320 1495 539 1566 εῐρηται
566 1514 579 1527 ’
616 1518 634 1550 ι
655 1502 891 1574 Δστέρες
929 1504 1220 1575 πλανῆται,
1252 1502 1334 1571 οἷς
1356 1510 1384 1560 ό
1407 1508 1568 1578 ζόφος
1594 1510 1691 1563 τοῦ

131 1581 339 1647 σκότους
362 1588 442 1648 είς
470 1588 644 1644 αἰῶνα
686 1595 983 1666 τετήρηται
1007 1614 1021 1627 ·
1064 1615 1083 1647 ι
1110 1598 1237 1660 ῐσως
1286 1601 1353 1653 ἄν
1384 1617 1465 1654 σοι
1520 1618 1692 1655 κατα-

131 1673 271 1738 γνοὺς
292 1674 556 1744 ἀμαθίαν,
588 1682 681 1734 καὶ
704 1685 983 1754 συντόμως
1013 1687 1325 1753 ἐπιστείλας
1356 1693 1468 1754 τοῖς
1492 1692 1694 1762 ἀνδρα-ι

132 1776 202 1812 σιν
229 1763 292 1815 οὐ
319 1767 436 1828 τοῖς
462 1768 744 1839 ἀστράσιν,
778 1773 1121 1846 ἀπηλλάγην.
1162 1778 1380 1851 Ἐπειδὴ
1398 1780 1455 1833 δὲ
1484 1781 1690 1843 πολλοὶ.

130 1853 208 1908 καὶ
246 1855 357 1908 τῶν
387 1857 690 1915 δοκούντων
742 1859 883 1919 εἶναι
930 1869 1187 1933 συνετῶν,
1224 1870 1368 1924 τοῦτ’
1415 1870 1691 1943 ἐζήτησαν

132 1944 327 2015 μαθεῖν,
372 1951 466 2003 καὶ
508 1952 681 2007 πολλὰ
729 1958 1049 2026 κινήσαντες
1080 2000 1095 2023 ,
1142 1960 1374 2033 ὕστερον
1427 1964 1692 2033 μαθόντες

130 2036 448 2129 ἐξεθείασαν,
481 2045 906 2117 καταγνώσομαι
945 2050 1045 2119 μὲν
1077 2068 1172 2107 σου
1200 2054 1475 2125 οὐδαμῶς,
1516 2058 1691 2129 ἑρμη-

130 2128 300 2184 νεῦσαι
332 2131 389 2184 δὲ
413 2134 547 2188 αὐτὸ
575 2138 905 2208 σαφέστερον
926 2143 1279 2213 πειράσομαι.
1310 2148 1459 2218 Φημὶ
1489 2148 1688 2213 τοίνυν,

127 2220 198 2310 δτι
222 2224 350 2292 περὶ
374 2225 679 2296 ἀνθρώπων
704 2232 1032 2305 συγγνώμης
1055 2237 1357 2291 πταιόντων
1386 2240 1691 2310 ὑψηλότερα

127 2304 186 2378 ἦν
218 2312 294 2381 τῷ
340 2314 711 2371 ἐπιστείλαντι
752 2321 781 2373 ό
833 2304 1013 2390 λόγος,
1070 2325 1131 2377 οὐ
1172 2327 1298 2397 περὶ
1345 2304 1559 2399 ἄστρων
1596 2304 1693 2383 καὶ

126 2403 376 2471 νεφελῶν,
428 2411 690 2480 κυμάτων
729 2428 790 2464 τε
846 2414 939 2465 καὶ
981 2414 1250 2487 δένδρων
1280 2412 1363 2483 οἷς
1411 2419 1475 2490 δὴ
1511 2438 1693 2490 παρα-

127 2492 369 2564 δείγμασι
391 2498 659 2570 κέχρηται
683 2518 698 2532 ο
726 2503 862 2574 ὅπερ
890 2504 1104 2575 ἔχουσιν
1132 2509 1315 2562 ἐκεῖνα
1338 2511 1477 2564 κατά
1510 2512 1691 2581 φύσιν,

126 2584 271 2640 τοῦτο
299 2591 633 2646 πεπονθέναι
662 2597 787 2660 τοὺς
830 2598 1155 2670 ἀνθρώπους
1187 2604 1329 2657 κατὰ
1366 2608 1694 2678 προαίρεσιν

129 2678 463 2769 αἰτιώμενος.
508 2684 719 2757 Ὥσπερ
760 2687 870 2761 γὰρ
898 2692 956 2742 αί
985 2694 1207 2762 νεφέλαι
1236 2696 1295 2748 αἱ
1339 2696 1557 2769 ἄνυδροι
1587 2737 1602 2762 ,
1639 2700 1694 2750 αἱ

129 2768 223 2861 uno
247 2770 471 2841 ἀνέμων
502 2773 898 2847 ἐλαυνόμεναι,
927 2783 1021 2836 καὶ¹
1054 2785 1122 2838 τὰ
1146 2786 1373 2857 ἄκαρπα
1412 2768 1627 2861 δένδρα,
1659 2789 1696 2843 ἃ

128 2858 313 2925 δισσῶς
352 2862 458 2935 ἔφη
499 2866 874 2939 ἀποθανόντα,
908 2875 971 2927 οὐ
1014 2878 1499 2950 τιμωρηθήσονται
1522 2858 1549 2911 ’ἡ
1580 2881 1694 2935 ἀλλ’

128 2952 237 3005 οὐδὲ
267 2953 382 3023 (78)
409 2955 479 3009 τὰ
511 2957 733 3027 κύματα
763 2962 862 3027 τὰς
893 2964 1105 3020 ἑαυτῶν
1138 2968 1544 3039 ἀπαφρίζουσιν
1573 2974 1694 3024 αίσ-

129 3043 286 3112 χύνας
306 3086 321 3108 ,
370 3047 546 3117 ἄλογα
577 3050 710 3105 ὄντα
744 3056 840 3109 καὶ
872 3056 1179 3128 αἰσθήσεως
1228 3060 1435 3133 ἄμοιρα
1460 3079 1473 3092 ·
1521 3062 1694 3127 οὕτως

130 3134 213 3237 καὶ
258 3137 307 3188 οί
361 3137 918 3237 λεγόμενοιάστέρες
953 3148 1226 3220 πλανῆται
1278 3154 1338 3205 οὐ
1394 3153 1485 3206 τὸν
1533 3154 1696 3225 ζόφον

130 3230 222 3295 γὶη
233 3230 571 3300 ρονομοῦσιν,
594 3233 708 3287 ἀλλ’
728 3237 776 3289 οἱ
798 3238 1099 3309 ἅνθρωποι,
1124 3244 1174 3294 οἱ
1203 3244 1347 3296 κατά
1377 3245 1698 3316 προαίρεσιν

130 3318 526 3388 ἁμαρτάνοντες
548 3340 562 3355 ·
606 3328 737 3397 περὶ
771 3320 849 3382 ὧν
887 3332 982 3383 καὶ
1014 3331 1085 3385 τὰ
1119 3333 1495 3405 ὑποδείγματα
1521 3336 1697 3389 ταῦτα

130 3408 326 3484 ἐλήφθη
351 3456 368 3480 ,
398 3415 474 3479 ὡς
507 3413 648 3473 εἶναι
681 3421 922 3476 τοιοῦτον
950 3425 1010 3478 τὸ
1042 3424 1331 3497 λεγόμενον
1359 3444 1373 3458 ο
1410 3431 1460 3481 οἱ
1488 3428 1697 3500 ἀνθρωρ

132 3520 218 3556 ποι
246 3502 385 3560 οὗτοι
407 3548 425 3572 ,
466 3510 597 3581 περὶ
635 3505 712 3565 ὧν
737 3515 765 3566 ό
808 3514 965 3583 λόγος
990 3557 1005 3582 ,
1043 3515 1232 3589 ὥσπερ
1263 3520 1532 3590 πλανῆταί
1561 3523 1698 3581 εἰσιν

128 3596 370 3668 ἀστέρες,
393 3601 495 3671 τῆς
517 3603 732 3669 εὐθείας
758 3606 1173 3679 ἐκτρεπόμενοι,
1200 3613 1294 3666 καὶ
1322 3612 1422 3682 τὴν
1446 3614 1697 3666 ἐναντίαν

1714 1024 1767 1080 Δ

2142 1039 2657 1097 LVlll.—JOANNI
2696 1038 3013 1095 DIACONO.

1795 1151 1880 1206 Ea:
1910 1152 2149 1217 Epistola
2173 1152 2353 1205 ludat.
2379 1152 2519 1217 Quid
2547 1153 2616 1205 sit
2658 1151 2815 1215 illud,
2859 1169 2877 1201 t
2901 1149 3091 1205 Sidera
3112 1151 3369 1213 errantia,

1862 1225 2060 1323 quibat:i
2104 1224 2273 1293 caligo
2319 1229 2650 1276 tenebrarum
2701 1233 2910 1275 servata
2978 1229 3055 1273 est
3108 1221 3166 1272 in
3218 1231 3397 1273 αἰεί-ο.

1866 1308 1993 1346 nam
2069 1333 2083 1346 .
2128 1312 2146 1343 ι

1853 1420 2141 1492 Siquidem
2170 1430 2224 1475 tu
2279 1421 2428 1476 solus
2460 1421 2525 1474 ad
2560 1435 2646 1476 me
2684 1420 3023 1487 scripsisses,
3052 1419 3367 1474 sciscitatus

1792 1525 2037 1574 causam,
2064 1525 2233 1579 quare
2254 1510 2455 1563 dictum
2489 1511 2604 1563 sit:
2642 1527 2661 1560 ι
2705 1506 2896 1561 Sidera
2943 1507 3203 1572 errantia,
3242 1506 3369 1575 qui-

1793 1601 1895 1656 bus
1923 1600 2157 1669 procella
2178 1600 2525 1655 tenebrarum
2563 1606 2779 1654 servata
2808 1606 2892 1651 est
2923 1598 2976 1651 in
3007 1606 3269 1651 aeternum
3294 1611 3308 1660 ;
3345 1614 3365 1645 ν

1794 1691 2043 1747 fortassis
2097 1693 2171 1746 ita
2226 1706 2311 1745 me
2338 1690 2761 1760 expedivissem,
2794 1700 2853 1744 ut
2879 1688 3110 1743 inscitiae
3162 1686 3373 1741 rudita-

1796 1783 1973 1851 tisque
2006 1792 2057 1837 te
2087 1782 2424 1848 damnarent,
2448 1789 2503 1835 et
2529 1781 2769 1835 breviter
2807 1780 2903 1835 tibi
2939 1779 3365 1849 respondissem,

1792 1874 1955 1947 M2
2026 1875 2353 1939 hominibus,
2396 1889 2502 1928 non
2564 1873 2833 1929 sideribus
2892 1874 2997 1927 ista
3053 1874 3367 1927 convenire.

1793 1966 1993 2022 Verum
2024 1968 2147 2037 quia
2176 1967 2425 2031 multi,et
2453 1967 2529 2021 illi
2558 1966 2775 2034 quidem
2806 1980 2872 2019 ex
2902 1980 3088 2019 comm
3116 1980 3379 2030 numero,

1793 2059 1885 2128 qui
1922 2073 2019 2127 pro
2050 2058 2389 2127 sapientibus
2434 2054 2994 2117 babentur,discendi
3020 2054 3197 2108 studio
3228 2053 3368 2113 idem

1792 2160 1858 2200 ex
1900 2162 1986 2200 me
2017 2146 2411 2216 quasiverunt,
2434 2156 2491 2198 et
2518 2142 2801 2214 postquam
2836 2143 3003 2197 multa
3030 2152 3365 2214 sategerant,

1793 2236 2011 2292 tandem
2070 2252 2202 2292 vero
2258 2252 2420 2293 sensu
2455 2247 2708 2306 percepto
2755 2236 3001 2290 divinum
3025 2251 3147 2289 eum
3180 2236 3377 2305 praedia

1794 2338 2023 2396 caruut;
2053 2329 2305 2397 equidem
2346 2328 2490 2382 nullo
2528 2330 2689 2383 tnodo
2740 2337 2791 2381 te
2846 2327 3242 2389 condemnabo,
3277 2328 3371 2381 sed

1796 2421 1973 2491 potius
2005 2423 2106 2475 hoc.
2142 2422 2347 2474 dictum
2396 2420 2611 2489 planius
2667 2420 2763 2473 tibi
2812 2418 3162 2486 interpretari
3210 2433 3373 2471 (Ona-

1795 2515 1913 2570 bor.
1942 2514 2043 2569 Aio
2070 2512 2273 2583 igitur:
2310 2513 2385 2566 De
2440 2512 2749 2566 hominibus
2798 2511 3133 2580 hujusmodi,
3164 2512 3256 2580 qui
3284 2525 3373 2563 vc-

1796 2607 1939 2660 niam
1982 2605 2303 2660 excedentia
2359 2604 2556 2658 delicta
2585 2605 2958 2668 committunt,
3004 2604 3258 2672 scriptori
3293 2603 3370 2655 illi

1797 2713 2103 2754 sermonem
2143 2697 2310 2752 fuisse
2363 2698 2704 2765 institutum;
2736 2713 2841 2754 non
2876 2696 2945 2750 de
2991 2695 3285 2757 sideribus,
3319 2702 3375 2746 et

1796 2792 2051 2857 nubibus,
2084 2800 2139 2844 et
2190 2790 2440 2845 ﬂuctibus
2500 2801 2664 2859 atque
2709 2789 3018 2852 arboribus,
3043 2785 3239 2855 quibus
3272 2798 3373 2852 pro

1796 2882 2059 2950 exemplis
2087 2895 2214 2935 usus
2241 2888 2348 2946 est,
2382 2880 2785 2950 reprehendens
2819 2888 2875 2934 et
2903 2893 3166 2934 accusans
3198 2877 3373 2931 ltomi-

1798 2989 1915 3037 nes,
1941 2975 2084 3043 quod
2140 2988 2201 3027 ea
2246 2988 2366 3040 qum
2415 2972 2518 3026 illis
2575 2987 2671 3041 per
2717 2983 2970 3025 naturam
3016 2970 3221 3033 insunt,
3270 2969 3374 3035 ipsi

1798 3065 1969 3119 libero
1995 3066 2161 3119 animi
2212 3066 2495 3135 proposito
2522 3064 2574 3118 in
2617 3077 2677 3118 se
2718 3063 3029 3117 admittant.
3065 3058 3201 3115 Nam
3233 3060 3381 3114 sicut»

1799 3158 1972 3211 nubes
2027 3170 2165 3226 aqua
2220 3156 2512 3221 destitutae,
2546 3169 2665 3224 qua:
2694 3168 2722 3207 a
2765 3151 2943 3207 ventis
2995 3150 3295 3221 agitantur,
3319 3158 3376 3203 et

1799 3250 2012 3303 steriles
2046 3248 2292 3311 arbores,
2316 3261 2453 3317 quas
2484 3246 2778 3316 dupliciter
2827 3244 2904 3297 ait
2938 3252 3200 3310 mortuas,
3231 3242 3379 3297 nullo.

1800 3339 2101 3394 afﬁcientur
2127 3339 2411 3407 supplicio,
2452 3339 2543 3394 sed
2576 3351 2750 3406 neque
2775 3334 2969 3390 ﬂuctus
3003 3350 3132 3390 suas
3164 3334 3362 3403 despu-

1802 3441 1950 3483 tnant
2007 3428 2372 3493 confusiones,
2401 3429 2596 3498 quippe
2654 3428 2745 3498 qui
2790 3427 3018 3482 rationis
3068 3441 3131 3479 ac
3181 3440 3377 3480 sensus

1800 3533 2051 3591 expertes
2074 3523 2183 3576 sint
2208 3540 2221 3576 :
2249 3522 2321 3575 ita
2354 3522 2520 3583 etiam
2540 3520 2715 3573 sidera
2748 3534 2867 3588 qua:
2898 3520 3151 3572 dicuntur
3182 3534 3375 3571 erran-

1804 3613 1876 3665 tia
1936 3626 2040 3665 non
2100 3610 2405 3679 percipiunt
2458 3607 2773 3677 caliginem,
2818 3607 2912 3659 sed
2980 3604 3249 3667 homines,
3283 3605 3376 3671 qui

128 3687 261 3757 αὐτῇ
289 3690 401 3759 (79)
437 3691 557 3744 ὁδὸν
587 3692 894 3762 βαδίζοντες
912 3716 926 3729 ·
954 3699 1034 3752 διὸ
1056 3701 1237 3764 αὐτοῖς
1270 3704 1299 3756 ὁ
1338 3704 1499 3771 ζόφος
1525 3704 1688 3773 τετή-

1805 3701 1976 3757 libera
2006 3702 2302 3757 voluntatis
2356 3699 2620 3754 electione
2671 3698 2756 3754 usi
2787 3709 3012 3768 peccant
3041 3715 3054 3750 :
3084 3698 3149 3750 de
3180 3695 3378 3764 quibus

131 3795 287 3848 ρηται
307 3822 322 3845 ,
352 3784 479 3853 οὐχὶ
516 3790 628 3850 τοῖς
659 3788 959 3857 ἁστράσιν,
990 3793 1124 3846 ἀλλά
1155 3798 1267 3859 τοῖς
1298 3796 1577 3867 ἀνδράσιν.
1620 3799 1694 3851 Ού

130 3870 238 3941 γὰρ
267 3875 391 3945 περὶ
420 3877 659 3946 ἄστρων,
688 3879 723 3950 ἢ
767 3882 1005 3949 νεφελῶν
1028 3926 1042 3949 ,
1078 3885 1111 3955 ἢ
1145 3889 1408 3955 κυμάτων
1428 3883 1497 3957 ἦν
1522 3888 1693 3957 αύτῷ,

128 3962 202 4025 ὡς
242 3964 406 4037 ἔφθην
435 3968 628 4033 εἰπὼν,
662 3974 690 4025 ὀ
727 3972 916 4041 λόγος,
965 3975 1100 4030 ἀλλὰ
1129 3980 1257 4047 περὶ
1285 3978 1588 4049 ἀνθρώπων
1618 3984 1698 4045 εἰς

132 4053 441 4123 θηριωδίαν,
472 4062 569 4113 καὶ
603 4063 910 4131 ἀσέλγειαν,
939 4066 1035 4118 καὶ
1063 4066 1379 4130 ἀλαζονείαν
1411 4072 1696 4123 ἐκπεπτω-

130 4146 318 4212 κότων,
352 4151 449 4203 καὶ
472 4151 562 4206 διὰ
589 4154 688 4223 τῆς
720 4158 1009 4221 συνουσίας
1034 4160 1128 4211 καὶ
1153 4161 1279 4222 τοὺς
1303 4160 1697 4231 πλησιάζοντας

130 4233 557 4309 λυμαινομένων.
595 4242 717 4296 Ὅτι
744 4244 800 4296 δὲ
823 4244 997 4298 ταῦτα
1025 4246 1196 4311 οὕτως
1225 4248 1338 4318 ἔχει
1364 4288 1377 4311 ,
1404 4267 1470 4318 γυ
1480 4251 1698 4319 μνάσω-

134 4343 257 4394 μεν,
293 4331 341 4382 εί
375 4330 545 4395 δοκεῖ,
577 4333 669 4387 τὸν
700 4334 877 4404 λόγον.
907 4338 971 4391 Οἱ
1000 4339 1097 4407 μὲν
1126 4336 1220 4393 οὖν
1242 4341 1371 4411 περ).
1396 4341 1568 4395 ταῦτα
1590 4341 1698 4394 δει-

130 4417 238 4479 νοὶ,
262 4418 377 4470 οὔτε
411 4422 625 4484 εἰκότα,
660 4423 784 4477 οὗτε
816 4426 1019 4480 πιθανά
1040 4432 1151 4493 τοῖς
1180 4430 1391 4494 πολλοῖς
1424 4432 1693 4500 λέγουσιν.

132 4506 213 4578 τῃ
247 4511 341 4580 γὰρ
372 4515 633 4587 ἐναργείᾳ
676 4517 770 4575 καὶ
809 4518 896 4573 διὰ
926 4520 1033 4573 τῶν
1063 4521 1239 4591 ὄψεων
1272 4526 1550 4596 μαρτυρίᾳ
1593 4526 1696 4597 μά-

130 4618 334 4675 χονται.
380 4608 617 4677 Λέγουσι
648 4611 693 4663 δ’
724 4608 819 4665 οὖν
849 4614 1020 4684 ὅμως,
1071 4616 1154 4669 ὃτι
1186 4619 1236 4670 οἱ
1285 4619 1554 4690 πλανῆται
1605 4620 1697 4674 τὸν

133 4694 245 4763 μὲν
271 4698 461 4753 οἰκεῖον
489 4701 697 4772 δρόμον
734 4704 969 4777 ἔχουσιν,
1003 4708 1112 4761 ἀπὸ
1140 4709 1362 4781 δυσμῶν
1393 4713 1473 4775 είς
1498 4714 1695 4766 ἀνατο-

128 4784 266 4848 λάς·
298 4791 388 4842 καὶ
416 4790 609 4845 τοῦτον
642 4795 957 4869 ἐπείγονται
977 4799 1163 4853 ἀνύειν
1182 4816 1197 4833 ·
1228 4802 1333 4854 ὑπὸ
1364 4801 1421 4855 δὲ
1458 4802 1560 4873 τῆς
1590 4802 1697 4857 τῶν

128 4876 382 4933 ἀπλανῶν
420 4883 671 4948 ἐναντίας
709 4888 805 4940 καὶ
850 4887 1110 4961 ὀξυτέρας
1154 4893 1426 4962 κινήσεως
1472 4892 1698 4947 ἐκνικώ-

132 4984 290 5035 μενοι
318 4971 392 5035 είς
421 4972 573 5027 δύσιν
611 4976 889 5046 φέρονται.
934 4981 1040 5033 Καὶ
1072 4980 1432 5050 ὑποδείγματι
1463 4982 1691 5052 τοιούτῳ

1801 3794 1967 3849 etiam
2030 3792 2277 3861 exempla
2334 3791 2425 3845 illa
2476 3798 2789 3855 sumuntur,
2816 3798 2874 3843 ut
2940 3788 3049 3842 tale
3095 3788 3377 3855 quidpiam

1800 3887 2016 3939 dicatur
2052 3903 2067 3940 :
2101 3884 2362 3940 Homines
2401 3882 2513 3947 isti,
2540 3882 2607 3936 de
2659 3881 2859 3951 quibus
2914 3894 3095 3935 sermo
3120 3888 3226 3941 est,
3249 3885 3378 3931 sunt

1800 3977 1953 4046 quasi
1986 3976 2228 4031 errantia
2261 3975 2505 4044 quaedam
2556 3974 2756 4036 sidera,
2783 3987 2814 4025 a
2859 3981 3003 4026 recta
3058 3972 3143 4025 via
3171 3971 3374 4033 aversi,

1799 4076 1856 4121 et
1882 4064 2210 4120 contrariam
2243 4063 2317 4118 illi
2375 4063 2516 4116 viam
2548 4061 2821 4132 ingressi;
2859 4060 3211 4129 quamobrem
3243 4060 3403 4129 ipsis,

1798 4155 2033 4227 procella
2090 4163 2358 4221 servatur,
2405 4169 2510 4208 non
2558 4154 2852 4217 sideribus,
2887 4154 2979 4206 sed
3040 4151 3371 4207 hominibus.

1801 4248 1917 4303 Non
1977 4247 2144 4314 enim,
2182 4256 2239 4301 ut
2289 4248 2473 4301 dicere
2522 4260 2816 4313 cmperam,
2847 4246 2913 4300 de
2961 4244 3231 4299 sideribus
3282 4253 3376 4298 aut

1801 4339 2045 4393 nubibus
2066 4337 2431 4397 autﬂuctibus
2468 4338 2634 4391 verba
2670 4335 2926 4401 faciebat,
2958 4335 3052 4388 sed
3090 4334 3159 4387 de
3198 4334 3375 4387 homi-

1802 4431 1959 4486 nibus
1981 4430 2033 4484 in
2062 4432 2352 4498 quamdam
2386 4427 2654 4483 feritatem
2688 4436 2744 4483 et
2773 4426 3037 4480 luxuriam
3062 4434 3117 4479 et
3160 4424 3376 4493 jactauq

1803 4524 1931 4577 tiam
1964 4522 2251 4593 prolapsis,
2275 4521 2599 4590 quiquesua
2620 4519 3011 4573 consuetudine
3031 4517 3197 4570 etiam
3233 4515 3371 4569 alios
3392 4564 3407 4574 ,

1800 4630 1982 4669 secum
2044 4626 2329 4668 versantes
2376 4621 2752 4680 corrumpunt.
2801 4607 2928 4665 Hatc
2975 4619 3155 4663 autem
3188 4609 3262 4662 ita
3306 4623 3399 4660 se-

1800 4705 2004 4763 habere
2030 4716 2089 4759 ut
2106 4706 2562 4765 demonstremus,
2591 4716 2709 4771 age,
2736 4700 2781 4755 si
2801 4699 3036 4764 videtur,
3068 4713 3384 4752 sermonem

1800 4810 2173 4853 exerceamus.
2225 4794 2328 4861 Qui
2391 4792 2555 4862 igitur
2616 4792 2807 4846 barum
2851 4805 3033 4845 rerum
3086 4790 3372 4844 scientiam

1799 4890 2145 4959 proﬁtentur,
2171 4886 2206 4940 ii
2242 4900 2415 4954 neque
2463 4882 2779 4939 verisimilia
2837 4895 3013 4949 neque
3069 4880 3372 4949 probabilia

1800 4980 1960 5050 vulgo
1999 4976 2289 5039 afﬁrmant.
2336 4974 2583 5045 Pugnant
2630 4972 2775 5028 enim
2830 4986 2955 5028 cum
3000 4971 3294 5034 evidentia,
3320 4982 3376 5024 et

131 5058 387 5129 χρῶνται.
418 5062 635 5141 Ὠσπερ
675 5067 871 5139 τροχοῦ
899 5068 1068 5135 ὀξέως
1094 5072 1403 5142 φερομένου
1424 5114 1438 5135 ,
1472 5072 1694 5143 μύρμηξ

1803 5069 1951 5124 visus
1981 5066 2292 5127 teStimonio
2329 5067 2709 5121 adversantur.
2735 5061 3126 5117 Verumtamen
3176 5061 3369 5115 aiunt:

131 5150 244 5220 τὴν
274 5152 509 5208 ἐναντίαν
538 5158 691 5229 αὐτῷ
716 5159 930 5231 κίνησιν
966 5164 1305 5234 πορευομένη
1336 5164 1487 5218 οὐδὲν
1513 5164 1698 5218 τοσοῦ-

205 5327 254 5357 ἰ
284 5328 393 5384 Jud.
437 5332 524 5388 15.

1805 5160 2055 5216 Planetas
2115 5160 2396 5229 pmprium
2449 5158 2669 5228 quidem
2732 5170 2952 5212 cursum
3008 5153 3274 5217 obtinere,
3304 5153 3372 5207 ab

1170 5472 1402 5529 VARUE
1438 5471 1816 5529 LECTIONES
1856 5470 1941 5525 ET
1982 5469 2212 5525 ΝΟΤΑΞ.

220 5620 326 5703 (78)
355 5622 493 5703 idem
525 5626 671 5690 cod.,
703 5626 816 5679 ἀλλ’
847 5628 929 5680 οὐ.
972 5626 1122 5683 Vers.
1164 5640 1282 5696 post
1327 5629 1362 5683 ‘5
1402 5640 1524 5685 ante
1552 5630 1690 5683 κατά

132 5697 341 5745 omittit
365 5698 430 5747 οἱ.
462 5697 671 5749 Possm.

182 5830 197 5845 .
218 5760 324 5843 (79)
355 5765 450 5845 [ιι-ο
489 5767 624 5845 αύτῇ
662 5766 824 5845 idem_
852 5768 997 5845 cod,
1026 5768 1217 5839 ἀρετῇ.
1241 5768 1413 5845 _\]crs.
1446 5784 1561 5845 seq.
1594 5785 1692 5845 pro

135 5836 273 5903 οὐκὶ
299 5838 402 5900 τοῖς
444 5837 631 5892 scribit
669 5836 770 5906 οὐχ
797 5836 871 5900 ὼς
908 5836 1075 5909 ἀστρζ
1103 5836 1206 5895 etc.
1241 5837 1397 5895 Vers.
1444 5840 1465 5894 ι
1512 5836 1591 5895 lit.
1627 5841 1688 5895 E.

1798 5644 1896 5699 pro
1934 5627 2119 5695 ὥσπερ
2152 5625 2363 5699 scribit
2385 5624 2487 5687 ὅτι,
2537 5634 2590 5699 et
2630 5639 2752 5677 mox
2796 5638 2894 5691 pro
2930 5622 3239 5699 φερομένου
3276 5627 3372 5699 ita-

1802 5692 1890 5752 iiet
1934 5692 2281 5765 κινουμένου.
2320 5692 2476 5765 Vers.
2510 5695 2593 5765 A2.
2651 5709 2747 5761 pro
2800 5692 3143 5765 πορευομένη
3176 5695 3387 5765 ΔΙιιιινςιιν

1802 5711 1890 5752 bet
1934 5711 2281 5765 κινουμενου.
2329 5711 2476 5748 vers.
2539 5711 2593 5749 2.
2651 5711 2747 5761 pro
2800 5711 3106 5762 πορευομεν
3210 5711 3383 5748 "anet

1800 5769 2184 5836 πορευόμενος..
2229 5766 2379 5819 Vcrs.
2424 5762 2476 5836 6_
2504 5762 2733 5836 ἐλεγχος.
2762 5770 2938 5836 tmttat
2983 5763 3047 5836 _in
3085 5711 3383 5836 ἑλέγχεινν

1802 5830 2017 5893 Eodem"
2039 5852 2179 5892 vers.
2212 5847 2333 5915 post
2362 5834 2492 5888 ποτὲ
2524 5830 2804 5915 μὲν’ξιι1(1ἱι
2830 5831 3051 5906 αὐτούς.
3085 5830 3309 5897 Possis,
