3886 6420
498 345 637 409 1111

1666 351 1726 409 S.
1769 346 2063 410 ISIDORI
2102 351 2543 413 PELUSIOTIE

3621 350 3740 415 1119.

495 479 694 517 occasu
715 477 905 515 versus
922 470 1098 513 ortum
1128 478 1141 513 :
1168 474 1399 529 eumque
1417 469 1474 513 ut
1492 460 1776 528 perficiant
1794 471 2073 530 satagere:
2105 512 2107 521 ,

2213 478 2271 513 ον
2302 461 2456 514 ἀνύει
2488 463 2813 529 (ὲκνικᾶται
2857 462 2965 532 γάρ
3012 462 3116 514 ὑπὸ
3144 463 3242 533 τῆς
3269 461 3365 515 τοῦ
3398 462 3587 533 τροχοῦ
3612 464 3739 517 ὼκυ-
3798 522 3801 525 ἰ

497 566 752 608 cauerunt
792 563 934 605 motu
964 552 1320 606 inerrantium
1339 552 1580 606 siderum
1605 552 1885 606 contrario
1918 562 2079 621 atque

2211 553 2351 622 ’άτης
2396 554 2737 623 κινήσεως),
2785 554 2929 608 οὕτω
2973 554 3069 608 καὶ
3113 555 3165 607 oi
3198 554 3470 623 πλανῆται
3499 557 3627 625 πρὸς
3650 558 3735 627 τὴν

496 645 905 699 vehementiore
938 643 1112 696 victos
1137 643 1188 695 in
1236 657 1497 697 occasum
1544 642 1695 697 ferri.
1723 643 1968 712 Eamque
2003 645 2070 698 ad

498 752 615 793 rem
647 737 1050 805 comparatione
1101 736 1194 791 tali
1243 746 1491 792 utuntur.
1517 735 1994 802 Quemadmodum
2029 736 2076 790 si

500 840 621 883 reta
656 830 965 883 vehementi
999 829 1208 884 feratur
1272 831 1499 899 impetu,
1530 828 1757 884 formica
1807 829 2085 883 contrario

502 921 602 991 ipsi
640 931 786 975 metu
812 921 1116 991 ingrediens
1141 922 1274 977 nihil
1303 931 1585 991 tantopere
1616 932 1899 990 promovet
1922 921 2081 994 (nam

503 1018 639 1063 rotae
666 1009 955 1064 celerrimo
1011 1010 1466 1079 rapidissimoque
1492 1020 1647 1064 motu
1705 1010 2034 1079 superatur)
2065 1027 2082 1063 :

502 1099 581 1155 ita
624 1109 681 1153 et
719 1100 960 1154 errantia
1011 1099 1193 1154 sidera
1222 1115 1281 1154 se
1311 1100 1541 1163 habent,
1571 1100 1615 1155 si
1653 1114 1774 1154 cum
1831 1100 2084 1153 inerran-

505 1193 641 1248 tium
662 1201 807 1245 motu
836 1202 1245 1263 comparentur.
1270 1193 1388 1259 Qua
1451 1192 1506 1246 in
1557 1191 1829 1247 sententia
1861 1191 1915 1244 id
1964 1191 2089 1261 qui-

505 1283 650 1349 dem,
670 1285 813 1352 quod
850 1284 1110 1352 ipsosmet
1138 1283 1364 1348 refutat,
1399 1299 1594 1354 nempe
1621 1284 1766 1354 quod
1795 1284 2088 1352 aliquando

504 1390 607 1439 pro
646 1374 963 1429 numinibus
990 1389 1052 1428 ea
1088 1375 1376 1441 extollunt,
1413 1374 1708 1444 aliquando
1742 1387 1923 1428 autem
1952 1389 2075 1426 cun.

505 1466 754 1521 formicis
801 1476 1143 1534 comparant,
1198 1467 1367 1537 digito
1407 1466 1981 1521 duntaxat-notatum
2034 1465 2088 1518 in

2180 643 2290 697 τῶν
2318 645 2576 698 ἀπλανῶν
2602 645 2903 699 διάκεινται
2936 645 3170 715 κίνησιν.
3192 645 3266 697 Τὸ
3294 646 3394 715 μὲν
3422 640 3513 698 οῦν
3537 648 3736 716 ἐλέγχον

2184 738 2403 803 αὐτοὺς,
2436 739 2519 792 ὅτι
2550 739 2651 808 μὲν
2682 741 2758 803 ὡς
2782 740 2939 804 Θεοὺς
2964 740 3333 804 ἐπιθειάζουσι.
3368 741 3498 792 ποτὲ
3532 740 3586 791 δὲ
3618 741 3742 809 p59-

2189 830 2322 900 μηξι
2370 832 2817 902 παραϐάλλουσι,
2871 833 3031 901 μόνον
3086 830 3579 902 ὲπισημαινόμενοε
3629 830 3736 893 (80)

2187 919 2207 988 (
2239 922 2319 983 είς
2345 920 2473 975 ἄλλο
2503 922 2609 993 γὰρ
2643 923 2973 993 ἐπείγομαι)
3007 923 3125 975 νυνὶ
3168 924 3407 992 παρήσω
3445 938 3458 950 °
3493 922 3579 975 ἐπὶ
3616 922 3667 974 δὲ
3692 924 3745 975 τὸ

2190 1011 2522 1083 ζητούμενον
2576 1012 2714 1083 ἥξω.
2762 1015 2949 1067 Ταῦτα
3000 1015 3101 1085 μὲν
3151 1009 3243 1068 οῦν
3288 1015 3505 1066 ἐκεῖνοι.
3552 1013 3680 1080 Ἐγὼ
3706 1014 3745 1067 δ’

2188 1098 2365 1174 οἶμαι,
2399 1104 2487 1158 διὰ
2526 1105 2588 1158 τὸ
2617 1106 2929 1176 χρήσασθαι
2973 1106 3067 1158 καὶ
3105 1105 3207 1174 τὴν
3237 1104 3464 1174 Γραφὴν
3496 1103 3657 1173 τούτῳ
3679 1104 3746 1173 τῷ

2188 1195 2450 1265 ὀνόματι,
2484 1196 2517 1266 ἢ
2554 1196 3034 1267 κυριολεκτοῦσαν,
3077 1196 3111 1267 ἢ
3148 1195 3599 1265 καταχρωμένην,
3629 1196 3658 1263 ἢ
3686 1200 3741 1265 τῇ

2189 1286 2299 1338 τῶν
2352 1286 2563 1339 πολλῶν
2602 1286 2863 1358 συνηθείᾳ
2920 1287 3215 1357 ἑπομένην,
3271 1290 3392 1349 ὅτι,
3448 1286 3627 1357 ἐπειδὴ
3669 1288 3746 1339 τὸν

2190 1375 2343 1446 ἥλιον
2370 1376 2463 1429 καὶ
2487 1376 2585 1443 τὴν
2619 1375 2869 1447 σελήνην,
2896 1377 2992 1429 καὶ
3022 1377 3151 1439 τοὺς
3187 1377 3384 1438 ἄλλους
3412 1376 3573 1428 πέντε
3606 1377 3745 1427 ἀστέ-

2196 1483 2313 1534 ρας.
2366 1466 2428 1519 οὺ
2474 1466 2690 1529 πολλοῖς
2747 1467 3059 1537 γνωρίμους
3108 1467 3223 1535 (81)
3250 1506 3266 1531 ,
3301 1466 3559 1535 φαίνοντα
3590 1484 3643 1519 τε
3668 1466 3748 1520 καὶ

509 1556 919 1627 prmsentiarum
956 1556 1057 1626 (ad
1098 1556 1205 1609 alia
1232 1556 1377 1609 enim
1426 1554 1657 1624 festino)
1691 1556 1940 1609 omittam
1967 1572 1982 1621 ;
2012 1565 2094 1607 at-

2211 1556 2483 1624 ραέθοντα,
2530 1557 2815 1610 στίλϐοντα
2839 1557 2951 1625 (82)
2982 1574 3042 1609 τε
3083 1558 3179 1610 καὶ
3215 1558 3501 1629 πυρρόηνζ,
3538 1557 3627 1610 καὶ
3656 1558 3749 1627 μὴν

509 1662 619 1715 que
656 1646 722 1699 ad
761 1646 812 1699 id
875 1646 944 1701 de
994 1661 1102 1714 quo
1149 1648 1433 1715 quaeritur,
1464 1656 1727 1701 revertar.
1759 1645 1924 1718 M3
1972 1647 2095 1700 llaec

508 1738 673 1807 igitur
700 1738 823 1807 ipsi.
851 1739 920 1791 At
942 1753 1041 1809 ego
1065 1738 1143 1791 sic
1164 1738 1415 1793 existimo
1448 1756 1462 1792 :
1498 1738 1625 1807 quia
1655 1739 1817 1791 etiam
1851 1737 2094 1806 Scriptu-

511 1841 597 1889 ra,
623 1827 739 1880 sive
769 1808 995 1895 proprie
1024 1827 1269 1895 loqueus,
1299 1826 1413 1881 sive
1442 1827 1758 1896 improprie,
1800 1827 1915 1881 sive
1949 1827 2091 1897 vulgi
2127 1808 2171 1867 Β

513 1917 965 1972 consuetudinem
1040 1932 1298 1987 sequens,
1373 1919 1455 1972 his
1531 1918 1839 1972 nominibus
1904 1916 2094 1982 utitur,

515 2007 954 2077 quandoquidem
985 2008 1154 2063 solem
1209 2020 1264 2063 et
1313 2010 1517 2074 lunam,
1539 2019 1594 2063 et
1621 2009 1825 2078 reliqua
1859 2009 2100 2077 quinque

514 2099 719 2160 sidera,
756 2115 861 2154 non
928 2099 1112 2154 multis
1169 2102 1404 2169 cognita,
1435 2100 1728 2155 Saturnum
1771 2110 1833 2155 et
1887 2099 2096 2162 Jovem,

516 2193 853 2247 Mercurium
888 2201 943 2247 et
972 2192 1220 2258 Martem,
1253 2195 1380 2261 quin
1418 2193 1581 2248 etiam
1604 2191 1874 2247 Venerem
1907 2192 1961 2245 in
1991 2191 2100 2261 pla-

515 2294 769 2339 netarum
807 2299 1092 2337 numer-um
1134 2284 1380 2338 referunt
1425 2285 1672 2339 homines
1707 2292 1759 2338 te
1797 2282 2098 2346 stultiores,

519 2377 878 2444 quorumdam
931 2383 1136 2441 autem,
1172 2377 1261 2445 qui
1312 2377 1363 2429 in
1415 2385 1560 2431 terra
1596 2384 1849 2445 potentes
1884 2374 2103 2429 fuerunt

518 2476 574 2520 et
611 2466 776 2520 vitam
825 2476 1059 2535 egerunt
1115 2474 1348 2537 turpem,
1398 2476 1453 2521 et
1505 2481 1625 2521 eam
1680 2465 1914 2529 glorioso
1951 2464 2101 2519 exitu

520 2560 800 2622 ﬁnierunt,
837 2558 1056 2613 nomina
1098 2558 1205 2613 illis
1263 2559 1681 2629 imposuerunt:
1708 2557 1786 2613 sol
1828 2566 2010 2611 autem
2043 2555 2101 2611 in

518 2649 860 2706 latitudinem
909 2664 1089 2704 annuo
1164 2650 1340 2720 spatio
1413 2648 1867 2720 septentrionales
1939 2658 2103 2716 atque

521 2742 797 2796 australes
819 2741 1004 2795 mundi
1024 2750 1209 2811 partes
1238 2741 1389 2805 obit;
1427 2750 1482 2795 at
1510 2742 1633 2795 luna
1680 2738 1923 2810 (Graecis
1955 2740 2101 2815 μήνη

523 2833 705 2903 dicta)
742 2841 874 2903 quot
900 2835 1228 2890 mensibus:
1270 2838 1410 2889 unde
1456 2844 1585 2903 puto
1638 2833 1802 2889 etiam
1859 2846 2102 2889 mensem

525 2926 729 2979 dictum
756 2940 900 2989 esse,
927 2940 1031 2979 non
1073 2937 1254 2979 autem
1286 2926 1407 2980 ideo
1434 2926 1577 2993 quod
1603 2925 1729 2979 luna
1759 2926 1833 2980 sit
1880 2941 2101 2996 μηνοει-

525 3016 647 3086 δής,
672 3025 729 3069 ut
750 3017 968 3085 quidam
997 3019 1284 3087 perhibent
1321 3034 1335 3071 ι
1367 3018 1459 3072 sed
1510 3031 1563 3071 et
1605 3019 1749 3087 quod
1782 3030 2105 3086 unoquoque

2194 1649 2287 1702 καὶ
2324 1647 2615 1717 φωσφόρον
2659 1649 2740 1711 είς
2779 1650 2905 1711 τοὺς
2939 1648 3219 1720 πλανήτας
3266 1650 3552 1702 τάττουσιν
3589 1651 3634 1702 oi
3668 1667 3749 1702 σου

2196 1738 2575 1808 ἀνοητότεροι,
2624 1737 2789 1791 τινῶν
2820 1738 2878 1791 δὲ
2906 1739 2998 1791 ἐπὶ
3035 1739 3137 1808 γῆς
3167 1738 3637 1792 δυναστευσάντων
3665 1742 3747 1791 καὶ

2197 1829 2441 1899 αἰσχρῶς
2475 1828 2841 1899 βεϐιωκότων,
2864 1831 2958 1882 καὶ
2987 1830 3226 1892 εὐκλεῶς
3261 1830 3375 1899 (85)
3403 1830 3495 1883 τὸν
3527 1830 3633 1898 βίον
3660 1848 3746 1883 κα-

2198 1920 2619 1991 ταστρεψάντων
2640 1920 2741 1984 τὰς
2765 1921 3141 1992 προσηγορίας
3170 1920 3454 1973 ἐπέθεσαν.
3472 1920 3530 1972 '0
3550 1920 3593 1972 δ’
3620 1920 3749 1990 ἥλιος

2199 2014 2279 2075 είς
2310 2013 2372 2065 τὸ
2418 2011 2621 2076 πλάτος
2662 2013 2785 2066 κατ’
2818 2012 3068 2064 ἐνιαυτὸν
3109 2011 3395 2081 περιπολεῖ
3440 2009 3510 2063 τά
3551 2008 3749 2077 ἀρκτῷι

2199 2102 2395 2157 καὶτὰ
2435 2103 2585 2157 νότια
2631 2102 2772 2172 μέρη
2794 2118 2810 2133 ·
2839 2103 2873 2172 ἡ
2914 2102 2970 2155 δὲ
3004 2102 3200 2172 σελήνη
3238 2100 3383 2155 κατά
3418 2101 3559 2171 μῆνα
3580 2141 3595 2164 ,
3635 2100 3739 2152 ὅθεν

2199 2192 2354 2262 οἶμαι
2390 2195 2483 2248 καὶ
2518 2181 2612 2247 τόν
2660 2194 2839 2264 μῆνα,
2891 2194 2954 2246 οὐ
2998 2194 3085 2246 διὰ
3110 2193 3173 2245 τὸ
3217 2193 3474 2263 μηνοειδῆ
3523 2192 3745 2261 γίνεσθαι

2200 2285 2299 2354 τὴν
2333 2284 2584 2354 σελήνην,
2618 2283 2693 2346 ὥς
2737 2282 2871 2351 φασί
2916 2300 3094 2346 τινες·
3122 2282 3262 2336 ἀλλά
3298 2282 3393 2335 καὶ
3430 2282 3519 2335 διὰ
3542 2282 3599 2335 τὸ
3618 2282 3742 2336 κατά

2204 2375 2350 2444 μῆνα
2380 2375 2558 2428 πάντα
2588 2374 2786 2445 ἑαυτῆς
2818 2373 3061 2446 πληροῦν
3094 2374 3185 2426 τὸν
3213 2374 3436 2427 κανόνα.
3471 2374 3624 2444 Μήνη
3651 2375 3745 2444 γὰρ

2201 2470 2236 2538 ή
2278 2466 2475 2537 σελήνη
2514 2467 2780 2520 καλεῖται.
2823 2467 2886 2519 Oi.
2932 2466 2990 2519 δὲ
3028 2465 3180 2519 ἄλλοι
3236 2465 3441 2529 πάντες
3492 2466 3745 2532 ἀναλόγως

2202 2560 2314 2619 τοῖς
2362 2555 2571 2609 ἑαυτῶν
2611 2554 2835 2619 κύκλοις
2866 2572 2927 2607 τε
2976 2555 3073 2607 καὶ
3116 2555 3340 2627 δρόμοις
3382 2555 3485 2625 τὴν
3529 2555 3752 2626 περίοδον

2202 2647 2409 2717 ταύτην
2437 2647 2762 2701 ἀποτελοῦσι
2786 2664 2799 2679 ·
2837 2646 2929 2701 διὰ
2952 2646 3110 2701 τοῦτο
3136 2647 3416 2718 πλανήτας
3453 2646 3643 2710 αὐτοὺς
3675 2663 3751 2699 κε-

2202 2738 2458 2809 κλῆσθαι.
2500 2736 2648 2810 Πλὴν
2677 2739 2788 2792 εῐτε
2829 2738 2993 2792 τοῦτο
3016 2778 3032 2804 ,
3078 2739 3178 2792 εἴτ’
3206 2740 3386 2791 έκεῖνο
3412 2737 3606 2807 ἀληθὲς
3646 2736 3747 2806 εἴη,

2203 2831 2298 2888 τοῦ
2316 2830 2662 2904 Δημιουργοῦ
2679 2830 3047 2904 ἁνακηρύττει
3069 2829 3520 2904 τὴνέπιστήμην,
3542 2827 3633 2883 τοῦ
3657 2828 3750 2899 (8i)

2168 3000 2171 3005 ν
2206 2926 2303 2978 καὶ
2327 2926 2607 2993 τάξαντος,
2632 2925 2729 2979 καὶ
2751 2924 3232 2995 νομοθετήσαντος,
3253 2922 3329 2986 ὡς
3364 2923 3461 2976 καὶ
3488 2922 3641 2985 αὐτὸς
3669 2921 3752 2992 μέν

2209 3035 2408 3088 φησιν·
2455 3034 2481 3069 ‹
2536 3016 2680 3085 Ἐγὼ
2724 3019 2839 3079 τοῖς
2874 3017 3099 3085 ἄστροις
3131 3014 3510 3085 ἐνετειλάμην.
3560 3014 3749 3088 ιχ).δέ

525 3120 714 3158 mense
736 3120 887 3159 suam
912 3107 1149 3175 regulam
1176 3106 1416 3176 impleat.
1446 3107 1463 3176 (
1487 3106 1632 3159 Luua
1654 3107 1797 3160 enim
1827 3120 1947 3174 quae
1968 3105 2103 3158 alias

2211 3071 2461 3180 ἀίελῳδὸς
2479 3147 2494 3172 ,
2522 3071 2737 3171 δεικνὺς
2766 3071 2844 3170 ὡς
2880 3109 2940 3161 ὲν
2965 3071 3036 3178 γῇ
3078 3071 3179 3178 μὲν
3222 3071 3513 3177 παρεῦάδη
3544 3071 3750 3159 τὸῗέῖον

529 3194 753 3266 σελήνη,
811 3196 917 3250 alio
981 3198 1199 3251 nomine
1248 3197 1393 3269 μήνη
1432 3212 1459 3250 a
1497 3194 1702 3253 Graecis
1749 3195 2104 3265 appellatur).

528 3288 744 3360 Reliqui
808 3306 937 3345 vero
998 3290 1227 3358 planetae
1288 3304 1480 3344 omnes
1537 3289 1925 3344 convenienter
1994 3289 2107 3342 suis

532 3382 753 3437 circulis
813 3392 869 3437 et
913 3383 1162 3437 cursibus
1207 3382 1492 3437 circuitum
1551 3381 1713 3435 istum
1765 3380 2106 3437 conficiunt:

532 3476 694 3537 hanc,
732 3475 973 3543 inquam,
1005 3476 1075 3529 oh
1107 3489 1326 3528 causam
1378 3472 1641 3539 planetas,
1681 3474 1784 3527 hoc
1804 3483 1889 3528 est
1917 3488 2113 3526 erran-

533 3568 611 3622 tia
643 3566 845 3629 sidera,
880 3566 1176 3634 appellatos
1205 3581 1343 3620 esse.
1373 3565 1478 3621 Sed
1503 3565 1619 3620 sive
1646 3565 1789 3620 istud
1814 3566 1928 3619 sive
1980 3565 2112 3618 illud

534 3673 724 3712 verum
758 3660 850 3722 sit,
886 3657 1109 3727 Opiﬁcis
1143 3658 1401 3726 praedicat
1432 3658 1738 3721 scientiam,
1771 3657 1932 3726 quiet
1959 3658 2111 3711 ordi-

536 3749 683 3801 navit
745 3748 855 3811 illa,
888 3759 943 3802 et
993 3749 1140 3819 leges
1197 3750 1328 3820 ipsis
1351 3749 1512 3818 tulit;
1552 3760 1611 3804 ut
1669 3757 1781 3804 tum
1818 3749 1933 3818 ipse
1984 3750 2111 3803 ait:

545 3858 564 3891 ι
611 3839 723 3908 Ego
755 3838 926 3894 stellis
952 3841 1183 3911 prtecepi
1216 3842 1296 3906 “;
1335 3858 1354 3893 ι
1387 3850 1499 3895 tum
1536 3840 1874 3895 Psalmorum
1899 3853 2112 3906 auctor,

611 3999 659 4032 “
691 3997 794 4055 Job
824 4013 1014 4066 xxxvi,
1043 3998 1134 4061 22.

2218 3202 2549 3272 πρόσταγμα
2576 3241 2591 3262 ,
2619 3200 2728 3253 τῶν
2763 3199 3072 3270 ἀνθρώπων
3120 3199 3199 3261 εἰς
3228 3196 3574 3269 παρανομίαν
3612 3198 3753 3249 αὖτο-

2221 3293 2571 3364 μολησάντων
2596 3334 2610 3357 ,
2652 3294 2710 3344 ὲν
2742 3291 2960 3363 οὐρανῷ
3005 3291 3062 3343 δὲ
3094 3289 3407 3361 ἐφυλάχθη,
3457 3287 3558 3357 ἔφη
3579 3305 3593 3317 ·
3628 3307 3645 3337 ι
3677 3287 3754 3349 Εἰς

2216 3388 2308 3443 τὸν
2334 3386 2506 3439 αἰῶνα
2526 3424 2541 3448 ,
2574 3382 2748 3455 Κύριε
2773 3423 2788 3447 ,
2834 3386 2863 3437 ὁ
2890 3383 3049 3451 λόγος
3089 3398 3184 3434 σου
3208 3380 3459 3450 διαμένει
3494 3380 3551 3430 ὲν
3574 3378 3645 3448 τῷ
3676 3378 3753 3429 οὗ·

2222 3479 2389 3551 ρανῷ.
2433 3497 2449 3530 ι
2480 3479 2545 3531 Εἰ
2577 3477 2635 3530 δὲ
2666 3476 2757 3529 διὰ
2798 3476 2861 3528 τὸ
2925 3474 3216 3545 εἰρῆσθαι,
3250 3493 3270 3525 ι
3305 3475 3433 3535 Τοῖς
3460 3472 3663 3542 ἄστροις
3687 3470 3757 3522 ἑν-

2222 3570 2535 3641 ετειλάμην,
2565 3587 2583 3619 ι
2613 3568 2725 3632 ζῶα
2745 3566 2943 3635 λογικά
2964 3567 3105 3620 αὐτὰ
3128 3567 3225 3619 καὶ
3239 3564 3557 3631 αὐτεξούσια
3570 3560 3755 3632 ὁριοῦν-

2224 3662 2315 3715 ταί
2362 3678 2506 3723 τινες
2558 3655 2711 3727 (οἶδα
2758 3660 2869 3729 γάρ
2911 3675 3065 3720 τινας
3110 3657 3170 3709 οὐ
3211 3656 3373 3725 μόνον
3407 3655 3511 3707 τῶν
3549 3654 3651 3718 ἔξω
3677 3650 3756 3719 τῆς

2223 3755 2478 3815 πίστεως,
2515 3751 2649 3805 ἀλλὰ
2672 3751 2767 3803 καὶ
2795 3750 2905 3803 τῶν
2926 3748 3368 3802 πεπιστευκότων
3400 3746 3551 3799 τοῦτο
3574 3745 3752 3811 δογμα-

2220 3843 2477 3903 τίσαντας
2496 3843 2537 3909 ),
2567 3840 2829 3911 περιττὴν
2874 3840 2969 3893 καὶ
2996 3837 3253 3907 ἀνωφελῆ
3274 3836 3373 3907 τὴν
3407 3834 3627 3905 ζήτησιν
3650 3830 3756 3885 ταύ-

1596 4129 1834 4186 νΑιιιλΕ
1871 4128 2253 4187 LECTIONES
2293 4129 2381 4185 ET
2422 4128 2655 4185 NOTAE.

621 4289 733 4374 (89)
762 4288 867 4343 Pro
894 4288 1388 4374 ἐπισημαινόξνος
1414 4288 1555 4374 idem
1580 4290 1702 4374 cod).
1724 4288 1897 4374 liabet
1914 4290 2107 4368 ἐπιση-

2217 4288 2388 4374 δίτης,
2416 4290 2464 4374 οἱ
2488 4286 2544 4340 δὲ
2582 4287 2759 4374 ςιιρας
2799 4282 3336 4374 προσαγορεύουσιν·
3368 4277 3489 4363 εἶτα
3517 4282 3545 4333 ὁ
3575 4280 3762 4374 ’φίας

551 4356 882 4430 μηνάμενος.
915 4356 1077 4412 γενέ.
1109 4356 1241 4413 inde
1265 4359 1318 4425 5,
1351 4358 1493 4413 inter
1532 4359 1613 4411 ὃτι
1641 4372 1694 4413 et
1720 4358 1941 4410 ἐπειδὰν
1975 4356 2113 4413 inse-

551 4432 621 4483 rit
651 4428 800 4483 ἴσως.
830 4427 1047 4482 Possm.
1081 4467 1091 4475 ς

548 4443 621 4484 rit
651 4443 800 4491 ισως.
832 4443 1047 4482 I’OSSIN.
1081 4467 1091 4475 .

617 4499 728 4566 (81)
759 4499 865 4552 Pro
899 4499 982 4552 his
1008 4498 1209 4562 verbis,
1232 4498 1358 4559 τοὺς
1381 4496 1573 4559 ἄλλους
1601 4496 1762 4550 πέντε
1791 4496 2029 4564 ἀστέρας
2049 4499 2109 4550 οὐ

550 4568 763 4631 πολλοῖς
795 4568 1103 4637 γνωρίμους
1143 4577 1197 4621 et
1242 4582 1363 4636 qua
1396 4582 1512 4635 seq.
1562 4582 1731 4634 usque
1780 4568 1845 4637 ad
1880 4571 1959 4629 εἰς
1989 4568 2116 4631 τοὺς

549 4636 843 4699 exclusive,
872 4636 985 4692 hinc
1025 4638 1125 4691 alia
1154 4638 1318 4692 habet
1354 4654 1368 4691 :
1412 4637 1698 4705 φλέγοντα,
1730 4636 2009 4689 στίλϐοντα
2039 4655 2121 4700 τε,

552 4710 645 4761 καὶ
674 4708 963 4779 πυρόεντα.
994 4709 1082 4779 ναι
1107 4707 1213 4779 μὴν
1235 4708 1331 4760 καὶ
1366 4707 1684 4779 φωσφόρον,
1705 4705 1864 4758 πέντε
1892 4707 2126 4777 ἀστέρας

552 4779 615 4830 οὐ
660 4776 875 4840 πολλοῖς
906 4776 1219 4846 γνωρίμους
1247 4780 1327 4840 είς
1356 4777 1503 4840 τούς.
1533 4776 1687 4841 Quod
1723 4780 1881 4843 paulo
1922 4776 2042 4844 post
2072 4781 2123 4829 in

556 4849 705 4902 edito
741 4850 958 4915 ponitur
1008 4864 1089 4900 σοι
1137 4849 1346 4903 abesta
1374 4851 1495 4902 cod.
1532 4846 1654 4900 Val.
1700 4847 1824 4909 650,
1859 4850 1937 4901 uti
1973 4858 2028 4902 et
2065 4848 2124 4900 δὲ

552 4933 698 4971 vers.
729 4933 843 4985 seq.
874 4918 950 4970 lo.

628 4988 739 5056 (82)
765 4984 1111 5057 Στίλϐοντα.
1149 4986 1380 5057 llesych.
1414 4984 1885 5057 :O’Tt'716wVp6JO'3
1919 4984 2124 5056 Ἑρμοῦ

556 5058 754 5128 ἀστὴρ.
785 5056 1061 5128 Notandus
1096 5066 1179 5111 est
1212 5055 1297 5111 hic
1323 5056 1471 5128 locus
1494 5055 1895 5128 de‘nomiuibus
1920 5055 2126 5128 septem

558 5125 924 5196 planetarum,
955 5127 1006 5179 in
1038 5143 1143 5195 quo
1170 5126 1543 5196 proculdubio
1574 5125 1761 5178 habuit
1788 5134 1913 5178 ante
1938 5127 2124 5196 oculos

559 5202 660 5250 ista
701 5214 769 5251 ex
801 5198 938 5251 libro
971 5196 1042 5249 De
1071 5196 1299 5256 mundo,
1331 5211 1488 5263 quem
1524 5196 1681 5262 vulgo
1710 5195 1986 5249 AriStoteli
2031 5198 2128 5249 tri-

560 5269 756 5330 buunt,
794 5269 894 5320 etsi
931 5266 1266 5320 doctioribus
1292 5264 1593 5319 νοθεύεται.
1629 5263 1719 5316 Sic
1751 5265 1913 5332 igitur
1942 5265 2011 5318 ibi
2049 5266 2128 5318 le-

559 5340 754 5407 gimus.
779 5336 983 5406 Συνεχῆ
1005 5336 1061 5388 δὲ
1085 5335 1198 5405 ἔχει
1219 5336 1305 5388 disi.
1325 5334 1531 5407 ταύτην
1557 5333 1827 5407 τὴν-Θέσιν
1844 5349 1863 5407 ξ
1891 5336 1993 5407 κα).
2013 5335 2131 5407 φαί-

560 5403 742 5471 νοντος
764 5403 999 5477 ἆμακαὶ
1014 5403 1222 5477 Κρόνου
1250 5403 1582 5475 καλούμενος
1612 5403 2047 5477 κύκλος,ὲφξξῆς
2071 5405 2128 5457 δὲ

559 5477 588 5527 ὁ
610 5468 734 5529 τοῦ
763 5468 1091 5541 Φαέθοντος,
1132 5475 1253 5539 Διὸς
1319 5468 1609 5546 λεγόμενος
1630 5490 1643 5503 ⁸
1680 5468 1781 5526 εἷθ’
1813 5476 1852 5546 νὸ
1884 5468 2132 5546 Α’Πυρόεις

564 5548 707 5634 ςειφη
752 5557 903 5634 rem
944 5549 1112 5634 ξείνη
1137 5543 1687 5634 διεπέίξιείιέιῇιεειιυτ
1718 5543 2131 5634 Fuscine}

592 5616 903 5686 Ηρακλὼυς
937 5614 997 5668 τε
1021 5617 1121 5686 ,καὶ
1168 5617 1361 5685 "Apso;
1392 5614 1930 5686 προσαγορεύομενος
1953 5631 1967 5645 ο
2004 5614 2133 5686 ἑξῆς

564 5684 622 5743 δὲ
644 5683 673 5739 ό
714 5685 971 5755 Στίλϐων,
1004 5685 1062 5737 ὃν
1090 5683 1253 5755 ἱερὸν
1272 5683 1475 5755 Ἑρμοῦ
1506 5683 1761 5738 καλοῦσιν
1795 5683 1962 5755 ἔνιοι,
1988 5685 2132 5747 τινὲς

565 5754 625 5817 δὲ
662 5754 1012 5820 Ἀπόλλωνος’
1049 5753 1165 5833 μεθ’
1206 5756 1264 5808 ὃν
1296 5753 1444 5808 ὁτοῦ
1485 5755 1796 5829 Φωσφόρου,
1826 5753 1883 5807 ὃν
1935 5755 2128 5831 Ἀφρο-

2220 4351 2693 4420 καῖτελευταῖος,
2732 4358 2766 4408 ὁ
2799 4351 2898 4425 τῆς
2932 4351 3193 4424 Σελήνης,
3230 4354 3394 4424 μέχρι
3424 4353 3521 4421 τῆς
3556 4352 3647 4421 γῆς
3666 4351 3763 4425 ὀξί-

2221 4428 2393 4491 ζεται.
2454 4428 2662 4493 Quibus
2728 4420 2866 4480 hazc'
2891 4420 3187 4494 Apuleiana
3232 4420 3562 4492 respondent
3592 4420 3652 4475 τι
3687 4420 3765 4494 8e-

2222 4510 2367 4567 ptetn
2402 4496 2443 4549 V
2475 4491 2718 4559 deorum,
2757 4491 3065 4549 nominibus
3098 4491 3372 4567 illustres,
3408 4494 3616 4567 totidem
3646 4491 3764 4543 orbi-

2232 4570 2335 4620 bus
2369 4567 2538 4620 aliixm
2570 4576 2696 4619 sunt
2723 4576 2779 4618 et
2813 4567 3077 4629 gradatim
3126 4566 3345 4618 sibimet
3377 4565 3685 4630 superlata.
3717 4568 3765 4610 ut

2230 4640 2474 4704 superior
2504 4636 2759 4689 inferiore
2784 4638 2855 4689 sit
2886 4632 3078 4703 major,
3109 4651 3173 4688 ac
3202 4634 3444 4704 vicissim
3480 4633 3664 4704 mutuis
3687 4630 3765 4681 ad-

2230 4703 2559 4759 luesionibus
2584 4722 2754 4765 nunc,
2789 4706 3070 4772 complexu
3099 4706 3240 4757 illius
3268 4703 3439 4761 orbis.
3471 4705 3561 4770 qui
3588 4703 3763 4754 inerra-

2228 4776 2350 4830 bilis
2374 4777 2589 4839 dicitur,
2618 4776 2981 4828 continentur.
3009 4774 3104 4829 Hic
3127 4774 3414 4827 Pha‘nonis
3439 4773 3616 4840 globus
3633 4785 3766 4837 quem

2229 4846 2565 4913 appellamus
2606 4846 2923 4904 Saturnum.
2954 4856 3071 4909 post
3100 4858 3258 4912 quem
3290 4843 3584 4913 Phaethon
3600 4854 3765 4893 secun-

2230 4910 2328 4969 dus
2343 4925 2446 4979 est,
2464 4914 2840 4983 quem‘Jovem
2864 4916 3091 4968 dicimus
3117 4910 3129 4967 Ξ
3154 4913 3351 4966 eLloco
3382 4914 3541 4983 tertio
3562 4910 3763 4979 Pyroeis.

2228 5000 2387 5052 quem
2422 4982 2572 5038 multi
2602 4986 2866 5049 Herculis,
2906 4984 3087 5054 plures
3123 4982 3553 5054 Martisgstellam
3584 4985 3763 5051 vocant.

2230 5051 2382 5107 Hanc
2403 5057 2647 5122 sequitur
2676 5051 2919 5115 Stilbon,
2943 5054 3027 5107 cui
3064 5055 3280 5121 quidam
3304 5051 3591 5122 Apollinis,
3611 5058 3764 5122 cancri

2230 5114 2703 5178 Mercurii'nomen
2730 5114 3013 5178 dederunt.
3044 5114 3277 5189 Quintus
3304 5114 3764 5191 Pliosphorus,_.lu-

2231 5197 2414 5255 Itonia,
2461 5196 2569 5265 imo
2610 5193 2839 5248 Veneris
2886 5195 3039 5248 stella
3071 5188 3362 5265 censetur.
3423 5192 3613 5265 Deinde
3648 5188 3763 5265 Solis

2230 5274 2315 5317 est
2367 5264 2536 5327 orbis,
2596 5274 2647 5317 et
2710 5265 2895 5317 ultima
2958 5264 3196 5317 omnium
3258 5260 3444 5323 Luna,
3504 5259 3765 5314 altitudinis

2230 5335 2480 5387 aetheriam
2512 5333 2772 5402 principia
2799 5333 3203 5387 disterminans.
3244 5350 3263 5382 ι
3298 5330 3465 5385 Βιττ.

2303 5403 2416 5472 (85)
2463 5395 2717 5466 Εὖκλεῶς
2763 5405 2903 5456 idem
2944 5409 3062 5457 cod.
3096 5412 3269 5472 mutat
3296 5402 3349 5472 in
3384 5400 3601 5462 ἀκλεῶς.
3634 5395 3763 5472 Yers.

2233 5466 2353 5542 post
2383 5466 2434 5531 5.
2459 5486 2579 5543 post
2613 5477 2755 5543 μῆνα
2777 5475 2924 5527 addit
2953 5471 3275 5541 κεκλῆσθαι.
3312 5469 3464 5543 Yers.
3494 5473 3606 5543 inde
3687 5478 3766 5531 PFO

2233 5537 2775 5667 ἓάντείάναλόγως
2830 5544 3019 5597 scribit
3083 5537 3222 5595 idem
3279 5540 3439 5595 πέντε
3494 5537 3761 5603 ἀναλόγως·

2278 5629 2445 5667 osum

2278 5629 2445 5667 οεκιΝ.

2307 5682 2418 5755 (84)
2468 5682 2610 5738 Inter
2659 5683 2754 5737 τοῦ
2794 5692 2858 5755 Δ(ξι
2898 5684 2994 5738 καὶ
3045 5683 3186 5755 idem
3240 5681 3361 5755 cod.
3400 5679 3576 5755 inserit
3621 5675 3762 5728 οὕτω.

2236 5747 2547 5825 Vc'rstost
2573 5756 2627 5816 ‘2,
2664 5770 2759 5825 pro
2788 5752 3001 5818 δεικνὺς
3026 5751 3214 5809 scribit
3235 5750 3507 5811 δεικνύωνς
3536 5747 3610 5803 lo.
