3886 6420
148 396 258 462 1113

994 399 1531 461 EPISTOLARUM
1568 403 1716 463 LIB.
1741 404 1840 466 IV.
1874 429 1945 440 —
1983 405 2223 465 EPIST.
2266 404 2479 465 LVIII.

3234 398 3411 463 1114-

143 530 221 581 την
250 505 384 562 εἶναι
438 509 743 581 ἡγούμενος
776 510 795 578 (
828 530 847 561 ι
896 509 1207 579 Μειζὸτερα
1256 510 1368 580 (8S)
1402 513 1511 582 γάρ
1558 530 1652 565 σου
1681 556 1695 578 ,

1801 516 2115 579 ostendens,
2148 516 2200 568 in
2243 524 2387 568 terra
2436 512 2655 583 quidem
2709 510 3148 581 transgressione
3201 512 3383 565 homi-

144 604 274 671 φησι,
311 601 385 672 μὴ
414 601 593 672 ζήτει·
629 603 723 654 καὶ
756 602 1087 671 ἰσχυρότερα
1120 620 1214 654 σου
1250 603 1325 671 μὴ
1353 603 1580 667 ἐξέταζε
1609 620 1623 635 ·
1660 604 1697 657 ἃ.

150 693 443 764 προσετάγη
499 712 582 747 σοι
612 734 627 757 ,
668 694 843 746 ταῦτα
883 694 1095 747 διανοοῦ
1123 710 1135 722 ⁸
1191 696 1252 747 οὐ
1295 697 1402 766 γάρ
1455 696 1571 747 ἐστί
1616 714 1697 750 σοι

141 786 279 856 χρεία
325 785 434 836 τῶν
481 785 942 854 κρυπτῶν),οὑκ
975 786 1295 856 ὲγκρίναιμι
1344 786 1540 853 τοῦτο,
1583 786 1695 840 οὔτ’

140 877 552 947 ἀποψηφίσαιμιο
605 879 781 929 ἐκεῖνο
822 877 877 929 δὲ
908 878 1109 946 μᾶλλον
1142 879 1389 947 εἴποιμι,
1437 880 1519 932 ὅτι
1568 881 1697 950 περὶ

139 970 320 1035 ἀλόγων
353 970 449 1020 καὶ
488 967 833 1037 ἀναισθήτων
883 968 1060 1037 τούτῳ
1089 968 1167 1037 τῷ
1208 969 1440 1039 ὀνόματι
1478 968 1689 1039 κέχρη-

140 1080 209 1113 ται
239 1063 268 1129 ή
305 1060 517 1130 Γραφὴ,
569 1060 837 1126 λέγουσα·
876 1080 892 1111 ι
954 1061 1290 1113 Ἐνετείλατο
1326 1061 1529 1130 Κύριος
1560 1061 1696 1114 καύ-

140 1172 272 1208 σωνι·
313 1173 330 1204 ι
363 1155 491 1206 καί’
533 1174 551 1205 ι
597 1153 932 1206 Ἐνετείλατο
961 1152 1168 1221 Κύριος
1197 1154 1451 1222 νεφέλαις
1472 1172 1484 1182 ·
1525 1173 1543 1206 ι
1575 1155 1691 1207 καί·

143 1268 157 1297 ι
194 1246 521 1298 Ἐνετείλατο
563 1245 770 1315 Κύριος
807 1244 1071 1314 σκώληκι.
1117 1264 1135 1295 ι
1183 1245 1307 1297 Εἴτε
1355 1241 1449 1297 οὖν
1501 1246 1696 1314 λογικά

137 1340 233 1390 ἐδτι
262 1336 393 1400 ζῶα,
429 1335 505 1398 ὣς
533 1335 665 1405 φασί
693 1352 860 1399 τινες,
893 1334 1002 1387 εἴτε
1036 1334 1252 1405 πύρινοι
1292 1340 1543 1407 σφαῖραι,
1586 1337 1695 1390 εἴτε

136 1426 382 1495 δισκοειδῆ
408 1427 661 1496 σώματα,
686 1428 750 1479 ἐκ
776 1426 871 1480 τοῦ
897 1426 1144 1496 αἰθερίου
1176 1427 1349 1497 πυρὸς
1370 1427 1692 1496 ὲξαφθέντα,

137 1519 225 1572 είτε
256 1520 615 1588 σφαιροειδεῖς
661 1519 834 1590 πυρὸς
874 1519 1105 1588 πτήσεις
1150 1518 1262 1588 (86)
1288 1558 1304 1582 ,
1352 1520 1463 1571 εἴτε
1502 1519 1696 1588 μυδροὶ

137 1613 289 1681 (τινὲς
327 1611 438 1681 γὰρ
474 1611 582 1663 τῶν
612 1610 921 1679 φιλοσόφων
950 1610 1094 1664 τοῦτ’
1121 1610 1515 1681 ἐδογμάτισαν)
1535 1650 1549 1675 ,
1584 1610 1696 1664 εἴτε

136 1707 366 1774 χρήματα
392 1703 620 1757 δεκτικά
645 1702 740 1755 τοῦ
760 1703 925 1756 ἀΰλου
956 1704 1051 1756 καὶ
1072 1702 1447 1774 ὐπερκοσμίου
1477 1703 1655 1771 φωτὸς
1676 1744 1691 1770 ,

138 1797 185 1847 οὐ
217 1795 415 1865 σρόδρα
446 1794 838 1865 ἰσχυρισαίμην
859 1812 872 1825 ο
899 1794 1050 1848 οὐδὲν
1079 1795 1187 1865 γὰρ
1218 1794 1375 1849 τοῦτο
1404 1796 1541 1864 πρὸς
1567 1797 1693 1866 ἀρί-

140 1906 253 1957 στην
294 1887 572 1940 πολιτείαν
614 1887 911 1939 συντείνειν
949 1886 1193 1956 ἡγοῦμαι
1215 1903 1227 1916 ·
1263 1886 1379 1939 ἀλλ’
1411 1888 1588 1940 ἐκεῖνο
1617 1887 1692 1939 εῖ-
1725 1862 1767 1916 Β

138 1997 274 2049 ποιμι
299 2021 313 2041 ,
344 1981 431 2032 ὅτι
455 1980 516 2032 οὐ
549 1978 710 2048 μόνον
737 1980 866 2048 περὶ
890 1979 985 2049 τῆς
1012 1978 1211 2048 ψυχῆς,
1238 1980 1368 2033 ὃταν
1390 1979 1693 2050 ὲκτραπείη

133 2073 213 2141 τῆς
243 2072 445 2141 ἀρετῆς
469 2109 484 2133 ,
519 2070 658 2124 ἀλλά
705 2070 797 2122 καὶ
839 2071 933 2121 ἐπὶ
971 2069 1066 2121 τοῦ
1104 2069 1379 2139 σώματος,
1408 2071 1540 2122 ὅταν
1574 2070 1694 2123 δια-

136 2162 291 2231 μάρτῃ
312 2162 412 2230 τῆς
438 2161 809 2230 προκειμένης
840 2159 983 2225 ὁδοῦ,
1014 2160 1077 2213 τὸ
1107 2160 1210 2229 τῆς
1240 2161 1559 2231 πλανήσεως
1582 2162 1693 2231 (87)

132 2254 277 2322 ὄνομα
300 2255 483 2306 κεῖται
509 2253 565 2304 ὲν
600 2253 720 2316 ταῖς
744 2253 1012 2323 Γραφαῖς.
1052 2270 1070 2303 ι
1106 2247 1226 2305 Εἷδε
1260 2252 1389 2322 γὰρ,
1421 2254 1575 2322 φησὶ,
1602 2253 1695 2307 τὸν

141 2343 318 2414 Ἰωσὴφ
364 2343 658 2415 ἄνθρωπος
721 2342 1076 2414 πλανώμενον
1121 2346 1181 2396 ὲν
1215 2346 1281 2414 τῇ
1326 2344 1432 2412 ὁδῴ
1474 2344 1624 2416 (88)°
1669 2365 1689 2397 ι

130 2439 208 2490 καὶ
262 2438 458 2491 πάλιν·
503 2458 521 2488 ι
573 2437 907 2508 Ἐπλάνησεν
961 2436 1161 2501 αὐτοὺς
1218 2439 1276 2490 ὲν
1318 2436 1505 2507 ἀϐάτῳ
1529 2477 1546 2503 ,
1598 2438 1695 2493 καὶ

129 2530 209 2597 οὐχ
235 2529 358 2598 ὀδῷ.
375 2547 395 2580 ι
428 2528 593 2581 Οὐδὲν
620 2524 713 2581 οὖν
733 2528 1072 2598 θαυμαστὸν,
1100 2529 1149 2581 εἰ
1181 2530 1278 2581 καὶ
1301 2527 1400 2599 τὴν
1422 2528 1532 2581 τῶν
1554 2530 1695 2584 ὲπτά

130 2621 353 2691 ἀστέρων
397 2618 513 2673 ἄνω
546 2620 641 2672 καὶ
675 2619 825 2674 κάτω
854 2620 1292 2691 περιτρεχόντων
1333 2619 1594 2692 ἀρκτῴαν
1632 2639 1694 2675 τε

134 2712 211 2762 καὶ
237 2710 412 2763 νότιον
454 2710 834 2780 περιπόλησιν,
866 2711 1135 2780 πλάνησίν
1162 2728 1309 2777 τινες
1336 2713 1691 2783 κεκλήκασιν,

129 2802 192 2863 ὡς
222 2802 355 2871 πρὸς
391 2801 496 2870 τὴν
522 2801 634 2854 τῶν
665 2802 925 2855 ἀπλανῶν
960 2803 1091 2872 μίαν
1125 2803 1221 2856 καὶ
1242 2804 1342 2872 τὴν
1372 2804 1542 2874 αὐτὴν
1575 2805 1696 2858 ὁδὸν

130 2892 500 2963 περιθεόντων.
533 2894 598 2946 Ei
618 2892 798 2947 τοίνυν
825 2893 1081 2964 ἐμμελῶς
1106 2894 1203 2946 καὶ
1228 2894 1570 2965 ὲναρμονίως
1595 2912 1694 2948 πε·-

132 2982 387 3051 ριπολοῦσι
407 3023 425 3048 ,
454 2983 605 3046 τίνος
633 2983 822 3037 ἕνεκεν
851 2983 1056 3036 διδόασι
1084 2984 1236 3049 δίκας
1263 3002 1281 3048 ;
1318 2985 1382 3038 Εἰ
1422 2985 1521 3056 μὲν
1559 2985 1692 3055 γὰρ,

126 3071 242 3144 («asp
268 3072 390 3126 οὐδὲ
418 3075 595 3126 εἰπεῖν
621 3072 803 3142 θέμις,
845 3075 1148 3144 ἀγενήτους
1176 3073 1273 3127 καὶ
1296 3074 1483 3137 αἰτίας
1512 3075 1696 3147 κρείτ-

1804 623 1929 659 num
1994 608 2059 660 ad
2119 607 2461 674 iniquitatem
2525 604 2891 658 deficientium
2959 604 3217 659 violatum
3265 618 3387 659 esse

1800 701 2039 754 divinum
2071 714 2418 768 prmceptmn,
2438 699 2491 751 in
2520 697 2659 752 c0310
2684 709 2861 750 autem
2882 708 3176 760 servatum,
3201 698 3336 751 dixit
3368 715 3384 752 :

1808 810 1826 842 ι
1864 793 1917 844 In
1955 801 2240 853 mlernum,
2273 790 2519 854 Domine,
2553 790 2774 843 verbum
2835 800 2982 842 tuum
3012 800 3296 859 permanet.
3331 791 3386 845 in

1800 883 1941 935 cmlo
1967 882 2031 934 ”.
2073 901 2091 933 ι
2125 882 2275 947 Quod
2303 883 2348 936 si
2380 886 2469 950 qui
2503 894 2647 946 sunt,
2689 885 2780 951 qui
2813 885 2881 936 ob
2926 885 2977 937 id
3027 885 3148 951 quia
3179 885 3383 937 dictum

1798 986 1902 1040 est,
1928 992 1947 1025 ι
1974 975 2162 1030 Stellis
2202 976 2455 1044 praecepi,
2486 994 2501 1025 ι
2545 960 2800 1027 animalia
2836 977 3043 1029 ratione
3074 977 3296 1043 praedita
3329 984 3387 1030 et.

1798 1064 1966 1118 libi-ra
2027 1066 2305 1118 voluntate
2356 1066 2563 1119 utentia
2621 1080 2742 1118 esse
2803 1067 2980 1118 sidera
3036 1068 3386 1121 definiverint

1799 1157 1955 1223 (novi
1988 1159 2131 1209 enim
2165 1156 2428 1224 quosdam
2463 1172 2570 1210 non
2598 1156 2772 1209 solum
2812 1158 2955 1211 inter
2978 1174 3072 1212 eos
3105 1160 3194 1227 qui
3221 1176 3249 1212 a
3279 1158 3385 1214 [ide

1799 1247 1957 1299 alieni
1989 1257 2133 1309 sunt,
2168 1250 2258 1301 sed
2288 1249 2447 1300 etiam
2475 1264 2538 1301 ex
2570 1264 2759 1301 eorum
2812 1266 3059 1312 numero,
3087 1251 3178 1318 qui
3224 1252 3382 1303 fidem

1797 1337 1999 1390 Christi
2050 1347 2177 1390 sunt
2242 1337 2505 1405 amplexi,
2564 1342 2653 1407 qui
2716 1340 2767 1391 id
2831 1342 3155 1409 statuerint)
3196 1360 3208 1394 :
3247 1342 3388 1395 hanc

1797 1431 2154 1498 quaestionem
2186 1446 2281 1499 pro
2310 1446 2723 1499 supervacanea
2762 1444 2925 1500 atque
2981 1434 3153 1486 inutili
3185 1435 3388 1488 habens

1798 1522 1861 1587 (ι
1897 1522 2102 1573 Altiut‘a
2142 1523 2289 1607 etiin
2325 1531 2375 1574 te
2427 1538 2492 1575 nc
2535 1524 2839 1589 qua-sieris,
2881 1533 2935 1576 et
2988 1524 3212 1577 fortiora
3245 1535 3295 1578 te
3321 1541 3388 1578 ne

1795 1622 2071 1667 scrutatus
2135 1613 2334 1678 fueris;
2368 1615 2460 1666 sed
2498 1629 2619 1683 quae
2674 1617 2932 1683 prmcepit
2962 1616 3055 1667 tibi
3102 1616 3264 1678 Deus,
3296 1617 3387 1671 illa

1760 1700 1975 1774 ncogita
2031 1715 2244 1767 semper
2276 1720 2290 1768 ;
2324 1719 2428 1755 non
2465 1716 2547 1756 est
2576 1704 2719 1756 enim
2769 1706 2861 1758 tibi
2902 1709 3272 1760 necessarium
3316 1722 3384 1763 ea

1796 1808 1916 1861 qua:
1945 1793 2257 1847 abscondita
2288 1805 2413 1846 sunt
2447 1794 2633 1849 videre
2682 1795 2854 1848 oculis
2885 1797 2990 1849 tuis
3016 1796 3063 1827 ”
3098 1816 3116 1848 ›
3140 1798 3182 1866 ),
3215 1814 3388 1866 neque

1796 1889 2034 1957 approbo
2062 1889 2161 1942 hoc
2194 1904 2369 1956 neque
2402 1888 2620 1956 rejicio;
2666 1889 2792 1941 illud
2826 1897 3002 1941 autem
3034 1891 3213 1958 potius
3240 1892 3385 1945 dixe-

1798 1977 1923 2039 rim,
1949 1976 2286 2045 Scripturatn
2324 1979 2389 2029 de
2429 1978 2592 2030 rebus
2615 1977 2783 2030 etiam
2820 1979 3028 2032 ratione
3071 1980 3385 2034 carentibus

1797 2078 1851 2121 et
1885 2084 2046 2121 sensu
2104 2068 2206 2121 hoc
2251 2068 2468 2122 nomine
2500 2068 2608 2133 uti;
2659 2070 2805 2122 verbi
2850 2070 3023 2138 gratia
3078 2086 3201 2125 cum
3258 2071 3385 2127 ait:

1803 2181 1821 2213 ο
1863 2161 2125 2229 Pt'zecepit
2176 2161 2433 2214 Dominus
2486 2172 2651 2214 vento
2711 2163 2889 2216 calido
2924 2174 2975 2217 et
3028 2164 3203 2217 urenti
3237 2164 3325 2229 ’5;
3361 2182 3382 2216 ι

1797 2265 1885 2307 et:
1921 2270 1939 2303 ι
1968 2252 2231 2321 Praecepit
2275 2253 2534 2309 Dominus
2567 2254 2837 2319 nubibus;
2888 2275 2906 2307 ι
2934 2265 2987 2310 et
3022 2274 3037 2310 :
3075 2273 3094 2307 ι
3125 2253 3390 2326 Praecepit

1797 2346 2059 2400 Dominus
2085 2346 2277 2400 vermi.
2304 2365 2323 2397 ›
2363 2345 2487 2400 Sive
2530 2346 2696 2414 igitur
2733 2348 2993 2401 animalia
3031 2350 3390 2403 suntratione

1796 2436 2045 2505 praedita,
2087 2447 2146 2489 ut
2175 2437 2394 2505 quidam
2424 2438 2598 2502 aiunt,
2627 2440 2742 2491 sive
2799 2439 2970 2507 igneae
3010 2440 3387 2508 sphaerze,sive

1796 2527 1931 2581 disci
1985 2527 2214 2596 figuram
2282 2527 2537 2581 habentia
2586 2542 2928 2596 corpora,ex
2984 2532 3210 2584 aetherio
3261 2531 3386 2600 igne

1797 2633 2052 2683 accensa,
2082 2620 2197 2672 sive
2259 2620 2486 2688 sphaerae
2539 2621 2592 2673 in
2632 2622 2850 2674 modum
2880 2622 3206 2676 conformati
3244 2620 3389 2690 ignis

1795 2711 2031 2774 volatus,
2064 2713 2179 2765 sive
2202 2711 2415 2765 lamina:
2444 2714 2692 2781 quaedam
2720 2715 2737 2783 (
2763 2730 2886 2766 nam
2914 2725 2970 2768 ct
3003 2716 3106 2768 hoc
3142 2728 3245 2767 non
3285 2715 3382 2767 de-

1798 2804 2016 2856 fuerunt
2042 2819 2108 2857 ex
2140 2804 2476 2872 phiIOSOphis
2501 2805 2593 2874 qui
2620 2807 2958 2876 traderent),
2987 2807 3102 2860 sive
3140 2821 3226 2861 res
3245 2821 3389 2873 qna:-

1795 2894 1918 2946 dam
1943 2895 2124 2947 lumen
2166 2898 2411 2950 materiae
2441 2912 2639 2966 expers
2671 2906 2722 2952 et
2788 2898 2992 2952 mundo
3024 2897 3186 2951 altius
3237 2898 3387 2951 reci-

1795 2985 2027 3054 pientes,
2061 2985 2230 3058 m
2279 3003 2385 3041 non
2442 2988 2602 3044 valde
2643 2989 3019 3044 contenderim
3047 2988 3212 3060 (nihil
3238 2989 3389 3044 enim

1796 3076 2092 3145 quidquam
2119 3079 2222 3133 hoc
2270 3080 2338 3132 ad
2388 3081 2651 3149 optimam
2679 3080 2896 3136 vivendi
2953 3081 3220 3135 rationem
3255 3096 3390 3136 con-

129 3178 237 3226 τους
264 3159 407 3216 εἶναι
448 3167 605 3231 φαῖεν
631 3164 914 3233 Ἕλληνες,
950 3166 1185 3234 μάλιστα
1220 3165 1318 3235 μὲν
1359 3166 1423 3218 ὲκ
1450 3165 1549 3233 τῆς
1586 3169 1687 3236 ὲμ-

1797 3168 1993 3222 ducere
2026 3170 2327 3239 arbitror),
2360 3172 2453 3225 sed
2500 3171 2628 3225 illud
2668 3172 2938 3228 dixerim:
2966 3172 3081 3228 Non
3116 3172 3289 3227 solum
3318 3172 3389 3227 de

132 3254 325 3321 μελείας
357 3254 543 3308 αὐτῶν
579 3256 795 3324 καὶτῆς
830 3256 1086 3323 εὐταξίας
1125 3256 1565 3327 ἐλεγχθήσονται.
1625 3258 1691 3312 Ἠ

129 3344 223 3414 γὰρ
261 3344 416 3411 τάξις
466 3348 568 3417 τὺνε
600 3348 897 3418 ταξίαρχον
930 3347 1214 3417 κηρύττει.
1277 3348 1340 3400 Εἰ
1388 3348 1432 3400 δ’
1468 3349 1529 3402 οὐ
1571 3350 1693 3402 πεί-

130 3437 317 3501 θονται,
366 3440 721 3493 ἁκουὲτωσαν
754 3441 851 3509 μὲν
878 3440 1164 3502 Πλάτωνος
1196 3439 1445 3507 λέγοντος
1464 3454 1481 3471 ⁸

1800 3261 2002 3328 anima,
2028 3279 2151 3317 cum
2185 3280 2213 3317 a
2241 3266 2459 3320 virtutis
2491 3268 2709 3322 tramite
2755 3270 3068 3335 desciverit,
3106 3268 3385 3325 sedetiam
3440 3280 3443 3283 '

1801 3354 1869 3407 de
1894 3370 2143 3425 corpore,
2166 3359 2211 3412 si
2245 3359 2384 3413 forte
2429 3375 2458 3413 a
2486 3364 2763 3432 proposita
2814 3364 2899 3416 via
2938 3363 3299 3426 aberraverit,
3328 3362 3386 3418 in

1806 3447 2102 3514 Scripturis
2126 3464 2322 3503 nomen
2360 3452 2655 3508 errationis
2685 3454 2960 3523 usurpari.
2994 3471 3013 3506 (
3040 3452 3189 3508 Vidit
3210 3454 3385 3517 enim,

130 3533 305 3597 inquit,
345 3530 647 3599 Josephum
694 3534 856 3587 homo
906 3542 1182 3586 errantem
1235 3533 1287 3586 in
1368 3536 1452 3586 via
1482 3535 1557 3589 ".
1609 3555 1627 3581 ι
1694 3536 1762 3589 Et
1821 3554 2040 3595 rursum
2075 3558 2092 3597 :
2134 3561 2153 3593 ι
2194 3541 2393 3599 Errare
2439 3546 2585 3614 ipsos
2633 3547 2764 3604 fecit
2822 3552 2873 3602 in
2933 3548 3078 3602 invio
3110 3587 3125 3611 ,
3178 3558 3233 3600 ct
3278 3561 3389 3600 non

130 3630 177 3682 in
206 3627 357 3680 via".
403 3645 422 3677 ›
452 3626 596 3680 Nihil
632 3629 810 3695 itaque
842 3626 1061 3689 mirum,
1100 3628 1144 3680 si
1176 3628 1336 3681 ctiam
1368 3640 1572 3695 septem
1597 3630 1833 3685 siderum
1866 3650 2081 3687 sursum
2152 3651 2215 3689 ac
2248 3638 2501 3695 deorsum
2565 3643 3111 3697 circumcurrentium
3178 3650 3389 3710 septen-

130 3718 393 3774 trionalem
434 3731 487 3773 et
538 3720 830 3774 australem
896 3721 1289 3775 revolutionem
1326 3721 1492 3790 aliqui
1527 3724 1859 3782 errationem
1889 3713 2252 3797 appellarunt,
2309 3740 2367 3786 ut.
2425 3750 2545 3801 qua:
2575 3735 2722 3789 circa
2783 3735 3142 3789 inerrantium
3216 3745 3383 3786 unam

129 3809 463 3879 eamdemque
524 3812 668 3865 viam
728 3812 1042 3865 decurrant.
1087 3812 1143 3864 Si
1208 3812 1373 3878 igitur
1428 3813 1697 3870 concinne
1737 3829 1900 3887 atque
1930 3828 2055 3888 apte
2118 3838 2244 3876 suos
2278 3823 2474 3893 singuli
2513 3824 2745 3893 planetae
2794 3841 2990 3881 cursus
3024 3842 3031 3857 ι
3062 3823 3380 3887 conficiunt,

131 3900 241 3965 quid
262 3915 440 3955 causae
472 3912 557 3956 est
584 3917 756 3970 quare
819 3917 1010 3973 punias
1048 3902 1192 3958 luan'
1214 3906 1236 3959 ’ἒ
1261 3906 1315 3960 Si
1346 3907 1487 3960 enim
1517 3907 1693 3977 (quod
1734 3913 1886 3965 nefas
1914 3925 1996 3967 est
2021 3914 2245 3986 dicere)
2290 3933 2395 3971 non
2458 3916 2631 3974 factos
2671 3935 2700 3971 a
2745 3918 2875 3985 Deo,
2907 3930 2963 3974 et
3028 3934 3192 3972 causa
3224 3932 3386 3984 supe-

132 3993 285 4046 riores
308 4008 429 4048 esse
462 3995 702 4049 dixerint
723 3996 919 4063 Gnaei,
948 4001 1185 4053 maxime
1210 4001 1429 4069 quidem
1458 4017 1524 4056 ex
1552 4005 1792 4072 ipsorum
1836 4010 2207 4066 concinnitate
2265 4014 2748 4084 pulcherrimoque
2810 4025 2867 4069 et
2936 4016 3225 4083 aptissimo
3280 4027 3375 4065 or-

132 4085 243 4136 dine
299 4088 710 4157 redarguentur.
757 4088 903 4143 Ordo
949 4091 1095 4145 enim
1158 4092 1369 4147 ordinis
1410 4105 1691 4151 auctorem
1725 4113 1789 4153 ac
1816 4103 2114 4172 principem
2176 4105 2454 4173 praadicat.
2528 4106 2680 4172 Quod
2727 4107 2773 4161 si
2834 4122 2938 4161 non
2996 4107 3247 4170 credunt,
3271 4121 3371 4160 au-

132 4180 268 4233 diant
296 4179 596 4245 Platonem,
627 4184 718 4251 qui
748 4185 825 4236 ait
858 4202 871 4238 :

139 4293 365 4359 Ἀγαθός
386 4294 557 4347 ἐστιν
585 4300 618 4349 ό
645 4297 823 4352 τοῦδε
848 4299 953 4353 τοῦ
984 4301 1209 4368 παντὸς
1238 4302 1618 4376 δημιουργός.

131 4382 411 4456 Εὐριπίδης
444 4387 502 4439 δέ
528 4404 540 4418 '

141 4497 222 4561 Ὡς
250 4496 416 4566 ἣλιος
436 4501 555 4570 μὲν
581 4503 698 4565 νύξ
738 4522 802 4557 τε
828 4506 1107 4561 δουλεύει
1124 4507 1372 4576 βροτοῖς
1405 4510 1567 4583 (88⁴).

131 4629 230 4685 Καὶ
258 4633 612 4687 παυέσθωσαν
654 4636 753 4706 τῆς
796 4638 1055 4707 τοιαύτης
1079 4641 1353 4701 ἀσεϐείας.
1398 4643 1463 4695 Ἠ
1492 4643 1535 4695 δ’
1564 4642 1678 4714 (89)

191 4809 232 4840 ⁸³
258 4809 395 4864 Psal.
427 4827 619 4878 cxvnt,
655 4812 746 4867 89.
822 4812 1056 4869 “Eceli.
1096 4830 1179 4881 Ill,
1214 4815 1304 4880 20,
1336 4818 1427 4871 2|.

1722 4524 1769 4582 D

1506 4819 1551 4849 "
1585 4818 1737 4872 Jona:
1776 4836 1850 4885 tv,
1879 4821 1933 4874 8.

2010 4309 2188 4363 Bonus
2223 4320 2295 4364 est
2325 4312 2483 4379 hujus
2516 4314 2876 4367 universitatis
2908 4313 3104 4383 opifex.

1794 4401 2083 4471 Euripides
2112 4419 2329 4472 quoque
2355 4405 2531 4473 inquit
2564 4424 2578 4459 :

2006 4513 2099 4568 Sol
2123 4527 2275 4586 atque
2311 4533 2414 4569 ηοω
2447 4518 2737 4572 inserviunt
2768 4518 3100 4575 mortalibus.

1790 4645 2142 4715 Tandemque
2180 4647 2248 4700 ab
2277 4647 2379 4701 hac
2438 4656 2588 4701 tanta
2652 4648 2931 4716 impietate
2982 4647 3286 4715 quiescant.
3317 4646 3376 4702 Si

2016 4822 2062 4852 ³⁸
2089 4820 2223 4875 Gen.
2273 4836 2481 4885 xxxvn,
2515 4821 2604 4877 15.
2682 4824 2726 4854 ³⁷
2756 4820 2903 4877 Psal.
2930 4837 3040 4888 CVI,
3069 4821 3162 4877 40.

1185 4974 1413 5025 VAHIA‘J
1453 4968 1836 5029 LECTIONE-S
1876 4973 1964 5028 ET
2004 4972 2236 5029 NOTAE.

197 5121 304 5196 (851
327 5122 429 5177 Pro
470 5123 762 5195 μειζότερα
806 5124 945 5178 idem
974 5125 1131 5179 habet
1160 5125 1491 5196 ὑψηλότερα.
1519 5128 1675 5181 Vers.

134 5197 243 5267 inde
276 5193 307 5247 5
334 5210 428 5261 pro
448 5196 549 5247 οὐκ
576 5193 731 5267 ὲίγκρ.
769 5196 906 5267 idem
938 5197 1088 5263 ponit
1125 5195 1235 5249 οὒτ’
1260 5193 1429 5267 ’ἐγκρ.
1466 5207 1597 5261 etc.,
1629 5207 1684 5251 et

134 5264 273 5383 paulo
303 5276 419 5333 post
460 5280 557 5334 pro
586 5264 997 5336 ἀποψηφίσαιμι
1045 5268 1171 5334 legit
1198 5264 1679 5338 ἁποψήφισαίμην.

174 5347 329 5383 osstx.

174 5347 329 5387 05515.

199 5402 298 5469 186)
346 5402 448 5457 Pro
491 5406 718 5478 πτήσεις
755 5406 892 5458 idem
946 5407 1069 5478 cod.
1112 5406 1276 5460 habet
1325 5407 1682 5478 πιλήσεις,θι

133 5484 405 5547 νθςεζῇιι.
438 5477 701 5547 χρήματα
726 5485 895 5529 mutat
921 5478 970 5530 in
1000 5477 1269 5547 ὀχήματα.
1298 5478 1372 5531 ID.

200 5540 310 5618 (247)Δ
330 5540 663 5618 Ειιςίξαιίὶεη
691 5548 819 5618 ὅταν
844 5540 1141 5618 διαμάρτῇ,
1169 5550 1268 5618 τῆς
1308 5549 1469 5603 πλαν.
1506 5546 1683 5603 Locus

136 5622 186 5660 ει
222 5614 333 5667 cod.
376 5614 552 5669 Vatic.
577 5616 883 5670 restituitur
906 5614 1065 5671 em.

202 5682 300 5757 (βξ)
333 5684 438 5757 Pr_o
480 5685 756 5757 ὁδῷωειιι
790 5686 951 5757 habet
979 5688 1189 5757 ἐρήμῳ.
1226 5687 1436 5743 Possm.

202 5738 349 5822 {88"}
382 5738 654 5823 Euripid."
674 5738 755 5811 in"
788 5738 1259 5820 eamagema
1278 5738 1450 5813 “an;
1530 5772 1675 5812 vers.

142 5826 428 5885 pianuntiat
460 5824 675 5882 Jocasta
708 5828 761 5882 in
796 5826 885 5883 illa
923 5828 1269 5900 pulcherrina
1300 5829 1680 5886 exhortatione

1788 5129 1877 5201 ad;
1937 5131 2333 5195 concordiam,
2399 5148 2505 5201 qua
2582 5132 2724 5187 ﬁlios
2788 5148 2918 5188 suos
2985 5133 3258 5190 Eteoclem
3318 5147 3374 5192 et

1787 5199 2143 5272 Polynicen),
2200 5199 2468 5272 capitales
2530 5204 2754 5269 hostes,
2827 5205 3048 5272 placare
3116 5217 3370 5271 conatur,

1790 5270 1883 5321 sed
1926 5269 2148 5322 frustra.
2197 5269 2341 5324 Idem
2386 5288 2575 5327 versus
2622 5276 2787 5328 etiam
2826 5269 3061 5328 Eusebio
3115 5269 3375 5332 laudatur

1792 5338 1977 5415 Iih.“vt
2016 5341 2557 5415 Προπαρασκευῆς,
2599 5360 2646 5395 c.
2678 5346 2733 5408 8,
2772 5346 2860 5415 ubi
2894 5344 3235 5415 σοφίςτευμα
3262 5348 3371 5399 Εὑ-

1794 5408 2052 5483 ριπίδειον
2091 5423 2266 5483 vocat,
2314 5414 2367 5464 h.
2426 5408 2716 5476 e.vsapiens
2753 5408 3364 5483 dictum'Euripideum.

1790 5479 2021 5553 Eli-guns
2052 5489 2139 5553 est
2182 5482 2518 5544 observatio,
2561 5485 2738 5536 Solem
2780 5485 3001 5536 Ilebrma
3051 5479 3228 5553 lingua
3278 5488 3365 5538 di-

1787 5559 1931 5622 ctum
1964 5548 2153 5622 uitaui,
2186 5553 2628 5622 a_niinis‘lrando.
2673 5554 2789 5619 Quo
2823 5548 3367 5622 respexisse—videtur

1782 5619 2111 5674 Dracontius
2142 5624 2193 5672 in
2218 5620 2553 5676 Hexaeniero
2590 5624 2693 5676 hoc
2730 5639 2884 5677 versu
2910 5619 2943 5677 ἰ

1784 5687 2078 5761 δοίοοιιζιω
2102 5691 2240 5751 caeli,
2270 5691 2504 5760 {mitulus
2529 5708 2683 5761 super
2704 5705 2854 5746 astra
2879 5691 3155 5750 Tonantis.
3191 5693 3353 5753 Βιττη

1857 5759 1967 5832 (89)
1999 5759 2164 5832 Pref]
2190 5761 2234 5813 δ’
2266 5759 2393 5829 legit
2427 5764 2475 5815 εἰ
2501 5762 2567 5815 δ’.
2593 5759 2746 5817 ’νει-ε
2777 5772 2898 5832 post
2932 5764 2987 5832 ‘2,
3018 5765 3106 5818 illa
3136 5769 3311 5825 verba.
3338 5814 3353 5824 .

1785 5832 1877 5883 mi.
1922 5829 2196 5893 Ἰουδαίοις
2219 5835 2412 5889 absunt
2438 5852 2465 5887 ιι
2493 5834 2613 5891 cod.
2646 5832 2761 5891 Vat.
2780 5829 2918 5891 ’650.
2942 5830 3151 5893 Possm.
