3886 6420
460 387 599 454 1115

1650 391 1711 449 S.
1758 388 2050 449 ISIDORI
2091 388 2529 448 PELUSIOTzE

3586 376 3708 441 1116

455 508 588 554 Vero
614 509 892 555 auctorem
922 508 978 555 et
1027 499 1278 570 opificem
1330 500 1555 565 habent,
1586 510 1644 554 ut
1704 514 1890 555 revera
1948 501 2042 553 ha-

2157 503 2317 554 κῖτιον
2344 503 2527 572 ἔχουσι
2556 498 2649 552 καὶ
2679 496 2935 568 ποιητὴν,
2967 494 3042 558 ὡς
3072 492 3269 564 ἀληθὲς
3299 490 3435 560 ἔχει,
3467 489 3559 542 καὶ
3596 491 3709 541 Ἐλ-

456 590 607 655 bent,
634 602 800 661 utque
850 602 904 646 et
973 591 1177 648 Graecis
1240 594 1415 648 visum
1474 603 1658 658 est,el
1724 594 1949 654 Judaeis.
1985 606 2040 647 ρι

456 683 802 749 Christianis,
835 695 889 738 et
915 686 1168 741 omnibus
1210 688 1435 740 omnino
1500 688 1835 751 hominibus,
1861 700 2043 741 mente

458 774 925 843 iutelligentiaque
961 792 1068 829 non
1091 777 1390 841 destitutis,
1419 778 1510 846 qui
1549 789 1754 831 motum
1802 782 2029 833 concin-

458 864 791 934 nitatemque
829 865 1068 932 ipsorum
1116 877 1242 935 apte
1296 867 1616 920 moderatur
1648 883 1713 921 ac
1754 870 2041 937 gubernat,

456 978 519 1023 ut
544 978 598 1022 et
628 971 753 1022 anni
789 970 936 1023 horae
963 979 1017 1024 et
1034 981 1220 1025 noctes
1245 970 1415 1041 longae
1468 972 1771 1039 brevesque
1794 972 2036 1027 efﬁcian-

459 1059 955 1116 tur:mani1’estum
1014 1073 1098 1117 est
1144 1062 1290 1132 quod
1345 1078 1453 1117 non
1510 1063 1584 1117 sit
1625 1065 1897 1132 vituperio
1942 1067 2042 1119 ob-

460 1153 623 1205 noxia
654 1152 893 1219 ipsorum
921 1153 1239 1207 admiranda
1264 1164 1321 1208 et
1346 1156 1585 1211 maxime
1631 1156 1897 1210 concinna
1931 1159 2043 1211 cir-

458 1243 815 1298 cumvolutio.
836 1243 991 1310 Quod
1018 1245 1062 1299 si
1101 1247 1527 1314 reprehensione
1566 1247 1835 1317 culpaque
1857 1256 2035 1313 caret,

458 1351 567 1404 qua
598 1338 805 1391 ratione
823 1352 995 1405 poenae
1017 1338 1085 1392 ab
1108 1338 1241 1409 ipsis
1268 1339 1590 1409 exiguntur?
1621 1339 1754 1393 Nam
1789 1349 1847 1394 ut
1873 1341 2046 1394 maxi-

459 1443 549 1482 me
598 1430 852 1484 animalia
907 1440 1093 1485 essent
1151 1431 1367 1486 ratione
1425 1442 1479 1487 et
1525 1432 1779 1487 libertate
1834 1432 2045 1487 arbitrii

460 1523 707 1589 prazdita,
749 1525 801 1578 id
826 1526 970 1593 quod
1020 1526 1267 1579 nonnulli
1317 1526 1633 1580 existimant
1675 1527 2048 1599 (concedatur

460 1613 605 1666 enim
639 1613 740 1668 hoc
775 1630 839 1667 ex
876 1615 1181 1684 bypothesi,
1202 1616 1399 1686 quippe
1427 1619 1570 1685 quod
1602 1619 1773 1685 magis
1808 1619 1872 1670 ad
1900 1618 2047 1686 ipsos

459 1705 865 1760 convincendos
926 1707 1114 1777 facit),
1169 1724 1237 1762 ne
1288 1709 1368 1764 sic
1406 1711 1626 1779 quidem
1680 1726 1870 1779 poenas
1916 1714 2047 1766 dare

460 1805 824 1848 mererentur.
845 1794 899 1850 Si
953 1797 1174 1865 quidem
1231 1813 1453 1865 quoquo
1488 1799 1622 1869 ipsis
1685 1799 2046 1863 libuisset,eo

2147 594 2303 662 λησιν
2324 592 2495 656 ἔδοξε,
2526 593 2621 644 καὶ
2638 589 2949 651 Ἰουδαίοις,
2964 588 3061 641 καὶ
3084 585 3453 655 Χριπιανοίς,
3476 581 3565 634 καὶ¹
3590 584 3710 634 πᾶσι

2143 686 2258 746 τοῖς
2289 682 2382 735 νοῦ
2415 682 2509 735 καὶ
2548 681 2867 750 φρονήσεως
2897 677 2997 729 οὐκ
3036 674 3349 746 ἀμοιροῦσι,
3380 673 3473 725 τὸν
3502 672 3592 723 καὶ
3625 673 3712 740 τὴν

2146 775 2362 844 κίνησιν
2392 775 2484 826 καὶ
2516 772 2615 843 τὴν
2646 770 2923 841 ἁρμονίαν
2962 765 3320 839 ῥυθμίζοντα,
3342 766 3411 818 δι’
3440 759 3518 816 ὧν
3548 764 3637 817 καὶ
3661 764 3710 815 αἱ

2144 861 2287 938 ὧραι
2314 866 2406 919 τοῦ
2439 865 2616 927 ἕτους,
2641 863 2736 916 καὶ
2768 864 2824 916 αί
2852 861 3047 922 νύκτες
3073 859 3306 929 μεγάλαι
3332 874 3394 909 τε
3418 856 3513 908 καὶ
3538 857 3713 924 μικραὶ

2145 958 2540 1014 ἀποτελοῦνται
2563 970 2577 984 ’
2627 954 2786 1025 δῆλον
2807 954 2891 1007 ὃτι
2936 952 3036 1005 ούκ
3074 951 3191 1003 ἐστι
3233 946 3463 1020 μεμπτὴ
3488 946 3711 1015 αὑτῶνή

2147 1051 2438 1123 θαυμαστὴ
2468 1050 2563 1103 καὶ
2596 1045 2983 1119 ἐμμελεστάτη
3033 1041 3421 1113 περιπόλησις.
3460 1039 3522 1090 Εἰ
3551 1037 3592 1090 δ’
3624 1038 3713 1089 οὐκ

2147 1143 2263 1197 ἔστι
2310 1140 2573 1212 μεμπτὴ,
2604 1138 2720 1201 πῶς
2764 1133 3134 1190 ἀπαιτοῦνται
3162 1132 3354 1196 δίκας;
3400 1130 3467 1183 Εἰ
3498 1130 3601 1197 γὰρ
3629 1127 3717 1180 καὶ

2146 1233 2342 1302 λογικὰ
2370 1232 2465 1285 καὶ
2493 1227 2862 1301 προαιρετικὰ
2889 1223 3003 1279 εἷεν
3030 1223 3168 1289 ζῶα,
3193 1224 3332 1293 ὅπερ
3360 1221 3510 1283 τινὲς
3535 1218 3713 1288 ἡγοῦν-

2148 1344 2238 1380 ται
2278 1323 2546 1398 (δεδόσθω
2575 1323 2685 1394 γὰρ
2709 1321 2866 1374 τοῦτο
2892 1317 3016 1371 καθ’
3050 1315 3331 1380 ὑπόθεσιν,
3371 1313 3597 1385 μείζονα
3625 1330 3710 1364 κα-

2148 1416 2481 1480 τασκευάζον
2524 1416 2616 1469 τὸν
2655 1414 2775 1467 κατ’
2812 1409 2996 1465 αὐτῶν
3053 1408 3359 1478 ἔλεγχον)’
3430 1404 3543 1456 οὐδ’
3589 1403 3718 1456 οὕτω

2148 1508 2304 1579 δίκην
2336 1506 2521 1561 δοῦναι
2556 1505 2754 1558 δίκαιοι
2782 1502 2848 1555 ἂν
2890 1495 3023 1553 εἷεν.
3065 1500 3128 1552 Et
3154 1500 3253 1569 μὲν
3299 1495 3412 1566 (90)
3442 1496 3551 1563 ὅπη
3576 1493 3723 1546 ἐϐού-

2149 1599 2326 1663 λοντο,
2362 1596 2726 1667 ἐπορεύοντο,
2760 1596 2856 1648 καὶ
2902 1592 3048 1662 ειπερ
3080 1590 3271 1661 ἤθελον
3301 1584 3715 1647 κατεσκεύαζον,

2149 1693 2210 1745 οὐ
2246 1692 2404 1761 μόνον
2440 1690 2677 1751 τούτων,
2722 1687 2860 1741 ἀλλὰ
2916 1686 3012 1738 καὶ
3047 1682 3157 1735 τῶν
3192 1680 3465 1748 λεγόντων
3522 1693 3717 1747 ποιητι-

2150 1784 2282 1846 κοὺς
2327 1784 2524 1845 αὐτοὺς
2575 1777 2713 1834 εἶναι
2746 1778 2953 1843 κακῶν,
3001 1776 3158 1844 λόγον
3191 1774 3257 1827 ἂν
3297 1767 3446 1841 εἶχεν
3492 1772 3521 1823 6
3551 1770 3715 1837 λόγος,

460 1895 776 1953 pergerent,
811 1896 865 1940 et
913 1902 1252 1957 qnzecuuqne
1299 1865 1522 1943 vellenti
1557 1890 1906 1959 perficerent,
1942 1891 2045 1943 ali-

2157 1876 2246 1929 καὶ
2273 1875 2504 1936 εἰκότως
2526 1873 2684 1936 δίκας
2717 1871 2950 1940 ὤφειλον
2979 1868 3183 1922 δοῦναι.
3212 1866 3278 1920 El.
3302 1866 3359 1918 δὲ
3377 1865 3474 1916 τὸν
3497 1880 3708 1933 προστα-

461 1993 624 2044 quam
655 1979 885 2032 haberet
914 1981 1177 2033 rationem
1205 1990 1298 2033 aut
1334 1991 1485 2035 certe
1515 1983 1752 2049 speciem
1807 1996 1913 2035 non
1944 1983 2047 2034 ho-

462 2085 582 2123 rum
615 2071 875 2126 duntaxat
907 2074 1103 2136 oratio,
1127 2074 1222 2127 sed
1259 2073 1474 2127 illorum
1499 2076 1688 2135 etiam,
1718 2074 1809 2143 qui
1856 2074 2049 2127 dicunt

461 2159 612 2229 ipsos
678 2162 921 2230 planetas
956 2164 1222 2218 malorum
1265 2163 1552 2219 eti'ectores
1579 2180 1734 2220 esse:
1762 2174 1817 2219 et
1852 2165 2049 2220 merito

461 2266 655 2321 poenas
708 2255 841 2309 dare
884 2256 1165 2310 deberent.
1200 2255 1296 2309 Sin
1337 2267 1519 2311 autem
1566 2273 1785 2311 cursum
1827 2272 1923 2327 per
1946 2272 2048 2312 sae-

462 2343 640 2397 culum
662 2344 793 2414 ipsis
824 2347 1100 2415 przelixum
1131 2348 1451 2412 decurrunt,
1490 2363 1830 2416 nequaquam
1861 2348 2046 2401 dicen-

463 2435 517 2489 di
540 2446 667 2490 sunt
689 2438 952 2491 malorum
988 2449 1242 2494 auctores
1295 2455 1439 2495 esse.
1467 2440 1691 2510 impium
1722 2440 1868 2493 enim
1888 2450 2051 2507 atque

463 2541 494 2581 a
520 2529 728 2583 ratione
752 2529 987 2584 alienum
1030 2544 1195 2588 esset.
1235 2531 1341 2587 Sed
1390 2533 1490 2587 etsi
1522 2548 1590 2586 ex
1649 2532 1969 2603 bypothesi,
1996 2532 2048 2585 id

462 2616 607 2687 quod
638 2619 881 2674 nonnulli
914 2620 1187 2676 afﬁrmant
1217 2623 1375 2688 (nam
1407 2622 1659 2691 equidem
1705 2622 1806 2677 hoc
1851 2622 2037 2675 dicere

464 2709 686 2778 nolim),
712 2716 1045 2770 concedatur
1076 2713 1405 2785 (absurdum
1441 2715 1586 2768 enim
1625 2722 1731 2774 est,
1759 2714 1826 2767 de
1880 2718 2047 2767 rebus

463 2800 708 2856 obscuris
737 2804 941 2873 aliquid
987 2806 1247 2860 audacter
1295 2805 1436 2860 velle
1486 2806 1761 2872 statuere)
1792 2804 2046 2872 planetas

461 2882 886 2963 prasigniiicare
909 2893 1120 2950 futuros
1150 2906 1381 2950 eventus
1415 2912 1429 2948 ε
1468 2910 1535 2949 ne
1558 2895 1640 2949 sic
1669 2894 1890 2963 quidem
1925 2909 2049 2958 poe—

462 3000 563 3039 nas
589 2986 814 3043 dabunt.
847 2986 1009 3060 445
1041 2988 1176 3043 Nam
1202 3004 1381 3058 neque
1425 2987 1706 3057 propheta:
1756 2986 1848 3056 qui
1908 2984 2051 3039 mala

464 3090 494 3127 a
522 3072 724 3131 ludatis
760 3080 1121 3147 perpetranda
1172 3078 1564 3147 praedixerunt,
1596 3078 1740 3132 ullas
1774 3076 2047 3132 dederunt

462 3179 670 3234 pcenas.
693 3165 809 3221 Non
835 3169 981 3223 enim
1030 3170 1150 3225 ideo
1193 3181 1495 3225 evenerunt
1523 3170 1641 3233 illa,
1675 3170 1818 3238 quod
1845 3167 1949 3237 ipsi
1981 3182 2047 3223 ea

2151 1967 2356 2039 χθέντα
2375 1967 2560 2028 αὐτοῖς
2579 1965 2646 2018 δι’
2664 1965 2860 2027 αἰῶνος
2883 1963 3067 2016 θέουσι
3091 1960 3310 2032 δρόμον,
3326 1958 3387 2010 ού
3414 1954 3717 2023 ποιητικοὺς

2151 2060 2348 2121 αὐτοὺς
2373 2057 2558 2110 κακῶν
2587 2055 2809 2108 λεκτέον
2828 2071 2843 2085 ⁸
2873 2054 3069 2116 ἀσεϐὲς
3095 2052 3203 2121 γὰρ
3227 2051 3323 2104 καὶ
3352 2050 3573 2117 ἄλογον.
3592 2046 3714 2099 Ἀλλ’

2151 2155 2200 2206 εἰ
2238 2152 2333 2206 καὶ
2355 2150 2479 2204 καθ’
2510 2148 2767 2203 ὑπόθεσιν
2801 2148 2939 2217 (91),
2968 2148 3105 2215 ὅπερ
3136 2146 3280 2209 τινές
3308 2161 3478 2212 φασιν
3523 2141 3601 2208 (οὗ
3622 2139 3718 2208 γὰρ

2151 2244 2329 2312 ἔγωγε
2352 2242 2562 2313 φαίην),
2597 2241 2776 2308 δοθείη
2799 2241 3023 2308 (ἄτοπον
3046 2238 3155 2306 γὰρ
3176 2237 3283 2288 τῶν
3315 2235 3538 2299 ἀδήλων
3566 2250 3695 2285 κατα

2150 2336 2378 2407 τολμᾷν)
2425 2336 2796 2406 σημαντικοὺς
2827 2333 3025 2395 αὐτοὺς
3058 2331 3264 2393 δοῦναι,
3324 2328 3436 2381 οὐδ’
3472 2327 3610 2381 οὕτω
3632 2325 3719 2377 δω-

2153 2444 2305 2481 σουσι
2356 2412 2543 2490 δίκας·
2584 2425 2705 2478 οὐδὲ
2759 2424 2867 2493 γὰρ
2916 2425 2964 2477 oi
3018 2422 3301 2492 προφῆται
3348 2419 3417 2472 τὰ
3476 2417 3719 2488 μέλλοντα

2152 2519 2305 2589 παρὰ
2331 2519 2440 2571 τῶν
2488 2517 2759 2572 Ἰουδαίων
2801 2515 3143 2588 πράττεσθαι
3173 2512 3322 2565 κακὰ
3345 2509 3695 2582 προμηνύσαν

2152 2629 2262 2675 τες.
2308 2612 2383 2664 Ού
2429 2611 2537 2682 γὰρ
2598 2608 2787 2679 ἐπειδὴ
2840 2608 3258 2678 προεμήνυσαν,
3304 2604 3574 2671 γέγονεν’
3618 2599 3719 2652 ἀλλ’

2152 2703 2341 2774 ἐπειδὴ
2367 2702 2592 2773 ἔμελλον
2622 2701 2892 2769 γίνεσθαι,
2928 2699 3321 2770 προεμήνυσαν
3353 2696 3493 2765 (9Ξ).
3533 2695 3590 2745 Ἦ
3623 2692 3721 2761 γὰρ

2153 2793 2322 2847 κακία
2344 2792 2454 2845 τῶν
2500 2791 2771 2845 Ἰουδαίων
2792 2793 2892 2862 τῆς
2923 2787 3264 2861 προφητείας
3291 2787 3522 2854 γέγονεν
3553 2784 3718 2836 αἰτία·

2152 2886 2252 2955 οὐχ
2292 2887 2325 2955 ή
2367 2884 2678 2955 προφητεία
2710 2882 2811 2952 τῆς
2840 2881 3067 2943 κακίας.
3107 2880 3277 2949 Δῆλον
3314 2877 3524 2936 τοίνυν,
3555 2874 3625 2936 ὼς
3652 2869 3719 2925 oi-

2158 2994 2281 3047 μαι,
2303 2976 2439 3029 πᾶσι
2463 2974 2679 3043 γέγονε,
2702 2973 2885 3041 πάσης
2942 2969 3191 3024 ἐκποδὼν
3214 2969 3510 3038 οἰχομένης
3532 2964 3722 3019 ἀντιλο-

2155 3067 2299 3135 γίας,
2330 3066 2412 3119 ὅτι
2440 3065 2500 3117 οὑ
2539 3065 2668 3134 περὶ
2705 3064 2945 3133 ἄστρων,
2987 3061 3178 3130 ὥσπερ
3217 3060 3341 3112 οὐδὲ
3387 3054 3719 3128 myttwa

2154 3158 2411 3228 δένδρων,
2427 3157 2464 3227 ἢ
2492 3155 2735 3224 νεφελῶν
2759 3151 2829 3226 ἦν
2851 3152 2929 3224 τῷ
2951 3152 3321 3206 ὲπιστείλαντι
3345 3152 3375 3204 6
3396 3151 3580 3218 λόγος’
3609 3146 3723 3201 καθ-

464 3255 846 3323 prazdixissent
882 3277 894 3313 :
927 3260 1020 3314 sed
1068 3262 1196 3330 quia
1244 3274 1508 3317 eventura
1572 3260 1755 3325 erant,
1782 3261 2047 3331 praedixe-

2157 3251 2232 3314 ὼς
2254 3251 2348 3305 καὶ⁷
2386 3250 2415 3301 6
2452 3249 2636 3317 πάσης
2670 3246 2773 3314 τῆς
2816 3243 3110 3313 ἐπιστολῆς
3155 3241 3281 3304 νοῦς
3323 3238 3557 3331 μηνύεν
3601 3235 3721 3331 ἀλλά

465 3357 611 3401 runt.
642 3346 949 3404 Iudaeorum
982 3367 1216 3422 namque
1241 3353 1444 3406 malitia
1487 3355 1785 3423 prophetize
1838 3351 2051 3406 exstitit

465 3453 670 3495 causa:
707 3456 811 3495 non
837 3453 1019 3497 autem
1054 3445 1335 3514 pr0phetia
1364 3449 1605 3515 ipsorum
1644 3446 1863 3499 malitiae
1880 3457 2046 3498 causa

467 3529 590 3583 fuit.
619 3530 818 3599 Quare,
843 3545 903 3588 ut
934 3536 1193 3603 arbitror,
1229 3538 1482 3593 omnibus
1527 3538 1638 3608 jam
1673 3537 1852 3592 evasit
1878 3535 2055 3590 maui-

468 3623 688 3688 testum,
714 3628 1105 3682 omniremotoi
1135 3630 1591 3693 contradictione,
1622 3645 1727 3684 non
1760 3630 1825 3683 de
1853 3627 2050 3683 sideri-

2159 3342 2289 3412 περὶ
2317 3340 2426 3393 τῶν
2469 3336 2912 3408 ἁμαρτησάντων
2940 3335 3039 3388 ἀνθ
3051 3332 3271 3404 ρώπων,
3294 3326 3377 3392 οἷς
3400 3331 3429 3381 6
3462 3328 3620 3396 ζόφος
3639 3324 3722 3377 τοῦ

2162 3438 2387 3498 σκότους
2423 3436 2503 3497 είς
2533 3431 2705 3485 αἰῶνα
2741 3432 3064 3500 τετήρηται.
3113 3426 3447 3498 ’Δρξάμενος
3494 3424 3599 3491 γὰρ
3626 3418 3721 3472 ἀπὸ

2160 3527 2646 3601 παραδειγμάτων,
2675 3526 2755 3588 είς
2784 3526 2911 3586 τοὺς
2963 3522 3092 3592 περὶ
3117 3515 3192 3573 ὧν
3215 3515 3285 3590 ἦν
3328 3520 3357 3571 6
3383 3518 3543 3585 λόγος
3564 3512 3720 3581 αὐτῷ,

2162 3621 2540 3692 ἐτελεύτησεν.

467 3717 571 3771 bus
625 3732 690 3771 ac
719 3720 911 3782 stellis,
946 3722 1091 3775 sicut
1137 3738 1315 3791 neque
1372 3724 1438 3778 de
1476 3722 1751 3789 ﬂuctibus,
1788 3731 1883 3776 aut
1950 3719 2258 3782 arboribus,
2295 3725 2389 3769 aut
2441 3713 2672 3767 nubibus
2716 3709 2961 3778 epistolae
3018 3707 3165 3761 illius
3190 3705 3396 3759 auctori
3431 3714 3719 3757 sermonem

467 3807 661 3875 fuisse,
696 3821 754 3865 ut
788 3814 949 3866 etiam
973 3815 1140 3869 totius
1161 3815 1403 3884 epistolae
1449 3831 1604 3871 mens
1654 3816 1913 3881 ostendit,
1946 3814 2040 3869 sed
2081 3815 2145 3869 de
2179 3809 2515 3871 hominibus,
2571 3806 2664 3876 qui
2734 3802 3258 3873 peccarint,quibus
3310 3796 3544 3868 procella
3576 3804 3715 3847 tene-

469 3897 692 3952 brarum
721 3911 929 3954 servata
952 3909 1039 3955 est
1081 3903 1136 3957 in
1188 3913 1472 3966 aeternum.
1525 3905 1886 3974 Posteaquam
1944 3904 2091 3958 enim
2132 3903 2199 3957 ab
2217 3899 2482 3970 exemplis
2525 3913 2757 3953 exorsus
2801 3906 2906 3959 est,
2948 3896 2999 3948 in
3037 3892 3166 3959 illis,
3194 3892 3261 3946 de
3320 3890 3521 3959 quibus
3572 3884 3721 3940 verba

471 3989 727 4056 faciebat,
751 3991 933 4045 desiit.

875 4081 1012 4137 LIX.
1038 4113 1109 4124 —
1134 4082 1643 4140 POLYCHRONIO.

474 4175 559 4232 Ea:
588 4175 827 4247 Epistula
861 4181 930 4231 ad
956 4177 1240 4233 Romanos.
1277 4177 1345 4233 In
1378 4181 1430 4232 id
1463 4182 1602 4247 quod
1625 4180 1881 4247 scriptum
1921 4188 1995 4231 est
2028 4194 2047 4233 :

549 4265 570 4299 ‹
602 4247 847 4303 Tradidit
873 4265 958 4302 eos
984 4248 1125 4303 Deus
1152 4251 1207 4303 in
1238 4252 1517 4318 reprobum
1547 4266 1779 4315 samum,
1822 4259 1877 4300 ut
1907 4250 2051 4317 [ace-

542 4327 658 4372 rem
685 4318 783 4383 '3,»
820 4327 929 4373 etc.

547 4432 815 4500 Quoniam
860 4431 1169 4502 scripsisti,
1220 4446 1382 4502 quam
1419 4434 1489 4488 ob
1529 4446 1751 4487 causam
1796 4431 1936 4485 Deus
1961 4445 2057 4486 eos

478 4527 764 4583 tradiderit
792 4528 845 4581 in
884 4529 1174 4597 reprobum
1206 4542 1424 4583 sensum
1449 4570 1467 4595 ,
1500 4526 1714 4593 dicam,
1745 4526 1792 4580 si
1834 4526 1884 4580 id
1914 4526 2055 4595 quod

478 4620 745 4689 sequitur,
778 4620 991 4690 legeris,
1027 4628 1083 4676 et
1112 4632 1430 4690 cognosces,
1467 4625 1523 4674 et
1547 4616 1695 4674 omni
1719 4617 2057 4674 dubitatione

551 4780 598 4812 ”
631 4780 787 4836 Rom.
820 4796 858 4849 ι,
893 4782 985 4837 28.

2576 4079 2704 4133 ΝΘ.
2747 4109 2816 4119 -
2849 4074 3316 4144 ΠΟΛΥΧΡΟΝΙῼ.

2156 4175 2271 4246 Τῆς
2305 4174 2453 4243 πρὸς
2494 4171 2809 4246 Ῥωμαίους
2870 4163 3373 4246 Επιστολῆς.ΛΕξς
3400 4162 3467 4246 τό
3492 4175 3721 4246 γεὲν-ξιιμ-

2224 4230 2493 4316 ξιῖἐνῖλνίῗε
2534 4230 2887 4316 Πὶιρέδέυᾶιεν
2917 4237 3139 4316 αλὺτοὶις
3179 4239 3211 4290 ό
3238 4234 3384 4299 Θεὸς
3417 4235 3503 4297 είς
3535 4230 3719 4283 ἀδόκι-

2224 4309 2343 4387 λιον
2366 4315 2553 4378 νοῦν,
2586 4309 2779 4364 ποιεῖν
2798 4349 2812 4375 ,
2854 4328 2872 4360 ›
2909 4326 2967 4361 κ.
2998 4324 3052 4360 τ.
3079 4310 3140 4360 .l.

2246 4430 2465 4501 Ἐπειδὴ
2490 4428 2793 4498 γέγραφας,
2821 4424 2888 4476 δι’
2913 4424 2979 4493 ἦν
3008 4420 3186 4482 αἰτίαν
3210 4417 3524 4488 παρέδωκεν
3543 4413 3721 4473 αὐτοὺς

2162 4525 2191 4578 6
2212 4522 2343 4585 Θεὸς
2375 4524 2455 4584 είς
2484 4520 2741 4589 ἀδόκιμον
2770 4515 2927 4579 νοῦν,
2958 4512 3104 4584 ἐρῶ·
3143 4513 3225 4564 ὅτι
3260 4509 3395 4562 εἰτὸ
3439 4507 3560 4577 ἑξῆς
3603 4506 3722 4557 ἁνα-

2163 4615 2370 4688 γνώσῃ,
2407 4614 2503 4669 καὶ
2535 4612 2750 4685 γνώσῃ,
2777 4609 2874 4665 καὶ
2905 4605 3271 4676 άπαλλαγήσῃ
3300 4603 3485 4671 πάσης
3506 4596 3731 4670 ἀμφιλοι

1547 4892 1781 4949 νΑΒιΑς
1820 4888 2206 4949 LECTIONES
2241 4886 2330 4942 ET
2369 4882 2605 4943 NOTAE.

556 5055 668 5129 (90)
706 5054 837 5129 Post
861 5056 910 5108 εἰ
947 5055 1045 5125 μὲν
1086 5054 1289 5109 omittit
1312 5055 1445 5123 ὅπη,
1490 5050 1609 5106 loco
1637 5049 1778 5103 illius
1808 5062 2045 5117 ponens,

2157 5039 2561 5129 διὲηαι
2584 5032 3218 5129 caecitatem?
3245 5028 3363 5129 e3:
3388 5022 3717 5129 δξεέἑῐὶσῗὲέ

484 5126 597 5198 γὰρ
620 5126 777 5182 ὅπου.
807 5126 1019 5198 Possm.

524 5149 560 5185 α
620 5149 777 5182 οπου.
807 5149 1019 5181 ιὀιδιιν.

524 5224 525 5227 η
559 5149 671 5323 ὣιέ
713 5198 840 5253 Post
871 5196 1127 5249 ὑπόθεσιν
1156 5191 1303 5246 addit
1345 5189 1545 5260 δοθείη,
1590 5199 1680 5242 aut
1718 5188 1898 5268 p~otius
1944 5188 2049 5269 huc

524 5285 638 5323 rans
663 5279 745 5323 ert
773 5283 838 5322 ex
868 5281 1012 5322 vers.
1063 5279 1181 5323 seu.
1217 5261 1370 5318 Vers.
1403 5262 1501 5315 ult.
1552 5276 1652 5323 pro
1678 5258 1863 5311 δουναι
1898 5269 2049 5323 ponit

486 5257 745 5325 tra‘nsl‘ert
773 5283 838 5322 ex
868 5281 1012 5322 vers.
1063 5279 1181 5333 seq.
1217 5261 1370 5318 Vers.
1403 5257 1522 5315 ult.'
1552 5276 1652 5331 pro
1678 5257 1863 5311 δοῦναι
1898 5260 2052 5326 ponit

486 5337 813 5481 dvﬁéfll‘ion
838 5406 965 5475 quia
997 5419 1083 5458 res
1105 5398 1713 5481 futuras-praediscrunt
1750 5398 2050 5481 prophetae,

490 5469 700 5536 idcirco
736 5469 1064 5540 evenerunt;
1112 5476 1203 5528 sed
1237 5471 1361 5539 quia
1392 5481 1668 5522 eventura!
1708 5479 1905 5540 erant,
1934 5469 2056 5520 ideo

490 5552 745 5618 praevisas
771 5537 1268 5618 easipradi'xeruut.‘
1294 5541 1554 5603 Breviter,
1572 5537 1820 5618 praevisio
1842 5550 1895 5591 et
1919 5554 2056 5618 prze-

492 5609 659 5674 dictio
685 5636 787 5673 non
821 5609 978 5671 aifert
1010 5616 1295 5667 eventibus
1336 5624 1515 5663 rerum
1564 5609 1725 5660 ullam
1759 5609 2055 5661 necessita-

494 5700 622 5742 tem.
650 5689 843 5742 Eadcm
868 5696 951 5740 est
979 5683 1256 5739 Athanasii
1298 5679 1559 5735 sententia
1598 5677 1810 5729 humilia
1837 5678 1887 5729 in
1930 5692 2049 5744 pas~

496 5761 701 5813 sionem
736 5768 789 5811 et
820 5772 1038 5811 crucem
1084 5752 1293 5806 Dmnini
1326 5767 1339 5802 :
1371 5751 1434 5801 Οἱ
1471 5748 1765 5817 προφῆται,
1791 5745 1899 5798 τῶν
1932 5744 2050 5815 μελ-

498 5828 693 5887 λόντων
732 5827 837 5881 εἰσὶ
874 5825 1318 5895 προσημάντορες
1346 5837 1355 5849 ·
1388 5821 1448 5871 ού
1472 5821 1577 5888 γὰρ
1599 5816 1784 5887 ἐπειδὴ
1812 5817 2049 5886 λέγουσι,

2158 5096 2379 5186 μέλλειῙ
2428 5112 2517 5165 διὰ
2543 5096 2699 5186 τοῦτο
2736 5096 3219 5186 καὶΙπρολὲγουρι,
3264 5102 3363 5186 καὶ

2158 5162 2619 5254 δεύδεσθαιίτοὺς
2668 5162 3013 5254 προφήτας-ο
3038 5162 3215 5254 δρῶσι
3241 5170 3354 5254 γὰρ
3393 5162 3720 5254 ἀληθῶς-ᾔει

2161 5236 2305 5308 unus:
2334 5249 2505 5323 Ἀρον
2543 5236 2648 5323 τᾶς-
2668 5236 2895 5323 πράξεις
3075 5236 3368 5323 Ἰουδαίων,
3402 5241 3493 5291 καὶ

2162 5301 2222 5377 ού
2254 5301 2589 5395 προεφήτευε
2622 5301 2689 5372 διν
2712 5301 2847 5387 ⁸περὶ
2870 5301 3052 5395 αὐτῶν
3088 5316 3117 5367 6
3138 5311 3371 5395 Ἡσαΐας
3383 5306 3643 5395 ,τοιαῦτξέ
3659 5301 3715 5352 Et

2168 5375 2413 5455 rurshm:
2446 5375 3131 5457 1nterpositisfquibusdam
3168 5400 3179 5434 :
3208 5378 3565 5457 :ERELGﬁ_Iip
3590 5375 3713 5455 ἁλη-

2163 5463 2271 5525 θῶς
2313 5447 2525 5532 ἑώρακε
2547 5498 2562 5521 ,
2591 5447 2685 5512 διὰ
2713 5447 2873 5509 τοῦτο
2912 5454 3173 5532 ἀδύνατον
3206 5447 3274 5532 ᾖν
3329 5447 3713 5532 σφα).ἧναιάύ-

2160 5518 2280 5587 τόν·
2316 5533 2375 5585 ού
2393 5518 2505 5599 γάρ
2529 5518 2703 5590 ἄλλως
2733 5528 2979 5599 ἑώρακεν
3000 5524 3032 5593 ἦ
3060 5524 3137 5586 ὡς
3163 5518 3359 5599 γέγονε
3380 5536 3394 5549 ’
3432 5518 3515 5599 καὶ

2160 5580 2243 5655 ’ἑᾶ
2270 5580 2738 5673 «aestima
2791 5580 3144 5673 τὶεπλήρὼῖὲἰ
3163 5580 3186 5624 ”
3227 5580 3349 5644 δὺδὲ
3370 5580 3709 5673 .IinT'ff‘iﬁ

2160 5653 2495 5743 τέγρᾶτξὲσιίξ
2516 5653 2615 5723 δι’θι⁸
2633 5668 2939 5743 ,τοῦτο-καὶ
2957 5653 3276 5743 ’ᾇπέὅαινον
3297 5703 3325 5743 ,n
3360 5653 3477 5743 ἀλλ”
3501 5656 3574 5743 ὅτι
3604 5653 3721 5719 ἐγίε

2159 5728 2314 5812 γνέτο
2346 5728 2562 5806 πάντως
2583 5782 2595 5806 ,
2629 5739 2713 5793 διὰ
2744 5737 2901 5792 τοῦτο
2936 5737 3029 5788 καὶ
3063 5732 3386 5803 προελέχθη.
3420 5728 3571 5781 Rm.
