3886 6420
124 418 232 484 lii"!

993 420 1534 484 EPISTOLARUM
1576 425 1725 485 LIB.
1765 426 1863 487 IV.
1906 453 1978 462 -
2015 428 2258 490 EPIST.
2301 430 2422 491 LX.

3240 431 3376 496 Ill-8

119 538 222 604 γίας
251 533 379 603 (93).
413 533 558 603 Φησὶ
578 532 707 604 γάρ,
762 551 781 584 ι
828 533 1307 605 Πεπληρωμένους
1346 537 1527 608 πάσης
1572 538 1684 591 ἀδι-

1793 540 2131 601 liberaberis.
2160 544 2253 597 Ait
2284 544 2469 607 enim,
2508 561 2528 594 ι
2554 541 2813 612 Repletos
2855 544 3001 598 omni
3037 544 3319 614 injustitia.
3351 567 3371 599 ι

120 628 236 689 χίας.
270 644 289 677 ι
326 624 568 689 Γενικῶς
600 626 708 695 γὰρ
755 626 1031 696 ὀνομάσας
1077 629 1260 681 πᾶσαν
1307 628 1407 699 τὴν
1440 629 1641 683 κακίαν
1662 670 1676 692 ,

118 720 193 775 καὶ
219 719 329 771 κατ’
354 713 498 781 εἶδος
529 719 588 770 ἐν
614 720 728 781 τοῖς
756 718 881 787 ἑξῆς
912 717 1273 790 διεξέρχεται.
1306 721 1373 774 El
1404 722 1588 773 τοίνυν
1617 723 1678 775 οὐ

117 812 617 882 πληρωθησομένους
636 852 651 875 ,
693 811 832 864 ἀλλά
858 812 1329 883 πεπληρωμένους
1356 815 1641 885 παρέδωκε
1660 854 1675 881 ,

116 908 157 959 τί
185 907 369 960 ἄτοπον
407 903 495 974 είη
540 903 893 974 πεποιηκώς;
931 905 992 957 El
1029 905 1074 957 δ’
1108 905 1319 974 ἀσαφὲς
1348 903 1487 960 εἶναι
1527 908 1681 977 νομί-

116 999 238 1063 ζεις,
266 998 443 1051 καίτοι
471 996 639 1064 σαφὲς
672 994 732 1048 δν
753 1038 768 1063 ,
804 996 1141 1067 σαφέστερον
1171 998 1305 1051 αὐτὸ
1337 999 1680 1070 ἑρμηνεῦσαι

117 1093 443 1164 πειράσομαι.
479 1091 595 1143 Οὐκ
616 1086 791 1156 εἶπεν,
830 1090 1053 1161 Ἐπειδὴ
1082 1090 1484 1162 παρεδόθησαν,
1514 1093 1683 1164 ἐπλη-

117 1186 365 1258 ρώθησαν,
405 1182 532 1236 οὕτε
568 1185 697 1254 μὴν,
740 1183 1129 1255 Παρεδόθησαν
1162 1170 1677 1256 πληρωθησόμενοι,

114 1278 260 1341 ἀλλὰ,
310 1297 329 1330 ι
400 1276 881 1347 Πεπληρωμένους
929 1275 1219 1347 παρέδωκε
1255 1293 1268 1307 ·
1318 1296 1337 1329 ι
1395 1279 1680 1331 τουτέστιν

115 1370 290 1436 ἀφῆκε,
321 1367 626 1438 γυμνώσας
652 1368 753 1437 τῆς
781 1365 979 1419 ἐαυτοῦ
1005 1365 1261 1436 βοηθείας
1278 1379 1293 1395 °
1316 1365 1391 1429 ὡς
1424 1364 1491 1422 ἂν
1517 1383 1683 1437 στρα-
1706 1382 1709 1385 ‘

114 1459 255 1529 τηγός
299 1461 373 1531 μὴ
414 1460 773 1529 πειθομένους
822 1456 1165 1529 στρατιώτας
1204 1460 1317 1521 τοῖς
1360 1459 1681 1529 παραγγέλ-

118 1569 258 1622 μασιν
296 1550 463 1604 αὐτοῦ
486 1591 500 1614 ,
546 1551 685 1605 ἀλλά
717 1550 777 1603 τό
805 1566 869 1617 γε
900 1549 1079 1603 αὐτῶν
1117 1549 1283 1619 μέρος
1310 1548 1679 1620 ἡττηθέντας,

116 1644 285 1714 ἀφίησι
309 1685 323 1708 ,
362 1642 589 1713 γυμνῶν
624 1642 737 1713 (94)
769 1642 869 1711 τῆς
908 1639 1109 1694 ἐαυτοῦ
1141 1641 1353 1708 σοφίας.
1397 1641 1539 1705 Τοὺς
1573 1640 1683 1712 γὰρ

114 1738 299 1793 οἴκοθεν
346 1734 816 1807 πεπληρωμένους
846 1733 1029 1802 πάσης
1072 1733 1305 1798 κακίας,
1340 1733 1568 1796 εἰκότως
1604 1733 1683 1802 τῷ

115 1829 485 1898 ἐγκαταλεᾱιιαι
516 1828 859 1897 παρέδωκεν,
890 1827 993 1880 οὐκ
1022 1825 1245 1896 ὠθήσας
1266 1828 1346 1889 είς
1376 1826 1468 1879 τὸν
1500 1827 1681 1881 ἀδόκι-

118 1939 199 1990 μον
224 1920 347 1973 νοῦν
367 1960 383 1984 ,
415 1919 533 1973 ἀλλ’
556 1919 911 1989 ὁρμήσαντας
932 1919 1013 1981 εἰς
1033 1916 1197 1970 αὑτὸν
1223 1916 1403 1984 ἀφείς.

1781 636 1917 687 Nam
1950 645 2300 704 posteaquam
2338 634 2670 705 generaliter
2715 650 2931 689 omnem
2976 637 3376 705 improbitatem

1783 728 2099 795 nominavit,
2132 729 2384 782 eamdem
2413 728 2579 783 etiam
2611 729 2665 782 in
2704 730 2885 797 specie
2918 742 3165 785 recenset
3194 732 3245 785 in
3285 748 3378 785 se-

1780 818 2092 887 quentibus.
2134 818 2189 873 Si
2220 834 2351 889 ergo
2392 834 2497 874 non
2540 821 2847 889 replendos,
2872 823 2966 876 sed
2993 821 3101 890 jam
3132 824 3369 892 repletos

1784 910 2008 965 tradidit
2040 950 2056 974 ,
2106 911 2233 980 quid
2272 912 2494 967 absurdi
2550 911 2747 967 fecisse
2798 913 3194 969 existimandus
3252 914 3385 969 est?

1783 1000 1937 1068 Quod
1967 1002 2014 1057 si
2045 1002 2148 1057 hoc
2171 1003 2465 1058 obscurum
2495 1018 2617 1059 esse
2660 1014 2840 1073 putas,
2872 1006 3122 1073 quamvis
3150 1004 3222 1059 sit
3249 1018 3378 1073 per-
3429 989 3436 1007 ’

1782 1092 2054 1161 spicuum,
2087 1092 2299 1163 planius
2323 1093 2488 1148 etiam
2517 1109 2581 1149 ac
2620 1094 2961 1149 manifestius
2997 1095 3137 1149 idem
3176 1095 3271 1151 tibi
3295 1095 3381 1150 in-

1785 1183 2075 1251 terpretari
2104 1185 2363 1239 conabor.
2410 1183 2528 1240 Non
2582 1185 2758 1241 dixit:
2809 1186 3078 1253 Quoniam
3122 1188 3205 1242 vel
3232 1198 3379 1259 post-

1782 1290 1947 1344 quam
1998 1276 2180 1331 traditi
2233 1287 2397 1342 sunt,
2436 1277 2624 1348 repleti
2675 1289 2842 1347 sunt;
2896 1279 2991 1334 sed
3023 1294 3201 1350 neque
3231 1281 3373 1336 hoc:

1782 1367 1993 1423 Traditi
2049 1378 2178 1423 sunt
2236 1369 2477 1439 replendi
2511 1410 2528 1435 ,
2579 1371 2663 1424 vel
2715 1380 2773 1425 ut
2828 1371 3209 1439 replerentur;
3242 1372 3380 1427 sed:

1789 1476 1809 1511 ι
1836 1457 2093 1526 Repletos
2127 1459 2375 1524 tradidit,
2408 1478 2427 1511 ι
2470 1460 2577 1514 hoc
2609 1470 2692 1515 est
2722 1460 2950 1526 dimisit,
2988 1461 3230 1532 reliquit,
3274 1479 3379 1515 nu-

1782 1550 1938 1604 datos
1969 1565 2068 1605 suo
2100 1551 2304 1606 auxilio
2336 1562 2391 1605 et
2416 1552 2694 1618 praesidio.
2739 1551 2855 1607 Non
2904 1553 3062 1607 aliter
3087 1568 3247 1622 quam
3279 1555 3375 1608 im-

1783 1650 2006 1711 perator
2038 1640 2242 1711 aliquis
2278 1643 2504 1707 milites,
2540 1643 2633 1714 qui
2678 1644 2950 1697 mandatis
2983 1643 3151 1713 ipsius
3180 1660 3378 1713 parere

1785 1732 2122 1799 detrectant,
2158 1734 2253 1789 sed
2284 1745 2550 1805 quantum
2592 1736 2648 1790 in
2688 1750 2748 1791 se
2787 1747 2875 1790 est
2912 1736 3113 1802 victos,
3153 1737 3382 1792 dimittit

1785 1839 1849 1879 ac
1896 1823 2189 1894 relinquit,
2226 1841 2322 1880 sua
2362 1826 2632 1895 sapientia
2674 1828 3010 1897 consilioque
3061 1828 3375 1883 destitutos.

1710 1893 1753 1947 Β
1786 1916 1890 1971 Eos
1920 1893 2074 1987 ergo,
2118 1919 2209 1987 qui
2236 1933 2265 1971 a
2295 1893 2490 1987 seipsis
2516 1918 2709 1987 repleti
2741 1893 3082 1974 erant—omni
3122 1920 3381 1990 improbi-

116 2026 226 2077 tate,
257 2030 361 2067 non
398 2013 674 2067 immerito
711 2013 1012 2067 deserendo
1051 2011 1296 2079 tradidit,
1339 2027 1447 2067 non
1492 2012 1775 2082 impellens
1838 2014 1892 2069 in
1926 2014 2214 2084 reprobum
2245 2030 2490 2079 sensum,
2523 2016 2615 2069 sed
2667 2015 2718 2068 in
2784 2029 2907 2068 eum
2974 2016 3168 2085 cupide
3222 2030 3383 2069 ruen-

114 2124 183 2166 tes
219 2120 271 2165 et
302 2125 425 2164 cum
458 2109 683 2178 impetu,
720 2108 1057 2174 relinquens.

436 2224 511 2278 ε’.
549 2253 617 2264 -
650 2222 988 2294 ΘΕΟΛΟΓΙῼ
1021 2224 1339 2295 ΔΙΑΚΟΝῼ.

109 2319 195 2384 Εἰς
218 2317 283 2371 τὸ
316 2314 654 2384 εἰρημένον-ο
701 2334 721 2367 ‹
774 2317 857 2369 Οὐ
898 2316 1087 2385 μόνον
1125 2318 1279 2371 αὐτὰ
1308 2317 1610 2372 ποιοῦσιν.
1661 2337 1678 2370 ι

180 2429 393 2500 Ἐπειδὴ
425 2430 589 2482 πάλιν
616 2430 1014 2495 ἀποστολικοὺς
1041 2431 1353 2502 θησαυροὺς
1378 2433 1684 2503 ἀνιχνεύειν

111 2526 240 2595 ἡμᾶς
272 2524 697 2593 παρεσκεύασας
751 2521 911 2592 (ἔφης
942 2521 1088 2592 γὰρ’
1136 2523 1203 2575 Τί
1247 2525 1363 2576 ἐστι
1402 2524 1484 2577 τό’
1537 2545 1555 2577 ι
1604 2526 1679 2578 Οὐ

115 2619 254 2686 μόνον
301 2615 447 2669 αὑτά
493 2614 776 2680 ποιοῦσιν,
822 2613 960 2667 ἀλλὰ
992 2614 1087 2666 καὶ
1128 2615 1514 2669 συνευδοκοῦσι
1568 2618 1683 2680 τοῖς

113 2711 391 2781 πράττουσι
412 2751 429 2776 ,
465 2727 484 2761 ι
524 2709 620 2761 καὶ
642 2708 927 2777 ἐπήγαγες
946 2724 961 2738 ο
986 2708 1050 2760 Ei
1076 2706 1169 2760 τοῦ
1202 2709 1378 2761 ποιεῖν
1405 2708 1465 2761 τὸ
1492 2726 1685 2762 συνευ-

111 2802 265 2855 δοκεῖν
302 2799 691 2872 χαλεπώτερόν
733 2800 851 2868 ἐστι
872 2839 888 2865 ,
922 2799 993 2852 δι’
1030 2797 1099 2869 ἢν
1144 2797 1324 2852 αἰτίαν
1352 2797 1527 2863 οὕτως
1554 2798 1687 2852 αὐτὸ

114 2893 280 2957 ἔταξεν
298 2895 326 2945 ὁ
349 2891 565 2955 Παῦλος
585 2890 648 2962 ;)'
668 2890 849 2959 ὀλίγον
866 2889 1188 2960 συναγαγὼν
1207 2890 1406 2944 σαυτοῦ
1429 2890 1521 2945 τὸν
1537 2890 1684 2959 νοῦν,

114 2984 236 3037 ὥστε
290 2983 562 3054 θηρεῦσαι
621 2980 895 3051 φεύγοντα
954 2981 1047 3035 τδν
1102 2982 1462 3037 ἀποστολικὺν
1523 2982 1683 3047 νοῦν,

113 3080 277 3133 ἄκουε.
325 3076 488 3140 Τινὲς
541 3076 639 3147 μὲν
668 3070 763 3128 οὖν
806 3074 882 3146 μὴ
927 3074 1221 3145 νοήσαντες
1253 3074 1315 3127 τὸ
1351 3076 1647 3145 εἰρημένον
1670 3114 1687 3141 ,

112 3169 212 3223 ἀλλ’
240 3170 430 3239 ὥσπερ
465 3169 533 3222 σὺ
558 3167 997 3240 διαπορήσαντες
1018 3206 1034 3231 ,
1065 3168 1162 3221 καὶ
1196 3169 1685 3239 παραπεποιῆσθαι

112 3268 198 3328 τὰς
225 3266 397 3332 λέξεις
434 3264 536 3327 τάς
582 3259 954 3324 ἀποστολικάς
982 3259 1331 3330 νομίσαντες,
1372 3258 1549 3323 οὕτως
1593 3261 1690 3313 αὑ-

112 3360 195 3422 τάς
213 3361 565 3430 ήρμήνευσαν
584 3374 597 3386 ·
634 3375 653 3408 ι
682 3355 758 3409 Οὐ
784 3356 948 3425 μόνον
981 3354 1032 3408 oi
1057 3352 1341 3415 ποιοῦντες
1367 3352 1529 3418 αὐτὰ,
1551 3352 1689 3408 ἀλλά

115 3453 195 3503 καὶ
221 3454 266 3503 oi
296 3447 749 3511 συνευδοκοῦντες
784 3449 900 3510 τοῖς
930 3445 1288 3517 πράττουσιν.
1329 3463 1348 3496 ι
1384 3442 1543 3497 Οὕτω
1580 3444 1688 3515 γὰρ

115 3540 260 3614 εἶχεν,
285 3543 519 3612 ἔφασαν,
557 3542 621 3595 τὸ
649 3540 882 3595 παλαιὸν
919 3540 1282 3609 ἀντίγραφον,
1316 3538 1404 3590 ἵνα
1434 3536 1619 3607 μεῖζον
1652 3532 1687 3611 ᾖ

113 3636 164 3688 τό
198 3638 365 3690 ποιεῖν
408 3635 522 3704 (95)
550 3633 645 3686 τοῦ
684 3633 1051 3686 συνευδοκεῖν.
1098 3629 1241 3698 Ἐγὼ
1269 3629 1314 3683 δ’
1353 3628 1467 3682 οὗθ’
1504 3631 1689 3700 ἡμαρ-

111 3728 291 3797 τῆσθαι
322 3730 381 3782 ἐν
414 3726 595 3797 τούτῳ
627 3726 805 3795 φήσας
842 3724 911 3778 τά
943 3721 1280 3777 ἀποστολικά
1313 3721 1495 3793 βιϐλία
1516 3763 1531 3788 ,
1563 3720 1688 3774 οὔτε

112 3821 463 3895 καταδραμὼν
499 3820 609 3873 τῶν
647 3820 721 3890 μὴ
769 3819 1106 3888 νενοηκότων
1147 3816 1313 3888 (ἴσως
1362 3814 1472 3887 γάρ
1506 3816 1555 3868 εί
1594 3818 1689 3869 καὶ

112 3912 163 3962 ἐν
180 3911 347 3981 τούτῳ
376 3909 854 3974 πλεονεκτοῦνται,
879 3911 937 3961 ἐν
957 3907 1139 3971 ἄλλοις
1160 3906 1565 3971 πλεονεκτοῦσι,
1596 3906 1689 3960 καί

111 4019 220 4071 τινα
244 4002 493 4072 ἐνόησαν,
522 3994 595 4054 ὧν
626 4000 786 4063 αὐτὸς
807 4000 917 4053 οὐδ’
940 4002 1020 4064 είς
1042 3998 1249 4052 ἔννοιαν
1274 3999 1605 4075 ἀφικόμην),
1627 3999 1695 4057 τὸ,

111 4093 420 4163 νενοημένον
476 4094 724 4164 φράσας,
773 4094 890 4156 τοῖς
949 4089 1358 4161 ἐντευξομένοις
1412 4090 1690 4161 ἐπιτρέψω

110 4188 199 4257 τήν
243 4189 441 4258 ψῆφον.
487 4188 638 4258 Φημὶ
684 4187 898 4252 τοίνυν,
950 4186 1067 4250 ὅτι,
1124 4186 1317 4257 ἐπειδὴ
1362 4184 1457 4238 τοῦ
1501 4185 1687 4254 πλημ-

114 4282 285 4351 μελεῖν
343 4283 408 4337 τὸ
469 4284 717 4336 ἐπαινεῖν
785 4282 913 4345 τοὺς
986 4280 1446 4353 πλημμελοῦντας
1508 4279 1690 4350 πολλῴ

111 4376 515 4447 ἀργαλεώτερόν
544 4378 683 4438 ἐστι.
720 4376 816 4429 καὶ
860 4375 1044 4446 μεῖζον
1083 4376 1162 4438 εἰς
1200 4373 1477 4435 κολάσεως
1505 4373 1687 4441 λόγον,

2089 2224 2202 2279 LX.
2240 2256 2312 2268 —
2339 2222 2739 2279 THEOLOGIO
2769 2222 3095 2280 DIACONO.

1789 2318 1858 2374 In
1878 2320 1934 2373 id
1964 2322 2103 2391 quod
2120 2320 2319 2373 dictum
2338 2330 2413 2373 est
2442 2334 2462 2372 :
2487 2336 2504 2370 ι
2521 2316 2645 2372 Non
2664 2318 2835 2372 solum
2858 2335 2918 2371 ea
2937 2318 3138 2387 faciunt
3154 2316 3254 2383 ³⁰,›
3271 2326 3382 2371 etc.

1858 2434 2128 2501 Quoniam
2161 2434 2357 2488 iterum
2390 2433 2716 2502 apostolicos
2750 2433 3042 2487 thesauros
3069 2440 3125 2484 ut
3159 2432 3383 2486 investi-

1791 2541 1980 2596 genius
2005 2567 2021 2593 ,
2058 2525 2283 2581 ell‘ecisti
2316 2524 2658 2595 (qumsivisti
2717 2526 2861 2580 enim
2888 2564 2905 2591 ,
2957 2524 3084 2593 quid
3115 2523 3217 2577 sibi
3257 2523 3384 2578 velit

1791 2620 1920 2675 illud
1945 2639 1957 2673 :
1990 2617 2137 2673 «Non
2168 2618 2343 2674 solum
2372 2634 2435 2673 ea
2462 2618 2703 2685 faciunt,
2727 2620 2823 2675 sed
2845 2620 3009 2674 etiam
3036 2617 3384 2673 consentiunt

1793 2710 2158 2774 facientibus;
2184 2729 2204 2762 ι
2252 2719 2307 2764 et
2342 2710 2607 2766 intulisti:
2649 2710 2705 2765 Si
2736 2710 3044 2765 consentire
3080 2709 3300 2779 gravius
3327 2718 3384 2762 et

1795 2803 1971 2873 majus
2002 2802 2259 2871 quiddam
2300 2809 2385 2856 est
2428 2817 2589 2868 quam
2634 2800 2847 2869 facere,
2875 2817 3046 2871 quare
3075 2799 3271 2854 Paulus
3302 2801 3386 2854 sic

1792 2895 1958 2949 verba
2001 2893 2404 2961 collocavit?):
2460 2893 2735 2964 paulisper
2786 2894 2841 2947 in
2893 2893 3121 2949 collecto
3176 2893 3385 2947 habens

1793 2993 2029 3040 mentem
2084 2992 2232 3039 tuam
2257 3024 2274 3050 ,
2324 2995 2384 3039 ut
2418 2984 2715 3056 fugientem
2748 2985 3103 3056 apostolicam
3143 2994 3382 3038 mentem

1797 3079 1986 3133 venari
2018 3089 2182 3148 atque
2211 3078 2428 3148 assequi
2460 3079 2660 3148 possis,
2699 3078 2969 3133 ausculta.
2997 3078 3242 3132 Fuerunt
3280 3077 3381 3146 igi—

1795 3182 1882 3226 tur
1940 3172 2071 3242 qui,
2125 3172 2270 3241 quod
2322 3186 2429 3225 non
2478 3171 2847 3241 intelligerent
2875 3171 2979 3225 hoc
3007 3170 3253 3233 dictum,
3286 3170 3388 3223 sed

1790 3267 2019 3338 perinde
2048 3275 2107 3320 nt
2142 3276 2197 3320 tu
2230 3266 2297 3320 de
2325 3280 2393 3320 eo
2423 3264 2758 3330 dubitarent,
2793 3264 2960 3337 446
2991 3272 3048 3319 et
3086 3265 3384 3333 depravata

1790 3375 1912 3414 esse
1940 3360 2107 3414 verba
2137 3358 2435 3425 apostolica
2464 3358 2867 3422 existimarent,
2901 3359 2980 3412 sic
3017 3372 3079 3410 ea
3113 3358 3381 3424 interpre-

1795 3455 1890 3506 tati
1914 3462 2040 3506 sunt
2066 3470 2080 3506 :
2126 3470 2144 3502 ι
2168 3450 2285 3504 Non
2324 3451 2499 3505 solum
2528 3450 2793 3504 facientes
2825 3465 2911 3513 ea,
2939 3450 3033 3503 sed
3058 3447 3222 3503 etiam
3250 3462 3381 3501 con-

1792 3548 2093 3602 sentientes
2111 3543 2493 3598 facientibus.»
2530 3544 2623 3597 Sic
2651 3542 2818 3607 enim,
2839 3542 3115 3606 dixerunt,
3150 3541 3384 3593 hahehat

1792 3650 1949 3693 vetus
1975 3638 2289 3705 exemplar:
2325 3635 2427 3690 «ιιι
2451 3636 2523 3689 ita
2546 3635 2722 3705 majus
2748 3635 2821 3688 sit
2849 3634 3032 3688 facere
3061 3648 3224 3702 quam
3250 3647 3384 3686 con-

1793 3731 2052 3785 sentire.»
2085 3730 2153 3783 At
2184 3743 2286 3796 ego
2308 3742 2487 3797 neque
2518 3727 2751 3780 dixerim
2784 3727 2838 3781 in
2862 3741 2927 3781 eo
2953 3737 3241 3793 corruptos
3262 3741 3385 3781 esse

1793 3822 1962 3875 libros
1991 3819 2343 3890 apostolicos,
2380 3833 2555 3888 neque
2595 3817 2701 3871 illis
2744 3818 2836 3886 qui
2873 3818 3049 3871 locum
3084 3833 3190 3870 non
3222 3817 3383 3871 intel-

1794 3914 2065 3977 lexerunt,
2096 3910 2475 3966 insultaverim
2508 3910 2781 3981 (fortassis
2809 3911 2974 3976 enim,
2999 3910 3249 3979 quamvis
3282 3910 3384 3964 hac

1794 4005 1847 4058 in
1884 4017 1941 4056 re
1971 4011 2297 4070 superentur
2331 4016 2364 4055 a
2400 4016 2507 4066 me,
2541 4001 2595 4054 in
2626 4001 2749 4055 aliis
2780 4010 2960 4055 tamen
2991 4016 3077 4054 me
3099 4001 3257 4071 longe
3286 4016 3382 4056 su-

1793 4103 2005 4165 perant,
2037 4103 2093 4148 et
2117 4093 2300 4163 aliqua
2332 4092 2761 4157 intellexerunt,
2798 4108 3030 4163 quorum
3069 4109 3169 4162 ego
3195 4094 3385 4162 cogni-

1795 4190 1995 4247 tionem
2030 4202 2137 4241 non
2177 4202 2294 4242 sum
2339 4184 2702 4257 assecutus):
2763 4186 2858 4241 sed
2910 4201 3188 4255 exponens
3239 4188 3384 4255 quod

1791 4297 1891 4352 ego
1919 4279 2190 4350 intelligo,
2240 4278 2468 4334 lecturis
2497 4277 2807 4345 permittam
2840 4276 3067 4332 liberum
3091 4275 3381 4343 judicium.

1791 4374 1892 4427 Aio
1922 4371 2125 4443 igitur:
2159 4370 2298 4437 Quia
2337 4370 2498 4441 longe
2527 4369 2748 4440 gravius
2772 4409 2789 4436 ,
2817 4378 2905 4435 et,
2938 4368 3079 4438 quod
3107 4370 3174 4423 ad
3207 4383 3385 4439 ptume

111 4470 322 4532 εἰκότως
341 4469 560 4538 εἴρηται
584 4486 597 4499 ·
625 4485 645 4518 ι
676 4467 752 4521 Οὐ
785 4466 947 4538 μόνον
964 4465 1107 4522 αὐτὰ
1132 4464 1399 4531 ποιοῦσιν,
1428 4463 1565 4522 ἀλλά
1594 4467 1685 4518 καὶ

1794 4466 2063 4521 rationem
2089 4464 2308 4529 attinet,
2328 4462 2505 4534 majus
2529 4472 2637 4528 est,
2660 4462 2886 4517 laudare
2905 4470 3197 4531 peccantes
3216 4475 3387 4530 quam

111 4558 482 4613 συνευδοκοῦσι
513 4561 627 4621 τοῖς
664 4560 1017 4630 πράττουσιν,
1057 4575 1077 4608 ι
1097 4557 1157 4610 Ὀ
1190 4556 1291 4627 μὲν
1322 4556 1433 4627 γὰρ
1468 4554 1608 4627 μετά
1629 4556 1690 4609 τὸ

111 4650 441 4721 πλημμελεῖν
470 4650 901 4720 καταγινώσκων
927 4649 1027 4719 τῆς
1048 4648 1326 4719 ἁμαρτίας
1344 4687 1361 4713 ,
1395 4647 1689 4718 δυνήσεται

111 4743 279 4821 χρόνῳ
307 4744 499 4797 ἑαυτόν
522 4761 651 4796 ποτε
673 4742 1110 4814 ἀνακτήσασθαι,
1141 4740 1411 4813 μεγίστην
1433 4740 1688 4812 βοήθειαν

113 4836 244 4911 ἔχων
272 4839 350 4900 είς
394 4837 455 4890 τὸ
486 4837 831 4906 μεταγνῶναι
863 4835 962 4904 τὴν
1000 4835 1348 4903 κατάγνωσιν
1377 4834 1475 4903 τῆς
1509 4834 1689 4905 ἀμαρ-

112 4929 223 4991 τίας
246 4946 260 4959 ·
287 4931 315 4982 ό
342 4931 387 4983 δ’
429 4931 671 4985 ἐπαινῶν
693 4929 791 5001 τὴν
824 4929 1091 5001 πονηρίαν
1112 4970 1127 4995 ,
1156 4930 1254 4999 τῆς
1284 4928 1350 4983 ἐκ
1381 4926 1476 4981 τοῦ
1523 4945 1690 4997 μετα-

114 5021 297 5092 νοῆσαι
339 5023 589 5094 βοηθείας
640 5024 835 5077 ἐαυτδν
875 5024 1192 5095 ἀποστερεῖ.
1245 5021 1467 5093 Ἐπειδὴ
1511 5021 1691 5079 τοίνυν

177 5180 223 5210 ”
256 5179 408 5233 Rom.
440 5180 590 5241 1,29.
669 5180 715 5212 ³⁸
749 5180 877 5235 ibid.
899 5178 989 5233 52.

1798 4560 1977 4630 ipsum
2012 4572 2269 4630 peccare,
2316 4571 2427 4617 non
2483 4555 2760 4612 immerito
2791 4554 2995 4610 dictum
3028 4561 3149 4609 est:
3208 4572 3228 4606 ι
3261 4552 3386 4610 Non

1797 4651 1971 4708 solum
1994 4652 2090 4723 qui
2117 4665 2183 4707 ea
2215 4649 2447 4714 faciunt,
2478 4648 2574 4705 sed
2610 4648 2779 4704 etiam
2813 4645 2906 4717 qui
2934 4643 3386 4701 consentiuntfa-

1798 4746 2088 4807 cientibus.
2121 4762 2143 4797 ι
2192 4742 2332 4798 Nam
2363 4742 2456 4798 ille
2487 4741 2745 4812 quidem,
2801 4738 2896 4810 qui
2927 4746 3046 4810 post
3086 4738 3383 4793 admissum

1798 4844 2077 4907 peccatum
2107 4834 2162 4889 id
2196 4833 2543 4899 condemnat,
2573 4831 2775 4902 poterit
2802 4830 3022 4883 tandem
3056 4827 3386 4898 procedente

1801 4938 2046 4993 tempore
2073 4926 2311 4997 seipsnm
2345 4938 2668 4994 recuperare
2703 4932 2865 4991 atque
2893 4922 2944 4975 in
2974 4920 3247 4989 integrum
3294 4930 3386 4971 re-

1797 5021 2045 5085 stituere,
2071 5020 2269 5089 quippe
2288 5017 2382 5088 qui
2407 5017 2703 5072 maximum
2728 5014 2795 5070 ad
2823 5013 3200 5085 pcenitentiam
3228 5025 3383 5083 agen-

1207 5289 1447 5346 ἾΑΚΙᾹΞ
1485 5285 1872 5345 LECTIONES
1906 5286 1996 5341 ET
2036 5285 2267 5342 ΝΟΤᾹΞ.

184 5450 294 5522 (93)
314 5453 491 5506 Aurea
526 5448 990 5515 interpretationis
1024 5448 1229 5516 regula,
1262 5445 1398 5501 utin
1431 5461 1683 5522 unoquo-

116 5515 216 5586 que
247 5515 359 5577 loco
385 5525 618 5576 obscuro
653 5530 721 5577 et,
747 5515 1103 5575 controverso
1138 5521 1203 5570 ad
1233 5534 1294 5571 ea
1328 5515 1681 5572 attendamus

117 5607 235 5657 qna:
257 5593 560 5659 praecedunt
585 5601 640 5645 et
661 5599 977 5658 sequuntur.
1003 5589 1210 5658 Είρμὸν
1240 5588 1341 5657 τῆς
1363 5587 1684 5659 ἀκολουθίας

120 5658 272 5713 vocat
304 5661 553 5717 Clemens
594 5660 1018 5714 Alexandrinus.
1048 5660 1208 5724 Quid,
1239 5658 1681 5727 quodjnriscon-

118 5732 239 5783 sulti
264 5747 472 5800 quoque
529 5732 746 5785 incivile
792 5746 911 5785 esse
947 5732 1135 5797 aiunt,
1170 5745 1275 5783 non
1307 5737 1417 5781 tota
1452 5729 1682 5800 legein-

120 5798 316 5872 specta.
350 5798 416 5858 de
449 5804 711 5871 particula
733 5800 850 5872 eius
875 5800 1170 5870 judicare?
1199 5800 1355 5856 Conf.
1376 5799 1536 5871 epist.
1557 5798 1691 5865 9.19,

124 5871 273 5939 hujus
298 5873 413 5930 libri
450 5889 522 5929 tv.
558 5874 717 5941 Itin.

1862 5446 1974 5515 (94)
1999 5442 2130 5515 Cod.
2167 5442 2314 5515 νειμ,
2351 5442 2614 5515 γυμνούς.

1862 5508 1974 5589 (95)
2011 5514 2154 5568 Idem
2178 5514 2307 5589 codL
2328 5508 2452 5582 post
2480 5514 2540 5566 τὸ
2556 5514 2732 5589 ποιεῖν
2763 5511 2913 5589 addit
2942 5511 3036 5563 καὶ
3057 5508 3383 5589 ἐλαττονλρι

1794 5580 1914 5643 ηιιίχ
1946 5580 2181 5653 sequens
2214 5582 2309 5637 τοῦ
2330 5580 2514 5637 ἰιιιιιεὶι
2556 5585 2605 5636 in
2650 5583 2732 5636 τό.
2770 5584 2828 5634 1η
2863 5586 2967 5634 line
3000 5596 3087 5648 ep.
3126 5598 3223 5650 pro
3257 5580 3387 5653 illis,

1781 5660 1876 5712 acati.
1902 5652 2141 5725 ἑκατέρα
2172 5656 2437 5737 κρατήσει
2486 5653 2698 5734 εἷμῆφοςζ
2723 5655 2833 5706 lucc
2875 5653 3027 5737 ponit
3062 5653 3201 5731 idem
3232 5652 3379 5737 cod"

1782 5732 1816 5800 ή
1848 5720 2109 5795 ἐκατέρού
2165 5720 2364 5812 ψῆφος.
2423 5720 2516 5779 τοῦ
2551 5720 2847 5787 ποιοῦντος,
2881 5723 2972 5776 κα)¹
3002 5720 3096 5777 τοῦ
3137 5721 3393 5780 συνευδος

1789 5800 2011 5862 κοῦντος
2038 5800 2379 5871 κρατήσειεν.
