3886 6420
462 373 598 441 1119
1625 384 1686 442 5.
1733 381 1995 440 [SIDOR

2195 380 2506 441 .USIOTJE
3610 369 3729 434 1190

462 492 588 542 dam
615 488 988 559 adjumentum
1027 493 1224 547 haheat
1251 493 1759 547 condemnationem
1800 502 1854 544 et
1893 494 1996 544 dett

2195 493 2554 562 ,εφθαρμένης
2601 489 2721 543 ἐστὶ
2773 487 3022 558 γνώμης,
3068 486 3161 539 καὶ
3207 483 3390 552 ψυχῆς
3439 480 3627 534 ἀνίατα
3653 491 3729 533 vo‘

463 581 750 636 stationem
773 585 1011 651 peccati:
1041 597 1096 639 at
1115 587 1204 654 qui
1225 587 1387 638 etiam
1409 584 1586 638 laudat
1619 585 1997 653 improhitaten

2197 582 2359 653 ούσης
2387 582 2526 653 αὕτη
2566 587 2597 652 ὴ
2628 581 2832 651 ψῆφος.
2863 581 3092 641 εἰκότως
3117 577 3212 629 τοῦ
3241 571 3679 643 πλημμελοῦντος
3706 575 3731 626 ὁ

464 673 511 723 is
535 675 755 739 auxilio,
784 677 924 742 quod
953 692 1015 730 ex
1049 677 1362 745 paenitentia
1390 678 1490 745 ipsi
1517 679 1800 745 pmvenirc
1819 686 1998 742 potel'a

2195 676 2257 746 ὴν
2294 674 2567 745 ἁμαρτίαν
2601 672 2866 735 ἐπαινῶν,
2906 670 3086 740 πολλῷ
3116 665 3580 740 παρανομιὶιτερος
3607 660 3729 717 εἶναι

463 777 522 814 se
554 763 725 829 ipsum
759 766 953 833 privat.
1010 767 1189 832 Quare
1229 783 1349 819 cum
1396 783 1664 834 perversa:
1711 777 1872 832 atque
1919 780 1997 818 cm

2199 766 2431 836 έκριται.
2476 766 2534 818 '0
2568 765 2668 834 μὲν
2701 763 2811 834 γὰρ
2837 763 2939 832 τὴν
2977 759 3242 829 ταχίστην
3265 799 3282 823 ,
3320 758 3350 809 ὁ
3388 757 3434 809 δ’
3471 755 3577 808 οὐδ’
3611 756 3733 819 ὅλως

466 865 637 924 ruptis
685 858 756 909 sit
787 860 984 912 mentis
1017 860 1115 912 hoc
1154 860 1416 927 judicium
1446 901 1459 922 ,
1493 868 1547 912 et
1575 858 1770 910 anima:
1805 869 1996 910 extren

2197 860 2514 930 ποφοιτήσει
2538 858 2634 925 τῆς
2668 854 2942 926 ἁμαρτίας
2965 893 2980 917 ,
3009 854 3125 921 εἴγε
3153 853 3251 904 καὶ
3279 848 3517 920 ἑκατέρα
3542 852 3731 920 κρατη-

467 947 750 1002 iucurabili
784 953 972 1004 morbo
1004 951 1332 1014 laborantis,
1384 952 1506 1017 jure
1548 966 1612 1004 ac
1645 951 1841 1003 merito
1877 950 1923 1002 is
1955 949 2046 1018 qui
2156 967 2238 1002 σει
2265 949 2470 1020 ψῆφος.

464 1050 744 1110 peccatum
793 1042 1011 1106 laudat,
1068 1055 1332 1111 peccante
1371 1045 1489 1108 ipso
1530 1043 1690 1109 longe
1744 1042 2042 1109 improbior
2079 1054 2202 1095 esse
2227 1040 2501 1108 judicatus
2531 1050 2637 1093 est.
2672 1039 2823 1092 Alter
2886 1037 3031 1090 enim
3055 1035 3384 1099 celerrime;
3449 1032 3582 1086 alter
3620 1047 3732 1087 vero

465 1146 742 1199 nunquam
777 1133 998 1186 omnino
1023 1149 1050 1183 a
1092 1145 1315 1200 peccato
1351 1135 1608 1202 rel'ugiet,
1639 1135 1684 1188 si
1715 1133 1934 1203 quidem
1967 1133 2229 1187 alterutra
2265 1134 2534 1188 obtinebit
2573 1132 2866 1186 sententia.

951 1247 1087 1302 LXI.
1109 1279 1184 1289 —
1215 1249 1552 1304 Aal'llONlO.

2653 1245 2776 1301 EA’.
2813 1276 2881 1288 -
2915 1243 3258 1312 ΑΜΜΩΝΙῼ.

465 1341 528 1396 In
557 1340 690 1395 illud
736 1340 897 1394 Pauli
931 1343 1128 1395 dictum
1155 1359 1172 1394 :
1213 1361 1231 1392 r
1270 1341 1486 1400 Gloria,
1541 1352 1586 1391 et
1618 1342 1789 1394 honor
1815 1381 1829 1405 ,
1864 1347 1913 1392 et
1942 1356 1999 1409 pa

2197 1343 2260 1406 ’ὶς
2289 1340 2381 1394 τό·
2436 1358 2454 1392 ι
2509 1338 2682 1402 Δόξα,
2707 1337 2837 1409 “xui
2876 1335 3038 1409 τιμὴ.
3074 1335 3173 1409 καὶ
3221 1333 3431 1409 ειρήνη
3463 1331 3632 1385 παντὶ
3666 1332 3731 1396 τῷ

874 1413 1015 1464 omni
1047 1414 1285 1480 aperanti
1315 1413 1504 1464 bonum
1541 1412 1610 1466 “.
1636 1432 1654 1464 ι
1942 1405 1951 1409 ’
2237 1405 2245 1406 ί

1942 1405 1951 1409 ’
2237 1405 2245 1406 ί
2549 1406 2920 1476 ἐργαζομένῳ
2951 1405 3019 1458 τὸ
3055 1405 3304 1473 ἀγαθόν.
3348 1421 3365 1453 ι

542 1523 683 1588 Quid
730 1538 906 1577 causa:
955 1535 1076 1588 est,
1133 1525 1352 1592 inquis,
1411 1541 1511 1577 cur
1553 1524 1745 1577 Paulus
1806 1524 2052 1578 dixerit:

2237 1525 2338 1578 Διὰ
2366 1524 2419 1577 τί
2449 1519 2626 1586 εἶπεν,
2660 1523 2818 1593 ἔφης,
2849 1523 2878 1574 ὁ
2916 1519 3151 1582 Παῦλος*
3192 1538 3211 1571 ‹
3248 1520 3384 1584 Δόξα
3414 1519 3471 1571 δὲ
3501 1511 3588 1570 καὶ
3617 1521 3731 1588 τιμὴ

476 1635 495 1668 ι
523 1615 704 1670 Gloria
752 1625 806 1668 et
842 1616 1051 1679 honor,
1098 1625 1152 1669 et
1198 1632 1298 1683 pax
1333 1615 1479 1667 omni
1526 1614 1775 1683 operanti
1833 1617 2010 1666 bnnuu

2197 1616 2264 1668 ταὶ
2294 1617 2485 1686 εἰρήνη
2528 1615 2694 1667 παντὶ
2719 1612 2797 1684 τῷ
2837 1613 3196 1682 ἐργαζομένῳ
3233 1610 3296 1662 τὸ
3340 1609 3580 1678 ἀγαθὸν,
3619 1610 3731 1662 Ἰου-

468 1706 656 1762 Ιιιιίωο
692 1707 945 1775 primum,
982 1716 1037 1760 et
1067 1705 1298 1772 Graeco;
1334 1725 1352 1758 ι
1389 1723 1489 1760 nec
1523 1705 1730 1775 uspiam
1765 1705 1998 1759 Christia

2200 1707 2302 1777 αίῳ
2331 1706 2391 1758 τὸ
2429 1705 2679 1776 πρῶτον,
2716 1705 2811 1758 καὶ
2857 1703 3118 1773 Ἕλληνι,
3165 1722 3184 1754 ›
3241 1703 3338 1754 καὶ
3385 1701 3613 1770 οὐδαμοῦ
3653 1703 3733 1755 τοῦ

470 1800 661 1854 fecerit
685 1799 1057 1852 mentionem?
1084 1797 1238 1853 Scire
1263 1800 1428 1868 igitur
1453 1799 1642 1860 debes,
1677 1800 1742 1853 de
1772 1798 1876 1852 illis
1897 1797 2004 1852 Pau

2201 1797 2499 1868 ἱριστιοινοῦ
2526 1797 2636 1868 (96)
2669 1795 3109 1866 ὲμνημόνευσενς
3141 1793 3282 1846 Ἵσθι
3304 1793 3504 1854 τοίνυν,
3525 1795 3600 1845 ὅτι
3626 1795 3735 1863 περὶ

473 1905 780 1944 serumnem
818 1888 1025 1952 fuisse,
1063 1891 1153 1957 qui
1188 1899 1312 1944 ante
1352 1889 1555 1944 Christi
1590 1890 1642 1943 in
1692 1906 1911 1944 carnem
1967 1905 2007 1942 at

2203 1892 2278 1944 ῶν
2305 1891 2412 1961 πρὸ
2441 1891 2538 1958 τῆς
2561 1891 2828 1961 ὲνσὰρκου
2855 1888 2949 1942 τοῦ
2979 1886 3220 1960 Χριστοῦ
3255 1888 3554 1953 παρουσίας
3584 1882 3646 1956 ἦν
3667 1886 3733 1954 τῷ

475 1992 692 2036 ventum
728 1984 1000 2036 vixerunt.
1031 1982 1278 2036 Nondum
1321 1984 1464 2038 enim
1495 1984 1548 2036 in
1596 1986 1783 2052 gratim
1815 1994 2009 2052 temp0t

2203 1982 2370 2052 ίαύλῳ
2391 1984 2419 2034 ὁ
2434 1981 2611 2049 λόγος.
2639 1981 2864 2034 Οὐδέπω
2887 1981 2998 2051 γὰρ
3027 1981 3110 2042 εἰς
3129 1979 3257 2042 τοὺς
3275 1980 3377 2048 τῆς
3401 1977 3614 2048 χάριτος
3634 1979 3737 2047 κρι.

476 2076 685 2129 delatus
719 2085 858 2130 erat.
909 2075 1129 2130 Graecos
1169 2086 1349 2129 autem
1397 2076 1500 2129 hoc
1541 2075 1658 2129 loco
1703 2085 1906 2138 vocat,
1956 2089 2010 2127 nt

2199 2091 2296 2137 κους
2340 2073 2453 2141 (97)
2500 2071 2854 2142 ἐνδιατρίϐων
2891 2071 3212 2141 ἐτύγχανεν.
3257 2070 3529 2136 Ἕλληνας
3573 2069 3624 2121 δὲ
3661 2073 3733 2122 ἑν-

477 2166 747 2219 idolorum
782 2165 1040 2231 cultores,
1074 2167 1168 2220 sed
1194 2166 1444 2221 homines
1465 2166 1605 2233 pios,
1634 2165 1726 2233 qui
1752 2166 1804 2217 in
1827 2165 1943 2234 lege
1967 2179 2011 2217 n:

2201 2165 2350 2219 ἀὖθά
2382 2183 2572 2237 φησιν,
2600 2167 2662 2218 οὑ
2693 2166 2821 2228 τοὺς
2849 2164 3266 2233 εἰδωλολάτρας,
3291 2163 3429 2216 ἀλλὰ
3452 2165 3574 2226 τοὺς
3600 2165 3735 2216 εὐσε-

481 2257 640 2311 turali
671 2256 945 2322 vivebant,
972 2258 1063 2325 qui
1101 2257 1306 2326 absque
1332 2256 1685 2310 Judaicarum
1723 2254 2015 2308 adinventit

2205 2262 2291 2323 ῐεῖς
2309 2299 2324 2324 ,
2360 2261 2488 2322 τοὺς
2515 2261 2572 2312 ὲν
2590 2258 2668 2329 τῷ
2697 2257 2927 2329 ὲμφύτῳ
2952 2257 3415 2326 πολιτευομένους
3444 2257 3611 2327 νόμῳ,
3631 2257 3739 2319 τοὺς

479 2365 608 2403 num
643 2357 696 2403 et
721 2349 1164 2402 Observationum
1208 2364 1498 2418 pravarum
1545 2347 1914 2411 adminiculo,
1949 2362 2013 2401 ou

2203 2351 2305 2403 ινευ
2347 2349 2458 2402 τῶν
2497 2349 2811 2403 Ἰουδαϊκῶν
2842 2349 3292 2420 παρατηρήσεων
3325 2348 3504 2401 πάντα
3527 2347 3591 2400 τὰ
3625 2346 3737 2417 πρὸς

479 2442 569 2494 nia
623 2457 743 2510 qua:
791 2441 856 2494 ad
917 2441 1170 2509 pietatem
1218 2441 1594 2509 pertinerent,
1651 2439 2004 2494 custodieban

2208 2442 2461 2495 ὐσέὸειαν
2529 2441 2795 2512 βλέποντα
2853 2440 3427 2512 παραφυλάσσοντας·
3475 2435 3575 2495 οἶοι
3619 2435 3742 2511 ἦσαν

479 2531 671 2600 quales
703 2540 884 2596 erant,
916 2531 1402 2594 Melchisedechus,
1427 2530 1618 2598 Jobus,
1643 2530 1955 2587 Cornelius.

1575 2547 1618 2598 ε,
1643 2530 1955 2587 Cornelius.
2175 2535 2512 2606 Μελχισεδὲκ
2530 2575 2546 2599 ,
2594 2533 2715 2587 Ἰὼϐ
2736 2574 2751 2596 ,
2784 2533 3109 2606 Κορνήλιος.

785 2644 945 2700 LXII.
976 2675 1048 2687 -—-
1083 2644 1432 2701 EPIMACHO
1464 2645 1782 2700 LECTORI.

2424 2647 2545 2701 EB'.
2593 2676 2663 2687 —
2701 2647 3023 2717 ΕΠΙΜΑΧῼ
3059 2643 3502 2717 ΔΝΑΓΝΩΣΤῌ.

487 2737 551 2793 1η
576 2737 708 2792 illud
737 2736 901 2792 Pauli
930 2737 1132 2841 dictum
1157 2755 1176 2793 :
1213 2758 1231 2790 ‹
1260 2739 1395 2841 ‘Siue
1423 2739 1538 2841 alfge
1570 2750 1742 2792 autent
1791 2749 2021 2808 peccatu:

2246 2740 2351 2806 Εἰς
2381 2741 2473 2795 τό·
2523 2759 2542 2791 ι
2583 2739 2773 2807 Χωρὶς
2806 2737 2874 2791 δὲ
2907 2739 3099 2807 νόμου
3131 2738 3392 2809 ἁμαρτία
3423 2734 3618 2803 νεκρά,
3655 2753 3672 2784 ι

1033 2819 1108 2862 est
1141 2821 1407 2863 mortuum
1423 2819 1489 2864 ".
1517 2830 1536 2861 ι

555 2921 845 2989 Quoniam,
876 2937 986 2992 quo
1014 2931 1173 2992 pacto
1208 2922 1326 2977 sine
1355 2922 1470 2990 lege
1503 2933 1786 2991 peccatum
1826 2923 1899 2976 sit
1928 2936 2074 2976 mor-

2265 2923 2505 2994 Ἐπειδὴ,
2533 2922 2653 2985 πῶς
2676 2921 2848 2994 χωρὶς
2877 2921 3046 2993 νόμου
3078 2921 3111 2993 ἡ
3146 2919 3394 2991 ἁμαρτία
3423 2917 3610 2989 νεκρὰ,
3636 2917 3743 2987 ἠθέ-

487 3024 668 3080 tuum,
697 3015 909 3071 discere
934 3015 1190 3081 voluisti,
1215 3016 1337 3080 aio,
1372 3015 1598 3072 Paulum
1641 3017 1744 3070 hoc
1775 3016 1957 3071 dicere
1980 3031 2021 3068 vt

2211 3034 2352 3089 ηησας
2387 3015 2601 3088 μαθεῖν,
2629 3033 2701 3084 φη
2711 3015 2775 3084 μὶ
2805 3015 2889 3068 ὅτι
2922 3012 3084 3068 τοῦτο
3104 3011 3357 3083 βούλεται
3379 3012 3554 3063 εἰπεῖν
3573 3009 3599 3061 6
3617 3009 3745 3062 Παῦ-

485 3105 682 3173 Iuisse,
738 3107 883 3176 quod
947 3108 1188 3162 nondum
1245 3106 1410 3162 fuerit
1472 3106 1841 3164 manifestum.
1888 3106 2019 3178 Neqt

2207 3125 2296 3173 .oc,
2324 3107 2407 3162 ὅτι
2433 3105 2587 3160 οὔπω
2611 3106 2722 3177 (98)
2753 3101 2825 3176 ἧν
2848 3103 3152 3175 γνώριμος.
3179 3103 3256 3157 Οὐ
3279 3101 3392 3172 γὰρ
3411 3100 3580 3154 ταῦτα
3599 3100 3741 3152 αἰνίτ-

488 3198 634 3252 enim
669 3197 772 3252 hoc
802 3198 1074 3267 signiﬁcat
1097 3240 1113 3264 ,
1145 3199 1300 3269 quasi
1346 3198 1678 3255 nesciverint
1719 3200 1968 3256 homines
2018 3219 2022 3253 ι

2208 3218 2372 3265 τεται,
2404 3200 2490 3254 ὃτι
2535 3199 2637 3252 οὐκ
2683 3197 2885 3270 ᾔδεσαν
2925 3197 3370 3268 ἁμαρτάνοντες,
3405 3195 3528 3247 ἐπεὶ
3562 3192 3742 3260 ἀλόγως

487 3302 755 3357 peccare:
791 3288 956 3361 447
984 3289 1225 3360 alioquin
1255 3290 1400 3345 enim
1439 3290 1535 3360 qui
1563 3299 1689 3346 ante
1717 3291 1892 3361 legem
1925 3293 2021 3345 vixi

2211 3288 2456 3355 ὑρεθείεν
2489 3288 2848 3350 κολασθέντες
2875 3289 2927 3341 οἱ
2959 3288 3066 3359 πρὸ
3096 3286 3192 3341 τοῦ
3222 3286 3391 3356 νόμου
3415 3303 3430 3317 ⁸
3460 3287 3509 3339 οἱ
3541 3285 3743 3356 μὲνγὰρ

493 3388 625 3432 runt
654 3378 1048 3450 (peccatores)
1090 3379 1297 3450 absque
1339 3382 1551 3435 ratione
1582 3390 1638 3436 et
1677 3379 1876 3450 injuste
1911 3381 2027 3436 luis:

2210 3383 2380 3445 νδατος
2400 3420 2417 3445 ,
2451 3382 2502 3434 oi
2523 3381 2581 3433 δὲ
2614 3379 2789 3451 πυρὸς
2810 3378 2973 3450 ἔργον
3007 3378 3260 3448 ἐγένοντο
3277 3394 3293 3408 ο
3321 3376 3439 3430 ἀλλ’
3463 3377 3543 3429 ὅτι
3571 3375 3744 3446 ᾔδεσαν

493 3471 667 3539 puniti
692 3471 1264 3538 deprehenderentur:
1295 3487 1421 3526 nam
1446 3473 1645 3541 partim
1687 3489 1876 3529 eorum
1908 3490 2027 3544 aqu:

2207 3476 2310 3540 ιὲν,
2340 3475 2440 3545 οὐχ
2472 3473 2617 3527 οὕτω
2647 3473 2704 3527 δὲ
2731 3472 2999 3546 ἀκριϐῶς.
3033 3471 3130 3526 Διὸ
3163 3471 3484 3536 ἐκολάζοντο
3513 3467 3627 3539 μὲν,
3659 3466 3741 3536 οὐκ

493 3563 693 3632 partim
724 3563 846 3631 igne
884 3560 1192 3631 consumpti
1237 3573 1365 3617 sunt
1397 3581 1410 3618 :
1441 3565 1532 3618 sed
1568 3567 1746 3633 potius
1774 3567 1916 3636 qttod
1975 3582 2027 3622 sc

1179 3563 1192 3616 i
1237 3573 1365 3617 sunt
1397 3581 1410 3618 :
1441 3565 1532 3618 sed
1568 3567 1746 3633 potius
1774 3567 1916 3636 quod
1975 3566 2083 3622 sci-
2183 3565 2328 3620 οὕτω
2355 3566 2413 3619 δὲ
2443 3565 2712 3636 σφοδρῶς.

495 3655 676 3709 νει-ἰηι
700 3640 944 3724 quidem,
967 3671 1072 3708 non
1098 3665 1280 3710 tamen
1312 3657 1380 3710 ita
1409 3658 1692 3726 exquisite.
1718 3661 2082 3724 Quamobrem

497 3749 661 3803 etiam
692 3749 1057 3818 puniebantur
1089 3764 1256 3815 sane;
1301 3763 1354 3802 at
1389 3767 1493 3803 nun
1529 3761 1637 3804 tam
1670 3751 2040 3808 vehementer.

676 3859 864 3921 Lxut.
891 3891 964 3901 —
993 3842 1387 3918 lSCHYRlONl
1419 3863 1905 3920 pnsssrrsso.

2416 3864 2531 3918 ΞΡ.
2572 3892 2643 3903 -
2682 3863 3037 3917 ιΣχΥΡιΩΝι
3077 3863 3524 3934 ΠΡΕΣΒΥΤΕΡῼ

504 3977 516 4032 ζ
539 3993 574 4031 ιι
601 3972 740 4027 illud
769 3969 934 4025 Pauli
961 3971 1204 4044 dictum:
1245 3972 1403 4027 «Non
1430 3976 1853 4044 suntrcondignaz
1881 3977 2038 4043 passit

2207 3977 2298 4040 Εἰς
2350 3977 2438 4030 τό·
2506 3993 2525 4026 t
2599 3976 2722 4029 Οὐκ
2775 3974 2917 4038 ἄξια
2975 3973 3048 4027 τὰ
3111 3974 3429 4044 παθήματα
3501 3971 3599 4026 τοῦ
3646 3971 3741 4024 νῦν

949 4059 1037 4095 nes
1075 4043 1237 4111 hujus
1269 4045 1514 4102 teinporis
1537 4043 1636 4097 ³³.ι

1620 4063 1636 4094 ι
2842 4045 3073 4113 καιροῦ.
3119 4065 3137 4096 ι

574 4154 799 4220 Paulus,
825 4155 1064 4224 optimus
1091 4155 1180 4209 ille
1209 4156 1416 4211 militia:
1441 4157 1809 4229 (Christianae)
1837 4162 1965 4224 dux,
1996 4161 2091 4231 qui

2264 4159 2480 4223 Παῦλος
2509 4162 2538 4213 ὁ
2562 4159 2784 4230 ἄριστος
2809 4157 3137 4230 στρατηγὸς,
3169 4158 3199 4210 ὀ
3231 4157 3332 4226 τῆς
3363 4156 3515 4219 θείας
3547 4169 3744 4226 χειροτο-

506 4249 702 4303 divina:
734 4247 1022 4303 electionis
1073 4247 1340 4301 calculum
1406 4265 1513 4302 non
1559 4248 1947 4319 dedecoravit,
1995 4268 2040 4321 (ιι

2209 4254 2314 4318 δίας
2357 4253 2432 4326 μὴ
2469 4253 2810 4325 καθυϐρίσας
2843 4251 2942 4322 τὴν
2977 4251 3194 4320 ψῆφον,
3235 4251 3264 4300 ὁ
3309 4249 3668 4319 ἁμιλλώμενον
3691 4246 3743 4313 τῇ

505 4342 674 4394 vitam
705 4355 826 4394 cum
859 4341 1034 4410 gratia
1059 4349 1360 4394 certantem
1383 4341 1656 4406 exhibuit,
1680 4349 1734 4396 et
1751 4345 1954 4411 pariter
1970 4359 2036 4398 eo

2208 4348 2381 4418 χάριτι
2412 4347 2505 4399 τὸν
2537 4346 2649 4416 βίον
2683 4345 3098 4414 ἐπιδειξάμενος
3118 4384 3133 4407 ,
3164 4343 3260 4397 καὶ
3291 4343 3609 4414 προτρέπων
3633 4337 3742 4408 6μοῦ

509 4432 602 4501 qui
651 4445 780 4486 vere
831 4443 1057 4486 sacrum
1080 4432 1184 4487 hoc
1210 4431 1408 4485 bellum
1441 4433 1712 4499 militant,
1767 4436 2038 4489 exhortatt

2211 4441 2326 4502 τοὺς
2365 4438 2455 4492 τὸν
2484 4439 2628 4508 ἱερὸν
2663 4437 2834 4500 ὅντως
2860 4436 3234 4506 πολεμοῦντας
3262 4435 3521 4504 πόλεμον,
3559 4435 3645 4485 καὶ
3666 4432 3745 4482 οὐκ

509 4531 629 4587 est,
667 4536 770 4576 nec
798 4522 969 4575 altum
1003 4537 1194 4592 sapere
1220 4523 1503 4592 permisit,
1537 4533 1595 4578 ιιι
1629 4526 1721 4594 qui
1763 4541 2043 4580 coronarm

2211 4533 2381 4599 ἱφιεὶς
2423 4531 2565 4602 μέγα
2611 4533 2860 4600 φρονεῖν,
2909 4530 3006 4583 ἆτε
3040 4527 3380 4598 νικωμένους
3421 4529 3488 4597 τῇ
3525 4525 3624 4578 τῶν
3651 4539 3745 4575 στε-

511 4615 952 4669 remuneratione
979 4616 1303 4682 vincantur,
1351 4615 1524 4670 instar
1571 4617 1912 4685 imperatoris
1958 4619 2045 4672 val

2211 4622 2381 4692 ράνων
2411 4623 2676 4677 ἀντιδόσει
2698 4663 2712 4688 ,
2758 4619 3271 4692 στρατηγικώτερον
3302 4618 3434 4671 ἐϐόα
3455 4634 3468 4646 '
3505 4637 3523 4668 ι
3559 4612 3745 4682 Λογίζο-

513 4707 635 4759 dins
670 4705 1031 4762 exclamavit:
1082 4723 1102 4758 ι
1137 4705 1350 4776 .Reputo
1398 4708 1543 4762 enim
1579 4723 1685 4762 non
1736 4725 1856 4763 esse
1905 4709 2047 4781 dign:

2211 4730 2300 4784 μαι
2330 4713 2463 4783 γὰρ,
2494 4713 2575 4765 ὅτι
2613 4714 2713 4766 οὐκ
2737 4713 2864 4778 ἄξια
2901 4715 2971 4764 τὰ
3001 4711 3301 4780 παθήματα
3325 4709 3424 4762 τοῦ
3457 4707 3549 4762 νῦν
3586 4700 3745 4774 καιροῦ

515 4797 834 4852 alllictiones
856 4798 1014 4865 huius
1049 4799 1345 4868 temporis,
1377 4815 1500 4869 qua)
1529 4815 1652 4855 cum
1704 4800 1874 4870 gloria
1915 4802 1965 4856 in
2001 4817 2049 4856 nt

2207 4805 2340 4879 πρὸς
2359 4805 2459 4875 τὴν
2483 4805 2783 4874 μέλλουσαν
2803 4803 2963 4868 δόξαν
2981 4800 3438 4870 ἀποκαλυφθῆναι
3461 4800 3537 4860 εἰς
3557 4797 3702 4866 ἡμᾶς,
3727 4810 3741 4841 ι

518 4888 805 4943 revelanda
845 4899 1283 4958 comparentur.»
1316 4891 1430 4946 Non
1455 4892 1574 4948 sine
1595 4909 1757 4947 causa
1781 4909 1908 4948 vero
1935 4894 2046 4948 dixi

2213 4897 2696 4967 Ἀποκαλυφθῆναι
2744 4897 2801 4949 δὲ
2844 4892 2967 4948 εἷπε
2998 4895 3214 4957 δεικνὺς
3237 4935 3252 4958 ,
3282 4893 3360 4956 ὡς
3406 4893 3502 4944 καὶ
3531 4888 3619 4942 νῦν
3654 4889 3745 4937 ἐστι

517 4979 831 5046 revetentia;
860 4981 1105 5038 videlicet
1133 4991 1192 5037 ut
1227 4984 1538 5039 ostenderet
1572 5001 1693 5040 esse
1722 4988 1939 5056 quidem
1970 5002 2051 5041 eat

2211 4989 2305 5060 μὲν
2328 5031 2341 5054 ,
2373 4987 2676 5057 κρύπτεται
2720 4987 2777 5040 δὲ
2798 5027 2814 5052 ,
2846 4989 2972 5049 τοὺς
3017 4984 3126 5039 τῶν
3165 4981 3546 5054 τροπαιούχων
3573 4971 3745 5042 ἀναμέ-

597 5180 633 5205 εει
661 5159 820 5215 Rom.
855 5175 917 5227 ιι,
948 5160 1034 5216 10.
1113 5161 1157 5193 ³⁸
1183 5163 1344 5218 Rom.
1371 5177 1472 5230 vn,
1501 5162 1554 5218 8.
1630 5161 1676 5194 ³³
1715 5161 1875 5218 Rom.
1897 5178 2018 5228 vui,
2048 5161 2136 5218 18.

1624 5331 1859 5386 VARIIE
1894 5330 2282 5387 LECTIONES
2316 5330 2406 5386 ET
2445 5328 2678 5386 NOTAE.

603 5480 720 5558 (96)
742 5482 850 5558 Prp
880 5487 1190 5558 χριστιανοῦ
1215 5487 1335 5558 cod.
1366 5487 1489 5540 Vat.
1517 5486 1622 5542 650
1646 5487 1826 5558 habet,
1855 5503 2105 5558 χριστια-

1855 5503 2105 5558 χριστια-
2208 5483 2369 5558 γει-ξιΖ
2418 5498 2544 5558 pen.
2583 5497 2670 5558 ep.
2706 5497 2803 5558 pro
2831 5482 2884 5536 οἶ
2909 5482 3097 5558 scribit
3126 5477 3252 5558 οἷοι.
3283 5479 3361 5558 l9.

530 5545 942 5628 thpob._Ver'§.
1002 5573 1118 5624 seq.
1172 5557 1278 5628 πρό
1329 5567 1501 5612 mutat
1552 5559 1603 5611 in
1657 5545 1922 5628 περίίὶῖί.

2286 5553 2396 5624 (98)
2421 5545 2532 5607 Pro
2559 5545 2721 5607 οῠ’πω”
2743 5553 2893 5628 idem
2918 5556 3039 5628 cod.
3073 5553 3236 5628 habet
3261 5552 3372 5628 ὀὐχ
3407 5549 3585 5613 οὕτως.
3612 5545 3733 5601 Vers.

601 5619 714 5694 (97)
740 5625 872 5680 Post
919 5619 1141 5697 χρόνους
1187 5619 1334 5682 addit
1384 5630 1533 5693 lucc,
1576 5619 1836 5696 ἐφθάκει,
1871 5628 1984 5683 ἀλλ’
2028 5628 2108 5681 ἔτι

1820 5669 1836 5693 ,
1871 5628 1984 5683 ἀλλ’
2028 5628 2108 5681 ἔτι
2217 5619 2640 5697 seqt‘pagapro;
2669 5623 3008 5697 “adlegit
3046 5622 3224 5697 ⁸τ-οὗτο.
3259 5619 3339 5677 In.

535 5684 646 5768 τοῖς
686 5684 1184 5768 ἀνωτέρῷ’χρόνᾶις
1222 5697 1328 5752 ὲνδ.
1371 5684 1532 5752 νιιτεί
1573 5684 1692 5766 post
1733 5697 1769 5751 ξ).
1815 5684 1910 5768 pro
1953 5700 2069 5753 εὐσε

2219 5763 2262 5768 __
2288 5684 2400 5768 (99)
2433 5684 2572 5768 Edil-
2608 5693 2806 5768 Paris.,
2851 5684 2962 5768 97:5
2997 5693 3094 5768 τοῦ
3136 5691 3337 5768 νόμον.
3370 5691 3517 5749 Corr.
3559 5703 3613 5743 ex
3637 5684 3719 5741 cod

541 5763 652 5832 σείς
687 5762 876 5824 scribit
905 5762 1196 5834 θεοσεϐεῖς,
1229 5779 1282 5824 et
1326 5784 1446 5825 mox
1489 5762 1608 5839 post
1635 5769 1763 5833 τοὺς
1795 5762 1998 5826 omittit
2031 5772 2075 5825 ἐκ

1757 5786 1763 5829 .'
1795 5762 1998 5826 omittit
2031 5772 2110 5827 ἐν.
2219 5762 2395 5822 Vatic;
2420 5775 2474 5820 et
2498 5763 2828 5823 Rittershus.
2860 5765 2914 5820 in
2944 5765 3106 5820 notis.
3135 5762 3291 5818 Εοιτ.
