3886 6420
132 376 243 443 1121

1016 388 1561 450 EPISTOLARUM
1597 391 1744 450 LIB.
1788 391 1888 453 IV.
1930 420 2001 428 -
2037 394 2278 457 EPIST.
2310 399 2480 459 LXV.

3275 406 3411 469 1122

130 508 275 545 νουσα
305 490 530 556 πόνους.
556 493 621 546 Εἰ
644 494 701 547 δὲ
727 495 789 547 τὸ
821 495 1037 566 μέλλειν
1064 497 1255 560 λυπεῖ,
1285 498 1447 552 τοῦτο
1476 500 1710 569 εὐφραι-

1818 503 2046 572 gloriam
2078 522 2223 560 nunc
2252 523 2488 575 quoque,
2517 508 2610 562 sed
2646 511 2935 576 occultari,
2974 512 3099 567 dum
3132 525 3412 583 exspet-aet

131 586 249 637 νέιω
282 584 488 652 μᾶλλον
512 586 643 649 τοὺς
671 586 780 639 τῶν
810 587 1003 641 παθῶν
1029 590 1125 641 καὶ
1163 589 1270 642 τῶν
1300 591 1574 661 δαιμόνων
1608 608 1709 645 κα-

131 674 441 746 Θειιροῦντας
469 675 539 728 τὰ
566 677 922 747 ὀχυρώματα.
975 679 1049 731 Τὸ
1088 680 1198 751 γὰρ
1252 680 1483 751 μεγίστη
1529 676 1705 745 εἶναι,

130 770 209 822 καὶ
235 768 391 835 λόγον
428 770 516 821 καὶ
556 770 681 821 νοῦν
714 772 807 822 καὶ
829 771 930 836 τὴν
963 772 1252 842 παροῦσαν
1280 773 1615 826 κατάστασιν
1645 775 1709 826 ἐκ

128 862 306 914 πολλοῦ
334 860 431 913 τοῦ
461 863 745 932 περέοντος
770 863 1148 934 ὑπερϐαίνειν,
1182 867 1301 918 ἐκεῖ
1322 865 1707 935 τεταμίευται.

127 954 245 1007 Οὐδὲ
274 955 379 1024 γὰρ
424 954 614 1018 ἁπλῶς
644 952 766 1008 εἷπε
789 971 803 986 ⁸
850 958 893 1009 Τ
898 958 932 1011 ἀ
971 957 1273 1029 παθήματα
1317 960 1411 1011 τοῦ
1446 959 1542 1013 νῦν
1586 977 1711 1011 και-

131 1048 245 1118 ροῦ·
287 1048 403 1101 ἀλλ’
441 1048 529 1100 ἵνα
572 1048 723 1122 δείξῃ
756 1050 897 1103 αῦτά
944 1052 1044 1121 οὐχ
1096 1052 1177 1104 ὅτι
1226 1053 1479 1121 ποιότητι
1516 1052 1709 1121 μόνον,

128 1140 249 1192 ἀλλά
290 1140 387 1192 καὶ
427 1141 687 1209 ποσότητι
738 1142 1018 1213 νικώμενα
1048 1144 1137 1215 (τά
1172 1144 1273 1214 μὲν
1305 1145 1415 1215 γὰρ
1456 1144 1533 1215 τῷ
1568 1161 1713 1214 παρ-

127 1239 228 1283 όντι
267 1231 705 1299 συγκαταλύεται
729 1232 860 1303 βίῳ·
907 1234 977 1286 τὰ
1024 1236 1081 1287 δὲ
1116 1235 1407 1298 ἀθανάτοις
1444 1253 1706 1307 συμπαρ-

128 1325 414 1377 εκτείνεται
453 1323 667 1389 αἰῶσιν)
694 1343 707 1355 ·
752 1324 917 1396 ἅπερ,
957 1327 1145 1397 ἐπειδὴ
1184 1325 1307 1379 οὔτε
1344 1327 1533 1396 σαφῶς
1580 1326 1709 1381 οὔτε

127 1420 256 1468 κατὰ
300 1418 465 1485 μέρος
512 1418 867 1488 παραστῆσαι
908 1417 988 1488 τῷ
1036 1418 1181 1489 λόγῳ
1224 1414 1405 1489 εἶχεν,
1446 1419 1558 1472 ἀπὸ
1606 1420 1709 1489 τῆς

128 1508 346 1576 μάλιστα
372 1508 639 1579 δοκούσης
676 1505 817 1563 εἷναι
847 1511 979 1582 παρ’
1013 1513 1148 1580 ἡμῖν
1181 1512 1487 1581 ὲπεράστου
1524 1510 1706 1579 δόξης,

126 1603 253 1655 αὐτὰ
302 1586 774 1674 προσηγόρευσεν.
846 1605 913 1658 Ἡ
966 1607 1078 1678 γὰρ
1129 1606 1348 1677 κορυφὴ
1400 1606 1511 1659 τῶν
1570 1606 1703 1676 ἀρε-

122 1694 222 1747 τῶν
250 1696 321 1765 (Ι)
356 1695 497 1765 αῦτη
525 1692 664 1749 εἶναι
696 1697 863 1750 δοκεῖ.

1820 593 2088 647 victorum
2137 611 2201 650 ac
2244 599 2702 666 triumphatorum
2750 601 2979 656 labores.
3017 606 3169 668 Quod
3222 608 3267 659 si
3321 610 3409 661 t-ui

1821 684 2010 737 dilatio
2044 686 2130 739 illa
2158 689 2383 741 molesta
2416 692 2637 753 accidit,
2661 694 2761 745 hoc
2795 696 2966 759 magis
2995 697 3263 750 exhilaret
3293 712 3409 761 eos,

1818 778 1908 845 qni
1938 777 2288 833 aiﬂimionmn
2338 798 2402 836 ac
2443 784 2745 837 daemonum
2791 789 3189 854 propugnacula
3223 792 3413 843 demo-

1818 870 2041 924 liunlur.
2074 871 2207 925 Nam
2238 876 2352 929 haec
2380 876 2551 944 ipsam
2584 878 2651 931 ob
2681 894 2925 941 causam,
2970 881 3208 947 quodsit
3235 886 3414 938 maxi:

1823 979 1907 1015 ma
1932 964 2040 1033 (illa
2062 966 2281 1035 gloria),
2316 978 2369 1021 et
2402 970 2664 1023 rationem
2691 973 3104 1042 orationemque
3133 985 3185 1025 et
3212 975 3411 1027 utentis

1821 1054 2073 1109 humana!
2102 1071 2344 1126 captum,
2373 1070 2426 1113 et
2459 1075 2780 1129 pt'a'sentem
2810 1063 3181 1118 conditionem
3216 1067 3411 1135 longis-

1821 1149 1961 1201 simo
2001 1150 2285 1203 intervallo
2314 1157 2685 1218 transcendat,
2720 1156 2770 1207 in
2805 1158 2977 1209 altero
3021 1160 3219 1213 sa-culo
3251 1176 3410 1227 repo-
3449 1152 3465 1183 “

1818 1242 1919 1294 sila
1947 1254 2280 1298 asservatur.
2308 1245 2493 1314 Neque
2521 1248 2664 1301 enim
2695 1249 3019 1317 simpliciter
3051 1252 3207 1313 dixit,
3230 1272 3249 1302 ι
3273 1254 3408 1307 Ριιε-
3457 1285 3465 1295 -

1816 1332 1997 1386 siones
2039 1333 2201 1401 hujus
2234 1338 2552 1403 temporis,»
2592 1340 2684 1391 sed
2716 1347 2773 1391 ιιι
2802 1341 3138 1405 ostenderet,
3179 1341 3263 1393 illa
3301 1360 3405 1396 non

1815 1423 1989 1476 solum
2029 1426 2318 1491 qualitate,
2368 1442 2556 1480 verum
2601 1432 2763 1481 etiam
2810 1431 3111 1497 quantitate
3152 1434 3403 1499 superari

1814 1515 1943 1584 (illa:
1972 1516 2114 1568 enim
2135 1533 2256 1570 cum
2288 1519 2388 1571 hac
2412 1521 2522 1572 vita
2549 1521 2915 1573 terminantur
2938 1562 2953 1585 ,
2991 1524 3093 1576 ista
3124 1538 3249 1576 vero
3278 1541 3401 1577 cum

1815 1608 2215 1663 immortalibus
2238 1611 2433 1663 durant
2459 1624 2675 1665 extenta
2704 1613 2936 1681 suaculis)
2962 1632 2974 1667 :
3005 1631 3125 1683 qua}
3150 1616 3403 1684 quoniam

1813 1714 1991 1768 neque
2016 1702 2302 1770 perspicue
2325 1719 2503 1772 neque
2522 1705 2887 1770 particulatim
2912 1709 3160 1761 oratione
3182 1710 3250 1761 ob
3276 1725 3408 1760 ocu-

126 1786 196 1839 los
225 1802 611 1855 reprarsentare
649 1802 900 1855 poterat,
937 1801 1355 1858 cognomentum
1400 1790 1507 1844 illis
1551 1791 1700 1844 dedit
1740 1805 1769 1843 a
1800 1790 1993 1859 gloria,
2024 1808 2145 1861 qum
2178 1794 2318 1863 apud
2390 1796 2636 1850 homines
2705 1798 2756 1849 in
2792 1800 2951 1853 rebus
2988 1802 3221 1855 maxime
3242 1818 3405 1873 expc-

126 1881 283 1933 tendis
305 1892 641 1935 numeratur.
666 1881 791 1935 lixc
813 1883 957 1934 enim
983 1884 1241 1933 virtutmn
1270 1883 1542 1951 fastigium
1568 1898 1693 1936 esse
1733 1883 1966 1936 videtur.

438 1995 553 2051 ειν.
588 2025 659 2037 -μ
692 1998 1000 2069 ΘΕΟΔΩΡῼ
1036 1997 1361 2069 ΔΙΑΚΟΝῼ.

184 2105 254 2173 (2)
276 2104 382 2157 Τοῦ
408 2105 545 2158 Θεοῦ
572 2106 749 2174 Λόγου
778 2106 1207 2176 ἐνανθρωπῆσαι
1234 2104 1696 2170 καταξιώσαντος,

122 2196 206 2248 καὶ
245 2197 310 2249 τά
352 2196 503 2267 πάθη
556 2197 627 2249 τὰ
665 2196 1021 2268 ἀνθρώπινα,
1068 2194 1409 2267 κυμαίνοντα
1460 2196 1655 2265 πρώην
1680 2236 1694 2258 ,

121 2291 631 2361 καταστορέσαντος,
660 2291 755 2344 καὶ
781 2291 882 2362 τὴν
911 2290 1090 2359 σάρκα
1119 2291 1465 2361 όρμητρήιον
1495 2291 1699 2361 ἀρετῆς

120 2382 513 2451 ἀποφήναντος,
557 2382 652 2435 καὶ
686 2382 782 2445 τάς
821 2381 1070 2453 πονηρὰς
1106 2382 1396 2450 φάλαγγας
1436 2381 1541 2434 ὑπὸ
1567 2381 1696 2442 τοὺς

122 2472 270 2535 πόδας
301 2473 409 2525 τῶν
441 2473 659 2525 οἰκείων
702 2473 975 2543 φοιτητῶν
1013 2473 1564 2545 παρασκευάσαντος,
1598 2473 1694 2524 καὶ

120 2565 179 2617 τὰ
204 2562 335 2619 ἆθλα
380 2566 605 2636 μείζονα
649 2567 758 2619 τῶν
799 2565 1047 2621 παλαιῶν
1089 2566 1317 2627 εἰκότως
1370 2565 1690 2631 ὁρίσαντος,

120 2657 179 2711 τά
192 2675 246 2710 τε
262 2657 471 2711 ἔπαθλα
488 2659 717 2728 οὐράνια
737 2659 832 2711 καὶ
855 2659 1206 2729 ὑπερκόσμια
1234 2658 1655 2728 εὐτρεπίσαντος
1674 2674 1689 2689 ⁸

120 2752 161 2803 οἰ
187 2752 483 2824 ἡττώμενοι
517 2754 732 2815 ἑαυτοῖς
768 2753 832 2804 ἂν
865 2747 974 2804 εἷεν
1004 2751 1207 2804 δίκαιοι
1238 2749 1560 2819 λογίσασθαι
1591 2750 1693 2819 τὴν

119 2837 269 2914 ἧτταν
290 2860 306 2877 ο
338 2845 373 2915 ἡ
400 2845 512 2916 γὰρ
539 2844 664 2915 νίκη
691 2843 878 2897 λοιπὸν
909 2844 1039 2913 παρ’
1081 2844 1215 2913 ἡμῖν
1246 2838 1385 2894 οὖσα
1404 2880 1420 2904 ,
1450 2836 1550 2893 εἶτ’
1594 2841 1695 2911 οὐχ

120 2937 431 3007 εὐρίσκουσα
476 2938 602 2999 τοὺς
636 2935 844 3000 εἰδότας
890 2936 1085 3006 νικᾷν,
1130 2936 1189 2987 ὲν
1233 2932 1437 3002 ὀλίγοις
1483 2934 1695 2987 οἰκείαν

118 3025 327 3099 δύναμιν
357 3027 782 3099 ἐπιδεικνυμένη
806 3066 820 3091 ,
851 3029 966 3091 τοῖς
999 3025 1074 3097 μὴ
1103 3025 1449 3095 βουλομένοις
1475 3023 1567 3077 διὰ
1590 3022 1691 3075 πό-

120 3137 209 3174 νων
238 3121 414 3191 αὐτὴν
447 3120 796 3191 κτήσασθαι,
838 3120 939 3189 τὴν
967 3118 1148 3173 αἰτίαν
1176 3118 1274 3187 τῆς
1302 3118 1491 3188 ἥττης.

2090 2001 2274 2056 LXIV.
2305 2032 2377 2041 —-
2407 2002 2785 2058 THEODORO
2820 2005 3143 2061 DlACONO.

1875 2111 2009 2165 Cum
2036 2112 2176 2167 Dens
2204 2114 2437 2166 Verbum
2469 2117 2726 2183 (aeternus
2752 2115 2843 2168 Dei
2874 2116 3063 2188 Filius)
3091 2121 3252 2173 homo
3283 2121 3400 2175 lieri

1804 2204 2057 2272 dignatus
2085 2204 2154 2257 sit
2182 2245 2197 2269 ,
2230 2216 2284 2257 ct
2312 2206 2580 2257 humanos
2608 2203 2835 2259 alicctus
2867 2208 3146 2277 animique
3186 2219 3402 2277 pertur-

1804 2292 2074 2353 bationes,
2102 2308 2222 2360 qure
2252 2286 2401 2360 prius
2430 2294 2692 2346 ﬂuctuum
2720 2296 2890 2349 instar
2923 2299 3099 2349 attolli
3133 2300 3398 2365 solebant,

1801 2384 2009 2438 sedarit
2035 2396 2199 2452 atque
2222 2386 2613 2452 composuerit,
2637 2399 2691 2439 et
2714 2402 2932 2442 carnem
2959 2390 3144 2442 virtuti
3172 2407 3398 2459 pronam

1804 2484 1966 2544 atque
1998 2476 2389 2543 obsequentem
2422 2476 2687 2543 cll'et'crit,
2715 2489 2769 2533 et
2806 2480 3100 2551 phalanges
3132 2483 3397 2537 malorum

1802 2568 2090 2633 spirituum
2127 2567 2420 2636 subjeCcrit
2461 2585 2683 2644 suorum
2718 2573 3113 2642 discipulorum
3150 2576 3396 2642 pedibus,

1803 2672 1858 2713 et
1890 2661 2187 2713 certamina
2235 2663 2512 2717 veteribus
2546 2663 2755 2733 majora
2804 2665 3000 2718 merito
3030 2668 3396 2732 constituerit,

1800 2762 1856 2806 et
1892 2754 2112 2821 praemia
2140 2768 2357 2823 quoque
2390 2754 2638 2809 cwlestia
2673 2765 2728 2808 et
2754 2758 3193 2824 supramundana
3227 2759 3397 2813 ador-

1805 2846 1983 2899 narit:
2018 2860 2361 2914 consequens
2389 2857 2505 2908 est,
2534 2857 2593 2900 ut
2614 2848 2708 2916 qui
2740 2857 2861 2918 post
2894 2850 2980 2902 illa
3013 2852 3397 2914 succumbunt,

1808 2933 1881 2985 illi
1946 2933 2160 3002 culpam
2214 2934 2357 2989 hanc
2416 2936 2769 3004 sibimetipsis
2823 2938 3093 3006 imputare
3140 2939 3393 2993 debeant.

1811 3023 2048 3077 Victoria
2084 3025 2231 3078 enim
2259 3042 2382 3080 cum
2410 3027 2668 3097 deinceps
2702 3044 2869 3097 penes
2897 3046 2996 3084 nos
3034 3032 3126 3096 sit,
3159 3048 3264 3088 non
3299 3048 3397 3087 au-

1810 3124 1915 3169 tem
1947 3115 2192 3168 inveniat
2218 3116 2466 3171 homines
2495 3118 2631 3171 tales
2655 3156 2670 3181 ,
2704 3120 2794 3186 qui
2824 3120 3047 3174 vincere
3080 3123 3257 3176 sciant
3286 3141 3301 3178 :
3340 3124 3395 3177 iu

118 3214 285 3282 paucis
312 3215 425 3265 vim
453 3227 609 3267 suam
638 3227 928 3274 esseteos,
968 3210 1105 3274 illis,
1149 3210 1242 3279 qui
1275 3208 1465 3263 nolunt
1512 3222 1632 3262 eam
1703 3205 1981 3262 laboribus
2010 3208 2114 3262 sibi
2182 3223 2503 3278 comparare
2526 3249 2542 3273 ,
2597 3210 2809 3279 culpam
2845 3212 3073 3266 ascribit
3104 3213 3220 3281 ejus
3293 3217 3391 3282 rei,

119 3310 241 3377 quod
275 3308 586 3361 vincantur.

599 3398 719 3454 ss'.
760 3426 830 3436 —
871 3395 959 3467 To
996 3396 1198 3466 ΑΥΤῼ.

120 3490 237 3558 Περί
268 3488 376 3544 τοῦ
423 3488 645 3543 αὑτοῦ·
682 3488 771 3541 ὅτι
814 3490 852 3556 ἡ
891 3488 1098 3551 πίστις
1138 3485 1320 3553 χωρὶς
1359 3484 1481 3538 τῶν
1503 3483 1694 3555 ἔργων

504 3562 576 3614 οὐ
604 3558 775 3619 σώζει
808 3558 916 3612 τὸν
944 3558 1285 3624 ἄνθρωπον.

176 3674 335 3745 Δεῦρο
370 3674 471 3745 μὲν
496 3672 853 3742 ὲπιφοιτήσας
879 3671 906 3722 6
930 3669 1062 3732 Θεὸς
1092 3668 1288 3735 Λόγος,
1318 3666 1503 3720 πίστιν
1527 3667 1694 3719 ἀπαι-

117 3769 267 3838 τήσας
288 3810 302 3833 ,
340 3769 528 3839 χάριτι
562 3764 881 3819 ἐδικαίωσεν
927 3762 1009 3832 (οὐ
1041 3761 1150 3831 γὰρ
1183 3756 1253 3831 ἦν
1281 3759 1391 3813 ἀπὸ
1418 3758 1696 3812 δικαιοσύ-

118 3876 201 3927 νης
231 3859 470 3929 σωθῆναι
505 3858 629 3919 τοὺς
670 3855 882 3908 οἴκοθεν
922 3851 1285 3924 προδοθέντας
1308 3866 1322 3880 ⁶
1357 3849 1452 3901 καὶ
1487 3848 1634 3902 τοῦθ’
1665 3850 1693 3901 6

118 3952 346 4022 Μελῳδὸς
378 3950 474 4003 καὶ
503 3950 564 4002 τὸ
610 3947 809 4012 Σκεῦος
842 3947 942 4017 τῆς
983 3944 1216 4013 ἐκλογῆς
1247 3943 1600 4012 ἀπεφήναντο
1623 3958 1635 3971 ·
1665 3942 1694 3994 6

122 4046 208 4114 μὲν
237 4043 775 4113 διαϐεϐαιωσάμενος
797 4058 810 4071 ·
851 4057 871 4091 ι
916 4040 1030 4093 Οὐκ
1058 4037 1175 4090 ἔστι
1206 4037 1281 4108 ('5)
1317 4037 1528 4096 δίκαιος
1568 4033 1691 4087 οὐδὲ

118 4133 220 4201 εἷς·
259 4159 276 4191 ι
312 4142 340 4191 6
364 4139 445 4191 δέ·
484 4157 502 4189 ‹
534 4137 746 4198 Πάντες
768 4135 1017 4207 ἥμαρτον
1040 4174 1053 4195 ,
1077 4130 1174 4185 καὶ
1203 4127 1559 4200 ὑστεροῦνται
1592 4126 1693 4195 τῆς

119 4227 256 4298 δόξης
283 4228 377 4282 τοῦ
412 4227 571 4289 Θεοῦ,
605 4246 625 4279 ι
660 4223 1180 4295 διῖσχυρισάμενος)·
1205 4220 1604 4281 πιστεύσαντας
1635 4216 1691 4269 δὲ

119 4319 446 4392 δικαιοσύνην
505 4320 819 4392 ἀκροτάτην
877 4318 1106 4380 εἰκότως
1165 4315 1481 4386 ἀπῄτησεν·
1543 4310 1687 4364 ὥστε

121 4414 255 4481 παρά
294 4413 389 4481 μὲν
420 4412 522 4482 τὴν
569 4411 817 4483 πρώτην,
850 4412 884 4479 ἡ
926 4409 1090 4480 χάρις
1131 4405 1436 4466 ἐδικαίωσε,
1466 4404 1591 4466 τοὺς
1632 4402 1690 4455 δὲ

121 4502 508 4567 δικαιωθέντας,
529 4503 707 4574 ἔργων
727 4502 947 4572 ἀγαθῶν
966 4498 1355 4554 ἀντιλαϐέσθαι
1377 4496 1685 4560 ἐθέσπισεν,

120 4590 185 4654 ὡς
203 4593 297 4645 οὐκ
320 4594 437 4646 ἐνὸν
470 4594 579 4646 ἀπὸ
601 4594 842 4657 πίστεως
869 4595 1028 4664 μόνον
1052 4592 1127 4663 (4)
1152 4592 1412 4662 σωθῆναι.
1438 4592 1557 4662 Χρὴ
1578 4590 1687 4659 γὰρ

118 4686 176 4754 τῇ
204 4686 377 4738 πίστει
399 4686 683 4757 κρίνεσθαι
715 4686 794 4757 (5)
824 4686 924 4749 τὰς
955 4684 1204 4757 πράξεις,
1227 4686 1321 4738 καὶ
1342 4684 1451 4737 ἀπὸ
1482 4683 1687 4736 τούτων

2219 3391 2389 3464 448
2425 3391 2585 3446 va.
2623 3423 2688 3436 -ρ
2718 3394 2953 3450 EIDEM.

1796 3483 1999 3539 Eadem
2048 3486 2114 3561 de
2165 3502 2262 3561 re‘,
2319 3503 2499 3548 nempe
2540 3489 2679 3561 quod
2730 3488 2864 3561 ﬁdes
2912 3490 3108 3561 absque
3149 3497 3391 3561 aperibus

2070 3555 2353 3609 hominem
2391 3574 2495 3609 non
2534 3559 2703 3624 faciat
2732 3555 3017 3615 salvum“.

1866 3666 2001 3721 Cum
2063 3666 2117 3720 in
2168 3681 2389 3719 carnem
2427 3667 2576 3721 venit
2616 3669 2756 3723 Deus
2791 3667 3068 3738 Verbum,
3114 3673 3270 3729 ﬁdem
3304 3679 3392 3732 ille

1796 3757 2016 3825 quidem
2048 3758 2151 3811 sibi
2193 3757 2376 3811 haberi
2413 3759 2715 3827 postulans,
2755 3764 2927 3829 gratia
2974 3762 3267 3835 (homines)
3297 3766 3390 3835 ju-

1795 3859 1911 3904 stos
1942 3848 2070 3903 fecit
2104 3849 2302 3920 (neque
2330 3851 2473 3902 enim
2505 3849 2620 3904 ﬁeri
2657 3862 2902 3920 poterat,
2936 3863 2995 3909 ut
3018 3858 3109 3926 qui
3142 3874 3171 3911 a
3194 3859 3390 3928 seipsis

1794 3940 1996 4012 proditi
2029 3943 2335 4011 perditique
2361 3943 2600 4006 fuerant,
2630 3944 2844 4013 justitia
2871 3960 2966 4001 sua
2994 3948 3222 4004 salutem
3254 3966 3389 4006 con-

1795 4046 2196 4105 sequerentur:
2228 4036 2391 4099 idque
2420 4036 2764 4091 Psalmorum
2797 4039 3032 4108 scriptor
3061 4052 3114 4095 et
3148 4040 3254 4097 Vas
3278 4045 3388 4099 ele-

1795 4127 1992 4181 ctionis
2043 4127 2205 4180 ambo
2256 4127 2597 4181 aliirntarunt
2632 4130 3030 4198 disertissime,
3074 4134 3200 4187 dttm
3248 4135 3386 4189 alter

1794 4229 2075 4272 asseverat
2103 4238 2116 4274 :
2157 4217 2305 4272 «Non
2335 4231 2420 4273 est
2448 4221 2626 4289 justus
2649 4260 2663 4283 ,
2704 4237 2772 4276 ne
2818 4238 2959 4277 unus
2990 4225 3205 4293 quidem
3234 4228 3319 4293 8';
3359 4248 3377 4279 ι

1793 4308 1931 4364 alter
1960 4324 2090 4365 vero
2122 4326 2316 4379 magna
2347 4312 2687 4366 vehementia
2713 4329 2844 4368 usus
2876 4315 3054 4383 inquit
3080 4336 3093 4371 :
3133 4335 3151 4367 ι
3180 4316 3382 4374 Omnes

1792 4414 2089 4471 peccarunt
2114 4445 2129 4470 ,
2181 4415 2238 4459 et
2285 4406 2663 4459 destituuntur
2687 4408 2856 4473 gloria
2890 4410 2982 4462 Dei
3007 4409 3050 4440 ³⁸
3078 4414 3135 4478 ι)
3170 4431 3182 4464 ;
3212 4413 3279 4464 ab
3315 4414 3381 4466 iis

1792 4509 1924 4548 vero
1953 4495 2045 4563 qui
2076 4496 2442 4559 crediderunt,
2468 4510 2759 4561 summam,
2789 4514 2965 4567 neque
2995 4500 3045 4554 id
3082 4502 3376 4566 immerito,

1786 4586 2057 4655 justitiam
2094 4589 2309 4657 exegit:
2346 4590 2415 4641 ita
2447 4600 2505 4641 ut
2535 4590 2709 4657 primo
2736 4592 2951 4661 quidem
2991 4595 3164 4663 gratia
3196 4596 3379 4664 justos

1792 4680 2020 4747 fecerit;
2060 4680 2389 4748 jttstilicatos
2428 4690 2611 4735 autem
2643 4682 2909 4737 bonorum
2941 4701 3163 4754 operum
3201 4688 3382 4741 studio

119 4775 272 4847 αὐτὴν
294 4776 615 4849 φυκοῦσθαι.
644 4776 835 4849 Νεκρὰ
861 4776 971 4847 γάρ
1001 4775 1067 4830 ἂν
1096 4775 1185 4841 εἴη
1212 4775 1418 4828 τούτων
1450 4774 1636 4846 χωρίς.

1808 4773 1927 4828 duci
1955 4774 2237 4827 sanxerit:
2291 4775 2488 4842 quippe
2542 4790 2661 4827 cum
2711 4791 2816 4829 non
2860 4779 3029 4845 possit
3076 4780 3235 4832 homo
3277 4779 3380 4833 fide

121 4878 309 4923 tantum
330 4872 552 4924 salvari.
586 4869 817 4939 Oportet
843 4867 990 4923 enim
1015 4867 1141 4922 ﬁdei
1173 4867 1390 4922 misceri
1423 4866 1670 4920 actiones
1708 4863 1988 4935 (rectas),
2024 4872 2080 4917 et
2110 4879 2207 4934 per
2236 4864 2337 4919 has
2400 4865 2545 4918 illam
2608 4870 2764 4936 quasi
2826 4869 3076 4925 animari.
3108 4869 3203 4926 llis
3233 4874 3377 4926 enim

120 4963 341 5029 remotis,
372 4973 589 5019 mortua
614 4964 770 5019 sit".

180 5103 222 5136 ³⁵
252 5102 367 5159 Jac.
392 5121 458 5172 ιι,
482 5104 577 5160 24.
650 5104 699 5135 ⁸⁸
730 5103 874 5159 Psal.
905 5118 1024 5169 xw,
1052 5103 1140 5159 55.
1219 5103 1265 5135 ³⁸
1291 5102 1449 5156 Rom.
1474 5119 1557 5167 ιιι,
1587 5102 1677 5156 25.

1810 5099 1927 5154 Jac.
1966 5115 2023 5162 ll,
2054 5101 2144 5155 26.

1199 5257 1441 5315 VARle
1476 5254 1866 5314 LECTIONES
1906 5259 1995 5313 ET
2037 5257 2269 5315 NOTAE.

182 5417 249 5490 (Ι)
296 5418 401 5474 Pro
442 5419 657 5493 ἀρετῶν
716 5420 838 5475 cod.
896 5418 1020 5473 Val.
1081 5417 1186 5475 650
1236 5417 1389 5487 ponit
1440 5415 1679 5485 ἀγαθῶν.

118 5485 474 5642 ῗοέἰῃάοηΐει·
503 5562 664 5642 epist.
694 5558 820 5642 204,
873 5559 1036 5614 infra.
1071 5558 1228 5642 .Puto
1251 5558 1311 5642 in
1371 5557 1478 5611 fine
1504 5558 1677 5642 _epist.

119 5627 287 5687 deesse
316 5627 549 5691 verbum
588 5631 823 5697 aliquod,
885 5642 1011 5700 puta
1068 5628 1384 5699 ἐπιγράφει,
1433 5629 1516 5683 vel
1548 5631 1682 5682 ἁνα-

119 5702 290 5739 γῆόωει
366 5705 445 5739 ..οι
506 5700 775 5739 ins/ire?!“
852 5701 993 5739 Ωιτ-οι·
1050 5730 1120 5739 -
1167 5700 1288 5739 pne!
1342 5700 1511 5739 ἥτττπ·
1560 5701 1677 5739 ιοηιΙκ

119 5702 316 5770 γράφει,
366 5705 449 5759 vel
506 5700 802 5783 λογίζεται,
848 5701 1017 5754 RITT.
1050 5730 1120 5739 —
1166 5700 1295 5754 Post
1342 5700 1511 5770 ἥττης
1560 5701 1679 5755 cod.

121 5768 240 5846 Vat.
258 5772 356 5846 6§0
382 5783 602 5846 apponit
627 5773 978 5846 ftpoapimst.
1013 5772 1088 5827 ID.

184 5841 250 5911 (ὃ)
279 5841 594 5912 Οοα.’ῗθι.,
625 5842 726 5897 ἔτι.
760 5844 837 5897 In.

1867 5415 1943 5484 (4)
1967 5415 2071 5497 Pro
2096 5417 2205 5470 ἀπὸ
2224 5416 2460 5480 πίστεως
2482 5419 2643 5486 μόνον
2669 5420 2859 5475 scribit
2886 5421 3049 5487 idem,
3081 5423 3175 5475 ἀπ’
3204 5423 3375 5497 αὐτῆς

1785 5486 2105 5628 μὸἴέῗῖάξυέ.
2146 5557 2437 5634 κιρνᾶσθαι
2482 5558 2560 5634 [et
2592 5561 2684 5634 _sic
2730 5559 3062 5634 cod._V.tt.].
3126 5564 3374 5621 Conferri

1787 5636 1970 5684 autem
2018 5645 2139 5680 cum
2183 5631 2283 5681 hac
2331 5634 2488 5695 epist.
2521 5631 2681 5685 debet
2711 5648 2797 5699 ep.
2826 5632 2954 5698 226,
2986 5631 3040 5687 et
3073 5650 3193 5688 cum
3223 5646 3376 5691 utra-

1788 5714 1894 5767 que
1918 5715 1967 5753 c.
2012 5715 2048 5752 ιι
2095 5699 2343 5767 Epistola:
2372 5700 2428 5753 S.
2464 5700 2669 5765 Jacobi,
2717 5703 2870 5770 cujus
2911 5705 3219 5763 testimonio
3243 5707 3374 5763 alibi

1790 5784 2004 5839 quoque
2032 5780 2221 5825 auctor
2243 5782 2438 5836 ,noster
2467 5787 2608 5842 saepe
2636 5772 2823 5829 utitur.
2849 5774 3015 5830 Rtn.
