3886 6420
1696 326 1756 386 S.
1802 326 1903 385 ISI
1914 324 2098 384 DORI
2140 320 2583 383 PELUSIOTZE
3644 309 3764 373 1124

840 439 1022 494 LXVI.
1051 470 1119 479 ——
1155 437 1466 493 IIERMINO
1492 440 1752 495 COMITI.

2540 436 2676 502 sq".
2720 461 2784 474 -
2828 432 3093 504 ΕΡΜΙΝῼ
3131 429 3426 485 sonum.

497 536 679 602 Quare
715 550 892 589 omnes
923 533 1117 587 divina:
1158 549 1241 585 res
1278 532 1415 601 ignis
1457 533 1666 588 nomine
1705 533 2087 604 insigniautur.

2213 529 2295 583 διὰ
2326 529 2384 583 τί
2410 526 2608 582 πάντα
2637 524 2711 580 τὰ
2739 525 2868 581 θεῖα
2901 525 2983 589 τῷ
3019 523 3129 578 τοῦ
3166 523 3359 592 πυρὸς
3396 517 3639 589 ὀνόματι
3675 537 3762 589 χα-

2770 594 3209 655 ρακτηρίζεται.

2769 613 3209 665 ρακτηριςεται.

496 332 633 397 1123

2266 712 2366 765 Διά
2405 711 2496 772 τί,
2529 710 2688 780 ἔφης,
2726 708 2909 762 πάντα
2955 708 3025 762 τά
3059 706 3182 761 θεῖα
3219 703 3299 774 τῷ
3337 702 3435 756 τοῦ
3473 702 3639 773 πυρὸς
3664 704 3767 757 ὀνό-

2199 822 2332 875 ματι
2385 804 2574 875 σχεδὸν
2617 800 3119 874 χαρακτηρίζεται;
3171 797 3291 868 Πῦρ
3343 797 3453 866 γάρ
3500 796 3703 866 εἴρηται
3740 797 3767 848 ὁ

2199 895 2355 959 Θεός·
2388 895 2484 948 καὶ
2515 895 2566 947 οἱ
2606 892 2831 962 ἄγγελοι
2871 891 2983 964 πῦρ
3014 891 3308 961 φλέγοντες
3334 887 3412 958 (6)
3435 903 3452 920 ο
3489 889 3579 939 καὶ
3603 886 3770 957 ὤφθη-

2198 1005 2299 1042 σαν
2331 989 2447 1050 τοῖς
2483 986 2811 1050 ἀποστόλοις
2846 985 3095 1055 γλῶσσαι
3134 983 3269 1036 ὡσεὶ
3300 981 3508 1052 πυρός·
3547 982 3672 1043 καὶ,
3700 980 3769 1051 τῷ

2197 1079 2477 1150 Πνεύματι
2508 1079 2753 1145 ζέοντες;
2796 1074 2967 1148 Οἶμαι
2997 1076 3205 1139 τοίνυν,
3232 1075 3316 1128 ὅτι
3343 1074 3434 1128 διὰ
3464 1073 3524 1127 τὸ
3557 1072 3770 1143 ἄφθονον

2197 1170 2294 1224 καὶ
2328 1169 2621 1235 πλούσιον,
2658 1170 2742 1223 ὅτι
2783 1168 2892 1221 ἀπὸ
2923 1166 3041 1230 ἑνὸς
3084 1165 3281 1236 λύχνου
3315 1164 3520 1235 μυρίας
3557 1162 3768 1217 ἀνάπτει

2196 1261 2489 1332 λαμπάδας
2520 1261 2599 1330 (7)
2619 1301 2634 1324 ,
2667 1260 2763 1314 καὶ¹
2792 1260 2854 1313 οὐ
2897 1258 3148 1330 μειοῦται
3170 1297 3186 1324 ,
3228 1256 3368 1311 άλλά
3397 1256 3560 1310 πάλιν
3594 1256 3768 1324 ἑτέρας

2195 1355 2468 1420 τοσαύτας
2495 1356 2593 1410 καὶ
2614 1355 2837 1418 πλείους
2869 1354 3074 1424 ἀνάψαι
3098 1353 3325 1416 δύναται
3347 1369 3362 1384 ο
3391 1350 3491 1422 τὴν
3512 1351 3568 1405 δὲ
3598 1351 3687 1404 ἐπὶ
3708 1350 3770 1403 τά

2200 1451 2434 1523 σώματα
2460 1449 2737 1523 φέρουσαν
2762 1447 2882 1502 όδὺν
2911 1445 3328 1517 ἀνακεχώρηκε,
3357 1444 3437 1516 τῷ
3460 1443 3531 1497 τὰ
3550 1443 3656 1497 ἀνω
3682 1443 3769 1513 μό-

565 717 707 783 Quid
738 731 919 771 causa:
945 725 1065 783 est,
1120 717 1300 786 inquis
1327 756 1343 783 ,
1384 733 1482 772 cur
1508 719 1695 773 omnia
1746 718 1862 774 fere
1907 720 2092 774 divina

498 810 639 880 ignis
676 807 1036 877 appellatione
1085 808 1383 861 notentur?
1437 807 1584 879 Ignis
1614 809 1760 863 enim
1796 810 1975 865 dictus
2011 819 2095 866 est

500 904 640 953 Deus
662 898 729 963 ⁸⁸,
754 908 808 953 et
837 898 1012 968 angeli
1047 898 1187 967 ignis
1216 896 1525 963 ﬂammeus,
1557 910 1613 953 et
1639 913 2017 969 apparuerunt
2040 904 2093 956 in

498 989 757 1059 apostolis
806 989 1003 1060 lingua:
1055 999 1315 1059 tanquam
1355 989 1495 1058 ignis
1525 991 1591 1056 ³³,
1626 1001 1704 1057 et,
1746 991 1949 1062 Spiritu
1994 992 2097 1047 fer-

497 1094 689 1137 ventes
706 1083 797 1137 ‘°?
843 1083 1102 1138 Arbitror
1146 1083 1313 1152 igitur
1347 1084 1398 1137 id
1433 1083 1571 1150 ﬁeri,
1609 1085 1844 1153 primum
1876 1096 2096 1156 propter

499 1176 713 1244 c0piam
764 1174 1078 1229 invidentia:
1114 1184 1393 1245 expertem
1438 1185 1495 1230 et
1549 1176 1803 1241 divitias,
1854 1193 1979 1232 cum
2027 1181 2095 1232 ab

500 1282 609 1320 uno
643 1266 841 1337 lychno
872 1266 1114 1322 inﬁnitas
1142 1268 1411 1323 accendat
1450 1268 1751 1337 lampades,
1783 1284 1885 1323 nec
1912 1278 2094 1324 tamen

499 1359 818 1427 minuatur;
857 1360 952 1414 sed
975 1360 1089 1429 ipse
1113 1373 1333 1429 quoque
1355 1362 1538 1415 denuo
1576 1374 1642 1414 ac
1664 1375 1931 1430 proporro
1956 1360 2097 1414 alias

504 1450 729 1504 totidem
754 1465 1005 1516 numero,
1037 1451 1123 1505 vel
1155 1451 1321 1505 etiam
1348 1449 1551 1521 plures,
1582 1451 1885 1505 accendere
1904 1450 2093 1521 possit.

502 1541 658 1608 Quod
688 1551 869 1596 autem
904 1542 970 1597 ad
1003 1557 1295 1612 corporum
1325 1542 1594 1597 rationem
1623 1543 1838 1608 attinet,
1879 1557 2095 1598 sursum

2213 1560 2289 1598 ρον
2317 1543 2381 1596 τὸ
2420 1542 2534 1614 πῦρ
2573 1541 2683 1595 τῶν
2713 1540 2971 1609 ἐπιγείων
2996 1538 3237 1593 διώκειν.
3272 1536 3356 1590 Τά
3410 1533 3512 1605 μὲν
3548 1533 3652 1604 γὰρ
3684 1534 3769 1603 τὴν

500 1635 712 1698 fertur,
743 1634 888 1704 quod
917 1635 1065 1690 solus
1087 1652 1156 1691 ex
1192 1636 1355 1691 rebus
1400 1636 1634 1690 terrenis
1670 1636 1811 1705 ignis
1856 1636 1973 1691 loca
2004 1650 2097 1690 su-

2213 1638 2326 1709 γῆν,
2358 1636 2420 1689 τὸ
2446 1635 2503 1689 δὲ
2531 1634 2626 1688 τὸν
2668 1634 2899 1705 οὐρανὸν
2932 1632 3123 1686 ποθεῖ·
3158 1630 3256 1684 καὶ
3287 1629 3359 1682 τά
3392 1628 3491 1699 μὲν
3520 1628 3617 1697 τὴν
3636 1626 3770 1679 κάτω

501 1726 715 1797 periora
757 1737 980 1797 appetat
1008 1741 1073 1781 ac
1110 1737 1497 1796 persequatur.
1557 1726 1698 1781 Nam
1736 1742 1861 1782 cum
1893 1736 2093 1783 caetera

2213 1728 2397 1800 φορὰν,
2422 1728 2486 1781 τὸ
2515 1728 2574 1781 δὲ
2611 1726 2710 1796 τὴν
2739 1726 2853 1781 ἀνω
2886 1720 3028 1779 οἰδεν
3051 1724 3192 1778 ὁδόν.
3220 1724 3432 1794 Ὥσπερ
3457 1720 3565 1791 γὰρ
3592 1722 3619 1772 ὁ
3640 1718 3771 1780 λίθος

504 1820 812 1890 (elementa
870 1818 1088 1889 aliaque
1138 1820 1407 1889 corpora)
1453 1829 1692 1882 terram,
1746 1818 1862 1888 ipse
1889 1818 2090 1874 caelum

2213 1821 2292 1875 ιαί.
2323 1821 2388 1875 τὸ
2425 1819 2572 1892 ὕδωρ
2609 1819 2709 1891 τὴν
2738 1820 2850 1873 ἀνω
2884 1819 3004 1872 ὁδὸν
3040 1819 3250 1886 ἀγνοεῖ,
3287 1816 3432 1869 οὕτω
3469 1814 3564 1868 καὶ
3592 1812 3648 1865 τὸ
3673 1811 3770 1880 πῦρ

502 1913 799 1966 desiderat.
832 1910 900 1966 Et
933 1912 1021 1965 illa
1053 1911 1275 1980 quidem
1303 1920 1508 1967 motum
1557 1911 1812 1967 deorsum
1851 1921 2086 1977 norunt;

2213 1918 2296 1985 τῆς
2327 1914 2478 1969 κάτω
2508 1915 2612 1967 οὐκ
2641 1913 2916 1984 ἀνέχεται.

502 2004 605 2059 iste
633 2019 762 2059 vero
785 2020 1000 2059 sursum
1028 2004 1245 2057 alI'ectat
1270 2004 1433 2056 viam.
1456 2002 1925 2069 Quemadmodum
1948 2005 2094 2059 enim
2134 2005 2270 2076 lapis
2292 2049 2307 2074 ,
2339 2016 2394 2061 et
2457 2021 2596 2078 aqua
2634 2021 2848 2062 sursum
2910 2005 3175 2061 ferentem
3216 2003 3356 2057 viam
3388 2002 3624 2073 ignorat,
3654 1999 3719 2053 ita
3746 2013 3771 2051 e

502 2098 783 2155 contrario
815 2096 954 2166 ignis
996 2096 1249 2151 deorsum
1282 2094 1411 2150 ferri
1447 2111 1551 2150 non
1586 2095 1839 2151 sustinet.

717 2209 927 2266 LXVII.
956 2242 1025 2251 —
1051 2208 1521 2267 TIIEOGNOSTO
1555 2210 1877 2267 DIACONO.

506 2322 584 2377 De
617 2322 838 2376 lectione
918 2338 1196 2374 sacrarum
1240 2319 1589 2384 Litterarum,
1646 2334 1833 2377 contra
1885 2320 2098 2376 Gnaeos

582 2393 886 2463 (pagatim).
935 2393 1008 2444 De
1039 2394 1213 2461 gratia
1251 2393 1507 2444 divinitus
1539 2395 1923 2461 iuspiratarum
1953 2390 2100 2446 Scri-

578 2476 881 2532 pturarum,
914 2472 963 2515 et
986 2463 1218 2515 utilitate
1248 2478 1313 2514 ex
1336 2464 1462 2529 ipsis
1497 2464 1782 2532 capienda.

2436 2211 2557 2270 ΞΖ’.
2591 2242 2664 2253 -
2700 2211 3101 2283 ΘΕΟΓΝΩΣΤῼ
3138 2209 3443 2279 ΔΙΔΚΟΝῼ
3482 2206 3574 2276 (8).

2207 2316 2350 2385 Περί
2377 2316 2796 2387 ἀναγνώσεως,
2827 2316 2977 2371 κατὰ
3015 2315 3350 2387 Ἑλλήνων.
3388 2314 3529 2387 Περί
3554 2313 3660 2387 τῆς
3682 2314 3770 2387 xci-

2271 2384 2441 2454 pztoc
2479 2384 2598 2440 τῶν
2645 2389 3068 2442 θεοπνεύστων
3100 2386 3391 2456 Γραφῶν,
3438 2386 3536 2439 καί
3575 2384 3678 2454 τῆς
3714 2386 3769 2447 ἐξ

2280 2457 2481 2512 αὐτῶν
2512 2458 2827 2527 ὠφελείας.

580 2590 967 2661 Saepenumero
1020 2588 1151 2642 mihi
1194 2588 1245 2642 in
1286 2598 1521 2643 mentem
1556 2588 1702 2643 venit
1757 2590 1943 2644 mirari
1978 2604 2097 2656 eos,

2282 2573 2551 2637 Πολλάκις
2579 2572 2868 2642 ἐθαύμασα
2906 2572 3014 2626 τῶν
3046 2574 3172 2636 τοὺς
3202 2573 3488 2641 διαλόγους
3527 2570 3772 2625 συντιθέν-

509 2685 599 2755 qui
628 2683 872 2752 dialogos
917 2691 1382 2750 composuerunt,
1437 2691 1490 2735 et
1540 2682 1820 2735 orationes
1860 2682 2102 2751 prolixas

2213 2687 2345 2732 των,
2382 2670 2479 2723 καὶ
2511 2670 2640 2734 τοὺς
2684 2669 3012 2734 διεξοδικοὺς
3055 2669 3246 2738 λόγους
3282 2667 3767 2739 συγγραψαμένων.

509 2777 977 2845 conscripserunt,
1005 2774 1145 2842 quod
1171 2790 1281 2827 suae
1311 2774 1529 2842 quidem
1572 2775 1759 2843 gloriae
1799 2775 1961 2831 nimis
1986 2791 2102 2829 ma-

2213 2764 2288 2816 ’ὁτι
2314 2762 2414 2831 τῆς
2442 2762 2543 2834 μὲν
2568 2762 2778 2823 οἰκείας
2792 2761 2951 2833 δόξης
2979 2762 3104 2815 λίαν
3129 2761 3458 2832 ἐφρόντισαν
3490 2760 3585 2829 (9),
3606 2759 3771 2828 ὑψηλῷ

510 2885 671 2939 gnam
705 2868 994 2923 habuerint
1021 2883 1235 2928 curam,
1275 2869 1404 2921 dum
1442 2867 1658 2921 sublimi
1688 2878 1742 2923 et
1773 2869 1978 2937 grande
2016 2883 2104 2923 so-

2213 2855 2305 2909 καὶ
2341 2855 2639 2926 ὑπερσόφῳ
2674 2854 3014 2926 χρησάμενοι
3051 2854 3197 2925 λόγῳ
3222 2869 3236 2883 ο
3265 2853 3371 2922 τῆς
3401 2854 3459 2906 δὲ
3489 2853 3594 2904 τῶν
3629 2852 3771 2905 ἀκου-

510 2961 649 3029 phos
679 2958 921 3027 spirante
960 2971 1213 3010 sermone
1245 2957 1462 3010 fuerunt
1491 2956 1571 3010 usi
1597 2974 1612 3019 ;
1658 2956 1945 3012 utilitatem
1976 2974 2103 3013 vero

2213 2946 2454 3018 σομένων
2501 2947 2771 3016 ὠφελείας
2820 2947 3138 3019 ἠμέλησαν,
3185 2940 3256 3019 ἧς
3305 2945 3454 3009 εἰκὸς
3497 2941 3567 3015 ἦν
3599 2944 3770 3015 μᾶλλον

511 3051 821 3105 auditorum
887 3048 1287 3119 neglexerunt,
1339 3048 1497 3118 cujus
1550 3048 1797 3119 profecto
1839 3051 2099 3121 majorem

2213 3041 2406 3103 αὐτοὺς
2432 3039 2764 3110 ποιήσασθαι
2801 3039 3082 3111 πρόνοιαν.
3114 3037 3241 3092 Τῶν
3275 3038 3376 3109 μὲν
3412 3036 3520 3107 γάρ
3561 3053 3769 3106 συγγριο

513 3147 713 3200 ducere
741 3142 1006 3198 rationem
1033 3142 1180 3212 ipsos
1202 3142 1486 3197 decuerat.
1518 3143 1930 3210 Quantumlibet
1953 3147 2099 3201 enim

2213 3132 2354 3203 φέων
2399 3132 2673 3202 τοσαύτην
2716 3130 2873 3199 δόξαν
2911 3130 3225 3198 λαϐόντων,
3281 3128 3435 3183 οὐδὲν
3476 3127 3544 3182 ἂν
3591 3128 3769 3195 γένοιτο

515 3250 769 3305 magnam
816 3234 1043 3304 gloriam
1092 3236 1405 3288 consecutis
1448 3234 1843 3306 scriptoribus,
1891 3238 1960 3291 ad
1999 3253 2107 3292 ca:-

2213 3225 2374 3279 πλέον
2404 3226 2518 3288 τοῖς
2542 3224 2725 3288 ἄλλοις
2745 3241 2759 3255 ·
2783 3224 2891 3278 τῶν
2908 3224 2953 3278 δ’
2975 3224 3152 3279 ἀλλων
3174 3221 3598 3293 ὠφελουμένων,
3625 3219 3765 3285 πολλὴ

520 3338 666 3381 teros
694 3335 842 3381 certe
882 3341 1073 3395 parum
1113 3326 1239 3381 inde
1277 3326 1530 3383 utilitatis
1573 3329 1881 3385 redundare
1900 3341 2105 3399 queat:

2213 3319 2242 3388 η
2276 3316 2518 3379 ἐπίδοσις
2566 3315 2766 3385 γένοιτ’
2807 3316 2875 3371 ἂν
2900 3315 3003 3386 τῆς
3047 3315 3271 3387 ἀρετῆς.
3328 3314 3474 3367 Ἀλλ’
3519 3312 3692 3381 ἐπειδὴ
3722 3310 3769 3363 τὸ

516 3417 683 3491 449
710 3418 833 3473 aliis
878 3432 1023 3473 vero
1058 3418 1349 3471 utilitatem
1402 3420 1868 3489 percipientibus,
1914 3437 2107 3491 magna

2213 3409 2421 3464 ἑαυτῶν
2445 3404 2586 3462 εἶδον
2608 3449 2623 3473 ,
2654 3409 2716 3462 τὸ
2758 3408 2870 3462 τῶν
2912 3407 3089 3463 ἄλλων
3128 3408 3389 3479 παρεῖδον
3408 3447 3424 3472 ,
3463 3406 3544 3459 διὸ
3579 3406 3665 3459 καὶ
3691 3404 3769 3473 τὴν

516 3512 737 3566 virtutis
787 3510 1031 3565 accessio
1078 3512 1151 3564 sit
1208 3511 1409 3566 futura.
1466 3512 1954 3567 Verumenimvero
1981 3515 2107 3582 quia

2213 3501 2365 3555 θείαν
2398 3501 2681 3555 αἰτιῶνται
2714 3502 2970 3574 Γραφὴν,
3001 3501 3079 3573 μὴ
3110 3500 3190 3571 τῷ
3217 3499 3463 3572 περιττῷ
3490 3499 3585 3552 καὶ
3613 3497 3769 3551 κεκαλ-

520 3601 587 3654 ad
635 3601 685 3653 id
719 3600 862 3669 quod
900 3600 1002 3654 sibi
1040 3602 1394 3667 conduceret,
1430 3602 1604 3657 solum
1642 3602 1832 3656 intenti
1867 3602 2108 3667 fuerunt,

522 3688 748 3742 aliorum
770 3689 1057 3743 utilitatem
1081 3689 1302 3759 insuper
1320 3691 1647 3746 habuerunt.
1663 3690 1928 3759 Quocirca
1946 3694 2110 3747 etiam

522 3781 758 3835 divinam
790 3781 1107 3847 vituperant
1134 3782 1474 3851 Scripturam
1499 3823 1516 3852 ,
1548 3799 1668 3852 qua:
1703 3800 1806 3839 non
1839 3786 2112 3855 exquisito

522 3884 578 3928 et
602 3884 795 3929 ornato
824 3874 1037 3928 dicendi
1071 3890 1292 3944 genere,
1325 3876 1419 3931 sed
1444 3876 1639 3930 humili
1679 3883 1843 3946 atque
1870 3877 2111 3947 pedestri

525 3980 621 4021 usa
654 3965 749 4019 sit.
790 3966 862 4018 At
905 3980 1026 4029 nos,
1069 3965 1187 4019 vice
1221 3981 1399 4029 versa,
1433 3967 1672 4035 ipsorum
1704 3969 1922 4037 quidem
1958 3983 2112 4023 amo-

526 4071 640 4111 rem
667 4056 752 4110 sui
788 4065 951 4124 atque
974 4057 1323 4110 ambitionem
1350 4058 1471 4124 jure
1506 4073 1844 4124 accusemus,
1878 4061 1970 4130 qui
1999 4061 2116 4132 glo-

527 4149 623 4204 riae
660 4150 893 4217 propria:
922 4150 1103 4204 studio
1128 4150 1297 4211 ducti,
1332 4152 1562 4205 aliorum
1594 4154 1873 4207 minimam
1906 4154 2116 4211 habue-

527 4242 638 4295 rint
675 4241 989 4295 rationem:
1048 4241 1384 4311 Scripturam
1446 4254 1625 4298 autem
1690 4260 1816 4300 vere
1876 4246 2115 4302 divinam

529 4335 1008 4389 criminationibus
1045 4335 1285 4403 ipsorum
1319 4335 1647 4401 liberemus,
1682 4338 1924 4395 dicentes
1950 4379 1965 4404 ,
1996 4354 2118 4395 eam

532 4442 639 4480 non
670 4441 783 4481 sua:
813 4427 1046 4497 propria:
1073 4428 1283 4494 gloriae,
1321 4431 1415 4483 sed
1449 4430 1628 4497 potius
1659 4431 1993 4486 audientium
2024 4447 2118 4487 sa-

2211 3594 2546 3666 λωπισμένῳ
2580 3595 2873 3666 χρωμένην
2924 3595 3092 3665 λόγῳ,
3137 3593 3275 3648 ἀλλά
3315 3598 3394 3663 τῲ
3435 3592 3666 3660 ταπεινῷ
3694 3589 3768 3642 καὶ

2213 3686 2388 3759 πεζῷ.
2432 3687 2573 3741 Ἀλλ’
2602 3689 2761 3759 ἡμεῖς
2792 3688 2893 3758 μὲν
2923 3688 3107 3749 αὐτοῖς
3127 3684 3561 3755 ἀντεγκαλῶμεν
3597 3683 3681 3752 τῆς
3702 3701 3767 3751 ςι-

2212 3779 2439 3843 λαυτίας
2477 3779 2609 3850 (10),
2650 3781 2733 3833 ὅτι
2775 3779 2937 3850 δόξης
2961 3779 3283 3850 ὀρεχθέντες
3315 3777 3452 3849 (11),
3483 3778 3590 3831 τῶν
3630 3774 3767 3829 ἀλλων

2213 3873 2416 3943 ἥκιστα
2464 3872 2825 3942 ἐφρόντισανο
2876 3872 2976 3944 τὴν
3025 3872 3085 3926 δὲ
3137 3871 3291 3925 θείαν
3348 3870 3521 3933 ὅντως
3585 3867 3768 3939 Γραφὴν

2215 3966 2653 4036 ἀπαλλάττωμεν
2682 3966 2790 4019 τῶν
2820 3966 2989 4036 ὲγκλη
2999 3966 3208 4034 μάτων,
3236 3964 3492 4032 λέγοντες
3515 3965 3593 4017 ὅτι
3618 3963 3673 4015 οὐ
3693 3960 3769 4029 τῆς

2215 4058 2425 4123 οἰκείας
2478 4058 2674 4129 δόξης,
2723 4058 2826 4130 τῆς
2872 4058 2929 4111 δὲ
2971 4058 3082 4112 τῶν
3136 4057 3487 4111 ἀκουσάντων
3536 4054 3769 4126 σωτηρίας

2216 4153 2556 4222 ἐφρόντισεν.
2595 4151 2659 4205 Εἰ
2690 4151 2748 4206 δὲ
2780 4152 2991 4223 ὑψηλῆς
3023 4150 3282 4223 φράσεως
3318 4150 3518 4223 έρῷεν,
3551 4146 3771 4219 μανθανὲ-

2217 4263 2398 4300 τωσαν
2427 4246 2509 4300 ὅτι
2555 4245 2783 4317 ἄμεινον
2825 4246 2977 4316 παρά
3022 4244 3234 4298 ἰδιώτου
3276 4243 3604 4315 τάληθὲς,ῆ
3651 4238 3770 4307 παρὰ

2222 4337 2477 4406 σοφιστοῦ
2517 4338 2579 4391 τὺ
2616 4338 2812 4408 ψεῦδος
2851 4337 3066 4409 μαθεῖν.
3111 4337 3170 4390 Ὀ
3205 4337 3307 4407 μὲν
3340 4337 3453 4407 γὰρ
3491 4334 3664 4396 ἁπλῶς
3696 4330 3771 4383 καὶ

2223 4430 2505 4500 συντόμως
2533 4430 2731 4501 φράζει
2755 4447 2771 4465 ο
2795 4433 2824 4484 ὁ
2845 4430 2903 4484 δὲ
2938 4429 3198 4493 πολλάκις
3232 4428 3477 4499 ἀσαφείᾳ
3507 4429 3599 4481 καὶ
3624 4426 3676 4478 τὸ
3694 4424 3772 4492 τῆς

528 4516 654 4571 Iutis
676 4518 975 4572 studiosam
1008 4517 1199 4573 fuisse.
1233 4521 1386 4586 Quod
1416 4522 1459 4575 si
1486 4530 1637 4576 tanto
1663 4531 1915 4577 tenentur
1934 4538 2107 4579 amore

2223 4521 2483 4593 ἀληθείας
2509 4525 2843 4595 ἐπικρύπτει
2884 4522 3103 4587 κάλλος,
3133 4523 3311 4576 καὶτὸ
3344 4522 3537 4592 ψεῦδος
3569 4523 3629 4590 τῇ
3664 4518 3771 4569 καλ-

535 4610 785 4664 sublimis
816 4610 1096 4676 dictionis,
1134 4612 1346 4667 discant
1388 4614 1584 4671 melius
1606 4629 1731 4671 esse
1771 4624 1828 4670 ut
1854 4616 1920 4671 ab
1954 4616 2107 4671 idiota

2228 4616 2447 4688 λιεπείᾳ
2491 4618 2799 4689 κοσμήσας,
2845 4618 2907 4671 ὲν
2950 4616 3164 4688 χρυσίδι
3215 4616 3329 4686 (12)
3384 4616 3446 4668 τὺ
3491 4612 3771 4684 δηλητήριον

606 4768 651 4801 ³⁸
682 4769 852 4824 Exod.
882 4787 1032 4836 utv,
1061 4771 1150 4825 l7.
1229 4771 1275 4803 ³⁹
1298 4771 1422 4826 Act.
1460 4789 1520 4839 ll,
1546 4773 1600 4828 5.
1683 4773 1728 4805 ⁸ο
1756 4773 1914 4829 Rom.
1946 4789 2046 4841 xu,
2078 4774 2167 4832 Η.

1639 4930 1874 4986 νΑιιιΑε
1916 4930 2307 4989 LECTIONES
2361 4931 2451 4988 ET
2488 4932 2723 4990 NOTIE.

601 5088 678 5156 (6)
719 5086 826 5142 Pro
857 5087 1145 5165 φλέγοντες
1187 5089 1311 5143 cod.
1364 5088 1539 5165 thtic.
1584 5090 1733 5165 _650_._
1761 5089 1952 5146 scribit
1995 5088 2123 5161 φλὲο
2228 5106 2414 5165 rarum
2456 5107 2591 5165 cumﬁ
2622 5091 2994 5161 saecularibus,
3037 5110 3161 5165 qua:
3200 5093 3359 5165 longe
3400 5094 3647 5165 longeque
3688 5089 3771 5145 illis

529 5179 647 5229 γον,
666 5169 719 5213 el
741 5174 882 5232 vers.
918 5171 1035 5227 pnst
1061 5161 1142 5232 ὅτι
1168 5170 1339 5214 mutat
1370 5162 1421 5215 in
1454 5162 1664 5232 ἐπειδή.
1692 5159 1847 5216 Vers.
1874 5159 2107 5232 penaprt

2228 5163 2451 5226 cedunt,
2484 5175 2539 5217 et
2570 5164 2745 5220 fasces
2792 5159 3110 5232 submittere
3142 5159 3362 5220 debent.
3397 5159 3559 5220 Rtf'r.

529 5233 656 5306 ὁδὸν
683 5230 1057 5306 ρριιίιιόρμήν.
1095 5230 1312 5306 Possm.
1478 5302 1488 5306 Α
1607 5230 1639 5306 _'
1692 5304 1699 5306 ξ
2029 5230 2042 5232 “
2082 5301 2094 5306 _

2236 5301 2275 5306 __
2307 5234 2554 5306 (10)!)th
2581 5234 2681 5306 τῆς
2707 5231 3153 5306 φιλαυτίαςλΙεέἰι
3193 5236 3333 5291 i'dem
3362 5236 3462 5305 τὴν
3504 5231 3768 5306 φιλαυτίαν.

602 5303 678 5371 (Ἰ)
716 5300 860 5377 ’ᾼπό
897 5301 1053 5377 ἑνὸς⁸
1070 5302 1305 5377 λύχνςρυ
1338 5302 1561 5371 μυρίας
1588 5303 1863 5377 ἀνάπτει
1887 5301 2107 5372 λαμπώ

2236 5300 2410 5377 Yers._
2432 5304 2557 5359 inde
2588 5300 2649 5366 2,
2681 5300 2799 5377 post
2821 5304 3062 5377 ιγραφὴν
3081 5300 3393 5377 usquead
3419 5300 3770 5377 Btt'exclnsive

531 5373 642 5448 ξας
671 5372 769 5448 καὶ
793 5373 867 5448 of)
890 5372 1177 5448 petantur.
1211 5370 1376 5448 _Ve_lus
1426 5384 1580 5448 poeta
1620 5374 1757 5448 apud
1801 5370 2107 5448 Qicerimeu

2230 5374 2310 5427 sic
2360 5374 2503 5448 idem
2557 5370 2693 5430 cod.—
2721 5370 2901 5442 habet,
2957 5370 3221 5448 μέμψεως
3264 5375 3663 5445 ἀπαλλάττομεν
3703 5370 3770 5421 λέ·

533 5444 610 5497 De
659 5442 890 5514 ofﬁciis.
921 5441 1121 5514 Cooter
1159 5444 1224 5495 ad
1279 5444 1421 5497 hanc
1465 5445 1745 5512 epistolam
1791 5443 2120 5514 Cyprianum
2227 5460 2435 5512 γοντες.
2476 5444 2680 5499 Possm.

533 5515 754 5586 advers;
782 5512 1023 5579 Judwos,
1058 5513 1152 5566 lib.
1186 5528 1266 5586 ιιι,
1296 5515 1576 5586 cap.__10l.
1612 5514 1777 5586 Βιττ.
2098 5585 2102 5586 ν

2300 5516 2416 5586 (ll)
2445 5515 2573 5586 Ὄζι
2599 5516 2786 5584 δόξης
2813 5516 3180 5586 ὀρεχθέντες.
3216 5516 3359 5573 Ρυιο
3396 5517 3579 5573 deesse
3600 5514 3767 5571 sintsi-1;

606 5583 684 5653 (8)
713 5580 943 5655 Ha’cgep.
970 5585 1020 5636 in
1053 5586 1171 5637 cod.
1210 5583 1326 5638 Vat.
1359 5584 1464 5638 650
1489 5584 1802 5639 inscribitur
1837 5582 2107 5655 Ἀρποκρᾷ

2226 5580 2318 5639 vel
2346 5580 2498 5648 ἰδίας.
2534 5585 2701 5641 Βιττ.

538 5653 791 5729 σοφιστῇ.
826 5653 1035 5729 Possm.
1082 5724 1143 5729 υ
1291 5725 1340 5729 Η
1391 5726 1403 5729 _
1622 5724 1635 5729 _
1908 5653 1954 5729 ’_
2052 5653 2106 5655 ”“

2229 5725 2269 5729 __
2299 5655 2409 5726 (12)
2438 5656 2544 5710 Pro
2585 5656 2800 5729 χρυσίδι
2853 5658 2973 5713 cod.
3025 5656 3144 5729 Vat.
3200 5658 3353 5728 ponit
3394 5660 3565 5729 χρυσῇ
3600 5654 3765 5709 κύλικι.

610 5716 685 5794 (9)
718 5716 916 5777 Confer
948 5739 1034 5793 ep.
1078 5724 1149 5802 28
1187 5736 1242 5779 et
1283 5725 1344 5779 91
1391 5726 1494 5802 hoc
1537 5724 1660 5802 cod.
1698 5723 1861 5802 libro.
1917 5722 2107 5802 Omnes

2229 5716 2530 5798 Versfseq.
2563 5716 2660 5798 ιιι-ἱ)
2687 5728 2951 5800 ἐκέρασεν
2978 5728 3140 5785 habet
3178 5716 3362 5802 κιρνᾷ.
3392 5716 3590 5785 βὸδειῖι.

538 5793 627 5849 bat
658 5804 769 5849 tres
798 5796 1256 5864 comparationem
1292 5796 1569 5853 continent
1600 5794 1909 5852 divinarum
1950 5794 2121 5853 Litte-
