3886 6420
523 397 655 467 1131

1692 397 1753 458 S.
1795 394 2091 457 ISIDORI
2126 395 2569 458 ‘PELUSIOT/E

3654 396 3780 455 1132

521 511 810 565 traducere
831 516 1049 579 propter
1083 508 1223 572 illos,
1271 506 1359 577 qui
1413 504 1817 574 pulchritudine
1868 505 2101 576 corporis

2214 505 2315 558 οὐκ
2355 505 2725 575 ἠδυνήθησαν,
2777 506 2865 561 τὸν
2896 504 3024 574 γοῦν
3046 504 3243 571 ἔξωθεν
3267 502 3453 567 αὐτοῖς
3488 505 3779 576 περικείμε-

520 601 675 656 abusi
717 609 845 654 sunt
897 606 963 653 ad
1018 599 1338 670 nequitiam.
1376 596 1596 662 Deinde,
1615 595 1742 665 quia
1776 596 1927 650 multi
1969 598 2106 651 hanc

518 690 664 744 velut
690 698 861 744 artem
896 688 1169 755 factitant,
1220 699 1281 743 ut
1325 687 1636 742 hominibus
1684 686 2010 742 maledicant
2053 695 2109 740 et

514 781 841 836 obtrectent.
867 777 1072 844 Tertio,
1107 779 1259 833 multi
1291 776 1571 845 mortales,
1592 776 1716 846 quia
1746 778 1915 846 ipsam
1940 776 2105 831 attin-

518 885 648 942 gere
696 870 937 925 animam
982 885 1087 925 non
1139 877 1451 940 potuerunt,
1503 868 1745 924 exterius
1795 867 2105 938 appositum

518 967 773 1014 ornatum
803 958 1090 1015 vulnerare
1121 957 1526 1029 aggrediuntur.
1559 956 1625 1011 Et
1658 964 1983 1011 attestantnr
2004 955 2110 1010 hoc

518 1048 677 1120 (nihil
702 1050 845 1105 enim
898 1058 1046 1104 vetet
1090 1048 1378 1119 quominus
1401 1047 1598 1101 iterum
1626 1046 1816 1102 iisdem
1844 1044 2108 1115 exemplis

2214 612 2303 649 νον
2345 595 2549 665 κόσμον
2595 594 2802 665 τρῶσαι
2851 595 3210 666 ἐπιχειροῦσι.
3262 595 3374 647 Καὶ
3423 593 3776 663 μαρτυροῦσιν

2217 685 2408 757 (οὐδὲν
2435 685 2544 756 γὰρ
2578 685 2778 738 κωλύει
2828 685 2990 739 πάλιν
3026 686 3137 747 τοῖς
3163 684 3349 747 αὐτοῖς
3382 683 3777 754 παραδείγμασι

2215 776 2553 849 χρήσασθαι)
2586 777 2749 841 αὐτός
2777 794 2838 830 τε
2868 777 2895 829 6
2939 776 3162 847 Ἰωσὴφ,
3208 777 3237 829 6
3283 775 3392 828 ὑπὸ
3414 775 3528 828 τῶν
3555 775 3780 845 ἀδελφῶν

2217 871 2314 921 καὶ
2353 868 2455 938 τῆς
2498 869 2786 939 δεσποίνης
2827 866 3290 938 συκοφαντηθείς
3343 867 3485 937 αὕτη
3534 884 3596 919 τε
3621 868 3781 939 (29)ὴ

2216 962 2499 1028 Σωσάννα,
2545 964 2580 1033 ή
2632 962 2736 1016 ὑπὸ
2788 961 2896 1015 τῶν
2939 960 3324 1032 πρεσϐυτέρων
3381 958 3779 1029 κατακριθεὴα.

2230 1051 2370 1105 Ἀλλ’
2397 1051 2697 1116 ἀδέκαστος
2721 1052 2917 1126 κριτὴς
2941 1053 3196 1105 κάκεῖνον
3219 1052 3314 1106 καὶ
3336 1050 3545 1121 ταύτην
3570 1050 3782 1119 ἐστεφά-

521 1141 784 1213 utamur),
810 1157 935 1197 cum
952 1140 1220 1211 Iosephus
1243 1139 1376 1210 ipse,
1410 1141 1502 1210 qui
1537 1146 1590 1194 et
1615 1136 1849 1193 fratrum
1882 1146 1937 1193 et
1960 1138 2101 1193 herae

2212 1159 2373 1197 νωσε.
2408 1142 2500 1213 Μὴ
2533 1143 2711 1197 τοίνυν
2730 1143 2792 1195 τὸ
2833 1143 3029 1205 κάλλος
3070 1142 3252 1208 αἰτιῶ,
3279 1141 3415 1196 ἀλλὰ
3442 1142 3543 1213 τὴν
3571 1141 3781 1212 αἰσχρὰν

521 1232 810 1292 calumniis
839 1233 1114 1304 appetitus
1145 1241 1229 1288 est
1257 1250 1271 1287 :
1315 1242 1427 1287 tum
1454 1230 1705 1287 Susanna
1733 1244 1764 1285 a
1795 1229 2101 1286 senioribus

2214 1235 2417 1307 ψυχὴν,
2458 1235 2558 1307 τὴν
2614 1237 2673 1289 ἐν
2703 1236 2782 1307 τῷ
2811 1236 3084 1306 καλλίστῳ
3131 1235 3348 1306 σώματι
3394 1233 3668 1299 οἰκοῦσαν,
3696 1233 3780 1286 καὶ

518 1329 897 1385 condemnata.
946 1327 1051 1384 Sed
1115 1328 1461 1398 incorruptus
1512 1328 1677 1399 judex
1728 1335 1783 1383 et
1845 1326 1996 1381 illum
2040 1336 2098 1383 et

2211 1327 2366 1381 τοῦτο
2389 1327 2802 1400 ἐνυϐρίζουσαν.

520 1422 681 1479 istam
727 1423 1026 1480 coronavit.
1058 1422 1238 1491 Quare
1296 1423 1407 1478 noli
1461 1424 1515 1479 in
1565 1423 1795 1479 formam
1853 1422 2105 1479 conferre
2142 1423 2379 1494 culpam,
2401 1426 2495 1480 sed
2525 1425 2704 1495 potius
2764 1424 2820 1480 in
2858 1432 3068 1493 turpem
3093 1438 3155 1479 ac
3211 1421 3512 1479 deformem
3539 1422 3778 1489 animam,

520 1532 639 1588 qua:
671 1517 725 1573 in
756 1517 1121 1587 pulcherrimo
1148 1532 1378 1589 corpore
1428 1517 1658 1585 habitat,
1683 1516 1844 1586 idque
1866 1516 2212 1586 dehonestat,
2240 1518 2439 1586 probro
2468 1517 2741 1573 affectum.

731 1632 942 1690 LXXII.
981 1666 1053 1677 —
1105 1635 1362 1694 HERONI
1394 1634 1891 1693 SCHOLASTICO.

2523 1634 2639 1690 οβ’.
2674 1665 2745 1675 -
2775 1635 2987 1689 HPQNI
3027 1632 3494 1705 ΣΧΟΛΔΣἹἹΚῼ.

1110 1731 1310 1787 Eadem
1348 1732 1411 1787 de
1440 1748 1518 1788 re.

2719 1726 3039 1799 Περὶῇοῦ]
3068 1727 3277 1782 αὑτοῦ.

2294 1841 2359 1894 Ἦ
2399 1841 2498 1911 μὲν
2541 1840 2737 1909 ἄλογος
2789 1840 2903 1911 ('50)
2934 1839 3212 1910 εὐπραγία
3253 1839 3332 1904 ὡς
3377 1838 3451 1893 τὰ
3498 1837 3668 1893 πολλὰ
3704 1839 3777 1902 είς

2215 1928 2375 2003 ῦϐριν
2418 1934 2620 2003 χωρεῖ·
2668 1933 2701 2001 ή
2751 1930 2808 1984 δὲ
2861 1933 3005 1986 κατὰ
3054 1931 3235 2001 λόγον,
3272 1930 3539 1995 πολλάκις
3583 1928 3771 2000 ἀγαθὸν

594 1843 685 1898 Illa
715 1844 932 1913 quidem
960 1843 1212 1911 felicitas,
1244 1858 1365 1913 quae
1402 1842 1566 1900 alicui
1604 1854 1803 1915 praeter
1835 1844 2104 1901 rationem
2134 1825 2183 1887 Β

521 1938 769 2009 contigit,
804 1939 942 1995 solet
1002 1938 1320 2008 plerumque
1368 1938 1422 1993 in
1472 1938 1859 1993 contumeliam
1917 1950 2107 2008 proce-

520 2028 669 2083 dere.
702 2026 833 2095 Quae
856 2042 988 2083 vero
1020 2027 1316 2083 secundum
1351 2028 1618 2083 rationem
1651 2027 1895 2095 obvenit,
1931 2042 2101 2099 saepe-

2212 2022 2392 2077 ὠδίνει
2421 2022 2619 2093 πέρας.
2674 2022 2825 2094 Πλήν
2853 2039 3000 2086 τινες
3050 2023 3148 2077 καὶ
3184 2024 3292 2077 τῶν
3347 2023 3668 2095 παραλόγως
3699 2024 3781 2076 δυ-

525 2135 755 2175 numero
777 2120 977 2176 bonum
1016 2120 1161 2191 parit
1186 2120 1413 2177 exitum.
1452 2117 1840 2177 Verumtamen
1876 2136 1985 2177 non
2013 2121 2101 2177 de-

2219 2116 2633 2171 ναστευσάντων
2689 2114 2793 2185 τὴν
2842 2114 2943 2178 τῆς
2970 2114 3276 2186 εὐπραγίας
3330 2111 3509 2187 αὔραν
3565 2116 3779 2186 μετρίως

520 2213 855 2269 sunt-etiam
904 2213 1073 2283 aliqui
1125 2226 1194 2268 ex
1240 2228 1429 2269 eorum
1467 2228 1712 2282 numero,
1768 2214 1862 2284 qui
1909 2222 2101 2284 prater

2211 2207 2553 2277 ἐνεγκόντες,
2581 2207 2820 2262 ἐπαίνων
2866 2210 3198 2278 τετυχήκασι
3219 2225 3236 2241 ο
3270 2209 3368 2262 καὶ
3394 2208 3508 2262 τῶν
3534 2209 3777 2279 εὔπατρις-

521 2307 789 2361 rationem
820 2320 884 2359 ac
934 2306 1184 2361 meritum
1225 2319 1381 2360 suum
1425 2305 1572 2360 nacti
1621 2305 1943 2376 potentiam,
1977 2319 2101 2374 pro-

2211 2301 2317 2355 δῶν
2343 2301 2440 2355 καὶ
2467 2301 2814 2372 εὐπρογόνων
2850 2300 3118 2371 λαμπρῶν
3150 2304 3230 2367 είς
3263 2301 3421 2374 ’ύϐριν
3453 2301 3618 2373 τιμὴν
3646 2301 3778 2373 ἔτρε-

520 2399 803 2468 speritatis
836 2413 1025 2453 auram
1080 2398 1358 2454 moderate
1398 2398 1644 2466 tulerint,
1689 2407 1852 2467 atque
1883 2398 1957 2453 ita
1990 2397 2101 2452 lau-

2211 2395 2336 2465 ψαν.
2370 2395 2461 2449 Διὸ
2492 2395 2600 2466 χρὴ
2630 2395 2730 2467 τὴν
2775 2397 3095 2467 προαίρεσιν
3145 2396 3344 2466 μᾶλλον
3377 2397 3651 2451 αἰτιᾶσθαι
3681 2397 3777 2451 τῶν

519 2492 642 2545 dem
697 2488 916 2547 fuerunt
965 2493 1240 2546 consecuti
1280 2500 1517 2546 :contra
1560 2506 1627 2546 ex
1688 2492 1754 2547 iis
1791 2489 1884 2561 qui
1930 2489 2101 2545 nobili

2211 2491 2351 2561 πέρα
2379 2490 2474 2544 τοῦ
2500 2491 2720 2563 μετρίου
2750 2494 2871 2556 ταῖς
2893 2492 3234 2556 δυναστείαις
3256 2492 3579 2563 χρωμένων.

518 2584 769 2654 prosapia
802 2592 852 2640 et
889 2584 1186 2655 splendidis
1220 2585 1536 2655 parentibus
1568 2585 1675 2641 orti
1692 2585 1934 2650 fuerunt,
1967 2583 2211 2639 nonnulli
2240 2587 2590 2652 exstiterunt,
2614 2588 2705 2655 qni
2751 2586 3013 2641 honorem
3073 2600 3234 2643 suum
3297 2586 3354 2642 in
3416 2585 3774 2642 contumeliam

518 2686 814 2736 verterent.
848 2679 1190 2751 Quapropter
1226 2690 1444 2753 oportet
1466 2682 1633 2737 animi
1668 2682 2002 2753 propositum
2036 2695 2103 2737 ac
2132 2682 2463 2739 voluntatem
2492 2685 2672 2754 potius
2715 2697 2979 2739 accusare
3017 2698 3229 2751 eorum,
3291 2683 3385 2753 qui
3451 2683 3682 2754 potentia
3719 2697 3774 2737 ac

518 2774 713 2845 opibus
741 2775 853 2829 suis
876 2775 1016 2830 ultra
1050 2785 1208 2832 rectae
1243 2776 1469 2831 rationis
1496 2776 1713 2831 modum
1745 2785 1993 2831 utuntur.

701 2890 865 2964 452
897 2893 1127 2949 LXXIII.
1151 2925 1222 2934 —
1246 2893 1537 2949 EUSEBIO
1572 2891 1925 2949 EPISCOPO.

518 2982 588 3037 In
625 2999 805 3039 arcam
834 2985 1065 3056 fmdert's,
1091 2996 1136 3040 et
1154 2987 1608 3055 propitiatorium,
1642 2996 1690 3039 et
1730 2984 2023 3050 cherubim,
2049 2994 2098 3041 et

914 3073 1131 3121 manna,
1158 3065 1207 3111 et
1240 3060 1437 3126 virgam
1461 3056 1706 3110 Aarom's.

588 3172 727 3226 Area
756 3170 995 3241 quidem,
1025 3178 1080 3224 et
1132 3169 1587 3240 prepitiatorium,
1636 3168 1778 3237 quod
1809 3175 1927 3223 erat
1958 3181 2098 3221 arcas
2122 3176 2169 3239 ο

520 3263 857 3335 operculum,
898 3263 1077 3332 imago
1103 3276 1167 3316 ac
1193 3273 1351 3334 typns
1376 3260 1477 3316 fuit
1507 3261 1745 3315 hominis
1771 3242 2102 3316 divinaera-

519 3354 641 3412 cula
669 3354 1046 3421 eustodientis,
1072 3362 1128 3409 et
1158 3354 1447 3423 propitium
1481 3353 1732 3409 habentis
1762 3352 1955 3417 Deum,
1983 3361 2037 3406 et
2071 3367 2102 3407 a

520 3448 719 3503 divinis
742 3447 1034 3502 virtutibus
1063 3446 1140 3517 (id
1178 3454 1281 3508 est,
1308 3445 1537 3515 angelis)
1555 3445 1846 3500 custoditi:
1878 3453 1936 3498 ut
1953 3443 2101 3499 Psal-

521 3547 734 3593 merum
765 3539 1002 3608 scriptor
1030 3539 1107 3593 ait
1137 3553 1151 3591 :
1189 3555 1209 3591 ι
1245 3537 1303 3592 In
1349 3538 1512 3592 corde
1544 3554 1663 3593 meo
1690 3536 1946 3592 abscondi
1978 3551 2101 3593 ora-

520 3632 643 3689 cula
681 3642 771 3688 tua
797 3631 863 3689 “.
904 3649 923 3683 ι
952 3630 1125 3698 Quam
1158 3633 1321 3687 etiam
1351 3633 1422 3687 ob
1440 3646 1658 3685 causam
1683 3632 1897 3686 dicebat
1929 3649 1942 3685 :
1986 3649 2003 3682 ι
2044 3631 2102 3685 In

519 3723 709 3777 umbra
740 3720 948 3777 alarum
983 3732 1196 3776 tuarum
1230 3731 1480 3793 proteges
1520 3737 1606 3777 me
1644 3721 1688 3752 ‘7
1726 3740 1740 3776 :
1786 3740 1804 3773 ι
1833 3721 2103 3791 quomodo

519 3813 729 3868 scilicet
750 3827 817 3868 ex
846 3812 1046 3868 divinis
1074 3813 1366 3868 virtutibus
1412 3810 1662 3884 (angelis)
1692 3810 1971 3867 cherubim
2000 3811 2103 3867 alis

518 3904 879 3974 protegebant
906 3914 960 3959 et
984 3919 1168 3961 arcam
1200 3913 1250 3960 et
1292 3904 1754 3975 propitiatorinm,
1808 3905 1892 3959 vel
1924 3905 2102 3974 potius

517 3996 745 4062 Christi,
774 3995 869 4067 qui
900 3996 1069 4067 legem
1114 3996 1376 4067 implevit,
1416 3995 1615 4065 quique
1644 3995 1821 4051 factus
1859 4004 1941 4050 est
1975 4011 2101 4063 pro-

515 4088 730 4159 pit’rtio
754 4104 853 4160 pro
879 4090 1117 4160 peccatis
1152 4091 1374 4143 nostris
1412 4088 1481 4153 ⁸⁸,
1526 4089 1678 4160 signa
1728 4088 1965 4143 ostendit
1992 4088 2104 4142 evi-

519 4184 837 4239 dentissima
872 4201 887 4239 :
927 4184 1040 4254 qui,
1072 4184 1246 4255 legem
1274 4183 1522 4253 implens,
1548 4184 1629 4238 sic
1650 4182 1966 4252 expiaturus
1985 4190 2103 4234 erat

517 4284 800 4345 peccatum
851 4290 1012 4330 omne
1046 4275 1257 4331 mundi.
1293 4273 1584 4345 Proposuit
1637 4286 1869 4341 namque
1924 4273 2102 4341 ipsum

517 4365 660 4421 Deus
689 4363 770 4437 (ut
800 4367 876 4419 ait
911 4366 1323 4420 Dominicornm
1354 4363 1703 4420 oraculorum
1729 4377 1951 4434 promus
1978 4376 2104 4417 con-

518 4461 618 4516 dus
648 4459 737 4515 ille
766 4459 965 4515 Paulus
990 4458 1058 4530 ⁸⁹)
1098 4457 1556 4529 propitiatorium,
1584 4465 1644 4510 ut
1674 4456 1727 4510 in
1764 4454 1937 4524 ipsius
1966 4469 2099 4508 san-

2454 2892 2575 2947 or'.
2612 2924 2678 2934 —
2708 2892 2996 2965 ΕΥΣΕΒΙῼ
3028 2895 3378 2966 nmmum)
3413 2895 3553 2965 (δι).

2209 2984 2315 3047 Εἰς
2346 2982 2462 3055 τὴν
2489 2985 2758 3045 κιϐωτὸν,
2791 2986 2890 3038 καὶ
2932 2988 2997 3039 τὸ
3028 2986 3402 3055 ἱλαστήριον,
3438 2987 3539 3040 καὶ
3575 2984 3646 3040 τὰ
3681 3002 3768 3054 χε-

2235 3054 2472 3123 ρουϐὶμ,
2500 3055 2600 3108 καὶ
2631 3056 2695 3108 τὸ
2711 3055 2935 3125 μάννα,
2971 3058 3072 3111 καὶ
3102 3057 3217 3125 τὴν
3241 3054 3473 3126 ῥάϐδον
3510 3056 3733 3125 Ἀαρών.

2284 3169 2352 3221 Ἥ
2404 3169 2503 3239 μὲν
2546 3168 2801 3234 κιϐωτὸς,
2845 3170 2941 3225 καὶ
2983 3170 3045 3224 τὸ
3077 3171 3407 3243 ἱλαστήριον,
3450 3171 3582 3242 ὅπερ
3602 3165 3665 3243 ἦν
3681 3170 3766 3239 τῆς

2204 3259 2438 3314 κιϐωτοῦ
2489 3260 2725 3333 ἐπίθεμα
2776 3263 2910 3331 (3‘2),
2943 3263 3235 3335 ἀνθρώπου
3270 3264 3383 3334 ('55)
3436 3263 3766 3332 φυλάττοντος

2202 3354 2272 3408 τὰ
2304 3354 2423 3407 θεῖα
2456 3354 2634 3423 λόγια,
2680 3355 2773 3408 καὶ
2823 3355 2980 3408 ἵλεων
3024 3354 3239 3426 ἔχοντος
3267 3355 3358 3408 τὸν
3383 3355 3538 3420 Θεὸν,
3568 3353 3657 3408 καὶ
3682 3372 3764 3423 φυ-

2202 3446 2528 3516 λαττόμενον
2576 3446 2681 3499 ὑπὸ
2711 3446 2822 3501 τῶν
2864 3447 3024 3500 θείων
3058 3446 3366 3517 δυνάμεων,
3410 3445 3592 3510 καθώς
3618 3462 3761 3515 φησιν

2201 3538 2231 3591 6
2264 3538 2520 3610 Μελῳδός
2542 3553 2556 3567 ⁸
2592 3557 2611 3591 ι
2665 3540 2755 3593 Ἐν
2797 3541 2865 3612 τῇ
2914 3538 3111 3612 καρδίᾳ
3143 3556 3247 3609 μου
3287 3537 3502 3609 ἔκρυψα
3536 3538 3601 3591 τὰ
3628 3538 3763 3607 λόγια

2204 3646 2319 3684 σου·
2357 3648 2375 3682 ι
2405 3630 2486 3684 διὸ
2513 3630 2607 3684 καὶ
2626 3630 2833 3699 ἔλεγεν
2867 3650 2885 3683 ι
2922 3631 3011 3684 Ἐν
3040 3632 3219 3703 σκέπῃ
3245 3629 3355 3683 τῶν
3383 3630 3658 3703 πτερύγοιν
3684 3645 3761 3681 σου

2203 3722 2499 3787 σκεπάσεις
2532 3739 2623 3793 με·
2657 3741 2676 3776 ι
2707 3719 2817 3777 οἷον
2838 3724 2948 3776 τῶν
2973 3722 3255 3794 δυνάμεων
3280 3723 3352 3776 τὰ
3392 3722 3651 3793 χερουϐὶμ
3668 3722 3761 3784 τοῖς

2202 3812 2432 3886 πτέρυξι
2492 3814 2587 3868 καὶ
2643 3814 2745 3884 τὴν
2790 3813 3022 3869 κιϐωτὸν
3051 3814 3350 3883 ἐφύλαττον
3398 3812 3535 3884 (54),
3584 3814 3671 3867 καὶ
3707 3812 3756 3864 :6

2205 3902 2517 3974 ἱλαστήριον
2536 3918 2551 3934 ·
2595 3902 2973 3975 φυσικώτερον
2999 3903 3077 3968 δὲ,
3117 3903 3211 3957 τοῦ
3243 3903 3337 3956 τὸν
3363 3903 3529 3974 νόμον
3572 3899 3760 3973 πληρώ-

2203 4012 2396 4058 σαντος
2452 3994 2713 4067 Χριστοῦ,
2750 3996 2845 4049 τοῦ
2876 3996 3169 4066 γενομένου
3222 3996 3455 4067 ἱλασμοῦ
3506 3996 3628 4066 περὶ
3670 3992 3758 4046 τῶν

2201 4086 2488 4159 ἁμαρτιῶν
2532 4088 2709 4158 ήμῶν,
2768 4088 2957 4159 ἐδήλου
3007 4089 3210 4161 ἐναργῆ
3265 4089 3579 4160 τεκμήριαο
3631 4088 3754 4148 ὅστις

2199 4179 2291 4233 τὸν
2328 4179 2492 4249 νόμον
2524 4180 2773 4251 πληρῶν,
2826 4175 2981 4247 οὗτος
3036 4182 3280 4237 ἱλάσεται
3322 4180 3418 4235 τοῦ
3454 4182 3650 4252 κόσμου
3676 4180 3755 4249 τὴν

2200 4269 2500 4341 ἁμαρτίαν.
2548 4271 2820 4344 Προέθετο
2862 4272 2972 4344 γὰρ
3015 4272 3176 4326 αὐτὸν
3220 4273 3250 4326 6
3278 4272 3536 4353 8269.63;
3564 4269 3754 4341 φησινὸ

2200 4361 2310 4416 τῶν
2337 4364 2684 4419 Δεσποτικῶν
2711 4365 2978 4438 χρησμῶν
3010 4365 3239 4437 ταμίας,
3273 4366 3609 4438 ἱλαστήριον·
3635 4361 3751 4415 ὥστε

2202 4456 2262 4511 ἐν
2279 4455 2359 4528 τῷ
2392 4458 2558 4513 αὐτοῦ
2607 4459 2802 4530 αἵματι
2840 4459 3177 4525 ἐνδείξασθαι
3205 4459 3305 4531 τὴν
3332 4460 3547 4514 οἰκείαν
3580 4457 3752 4511 δικαιο-

588 4621 635 4652 ⁸⁶
660 4618 808 4674 Psal.
835 4634 1024 4682 cxvtu,
1057 4618 1145 4672 il.
1220 4617 1265 4649 ‘7
1297 4616 1444 4672 Psal.
1471 4630 1582 4683 xvi,
1614 4614 1669 4670 9.
1721 4614 1768 4647 ‘8
1799 4613 1817 4668 Ι
1843 4613 2002 4670 Joan.
2038 4628 2102 4683 ιι,
2136 4614 2192 4670 2.
2251 4613 2299 4647 “
2330 4615 2489 4673 Rom.
2527 4633 2609 4683 Ill,
2644 4617 2736 4674 2'5.

1603 4770 1844 4825 VARIIE
1885 4768 2274 4827 LECTIONES
2309 4769 2398 4826 ΕΤ
2437 4770 2671 4828 ΝΟΤᾸΕ.

591 4933 705 5006 (29)
740 4933 1006 5006 Αὕτημτε.
1030 4931 1233 4996 Malim,
1255 4931 1393 5006 αὐτή
1427 4949 1509 4998 τε,
1538 4933 1663 5003 quia
1698 4931 2101 5006 praeessitat‘i-

2211 4931 2434 5006 Vers.__4
2464 4948 2564 5006 pro
2586 4933 3015 5006 φυλαττόμενον,
3065 4934 3205 5006 idem
3250 4932 3414 5006 habet
3441 4930 3749 5006 ~exalat-"cat14-

512 5003 608 5070 τός
634 5022 717 5059 τε.
772 5006 850 5058 Ad
905 5004 1044 5058 hanc
1090 5018 1250 5073 porro
1306 5003 1465 5071 epist.
1518 5018 1698 5072 opera:
1732 5004 2098 5073 pretinmhest

514 5076 767 5131 conferre
802 5089 909 5129 non
936 5071 1104 5129 modo
1136 5072 1326 5129 Isidori
1350 5074 1512 5142 epist.
1542 5071 1633 5135 78.
1664 5071 1804 5128 infra
1849 5083 1904 5127 et
1935 5071 2094 5138 alias,

513 5148 606 5199 sed
635 5146 800 5199 etiam
834 5159 955 5215 qua:
978 5144 1055 5215 de
1085 5143 1368 5212 utriusque
1392 5145 1669 5215 castitate,
1696 5154 1753 5199 et
1782 5142 2003 5215 Iosephi
2040 5149 2097 5196 et

515 5215 799 5281 Susanna},
829 5213 1088 5285 pmclare
1107 5215 1325 5285 scripsit
1355 5222 1544 5285 auctor
1564 5214 1686 5269 libri
1718 5215 1794 5268 De
1811 5213 2098 5281 disciplina

512 5295 561 5338 et
603 5289 736 5341 bona
770 5282 1063 5356 pudicitiae,
1106 5284 1200 5353 qui
1225 5298 1346 5339 cum
1373 5282 1631 5354 Cypriani
1659 5285 1915 5356 operibus
1963 5298 2095 5339 con-

508 5356 659 5426 jungi
701 5356 858 5411 solet.
890 5355 1136 5426 Ilt'r'ren.

586 5424 697 5497 (50)
727 5426 861 5497 Cod.
895 5424 1016 5480 Vat.
1059 5425 1164 5480 650
1210 5438 1319 5497 pro,
1348 5424 1541 5497 ᾄλογος
1584 5425 1712 5495 legit
1738 5424 2089 5497 παράλογος.

511 5491 756 5551 νειείϐ.
778 5491 837 5550 εὖ
870 5504 994 5550 ante
1008 5491 1292 5566 προγόνων
1310 5491 1714 5566 ἱᾴοεηιηυιοι-ἱιι
1732 5491 1917 5563 ἐκ.,’θι
1946 5491 2090 5549 vers.

511 5584 626 5634 seq.
667 5576 794 5637 ante
819 5567 986 5637 τιμὴν
1014 5564 1163 5636 ponit
1187 5567 1309 5637 τήν.
1337 5564 1549 5620 Possm.

580 5638 694 5706 (5t)
727 5635 783 5691 In
818 5635 971 5691 titulo
999 5635 1095 5706 pro
1115 5636 1402 5707 ἐπισκόπῳ
1428 5638 1568 5692 idem
1605 5636 1725 5691 cod.
1770 5636 1933 5690 habet
1961 5650 2089 5706 πρε-

512 5707 774 5778 σϐυτέρῳ.
807 5709 883 5761 ID.

582 5779 690 5847 (5').)
728 5780 855 5833 Post
884 5777 1123 5848 ἐπίθεμα
1152 5777 1291 5850 idem
1320 5780 1441 5832 cod.
1494 5779 1638 5833 addit
1672 5778 1871 5832 ὡσανει
1900 5778 2094 5850 πῶμα,

510 5850 603 5903 sed
637 5851 692 5902 in
733 5850 974 5918 margine
1004 5863 1034 5904 c
1076 5848 1295 5919 regione
1341 5850 1589 5914 ascribit,
1639 5850 1714 5913 ὡς
1751 5850 1816 5904 ἂν
1855 5848 2089 5921 εἴποιμι.

2208 5019 2323 5074 νου.
2361 5002 2517 5074 vers.
2552 5002 2608 5057 τ
2634 5004 2776 5059 inter
2824 5002 2934 5057 τῶν
2972 5016 3026 5058 et
3072 5003 3355 5074 δυνάμεων
3401 5002 3541 5058 idem
3592 5003 3747 5057 inserit

2423 5072 2791 5215 1Ἆῐλονθρώπου.
2823 5144 2900 5199 Ne
2948 5145 3071 5213 qnis
3121 5143 3259 5215 forte
3296 5152 3472 5212 putet,
3505 5152 3622 5215 ante
3651 5143 3741 5215 hoc

2205 5212 2403 5285 [tamen
2435 5212 2625 5270 deesse
2654 5215 2858 5285 aliquid
2896 5212 3020 5281 tale,
3070 5214 3234 5268 εἰκών
3281 5215 3454 5279 ἐστιν,
3497 5213 3575 5285 vel
3610 5212 3747 5285 τύπος

2201 5281 2270 5356 ἦν
2302 5285 2379 5354 (id
2412 5285 2555 5354 quod
2596 5286 2727 5340 mihi
2748 5281 2940 5356 prima
2968 5286 3150 5339 fronte
3191 5285 3516 5355 videbatur),
3548 5284 3591 5338 is
3617 5284 3741 5343 sciat,

2201 5355 2312 5409 ἀπὸ
2338 5353 2519 5409 κοινοῦ
2566 5357 2858 5409 repetenda
2905 5364 2961 5409 et
3002 5357 3233 5409 antanda
3278 5356 3531 5409 omnibus
3578 5364 3745 5409 praece-

2201 5366 2312 5410 ἀπὸ
2338 5373 2519 5410 κοίνου
2566 5366 2858 5426 repetenda
2905 5366 2961 5409 et
3002 5366 3233 5425 aptanda
3278 5366 3531 5409 omnibus
3577 5366 3740 5421 prace-

2200 5426 2451 5498 dentibus
2505 5426 2591 5480 illa
2639 5432 2802 5498 (vers.
2835 5426 2947 5496 Il),
2982 5426 3172 5497 ἐδήλου
3226 5424 3437 5497 ἐναργῆ
3481 5423 3740 5493 τεκμήρια.

2198 5497 2387 5638 ιῖιῖἕιί)
2416 5567 2523 5622 Pro
2548 5566 2844 5638 ἐφύλαττον
2864 5568 2981 5621 end.
3005 5566 3126 5620 Vat.
3157 5568 3261 5622 650
3278 5566 3438 5638 habet
3460 5564 3739 5638 ἐκάλυπτφέο

2202 5646 2258 5693 et
2282 5628 2564 5711 ’πίοις-ρΓο
2590 5628 2835 5711 ’τοῦ-τὸν
2856 5638 2982 5711 legit
3010 5638 3198 5691 τοῦτον
3230 5638 3342 5690 τόν.
3384 5637 3533 5711 Vers.

2202 5719 2324 5775 post
2350 5702 2540 5777 ἐδήλου
2594 5708 2738 5779 addit
2771 5702 3094 5779 ydprers.
3124 5724 3242 5778 seq.
3280 5723 3379 5777 pro
3402 5708 3548 5779 ὅστις
3570 5702 3739 5779 scribit

2201 5769 2343 5833 idem
2374 5769 2455 5831 ὅτί
2497 5782 2545 5832 6.
2596 5778 2752 5836 Vers.
2784 5769 2930 5836 'ilido
2976 5769 3357 5849 quitum-aute
3399 5777 3581 5847 λύτρον
3626 5769 3737 5824 tollit

2202 5851 2333 5921 γάρ.
2366 5850 2582 5905 Possm.
