3886 6420
121 465 227 529 1133

972 468 1503 531 EPISTOLARUM
1541 470 1685 530 LIB.
1729 471 1825 533 IV.
1865 496 1933 507 --
1966 474 2202 534 EPIST.
2246 472 2495 537 LXXIV.

3202 466 3338 532 1134

120 575 271 642 σύνην.
328 573 717 641 Ἀντεισήγαγε
758 572 865 643 γάρ
899 574 1091 646 λύτρον
1113 582 1204 629 τὸν
1242 579 1543 649 Μονογενῆ,
1571 579 1658 631 ἵνα

1768 582 1919 649 guine
1964 598 2116 636 suam
2165 582 2476 637 ostenderet
2512 579 2802 649 justitiam.
2844 578 3144 635 Introduxit
3192 583 3337 635 enim

117 669 190 738 ἔχῃ
216 665 366 732 λόγον
398 666 432 734 ἡ
476 665 656 734 χάρις.
699 665 795 717 Ἓν
824 667 934 736 γάρ
963 668 1102 739 ὑπὲρ
1143 668 1380 733 πάντων,
1409 670 1503 722 καὶ
1525 669 1664 738 ὑπὲρ

120 762 189 819 τὴν
226 760 447 813 πάντων
474 758 632 823 ἀξίαν
665 759 857 829 ἱερεῖον
885 760 1198 829 δεξάμενος,
1230 762 1323 814 καὶ
1345 760 1443 830 τὴν
1464 761 1664 831 ἔχθραν

106 855 259 915 Linds,
300 852 397 904 καὶ
439 850 537 921 τὴν
598 850 896 920 καταδίκην
940 852 1137 920 ἀφῆκε,
1166 854 1259 905 καὶ
1288 854 1367 915 εἰς
1393 852 1665 905 υἱοθεσίαν

106 930 251 1011 ἀνῆγε
283 941 418 1011 (55),
450 942 544 994 καὶ⁸
582 941 800 1011 μυρίοις
851 942 1075 1008 ἀγαθοῖς
1125 942 1423 1013 ἐκόσμησε.
1471 943 1553 995 Τά
1606 943 1662 995 δὲ

114 1031 367 1103 χερουϐὶμ,
400 1029 589 1101 θρόνος
616 1030 742 1082 ὅντα
773 1030 867 1082 καὶ
888 1030 1039 1101 ἅρμα
1064 1031 1157 1083 τοῦ
1181 1030 1315 1083 Θεοῦ
1345 1033 1402 1101 (ι
1450 1030 1507 1083 '0
1531 1030 1665 1084 καθ·-

114 1104 416 1191 ήμενοξγάρ
448 1120 541 1172 ἐπὶ
578 1120 683 1172 τῶν
720 1120 1008 1190 χερουϐὶμ,
1040 1120 1314 1191 ὲμφάνηθι
1348 1122 1402 1191 ι)
1423 1162 1439 1186 ,
1471 1121 1661 1193 ἐδήλου

111 1204 237 1278 τὺνῷ
261 1211 693 1264 κατεσκεύασται
716 1211 745 1263 6
793 1211 937 1276 ναὸς,
986 1213 1065 1265 ὅτι
1104 1212 1404 1283 άχώριστός
1431 1213 1663 1266 ἐστικαὶ

112 1303 512 1373 ἀσχημάτιστος.
567 1303 679 1372 Τῆς
725 1302 782 1355 δὲ
835 1302 1114 1371 βασιλείας
1163 1301 1330 1356 αὑτοῦ
1388 1302 1657 1372 σύμϐολον

112 1398 262 1448 ἔκειτο
293 1392 489 1449 ταῦτα.
546 1393 767 1464 Ἐπειδὴ
792 1393 901 1463 γὰρ
940 1394 1068 1448 ναοῦ
1099 1394 1254 1461 λόγος
1278 1393 1472 1457 οὐδεὶς,
1500 1394 1559 1448 ὃν
1585 1396 1662 1467 μὴ

114 1487 270 1554 στέφει
309 1486 564 1557 ἄγαλμα·
602 1485 632 1537 6
677 1485 736 1538 δὲ
778 1486 984 1540 τούτων
1026 1484 1249 1556 ἡγεμὼν
1301 1487 1394 1539 καὶ
1430 1487 1661 1556 ποιητὴς

112 1581 340 1631 ἐπέκεινα
379 1577 564 1648 πάσης
616 1576 832 1645 φύσεώς
856 1580 973 1631 ἐστι
1029 1580 1124 1631 καὶ
1161 1577 1506 1648 ἀνθρωπίνης
1538 1580 1659 1631 ὲπι-

111 1670 250 1734 νοίας,
272 1669 358 1723 διὰ
380 1669 476 1721 τοῦ
501 1666 692 1739 θρόνου
722 1668 834 1740 (56)
859 1667 953 1721 τοῦ
978 1668 1369 1738 παμϐασιλέως
1389 1668 1660 1720 Δεσπότου

110 1761 486 1832 ἑχαρακτήρισε
534 1762 673 1833 (57).
727 1762 804 1814 Τὸ
848 1761 906 1814 δὲ
970 1762 1167 1831 μάννα,
1227 1762 1322 1814 καὶ
1378 1762 1413 1832 ἡ
1464 1759 1660 1833 ῥάϐδος

119 1840 303 1925 Ἀαρὼν
338 1857 374 1926 ή
417 1853 800 1925 βλαστήσασα,
852 1852 1067 1923 μηνύει,
1115 1852 1176 1906 τὸ
1214 1853 1335 1922 μὲν,
1376 1854 1458 1906 ὅτι
1508 1852 1659 1917 θείας

1763 675 1998 740 pretium
2027 675 2414 745 redemptionis
2448 675 2782 742 unigenitum
2812 674 3007 729 Filium
3048 689 3231 741 suum,
3281 686 3342 730 ut

1766 762 1943 816 locum
1977 780 2041 818 ac
2069 764 2336 820 rationem
2366 764 2569 832 justam
2601 764 2827 820 haberet
2856 765 3032 835 gratia
3064 780 3132 821 ac
3156 766 3336 823 venia.

1765 853 1935 908 Unica
1978 856 2121 910 enim
2156 871 2256 925 pro
2288 857 2541 911 omnibus
2592 864 2808 926 recepta
2838 856 3082 922 victima,
3110 872 3340 929 qumque

1761 945 2000 999 omnium
2029 946 2346 1016 dignitatem
2391 962 2457 1002 ac
2496 948 2729 1018 pretium
2762 942 2921 1019 longe
2956 958 3261 1017 superaret,
3286 959 3343 1007 et

1761 1034 2101 1090 inimicitiam
2138 1037 2407 1101 dissolvit,
2443 1047 2498 1092 et
2542 1038 3048 1094 condemnationem
3106 1042 3337 1103 remisit,

1760 1134 1814 1177 et
1841 1124 1894 1178 in
1921 1124 2263 1194 adaptionem
2314 1126 2546 1180 ﬁliorum
2599 1141 2699 1180 nos
2748 1127 2982 1195 reduxit,
3018 1137 3073 1183 et
3110 1128 3339 1185 intiuitis

1760 1214 1917 1271 bonis
1939 1216 2240 1270 exornavit.
2278 1214 2569 1271 Cherubim
2596 1231 2748 1282 vero,
2770 1232 2891 1287 qua:
2919 1228 3076 1272 erant
3107 1219 3337 1273 thronus

1759 1316 1815 1359 et
1834 1321 2026 1363 currus
2055 1306 2149 1361 Dei
2174 1306 2454 1377 (scriptum
2479 1317 2562 1361 est
2583 1308 2727 1363 enim
2760 1326 2774 1363 :
2807 1326 2828 1361 ι
2860 1308 2962 1375 Qui
2996 1309 3155 1364 sedes
3175 1325 3343 1379 super

1759 1397 2063 1463 cherubim,
2088 1397 2438 1455 manifestare
2466 1399 2511 1430 ³ο
2551 1398 2623 1469 ι),
2672 1399 2820 1454 illum
2852 1400 3228 1467 ostendebant,
3252 1402 3339 1455 cui

1759 1487 2034 1542 conditum
2077 1499 2195 1543 erat
2224 1490 2506 1559 templum,
2541 1490 2683 1559 quod
2730 1491 2848 1547 loco
2885 1492 3004 1560 capi
3062 1501 3117 1546 et
3170 1492 3340 1561 ﬁgura

1759 1579 1988 1646 exprimi
2012 1594 2118 1633 non
2152 1581 2341 1648 possit.
2375 1580 2543 1651 Regni
2595 1590 2776 1635 autem
2824 1581 2991 1650 ipsius
3031 1582 3147 1637 h'ec
3182 1593 3345 1637 erant

1759 1670 1933 1738 posita
1962 1670 2225 1741 symbola.
2255 1671 2391 1737 Quia
2423 1674 2565 1727 enim
2600 1672 2742 1727 nulla
2772 1674 3002 1728 habetur
3043 1675 3182 1729 ratio
3212 1675 3333 1741 ejus

1762 1758 1971 1829 templi,
1998 1759 2139 1828 quod
2166 1760 2366 1815 nullum
2406 1771 2627 1815 coronat
2670 1762 3018 1817 simulacrum
3049 1782 3063 1819 :
3095 1764 3182 1819 ille
3212 1780 3343 1819 vero

1761 1852 1954 1907 horum
2001 1867 2203 1922 praes
2246 1861 2300 1907 et
2332 1852 2586 1907 conditor
2628 1852 2768 1906 ultra
2823 1867 3037 1907 omnem
3093 1865 3341 1908 naturam

111 1944 435 2009 ἀπολαύσεως
484 1961 545 1997 τε
594 1944 691 1997 καὶ
737 1944 945 2015 τροφῆς
990 1945 1020 1995 6
1070 1944 1180 1997 τῶν
1236 1943 1394 1998 θείων
1444 1943 1662 2015 θεσμῶν

1768 1944 1975 2013 positus
2015 1952 2123 2008 est,
2163 1958 2435 2013 supraque
2460 1958 2677 1999 omnem
2712 1944 2963 1998 humana:
2993 1945 3188 2000 mentis
3210 1960 3344 2000 con-

110 2036 259 2104 φύλαξ
282 2036 701 2105 κοινωνήσειενο
733 2037 767 2105 ή
792 2035 870 2101 δὲ,
902 2035 985 2088 ὅτι
1006 2036 1055 2087 οἱ
1085 2034 1515 2105 παραϐαίνοντες
1556 2035 1658 2089 αύ-

108 2131 231 2195 τοὺς,
267 2132 362 2183 καὶ
393 2130 442 2182 οἱ
481 2132 550 2199 τῇ
596 2128 865 2200 ἱερωσύνῃ
902 2127 964 2181 οὐ
1007 2127 1237 2191 δεόντως
1255 2126 1653 2199 ἐπιπηδῶντες,

108 2222 643 2294 σωφρονισθήσονται.

1766 2043 2003 2105 ceptum,
2032 2049 2130 2105 per
2163 2036 2418 2090 thronum
2448 2036 2703 2091 omnibus
2746 2037 3104 2106 imperitantis
3133 2037 3344 2091 Domini

1761 2128 1935 2196 ipsum
1964 2134 2444 2196 reprzesentarunt.
2470 2125 2665 2180 Manna
2694 2141 2845 2193 vero,
2868 2136 2922 2181 et
2944 2128 3094 2193 virga
3111 2127 3347 2182 Aurunis

1757 2233 1877 2287 qua
1902 2218 2252 2288 germinarat,
2283 2216 2574 2288 signiﬁcat,
2603 2215 2733 2271 illud
2782 2218 3000 2286 quidem
3026 2218 3168 2287 quod
3210 2219 3350 2273 divi-

110 2330 274 2371 narum
303 2316 485 2387 legum
538 2322 724 2370 custos
781 2312 1053 2382 particeps
1123 2311 1290 2367 etiam
1337 2310 1552 2366 futurus
1600 2312 1672 2366 sit
1704 2310 1916 2367 fructus
1988 2321 2043 2364 et
2080 2310 2321 2365 alimenti
2386 2310 2551 2365 divini
2587 2329 2601 2365 :
2637 2311 2739 2365 ista
2768 2324 2915 2375 vero,
2946 2312 3090 2382 quod
3134 2319 3349 2367 eorum“

105 2405 208 2459 dem
236 2411 690 2474 transgressores,
714 2400 913 2471 quique
937 2401 991 2455 in
1016 2400 1380 2457 sacerdotium
1407 2416 1517 2457 non
1538 2400 1925 2457 convenienter
1953 2400 2229 2467 insiliunt,
2265 2400 2520 2469 puniendi
2555 2400 2681 2455 sint.

457 2516 575 2566 or.
615 2542 681 2554 -—
709 2514 910 2583 ΜΗΝᾼ
952 2513 1276 2584 ΔΙΑΚΟΝῼ.

254 2621 396 2691 Περὶ
423 2622 535 2690 τῆς
568 2598 700 2674 τῶν.
715 2620 1026 2676 Ἰουδαίων
1045 2619 1480 2689 αἰχμαλωσίας.

170 2729 356 2783 Ἦνίκα
385 2730 478 2782 τὸν
512 2728 950 2799 πολυθρύλλητον
1000 2730 1204 2783 ἐκεῖνον
1246 2728 1394 2796 ναὸν,
1429 2727 1526 2781 καὶ
1562 2726 1661 2798 τὴν

107 2822 411 2893 περιϐόητον
460 2821 555 2873 καὶ
589 2820 817 2884 πολλοὺς
859 2820 1133 2891 πολέμους
1178 2819 1481 2891 ἀναιμακτὶ
1504 2821 1663 2891 νική-

1850 2584 1853 2589 Ι
2103 2511 2337 2568 LXXIV.
2369 2543 2439 2553 —
2469 2512 2681 2568 MENIE
2711 2511 3029 2569 DIACONO.

1911 2619 1984 2673 De
2013 2618 2327 2673 Judworum
2352 2618 2655 2685 captivitate
2687 2616 2759 2689 [et
2784 2616 2993 2671 excidio
3011 2613 3215 2689 ﬁnali].

1836 2730 2065 2797 Quando
2097 2729 2511 2784 celeberrimum
2545 2728 2676 2782 illud
2712 2727 2991 2797 templum,
3020 2736 3074 2782 et
3115 2725 3344 2797 famige-

1766 2821 2094 2875 ratissimam
2143 2818 2451 2875 Judazorum
2508 2817 2873 2887 metropolim,
2918 2832 3041 2889 quae
3080 2817 3263 2871 multis
3292 2819 3346 2873 in

106 2930 255 2966 σασαν
286 2912 397 2965 τῶν
432 2910 697 2965 Ἰουδαίων
719 2910 1050 2982 μητρόπολιν
1074 2910 1185 2980 πῦρ
1217 2909 1545 2980 Ῥωμαϊκὸν,
1575 2907 1666 2962 διά

1772 2912 1930 2967 bellis
1962 2911 2165 2980 absque
2203 2912 2466 2980 sanguine
2516 2909 2711 2964 victrix
2769 2910 2897 2965 olim
2941 2909 3168 2975 exstitit,
3205 2910 3347 2978 ignis

101 3001 153 3052 τὸ
180 3000 547 3070 τετολμῆσθαι
572 3001 630 3053 ὲν
664 3001 800 3071 αὐτῇ
828 3000 967 3054 κατὰ
1003 2999 1098 3053 τοῦ
1123 2998 1360 3071 Χριστοῦ
1393 3000 1462 3052 τά
1504 2998 1664 3053 ἀτόλ-

1773 3002 2052 3057 Romanus
2080 3003 2148 3056 ad
2179 3010 2379 3055 terram
2413 3000 2714 3067 inclinavit,
2742 3000 2883 3068 quod
2916 2998 2969 3053 in
3011 2999 3127 3069 ipsa
3157 3009 3346 3056 contra

106 3110 254 3163 μητα,
329 3092 510 3144 ἔκλινε
531 3108 544 3121 '
582 3092 704 3143 τότε
738 3092 802 3161 δὴ
839 3092 933 3145 καὶ
960 3092 1112 3144 αὐτοὶ¹
1151 3091 1424 3161 πανταχοῦ
1452 3091 1550 3162 τῆς
1584 3092 1664 3143 oi-

1769 3093 2043 3149 Chr‘istum
2071 3093 2289 3148 infanda
2320 3093 2410 3147 illa
2434 3092 2634 3148 fuerint
2655 3101 2964 3162 perpetrata
2994 3109 3008 3145 :
3062 3101 3189 3146 tunc
3216 3108 3349 3147 sane

102 3182 358 3252 κουμένης
397 3180 758 3251 αἰχμαλώτων
798 3182 1000 3251 τρόπον
1048 3180 1444 3252 διεσπάρησαν.
1492 3178 1664 3233 Δυνά·

1769 3196 1825 3240 et
1858 3185 1958 3255 ipsi
1993 3199 2092 3255 per
2126 3194 2297 3240 totum
2348 3186 2536 3241 orbem
2594 3197 2860 3239 terrarum
2919 3184 3094 3240 instar
3138 3187 3347 3241 manci-

104 3293 247 3342 μενος
305 3275 415 3345 γὰρ
457 3275 654 3337 αὐτοὺς
696 3274 904 3327 ἀνελεῖν
932 3274 1093 3337 αὐτὸς
1133 3276 1162 3326 6
1189 3272 1559 3344 παροινηθεὶς,
1584 3273 1671 3328 διὰ

1774 3277 1985 3347 piorum
2012 3276 2239 3348 dispersi
2262 3285 2409 3332 sunt.
2437 3275 2570 3331 Cum
2596 3276 2741 3331 enim
2762 3290 2857 3332 eos
2886 3277 3002 3346 ipse
3023 3277 3112 3345 qui
3149 3275 3346 3347 injuria

102 3366 258 3420 πολλὰ
284 3366 445 3419 τοῦτο
467 3367 530 3419 οὐ
561 3365 830 3436 πεποίηκε
848 3382 861 3395 ·
890 3366 1106 3438 πρῶτον
1132 3365 1235 3436 μὲν
1258 3366 1450 3437 καιρὸν
1480 3367 1666 3430 αὐτοῖς

1772 3377 1880 3421 tam
1929 3367 2139 3422 enormi
2189 3364 2413 3423 atl‘ectus
2464 3365 2660 3433 fuerat,
2703 3365 2892 3421 tollere
2937 3366 3005 3421 de
3045 3368 3222 3422 medio
3250 3385 3347 3437 po-

103 3459 377 3526 μετανοίας
408 3457 588 3522 διδούς
613 3474 626 3487 ’
661 3458 912 3530 δεύτερον
941 3458 997 3512 δὲ
1027 3458 1112 3512 ἵνα
1129 3459 1225 3513 καὶ
1247 3457 1345 3522 τάς
1365 3459 1668 3528 ἀποφάσεις

1771 3459 1981 3523 luisset,
2010 3458 2195 3513 multis
2241 3458 2309 3514 de
2336 3458 2519 3513 causis
2548 3457 2600 3512 id
2637 3472 2743 3514 non
2776 3455 2945 3512 fecit:
2979 3456 3140 3529 453
3171 3460 3346 3526 primo

99 3551 250 3605 αὑτοῦ
280 3552 396 3621 (33)
446 3552 625 3604 ἴδωσιν
663 3553 742 3614 είς
786 3552 948 3624 ἔργον
994 3550 1384 3622 ὲκϐεϐηκυίας.
1452 3551 1514 3603 Ἦ
1565 3552 1666 3622 μὲν

99 3643 195 3714 γὰρ
217 3639 304 3714 ἦν’
333 3664 352 3696 ι
389 3642 521 3697 Ἰδοὺ
556 3643 772 3712 ἀφίεται
797 3645 826 3697 6
853 3639 999 3707 οἶκος
1022 3642 1175 3715 ὑμῶν
1197 3640 1401 3714 ἔρημος
1420 3660 1435 3674 ο
1464 3661 1483 3694 ι
1513 3645 1545 3712 ὴ
1578 3644 1665 3711 δὲ,

101 3751 119 3786 ς
156 3736 230 3788 Ού
273 3735 352 3807 μὴ
387 3737 548 3806 μείνῃ
580 3734 725 3799 λίθος
768 3734 862 3788 ἐπὶ
894 3735 1061 3800 λίθον,
1104 3734 1163 3799 ὃς
1191 3735 1252 3787 οὐ
1293 3733 1666 3804 καταλυθήσε-

94 3843 207 3879 ται·
250 3847 269 3880 ι
312 3829 520 3899 τρίτον,
564 3827 651 3880 ἵνα
687 3825 961 3897 πανταχοῦ
1009 3827 1109 3897 τὴν
1145 3824 1309 3890 δόξαν
1343 3824 1506 3879 αὑτοῦ
1545 3825 1666 3879 δια-

95 3916 412 3989 λάμπουσαν
441 3918 729 3990 θεώμενοι,
768 3917 1234 3991 παρακνίςωνται,
1260 3916 1355 3971 καὶ
1378 3916 1668 3987 ἐννοήσαν-

93 4028 178 4076 τες
204 4012 289 4066 ὅτι
311 4012 534 4065 ἐπὶτῶν
571 4012 852 4084 προγόνων
878 4011 973 4066 καὶ
1000 4006 1537 4081 εἰδωλολατροῦντες,
1568 4009 1666 4064 καὶ

94 4099 602 4169 παιδοκτονΟὖντες,
649 4102 745 4155 καὶ
801 4101 1089 4173 προφήτας
1135 4099 1452 4171 σφάζοντες,
1514 4100 1666 4154 οὐδὲν

92 4194 329 4249 τοιοῦτον
362 4192 592 4256 ἔπαθον,
626 4193 762 4247 ἀλλὰ
783 4193 1264 4264 σωφρονιζόμενοι,
1298 4192 1457 4247 πάλιν
1485 4193 1666 4246 οἴκαδε

93 4286 429 4357 ἐπανήγοντο
449 4303 465 4316 ·
498 4287 594 4340 νῦν
629 4286 687 4339 δὲ
717 4285 1096 4357 αἰχμαλωσίαν
1134 4286 1496 4356 ὑπομένουσιν
1530 4287 1663 4338 ἀνα-

90 4378 335 4448 κλήσεως
364 4378 597 4449 ἀμοιρον
615 4394 629 4408 ⁸
665 4377 762 4432 καὶ
795 4378 897 4448 τὴν
921 4377 1177 4448 ἀλήθειαν
1211 4379 1498 4447 ὲπιγνοίεν.
1526 4377 1589 4429 Εἰ
1610 4376 1669 4430 δὲ

92 4470 166 4541 μὴ
189 4472 300 4525 ὑπὸ
328 4472 442 4525 τῶν
468 4469 811 4542 πραγμάτων
844 4467 1206 4533 παιδευθεῖεν,
1233 4467 1321 4521 διὰ
1356 4466 1464 4522 τῶν
1489 4468 1668 4520 ἐκεῖσε

86 4564 371 4635 τιμωριῶν
427 4563 521 4616 καὶ⁵
566 4562 791 4626 ἄκοντες
838 4561 1296 4632 ὁμολογήσουσιν,
1338 4560 1427 4614 ὅτε
1480 4560 1666 4621 αὐτοῖς

86 4653 182 4721 τῆς
206 4652 610 4724 μεταγνώσεως
639 4652 828 4722 δφελος
857 4651 1032 4705 οὐδέν.

1767 3549 1985 3621 quidem
2049 3558 2259 3618 tempus
2319 3550 2452 3620 ipsis
2505 3550 2810 3606 concedens
2856 3549 2924 3604 ad
2969 3550 3346 3618 paenitentiam

1768 3640 2073 3709 agendam;
2118 3639 2313 3695 deinde
2347 3655 2495 3705 vero,
2532 3650 2592 3695 ut
2649 3652 2703 3695 et
2757 3642 3136 3710 praedictiones
3171 3640 3349 3710 ipsius

1768 3730 2091 3785 viderentin
2118 3744 2253 3799 opus
2284 3730 2595 3799 productas.
2628 3729 2746 3783 Alia
2776 3729 2921 3783 enim
2952 3740 3069 3785 erat
3100 3747 3113 3782 :
3148 3749 3166 3782 ι
3207 3730 3348 3786 Ecce

1768 3817 2090 3889 relinquitur
2112 3820 2304 3875 domus
2329 3829 2508 3874 vestra
2537 3820 2750 3875 deserta
2771 3821 2837 3873 ⁸¹.
2865 3838 2883 3871 ι
2915 3819 3034 3874 Alia
3054 3830 3172 3874 erat
3194 3820 3307 3874 haec
3326 3837 3345 3876 :

1774 3927 1795 3963 ι
1825 3909 1942 3965 Νοη
1984 3910 2219 3966 manebit
2259 3910 2398 3980 lapis
2443 3927 2608 3981 super
2658 3912 2913 3980 lapidem,
2958 3912 3050 3981 qui
3100 3926 3206 3965 non
3250 3912 3344 3967 de-

1769 4009 2010 4055 struetur
2057 4001 2123 4054 ⁸².
2163 4019 2183 4051 ι
2223 3999 2428 4064 Tertio,
2470 4011 2529 4054 ut
2574 4001 2772 4071 ubique
2821 3999 3063 4054 locorum
3115 3999 3343 4069 gloriam

1770 4093 1938 4163 ipsius
1977 4090 2268 4162 fulgentem
2313 4092 2733 4160 conspicientes,
2787 4103 3014 4146 urantur
3063 4101 3164 4146 :et
3217 4093 3344 4146 dum

1769 4185 2006 4255 cogitant
2040 4200 2123 4249 se,
2155 4185 2417 4254 majorum
2448 4199 2671 4239 suorum
2709 4185 3063 4254 temporibus,
3096 4184 3347 4252 quamvis

1768 4290 1826 4335 et
1848 4277 2212 4335 idololatriam
2245 4285 2587 4342 exercerent,
2619 4286 2673 4331 et
2700 4275 2898 4331 liberos
2925 4276 3173 4346 proprios
3200 4276 3347 4330 occi-

1769 4374 1980 4435 derent,
2005 4379 2061 4424 et
2103 4371 2393 4439 prophetas
2448 4375 2773 4431 mactarent,
2829 4366 2963 4421 nihil
3011 4366 3118 4421 tale
3165 4374 3345 4419 tamen

1767 4476 1958 4531 passos
2008 4475 2173 4516 esse:
2208 4461 2305 4516 sed
2351 4459 2668 4529 castigatos,
2704 4458 2921 4513 domum
2989 4455 3203 4511 tandem
3254 4471 3343 4511 re-

1770 4555 1958 4609 ductos
1983 4551 2193 4618 fuisse;
2245 4566 2389 4605 nunc
2434 4559 2615 4604 autem
2652 4549 3023 4618 captivitatem
3074 4547 3346 4602 sustinere

1772 4644 2129 4701 revocationis
2157 4658 2379 4715 prorsus
2403 4650 2681 4711 expertem
2716 4657 2730 4694 :
2759 4640 2896 4705 haac,
2938 4640 3182 4710 inquam,
3212 4640 3342 4696 dum

85 4744 222 4809 apud
269 4745 517 4798 animum
550 4751 823 4811 reputant,
854 4741 1216 4797 utveritatem
1243 4754 1460 4811 quoque
1501 4748 1821 4808 agnoscant.
1842 4735 1998 4803 Quod
2050 4737 2096 4791 si
2120 4737 2188 4792 ab
2250 4735 2381 4805 ipsis
2438 4749 2620 4789 rerum
2666 4731 3002 4803 argumentis
3036 4746 3160 4787 sese
3217 4746 3346 4786 eru-

87 4836 186 4889 diri
212 4851 327 4889 non
362 4835 662 4904 patiantur,
697 4832 981 4887 tormentis
1002 4831 1387 4901 suppliciorum
1412 4831 1464 4885 in
1493 4830 1664 4885 altera
1698 4830 1808 4884 vita
1843 4826 2244 4899 prapositorum
2302 4826 2384 4882 vel
2435 4825 2587 4881 inviti
2622 4824 2691 4880 ad
2762 4823 3155 4880 confessionem
3201 4824 3345 4879 veri-

86 4924 212 4980 tatis
268 4925 581 4995 adigentur,
636 4923 852 4994 quando
908 4920 1109 4977 nullam
1168 4920 1301 4990 ipsis
1354 4920 1674 4990 ptenitcntia
1710 4919 1995 4975 utilitatem
2021 4916 2229 4975 afferet.

162 5081 214 5113 “
244 5079 396 5137 Psal.
425 5095 619 5148 Lxxu,
644 5080 703 5134 2.
784 5080 829 5111 ⁵¹
858 5079 997 5136 Luc.
1032 5094 1153 5145 xm,
1185 5079 1276 5133 55.
1346 5078 1393 5109 "
1425 5076 1556 5132 ibid.
1595 5077 1651 5132 2.

1171 5230 1409 5287 VARIE
1445 5228 1830 5288 LEC'I'IONES
1869 5231 1955 5287 ET
1992 5230 2225 5288 ΝΟΤᾸΕ.

152 5399 272 5467 (55)
321 5396 467 5477 ld_em
507 5396 647 5477 cod:
678 5393 849 5477 ἀνῆγε
896 5400 1067 5446 mutat
1092 5392 1161 5477 in
1187 5390 1453 5477 ἀνήγαγε.
1501 5387 1655 5477 vers.

81 5461 197 5538 seq.
230 5461 341 5538 pro
367 5468 497 5519 ὅντα
530 5466 655 5532 legit
671 5461 941 5518 ὠκνεῖτε.
989 5471 1108 5538 post
1131 5461 1188 5526 3,
1216 5461 1519 5538 ἀχώριστος
1544 5476 1660 5538 mu-

85 5530 249 5592 tarn;
282 5530 606 5608 ἀχώρητοςξ
626 5547 680 5590 et
715 5550 859 5608 vers.
886 5535 1130 5608 secundo
1161 5530 1285 5608 post
1307 5530 1490 5608 στείρῃ
1515 5531 1663 5583 addit

80 5609 157 5662 τό.
185 5598 361 5663 νυτέὶ
372 5598 491 5676 εέίιζ
514 5622 610 5674 pro
638 5604 1048 5676 codmv,habet
1063 5598 1175 5655 τῶν
1196 5598 1432 5676 πάντων.
1448 5598 1658 5654 Possm.

147 5678 269 5749 (56)
302 5678 436 5733 Post
453 5673 650 5749 θρόνου
683 5673 1281 5749 ουύηνειικξιόύίιτὴν,
1309 5682 1368 5749 et
1411 5685 1548 5749 mox_
1564 5685 1661 5737 pro

77 5740 356 5801 δεσπότου
386 5740 547 5802 habet
585 5746 919 5799 δεσποτείαν.
967 5742 1117 5798 Vers.
1153 5740 1276 5796 inde
1307 5740 1361 5807 2,
1396 5741 1660 5810 profano-

74 5818 337 5880 λαύσεως
380 5834 440 5870 τε
490 5818 605 5881 καὶ,
641 5817 812 5871 solum
869 5815 1019 5885 ponit
1061 5809 1449 5885 ἀπολαύσεται.
1500 5809 1653 5885 Vers.

70 5894 271 5946 eodem
304 5898 363 5941 et
390 5903 507 5956 seq.
544 5889 685 5957 quod
715 5882 892 5942 exstat
918 5887 969 5941 iu
996 5886 1143 5940 edito
1166 5882 1656 5952 κοινώνησεναιιςει

1761 5404 1792 5443 a
1829 5390 2015 5444 codice
2049 5387 2222 5445 Vatic.
2260 5391 2385 5446 650.
2423 5391 2480 5455 lp

1832 5459 1944 5530 (‘57)
1976 5462 2285 5531 Δεσπότου
2314 5462 2769 5531 ἐχαρακτήρισε.
2807 5463 3032 5519 Videtur
3075 5463 3127 5518 in
3167 5466 3345 5519 medio

1765 5529 1953 5605 deesse
1981 5529 2165 5605 αὑτὸν,
2195 5546 2274 5605 sc.
2311 5529 2402 5605 τὸν
2422 5529 2672 5604 ἡγεμόνα
2703 5533 2796 5605 καὶ
2825 5537 3074 5604 ποιητήν.
3112 5533 3178 5588 Ει
3215 5536 3343 5605 ὲχα-

1771 5602 2092 5674 ρακτήρισε,
2136 5600 2378 5674 δηλονότι
2408 5600 2495 5674 τὰ
2541 5600 2833 5674 χερουϐίμ,
2881 5600 2981 5659 nisi
3010 5600 3154 5672 'quis
3191 5600 3345 5659 ntulit.

1770 5676 1876 5739 leg.
1910 5670 2375 5744 ὲχαρακτηρίσθη.
2407 5670 2576 5729 nm;
2611 5670 2670 5715 '—
2701 5670 2806 5728 Sed
2842 5676 2963 5731 vide
3005 5670 3341 5742 superinicm

1767 5754 1969 5794 llOlalll.

1763 5811 1951 5934 ἢ)βὲ
2000 5812 2104 5867 Pro
2163 5811 2330 5867 αὐτοῦ
2385 5813 2503 5870 cod.
2564 5812 2683 5869 Vat.
2748 5813 2855 5868 650
2912 5814 3074 5870 habet
3134 5816 3340 5878 αὐτοῖς.

1841 5897 1893 5934 ss
1956 5920 1969 5933 .

1806 5894 1969 5935 OSSIN.
