3886 6420
124 399 232 463 1137

896 399 1425 459 EPISTOLARUM
1464 399 1609 458 LIB.
1651 398 1745 457 IV.
1793 423 1861 433 -
1900 399 2136 459 EPIST.
2184 398 2502 461 LXXVIII.

3226 400 3361 462 1138

122 523 290 585 spreta-
323 515 435 581 illa,
478 530 585 585 qua
613 516 763 585 prius
794 514 1156 585 gloriabantur
1222 524 1274 574 et
1312 531 1374 574 se
1415 516 1699 587 magniﬁce
1765 514 2081 584 eﬂerebant,
2112 515 2401 582 sapientia,
2448 512 2705 585 praeclare
2746 523 3137 569 sccumactum
3176 512 3365 568 existi-

121 617 330 678 marum,
362 610 411 666 si
446 611 589 666 inter
619 610 895 665 auditores
918 612 1082 665 verbo
1108 610 1471 680 obsequentes
1504 612 1902 667 collocarentur
1930 611 1951 664 ?

415 723 536 778 oz'.
579 752 649 763 -
684 722 986 795 errores
1038 725 1359 796 ΔΙΑΚοΝῼ.

498 814 637 882 Περὶ
663 813 883 884 ἀρετῆς
911 813 1031 901 τοῦ⁸
1054 814 1290 884 Ἰωσήφ.

186 928 244 981 Ἠ
276 927 377 998 μὲν
404 926 683 996 Δίγυπτία
707 926 803 981 τοῦ
829 927 949 981 νέου
976 928 1085 1000 ἦρα
1104 944 1118 959 ’
1145 930 1174 983 ὀ
1205 928 1261 983 δὲ
1296 927 1416 993 νέος
1443 926 1543 999 τῆς
1569 944 1673 981 σω-

2051 722 2307 780 LXXVII.
2335 755 2407 767 -—
2433 723 2739 780 EUTONIO
2780 722 3097 779 DIACONO.

2258 817 2338 873 De
2370 818 2558 872 virtute
2586 815 2801 885 Iosephi
2820 816 2888 871 “.

1852 930 2100 1003 .‘Egyptia
2150 930 2367 1002 quidem
2424 928 2512 984 illa
2562 927 2754 982 mulier
2790 929 3049 997 juvenem
3088 928 3307 982 amabat
3346 951 3359 984 :

121 1018 394 1089 φροσύνης.
422 1019 514 1073 Διὸ
538 1020 633 1073 καὶ
660 1020 697 1091 ἠ
730 1020 829 1088 μὲν
850 1019 1078 1093 θηρῶσα
1104 1020 1289 1088 αὐτὸν,
1312 1020 1412 1073 ούκ
1441 1020 1673 1090 ἐπέτυχε

1780 1021 1990 1091 juvenis
2028 1029 2209 1077 autem
2258 1019 2571 1093 (Iosephus)
2621 1018 2826 1088 majore
2877 1019 3141 1075 castitatis
3175 1034 3361 1075 amore

121 1110 205 1178 τῆς
233 1108 426 1179 θήρας,
471 1108 649 1163 καίτοι
676 1110 855 1164 πάντα
886 1110 957 1164 τά
987 1111 1111 1165 λῖνα
1139 1110 1238 1182 τῆς
1270 1109 1442 1182 θήρας
1470 1110 1673 1164 ἀναπε-

119 1200 344 1254 τάσασα’
392 1203 423 1255 ὁ
464 1201 523 1255 δὲ
580 1202 815 1275 ἐπέτυχε
889 1203 991 1274 τῆς
1042 1203 1238 1277 θήρας,
1291 1203 1510 1258 πάντων
1560 1202 1673 1274 (44)

118 1291 328 1347 δικτύων
357 1292 574 1364 ἐκείνης
605 1294 1009 1369 ὑπερενεχθείς.
1038 1296 1119 1370 Τῇ
1148 1295 1249 1368 μὲν
1277 1297 1387 1366 γάρ
1409 1297 1437 1349 ὁ
1456 1294 1673 1366 ἐχθρὸς,

118 1383 186 1454 τῷ
206 1384 260 1438 δὲ
285 1385 311 1438 δ
343 1384 673 1456 νομοθέτης,
701 1386 804 1458 τῆς
834 1386 1191 1460 σωφροσύνης
1214 1387 1513 1457 ἠγωνίζετο
1540 1386 1673 1458 (45).

1782 1113 2064 1185 ﬂagrabat.
2096 1111 2251 1168 Unde
2278 1112 2439 1167 etiam
2473 1110 2672 1165 factum
2720 1119 2780 1164 ut
2808 1110 2896 1165 illa
2928 1112 3145 1181 quidem
3185 1111 3359 1180 ipsum

1784 1214 2005 1275 captans
2034 1204 2211 1274 praeda
2235 1218 2343 1259 non
2381 1202 2664 1273 potiretur,
2697 1203 2944 1271 quamvis
2978 1204 3159 1257 omnia
3193 1217 3357 1257 vena-

1785 1304 1917 1350 turae
1966 1296 2099 1349 retia
2141 1294 2527 1365 explicuisset:
2558 1293 2660 1349 iste
2690 1308 2818 1350 vero
2848 1308 3069 1363 compos
3105 1295 3257 1349 lieret
3293 1310 3359 1351 eo

1782 1386 1925 1456 quod
1968 1385 2081 1456 ipse
2123 1385 2441 1452 venabatur,
2485 1384 2735 1440 omnibus
2771 1384 2913 1441 illius
2958 1385 3164 1441 retibus
3202 1400 3358 1454 supe.

118 1476 219 1531 rior
234 1477 498 1548 credens;
530 1495 706 1551 neque
737 1480 788 1536 id
815 1479 1185 1538 mirum.Cum
1210 1479 1297 1537 illa
1317 1480 1459 1539 enim
1511 1480 1778 1537 castitatis
1809 1480 2002 1545 hostis,
2069 1494 2192 1534 cum
2259 1479 2363 1533 isto
2437 1485 2614 1532 autem
2657 1474 2895 1545 ejusdem
2966 1476 3243 1547 legislator
3275 1474 3359 1530 fa'

118 1573 293 1641 ciebat,
322 1581 378 1629 et
404 1575 721 1631 certaminis
754 1576 965 1630 socium
992 1591 1054 1633 se
1082 1574 1466 1647 coniungebat.

236 1722 245 1733 ,
314 1669 446 1723 ore.
480 1700 548 1712 -
574 1668 1003 1743 ΑΡΣΕΝοΥψιᾳ
1029 1670 1463 1743 namnam.

400 1759 544 1829 Περὶ
572 1760 682 1829 τῆς
703 1761 922 1831 ἀρετῆς
971 1761 1077 1816 τοῦ
1118 1760 1360 1832 Ἰωσήφ.

178 1868 306 1925 Matt
348 1869 549 1941 χαίρω,
586 1872 671 1924 ὅτι
719 1871 932 1942 χαίρεις
987 1871 1102 1934 τοῖς
1150 1870 1278 1943 περὶ
1322 1871 1417 1925 τοῦ
1478 1872 1674 1943 Ἰωσὴφ

1964 1666 2243 1725 LXXVIII.
2271 1699 2339 1708 —
2369 1664 2812 1723 ARSENUPHIO
2852 1663 3170 1721 LECTORI.

2196 1759 2397 1816 Iterum
2423 1762 2486 1814 de
2513 1760 2699 1815 virtute
2718 1758 2935 1827 Ioseph.

1852 1871 2212 1928 Vehementer
2260 1870 2434 1937 laetor,
2479 1878 2530 1924 te
2571 1868 2805 1940 gaudere
2855 1868 3255 1924 narrationibus
3289 1868 3358 1923 de

116 1960 449 2031 διηγήμασιν.
488 1962 549 2017 '0
592 1961 703 2035 γὰρ
738 1963 866 2027 τοὺς
924 1962 1211 2034 σώφρονας
1259 1962 1674 2035 ἀνακηρύττων,

1780 1963 2031 2034 .Iosepho.
2066 1960 2202 2017 Nam
2248 1962 2342 2033 qui
2370 1969 2551 2017 castos
2590 1960 2834 2015 homines
2879 1973 2943 2014 ac
2993 1968 3356 2028 temperantes

114 2051 255 2120 δῆλός
302 2053 424 2106 ἐστι
469 2052 826 2125 σωφροσύνης
874 2053 950 2108 ὢν
989 2054 1254 2126 ἐραστής.
1312 2054 1525 2111 Ἐκεῖνα
1567 2056 1678 2125 γὰρ

118 2143 337 2212 μάλιστα
360 2143 432 2197 τὰ
450 2143 567 2215 εἴδη
608 2143 709 2214 τῆς
739 2144 941 2215 ἀρετῆς
962 2144 1207 2198 ἐπαινεῖν
1225 2143 1519 2216 εἰώθαμεν,
1551 2145 1681 2214 περὶ

113 2234 144 2288 ἀ
168 2234 398 2305 γνησίως
427 2234 666 2304 μάλιστα
705 2234 1051 2304 διακείμεθα.
1076 2233 1148 2287 Σὺ
1172 2234 1229 2288 δὲ
1261 2233 1400 2306 μετά
1423 2233 1519 2286 τοῦ
1545 2233 1676 2304 ἐρα-

116 2326 230 2397 στὴς
258 2320 405 2380 εἶναι
447 2325 550 2395 τῆς
597 2325 841 2393 ἁγνείας,
889 2326 1114 2381 κάκεῖνο
1146 2326 1265 2392 θέα,
1313 2324 1465 2389 ὅπως
1491 2324 1604 2395 (46)
1642 2326 1677 2394 ἡ

113 2416 267 2487 ἀρετὴ
307 2417 538 2488 ἀρχικόν
590 2417 708 2471 ἔστι
760 2417 974 2488 χρῆμα,
998 2416 1151 2471 κᾶνὸ
1190 2416 1396 2488 ταύτης
1427 2415 1675 2487 ἀσκητὴς

112 2509 182 2572 είς
220 2507 465 2563 δουλείαν
503 2508 817 2580 περιπέσῃ·
851 2502 992 2579 ἦρχε
1026 2508 1124 2579 μὲν
1152 2508 1265 2580 γὰρ
1300 2507 1409 2560 τῶν
1434 2504 1677 2576 ἀδελφῶν

111 2600 162 2652 ὲν
189 2603 252 2670 τῇ
285 2598 520 2672 πατρῴᾳ.
557 2600 737 2671 ἑστίᾳ,
792 2599 875 2668 τῷ
917 2599 1064 2671 ἔχειν
1102 2600 1195 2654 τὸν
1236 2600 1539 2670 γεννήτορα
1568 2598 1677 2652 τῶν

110 2690 312 2759 τρόπων
333 2693 574 2763 ἐραστήν
596 2707 611 2721 ·
637 2690 776 2763 ἦρχε
791 2693 888 2746 καὶ
909 2695 967 2747 έν
991 2696 1061 2765 τῇ
1075 2695 1421 2765 Δίγυπτιακῇ
1439 2692 1672 2762 δουλείᾳ,

113 2776 273 2829 καίτοι
306 2778 572 2850 πραθείς”
608 2774 726 2851 εἶχε
758 2781 868 2854 γὰρ
895 2780 990 2835 τοῦ
1019 2784 1323 2855 πριαμένου
1351 2782 1440 2837 διά
1458 2782 1675 2855 τρόπων

110 2865 434 2938 κοσμιότητα
474 2867 574 2939 τὴν
602 2869 908 2941 εὐμένειαν,
949 2872 1017 2944 ἢν
1054 2873 1088 2943 ἡ
1142 2872 1262 2927 θεία
1311 2873 1470 2945 χάρις
1526 2873 1676 2945 αὐτῷ

110 2956 327 3028 ἐνέχεεν.
366 2953 545 3031 Ἦρξε
587 2962 684 3015 καὶ
725 2962 828 3032 τῆς
868 2962 1179 3036 δεσποίνης,
1232 2964 1434 3036 μᾶλλον
1481 2963 1538 3018 δὲ
1570 2964 1671 3034 τῆς

107 3048 303 3120 ἡδονῆς,
352 3051 457 3121 τῆς
494 3051 706 3107 πολλῶν
755 3054 894 3108 νέων
950 3054 1247 3125 βασιλικῶς
1293 3055 1669 3129 κρατησάσης.

107 3136 260 3211 Ἦρξε
297 3143 396 3196 καὶ
450 3145 509 3197 ὲν
556 3144 634 3215 τῷ
675 3145 1058 3218 δεσμωτηρίῳ,
1088 3146 1267 3200 καίτοι
1317 3147 1411 3200 ἐπὶ
1459 3148 1673 3218 μοιχείᾳ

107 3234 356 3299 αίτιαθείς
372 3250 385 3263 ·
411 3229 525 3305 εἶχε
541 3236 650 3306 γὰρ
661 3236 758 3308 τὴν
774 3236 869 3289 τοῦ
880 3236 1420 3309 ἀρχιδεσμοφύλακος
1434 3238 1671 3303 εὔνοιαν,

1780 2054 2064 2124 praeconiis
2088 2052 2263 2118 eﬂ‘ert,
2295 2055 2341 2108 is
2378 2051 2479 2109 hoc
2511 2052 2627 2118 ipso
2676 2050 2915 2106 ostendit
2986 2064 3045 2104 se
3091 2048 3355 2106 castitatis

1780 2153 2078 2200 amatorem
2129 2157 2271 2199 esse.
2314 2142 2409 2198 Illa
2458 2142 2601 2196 enim
2638 2140 2853 2195 virtutis
2895 2154 3094 2211 genera
3126 2139 3357 2193 maxime

1779 2232 2014 2288 solemus
2036 2230 2276 2295 laudare,
2306 2244 2435 2300 erga
2457 2242 2576 2298 quae
2606 2228 2838 2281 maxime
2865 2239 3125 2295 germano
3153 2239 3217 2278 ac
3243 2224 3355 2278 sin-

1779 2340 1906 2381 cero
1959 2338 2144 2380 amore
2190 2323 2457 2379 ducimur.
2505 2320 2585 2375 Tu
2632 2333 2761 2375 vero
2806 2327 3163 2388 praeterquam
3211 2317 3353 2386 quod

1778 2427 1991 2472 amator
2019 2431 2079 2472 es
2099 2413 2385 2479 castitatis,
2406 2414 2510 2468 hoc
2530 2424 2744 2482 quoque
2764 2408 3150 2477 contemplare,
3172 2406 3351 2471 sodes,

1777 2509 2047 2578 quomodo
2092 2507 2264 2562 virtus
2305 2503 2649 2576 imperatoria
2693 2500 2936 2571 quaedam
2966 2514 3052 2555 res
3102 2499 3195 2567 sit,
3233 2506 3355 2552 utut

1778 2600 1895 2668 ejus
1915 2599 2091 2655 cultor
2118 2597 2256 2653 forte
2299 2597 2352 2652 in
2396 2594 2711 2652 servitutem
2745 2592 3016 2648 inciderit.
3053 2591 3186 2645 Nam
3212 2600 3266 2645 et
3299 2591 3352 2644 in

1776 2689 2019 2758 paternis
2045 2686 2253 2743 laribus
2280 2686 2565 2756 imperium
2597 2684 2647 2737 in
2673 2681 2872 2737 fratres
2900 2680 3199 2747 obtinebat,
3224 2680 3351 2734 dum

1777 2787 1983 2850 patrem
2008 2793 2230 2835 suorum
2258 2792 2465 2832 morum
2494 2784 2789 2830 amatorem
2820 2773 3072 2829 habebat.
3109 2771 3350 2840 Impera-

1777 2872 1871 2927 bat
1917 2885 2132 2941 quoque
2172 2870 2225 2925 in
2262 2867 2581 2939 Egyptiaca
2621 2868 2903 2929 servitute,
2932 2863 3177 2933 quamvis
3208 2869 3352 2916 esset

1775 2962 2024 3016 venditus
2051 2974 2149 3030 pro
2178 2958 2466 3029 mancipio.
2488 2955 2779 3011 Obtinebat
2822 2956 2964 3011 enim
2996 2952 3254 3022 emptoris
3295 2963 3350 3007 et

1777 3053 1889 3109 heri
1915 3052 2000 3108 sui
2023 3050 2467 3116 benevolentiam,
2502 3064 2663 3120 quam
2693 3049 2873 3102 divina
2904 3048 3074 3119 gratia
3111 3046 3211 3116 ipsi
3265 3046 3350 3099 in-

1774 3144 2052 3200 fundebat.
2102 3143 2408 3213 lmperabat
2445 3143 2609 3197 etiam
2653 3141 2907 3205 dominzc,
2940 3140 3045 3194 imo
3090 3139 3347 3207 voluptati

1774 3236 1965 3308 magis,
2005 3250 2125 3307 qua:
2166 3234 2361 3290 multos
2390 3234 2492 3290 sibi
2527 3233 2754 3302 juvenes
2805 3233 3008 3302 regium
3050 3230 3103 3284 in
3141 3243 3345 3284 morem

107 3325 561 3396 ὲπιτροπεύουσαν
611 3328 734 3396 (47)
787 3328 939 3399 αὐτῷ
981 3329 1083 3400 τὴν
1114 3331 1290 3401 ἀρχὴν
1334 3330 1443 3385 τῶν
1494 3333 1671 3385 ἐκεῖσε

1780 3328 2019 3398 subjecit.
2065 3325 2227 3398 455
2260 3326 2567 3396 lmperabat
2609 3325 2774 3380 etiam
2808 3324 2861 3378 in
2888 3338 3127 3386 carcere,
3158 3338 3345 3391 qnam-

106 3418 528 3490 καθειργμένων,
548 3415 629 3483 οἷς
647 3421 741 3473 καὶ
764 3421 949 3492 ἰατρὸν
972 3416 1126 3493 οἶμαι
1148 3424 1328 3476 ἐκεῖσε
1348 3424 1668 3495 πεπέμφθαι

105 3506 199 3559 τῶν
226 3507 548 3577 συμφορῶν.
571 3508 695 3572 Πῶς
718 3508 827 3580 γὰρ
852 3512 881 3563 ὁ
905 3508 1055 3580 ὠμὸς
1081 3512 1179 3564 καὶ
1207 3512 1541 3582 ἀμείλικτος,
1575 3514 1668 3568 κα)⁹

102 3596 188 3659 τὰς
209 3596 500 3667 ἀλλοτρίας
543 3600 1070 3671 πραγματευόμενος
1105 3601 1392 3674 συμφορὰς
1417 3603 1667 3674 (τοιοῦτοι

102 3685 199 3758 γὰρ
226 3686 415 3757 σχεδὸν
443 3688 646 3752 πάντες
667 3690 716 3742 οί
744 3690 1195 3762 δεσμοφύλακες),
1224 3690 1301 3762 τῷ
1329 3693 1666 3765 ήμερωτάτῳ

103 3778 185 3830 καὶ
214 3777 512 3848 πραοτάτῳ
533 3778 907 3851 δεσμωτήριον
926 3781 1219 3853 ἐπέτρεπε,
1247 3781 1325 3853 τῷ
1352 3782 1541 3855 κέρδος
1570 3783 1666 3854 μὲν

75 3865 260 3934 ,μηδὲν
309 3866 759 3941 περιποιουμένῳ
804 3870 869 3922 ὲκ
893 3867 1113 3933 τούτου,
1137 3868 1238 3931 τὰς
1265 3868 1323 3922 δὲ
1369 3868 1665 3940 ἀλγηδόνας

104 3953 201 4006 τῶν
244 3954 359 4008 εἴτε
409 3954 633 4018 δικαίως
672 3958 783 4012 εἴτε
843 3957 1044 4022 ἀδίκως
1087 3958 1469 4029 ἐμϐληθέντων
1522 3957 1664 4027 λόγῳ

103 4046 312 4116 χρηστῷ
344 4047 442 4100 καὶ
471 4049 829 4119 παραινέσεσι
882 4049 1169 4120 μειλιχίοις
1218 4050 1463 4122 ίωμένῳ;
1506 4052 1664 4105 Ἀλλά

102 4135 222 4209 δήλη
252 4137 535 4194 κάνταῦθα
558 4141 593 4210 ἡ
620 4138 741 4194 θεία
766 4140 949 4212 χάρις,
972 4143 1007 4211 ἡ
1033 4141 1132 4211 τὴν
1157 4142 1359 4213 ἀρετὴν
1387 4142 1662 4214 πανταχοῦ

101 4230 454 4297 στεφανοῦσα.
490 4225 700 4300 *Ηρξεν
731 4234 788 4286 έν
834 4234 946 4297 τοῖς
986 4231 1299 4301 βασιλείοις,
1351 4234 1440 4288 ὅτε
1484 4236 1514 4288 ὁ
1566 4238 1663 4307 τῆς

101 4319 368 4389 Δίγύπτου
398 4322 661 4393 τύραννος
680 4324 779 4395 τὴν
811 4324 1101 4395 τυραννίδα
1120 4325 1200 4389 είς
1225 4324 1500 4396 βασιλείαν
1527 4344 1660 4397 μετ-

100 4412 284 4483 έστησε
326 4412 475 4483 (48)*
526 4414 705 4468 πάντα
746 4415 855 4485 γὰρ
910 4416 1060 4486 αύτῷ
1104 4416 1467 4489 παρεχώρησε
1522 4419 1659 4488 πλὴν

98 4502 371 4574 ὀνόματος.
398 4501 574 4575 Ἦρξε
608 4506 702 4560 καὶ
743 4507 852 4563 τῶν
878 4506 1123 4577 ἀδελφῶν
1152 4508 1424 4580 δεύτερον,
1447 4511 1535 4563 ὅτε
1566 4511 1659 4564 καὶ

97 4595 455 4668 ἀγνοούμενος
477 4599 551 4663 ὠς
584 4597 833 4668 ἀδελφὸς,
870 4600 1251 4671 προσεκυνήθη
1279 4601 1354 4665 ὡς
1380 4601 1654 4670 βασιλεύς.

1772 3419 1856 3474 vis
1891 3426 2034 3475 esset
2068 3418 2121 3472 in
2160 3418 2364 3473 crimen
2418 3426 2643 3472 vocatus
2693 3415 2969 3471 adulterii.
3012 3414 3346 3484 Adjunxerat

1772 3513 1917 3566 enim
1942 3510 2043 3566 sibi
2066 3509 2490 3566 benevolentiam
2523 3508 2761 3578 praefecti
2791 3508 3028 3564 carceris
3060 3509 3174 3562 sive
3196 3521 3346 3561 com-

1774 3602 2167 3669 mentariensis,
2202 3617 2321 3677 quae
2351 3601 2450 3670 ipsi
2486 3600 2758 3655 commisit
2807 3600 3091 3667 imperium
3150 3598 3201 3651 in
3249 3611 3343 3650 eos

1772 3695 1860 3764 qui
1882 3694 1955 3750 ibi
1979 3693 2169 3749 inclusi
2191 3692 2608 3748 detinebantur:
2634 3693 2828 3763 quibus
2854 3693 3017 3748 etiam
3044 3705 3165 3746 eum
3190 3690 3343 3760 quasi

1771 3786 2055 3856 quemdam
2117 3785 2383 3840 medicum
2445 3783 2812 3839 calamitatum
2854 3798 3074 3837 suarum
3118 3782 3342 3837 missum

1772 3879 1940 3933 fuisse
1980 3876 2238 3933 divinitus
2280 3875 2553 3931 existimo.
2588 3874 2868 3942 Quomodo
2915 3873 3058 3928 enim
3108 3872 3339 3941 alioquin

1771 3968 1885 4023 ﬁeri
1907 3969 2195 4038 potuisset,
2217 3974 2276 4021 ut
2304 3965 2539 4022 crudelis
2570 3975 2733 4035 atque
2763 3965 2986 4020 immitis
3010 3964 3117 4029 ille,
3142 3966 3342 4034 quique

1769 4074 1834 4112 ex
1894 4058 2084 4115 alienis
2146 4057 2545 4114 calamitatibus
2598 4066 2861 4127 quaestum
2905 4055 3087 4111 facere
3135 4056 3340 4111 solebat

1771 4150 1930 4221 (tales
1957 4150 2103 4207 enim
2130 4148 2246 4208 fere
2267 4163 2458 4205 omnes
2480 4156 2609 4204 sunt
2636 4148 3196 4218 commentarienses),
3218 4164 3340 4202 car-

1768 4243 1908 4297 ceris
1932 4258 2119 4298 curam
2162 4243 2211 4297 ei
2240 4243 2662 4307 commendaret,
2692 4241 2783 4311 qui
2828 4249 2972 4295 esset
3007 4240 3337 4295 mansuetis-

1768 4335 1936 4389 simus
1955 4343 2115 4404 atque
2140 4334 2477 4397 mitissimus,
2502 4334 2703 4403 quique
2724 4331 2928 4387 nullum
2951 4346 3016 4385 ex
3041 4333 3142 4387 hoc
3183 4346 3333 4402 quae-

1767 4436 1909 4481 stum
1945 4426 2048 4481 sibi
2080 4433 2454 4494 compararet;
2487 4425 2580 4479 sed
2612 4423 2789 4493 potius
2825 4424 2877 4477 id
2924 4428 3130 4492 ageret,
3156 4431 3215 4476 nt
3243 4423 3336 4476 do-

1766 4514 1911 4570 lores
1938 4529 2126 4569 eorum
2160 4514 2249 4583 qui
2277 4513 2422 4579 illuc,
2453 4512 2566 4568 sive
2606 4512 2771 4578 juste,
2804 4510 2920 4565 sive
2953 4507 3172 4576 injuste,
3200 4522 3335 4561 eon-

1760 4606 1890 4677 jecti
1947 4616 2152 4669 essent,
2207 4607 2452 4661 oratione
2513 4606 2794 4660 commoda
2855 4613 2910 4657 et
2964 4601 3337 4657 consolatione

98 4679 259 4759 Ἦρξε
290 4690 385 4742 καὶ
415 4690 517 4760 τῆς
536 4689 812 4759 Αίγύπτου
836 4707 850 4721 ο
885 4692 1183 4764 μέλλουσαν
1223 4692 1332 4762 γὰρ
1367 4692 1510 4763 λιμῷ
1538 4692 1655 4746 δια-

1780 4696 1959 4751 ιιοηάο
1989 4697 2241 4752 sanaret?
2270 4695 2375 4751 Sed
2407 4696 2696 4764 conspicua
2730 4693 2829 4747 fuit
2864 4694 2950 4748 hic
2998 4707 3211 4762 quoque
3252 4692 3338 4747 di-

100 4780 428 4852 φθείρεσθαι,
459 4782 692 4853 τὴν-τῶν
718 4784 891 4837 ἄλλων
924 4786 1118 4854 χωρῶν
1141 4786 1340 4857 τροφὸν
1371 4785 1501 4857 (49),
1535 4785 1656 4856 θείᾳ

1761 4788 1887 4841 vina
1916 4788 2108 4857 gratia,
2140 4802 2259 4856 qua:
2290 4789 2545 4842 virtutem
2594 4787 2773 4841 ubivis
2799 4786 3039 4841 locorum
3070 4799 3334 4840 coronare

99 4873 399 4946 προμηθείᾳ
437 4874 740 4946 διέθρεψεν.
767 4872 942 4947 Ἦρξε
990 4878 1084 4930 καὶ
1117 4878 1281 4941 αὐτὸς
1322 4877 1519 4933 ἑαυτοῦ
1556 4878 1655 4949 τὴν

1785 4879 1927 4934 olet?
1960 4878 2243 4949 imperium
2273 4895 2489 4949 quoque
2519 4878 2798 4934 obtinebat
2826 4879 2882 4933 in
2912 4877 3080 4943 regia,
3114 4876 3331 4947 quando

100 4964 351 5037 μεγίστην
402 4967 610 5037 ἀρχὴν,
651 4969 710 5021 ὲν
764 4968 863 5039 μὲν
929 4972 1040 5033 τοῖς
1108 4973 1382 5033 ταπεινοῖς
1449 4970 1654 5040 ὑψηλὸς

156 5122 198 5153 ³⁵
219 5122 358 5179 Gen.
393 5139 544 5187 xxrx,
586 5124 611 5178 1
638 5138 790 5195 seqq.

1756 4970 2004 5026 videlicet
2039 4969 2324 5041 AEgyptius
2351 4981 2612 5041 tyrannus
2640 4970 2977 5040 tyrannidem
3012 4969 3063 5023 in
3102 4984 3327 5037 regnum

1173 5238 1401 5295 VARI/E
1441 5239 1821 5298 LECTIONES
1859 5238 1947 5294 ET
1981 5240 2210 5296 NOT/E.

154 5396 273 5536 ἕω)
292 5397 423 5453 Post
444 5397 664 5453 πάντων
687 5399 806 5487 cogi.
837 5395 961 5453 Vat.
976 5394 1082 5451 650
1104 5397 1259 5455 addit
1274 5397 1404 5480 τῶν.
1426 5396 1640 5453 Possm.

175 5467 243 5521 45
293 5468 434 5536 Lege
465 5468 879 5536 συνηγωνίςετο.
910 5466 1076 5522 Βιττ.
1099 5467 1245 5522 -Ει
1268 5484 1347 5525 su:
1369 5468 1491 5523 cod.
1526 5467 1640 5522 Vat.

175 5466 265 5540 ᾧ)
293 5468 434 5537 Lege
465 5467 879 5540 συνηγωνίζετο.
910 5466 1076 5522 Βιττ.
1099 5467 1245 5522 -Ει
1268 5469 1347 5525 sic
1369 5468 1491 5523 cod.
1526 5467 1645 5522 Vat.

93 5550 171 5606 ap.
205 5536 516 5593 Possinum.

98 5673 110 5685 ο
290 5608 618 5685 ϐθᾶκἾξι..
789 5608 1151 5685 ωυιεμὸπῳς
1194 5611 1270 5685 ἱιι-
1300 5609 1434 5673 πῶς.
1489 5608 1641 5665 Vers.

98 5678 214 5731 inde
239 5678 297 5742 4,
322 5694 421 5746 pro
443 5678 677 5750 δουλείᾳ,
704 5680 844 5734 idem
866 5678 1017 5747 ponit
1042 5678 1208 5749 οἰκίᾳ.
1229 5678 1381 5735 Vers.
1408 5695 1523 5750 seq.
1550 5693 1646 5747 pro

98 5745 319 5804 ἑνέγεεν.
352 5748 483 5804 lenit
522 5750 663 5804 idem
694 5746 971 5804 κατέγεεν.
1009 5748 1221 5804 Possm.

1780 5678 1873 5733 ntus
1896 5678 2035 5732 inter
2071 5679 2172 5734 tria
2213 5680 2391 5749 populi

1780 5752 1861 5804 ita.
1896 5746 2061 5804 Rtrr.

1770 5764 1861 5804 Ila.
1896 5764 2061 5804 “ITT.

94 5745 483 5820 ἐνέχεενμεεὴ
522 5745 663 5805 idem
694 5745 971 5820 κατέχεεν.
1009 5745 1221 5804 Possm.

160 5818 273 5888 (47)
296 5818 441 5876 tuen.
467 5820 589 5876 cod.
617 5818 1080 5890 ὲπιτροπεύουσαν
1102 5820 1313 5876 breviat
1339 5822 1394 5877 in
1426 5821 1639 5891 ἐπιτρέ-

1748 5414 1976 5451 πουσαν.
2012 5396 2088 5451 ID.

1827 5467 1949 5555 (48)
1978 5466 2124 5555 Idem
2172 5469 2324 5555 cod,
2370 5467 2791 5541 μετερρύθμισε.
2848 5468 3003 5526 Vers.
3051 5487 3165 5544 seq.
3202 5486 3327 5545 post

1755 5537 1894 5607 πλὴν
1928 5538 2075 5607 addit
2105 5537 2222 5593 τοῦ.
2248 5538 2327 5595 It).
2372 5537 2380 5539 ἡ
2505 5537 2552 5541 ⁷⁷
2648 5537 2659 5540 ⁷
3129 5537 3143 5544 ’
3182 5584 3189 5591 .

1823 5606 1934 5688 (IIS!)
1963 5606 2081 5675 Τὴν
2100 5608 2217 5688 τῶν
2253 5608 2467 5688 aliter:
2491 5609 2697 5688 lmpon
2721 5612 2961 5681 τροφόν.
2992 5611 3130 5671 Hinc
3156 5615 3317 5688 {Egy-

2431 5680 2660 5737 Romani
2687 5680 2879 5740 horrea
2911 5688 3191 5745 numerari
3229 5680 3311 5745 se.
