3886 6420
454 386 593 453 1139

1658 385 1719 443 S.
1762 379 2056 442 ISIDORI
2094 376 2532 440 PELUSIOT/E

3567 354 3707 421 1140

451 498 1030 560 commutavit.0mnia
1061 500 1204 555 enim
1233 496 1335 566 ipsi
1364 496 1657 564 commisit,
1676 496 1790 552 solo
1808 506 2034 563 excepto

2148 494 2322 563 5φοεὶς
2343 534 2357 559 ,
2419 496 2477 545 ἐν
2522 489 2581 545 δὲ
2628 489 2746 551 τοῖς
2791 482 3018 554 ὑψηλοῖς
3060 477 3348 541 ταπεινός
3387 475 3485 529 καὶ
3514 475 3575 529 ἐν
3609 474 3709 544 μὲν

453 593 671 648 nomine
700 592 869 663 regio.
898 590 1204 661 lmperabat
1233 591 1423 645 deinde
1470 588 1727 643 fratribus
1775 587 1888 642 suis
1928 587 2031 639 ite-

453 692 596 749 rato,
641 685 853 752 quando
901 680 984 737 vel
1029 680 1336 750 incognitus
1383 687 1443 734 ut
1486 678 1672 745 frater,
1706 677 2035 733 adorabatur

452 787 514 829 ut
561 791 675 830 rex.
717 773 1021 843 Imperabat
1071 787 1288 843 quoque
1328 771 1585 843 IEgypto.
1626 770 1763 825 Nam
1807 785 1929 825 cum
1979 769 2034 824 in

454 880 523 921 eo
551 875 687 921 esset
726 874 783 919 nt
822 865 965 920 fame
994 873 1407 920 consumeretur
1435 878 1499 918 ea
1547 864 1716 933 regio,
1745 877 1865 932 quae
1904 860 2035 914 alia-

455 969 576 1008 rum
630 956 904 1023 regionum
938 956 1116 1009 nutrix
1164 969 1286 1009 esse
1332 953 1555 1019 solebat,
1601 953 1783 1008 divina
1819 951 2031 1006 consilii

456 1041 796 1113 providentia
826 1058 944 1099 eam
989 1044 1124 1098 aluit
1150 1052 1204 1098 et
1234 1045 1594 1099 conservavit.
1627 1043 1917 1129 Imperavit
1944 1044 2036 1098 de-

457 1133 621 1202 nique
646 1143 701 1188 et
759 1133 989 1202 ipsemet
1019 1134 1145 1199 sibi,
1174 1134 1315 1202 quod
1342 1145 1426 1189 est
1471 1134 1682 1203 imperii
1720 1148 1889 1205 genus
1915 1148 2035 1187 om-

458 1225 613 1280 nium
674 1226 992 1293 maximum,
1019 1226 1233 1295 quando
1273 1235 1328 1280 et
1372 1226 1427 1280 in
1462 1226 1752 1280 humilibus
1790 1225 2037 1280 sublimis

457 1325 783 1387 conspectus
804 1326 911 1382 est,
931 1326 987 1373 et
1014 1319 1067 1375 in
1096 1317 1415 1375 sublimibus
1443 1318 1698 1373 humilis:
1727 1326 1783 1374 et
1803 1317 1856 1372 in
1878 1317 2038 1372 rebus

458 1409 679 1478 quidem
731 1409 1061 1480 turpissimis
1106 1410 1386 1465 servitutis
1422 1424 1616 1478 expers
1662 1409 1929 1478 planeque
1968 1408 2033 1462 li-

458 1498 591 1564 ber,
643 1498 696 1554 in
738 1500 951 1555 decoris
989 1508 1172 1555 autem
1219 1506 1274 1556 et
1314 1499 1556 1556 honestis
1602 1499 2038 1570 promptissimus

458 1600 622 1661 atque
654 1592 1075 1661 impigerrimus.
1121 1591 1258 1647 Nam
1294 1606 1467 1660 neque
1496 1592 1550 1646 in
1584 1601 1808 1662 paterna
1856 1591 2035 1657 domo,

460 1698 637 1753 neque
670 1684 723 1738 in
753 1683 1072 1755 Egyptiaca
1117 1699 1353 1757 unquam
1402 1686 1576 1740 elatus
1623 1692 1707 1738 est
1762 1682 2035 1753 superbia,

460 1788 583 1828 cum
613 1788 672 1829 se
699 1776 767 1830 ab
794 1776 1044 1831 omnibus
1073 1776 1218 1847 diligi
1249 1776 1472 1830 videret.
1506 1773 1691 1844 Neque
1732 1773 1877 1831 illius
1920 1789 2037 1827 mu—

461 1865 611 1921 lieris
654 1866 928 1922 libidinem
968 1870 1266 1935 accusavit,
1300 1882 1422 1922 cum
1470 1868 1683 1937 quidem
1719 1865 2036 1935 locupletem

461 1957 686 2013 haberet
714 1968 902 2015 testem
943 1959 1196 2030 impudici
1235 1958 1435 2014 amoris
1463 1959 1735 2029 egregiam
1786 1958 2039 2022 formam,

461 2049 689 2105 haberet
716 2065 932 2120 quoque
954 2050 1383 2107 benevolentiam
1405 2050 1522 2105 heri
1539 2050 1636 2105 sibi
1665 2050 2038 2105 assistentem:

460 2141 579 2204 qui,
636 2155 759 2194 cum
794 2141 1067 2197 accusatio
1119 2141 1277 2196 istius
1328 2140 1569 2196 criminis
1597 2153 1812 2209 pmnam
1851 2138 2044 2206 capitis

461 2230 676 2295 atterat,
702 2246 770 2286 ne
798 2231 1012 2301 quidem
1045 2231 1179 2287 loris
1214 2246 1413 2287 cassum
1445 2232 1498 2285 in
1529 2245 1800 2286 carcerem
1829 2239 2038 2285 tantum

461 2319 720 2387 coniecit.
755 2320 909 2387 Quod
943 2320 988 2375 si
1029 2322 1152 2391 quis
1185 2320 1259 2375 sit
1291 2320 1381 2390 qui
1425 2320 1503 2376 sic
1540 2320 1832 2387 existimet,
1867 2319 2040 2390 ipsum

463 2410 615 2479 (talia
647 2425 957 2480 perpessum
977 2412 1143 2481 esse),
1170 2413 1423 2482 quoniam
1460 2427 1520 2467 se
1550 2411 1737 2466 ulcisci
1767 2428 1869 2467 non
1893 2421 2043 2481 pote-

463 2509 572 2566 rat,
607 2501 655 2557 is
686 2502 848 2555 velim
882 2501 1102 2571 cogitet,
1135 2517 1258 2559 eum
1298 2502 1651 2573 philosophia:
1679 2517 1898 2571 operam
1948 2504 2041 2556 de-

464 2592 632 2648 disse.
661 2592 864 2648 Deinde
899 2593 1008 2661 jam
1057 2594 1260 2664 regiam
1298 2603 1613 2664 potestatem
1665 2596 1910 2666 adeptus,
1950 2612 2044 2666 po—

468 2692 612 2737 terat
636 2692 787 2737 certe
821 2682 1074 2753 injuriam
1104 2684 1396 2738 vindicare.
1429 2684 1533 2739 Sed
1566 2698 1741 2754 neque
1762 2684 2044 2738 calumniis

464 2785 727 2844 gravatus
756 2773 1057 2839 accusavit,
1086 2787 1260 2841 neque
1304 2774 1356 2827 in
1402 2774 1697 2829 custodiam
1744 2773 2042 2842 conjectus,

465 2865 697 2934 imperio
736 2866 839 2923 sibi
883 2866 937 2920 in
965 2864 1086 2920 illos
1115 2866 1207 2934 qui
1238 2865 1367 2919 inibi
1398 2866 1636 2922 conclusi
1672 2867 2047 2921 detinebantur

466 2957 778 3023 commisso,
809 2957 1130 3028 superbivit,
1160 2967 1215 3013 et
1250 2957 1385 3012 alios
1409 2957 1776 3022 conculcavit;
1826 2958 1919 3013 sed
1951 2972 2040 3027 po-

468 3050 600 3115 tius,
621 3058 878 3118 quantum
903 3049 955 3103 in
983 3064 1041 3104 se
1062 3058 1203 3114 erat,
1222 3049 1460 3118 ipsorum
1484 3065 1621 3105 onus
1649 3051 1895 3105 maeroris
1918 3050 2045 3104 alle-

465 3142 637 3205 vavit,
667 3141 852 3212 procul
885 3142 1065 3206 dubio,
1095 3144 1237 3213 quod
1284 3144 1400 3212 ipse
1445 3142 1644 3209 injuste
1674 3158 1739 3197 eo
1770 3142 2046 3212 conjectus
2072 3172 2115 3231 ο

466 3241 636 3301 esset,
662 3247 730 3288 ex
759 3233 873 3289 suis
915 3234 1122 3289 eventis
1150 3234 1514 3300 conjecturam
1559 3234 1761 3290 faciens
1784 3234 1947 3288 etiam
1982 3234 2047 3289 de

469 3323 712 3391 ipsorum
739 3322 974 3377 casibus.
1020 3321 1203 3377 Solent
1234 3324 1376 3378 enim
1407 3323 1653 3393 plerique
1679 3338 1867 3378 omnes
1902 3338 2049 3378 mor-

472 3412 608 3468 tales
651 3428 718 3467 ex
762 3413 878 3469 suis
906 3413 1067 3469 rebus
1096 3422 1259 3483 atque
1288 3416 1516 3480 eventis,
1572 3415 1639 3469 de
1676 3414 1798 3469 aliis
1831 3430 2049 3485 quoque

471 3504 798 3559 sententiam
846 3504 1035 3560 ferre:
1079 3504 1239 3573 inque
1284 3507 1474 3576 primis
1518 3507 1570 3560 id
1616 3507 1746 3561 fecit
1790 3509 1925 3576 ipse,
1958 3509 2047 3577 qui

473 3595 672 3664 ubique
697 3594 956 3665 praeclara
1009 3596 1227 3652 virtutis
1261 3598 1554 3665 specimina
1595 3597 1764 3665 dedit,
1799 3598 1964 3670 456
1994 3609 2048 3653 et

475 3695 733 3755 tanquam
781 3702 973 3741 aurum
1030 3687 1083 3743 in
1137 3687 1259 3757 igne
1314 3689 1629 3759 exploratus
1685 3690 2050 3761 probatusque

473 3773 596 3836 fuit,
620 3789 840 3845 suaeque
865 3775 1134 3844 aequitatis
1162 3777 1327 3831 animi
1367 3778 1563 3833 indicia
1610 3776 1742 3833 satis
1768 3780 2048 3834 manifesta

476 3865 724 3934 praebuit.
754 3864 821 3918 Et
849 3865 975 3934 quid
1004 3866 1125 3921 dico
1156 3866 1207 3921 in
1241 3882 1460 3922 carcere
1498 3867 1627 3939 (non
1673 3867 1839 3923 fuisse
1861 3883 2049 3937 super-

476 3954 650 4024 bum),
680 3954 769 4010 ubi
798 3958 963 4011 etiam
1012 3956 1118 4012 illis
1146 3972 1361 4027 quoque
1391 3957 1672 4013 humilitas
1703 3966 1760 4013 et
1790 3959 2052 4013 modestia

477 4046 751 4116 animique
808 4048 1101 4105 submissio
1153 4048 1335 4119 aliqua
1384 4050 1753 4120 ingeneratur,
1804 4050 1894 4122 qui
1944 4066 2051 4106 non

476 4149 604 4193 sunt
637 4138 839 4209 alioqui
878 4140 1035 4194 valde
1087 4140 1248 4195 alieni
1297 4156 1326 4195 a
1378 4142 1582 4208 dolore,
1628 4157 1799 4213 eaque
1847 4144 1931 4198 vel
1985 4157 2053 4197 ex

476 4230 833 4294 conscientia,
873 4229 953 4285 vel
996 4246 1063 4285 ex
1088 4230 1255 4300 ipsius
1284 4231 1386 4286 loci
1417 4233 1670 4303 squalore
1713 4234 1879 4289 nata?
1916 4234 2049 4289 Cum

477 4338 654 4392 neque
686 4322 739 4377 in
770 4323 889 4394 ipso
918 4339 1083 4394 regno
1110 4326 1513 4394 reprehensioni
1550 4326 1711 4381 fuerit
1742 4328 2009 4383 obnoxius
2036 4346 2051 4383 :

477 4415 570 4467 sed
604 4414 671 4468 ibi
700 4430 914 4486 quoque
945 4416 1191 4472 eamdem
1232 4419 1701 4473 mansuetudinem
1744 4419 2055 4488 declararit,

2131 588 2244 648 τοῖς
2262 584 2563 655 αἰσχίστοις
2590 578 2893 639 ἀδούλωτος
2922 573 3019 629 καὶ
3063 570 3370 639 ἐλεύθερος,
3400 568 3459 621 ἐν
3504 566 3565 619 δὲ
3596 566 3710 627 τοῖς

2133 676 2406 747 πρέπουσι
2445 670 2859 744 προθυμότατος
2890 667 2989 721 καὶ
3030 662 3378 723 ἀοκνότατος.
3420 657 3561 712 Οὔτε
3602 657 3713 726 γὰρ

2135 769 2193 821 ἐν
2227 770 2293 839 τῇ
2324 765 2575 836 πατρῴᾳ,
2607 764 2733 817 οὕτε
2768 763 2828 815 ἐν
2852 762 2920 832 τῇ
2962 757 3310 827 Δίγυπτιακῇ
3348 753 3519 823 οἰκίᾳ,
3567 751 3712 822 ἤρθη

2136 848 2215 924 εἰς
2242 859 2600 923 ἀτασθαλίαν,
2638 858 2781 930 δρῶν
2807 853 3002 909 ἑαυτὸν
3028 852 3183 924 παρά
3226 850 3448 904 πάντων
3480 846 3713 917 ἀγαπώ-

2140 972 2297 1027 μενον
2319 972 2333 986 ο
2381 954 2503 1007 οὐδὲ
2534 952 2761 1024 ἤλεγξεν
2783 947 3002 1019 ἐκείνης
3040 946 3141 1016 τὴν
3178 941 3457 1013 λαγνείαν,
3491 941 3631 1010 έχων
3654 938 3717 991 τὸ

2139 1047 2238 1117 μὲν
2262 1045 2459 1108 κάλλος
2479 1044 2573 1097 τοῦ
2604 1042 2807 1114 ἐρωτος
2838 1040 3057 1109 ἐκείνης
3086 1036 3403 1102 ἀξιόπιστον
3434 1034 3715 1103 μάρτυρα,

2136 1134 2233 1207 τὴν
2267 1136 2325 1190 δὲ
2359 1134 2573 1189 εὔνοιαν
2604 1133 2699 1188 τοῦ
2729 1132 2992 1187 δεσπότου
3022 1126 3556 1197 συναγωνιζομένην.
3613 1124 3716 1187 Ὃς

2135 1226 2221 1297 δὴ,
2257 1225 2355 1295 τῆς
2381 1224 2719 1297 κατηγορίας
2753 1222 2972 1293 σφαγὴν
2998 1220 3319 1290 ὠδινούσης,
3355 1217 3476 1271 οὐδὲ
3519 1215 3719 1287 μαστί-

2139 1316 2237 1384 ξας
2260 1318 2338 1381 εἷς
2372 1317 2750 1389 δεσμωτήριον
2774 1313 3049 1368 ἐνέϐαλεν.
3082 1314 3146 1366 El
3166 1311 3227 1366 δέ
3252 1328 3337 1374 τις
3371 1308 3610 1379 νομίζει,
3632 1305 3721 1359 διὰ

2136 1409 2198 1462 τὸ
2225 1408 2302 1481 μὴ
2320 1408 2641 1480 δεδυνῆσθαι
2691 1405 3027 1478 ἀμύνασθαι,
3076 1400 3581 1473 πεφιλοσοφηκέναι
3631 1400 3719 1451 ὲν-

2137 1500 2348 1565 νοείτω,
2391 1500 2475 1555 ὅτι
2517 1499 2640 1553 οὐδὲ
2680 1496 3009 1570 βασιλεύσας
3058 1495 3233 1566 αὐτὴν
3275 1494 3387 1566 (50)
3440 1491 3715 1563 ἠμύνατο.

2138 1591 2275 1646 Οὔτε
2303 1586 2396 1647 οὖν
2430 1591 2864 1662 συκοφαντηθείς
2885 1588 3135 1660 ἤλεγξεν,
3162 1586 3289 1641 οὕτε
3317 1588 3397 1648 είς
3421 1585 3483 1639 τὸ
3508 1585 3721 1651 οἴκημα

2139 1683 2421 1755 ἐμπεσὼν,
2434 1683 2531 1738 καὶ
2545 1683 2645 1755 τὴν
2663 1681 2839 1753 ἀρχὴν
2859 1682 2966 1735 τῶν
2984 1683 3163 1734 ἐκεῖσε
3180 1677 3565 1749 ἐμπιστευθεὶς
3582 1676 3717 1747 (51),

2141 1775 2289 1845 μέγα
2321 1775 2614 1847 ἐφρόνησε,
2646 1775 2741 1828 καὶ
2769 1776 2894 1838 τοὺς
2930 1774 3123 1837 ἄλλους
3151 1772 3564 1839 κατεπάτησεν·
3584 1768 3721 1823 ἀλλὰ

2142 1866 2237 1919 καὶ
2267 1865 2557 1935 ἐκούφισεν
2589 1864 2791 1929 αὐτῶν,
2838 1863 2914 1929 ὡς
2947 1864 3221 1933 ἐνεδέχετο
3244 1902 3259 1924 ,
3306 1861 3367 1915 τὸ
3402 1861 3503 1930 τῆς
3544 1858 3720 1929 λύπης

2141 1955 2327 2025 ἄχθος,
2351 1956 2414 2009 ἐκ
2434 1955 2545 2009 τῶν
2566 1954 2690 2009 καθ’
2719 1954 2912 2008 ἐαυτὸν
2934 1953 3086 2017 ἴσως.
3104 1954 3187 2007 ὅτι
3214 1952 3413 2015 ἀδίκως
3436 1948 3718 2020 ἐϐέϐλητο,

2141 2044 2237 2098 καὶ
2266 2043 2397 2115 περὶ
2415 2042 2642 2098 ἐκείνων
2668 2042 3049 2115 λογισάμενος.
3083 2040 3323 2095 Είὼθασι
3349 2034 3458 2111 γάρ
3476 2040 3721 2101 ἀπαντες

2142 2136 2209 2189 ἐκ
2242 2134 2351 2188 τῶν
2388 2134 2512 2188 καθ’
2548 2134 2798 2199 ἑαυτοὺς,
2824 2134 2918 2188 καὶ
2964 2134 3094 2204 περὶ
3128 2133 3239 2185 τῶν
3263 2131 3439 2186 ἄλλων
3476 2131 3579 2192 τάς
3615 2129 3721 2199 ψή-

2143 2245 2280 2297 φους
2310 2226 2529 2299 φέρειν·
2558 2228 2796 2299 μάλιστα
2817 2227 2862 2282 δ’
2888 2227 3118 2290 ἐκεῖνος,
3152 2226 3182 2278 ὁ
3200 2222 3477 2293 πανταχοῦ
3500 2222 3721 2291 δοκίμω

2142 2318 2242 2388 τῆς
2269 2318 2472 2389 ἀρετῆς
2486 2317 2766 2383 δεδωκὼς,
2788 2316 2865 2380 ὡς
2884 2316 3087 2389 χρυσὸς
3116 2317 3174 2369 ἐν
3193 2315 3330 2387 πυρὶ
3352 2311 3719 2385 βασανισθεὶς.

2144 2410 2239 2464 καὶ
2270 2411 2371 2482 τῆς
2399 2409 2609 2473 οίκείας
2651 2409 2833 2477 δείξας
2873 2410 2985 2480 (52)
3013 2410 3085 2462 τά
3117 2408 3496 2480 γνωρίσματα.
3532 2405 3647 2459 Καὶ
3673 2405 3720 2458 τί

2143 2501 2304 2570 λέγω,
2368 2503 2429 2554 ἐν
2470 2500 2548 2571 τῷ
2601 2500 2903 2571 οίκήματι;
2960 2499 3131 2553 Ἔνθα
3174 2500 3271 2553 καὶ
3325 2500 3437 2559 τοῖς
3486 2496 3565 2567 μὴ
3606 2494 3721 2548 λίαν

2143 2594 2472 2664 ἀναλγήτοις
2521 2592 2769 2645 τίκτεταί
2804 2609 2889 2655 τις
2913 2589 3387 2661 ταπεινοφροσύνη
3418 2590 3514 2642 καὶ
3554 2586 3722 2640 ἐπιεί-

2144 2703 2288 2752 κεια,
2321 2686 2355 2757 ἢ
2381 2686 2445 2738 ἐκ
2484 2683 2580 2738 τοῦ
2621 2682 2944 2749 συνειδότος,
2975 2685 3008 2755 ἦ
3048 2683 3115 2736 ἐκ
3134 2682 3231 2735 τοῦ
3256 2681 3421 2734 τόπου
3450 2679 3717 2749 φυομένη,

2152 2776 2317 2830 ὁπότε
2352 2774 2478 2829 οὔτε
2507 2777 2566 2830 ἐν
2591 2778 2658 2846 τῇ
2683 2774 2929 2846 βασιλείᾳ
2955 2773 3200 2845 ἠλέγχθη
3218 2791 3233 2804 ·
3262 2772 3399 2828 ἀλλά
3420 2772 3586 2826 κάκεῖ
3626 2770 3717 2839 τὴν

2145 2867 2315 2938 αὐτὴν
2333 2867 2618 2939 πραότητα
2648 2865 2758 2938 (55)
2790 2865 3127 2932 ἐπεδείξατο,
3147 2863 3366 2935 τρέφων
3429 2862 3533 2933 μὲν
3559 2862 3717 2928 Αίγυο

2145 2958 2354 3021 πτίους,
2382 2958 2478 3011 καὶ
2528 2960 2640 3022 τοῖς
2697 2956 3063 3028 πανταχόθεν
3096 2956 3291 3027 ἥκουσι
3340 2956 3499 3025 χεῖρα
3555 2966 3718 3020 σωτη-

2151 3051 2272 3119 ρίας
2304 3050 2415 3122 (54)
2458 3050 2699 3121 ὀρέγωνο
2737 3050 2864 3112 τοὺς
2898 3048 2957 3102 δέ
2989 3047 3254 3116 ἀδελφοὺς
3294 3046 3357 3099 οὐ
3413 3045 3578 3117 μόνον
3623 3043 3716 3096 οὐκ

2147 3141 2510 3210 ἀμυνόμενος,
2552 3139 2687 3193 ἁ).λά
2722 3140 2817 3193 καὶ
2860 3137 3187 3209 εὐεργετῶν.
3243 3137 3308 3189 Ὢ
3356 3136 3457 3204 τῆς
3500 3133 3714 3207 ἀρετῆς,

2148 3230 2243 3283 καὶ¹
2290 3228 2475 3282 δοῦλον
2517 3227 2898 3299 μεγαλόφρονα
2949 3225 3322 3296 ἐπιδειξάσης,
3371 3224 3470 3277 καὶ
3502 3222 3717 3293 βασιλέα

2145 3320 2581 3391 ταπεινόφροναι
2630 3319 2677 3373 ὣ
2725 3319 2839 3391 (55)
2906 3319 3008 3389 τῆς
3053 3316 3371 3387 ἁπανταχοῦ
3424 3317 3494 3370 τὰ
3549 3316 3715 3369 οἰκεῖα

2146 3411 2423 3481 τεκμήρια
2456 3410 2886 3482 σημηναμένηςι
2934 3408 2979 3462 ὣ
3007 3410 3105 3481 τῆς
3141 3408 3518 3462 ἀταπεινὼτου
3549 3408 3716 3478 μὲνέν

2151 3504 2483 3573 συμφοραῖς,
2527 3502 2808 3566 ἐπιεικοῦς
2844 3502 2902 3555 δὲ
2928 3502 2985 3555 ἐν
3020 3503 3350 3572 ύπεροχαῖςί
3394 3501 3441 3553 ὢ
3462 3501 3559 3569 τῆς
3582 3501 3714 3569 μήτε

2147 3595 2215 3663 τῇ
2260 3591 2521 3663 ἀσελγείᾳ
2556 3592 2906 3663 ἠττηθείσης,
2959 3592 3097 3663 μήτε
3126 3591 3221 3644 ἐπὶ
3273 3593 3340 3660 τῇ
3392 3589 3717 3659 συκοφαντίᾳ

2150 3684 2591 3755 δυσχερανάσηςί
2632 3683 2677 3737 ῶ
2714 3685 2813 3756 τῆς
2865 3685 3003 3738 πᾶσι
3057 3683 3156 3754 μὲν
3200 3682 3517 3753 βασιλικῶς,
3566 3684 3632 3751 τῇ
3674 3680 3716 3733 δ’

2151 3777 2310 3848 ἡδονῇ
2340 3776 2683 3847 τυραννικῶς
2706 3776 3094 3847 χρησαμένηςί
3127 3774 3171 3827 ὣ
3190 3774 3293 3844 τῆς
3316 3775 3413 3827 καὶ
3452 3775 3534 3835 είς
3562 3774 3718 3838 ἀνάγ-

2150 3885 2255 3939 κην
2284 3868 2632 3939 ἐμπεσούσης
2664 3866 3031 3938 διηγήσασθαι
3072 3866 3144 3919 τὰ
3186 3866 3313 3918 καθ’
3363 3864 3587 3937 ἑαυτὴν,
3633 3866 3719 3918 καὶ

2152 3962 2553 4034 ἐρυθριασάσης
2594 3961 2694 4033 τὴν
2736 3962 2997 4033 ἀλήθειαν
3055 3962 3252 4023 εἰπεῖν,
3311 3961 3402 4013 ἴνα
3473 3960 3547 4030 μὴ
3597 3958 3717 4027 δόξῃ

2158 4055 2427 4123 στέφανον
2458 4053 2815 4125 σωφροσύνης
2850 4056 3017 4125 ἑαυτῇ
3044 4052 3414 4126 περιτιθέναιί
3448 4051 3583 4105 Οὔτε
3616 4051 3722 4121 γὰρ

2152 4148 2264 4199 τῶν
2291 4146 2539 4216 ἀδελφῶν
2568 4146 2668 4217 τὴν
2694 4145 2986 4216 ἐπιϐουλὴν
3019 4145 3277 4216 ἐξέφηνεν
3296 4184 3311 4208 ,
3341 4144 3469 4197 οὔτε
3500 4144 3590 4198 τὸν
3624 4144 3720 4211 τῆς

2155 4239 2461 4308 Αἰγυπτίας
2506 4237 2715 4309 ἐρωτα’
2761 4238 2878 4291 ἀλλ’
2910 4238 3046 4309 ἔφη·
3084 4255 3103 4289 t
3153 4238 3345 4309 Κλοπῇ
3392 4238 3633 4307 ἐκλάπην
3660 4236 3720 4287 ἐκ

2155 4331 2260 4400 γῆς
2300 4329 2592 4399 Ἐϐραίων,
2640 4329 2735 4383 καὶ
2765 4322 2868 4383 ὧδε
2907 4329 3143 4398 ἐποίησα
3182 4329 3335 4381 οὐδὲν
3382 4328 3578 4380 κακόν·
3610 4326 3722 4379 ἀλλ’

2159 4423 2414 4477 ἐνέϐαλόν
2456 4440 2523 4493 με
2546 4424 2628 4486 είς
2659 4422 2752 4475 τὸν
2778 4422 2943 4475 τόπον
2980 4421 3076 4474 τοῦ
3107 4420 3311 4474 λάκκου
3352 4420 3560 4473 τούτου.
3591 4438 3610 4470 ι
3638 4420 3722 4468 Δι⁸

474 4506 604 4559 dum
635 4517 691 4562 et
717 4506 1002 4578 Egyptios
1034 4508 1226 4568 aleret.
1259 4519 1312 4564 et
1358 4511 1424 4565 iis
1467 4511 1558 4579 qui
1589 4513 1756 4567 variis
1802 4525 1871 4566 ex
1923 4512 2043 4568 locis

2162 4513 2335 4574 καίως
2364 4513 2473 4584 ἄρα
2499 4514 2528 4566 ὁ
2559 4514 2660 4584 τῆς
2688 4513 3045 4585 σωφροσύνης
3078 4512 3374 4583 νομοθέτης
3402 4513 3496 4565 καὶ
3518 4510 3720 4580 πρύτα-

476 4596 856 4666 adveniebant,
884 4615 1102 4654 manum
1131 4600 1422 4656 salutarem
1451 4602 1745 4670 praeberet;
1777 4612 1833 4657 et
1862 4604 1914 4657 in
1946 4603 2056 4658 fra-

2164 4624 2245 4669 νις
2273 4606 2607 4676 ἐϐράϐευσεν
2641 4605 2792 4675 αὐτῷ
2841 4604 2933 4658 τὸν
2961 4605 3245 4674 στέφανον,
3271 4604 3605 4657 ἀπόϐλεπτον
3628 4599 3722 4671 μὲν

478 4702 593 4745 tres
632 4706 739 4745 non
781 4692 956 4746 solum
997 4708 1101 4747 non
1151 4694 1628 4754 animadverteret,
1661 4710 1845 4748 verum
1890 4696 2043 4750 etiam

2160 4700 2272 4761 τοῖς
2302 4697 2489 4761 πάλαι,
2521 4696 2765 4766 ἀοίδιμον
2793 4695 2850 4749 δέ
2885 4697 3000 4759 τοῖς
3028 4694 3165 4765 μετὰ
3205 4692 3381 4748 ταῦτα
3420 4694 3722 4762 ἀποφήνας·

476 4785 735 4839 beneficia
762 4784 1054 4841 conferret.
1077 4784 1122 4842 Ο
1146 4770 1513 4842 incredibilem
1536 4788 1750 4844 virtutis
1777 4789 1911 4843 vim!
1933 4803 2053 4859 quae
2082 4801 2139 4846 et
2185 4808 2399 4847 servum
2443 4790 2843 4861 magnanimum
2866 4790 3128 4854 exhibuit,
3155 4800 3208 4843 et
3270 4804 3453 4859 regem
3479 4787 3722 4843 humilem

477 4888 641 4947 atque
672 4876 996 4932 demissum!
1030 4877 1074 4932 0
1105 4879 1383 4946 virtutem,
1435 4894 1555 4948 qua:
1601 4880 1777 4935 ubivis
1807 4880 2048 4936 locorum
2080 4883 2361 4939 manifesta
2431 4884 2516 4937 sui
2546 4883 2698 4953 signa
2723 4882 2919 4937 edidit!
2950 4883 2994 4935 0
3018 4882 3293 4946 virtutem,
3356 4898 3476 4951 qnze
3508 4882 3555 4935 in
3578 4879 3726 4932 cala-

477 4968 759 5026 mitatibus
779 4970 993 5040 quidem
1019 4971 1243 5027 minime
1274 4971 1539 5039 abjectam
1581 4987 1639 5027 se
1669 4973 1956 5041 praestitit;
1996 4975 2048 5029 in
2082 4977 2373 5031 eminentia
2404 4991 2533 5032 vero
2566 4977 2752 5031 mitem
2819 4983 2875 5029 et
2902 4975 3293 5042 animmquam!
3364 4971 3414 5026 Ο
3458 4972 3725 5032 virtutem.

1571 5144 1808 5201 VARle
1851 5144 2237 5204 LECTIONES
2269 5147 2357 5202 ET
2393 5146 2627 5203 NOTAE.

550 5300 664 5372 (50)
697 5298 1007 5372 Ed._Paris.
1036 5300 1170 5354 ὅπου
1209 5300 1269 5372 δὲ
1299 5298 1549 5372 βασιλεὺς
1586 5300 1847 5372 ἀμυνάτω
1883 5302 2045 5371 αὐτή.

480 5370 780 5440 Sequimur
808 5370 1092 5425 lectionem
1125 5371 1328 5426 codicis
1366 5370 1633 5426 Vaticani.
1657 5371 1816 5426 Eon.

549 5443 666 5512 (51)
695 5441 799 5495 Pro
824 5441 1208 5512 transcendet;
1260 5442 1401 5512 idem
1450 5441 1633 5512 habet
1671 5441 2053 5512 ἐγχειρισθείς.

477 5510 638 5567 Vers.
670 5526 786 5580 seq.
825 5510 1114 5580 ἐκούφισεν
1142 5518 1303 5580 auget
1347 5511 1398 5564 in
1441 5510 1799 5577 ἐπεκούφισεν
1826 5510 1882 5565 et
1911 5527 2055 5567 vers.
2096 5550 2099 5553 λ

480 5582 609 5654 inde
627 5582 664 5654 f2
689 5596 791 5654 pro
813 5580 1076 5654 ἐϐέϐλητο
1115 5582 1303 5654 scribit
1334 5580 1911 5654 ἐμϐέϐληταηΡοεεΙΝ.

2158 5580 2372 5637 manum
2406 5580 2598 5640 salutis
2647 5580 2878 5654 prribere
2930 5580 3310 5641 Hebraismum
3348 5580 3501 5654 sapit.
3546 5581 3722 5635 Enr.

553 5652 671 5724 (52)
712 5649 828 5724 Τῆς
859 5653 1083 5724 οικείας
1113 5650 1342 5724 δείξας.
1364 5649 1591 5724 Videtur
1618 5650 2043 5724 aliquodnomer

2233 5655 2346 5721 (55)
2381 5656 2515 5710 Cod.
2546 5649 2668 5710 Vat.
2698 5655 2744 5708 ὢ
2782 5666 2951 5710 mutat
2987 5658 3037 5708 in
3064 5656 3161 5717 ὡς,
3184 5665 3241 5709 et
3255 5649 3519 5724 vers.
3543 5666 3729 5721 σημη-

483 5721 1107 5798 substantivumdeesse,
1132 5723 1215 5775 cui
1242 5720 1775 5798 adjicijtur-oixefaq,
1796 5722 1896 5798 nisi
1920 5724 2043 5798 forti

2167 5720 2407 5797 ναμένης
2438 5737 2595 5797 auget
2630 5728 2681 5780 in
2705 5744 3049 5798 κατασημην.
3097 5726 3308 5781 Possm.

484 5804 583 5857 pro
614 5806 680 5845 eo
716 5790 997 5859 legendum
1037 5792 1355 5855 ἐπιεικείας.
1385 5791 1549 5847 Rt'r'r.
1579 5819 1646 5831 ——
1679 5792 1822 5848 Inter
1851 5791 2057 5853 οἰκείας

2156 5314 2210 5361 et
2230 5304 2410 5369 δείξας
2440 5306 2563 5361 cod.
2590 5305 2713 5360 Vat.
2744 5305 2937 5361 inserit
2967 5304 3264 5370 εὐγενείας.
3293 5304 3508 5361 Possm.

2231 5376 2368 5448 (55)_
2383 5376 2510 5430 Post
2538 5375 2821 5448 πραότητα
2848 5376 2971 5431 cod.
3020 5373 3161 5431 Vat.‘
3198 5376 3350 5430 addit
3391 5376 3485 5428 καὶ
3519 5372 3721 5443 ἡμερό-

2157 5462 2318 5515 τητα.
2345 5445 2554 5500 Possm.

2231 5516 2344 5584 (54)
2366 5517 2542 5584 Χεῖρα
2584 5516 2900 5583 σωτηρίας.
2933 5516 2995 5569 F.
3034 5514 3246 5581 legend.
3278 5516 3574 5584 σωτήριονέ
3588 5511 3727 5564 lllnd
