3886 6420
371 316 505 377 1147
1595 310 1655 370 8ο
1692 308 1905 370 ΙΞῘΒΟΪ

2132 306 2463 368 LUSIOTIE
3508 291 3666 357 1148

369 420 664 475 imminutae
689 418 985 486 maiestatis
1003 418 1305 483 subierunt,
1334 434 1439 472 nou
1471 416 1541 471 ob
1572 418 1735 473 verba
1763 419 1902 472 dicta

2139 436 2166 481 ς
2209 418 2327 481 ἑνὸς
2364 415 2571 487 πατρὸς
2606 414 2836 478 παῖδας,
2881 412 2974 467 τὸν
3024 411 3125 483 μὲν
3172 407 3506 464 ἀκούσαντα
3531 446 3553 472 ,
3585 406 3673 467 είς

369 531 493 583 que,
516 514 610 568 sed
650 513 719 566 ob
767 511 909 566 facta
955 512 1434 566 animadvertunt:
1476 512 1726 565 Christus
1763 520 1903 564 autet

2185 509 2487 579 ἀμπελῶνα
2527 506 2811 568 ἀπελθεῖν.
2849 505 2943 559 καὶ
2984 503 3355 576 ἐργάσασθαι,
3401 497 3680 567 ὑποσχό-

368 624 494 661 cum
536 610 672 664 duos
704 608 862 662 unius
890 605 1060 676 patris
1106 604 1246 658 filios
1284 604 1677 672 proposuisset,
1712 617 1902 671 quorut

2142 618 2219 653 Ιιον
2257 599 2375 669 μὲν,
2405 598 2483 670 μὴ
2502 596 2882 669 ἀπεληλυθότα
2900 594 2991 659 δὲ,
3012 592 3315 664 ἐμέμψατο·
3350 590 3448 642 τὸν
3487 588 3560 640 δὲ
3592 587 3676 656 μὴ

372 711 560 762 unum,
582 714 704 752 cum
733 697 1028 751 audivisset
1062 695 1397 764 (mandatum
1429 694 1738 761 paternum)
1769 694 1821 747 in
1865 693 1906 746 vi

2141 693 2523 762 ιγγειλάμενον
2561 690 2712 761 (75),
2763 686 3141 759 ἐργασάμενον
3175 683 3268 746 δὲ,
3312 682 3675 746 ἀπεδέξατο.

373 807 529 845 neam
577 792 907 858 abeundum,
953 800 1009 844 et
1056 790 1128 845 ibi
1163 804 1301 860 opus
1343 789 1648 842 faciendum
1679 802 1823 853 esse,
1854 804 1906 857 qi

2162 784 2271 855 γὰρ
2299 784 2412 845 τοῖς
2451 782 2692 852 ῥήμασιν
2729 779 2787 831 αἱ
2815 777 3032 848 γνῶμαι
3051 816 3069 843 ,
3102 775 3215 835 τοῖς
3240 773 3308 860 δὲ-
3326 771 3672 860 δρωμένοις

371 882 698 953 promiserat
730 883 949 951 quidem
978 898 1037 938 se
1068 883 1289 946 iturum,
1320 897 1425 935 non
1482 890 1662 936 tamen
1698 881 1815 946 ivit,
1860 896 1905 934 rt

2142 892 2273 929 εινον
2306 872 2599 945 κρίνονται.
2634 868 2782 934 Οἷον,
2804 868 2937 922 Θεὸν
2956 865 3237 938 ὁμολογεῖς
3268 858 3435 917 εἶναι·
3464 859 3676 953 καλῷ-ς

371 975 658 1043 prehendit
688 992 705 1029 :
739 976 967 1029 alterum
1000 987 1200 1039 autem,
1226 973 1319 1043 qui
1342 989 1449 1027 non
1482 971 1823 1041 promiserat,
1851 985 1905 1026 se

2141 984 2153 1018 ρ
2182 964 2318 1034 ἔφης
2340 977 2355 992 ’
2387 962 2504 1015 ἔστι
2534 961 2664 1031 γάρ.
2709 959 2872 1013 Ἀλλά
2910 956 3105 1029 μικρὸν
3137 957 3167 1009 ὁ
3193 954 3353 1022 λόγος
3376 993 3394 1018 ,
3432 951 3532 1022 μὴ
3564 951 3675 1043 τῆς

373 1075 551 1120 tamen
582 1081 717 1136 opus
737 1065 885 1132 fecit,
914 1042 1253 1135 approbavit.
1276 1063 1393 1119 Non
1440 1064 1584 1119 enim
1616 1063 1796 1119 verbis
1832 1076 1907 1117 me

2142 1057 2161 1110 5
2210 1056 2318 1109 τῶν
2372 1054 2550 1125 ἔργων
2575 1050 2905 1144 μαρτυρίας
2957 1046 3287 1144 προσούσης.
3353 1044 3502 1097 Ἐἀν

372 1158 499 1223 lius,
532 1174 695 1228 quam
734 1159 894 1213 factis
923 1158 1205 1212 sententia:
1248 1158 1550 1211 animorum
1589 1156 1906 1210 aestimantul

2139 1148 2186 1199 5ν
2225 1142 2503 1216 ὁμολογῶν
2547 1136 2720 1207 εἴναι,
2760 1140 3007 1212 πράττῃς
3046 1138 3191 1207 άπερ
3227 1135 3294 1190 ἄν
3329 1151 3427 1228 τις

375 1249 534 1305 Verbi
552 1222 759 1320 vgratia,
787 1251 954 1307 Deum
979 1265 1099 1304 esse
1114 1249 1413 1304 conﬁteris.
1448 1247 1617 1302 Recte
1644 1256 1698 1300 tu
1727 1246 1909 1316 quidet

2140 1238 2250 1290 νοῶν
2283 1236 2358 1306 μὴ
2406 1231 2548 1289 εἶναι
2579 1233 2735 1299 Θεὸν,
2771 1232 2891 1295 πῶς
2936 1229 3000 1284 οὐ
3048 1229 3108 1283 τὸ
3145 1228 3304 1299 ἔργον
3334 1222 3577 1332 ἐλέγξει
3601 1222 3674 1332 Ξὸ

372 1315 592 1396 dixisti:
631 1341 725 1395 Est
750 1340 892 1394 enim
931 1354 1119 1394 revera
1163 1338 1322 1394 Deus.
1367 1338 1473 1393 Sed
1502 1315 1756 1406 exiguum
1782 1334 1906 1403 quid

2143 1348 2229 1400 aa,
2260 1330 2354 1383 καὶ
2376 1330 2404 1381 ό
2423 1327 2625 1399 τρόπος
2654 1322 3080 1396 παραγράφεται
3107 1320 3201 1374 τὸν
3227 1318 3429 1387 λόγονς
3466 1315 3565 1368 Δι’
3593 1315 3677 1368 ὧν

372 1430 495 1484 dam
531 1439 614 1485 est
663 1430 861 1497 oratio,
908 1430 1009 1483 nisi
1043 1430 1111 1483 ab
1158 1429 1410 1498 operibus
1450 1405 1675 1483 accedat
1706 1427 1906 1481 testimt

2144 1438 2232 1474 νυν
2286 1418 2571 1488 πράττεις,
2625 1413 2878 1485 ὁμολόγει
2914 1410 3046 1467 Θεὸν
3086 1406 3261 1465 εῖναι’
3296 1409 3397 1462 καὶ
3430 1408 3463 1461 ὀ
3498 1405 3678 1498 λόγος

372 1524 544 1577 nium.
605 1521 738 1576 Nam
778 1522 824 1577 si
872 1523 1037 1577 Deum
1088 1521 1269 1576 verbis
1320 1519 1616 1589 professus,
1660 1534 1722 1573 ea
1772 1527 1906 1572 tame

2143 1513 2201 1564 .6
2238 1510 2440 1581 τρόπος
2476 1506 2636 1562 τοῦτο
2660 1504 2941 1578 κηρύττῃ,
2984 1503 3079 1556 καὶ
3102 1504 3153 1557 οἱ
3188 1502 3499 1562 ἀκούοντες
3536 1496 3677 1589 etsi;-

372 1615 565 1679 facias,
602 1629 722 1683 qua:
752 1614 875 1685 quis
902 1614 1109 1680 fecerit,
1145 1614 1233 1680 qui
1279 1587 1480 1681 cogitet
1539 1612 1703 1664 Deum
1741 1608 1906 1662 nullut

2144 1621 2274 1657 νται·
2307 1601 2403 1654 ἐὰν
2441 1600 2498 1654 δὲ
2536 1599 2664 1670 ἄχρι
2697 1597 2790 1651 τοῦ
2833 1596 2991 1664 λόγου
3031 1594 3260 1665 σταίης,
3301 1589 3441 1661 περὶ
3609 1587 3678 1641 τὸ

371 1720 516 1770 esse,
547 1704 837 1774 quomodo,
859 1720 1065 1775 quasso,
1096 1720 1199 1758 non
1251 1704 1422 1772 ipsum
1474 1718 1609 1772 opus
1664 1702 1905 1769 redargm

2138 1698 2315 1751 ἀττειν
2341 1694 2401 1750 τὸ
2426 1693 2545 1748 δέον
2574 1693 2688 1763 (74)
2734 1686 3057 1760 ὀλιγωροίης
3081 1703 3099 1721 ο
3147 1687 3211 1742 οὐ
3246 1684 3417 1758 χωρῶ
3465 1682 3672 1751 λόγον,

371 1800 596 1861 dictum,
619 1808 675 1853 et
706 1813 903 1861 mores,
941 1797 1191 1851 falsitatis
1223 1797 1546 1851 convincent
1582 1796 1881 1849 orationem

2138 1806 2197 1852 ῖις
2216 1829 2230 1854 ,
2264 1788 2393 1842 ἀνευ
2422 1783 2518 1839 τοῦ
2550 1785 2723 1837 ποιεῖν
2753 1797 2815 1834 σε
2864 1778 2901 1835 ἀ
2940 1778 3245 1851 προσήκει,
3274 1775 3672 1845 δυνηθήσεται

371 1889 549 1956 Quare
579 1904 674 1958 per
705 1904 767 1943 ea
799 1905 920 1960 qua:
946 1888 1101 1952 facis,
1136 1890 1299 1942 Deum
1334 1903 1454 1943 esse
1483 1887 1759 1958 proﬁtere,
1805 1896 1905 1942 ιιι(

1219 1904 1299 1941 um
1334 1903 1454 1943 esse
1483 1887 1759 1958 proﬁtere,
1805 1896 1868 1942 ut
1892 1893 1947 1939 et
2053 1884 2180 1944 τοὺς
2210 1878 2513 1940 ἀκούοντας
2544 1877 2753 1930 πεῖσαι.

372 2000 557 2041 sermo
587 1995 642 2039 et
674 2000 852 2040 mores
872 1985 975 2039 hoc
1004 1984 1317 2052 praedicent,
1344 1994 1400 2039 et
1425 1983 1514 2054 qui
1534 1983 1782 2048 audiunt,
1845 1981 2296 2050 persuadeantur.
2329 1976 2482 2043 Quod
2511 1976 2556 2030 si
2613 1987 2783 2043 usque
2843 1971 2909 2025 ad
2963 1968 3266 2025 orationem
3304 1964 3673 2021 coustiteris,

372 2080 602 2135 actionis
641 2088 820 2133 autem
864 2089 918 2132 et
949 2078 1111 2131 ofﬁcii
1157 2094 1377 2148 parvam
1421 2078 1662 2144 duxeris,
1689 2080 1937 2150 equidem
1976 2092 2081 2133 non
2112 2076 2270 2146 capio
2327 2073 2791 2139 orationcm,qu:e
2812 2068 3018 2136 absque
3084 2071 3175 2118 tua
3205 2059 3511 2119 eﬂectione
3540 2058 3674 2125 ejus

371 2173 514 2243 quod
540 2174 745 2243 deceat,
787 2173 1128 2228 auditoribus
1150 2174 1318 2242 possit
1341 2174 1694 2244 persuadere.

832 2308 1120 2365 LXXXVI.
1147 2339 1216 2353 -
1245 2309 1497 2368 PAULO.
1912 2288 1915 2291 ⁷

1912 2288 1915 2291 ’
2575 2304 2716 2371 [ις’.
2753 2332 2828 2342 -
2864 2300 3118 2376 mmo.

374 2420 441 2476 In
470 2421 623 2489 illud,
652 2441 673 2475 ε
716 2421 941 2479 Oculum
963 2442 1057 2488 pro
1086 2426 1258 2491 oculo,
1291 2445 1310 2478 ι
1342 2436 1390 2479 ct
1434 2442 1549 2495 qua:
1579 2425 1901 2497 sequuntur‘l

2138 2422 2270 2488 :zd,
2317 2439 2336 2472 ι
2384 2418 2727 2490 Ὀφθαλμὸν
2746 2415 2905 2551 gitti
2949 2415 3302 2485 ὀφθαλμοῦ,
3352 2432 3372 2466 ι
3426 2412 3539 2467 καὶ
3596 2412 3672 2466 τὰ

2819 2505 2913 2554 ης-

447 2603 623 2673 Prope
650 2612 755 2673 est,
790 2606 1103 2675 utignores,
1136 2606 1299 2661 etiam
1334 2607 1421 2660 illa
1453 2606 1584 2675 legis
1607 2608 1804 2675 capita,
1834 2620 1952 2674 qua:

2131 2606 2468 2667 Κινδυνεύεις
2519 2602 2753 2670 ἀγνοεῖν,
2800 2600 2884 2653 ὅτι
2931 2598 3028 2652 καὶ
3070 2597 3140 2650 τά
3176 2594 3445 2651 δοκοῦντα
3506 2590 3665 2647 εἶναι

375 2696 715 2752 crudelitatis
738 2697 891 2766 plena
915 2712 1035 2753 esse
1063 2698 1332 2763 videntur,
1365 2698 1749 2751 humanitatem
1787 2706 1909 2766 atqu

2137 2699 2397 2769 άνθρωπα
2439 2694 2533 2749 τοῦ
2566 2693 2755 2763 νόμου,
2786 2686 3103 2762 ἡμερότητα
3144 2689 3285 2740 πνεῖ·
3323 2686 3389 2738 τὸ
3417 2687 3539 2755 γὰρ
3573 2703 3670 2737 νε-

375 2789 849 2843 mansuetudinem
879 2790 1107 2858 spirare.
1136 2788 1269 2842 Nam
1292 2791 1433 2859 quod
1461 2789 1575 2857 lege
1603 2798 1819 2841 cautum
1845 2805 1902 2843 es

2135 2788 2471 2860 ιοθετῆσθαι·
2512 2805 2531 2838 ι
2588 2783 2897 2855 Ὀφθαλμὸν
2937 2782 3059 2835 ἀντὶ
3101 2780 3382 2850 ὀφθαλμοῦ
3432 2798 3451 2830 ι
3493 2781 3669 2831 ἐκκο-

374 2887 434 2932 υι
484 2878 672 2932 oculus
703 2894 800 2946 pro
838 2879 996 2933 oculo
1048 2878 1387 2945 excludatur,
1448 2896 1550 2932 non
1589 2890 1673 2931 est
1708 2880 1908 2932 crudeb

2131 2876 2532 2949 πτεσθαι(75).
2582 2876 2683 2928 οὐκ
2725 2873 2877 2945 ὠμὸν
2920 2873 3017 2926 καὶ
3066 2872 3456 2943 ἀπάνθρωπον,
3512 2871 3665 2924 ἀλλά

376 2970 845 3038 nequeimmane;
884 2970 974 3024 sed
1000 2970 1266 3038 siquidem
1320 2970 1366 3023 is
1401 2985 1616 3033 sensus,
1646 2971 1737 3038 qui
1778 2971 1910 3039 prim

2131 2971 2396 3039 εαιοσύνης
2428 2970 2526 3038 μὲν
2554 2968 2717 3037 γέμει
2756 2968 2822 3019 ὲκ
2849 2963 2944 3019 τοῦ
2969 2964 3261 3035 προχείρου
3288 2963 3665 3033 λαμϐανόμε-

376 3059 555 3114 fronte
579 3072 822 3131 apparet,
854 3061 1187 3130 accipiatur,
1235 3063 1443 3132 justitia
1490 3063 1707 3130 plemuu
1758 3072 1875 3127 est;
1908 3085 1910 3111 ι

2127 3081 2164 3117 ν·
2199 3062 2486 3132 νοούμενον
2515 3060 2592 3122 δὲ,
2623 3060 2715 3111 καὶ
2753 3054 3185 3127 φιλανθρωπίας,
3214 3053 3292 3116 ὡς
3319 3052 3487 3121 ἔφην.
3529 3053 3661 3105 Ἵνα

377 3166 507 3206 vero
535 3153 758 3208 interior
779 3169 972 3209 sensus
996 3157 1350 3225 expendatur,
1385 3156 1548 3209 etiam
1600 3156 1911 3209 bumanitau

2135 3174 2166 3227 ρ
2193 3154 2270 3225 τῷ
2300 3154 2453 3225 φόϐῳ
2479 3152 2574 3207 τοῦ
2621 3151 2816 3205 παθεῖν
2844 3149 2935 3202 τὸν
2975 3148 3235 3219 μέλλοντα
3270 3147 3407 3217 δρᾷν
3434 3163 3667 3217 cuppa-

381 3254 439 3296 ut
473 3245 707 3311 aiebam,
761 3244 1017 3299 refertum
1060 3256 1167 3300 est.
1197 3245 1331 3300 Nam
1377 3256 1434 3299 ut
1479 3261 1624 3310 cum,
1676 3246 1767 3316 qui
1800 3247 1915 3298 alte]

2134 3262 2212 3317 m,
2244 3245 2336 3298 καὶ
2365 3242 2657 3314 ἀναστείλῃ
2688 3240 2785 3313 τὴν
2815 3239 3014 3294 κακίαν
3039 3238 3176 3313 (76),
3214 3237 3376 3293 τοῦτο
3422 3237 3668 3300 εἰκότως

380 3337 509 3403 quid
568 3337 750 3405 inique
800 3335 981 3392 facere
1011 3339 1323 3401 meditatur,
1352 3347 1666 3407 compescat
1698 3348 1842 3391 metu
1878 3337 1914 3391 si

903 3353 981 3392 :re
1011 3339 1323 3401 meditatur,
1352 3347 1666 3407 compescat
1698 3348 1842 3391 metu
1878 3337 1954 3391 si-
2062 3337 2437 3410 διηγόρευσεν.

383 3428 527 3479 milis
579 3429 966 3496 perpessionis.
1022 3440 1076 3483 et
1118 3431 1190 3482 ita
1222 3430 1622 3499 improbitatem
1674 3431 1953 3499 reprimat,

383 3513 506 3568 ideo
531 3516 631 3569 ltoc
655 3517 780 3586 jure
819 3517 1118 3586 meritoque
1148 3518 1219 3571 ita
1243 3518 1497 3571 saucivit.

1989 3562 2037 3623 C

715 3628 1024 3684 LXXXVII.
1051 3658 1119 3671 —
1154 3629 1614 3686 PANELLENIO.

2482 3630 2607 3687 IIZ'.
2648 3664 2717 3675 —
2754 3631 3231 3702 ΠΔΝΕΛΔΗΝῙῼ.

384 3741 468 3796 Ex-
501 3741 592 3794 lib.
625 3745 713 3806 qui
744 3743 957 3796 Exodus
992 3744 1334 3797 inscribitur:
1357 3761 1375 3793 ι
1410 3742 1561 3814 Petet
1600 3744 1918 3814 unusquisqu

2132 3742 2182 3810 ic
2212 3740 2479 3814 Ἐξόδου.
2508 3760 2530 3814 ι
2550 3739 2889 3814 Αὶτήρνασρε
2911 3739 3167 3814 ἕκαςτος
3183 3736 3346 3814 arqu
3363 3739 3471 3814 τρῦ
3499 3741 3666 3814 34η-

562 3830 593 3865 a
621 3813 787 3866 vicino
822 3830 943 3866 uasa
972 3823 1219 3884 argentea
1257 3822 1305 3867 et
1334 3829 1495 3866 aurea
1517 3813 1586 3882 ⁸⁸,
1620 3832 1639 3865 ι
1681 3807 1784 3869 etc.
1865 3807 1876 3814 ’

2130 3807 2273 3867 οἱον
2286 3813 2477 3879 σκεύη
2499 3808 2725 3881 ἀργυρᾶ
2742 3809 2841 3864 καὶ
2858 3808 3080 3879 χρυσᾶ,
3112 3827 3133 3861 ι
3159 3807 3259 3862 καὶ
3288 3808 3361 3861 τὰ
3381 3809 3603 3863 λοιπά.

456 3928 589 3983 Illud
623 3928 799 3997 ipsum
817 3943 1050 3997 quoque,
1081 3929 1222 3996 quod
1252 3927 1522 3995 objectum
1549 3927 1630 3983 ais
1659 3928 1753 3983 tibi
1796 3928 1961 3982 fuisse

2140 3923 2248 3975 Καὶ
2270 3923 2423 3986 αἰτὸ,
2455 3922 2485 3976 ὃ
2518 3921 2622 3993 φὴς
2650 3920 3054 3994 προϐεϐλῆσθαι
3078 3921 3172 3974 τὸν
3202 3920 3341 3993 πρὸς
3371 3920 3433 3972 σὲ
3472 3920 3656 3973 διενε-

390 4018 458 4072 ab
490 4017 582 4072 illo
608 4018 697 4086 qui
731 4026 908 4072 tecum
938 4018 1253 4086 disputavit,
1285 4032 1551 4071 summam
1594 4019 1765 4086 spirat
1804 4019 1924 4088 justi

2126 4015 2287 4077 ιέντα,
2327 4012 2675 4083 δικαιοσύνης
2714 4014 3026 4084 ἀκροτάτης
3066 4014 3211 4065 πνεῖ.
3281 4011 3507 4080 Ἐπειδὴ
3540 4011 3660 4079 γάρ

392 4107 544 4159 tiam.
590 4107 728 4173 Quia
770 4106 912 4161 enim
946 4104 1184 4176 Egyptii
1232 4105 1468 4160 Hebrmis
1518 4104 1678 4175 longo
1723 4114 1926 4172 tcmpor

2128 4108 2177 4169 i;
2206 4105 2479 4175 Ἑϐραίοις
2511 4105 2622 4175 (77)
2656 4105 2866 4176 μακρὸν
2904 4105 3254 4160 δουλεύσασιν
3274 4104 3325 4157 οἱ
3362 4103 3662 4173 Αἰγύπτιοι

390 4200 757 4254 servientibus
788 4199 987 4253 nullam
1013 4198 1359 4254 reddiderunt
1402 4198 1731 4260 mercedem,
1763 4197 1924 4251 idcirc

2127 4199 2259 4252 ιόνον
2310 4199 2403 4252 τὸν
2448 4199 2640 4269 μισθὸν
2686 4198 2787 4252 οὐκ
2834 4198 3126 4265 ἀπέδοσαν,
3175 4197 3406 4259 ἄκοντας
3454 4196 3661 4257 αὐτοὺς

394 4288 516 4343 fons
558 4289 787 4358 iustitiae
834 4287 1036 4353 eliecit,
1098 4297 1156 4341 ut
1193 4303 1253 4343 ea
1289 4290 1356 4342 ab
1406 4287 1590 4342 invitis
1634 4288 1928 4356 exigeretm

2124 4289 2466 4361 σπραχθῆναι
2488 4289 2900 4361 παρεσκεύασεν
2922 4290 2955 4361 ἡ
2978 4289 3075 4360 τῆς
3099 4287 3445 4358 δικαιοσύνης
3466 4286 3653 4356 πηγή.

400 4400 419 4431 ι
459 4380 771 4450 Propterea,
806 4380 1002 4450 inquit,
1027 4380 1395 4450 unusquisque
1425 4380 1770 4434 commodato
1791 4393 1934 4434 sums

2128 4380 2171 4433 ,ἀ
2196 4379 2362 4446 τοῦτ’,
2380 4378 2507 4451 ἔφη,
2531 4379 2829 4452 χρησάσθω
2851 4378 3083 4444 ἕκαστος
3110 4379 3262 4453 παρὰ
3284 4377 3387 4449 τῆς
3407 4375 3662 4447 γείτονος

474 4576 519 4607 ⁶¹
545 4574 715 4630 Exod.
746 4592 863 4641 XX],
887 4577 973 4632 2i.
1054 4576 1101 4608 “
1130 4576 1302 4631 Exod.
1336 4592 1421 4640 ιιι,
1460 4575 1553 4629 22.

1489 4771 1725 4830 VARl/E
1762 4771 2146 4830 LECTIONES
2184 4773 2272 4829 ET
2313 4772 2543 4831 NOTAE.

398 4980 501 5035 ctis
527 4976 927 5034 committitur:
953 4974 1117 5034 facta,
1144 4972 1388 5043 inquam,
1412 4974 1501 5029 hic
1521 4975 1838 5043 puniuntur,
1864 4990 1968 5028 non
2000 4983 2048 5043 ι)
2076 4974 2221 5029 inter
2249 4969 2389 5027 εἶναι
2419 4980 2475 5029 et
2497 4974 2591 5027 mi
2624 4972 2763 5028 idem
2798 4975 2987 5031 inserit
3018 4975 3129 5030 ἵνα.
3165 4974 3380 5035 Possm.

398 5049 584 5103 verba.
634 5046 756 5101 Vid.
792 5046 827 5099 I.
867 5045 1043 5114 unica.
1071 5044 1132 5099 C.
1174 5044 1237 5099 Si
1274 5047 1392 5113 quis
1441 5046 1749 5114 imperatori
1798 5046 1932 5098 male

1870 5046 1970 5098 tle-
2145 5044 2258 5114 (74)
2291 5045 2434 5114 idem
2468 5046 2529 5114 τὸ
2553 5043 2859 5114 δέονται-ιιι
2898 5046 2951 5099 in
2985 5045 3055 5098 τά
3083 5045 3290 5103 δέοντα.
3322 5052 3404 5102 In.

398 5120 614 5174 dixerit.
655 5116 872 5188 Cornel.
915 5113 1135 5188 Tacitus
1171 5115 1263 5168 lib.
1289 5112 1312 5169 ⁷ι
1347 5112 1540 5188 Annal.
1587 5118 1653 5169 de
1700 5114 1921 5188 Tiberio

2144 5112 2259 5188 (75)
2287 5113 2422 5188 God.
2476 5112 2592 5188 κίοι.
2634 5113 2742 5167 650
2783 5130 2879 5183 pro
2917 5115 3353 5188 ἐκκολάπτεσθαι
3410 5122 3655 5188 suggerit

405 5210 424 5241 ι
461 5189 658 5258 Legem
684 5184 984 5258 maiestatis
1028 5186 1342 5258 reduxerat,
1372 5186 1457 5237 cui
1487 5200 1679 5258 nomen
1709 5186 1848 5258 apud
1882 5201 1939 5258 ve

2077 5182 2465 5258 engaged.
2496 5182 2866 5258 νοτες-θυεερ.
2925 5185 3003 5254 τῷ
3056 5197 3229 5258 mutat
3270 5189 3323 5241 in
3361 5189 3443 5241 τό.
3472 5182 3540 5243 In:

404 5252 720 5313 teres'idem
748 5252 883 5323 {sed
910 5255 1013 5307 alia
1050 5256 1101 5307 in
1132 5253 1393 5320 judicium
1425 5252 1816 5316 veniebant,'si
1851 5257 1973 5322 quis
2151 5255 2261 5317 (76)
2295 5253 2557 5324 Similiter
2580 5252 2771 5324 Isidor.
2797 5252 2984 5309 noster
3020 5270 3107 5324 ep.
3141 5256 3246 5311 155
3272 5259 3365 5312 lib.
3402 5275 3438 5311 ιι
3463 5271 3514 5311 et
3548 5260 3654 5314 inf.

404 5325 1054 5400 proditioneexercitum,
1100 5325 1428 5400 autplebcm
1480 5326 1852 5400 seditionibus“,
1881 5328 1938 5378 de

2123 5342 2164 5391 ῃ.
2195 5324 2327 5400 ευρ,
2353 5325 2413 5375 ἐν
2450 5323 2531 5400 τῷ
2559 5322 2709 5400 φόϐῳ
2739 5324 2835 5400 τοῦ
2871 5324 2946 5395 μὴ
2985 5322 3067 5378 τά
3090 5327 3235 5380 αὐτὰ
3283 5328 3479 5381 παθεῖν
3525 5346 3657 5400 προ-

409 5393 572 5467 itique
615 5394 758 5451 male
799 5403 949 5467 gesta
995 5395 1271 5467 republica
1299 5394 1636 5467 maiestatem
1664 5410 1790 5465 pop.
1818 5395 1943 5449 Rom

1401 5405 1636 5467 lestateut
1664 5410 1790 5465 pop.
1818 5395 1977 5449 Rom.
2077 5394 2421 5467 ἀναστέλλων
2446 5394 2723 5467 τὸῇκακόν.
2775 5393 2935 5467 Ιξιττ.

411 5461 726 5529 minuisset,
805 5461 955 5520 iacta
1033 5461 1441 5535 arguebantur,
1526 5461 1684 5520 dicta'
1739 5461 1941 5535 impun

2148 5463 2263 5534 (77)
2300 5461 2684 5535 ’Eaudhrc'gp
2721 5462 2847 5529 τοῖς
2882 5465 3191 5535 Ἑϐραίοις.
3222 5466 3426 5523 Confer
3456 5466 3649 5523 Isidor.

407 5546 582 5591 erant.
620 5555 640 5588 ι
677 5535 846 5588 Rm.
1118 5533 1127 5535 ’
1837 5533 1851 5535 ⁷
2078 5533 2173 5588 lib.
2207 5549 2224 5585 ι
2254 5536 2421 5601 epist.
2460 5533 2588 5587 196.
2619 5533 2712 5588 Sic
2748 5544 2805 5587 et
2844 5534 2936 5588 alii
2976 5536 3076 5588 SS.
3122 5536 3316 5593 Patres
3360 5547 3647 5597 excusant.

480 5605 593 5675 (75)
626 5605 777 5677 God:
802 5603 928 5657 Vat.
962 5612 1086 5677 post
1138 5605 1621 5677 ἐπαγγειλάμενος
1658 5604 1808 5677 addit
1856 5607 1981 5677 μέν.

2122 5619 2187 5677 uo
2213 5605 2418 5677 justum
2449 5604 2800 5677 pronuntiant
2835 5604 2963 5660 illud
2991 5604 3221 5663 Hebraeo
3240 5623 3357 5663 rum
3386 5609 3452 5662 ab
3477 5604 3656 5677 Egy-

412 5671 719 5744 \'ers.‘post
746 5675 801 5738 5,
833 5671 1028 5743 μικρὸν
1050 5684 1222 5729 mutat
1246 5671 1305 5729 in
1332 5671 1545 5746 μικρός.
1581 5674 1732 5732 Vers.
1769 5671 1890 5732 inde
1926 5679 1946 5733 ἓ

1332 5671 1545 5746 μικρός.
1581 5674 1732 5732 Vers.
1769 5671 1890 5732 inde
1926 5679 1978 5739 5,
2079 5675 2204 5744 ptiis
2235 5673 2468 5727 ablatum
2494 5674 2746 5742 spolium.
2776 5671 2857 5728 ID.
