3886 6420
175 380 290 447 1149
1083 379 1617 443 EPISTOLARUM
1663 383 1811 443 LIB.
1847 384 1947 445 IV.
1987 408 2058 420 -
2102 383 2340 444 EPIST.
2370 383 2489 443 XC.
3252 378 3389 446 115')

171 490 310 547 αὑτοῦ
347 487 440 542 καὶ
482 488 750 540 συσκίνου
782 486 951 559 σκεύη
973 490 1192 560 ἀργυρᾶ
1220 492 1314 544 καὶ
1360 493 1560 561 χρυσᾶ.
1603 510 1621 541 ι
1646 492 1707 544 El

1812 507 1841 545 a
1860 492 2035 546 vicina
2057 507 2154 547 sua
2198 501 2253 546 et
2282 490 2657 545 contubernali
2672 505 2798 546 vasa
2819 500 3074 561 argentea
3091 501 3142 546 et
3166 507 3348 548 aurea.
3363 513 3383 545 ι

174 585 256 655 μὲν
291 581 392 652 γὰρ
424 580 498 650 μὴ
536 579 849 633 δουλεύσασι
883 580 1044 634 τοῦτο
1085 583 1434 653 προσέταξεν,
1481 584 1611 645 ἴσως
1642 584 1709 637 ἀν

1808 584 1943 638 Nam
1979 583 2023 638 si
2050 584 2267 652 quidem
2296 584 2346 636 id
2378 584 2725 652 pra‘cepisset
2769 584 2938 652 (Deus
2968 583 3231 654 Hebraeis)
3265 600 3387 637 eum

169 692 236 737 τις
256 673 425 729 ἄδικον
446 671 604 725 τοῦτο
631 672 879 741 ἐνόμισεν
901 669 1061 727 εἶναι.
1101 675 1163 725 Ei
1193 675 1251 726 δὲ
1280 676 1405 738 τοὺς
1438 675 1533 744 τὴν
1561 676 1709 727 ἐλευ-

1809 694 1913 731 non
1947 676 2286 736 serviissent.
2318 675 2567 731 fortassis
2600 691 2712 731 rem
2755 677 2892 731 hanc
2917 676 3169 746 injustam
3195 676 3390 744 aliquis

169 764 328 836 θερίαν
352 762 708 834 ἀφελομένους
736 764 1015 835 χρήμασιν
1049 766 1365 833 ἀμύνασθαι
1398 767 1705 831 ἐκέλευσεν,

1807 769 2124 824 existimare
2171 768 2461 837 potuisset.
2517 767 2614 823 Sin
2662 779 2842 822 autem
2888 783 2981 823 eos
3018 769 3105 837 qui
3141 768 3392 821 libertate

169 858 218 909 οὐ
248 856 392 925 μόνον
430 856 505 926 μὴ
547 855 841 926 ἠδικῆσθαι
880 856 1123 921 ἐκείνους
1168 856 1235 911 ἂν
1294 857 1469 925 ἔγωγε
1517 858 1705 927 φαίην,

1811 857 2027 927 spoliati
2078 857 2298 911 fuerant
2358 857 2519 925 jussit
2595 859 2875 913 vindicare
2929 860 3071 913 hanc
3136 858 3390 925 iniuriam

166 946 280 1003 ἀλλά
311 945 438 1017 μηδὲ
464 946 563 1016 τὴν
593 946 713 1016 ίσην
750 948 1021 1018 τιμωρίαν
1071 948 1409 1018 ἀπητῆσθαι·
1450 948 1555 1001 ποῦ
1600 949 1707 1019 γάρ

1814 951 2009 1015 ablatis
2036 951 2306 1020 pecuniis,
2334 952 2586 1021 equidem
2618 951 2738 1007 illos
2776 951 3117 1022 (spoliatores
3164 949 3389 1003 liberta-

169 1038 279 1102 ίσον,
302 1035 591 1106 χρημάτων
619 1034 896 1106 στέρησις,
920 1037 1013 1089 καὶ
1034 1037 1368 1107 ἐλευθερίας,
1393 1038 1532 1109 ὑπὲρ
1553 1034 1620 1109 ἦς
1645 1038 1708 1090 ού

1813 1042 1902 1112 tis)
1927 1059 2029 1097 non
2055 1043 2228 1097 solum
2260 1059 2364 1098 non
2386 1043 2581 1112 injuria
2615 1044 2742 1111 ulla,
2772 1046 2865 1099 sed
2899 1059 2964 1098 ne
2991 1044 3207 1113 quidem
3229 1041 3395 1112 460

170 1127 303 1198 μόνον
327 1126 422 1189 τάς
462 1126 649 1190 οὐσίας
677 1126 985 1198 προΐεσθαι,
1032 1128 1169 1183 ἀλλά
1220 1130 1315 1183 καὶ
1346 1129 1711 1201 ἀποθνήσκειν

1815 1144 1897 1188 sat
1921 1134 2070 1204 gravi
2100 1136 2324 1203 parique
2359 1150 2515 1204 paena
2543 1135 2764 1191 allectos
2790 1134 2959 1190 fuisse
3002 1136 3257 1188 dixerim.
3287 1132 3390 1196 Qui

166 1224 208 1275 ot
230 1220 314 1275 νῦν
337 1220 548 1290 ἔχοντες
581 1220 859 1275 ἐθέλουσιν
876 1237 893 1288 ;

1815 1226 1961 1280 enim
1995 1226 2136 1280 inter
2158 1241 2216 1303 se
2246 1227 2548 1295 comparari
2574 1229 2803 1297 possint,
2845 1227 3195 1295 pecuniarum
3241 1224 3394 1278 abla-

168 1316 248 1382 tio,
274 1324 323 1370 et
354 1315 617 1369 libertatis
642 1315 932 1383 spoliatio?
965 1329 1064 1385 pro
1112 1314 1270 1385 cujus
1297 1316 1711 1371 conservatione
1748 1316 1825 1371 illi
1879 1319 2076 1388 quibus
2109 1332 2205 1374 cor
2243 1320 2405 1389 sapit,
2469 1334 2576 1375 non
2645 1328 2853 1374 tantum
2905 1333 3058 1388 opes,
3088 1317 3182 1372 sed
3229 1316 3393 1371 etiam

169 1410 307 1463 vitam
329 1422 389 1463 ac
408 1408 724 1474 sanguinem
762 1406 1092 1477 profundere
1122 1423 1226 1461 non
1253 1415 1533 1461 recusant.

422 1520 554 1575 HH’.
596 1549 665 1560 —
704 1521 902 1591 ΖΩΙΔῼ
940 1522 1411 1594 ΠΡΕΣΒΥΤΕΡῼ.

2024 1518 2351 1577 LXXXVIII.
2372 1551 2441 1561 —
2471 1520 2676 1575 ZOILO
2705 1518 3188 1576 PRESBYTERO.

719 1612 859 1681 Περὶ
883 1611 1100 1680 λήθης.

2412 1610 2491 1667 De
2514 1610 2790 1666 oblivione.

226 1725 323 1779 Καὶ
344 1726 372 1778 ὁ
410 1723 693 1787 θεσπέσιος
723 1724 934 1788 Παῦλος
954 1763 970 1787 ,
998 1724 1180 1777 καίτοι
1203 1724 1591 1793 πνευματικοῖς
1625 1740 1712 1775 κο-

1891 1721 2009 1792 lpse
2033 1739 2249 1794 quoque
2282 1724 2507 1791 Paulus,
2535 1726 2753 1779 divinus
2785 1725 2875 1780 ille
2903 1725 3008 1789 vir,
3040 1723 3395 1793 quantumvis

175 1818 268 1888 μῶν
296 1815 612 1886 χαρίσμασι,
641 1819 741 1887 τῆς
770 1813 1127 1885 ἀναγνώσεως
1155 1816 1216 1868 ού
1245 1815 1449 1885 μικρὰν
1483 1816 1720 1868 ἐποιεῖτο

1819 1816 2191 1884 spiritualibus
2221 1817 2376 1871 donis
2398 1825 2626 1871 ornatus
2651 1827 2818 1881 esset,
2842 1817 3055 1871 lectioni
3082 1826 3257 1869 tamen
3284 1831 3390 1869 non

173 1907 394 1977 σπουδήν.
420 1907 513 1960 Διὸ
541 1908 635 1960 καὶ
657 1906 734 1977 τῷ
758 1906 1035 1979 θρέμματι
1058 1906 1225 1960 αὑτοῦ
1257 1904 1334 1977 τῷ
1374 1905 1720 1975 περιόλέπτῳ

1821 1922 2041 1975 parvam
2066 1908 2211 1962 dedit
2235 1923 2477 1976 operam.
2508 1908 2873 1974 Quamobrem
2908 1909 3070 1963 etiam
3100 1908 3397 1975 conspicuo

171 2000 367 2071 ἐγραφεο
400 2018 418 2050 ι
448 1998 692 2069 Πρόσεχε
716 2001 782 2069 τῇ
815 1997 1142 2067 ἀναγνώσει.
1182 2018 1201 2050 ι
1227 1997 1410 2050 Δεινὸν
1435 1998 1543 2068 γάρ
1567 1996 1721 2067 μάλι-

1822 1998 1896 2052 illi
1952 2000 2171 2053 alumno
2218 2014 2319 2055 suo
2365 1999 2585 2068 scripsit
2616 2018 2630 2054 :
2665 2017 2685 2052 ι
2739 2000 2969 2054 Attende
3022 2000 3234 2053 lectioni
3268 1998 3335 2053 “.
3371 2016 3390 2049 ι

172 2104 254 2141 στα
263 2087 329 2157 τῷ
342 2086 664 2157 γευσαμένῳ
681 2087 778 2157 τῆς
789 2086 939 2151 θείας
952 2088 1141 2156 σοφίας
1153 2086 1480 2160 ἐστερῆσθαι
1494 2085 1717 2155 ταύτης,

1819 2090 1995 2146 Grave
2022 2093 2167 2145 enim
2216 2101 2380 2162 atque
2407 2092 2665 2146 acerbum
2704 2101 2788 2145 est
2820 2092 2869 2145 ei
2897 2092 2988 2161 qui
3016 2090 3255 2145 divinam
3303 2105 3394 2145 sa-

170 2180 218 2231 οὺ
240 2180 381 2249 μόνον
410 2179 507 2249 τῆς
529 2181 750 2251 μνήμης
766 2178 828 2231 οὐ
857 2180 1311 2251 προσγινομένης,
1344 2180 1483 2235 ἀλλὰ
1511 2180 1719 2249 καὶτῆς

1818 2182 2074 2251 picntiam
2111 2183 2366 2252 gustavit,
2394 2183 2496 2237 hac
2541 2182 2767 2251 privari,
2800 2183 3061 2236 memoria
3091 2197 3194 2235 non
3222 2180 3396 2234 solum

172 2270 488 2342 ὑπαρχούσης
536 2271 681 2343 λήθῃ
724 2271 1094 2343 διολλυμένης.
1142 2273 1291 2343 Α’ύτη
1334 2274 1443 2344 γὰρ
1483 2273 1719 2345 μάλιστα

1818 2274 1964 2328 nulla
2002 2288 2137 2326 nova
2162 2272 2477 2327 accessione
2504 2281 2687 2335 aucta,
2716 2271 2811 2326 sed
2843 2272 3006 2327 etiam
3033 2271 3120 2324 illa
3145 2284 3266 2339 qua:
3300 2268 3399 2321 fuit

174 2362 440 2432 ήδύναμις,
472 2364 523 2415 εί
550 2363 625 2433 μὴ
654 2361 777 2415 καθ’
805 2362 1041 2432 ἐκάστην
1068 2362 1286 2433 ἡμέραν
1317 2362 1715 2432 θεραπεύηται,

1818 2379 1915 2435 per
1945 2363 2272 2419 oblivionem
2318 2364 2628 2419 oblitterata
2678 2378 2741 2417 ac
2775 2373 3057 2433 pereunte.
3101 2361 3225 2415 llaec
3251 2360 3397 2415 enim

170 2452 434 2521 ἀποφοιτᾷν
454 2450 718 2519 πέφυκεν,
739 2450 935 2521 ἀργίας
956 2452 1049 2504 καὶ
1068 2450 1340 2523 ῥᾳθυμίας
1361 2452 1453 2506 καὶ
1467 2452 1717 2522 σκήψεως

1818 2456 2050 2511 facultas
2084 2455 2165 2511 vel
2200 2456 2435 2511 maxime
2469 2471 2579 2524 pra:
2608 2455 2851 2520 creteris,
2903 2454 3008 2509 nisi
3040 2455 3093 2508 in
3139 2455 3254 2508 dies
3286 2453 3400 2508 sin-

172 2542 231 2612 μὴ
253 2542 540 2614 ἀνεχομένη
570 2542 886 2614 (78),Ὂπερ
908 2544 958 2596 oi
994 2545 1183 2596 πολλοὶ
1203 2545 1339 2612 (78⁸)
1376 2543 1715 2611 ἀγνοοῦντες,

1817 2548 1971 2619 gulos
2016 2549 2315 2614 excolatur,
2368 2546 2519 2603 abire
2559 2546 2729 2611 solet,
2760 2545 2989 2615 ignaviae
3032 2553 3087 2599 et
3136 2541 3401 2599 socordiae

172 2635 342 2702 μᾶλλον
365 2635 421 2686 δέ
449 2635 551 2705 τὴν
588 2634 792 2713 οίκείαν
813 2637 1053 2703 ἀμαθίαν
1089 2636 1546 2707 περιστέλλοντες,
1566 2653 1717 2705 κωμ-

1816 2648 1981 2710 atque
2023 2640 2387 2695 cunctationis
2424 2638 2738 2710 impatiens.
2778 2638 2930 2704 Quod
2979 2651 3100 2691 cum
3148 2635 3402 2704 ignorent

170 2725 336 2793 ῳδοῦσι
369 2726 496 2790 τοὺς
523 2726 839 2796 φιλολόγους
878 2729 973 2781 καὶ
1026 2729 1256 2798 σοφοὺς,
1285 2730 1386 2782 οὐκ
1413 2728 1611 2792 εἰδότες
1634 2728 1716 2781 ὅτι

1817 2731 1994 2797 multi,
2035 2744 2098 2784 ac
2139 2731 2316 2799 potius
2369 2745 2523 2786 suam
2562 2730 2851 2783 ruditatem
2887 2727 3126 2791 foveant,
3184 2726 3397 2779 littera-

170 2817 197 2885 ἡ
226 2816 367 2886 σοφία
394 2820 584 2886 σοφοῖς
612 2822 897 2890 φοιτηταῖς
930 2820 1164 2891 μάλιστα
1194 2820 1396 2892 χαίρει.

1817 2836 1937 2873 rum
1969 2818 2241 2874 studiosos
2291 2835 2356 2875 ac
2395 2820 2666 2889 sapientes
2696 2819 2946 2874 derident
2986 2833 3050 2871 ac
3081 2816 3397 2879 traducunt,

1816 2912 2122 2966 nescientes
2151 2912 2470 2981 sapientiam
2502 2909 2843 2980 sapientibus
2862 2908 3145 2978 discipulis
3166 2908 3402 2960 maxime

1817 3004 2072 3071 gaudere.

567 3114 693 3169 nec
738 3145 807 3156 —
844 3083 1120 3187 (“Alng
1152 3116 1289 3186 (79).
1740 3136 1785 3195 ο
2236 3114 2522 3168 LXXXIX.
2580 3144 2626 3153 —
2666 3109 3009 3166 PHILITRO.

177 3206 265 3273 Είς
297 3206 361 3261 τὸ
397 3208 809 3278 τετραμμένον
832 3209 903 3261 ἐν
940 3208 1019 3273 τῷ
1054 3210 1237 3277 νόμῳ,
1278 3228 1297 3260 ι
1341 3209 1580 3278 Πένητα
1606 3210 1720 3263 οὐκ

1828 3207 1893 3262 1η
1936 3208 1991 3260 id
2034 3207 2173 3275 quod
2208 3208 2458 3278 scriptum
2502 3217 2584 3278 gest
2616 3206 2678 3278 in_
2710 3205 2839 3278 lege,
2887 3222 2916 3278 _t
2964 3200 3257 3278 Pauperem
3301 3216 3404 3254 non

580 3263 857 3347 ἓλεήσεις
889 3280 958 3332 ἐν
984 3263 1199 3347 aspici-:1;
1225 3263 1252 3330 ἰ
1487 3263 1501 3278 1

2047 3263 2057 3275 ’
2216 3263 2539 3329 misereberis
2570 3277 2624 3327 in
2650 3263 2857 3344 judicio
2883 3274 2950 3326 ⁸⁵.
2988 3291 3008 3325 ι
3082 3263 3100 3290 ’

229 3392 325 3445 Καὶ
343 3393 440 3463 τῆς
472 3393 792 3456 δυναστείας
814 3392 911 3464 τὴν
941 3393 1264 3464 ἀπληστίαν,
1289 3394 1382 3448 καὶ
1406 3395 1505 3464 τῆς
1530 3394 1720 3459 πενίας

1893 3390 1959 3443 Ει
1985 3391 2234 3457 potentiae
2266 3388 2641 3459 inexplebilem
2679 3387 3066 3457 cupiditatem,
3091 3392 3145 3437 et
3170 3398 3404 3453 panper-

172 3483 254 3555 τὴν
299 3485 812 3556 φιλοπραγμοσύνην
859 3484 1102 3550 κολάζων
1151 3487 1180 3537 ὁ
1230 3487 1563 3557 νομοθέτης,
1603 3487 1721 3541 ἐθέ-

1827 3482 1957 3535 tatis
2014 3482 2385 3536 curiositatem
2457 3481 2733 3551 castigans
2811 3477 3128 3547 legislator,
3184 3475 3403 3529 sanxit:

176 3593 328 3629 σπισε·
366 3595 387 3629 ι
415 3578 509 3648 Μὴ
541 3577 782 3649 ἐλεήσεις
820 3578 1024 3647 πένητα
1056 3578 1114 3629 ἐν
1147 3577 1345 3648 κρίσει’
1382 3597 1401 3629 ι
1430 3579 1529 3630 οὐκ
1547 3578 1723 3632 ἀπανι-

1834 3592 1854 3625 ι
1882 3573 1995 3628 Non
2028 3574 2372 3628 misereberis
2400 3586 2693 3642 pauperem
2714 3570 3019 3637 injttdicio;
3056 3587 3075 3620 ι
3113 3582 3219 3622 non
3251 3566 3406 3633 quasi

175 3665 391 3736 θρωπίαν
404 3668 694 3731 διδάσκων,
714 3667 851 3721 ἀλλά
869 3669 968 3737 τὴν
997 3668 1331 3738 κακουργίαν
1359 3668 1721 3734 ἀναστέλλων,

1829 3666 1921 3735 qui
1943 3665 2315 3720 crudelitatem
2349 3666 2561 3729 doceat,
2612 3664 2705 3718 sed
2737 3664 2826 3732 qui
2863 3660 3186 3716 maleficium
3233 3659 3403 3727 repri-

176 3760 248 3812 ῖνα
268 3760 335 3831 μὴ
351 3763 415 3833 τῇ
436 3761 689 3830 πενίαείς
712 3760 1228 3831 φιλοπραγμοσύνην
1246 3761 1721 3832 καταχρήσωνται.

1832 3768 1940 3811 mat
1962 3766 2016 3811 et
2039 3764 2307 3819 coerceat,
2343 3771 2411 3810 ne
2442 3755 2691 3811 homines
2719 3762 3039 3823 paupertate
3074 3754 3140 3806 ad
3174 3749 3408 3805 curiosi-

176 3848 229 3901 Εί
249 3849 297 3901 δὲ
327 3849 415 3901 τὸν
446 3849 683 3918 πτωχὸν,
710 3850 798 3901 τὸν
816 3850 894 3919 τῷ
919 3849 1323 3919 δυσνουθετήτῳ
1353 3848 1525 3920 θηρίῳ
1558 3849 1723 3919 μαχό-

1833 3857 1995 3903 tatem
2029 3848 2348 3903 abutantur.
2378 3844 2434 3901 Si
2465 3855 2645 3900 autem
2668 3845 2915 3915 pauperi,
2944 3844 3034 3913 qui
3065 3859 3187 3898 cum
3228 3842 3404 3896 bellua

178 3958 314 4010 μενον
340 3945 406 4013 τῇ
437 3942 600 4013 πενίᾳ
624 3982 639 4006 ,
683 3943 915 3995 ἀπεῖπεν
958 3941 1263 4007 ἐλεεῖσθαι,
1300 3940 1480 4011 πολλῷ
1525 3942 1723 4013 μᾶλλον

1832 3957 1937 3997 non
1970 3939 2128 3995 facile
2159 3940 2388 3995 rationis
2418 3938 2704 4008 imperium
2740 3946 3001 4006 sequente
3057 3935 3406 3999 colluetatnr,

174 4032 265 4085 τῶν
287 4034 553 4089 πλουσίων
578 4035 679 4105 τὴν
707 4034 1011 4106 ἀπληστίαν
1034 4035 1311 4089 ἐκόλασεν.

1829 4032 2258 4085 misericordiam
2294 4029 2637 4100 linjudicio)
2676 4029 2837 4083 tribui
2874 4027 3150 4082 interdixit
3186 4046 3199 4080 :
3237 4026 3407 4079 multo

1798 4122 1801 4127 ’
1831 4132 1977 4178 certe
2001 4124 2173 4194 magis
2213 4124 2439 4177 divitum
2472 4122 2808 4177 insatiabiles
2839 4120 3162 4190 cupiditates
3196 4120 3404 4187 (eodem

1830 4216 2123 4289 praecepto)
2150 4230 2496 4287 compescere
2523 4215 2711 4270 voluit.

694 4334 765 4398 ιε.
809 4354 880 4369 -ο
916 4328 1196 4400 Anule.

2360 4327 2473 4383 XC.
2511 4356 2581 4368 —
2610 4325 2884 4382 ALYPIO.

180 4419 295 4489 Περί
322 4422 731 4491 ἀναγνώσεως.
754 4420 913 4473 Κατὰ
944 4418 1280 4491 Ἑλλήνων.
1316 4422 1453 4491 Περι
1482 4418 1592 4491 τῆς

1839 4417 1913 4473 De
1938 4418 2157 4491 lectione
2197 4417 2496 4491 (sacrarum
2532 4415 2896 4491 Litterarum),
2933 4424 3118 4491 contra
3148 4428 3405 4480 paganos.

233 4483 381 4557 ῥιτος
416 4483 536 4545 ἰῶν
578 4483 995 4545 θεοὶενεύστων
1034 4483 1311 4559 Γραφῶν,
1362 4483 1460 4542 κάὶ
1498 4483 1723 4556 τυῆςίὲξ

1884 4488 2047 4541 —De
2078 4483 2247 4559 gratia
2275 4489 2528 4559 divinitus
2572 4488 2949 4553 inspiralarum
2982 4483 3406 4552 Scripturartuu,

235 4562 419 4615 αὐτῶν
442 4563 757 4631 ὠφελείας.

1898 4569 1944 4611 et
1969 4559 2033 4612 de
2059 4558 2290 4612 utilitate
2310 4574 2376 4612 ex
2405 4558 2511 4611 illis
2537 4558 2812 4625 capienda.

239 4676 337 4729 Καὶ
361 4679 472 4741 τοῖς
500 4676 605 4739 ἓως
640 4676 750 4729 τῶν
789 4675 916 4745 τῇδε
949 4673 1287 4745 ὁριζομένοις
1319 4668 1457 4727 εἶναι
1484 4673 1553 4726 τὰ
1582 4673 1723 4745 πρά-

1907 4671 2078 4724 Etiam
2105 4671 2173 4724 ab
2202 4670 2289 4734 iis,
2318 4670 2409 4739 qui
2440 4669 2621 4724 omnia
2670 4668 2830 4739 hujus
2865 4667 2986 4720 vitae
3015 4664 3206 4734 spatiis
3239 4662 3407 4716 ineln.

180 4781 341 4835 γματα
359 4806 374 4831 ,
415 4767 759 4839 μετριωτέρα
788 4766 900 4838 (80)
922 4807 939 4829 ,
969 4762 1147 4835 οἶμαι,
1178 4766 1211 4835 ἡ
1235 4764 1330 4818 τοῦ
1356 4764 1471 4836 βίου
1496 4764 1723 4836 τελευτὴ

1833 4766 1988 4831 dunt,
2016 4773 2070 4818 et
2095 4779 2217 4820 eum
2245 4778 2309 4820 ea
2345 4763 2621 4819 terminari
2659 4770 2884 4831 putant,
2918 4757 3254 4816 tolerabilior
3286 4756 3410 4810 vita:

239 4920 279 4953 ⁸³
306 4921 321 4975 Ι
344 4921 484 4978 Τίηι.
522 4938 595 4985 tv,
638 4921 725 4977 l3.
776 4920 824 4953 “
851 4920 1023 4976 Exod.
1049 4936 1208 4987 xxm,
1238 4920 1295 4987 5.

1238 5074 1477 5131 VARIIE
1516 5073 1900 5131 LECTIONES
1940 5072 2032 5129 ET
2063 5071 2293 5129 NOTAE.

243 5228 346 5298 (78)
374 5228 678 5312 Praeclarus
703 5230 854 5285 locus
878 5228 947 5312 de
979 5228 1259 5312 memoria,
1291 5242 1411 5312 eam
1445 5228 1713 5312 quotidia-
1816 5226 2096 5312 imminum
2125 5227 2373 5312 aquibus
2389 5225 2438 5312 οξ
2461 5224 3163 5312 χαρίεντεςορρομιιηιυη
3189 5221 3280 5290 qui
3326 5222 3412 5273 bit:

184 5293 261 5370 nis
276 5293 542 5355 exercitiis
570 5299 809 5370 indigere
834 5301 1028 5370 quibus
1054 5293 1316 5370 alatur'et
1346 5293 1718 5370 confirmetur,

1816 5293 2258 5370 lsid_oro_sunt'oi_
2292 5293 2574 5370 φιλολόγοι.
2595 5295 2690 5370 καὶ.
2719 5294 2907 5370 σοφοί1
2926 5293 3006 5370 In.

183 5367 285 5421 sine
303 5370 491 5436 quibus
519 5359 789 5439 perdatur.
822 5359 1157 5435 QuintilJib.
1187 5385 1238 5422 XI
1281 5368 1493 5421 Orator.
1519 5359 1718 5429 iuuit,
1831 5434 1861 5439 __
1889 5367 2002 5439 (79)
2034 5359 2357 5439 inscribitur
2389 5359 2600 5439 in_c_od.
2645 5362 2765 5439 Va_t.
2796 5359 2915 5418 V650
2959 5359 3241 5439 Φιλιτρίῳ,
3280 5359 3412 5411 Phi-

184 5431 365 5492 Μὶπί
385 5439 441 5494 Si
465 5431 609 5508 quis,
632 5431 1016 5508 inquitfunam
1046 5440 1491 5505 maximamqttea
1520 5453 1604 5489 me
1636 5454 1725 5491 ar-
1823 5431 2002 5508 liti-toi
2043 5435 2198 5490 Vers.
2245 5436 2278 5488 5
2308 5451 2395 5503 ep.
2456 5435 2600 5489 idem
2660 5434 2875 5503 πένητα.
2923 5431 3203 5486 ιιιυιαιΊιι
3260 5446 3408 5482 πτω-

185 5515 280 5561 tem
328 5506 596 5564 memoria:
644 5506 870 5577 quaerat,
916 5510 1233 5563 exercitatio
1279 5519 1385 5577 est,
1427 5519 1480 5558 et
1511 5508 1660 5560 labor
1702 5520 1719 5559 :
1825 5507 1938 5575 χόν.
1976 5506 2189 5577 Possm.

188 5579 332 5631 multa
370 5579 627 5642 ediscere,
661 5569 827 5633 multa
859 5569 1121 5647 cogitare,
1154 5589 1229 5642 et,
1279 5578 1322 5631 si
1364 5576 1477 5647 fieri
1524 5587 1720 5645 potcSt,

1825 5569 1858 5575 ”
1899 5576 2009 5647 (80)
2039 5576 2169 5631 Cod.
2198 5574 2321 5629 Vat.
2346 5573 2697 5647 perptturépz
2726 5581 2899 5647 mutat
2931 5572 3006 5647 in_
3033 5569 3409 5647 μετριώτερον

187 5646 429 5714 quotidie,
483 5639 813 5716 potissimum
855 5639 959 5701 est:
1002 5639 1141 5701 Nihil
1189 5639 1339 5713 Itaque
1387 5646 1466 5698 vel
1499 5639 1724 5715 a'ugetur
1823 5657 1881 5702 et
1907 5639 2044 5701 vers.
2071 5661 2183 5714 seq.
2216 5661 2310 5713 pro
2339 5639 2396 5698 ἓν
2420 5639 2485 5714 τῇ
2510 5639 2840 5715 ξωῇεϐΐίιήι
2864 5644 2921 5697 ἐν
2938 5639 3163 5713 τῷζῇν,
3189 5650 3245 5694 ct
3279 5639 3405 5696 mox

190 5732 325 5789 cura,
354 5717 433 5773 vel
464 5719 777 5789 negligentia
812 5719 1159 5789 intercidit.)
1201 5718 1365 5772 ῐὶιττ.
1612 5788 1619 5789 7

1824 5729 1944 5788 post
1972 5718 2051 5779 εἰς
2077 5719 2223 5772 addit
2253 5717 2457 5786 ἕτερος.
2489 5717 2562 5768 ID.

252 5786 379 5855 (78‘)
408 5786 587 5857 Ὅπὲρ
609 5786 663 5844 δι
700 5788 933 5843 πολλοί.
983 5787 1056 5842 Ita
1095 5787 1265 5843 Grzeci
1314 5794 1506 5847 vocant
1538 5788 1723 5856 vulgus
