3886 6420
428 310 561 375 1151

1643 323 1705 384 S.
1750 323 2050 392 ISIDORI
2098 324 2539 385 PELUSIOT/E

3563 319 3693 387 1152

417 423 596 478 exitus
616 421 865 488 habetur,
911 432 971 478 ut
995 423 1210 493 opinor,
1249 440 1411 495 quam
1452 428 1659 483 rnditas
1708 432 1997 499 atqtteint-

2109 433 2201 502 τῆς
2229 434 2286 484 ἐν
2311 434 2377 503 τῇ
2409 429 2520 503 ζωῇ
2552 430 2812 501 ἀμαθίας.
2839 431 2900 483 Εἰ
2922 430 2966 482 δ’
2991 430 3241 496 ἐκείνοις,
3274 430 3459 501 πολλῷ
3497 432 3693 499 μᾶλλον

418 515 613 583 peritia
650 516 704 569 in
733 515 865 571 vita.
893 514 1049 582 Quod
1072 517 1118 572 si
1165 517 1291 583 illis,
1324 518 1489 572 multo
1525 521 1696 590 magis
1745 524 1901 577 nobis
1931 524 1997 576 ita

2109 524 2242 593 ἡμῖν
2273 525 2385 585 τοῖς
2414 524 2491 584 είς
2520 522 2691 574 αίῶνα
2727 521 2818 573 τὸν
2839 520 3041 574 σκοπὸν
3070 520 3275 591 έχουσι,
3310 520 3409 575 καὶ
3436 520 3537 589 τὴν
3571 521 3694 575 σύν-

418 604 590 660 videri
616 604 799 673 debet,
856 607 946 676 qui
1006 607 1061 663 in
1105 610 1747 682 acternitatemtanquatn
1781 628 1997 683 scopum

2109 627 2224 662 εσιν
2270 610 2390 663 καθ’
2443 610 2680 681 ἑκάστην
2731 610 2948 682 ἡμέραν
2995 610 3200 681 άκονᾷν
3254 611 3318 664 ὲκ
3382 610 3502 662 τῶν
3536 610 3696 665 θείων

418 697 610 751 intenti
637 713 846 763 sumus,
900 708 957 754 et
1002 700 1345 769 prudentiam
1379 702 1434 759 in
1484 701 1603 758 dies
1640 704 1839 760 divinis
1875 721 2003 760 ora-

417 789 557 844 cnlis
586 804 786 847 acuere
811 792 1094 849 debemus.

697 922 833 979 XCI.
858 955 930 967 —
948 923 1347 982 HARPOCRIE
1379 926 1768 986 ΞΟΡΗΙΞΤᾹΞ.

1019 1016 1094 1071 De
1115 1020 1297 1087 eadem
1321 1037 1393 1074 re.

496 1151 654 1206 Varia
684 1168 751 1209 ac
790 1153 1108 1224 multiplicia
1156 1165 1284 1211 sunt
1314 1157 1597 1212 hominum
1635 1160 1814 1216 studia
1837 1161 2002 1216 etiam

418 1244 568 1299 circa
597 1243 809 1298 dicendi
837 1260 1062 1312 genera.
1091 1244 1224 1301 Nam
1275 1246 1371 1303 alii
1414 1250 1632 1317 quidem
1677 1252 2002 1307 adamarunt

417 1336 743 1389 atticismum
771 1345 1031 1402 veterem,
1052 1339 1141 1391 alii
1166 1355 1297 1393 vero
1322 1341 1660 1410 perspicuam
1694 1347 1999 1400 oralionem

418 1426 690 1480 atticismo
713 1428 979 1497 potiorem
1009 1430 1232 1484 ducunt.
1264 1430 1433 1485 Aiunt
1460 1432 1605 1487 enim
1633 1452 1646 1488 :
1685 1435 1823 1502 Quid
1850 1436 1999 1491 utili-

420 1520 546 1572 tatis
568 1517 724 1572 all'ert
753 1518 934 1574 Attice
964 1519 1216 1589 loquendi
1243 1524 1480 1579 studium
1507 1525 1666 1596 461
1695 1530 1912 1596 quando
1934 1543 1997 1584 ea

422 1624 545 1677 qnte
584 1609 842 1664 dicuntur
878 1612 1020 1665 velut
1068 1615 1307 1669 tenebris
1352 1616 1719 1684 occultantur,
1759 1620 1994 1690 aliisque

420 1700 686 1771 indigent,
712 1701 802 1770 qui
836 1717 898 1757 ea
934 1704 985 1757 in
1013 1703 1188 1759 lucem
1220 1707 1546 1777 proferant?
1574 1709 1677 1763 Alii
1712 1727 1842 1767 vero
1865 1726 1995 1783 epo-

2108 699 2305 769 λογίων
2333 700 2661 771 ὀφείλουσιν.

2473 926 2591 994 ex.
2627 925 2963 996 ΑΡΠΟΚΡᾼ
2998 924 3315 998 meum.

2640 1014 2782 1082 Περὶ
2812 1014 2921 1069 τοῦ
2950 1014 3161 1069 αὐτοῦ.

2172 1146 2511 1218 Πολύτροποι
2535 1146 2642 1200 τῶν
2667 1146 2969 1217 ἀνθρώπων
2994 1146 3093 1201 καὶ
3113 1146 3314 1217 αἱπερὶ
3343 1147 3475 1211 τοὺς
3497 1146 3691 1217 λόγους

2104 1239 2415 1310 ἐπιθυμίαι.
2455 1241 2518 1294 Ol
2548 1240 2647 1310 μὲν
2687 1239 2795 1311 γάρ
2837 1239 3022 1294 αὐτῶν
3047 1240 3308 1308 ἀγαπῶσι
3339 1240 3405 1294 τὸ
3445 1241 3690 1306 τοαλαιιῖις

2117 1330 2459 1396 Ἀττικίζειν,
2498 1331 2547 1384 oi.
2592 1330 2650 1383 δὲ
2695 1330 2758 1384 τὸ
2788 1329 2977 1400 σαφῶς
2992 1332 3172 1387 εἰπεῖν
3194 1330 3291 1384 τοῦ
3336 1330 3689 1401 ’Δττικισμοῦ

2102 1424 2370 1494 πρότερον
2425 1424 2650 1493 ἄγουσι,
2703 1422 2974 1492 λέγοντεςο
3024 1423 3093 1476 Τί
3132 1424 3196 1477 τὸ
3237 1423 3435 1494 κέρδος
3485 1425 3554 1478 ἐκ
3594 1423 3689 1478 τοῦ

2116 1516 2458 1582 ’Δττικίζειν,
2514 1516 2643 1570 ὅταν
2705 1514 2777 1568 τὰ
2807 1514 3076 1587 λεγόμενα
3152 1515 3344 1587 ὥσπερ
3398 1518 3456 1570 ἐν
3510 1516 3691 1586 σκότῳ

2101 1608 2435 1680 κρύπτηται,
2493 1608 2590 1661 καὶ
2641 1605 2817 1661 ἄλλων
2863 1606 3052 1678 δέηται
3104 1608 3213 1660 τῶν
3242 1609 3325 1671 είς
3368 1607 3485 1677 φῶς
3543 1608 3689 1661 αὐτὰ

2100 1697 2368 1766 ἀξόντων;
2408 1697 2593 1752 Ἀλλοι
2632 1697 2690 1751 δὲ
2737 1692 2997 1770 χαίρουσι
3023 1702 3090 1771 τῇ
3123 1698 3381 1768 ὲποποιίᾳ
3403 1714 3418 1729 ⁶
3445 1699 3545 1752 καὶ
3573 1699 3690 1751 ἓτε-

420 1794 582 1860 ιιωίιι,
606 1791 657 1849 id
696 1803 781 1849 est
813 1793 1035 1850 heroico
1064 1798 1323 1865 carmine,
1343 1799 1715 1865 delectantur;
1748 1804 1836 1858 alii
1867 1820 1995 1874 gra-

2109 1808 2184 1860 ροι
2219 1788 2320 1859 μὲν
2364 1792 2432 1862 τῇ
2485 1790 2775 1863 σεμνότητι
2809 1794 2909 1863 τῆς
2948 1791 3278 1863 τραγῳδίας,
3322 1791 3472 1846 ἄλλοι
3519 1790 3580 1843 δὲ
3621 1794 3686 1862 τῇ

430 1883 601 1937 vitate
650 1885 963 1955 tragoediae;
1025 1886 1114 1941 alii
1165 1889 1442 1946 blanditiis
1485 1906 1550 1947 ac
1587 1893 1870 1951 lenociniis
1902 1912 1996 1951 co-

419 1974 629 2028 moedia:
669 1990 685 2038 ;
739 1976 831 2029 alii
868 1978 1021 2047 copia
1076 1979 1366 2035 rhetorica:
1406 1984 1719 2052 capiuntur.
1754 1984 1860 2042 Sed
1895 2005 1999 2044 nec

421 2064 476 2116 hi
513 2065 656 2119 inter
694 2080 754 2120 se
789 2068 1156 2123 consentiunt.
1193 2069 1334 2125 Sunt
1368 2072 1514 2127 enim
1560 2076 1650 2143 qui
1694 2077 1997 2133 sublimita-

422 2163 527 2207 tem
580 2155 822 2211 Platonis
866 2158 1309 2229 amplectuntnr;
1350 2172 1481 2216 sunt
1528 2167 1617 2235 qui
1660 2165 1999 2240 Thucydidis

419 2246 784 2313 gravitatem;
839 2257 967 2301 sunt
1017 2250 1107 2318 qui
1162 2251 1417 2307 lsocratis
1455 2255 1815 2323 tenuitatem;
1873 2270 2000 2315 sunt

419 2339 513 2407 qui
549 2339 925 2394 Demosthenis
954 2342 1349 2398 vehementiam
1386 2345 1700 2412 praeferunt.
1733 2348 1825 2403 Sic
1853 2352 1996 2404 enim

419 2431 742 2485 existimant
797 2448 987 2489 omnes
1037 2436 1248 2490 dicendi
1304 2447 1449 2495 artes
1503 2439 1675 2507 ipsum
1716 2441 1997 2511 depastum

420 2539 567 2587 esse,
590 2532 641 2577 et
679 2526 966 2594 gravitate,
1000 2537 1055 2581 et
1082 2528 1406 2595 acerbitate,
1451 2542 1505 2586 et
1537 2532 1905 2597 vehementia,
1937 2543 1993 2589 et

430 2616 775 2669 contentione
813 2617 1152 2685 certaminis,
1205 2634 1395 2676 omnes
1437 2632 1706 2691 quotquot
1754 2641 1996 2696 unquam

420 2706 748 2760 exstiterunt
779 2723 1091 2776 superasse.
1125 2709 1361 2768 Rursum
1413 2716 1505 2770 alii
1554 2717 1773 2785 quidem
1816 2718 1995 2793 Lysim

418 2811 591 2868 genus
633 2799 848 2854 dicendi
900 2813 1146 2870 apertum
1186 2813 1241 2861 et
1283 2808 1569 2875 protritum
1617 2820 1802 2865 amant
1839 2829 1854 2867 :
1908 2813 1999 2868 alii

419 2904 606 2949 contra
650 2895 764 2951 Isaei
801 2899 1102 2953 orationem
1130 2939 1146 2964 ,
1199 2918 1320 2971 qua)
1360 2902 1613 2958 Isocratis
1658 2907 1874 2975 quidem
1919 2908 2002 2963 di-

419 2989 604 3043 ctione
638 2990 1052 3045 convenientior
1078 3005 1163 3045 est
1210 2993 1454 3063 indiciis,
1489 2998 1776 3053 sublimior
1814 3010 1996 3054 autem

426 3095 589 3148 quam
649 3082 846 3154 Lysiae.
882 3086 989 3140 Alii
1044 3087 1281 3158 denique
1317 3087 1598 3146 Aﬁschiuis
1654 3093 1997 3162 perspicuum

2103 1883 2479 1954 στωμυλότητι
2503 1884 2602 1955 τῆς
2628 1884 2965 1955 κωμῳδίαςο
3006 1885 3103 1939 καὶ
3138 1885 3289 1940 ἄλλοι
3322 1887 3390 1957 τῇ
3420 1883 3686 1955 ἁϐρότητι

2098 1977 2200 2041 τῆς
2243 1977 2562 2050 ῥητορικῆς.
2615 1977 2755 2031 Ἀλλ’
2785 1977 2907 2031 οὐδὲ
2958 1969 3108 2030 οῦτοι
3155 1976 3574 2047 συμϐαίνουσιν.
3625 1977 3685 2029 Oi

2105 2069 2201 2139 μὲν
2227 2070 2337 2141 γὰρ
2389 2069 2452 2123 τὸ
2490 2068 2623 2138 ὕψος
2672 2068 2768 2123 τοῦ
2825 2070 3115 2133 Πλάτωνος
3172 2068 3576 2141 ἀποδέχονται,
3637 2069 3685 2122 οἱ

2100 2160 2155 2212 δὲ
2180 2160 2276 2231 τὴν
2319 2160 2640 2214 Θουκυδίδου
2675 2160 2980 2231 σεμνότητα
3005 2160 3116 2231 (8ίὶ
3142 2175 3157 2188 ⁶
3216 2161 3313 2213 καὶ
3359 2161 3408 2212 οἱ
3460 2159 3567 2229 μὲν
3595 2158 3688 2229 τὴν

2114 2253 2459 2323 Ἰσοκράτους
2490 2252 2743 2326 λιτότητα
2773 2253 2911 2323 (82),
2958 2254 3007 2306 οἱ
3054 2252 3115 2306 δὲ
3149 2251 3249 2323 τὴν
3308 2250 3687 2323 Δημοσθένους

2101 2349 2400 2420 δεινότητα.
2440 2349 2637 2414 Πάσας.
2674 2348 2785 2419 γὰρ
2832 2348 3014 2402 αὐτῶν
3049 2347 3368 2417 σεσιτῆσθαι
3404 2346 3523 2417 (85)
3592 2346 3688 2409 τὰς

2100 2438 2210 2491 τῶν
2241 2440 2417 2509 λόγων
2466 2440 2661 2511 τέχνας
2715 2442 2944 2506 οἴονται,
3002 2440 3097 2494 καὶ
3144 2440 3202 2492 ὲν
3242 2438 3322 2509 τῷ
3384 2437 3553 2509 δεινῷ
3598 2439 3687 2491 καὶ

2102 2529 2286 2603 πικρῷ
2355 2531 2450 2585 καὶ
2484 2531 2774 2602 παθητικῷ
2821 2531 2917 2585 καὶ
2963 2531 3246 2603 ἐναγωνίῳ
3273 2531 3484 2595 πάντας
3520 2532 3686 2600 ὑπερ-

2102 2623 2393 2677 ϐάλλεσθαι
2422 2622 2558 2692 (84).
2603 2624 2713 2677 Καὶ
2768 2624 2817 2677 οἱ
2876 2622 2974 2695 μὲν
3026 2622 3127 2695 τὴν
3179 2622 3381 2677 Λυσίου
3444 2624 3686 2693 φανερὰν

2104 2716 2275 2770 ἅπασι
2347 2715 2442 2769 καὶ
2490 2715 2864 2788 τετριμμένην
2916 2715 3061 2782 λέξιν
3124 2704 3457 2785 ἀγαπῶσινο
3525 2716 3577 2768 οί
3632 2714 3685 2767 δὲ

2115 2807 2333 2873 Ἰσαίου,
2367 2806 2430 2860 τὸ
2472 2805 2894 2878 δικανικώτερον
2939 2806 3042 2878 μὲν
3080 2805 3449 2877 Ἰσοκράτους,
3483 2806 3682 2878 ὑψηλό-

2102 2916 2259 2969 τερον
2317 2898 2376 2953 δὲ
2429 2898 2630 2952 Λυσίου
2664 2913 2679 2929 ⁶
2710 2899 2761 2951 οἱ
2792 2898 2848 2952 δὲ
2876 2897 3131 2969 Αἰσχίνου
3160 2898 3220 2951 τὸ
3266 2898 3441 2967 σαφὲς
3471 2900 3572 2952 καὶ
3618 2898 3677 2951 τὺ

2103 2986 2315 3042 λευκόν.
2352 2988 2397 3040 Τ
2398 2986 2634 3041 οσούτων
2650 2980 2743 3041 οῦν
2779 2986 2949 3041 ὄντων
2967 2988 3078 3040 τῶν
3104 2986 3547 3061 διαφερομένων,
3575 2986 3684 3050 πῶς

2103 3098 2187 3144 τις
2223 3079 2585 3149 συγγραφέων
2617 3081 2783 3133 πᾶσιν
2813 3079 3086 3151 ἀρέσειεν,
3109 3079 3208 3131 οὐκ
3230 3077 3337 3149 ἔχω
3380 3078 3590 3148 λέγειν.
3622 3080 3681 3132 Οἱ

418 3182 476 3226 et
523 3175 810 3230 candidum
863 3177 1077 3233 dicendi
1113 3196 1298 3260 'genus
1336 3184 1587 3251 probant.
1642 3184 1776 3238 Cum
1832 3184 1997 3255 igitur

2109 3175 2207 3247 μὲν
2250 3170 2347 3228 οὖν
2377 3174 2513 3246 πρὸς
2551 3174 2710 3239 δόξαν
2745 3175 3002 3246 ὁρῶντες,
3041 3173 3118 3238 ὡς
3161 3173 3449 3244 βούλονται
3476 3173 3681 3245 γραφέ-

423 3274 532 3318 tam
558 3266 723 3321 varia:
741 3267 851 3320 sint
880 3284 943 3323 ac
970 3269 1357 3325 dissentientes
1384 3271 1661 3326 hominum
1695 3274 1998 3342 opiniones,

417 3356 678 3425 equidem
710 3374 813 3412 non
844 3347 1020 3415 habeo
1052 3364 1234 3417 dicere
1258 3363 1349 3433 qui
1384 3365 1499 3417 lieri
1537 3367 1728 3433 possit,
1763 3377 1824 3421 ut
1864 3368 2003 3421 scri-

430 3458 554 3518 ptor
586 3450 783 3519 aliquis
824 3454 1076 3509 omnibus
1099 3455 1332 3523 placeat.
1359 3456 1545 3525 itaque
1588 3457 1686 3522 illi,
1718 3468 1775 3512 ut
1808 3459 1898 3528 qui
1935 3460 2001 3512 ad

423 3538 654 3609 gloriam
720 3544 1038 3611 respiciant,
1075 3547 1318 3601 scribant
1350 3558 1408 3602 ut
1444 3549 1574 3618 ipsis
1619 3549 1769 3604 libet.
1806 3551 1877 3604 At
1910 3566 1999 3605 sa-

427 3646 519 3683 cra
549 3640 604 3685 et
633 3632 877 3687 coelestia
904 3636 1151 3700 oracula,
1180 3639 1437 3707 quoniam
1472 3641 1539 3694 ad
1564 3640 1805 3695 universi
1838 3656 2002 3711 gene-

425 3720 502 3775 ris
531 3723 750 3777 humani
777 3725 1067 3781 utilitatem
1098 3730 1451 3797 pronuntiata
1501 3733 1817 3803 scriptaque
1844 3743 1997 3797 sunt,

419 3815 806 3884 perspicuitate
853 3828 981 3871 sunt
1013 3828 1337 3888 temperata.
1371 3821 1450 3875 Ex
1504 3823 1606 3876 hac
1652 3824 1796 3877 enim
1835 3833 1891 3878 et
1922 3825 1998 3879 illi

418 3906 511 3975 qui
571 3906 692 3961 aliis
738 3908 1038 3964 virtutibus
1088 3911 1403 3966 orationum
1463 3913 1810 3968 delectantur
1847 3915 2001 3988 (sunt

421 4008 608 4055 autem
640 3997 694 4052 bi
722 4015 984 4071 perquam
1020 4003 1151 4074 rari)
1182 4002 1316 4058 nihil
1350 4004 1649 4076 quidquam
1679 4007 1997 4063 detrimenti
2054 4062 2060 4070 ,

420 4086 725 4155 patiuntur,
753 4089 918 4144 semel
966 4090 1329 4161 intelligentes
1361 4109 1421 4148 ea
1460 4110 1580 4163 qua:
1620 4098 1857 4152 oraculis
1888 4098 1996 4155 illis

418 4179 775 4234 continentur
809 4199 823 4234 :
857 4192 912 4235 et
943 4197 1134 4238 omnes
1167 4185 1257 4253 qui
1297 4186 1647 4255 agriculturae.
1687 4190 1818 4243 dant
1862 4206 1995 4259 ope-

419 4283 533 4323 ram
563 4278 617 4324 et
646 4270 893 4325 artiﬁciis
919 4283 979 4327 et.
1001 4273 1217 4328 cmteris
1248 4275 1697 4344 occupationibus
1722 4277 1849 4333 vita:
1880 4278 1997 4334 dis-

420 4363 681 4429 tinentur,
726 4365 1115 4434 perspicuitate
1162 4365 1453 4435 plurimum
1527 4370 1814 4439 juvantur,
1865 4370 1994 4424 dum

2103 3284 2284 3322 τωσαν
2315 3284 2331 3299 ·
2382 3268 2432 3320 οἱ
2475 3266 2531 3320 δὲ
2566 3267 2703 3339 ἱεροὶ
2748 3265 2845 3320 καὶ
2890 3267 3135 3337 οὐράνιοι
3174 3265 3444 3338 χρησμοὶ,
3498 3264 3676 3334 ἐπειδὴ

2105 3361 2243 3426 πρὸς
2298 3357 2567 3429 ὠφέλειαν
2615 3358 2798 3429 πάσης
2852 3359 2954 3429 τῆς
3004 3356 3431 3429 άνθρωπότητος
3462 3356 3681 3429 ὲρῥέθη-

2106 3468 2205 3505 σαν
2270 3450 2366 3505 καλ⁵
2430 3449 2773 3521 ἐγράφησαν,
2856 3451 2926 3520 τῇ
2994 3448 3266 3520 σαφηνείᾳ.
3340 3448 3677 3518 ἐκράθησαν.

2114 3543 2212 3596 Ἐκ
2274 3542 2374 3614 μὲν
2432 3542 2541 3614 γάρ
2600 3541 2827 3611 ταύτης,
2888 3543 2937 3595 οἱ
3015 3544 3137 3605 ταῖς
3200 3539 3394 3604 ἄλλαις
3468 3541 3682 3610 ἀρεταῖς

2101 3632 2210 3687 τῶν
2251 3634 2426 3703 λόγων
2457 3633 2739 3704 χαίροντες
2787 3631 2979 3703 (ὀλίγοι
3005 3632 3053 3685 δ’
3102 3631 3242 3685 εἰσὶν
3297 3626 3503 3701 οὗτοι),
3541 3630 3682 3685 οὐδὲν

2102 3725 2605 3795 παραϐλάπτονται,
2670 3721 2819 3787 ἅπαξ
2877 3722 3126 3787 νοοῦντες
3205 3724 3275 3777 τὰ
3333 3722 3678 3793 χρησθέντα·

2101 3818 2305 3881 πάντες
2334 3817 2379 3869 δ’
2413 3816 2464 3870 οί
2493 3816 2790 3887 γεωργίαις
2835 3816 2932 3869 καὶ
2962 3815 3182 3885 τέχναις
3210 3814 3302 3869 καὶ
3330 3817 3458 3877 ταῖς
3499 3814 3681 3876 ἄλλαις

2101 3910 2380 3982 ἀσχολίαις
2412 3908 2504 3964 τοῦ
2540 3908 2660 3979 βίου
2703 3908 3079 3979 σχολάζοντες,
3128 3905 3469 3977 ὠφελοῦνται
3500 3909 3565 3961 ὲκ
3591 3907 3682 3976 τῆς

2103 4001 2438 4073 σαφηνείας’
2468 3999 2565 4053 καὶ
2613 3999 2676 4052 τὸ
2703 3999 2938 4070 πρέπον,
2994 4000 3091 4051 καὶ
3119 3998 3181 4051 τὸ
3230 3996 3466 4061 δίκαιον,
3498 3997 3593 4050 καὶ
3626 3994 3683 4047 τὸ

2101 4094 2382 4167 συμφέρον
2436 4095 2495 4149 ὲν
2543 4094 2810 4165 ἀκαριαίᾳ
2853 4091 3047 4166 καιροῦ
3106 4093 3246 4164 ῥοπῇ
3295 4090 3677 4161 μανθάνοντες.

2099 4189 2193 4253 Είς
2253 4186 2524 4258 τοσαύτην
2576 4188 2687 4255 γάρ
2740 4185 3034 4255 συντομίαν
3078 4186 3111 4254 ἡ
3164 4183 3285 4237 θεία
3365 4180 3678 4251 συνετμήθη

2099 4280 2405 4346 παίδευσις,
2454 4277 2532 4342 ὡς
2583 4278 2646 4331 τὸ
2694 4277 2926 4332 ἑκάστου
2964 4275 3211 4347 βούλημα
3239 4276 3364 4345 ὅρον
3416 4270 3559 4327 εἶναι
3588 4274 3678 4343 τῆς

2098 4372 2302 4443 ἀρετῆς
2342 4369 2748 4442 ἀποφήνασθαι·
2785 4389 2804 4420 ι
2846 4369 3035 4424 Πάντα
3080 4368 3211 4439 γὰρ,
3254 4367 3449 4438 φησὶν.
3483 4368 3585 4419 ὅσα
3614 4365 3677 4418 ἂν

413 4460 477 4504 et
504 4451 630 4519 quid
655 4452 867 4518 deceat,
905 4457 1111 4523 etquid
1145 4455 1344 4523 iustum
1391 4467 1445 4512 et
1480 4460 1608 4528 quid
1647 4460 1778 4515 utile
1808 4462 1900 4525 sit,
1942 4462 1994 4514 in

2109 4463 2293 4534 θέλητε
2346 4462 2432 4515 ἵνα
2484 4461 2713 4515 ποιῶσιν
2761 4462 2891 4532 ὑμῖν
2946 4463 2993 4514 οί
3037 4460 3333 4529 ἄνθρωποι,
3371 4460 3473 4511 καὶ
3528 4459 3678 4528 ὑμεέ

417 4554 691 4599 momento
740 4546 1001 4614 temporis
1035 4548 1272 4602 discunt.
1317 4548 1375 4603 ln
1420 4558 1629 4604 tantum
1660 4553 1805 4605 enim
1839 4567 1992 4606 com-

414 4633 669 4700 pendium
722 4635 901 4689 divina
972 4637 1243 4691 inStitutio
1290 4649 1569 4695 contracta
1616 4651 1735 4705 est,
1810 4650 1867 4695 ut
1942 4642 1993 4696 id

416 4723 561 4791 quod
588 4726 819 4796 quisque
846 4729 1114 4796 voluerit,
1146 4730 1365 4788 virtutis
1393 4748 1515 4788 esse
1557 4734 1851 4789 termiitum
1897 4736 1993 4790 de-

418 4815 640 4871 linierit.
687 4816 777 4872 Sic
803 4819 947 4873 enim
982 4821 1103 4877 ait:
1135 4841 1153 4873 ι
1189 4819 1383 4877 Omnia
1424 4840 1545 4894 quae
1612 4826 1893 4880 volueritis
1936 4837 1993 4879 ut

416 4903 622 4961 faciant
646 4909 802 4965 vobis
826 4910 1098 4980 homines,
1137 4923 1191 4968 et
1221 4930 1316 4970 vos
1350 4913 1512 4971 facile
1555 4917 1687 4986 ipsis
1717 4917 1988 4972 similiter.

2100 4556 2305 4608 ποιεῖτε
2330 4554 2510 4616 αὐτοῖς
2538 4553 2739 4623 ὁμοίως
2766 4569 2779 4582 ·
2811 4546 2967 4615 οὗτος
2996 4551 3106 4623 γάρ
3136 4552 3287 4604 ἐστιν
3320 4552 3348 4603 ὁ
3388 4549 3558 4618 νόμος
3593 4546 3678 4599 καὶ

2101 4649 2151 4701 οἱ
2186 4647 2485 4716 προφῆται.
2561 4664 2580 4696 ι
2636 4644 2701 4697 Τί
2750 4644 2888 4715 πρὸς
2935 4642 3142 4713 ταύτην
3188 4642 3291 4710 τὴν
3332 4634 3547 4711 ¹ἀρετὴν
3592 4638 3678 4691 καὶ

2102 4739 2203 4810 τὴν
2259 4737 2551 4808 συντομίαν
2592 4738 2690 4790 καὶ
2734 4736 2835 4808 τὴν
2888 4736 3188 4807 σαφήνειαν
3236 4736 3285 4787 οἱ
3340 4731 3681 4788 Πλατωνικοὶ

2102 4828 2363 4897 διάλογοι,
2385 4829 2418 4899 ἢ
2562 4827 2836 4898 Ὁμηρικὴ
2860 4826 3071 4905 δέλτος,
3102 4826 3137 4895 ἦ
3159 4826 3212 4877 οἱ
3232 4823 3343 4876 τῶν
3376 4821 3677 4893 νομοθετῶν

2100 4916 2350 4982 κώδικες,
2379 4917 2415 4987 ἢ
2448 4918 2504 4971 αἱ
2562 4916 2939 4988 Δημοσθένους
2983 4915 3184 4986 βίϐλοι,
3233 4915 3266 4983 ἦ
3301 4918 3333 4985 ή
3365 4913 3469 4984 τῆς
3512 4928 3677 4983 τραγ-

1509 5092 1740 5147 ΥΑΠΙᾸΕ
1778 5092 2161 5149 LECTIONES
2194 5092 2283 5147 ET
2321 5090 2554 5149 ΝΟΤᾸΞ.

489 5240 601 5313 (81)
636 5242 754 5310 Τὴν
791 5244 1166 5299 Θουκυδίδου
1223 5247 1583 5317 σεμνότητα.
1616 5248 1854 5303 Suidas:
1888 5251 2001 5303 Χα-

457 5313 689 5372 τκτῆρες
713 5314 887 5372 λόγων
930 5316 1267 5372 φοαστικῶν.
1311 5318 1533 5372 ὑψηλὸς.
1566 5319 1766 5372 ίσγνὺς.
1796 5319 1958 5372 μέσος
1983 5337 1997 5351 ο

415 5318 689 5383 ρεκτῆρες
713 5318 887 5381 λόγων
930 5318 1267 5438 φραστικῶν,
1311 5318 1533 5459 ὑψηλὸς,
1566 5319 1766 5406 ἰσχνὸς,
1795 5319 1958 5391 μέσος
1983 5337 1997 5351 ο

412 5384 445 5434 δ
487 5382 545 5434 δδ
571 5384 917 5472 ἓονὲυέίδηε.
945 5404 973 5438 τ
1008 5388 1291 5472 νένίτιλδν
1327 5389 1620 5472 mea»
1650 5407 1729 5472 es
1766 5392 2001 5472 πρᾲετφο·

415 5455 1998 5599 ἓῖῖηἷῖδτῒέἔῖειὲἷ,φὸιῖῗιὶτέἲξὶἶὲξᾶίἓὲίέιξᾙίὲιδῧεῖξὲέῗὲἓέἔὲεῗιῑ

419 5596 1343 5672 ῳιοαυθιερῃΐοινι-υιρίοηυξίουω
1378 5598 1530 5665 alibi,
1562 5612 1673 5655 tum
1711 5602 1763 5655 in
1819 5603 1996 5672 prolc-

419 5678 566 5739 g‘mn.
598 5664 664 5739 ad
693 5664 1038 5739 Olynlltt'acas
1071 5678 1126 5723 et
1148 5669 1492 5738 Philippicas.
1517 5664 1595 5726 ’Et
1620 5673 1746 5739 quid
1797 5664 1993 5726 mirum

421 5730 839 5790 Demosthenem
895 5738 1064 5806 ipsius
1110 5730 1429 5807 gravitatem
1477 5730 1847 5820 expressisse,
1903 5743 1994 5813 qui

2099 5250 2270 5304 octies
2309 5264 2433 5302 eum
2475 5263 2572 5303 sua
2615 5262 2779 5302 manu
2826 5244 3219 5317 descripserit}
3251 5242 3384 5299 Vide
3411 5253 3469 5298 et
3494 5242 3681 5298 Deme.

2102 5319 2618 5403 tritusl’i'alsresnv
2652 5315 3163 5403 "animus"?
3190 5315 3362 5403 ιιιτῖο
3626 5380 3639 5403 ε

2172 5389 2285 5460 (8‘2)
2326 5390 2459 5444 Cod.
2501 5388 2621 5441 Vat.
2647 5428 2662 5451 ,
2708 5389 2982 5459 λειότητα.
3035 5388 3190 5442 Vers.
3234 5401 3351 5456 seq.
3397 5388 3583 5438 αὐτῶν
3626 5388 3678 5436 in

2099 5460 2263 5531 αὑτὸν
2296 5468 2493 5531 mutat.
2524 5460 2735 5513 Possm.
2789 5527 2814 5531 Α
2884 5530 2891 5531 7
3033 5526 3055 5531 _
3278 5529 3289 5531 _
3336 5528 3347 5531 _
3609 5521 3634 5531 _

2169 5530 2309 5601 (83L
2331 5528 2539 5583 Αὐτῶν
2600 5527 2978 5598 σεσιτῆσθαι.
3033 5526 3165 5600 Leg.
3231 5528 3395 5583 αὐτὸν
3456 5526 3671 5589 σεσιτῆ-

2104 5599 2248 5654 σθαι.
2285 5599 2451 5653 Rtrr.

2176 5670 2291 5794 (:4)
2339 5669 2576 5794 μάντεις
2635 5670 3139 5741 ὑπερϐάίλεσθαι.
3189 5670 3365 5725 Malim
3437 5662 3671 5731 ὑπερόα·

2176 5759 2195 5794 :
2234 5758 2309 5794 αι.
2362 5757 2413 5794 [ι.

2102 5741 2309 5795 λέσθαι.
2339 5741 2413 5794 lo.
