3886 6420
206 444 335 508 1153

1068 438 1605 499 EPISTOLARUM
1637 436 1782 499 LIB.
1830 436 1927 499 IV.
1957 465 2011 473 -
2063 438 2301 500 EPIST.
2347 442 2561 500 XCIII.

3326 437 3462 502 1154

205 550 358 621 usta;
397 545 743 617 περιπέτεια,
791 544 824 614 ἢ
892 546 925 614 ἡ
986 543 1088 614 τῆς
1137 542 1429 614 κωμῳδίας
1483 543 1815 607 ὑπόθεσις¹

1907 542 2009 598 {me
2038 546 2181 598 enim
2209 555 2293 619 est
2344 545 2424 599 lex
2478 556 2532 601 et
2579 547 2853 616 propheta:
2884 546 2950 601 ⁸⁵.
2994 566 3012 599 ι
3057 546 3219 614 Quid,
3252 563 3458 617 qua-so.

204 634 558 704 Κρινάτωσαν
612 632 791 704 ὀρθῶς
836 635 885 685 οἱ
944 631 1298 703 χλευάζοντες
1354 632 1455 702 τὴν
1510 632 1778 686 ίδιωτείαν

202 728 303 781 τῶν
359 725 644 798 ῥημάτων,
693 725 786 778 καὶ
822 722 927 791 τὴν
967 723 1150 792 ψῆφον
1207 723 1505 777 ἀδέκαστον
1548 726 1777 777 οἴσουσι.

204 820 403 881 Πόσους
433 818 716 886 διαλόγους
737 817 1074 886 συνέγραψεν
1104 816 1134 869 ό
1176 814 1610 885 ἐλλογιμώτατος
1640 816 1781 869 Πλά-

203 929 323 972 των,
355 909 529 973 δεῖξαι
567 909 786 968 ὲθέλων,
810 907 863 959 τί
898 906 959 958 τὸ
997 906 1239 970 δίκαιον,
1281 907 1374 960 καὶ
1405 906 1571 976 μηδὲν
1605 905 1777 974 σαφὲς

203 1002 433 1074 φράσας,
486 1000 625 1071 μηδὲ
655 999 851 1062 πείσας
882 998 1056 1062 τινὰς,
1109 997 1247 1051 ἀλλὰ
1298 993 1394 1051 καὶ
1447 997 1622 1067 αὐτῆς
1680 997 1781 1067 τῆς

203 1094 509 1163 ἐλευθερίας
561 1091 812 1146 ἐκπεσὼν
859 1090 1395 1161 ὲτελεύτησε;Πόσα
1443 1090 1782 1161 συνέγραψεν

215 1187 627 1261 Ἀριστοτέλης,
704 1184 1125 1255 ἐναντιούμενος
1197 1183 1481 1251 Πλάτωνι,
1560 1185 1655 1238 καὶ
1714 1184 1783 1238 τὰ

202 1281 443 1351 δόγματα
507 1277 675 1332 αὐτοῦ
728 1276 1050 1349 κωμῳδῶν;
1122 1275 1264 1329 Ἀλλ’
1320 1278 1442 1331 οὐδὲ
1515 1276 1680 1340 αὑτός
1728 1293 1782 1329 τι

201 1372 391 1443 ὤνησε,
456 1370 599 1442 πλὴν
641 1367 736 1424 τοῦ
796 1369 975 1440 μάχην
1023 1368 1200 1435 λόγων
1242 1366 1320 1439 τῷ
1360 1366 1460 1439 βίῳ
1500 1369 1781 1439 γεννῆσαι.

205 1466 344 1519 Πόσα
363 1465 415 1517 οἱ
438 1462 657 1517 Στοῖκοὶ
690 1461 831 1534 πρὸς
872 1460 1253 1532 Ἀριστοτέλην
1277 1460 1621 1532 φραξάμενοι
1644 1459 1783 1530 (85),

201 1555 581 1627 συνέγραψαν;
628 1554 769 1609 Ἀλλ’
818 1551 1055 1622 ἐσϐέσθη
1106 1551 1377 1605 κάκείνων
1408 1551 1479 1604 τὰ
1515 1549 1783 1622 δόγματα.

201 1649 653 1720 Συγκρινέτωσαν
710 1645 890 1701 τοίνυν
940 1645 1053 1706 τοῖς
1094 1643 1413 1716 λεγομένοις
1454 1645 1641 1714 σοφοῖς
1684 1643 1786 1715 τὴν

199 1739 302 1793 τῶν
325 1738 492 1792 θείων
522 1736 721 1806 λογίων
753 1735 1077 1806 σαφήνειαν,
1102 1735 1198 1787 καὶ
1230 1731 1594 1787 παυέσθωσαν
1619 1732 1788 1803 φλυα-

1882 648 2008 692 sunt
2042 636 2125 689 vel
2168 636 2430 691 Platonici
2486 639 2710 708 dialogi,
2759 641 2841 694 vel
2896 639 3197 695 Homerica:
3240 640 3461 703 tabulae.

1880 730 1965 783 vel
1996 729 2369 799 lcgislatorum
2398 732 2637 795 codices,
2671 733 2755 787 vel
2786 734 3165 788 Demosthenis
3196 734 3341 795 libri,
3380 735 3463 785 vel

1882 822 2162 891 tragmdia:
2185 824 2322 878 varii
2356 834 2517 893 atque
2552 825 2815 892 inopinati
2854 839 3034 890 casus,
3070 825 3148 879 vel
3174 824 3461 878 etimddize

1883 922 2287 985 argumentum,
2332 917 2376 970 si
2424 916 2491 971 ad
2542 918 2683 970 hanc
2734 917 2989 971 virtutem
3038 926 3092 970 et
3137 917 3458 970 brevitatem

1884 1008 2443 1076 perspicuitatemque
2497 1007 2888 1062 conferantur?
2940 1006 3109 1061 Recte
3167 1006 3456 1077 judicent,

1878 1099 1975 1167 qui
2012 1099 2415 1168 simplicitatem
2447 1099 2738 1154 verborqu
2776 1100 2829 1152 itt
2857 1082 3153 1153 ludibrium
3188 1099 3451 1152 trahunt:

1884 1200 1940 1246 et
1988 1190 2256 1244 calculum
2313 1192 2688 1260 incorruptum
2757 1189 2955 1245 ferent.
3008 1190 3152 1257 Quot
3208 1190 3465 1261 dialogos

1892 1282 2221 1352 conscripsit
2258 1283 2666 1337 eruditissimus
2712 1282 2887 1348 Plato,
2918 1283 3049 1336 dum
3093 1289 3323 1335 conatur
3374 1285 3469 1334 de-

1887 1384 2217 1439 monstrare,
2255 1376 2386 1445 quid
2411 1377 2482 1429 sit
2520 1375 2772 1443 iustitia?
2813 1389 2913 1429 nec
2946 1383 3126 1427 tamen
3166 1373 3462 1443 quidquam

1887 1466 2067 1535 pcluit
2096 1466 2341 1534 proferre
2369 1470 2509 1537 quod
2535 1475 2682 1522 esset
2712 1468 3078 1537 perspicuum.
3110 1475 3203 1518 aut
3237 1479 3467 1532 persua-

1890 1558 2017 1611 dere
2057 1558 2383 1626 quibusdam
2423 1562 2597 1628 :quin
2653 1560 2815 1612 etiam
2864 1559 2979 1627 ipsa
3034 1556 3288 1611 libertate
3341 1571 3468 1611 cum

1887 1648 2202 1715 excidisset,
2239 1648 2351 1702 vita
2379 1649 2635 1704 excessit.
2663 1650 2838 1716 Quam
2877 1648 3047 1703 multo
3082 1649 3306 1718 scripsit
3342 1649 3470 1701 Ari-

1892 1739 2140 1804 stoteles,
2198 1740 2409 1794 Platoni
2462 1755 2524 1796 se
2579 1755 2881 1809 opponens,
2934 1740 3161 1809 ejusque
3210 1742 3465 1808 dogmata

204 1831 444 1901 ροῦντες,
472 1832 573 1884 καὶ
594 1830 693 1901 τήν
717 1827 868 1881 θείαν
904 1828 1015 1881 τῶν
1056 1826 1326 1898 χρησμῶν
1360 1828 1563 1896 φράσιν
1589 1825 1789 1879 ἀποδε-

1907 1829 2187 1885 .raducens
2219 1832 2363 1885 velut
2403 1832 2457 1885 in
2502 1833 2813 1886 commdia?
2849 1832 2956 1886 Sed
3002 1848 3102 1886 nec
3146 1833 3260 1901 ipse
3307 1832 3466 1899 quid-

198 1898 511 1994 χέσθωσαν,
542 1924 603 1977 οὐ
634 1898 771 1994 rapo;
812 1920 1145 1994 φιλοτιμίαν,
1180 1919 1319 1975 ἀλλὰ
1349 1920 1489 1993 πρὸς
1516 1920 1783 1990 ὠφέλειαν
1814 1950 1815 1955 η

1907 1937 2049 1991 luam
2079 1922 2331 1977 utilitatis
2366 1925 2617 1989 contulit,
2652 1926 2756 1979 nisi
2797 1924 2939 1992 quod
2990 1898 3223 1994 pugnam
3271 1898 3469 1977 verbo-

198 2016 300 2069 τῶν
330 2016 652 2069 ἀκουόντων
687 2013 981 2084 βλέψασαν.

1894 2028 2013 2067 rum
2047 2014 2169 2068 vita:
2220 2016 2468 2069 humanae
2506 2016 2811 2086 generavit.
2861 2016 3034 2082 Quam
3085 2016 3251 2070 multa
3288 2014 3468 2069 Stoici

199 2110 466 2163 adversus
493 2105 841 2161 Aristotelem
864 2104 1059 2159 armati
1092 2103 1591 2174 conscripserunt?
1619 2100 1781 2174 462
1824 2102 1932 2158 Sed
1962 2105 2153 2158 horum
2208 2120 2425 2175 quoque
2490 2107 2761 2161 exstincta
2823 2117 2949 2162 sunt
2992 2111 3264 2176 dogmata.
3309 2107 3471 2160 Com-

197 2215 384 2275 parent
429 2203 598 2271 igitur
636 2216 761 2256 cum
820 2200 892 2256 iis
942 2199 1035 2270 qui
1083 2199 1355 2269 sapientes
1434 2198 1810 2267 perhibentur,
1852 2198 2159 2253 divinorum
2206 2200 2550 2255 oraculorum
2603 2200 3069 2268 perspicuitatem,
3099 2212 3157 2255 et
3220 2201 3475 2255 «Ιοείιιιιιιι

202 2297 417 2367 nugari,
464 2296 817 2363 divinamque
882 2291 1228 2350 oraculorum
1260 2290 1554 2347 dictionem
1590 2290 2013 2361 amplectantur,
2077 2308 2197 2361 qua:
2226 2308 2335 2350 non
2396 2294 2465 2348 ad
2520 2294 2892 2360 ambitionem,
2923 2296 3017 2348 sed
3055 2296 3121 2348 ad
3185 2295 3474 2349 utilitatem

202 2389 545 2444 audientium
575 2384 835 2455 respexit.

737 2503 856 2572 ιβ’.
891 2531 964 2545 --
1006 2503 1256 2575 ΠΕΤΡῼ.

262 2640 357 2712 Μὴ
389 2640 696 2711 σκιαμάχει
716 2637 854 2709 (86),
887 2631 934 2693 ὦ
965 2636 1151 2707 φίλοςο
1209 2634 1346 2706 μηδὲ
1372 2634 1504 2706 περὶ
1533 2632 1646 2703 (87)
1682 2630 1791 2686 τῶν

196 2734 477 2803 τυχόντων
513 2731 853 2802 φιλονεικῶν,
889 2732 949 2785 ὲν
976 2731 1090 2792 τοῖς
1128 2728 1405 2800 μεγίστοις
1430 2725 1526 2781 καὶ
1556 2725 1793 2797 καιρίοις

199 2824 400 2876 σαυτὸν
454 2822 807 2876 κατάϐλαπτε
828 2838 846 2853 ο
887 2821 1023 2892 μηδὲ
1052 2818 1215 2890 ζήλου
1240 2819 1367 2881 τοὺς
1399 2817 1497 2889 τὴν
1539 2816 1790 2888 κάμηλον

199 2913 629 2976 καταπίνοντας,
652 2912 749 2967 καὶ
774 2911 868 2965 τὸν
900 2910 1140 2965 κώνωπα
1168 2909 1519 2974 διυλίζοντας.

419 3129 537 3197 ιιιν.
570 3157 643 3169 -
669 3128 930 3183 AANIHA
966 3124 1420 3196 ΠΡΕΣΒΥΤΕΡῼ
1444 3124 1576 3195 (88).

2412 2499 2571 2555 XCII.
2604 2531 2674 2543 -
2708 2498 2958 2557 PETRO.

1971 2627 2114 2695 Noli,
2139 2630 2210 2682 mi
2238 2628 2436 2696 amice,
2462 2644 2587 2684 cum
2614 2627 2821 2683 umbris
2851 2626 3130 2699 digladiari
3154 2646 3169 2696 ;
3199 2628 3327 2694 noli,
3351 2628 3476 2682 dum

1899 2720 1966 2775 de
1991 2722 2150 2776 rebus
2190 2720 2432 2775 futilibus
2462 2720 2844 2776 contentiones
2876 2720 3105 2786 excitos,
3151 2722 3377 2790 teipsum
3423 2723 3474 2774 iu

1896 2812 2151 2868 maximis
2195 2823 2250 2867 et
2290 2810 2613 2883 capitalibus
2657 2812 2899 2868 laedere:
2935 2814 3043 2868 noli
3095 2814 3327 2883 denique
3355 2828 3474 2875 eos,

1894 2906 1987 2975 qui
2041 2905 2303 2961 camelum
2352 2904 2689 2975 deglutiunt,
2746 2915 2802 2962 et
2873 2906 3101 2962 culicem
3152 2905 3431 2977 percolaut
3461 2946 3477 2972 ,

1896 2996 2169 3052 aemulari.

2129 3106 2314 3163 XCIII.
2346 3138 2415 3150 —-
2455 3106 2729 3163 DANIELI
2763 3106 3249 3164 PRESBYTERU.

201 3227 301 3290 Εἰς
328 3224 408 3279 τὸ
431 3266 449 3291 ,
486 3241 506 3276 t
544 3222 837 3291 Μακάριοί
858 3222 1021 3289 ἐστε,
1045 3218 1191 3291 ὅταν
1228 3217 1616 3291 όιίεῄιιξίσωσιν
1638 3215 1793 3288 ὑμᾶς

1907 3200 1967 3255 In
1990 3200 2148 3266 illud,
2179 3218 2198 3251 ι
2237 3198 2390 3253 Beati
2426 3201 2571 3291 estis,
2610 3215 2732 3291 curn
2760 3200 2952 3291 probra
2992 3198 3133 3253 vobis
3161 3200 3478 3269 ingesserint

574 3295 629 3347 οἱ
656 3287 975 3362 ᾶκθρωποι,
1007 3287 1033 3342 ⁷»
1063 3288 1163 3344 καὶ
1183 3288 1257 3344 τὰ
1282 3287 1448 3359 ἑξῆς.

266 3432 537 3487 Μάλιστα
597 3430 699 3501 μὲν
748 3429 923 3484 πᾶσαι
993 3428 1049 3482 al.
1098 3427 1286 3499 ὕϐρεις
1332 3426 1393 3479 οὐ
1416 3425 1527 3497 (89)
1568 3424 1660 3479 διὰ
1706 3426 1799 3479 τὸν

199 3522 447 3597 Χριστὸν
463 3523 727 3592 γίνονται,
751 3521 867 3575 ἀλλ’
902 3519 1050 3574 ἔστιν
1071 3520 1162 3573 ὅτε
1182 3519 1279 3574 καὶ
1306 3518 1374 3572 δι’
1396 3519 1544 3589 ἡμᾶς
1574 3518 1796 3581 αὐτοὺς,

199 3616 233 3686 ἢ
267 3613 609 3675 ἀδικοῦντας
658 3612 693 3683 ἢ
742 3611 873 3666 ἄλλο
909 3628 964 3664 τι
1006 3609 1270 3681 δρῶντας.
1308 3610 1466 3662 Ἐστι
1491 3607 1549 3661 δὲ
1583 3608 1673 3661 ὅτε
1707 3598 1802 3660 καὶ

198 3706 267 3763 δι’
309 3708 488 3763 αὐτὸν
541 3706 641 3777 μὲν
696 3706 936 3775 γίνονται
964 3721 978 3735 ·
1039 3704 1263 3775 ἀληθεῖς
1308 3703 1366 3757 δέ
1419 3704 1546 3767 εισι,
1587 3703 1683 3755 καὶ⁵
1736 3702 1799 3754 οὑ

200 3797 621 3870 πεπλασμέναι.
682 3796 787 3851 Δύο
834 3796 1015 3851 τοίνυν
1060 3793 1216 3867 ζητεῖ
1262 3795 1292 3847 ό
1340 3793 1648 3865 ἀκρότατος
1695 3793 1796 3861 τῆς

201 3891 625 3963 εὐδοκιμήσεως
657 3890 804 3960 ὄρος,
826 3887 921 3942 καὶ
961 3886 1023 3942 τὸ
1049 3886 1267 3952 ψευδεῖς
1298 3880 1439 3939 εἶναι
1466 3885 1565 3946 τὰς
1591 3881 1801 3952 ὕϐρεις,

202 3988 299 4039 κιιλ⁵
346 3986 417 4039 τὸ
474 3984 544 4038 δι’
586 3984 748 4037 αὐτὸν
794 3980 1066 4051 γίνεσθαι.
1126 3976 1190 4033 El
1219 3978 1276 4033 δὲ
1310 3978 1537 4049 θάτερον
1582 3975 1802 4030 ἀπολει-

205 4078 381 4150 φθείη
410 4076 553 4145 (90),
612 4076 839 4147 θάτερον
894 4074 996 4126 οὐκ
1042 4070 1465 4141 ἀναιρεθήσεται
1513 4068 1636 4139 μὲν,
1690 4067 1804 4120 οὐδ’

202 4168 456 4239 ἀργίσει
485 4180 500 4193 ·
536 4165 738 4219 ἄτοπον
774 4162 885 4233 γὰρ
917 4160 1111 4215 τοῦτο·
1146 4161 1227 4225 είς
1254 4158 1313 4214 δὲ
1359 4157 1457 4229 τήν
1496 4156 1804 4228 ἀκροτάτην

207 4255 605 4329 μακαριότητα
649 4253 713 4306 οὐ
759 4250 1076 4321 καταλήξει.
1140 4250 1205 4303 El
1264 4247 1366 4319 μὲν
1410 4247 1523 4318 γὰρ
1582 4246 1670 4300 διὰ
1713 4246 1805 4299 τὸν

205 4349 461 4421 Χριστὸν
498 4344 911 4418 λοιδορούμεθα,
953 4340 1176 4413 ἀληθεῖς
1210 4341 1267 4395 δέ
1305 4342 1442 4394 εἰσιν
1487 4340 1544 4393 αἱ
1590 4338 1799 4409 ὕϐρεις,

206 4442 588 4512 ὑποτέμνεται
629 4440 658 4491 ό
702 4436 914 4510 μισθός.
964 4437 1028 4490 El
1066 4434 1125 4489 δὲ
1175 4434 1251 4505 μὴ
1281 4432 1370 4487 διὰ
1417 4430 1654 4502 Χριστὸν
1683 4430 1805 4501 μὲν,

203 4534 436 4605 ψευδεῖς
475 4530 521 4584 δ’
552 4530 679 4594 εἰσὶ,
712 4528 877 4583 πάλιν
931 4530 961 4582 ό
1010 4526 1205 4599 μισθὸς
1250 4525 1312 4578 οὐ
1356 4524 1804 4621 κορυφαιότατος.
1841 4567 1884 4621 D

213 4626 387 4694 Ἔχει
423 4622 523 4693 μὲν
562 4620 672 4691 γὰρ
710 4619 969 4689 ἑκάτερον
1012 4616 1224 4689 μισθὸν,
1253 4615 1369 4669 ἀλλ’
1409 4615 1471 4668 οὐ
1520 4613 1797 4678 τοσοῦτον,

208 4718 341 4771 ὅσον
366 4715 420 4767 εί
439 4711 735 4782 συναφθείη
764 4710 1094 4781 ἀμφότερον.
1117 4706 1191 4760 Τὸ
1209 4706 1287 4774 δὲ,
1309 4706 1565 4758 «Ἕνεκεν
1595 4703 1753 4775 ἐμοῦ,
1779 4723 1797 4755 ι

207 4808 423 4877 λέγων,
465 4805 527 4858 οὐ
568 4802 804 4857 ταπεινὰ
855 4800 987 4871 περὶ
1029 4796 1223 4854 ἑαυτοῦ
1280 4796 1578 4869 παρίστησι
1630 4797 1791 4859 νοεῖν,

282 4990 333 5020 ⁸⁸
369 4985 559 5041 Matth.
590 4999 685 5050 vn,
727 4982 817 5037 12.
895 4982 942 5013 “
963 4978 1154 5034 Matth.
1180 4993 1236 5047 v,
1270 4976 1358 5031 ll.

2427 3270 2661 3323 homines
2688 3268 2755 3335 “,
2781 3288 2810 3320 θ
2852 3278 2955 3322 etc.

1973 3407 2214 3461 Primum
2247 3405 2466 3477 quidem
2512 3420 2619 3459 non
2664 3418 2855 3460 omnes
2884 3402 3229 3461 contumeliae
3259 3418 3478 3477 propter

1901 3499 2177 3555 Christum
2213 3496 2542 3560 inferuntur,
2581 3496 2675 3551 sed
2719 3496 3018 3567 aliquando
3051 3499 3215 3551 etiam
3260 3508 3483 3569 propter

1902 3592 2297 3661 nosmetipsos,
2333 3589 2417 3645 vel
2451 3589 2637 3658 inique
2664 3600 2909 3660 agentes,
2948 3589 3033 3643 vel
3064 3590 3191 3659 quid
3225 3590 3373 3644 aliud
3403 3590 3485 3643 fa-

1901 3686 2132 3740 cientes.
2180 3682 2455 3738 Interdum
2506 3698 2638 3737 vero
2671 3691 2895 3753 propter
2936 3681 3217 3737 Christum
3266 3682 3485 3752 quidem

1904 3777 2212 3832 inferuntur
2237 3775 2469 3845 probra;
2510 3776 2606 3829 sed
2647 3784 2831 3828 tamen
2865 3789 2991 3828 vera
3018 3784 3165 3840 sunt,
3192 3788 3301 3827 non
3335 3787 3471 3827 cou-

1903 3870 2052 3925 licta.
2108 3868 2222 3923 Duo
2275 3867 2442 3938 igitur
2484 3866 2863 3937 (coniunctim)
2909 3866 3138 3936 requirit
3198 3880 3487 3936 supremus

1905 3961 2180 4017 beatitatis
2212 3969 2269 4015 et
2311 3958 2499 4030 gloriae
2534 3958 2826 4024 terminus,
2874 3972 3070 4029 nempe
3115 3966 3194 4013 ut‘
3237 3967 3293 4013 et
3338 3957 3488 4012 falsa

1906 4059 2017 4112 sint
2046 4054 2410 4118 couttuuelize,
2440 4062 2497 4108 et
2537 4062 2759 4123 propter
2792 4054 2966 4122 ipsqu
3021 4052 3169 4106 fiant.
3206 4050 3304 4106 Sin
3350 4066 3479 4105 vero

1906 4149 2229 4205 alterutrum
2283 4149 2478 4203 horum
2524 4149 2682 4212 desit,
2727 4149 2958 4203 alterum
3016 4163 3122 4202 non
3185 4147 3491 4202 adolebitur

1909 4255 2065 4307 sane,
2096 4254 2272 4308 neque
2297 4240 2532 4294 otiosum
2561 4242 2667 4294 erit
2687 4239 3004 4310 (absurdum
3034 4239 3179 4293 enim
3204 4239 3307 4293 hoc
3348 4237 3443 4309 sit)
3468 4259 3481 4290 :

1910 4340 2286 4386 verumtamen
2318 4332 2386 4385 ad
2420 4346 2728 4401 supremam
2780 4332 3169 4386 beatitudinem
3208 4346 3312 4385 non
3357 4345 3486 4401 per-

1917 4424 2107 4494 tinget.
2156 4420 2292 4477 Nam
2324 4422 2371 4477 si
2419 4422 2641 4492 quidem
2682 4430 2903 4491 propter
2932 4421 3208 4476 Christum
3244 4422 3488 4476 convicia

1913 4517 2172 4586 patimur,
2208 4516 2304 4571 sed
2336 4529 2463 4568 vera
2510 4524 2688 4569 tamen
2737 4523 2865 4568 sunt
2892 4514 3111 4585 probra,
3151 4528 3360 4569 merces
3404 4529 3490 4568 re-

1916 4618 2136 4664 secatur
2168 4626 2182 4663 :
2210 4608 2295 4663 sin
2324 4616 2505 4662 autem
2532 4622 2637 4663 non
2674 4606 2878 4661 Christi
2912 4606 3131 4675 quidem
3177 4620 3362 4670 causa,
3393 4606 3488 4660 sed

1917 4710 2097 4756 tamen
2136 4699 2271 4754 falsa
2323 4708 2452 4754 sunt
2500 4713 2620 4768 quae
2665 4698 2822 4752 nobis
2864 4696 3226 4765 objiciuntur,
3269 4711 3487 4751 rursum

1914 4807 2024 4849 non
2070 4792 2178 4849 erit
2215 4805 2467 4861 suprema
2498 4804 2732 4847 merces.
2765 4789 3113 4846 Alterutrum
3136 4789 3281 4845 enim
3318 4785 3389 4858 (si
3418 4786 3490 4843 sit

1312 5132 1551 5191 VARUE
1593 5126 1983 5189 LECTIONES
2022 5130 2110 5185 ET
2142 5128 2368 5185 NOT/E.

294 5307 417 5376 (85)
464 5304 623 5375 Πρὸς
685 5301 1099 5376 Ἀριστοτέλην
1166 5297 1557 5376 ἐφραξάμενοι.
1617 5293 1815 5376 copler

1919 5291 2453 5376 κατᾴϐλελττεῃιθείι..
2470 5289 2684 5376 Possm.

216 5381 412 5434 locum

215 5451 326 5505 lib.
356 5462 433 5501 τι.
467 5451 631 5500 Βιττ.

297 5516 416 5587 (86)
444 5515 547 5587 ,Mh
588 5511 931 5587 σκιαιίιξχει.
966 5509 1359 5587 Demosthenes
1390 5514 1639 5587 extrema
1685 5518 1813 5587 ora-

219 5574 498 5660 tio‘ne'De
532 5574 665 5660 pace
688 5597 714 5660 ί
732 5574 963 5660 Ἐΰὴθες
1000 5581 1093 5660 καὶ
1143 5579 1338 5660 κομιδῇ
1379 5577 1624 5660 σχέτλιον

505 5365 627 5429 Iane
671 5365 942 5442 geininutn
979 5365 1138 5441 epist.
1166 5365 1220 5424 3⁷
1245 5370 1335 5423 lib.
1369 5365 1410 5421 tt
1441 5376 1497 5422 et
1539 5380 1626 5435 ep.
1658 5365 1728 5419 55
1754 5365 1813 5418 lt.

1991 5363 2108 5431 (88)
2142 5360 2534 5430 Couleriepist.
2565 5362 2682 5425 l90,
2713 5360 2872 5416 infra.
2914 5360 3088 5419 Rt'r'r.

1993 5433 2106 5503 (89)
2143 5432 2298 5506 Vers.
2329 5432 2354 5485 1
2389 5432 2547 5506 epist.
2581 5432 2642 5484 οὐ
2683 5431 2825 5506 quod
2859 5442 2977 5506 erat
3004 5442 3127 5501 post
3150 5433 3343 5506 ὕϐρεις
3374 5436 3499 5489 cod.

1920 5502 2042 5558 Vat.
2073 5502 2353 5567 transfert,
2383 5502 2653 5557 collocatis
2684 5503 2824 5555 inter
2852 5502 2953 5570 μὲν
2978 5512 3030 5557 et
3074 5502 3266 5560 πᾶσαι.
3296 5506 3500 5559 l’ossm.

1993 5572 2107 5645 (90)
2144 5572 2285 5645 Idem
2313 5574 2434 5627 cod.
2488 5572 3003 5645 ροσε-ἀπολειφθείη
3048 5575 3223 5645 addit
3247 5575 3498 5645 θατέρου.

218 5657 483 5719 ἅπαντας
507 5642 636 5727 τέερὶ
654 5654 755 5724 τῆς
775 5655 834 5706 ὲν
855 5642 1086 5727 ’Δελφοῖς
1107 5642 1279 5727 σκιᾶς
1312 5642 1649 5727 ἦτολέμῆσαι,
1671 5644 1815 5727 .Yide

1925 5642 2093 5699 Vers.
2108 5653 2229 5727 post
2258 5643 2314 5707 2,
2336 5658 2449 5727 Apro
2480 5642 2772 5727 καταλήξει
2800 5642 2964 5697 habet
2993 5642 3316 5727 κατατιξιιξιειἱ
3345 5642 3499 5700 Vers.

220 5715 654 5794 explicationem
711 5715 1040 5796 proverbii:
1096 5719 1174 5775 De
1246 5715 1811 5786 umbra—digladiari.

222 5798 409 5853 ῐὶιττ.

307 5867 422 5936 (87)
456 5865 587 5923 Cod.
614 5865 735 5922 Vat.
763 5904 777 5931 .
812 5863 950 5935 ὑπὲρ
979 5874 1033 5918 et
1064 5876 1200 5918 vers.
1240 5860 1274 5914 5
1311 5872 1406 5929 pro
1435 5857 1811 5921 κατάϐλαπτε,

1923 5730 2040 5799 seq.
2066 5708 2213 5839 Ieiow
2241 5708 2409 5769 mutat
2429 5716 2480 5769 in
2506 5708 2818 5769 (oms-tum
2840 5728 2940 5782 pro
2958 5716 3066 5768 εἰσι
3089 5715 3279 5774 scribit
3303 5716 3499 5772 iterum

1923 5802 2041 5839 ωσι.
2092 5800 2141 5838 ι).

1920 5802 2041 5839 ωσι.
2066 5800 2141 5839 ΙΙ).
