3886 6420
394 396 532 458 1155

1576 390 1635 449 S.
1682 388 1976 450 ISIDORI
2016 379 2454 446 PELUSIOTXE

3516 362 3654 427 1156

394 507 595 576 solum)
649 502 873 558 babebit
926 502 1230 557 mercedem
1264 539 1281 566 ,
1344 515 1448 553 non
1501 509 1680 576 tamen
1738 506 2017 561 tantam.)

2127 496 2193 549 es
2263 492 2399 553 ὅλως
2472 489 2708 559 μέτρια,
2779 483 2875 538 καὶ
2941 478 3169 543 κτίσεως
3208 478 3368 545 ἀξίαν
3422 476 3660 547 ἔχοντα·

394 609 595 667 quanta
629 597 784 660 foret,
821 596 863 650 si
893 605 1182 663 utrumque
1217 574 1658 662 coniungeretur.
1699 591 1832 644 Dum
1874 605 1970 644 au-

397 700 503 743 tem
539 689 614 741 ait
646 706 660 741 :
692 705 713 738 ι
754 687 867 740 Mea
900 701 1086 749 causa,
1122 704 1143 737 ι
1176 685 1243 737 de
1285 699 1344 738 se
1379 699 1482 736 non
1519 683 1737 736 humilia
1771 695 1971 751 propo-

2076 585 2382 657 ὑπέροπτον
2424 581 2556 651 γὰρ,
2594 580 2709 641 τοῖς
2758 574 3025 636 τοιούτοις
3070 572 3243 626 ἆπασι
3295 568 3358 621 τὺ
3407 569 3487 638 μὴ
3528 567 3667 619 Θεὸν

2076 675 2438 749 προτίθεσθαι
2490 671 2714 735 σκοπὸν,
2758 668 2897 723 ἀλλά
2947 666 3017 719 δι’
3066 664 3284 727 αὐτοὺς,
3317 661 3398 724 ὡς
3442 661 3543 712 καὶ
3596 658 3664 711 δι’

398 780 476 832 nit
496 779 792 842 sentienda,
822 792 997 847 neque
1018 777 1240 830 omnino
1276 775 1587 840 mediocria,
1622 783 1676 827 et
1705 785 1974 829 creaturae

2127 768 2308 837 τώνων
2343 764 2616 836 μεγίστων
2662 760 2760 814 καὶ
2782 757 3029 830 ἐσχάτων
3075 753 3338 808 κινδύνων
3362 750 3670 818 ἀξιοσπου-

400 870 651 924 habentia
680 869 1017 938 dignitatem.
1058 866 1163 922 Res
1218 866 1365 920 enim
1406 865 1683 933 despectui
1728 863 1974 917 habenda
2079 860 2330 921 δάστους.

397 972 501 1028 est,
532 961 728 1016 talibus
756 959 1012 1015 omnibus
1062 974 1170 1013 non
1218 959 1392 1027 ipsum
1444 931 1611 1012 Deum
1658 969 1963 1026 proponere
2026 961 2287 1021 tanquam
2335 962 2580 1017 scopum,
2648 943 2744 1000 sed
2791 949 3013 1012 propter
3090 939 3237 1008 ipsos
3290 933 3416 988 talia
3468 931 3677 997 facere,

399 1055 555 1126 quasi
603 1053 694 1124 qui
730 1067 828 1124 per
856 1052 1091 1131 maxima
1133 1050 1435 1106 certamina
1484 1058 1840 1117 extremaque
1882 1043 2125 1117 pericula
2155 1041 2336 1099 studio
2370 1038 2518 1109 digni
2554 1036 2686 1091 sint.

736 1167 921 1223 XCIV.
951 1197 1023 1209 —
1055 1162 1288 1221 HELUE
1318 1159 1638 1218 DIACONO.

408 1284 475 1340 In
506 1285 642 1341 illud
672 1280 854 1355 (Pauli
884 1280 1129 1355 dictum),
1170 1297 1189 1331 ι
1230 1279 1415 1355 Itaque
1441 1274 1604 1329 nolite
1636 1282 1756 1327 ante
1786 1282 1987 1341 tempus

982 1352 1243 1421 judicare
1266 1349 1333 1402 ⁸⁷.
1366 1367 1384 1399 ι

483 1467 615 1522 Νονί
648 1481 750 1535 ego
778 1466 1088 1536 quosdam,
1125 1464 1217 1533 qui
1271 1461 1573 1533 cupiditate
1622 1459 1844 1515 alterius
1888 1472 1989 1511 cu-

406 1560 619 1631 jusdam
678 1556 973 1612 luxuriosa:
1022 1555 1323 1625 voluptatis
1390 1556 1763 1623 temperantia:
1805 1549 1991 1605 stude-

414 1659 576 1716 rent;
613 1648 751 1704 alios
796 1655 1001 1715 autem,
1038 1646 1129 1717 qui
1187 1645 1351 1700 insita
1392 1654 1601 1698 natura:
1641 1641 1692 1697 vi
1747 1642 1814 1695 ad
1866 1652 1989 1693 eam

412 1750 624 1811 partem
663 1738 1027 1810 c0gitationes
1061 1752 1189 1791 suas
1212 1736 1561 1792 inclinarent.
1591 1735 1658 1788 Et
1699 1733 1837 1788 alios
1868 1731 1989 1800 qui-

414 1834 561 1900 dem,
608 1832 705 1901 qui
757 1831 927 1901 copiae
985 1845 1167 1884 rerum
1203 1828 1595 1893 felicitatisque
1638 1825 1993 1895 impetrandae

414 1941 586 1982 causa
622 1927 787 1980 Deum
822 1925 1142 1979 invocarent
1174 1939 1190 1977 :
1224 1922 1363 1977 alios
1393 1936 1526 1976 vero
1554 1919 1647 1989 qui
1678 1919 1849 1973 solius
1882 1917 1996 1984 pie-

420 2021 547 2074 tatis
576 2034 707 2089 ergo
741 2016 1161 2073 sanctimoniam
1193 2014 1460 2070 colerent.
1486 2014 1553 2066 Et
1582 2012 1717 2067 alios
1751 2010 1992 2080 quidem,

417 2113 511 2181 qui
548 2110 798 2179 quamvis
839 2110 907 2164 ad
954 2107 1282 2176 iniustitiam
1333 2113 1517 2160 essent
1568 2103 1787 2167 intenti,
1818 2112 1997 2156 tamen

424 2204 700 2275 justitiam
734 2211 991 2271 tanquam
1029 2200 1205 2254 velum
1259 2196 1529 2268 quoddam
1578 2196 1850 2266 iniquitati
1903 2195 2000 2249 ob-

421 2302 689 2351 ducerent
722 2312 737 2362 ;
770 2294 906 2349 alios
934 2308 1084 2359 vero,
1116 2292 1209 2362 qui
1245 2290 1582 2346 inclinationi
1621 2288 1998 2358 propensioni-

422 2402 531 2458 que
582 2389 648 2443 ad
692 2386 966 2457 justitiam
1012 2385 1204 2439 ducem
1242 2384 1581 2453 prtelicerent
1627 2380 1789 2454 463
1836 2380 2004 2435 ratio-

428 2494 574 2534 nem.
604 2479 661 2533 Si
695 2478 860 2548 igitur
888 2492 1010 2546 ego,
1038 2492 1161 2530 cum
1196 2477 1297 2531 sim
1332 2488 1434 2545 ego
1458 2474 1615 2539 'vilis,
1649 2484 1706 2529 et
1732 2474 1800 2527 ad
1842 2471 2005 2526 intel-

428 2570 707 2640 ligentiam
744 2569 950 2633 tardus,
1001 2568 1149 2638 potui
1186 2567 1623 2622 animadvertere
1647 2558 1810 2635 'quod
1850 2560 2004 2617 multi

431 2660 690 2714 mortales
723 2658 1023 2713 honestatis
1057 2656 1266 2711 radices
1302 2672 1405 2710 non
1440 2656 1494 2710 in
1519 2655 1718 2710 virtute
1748 2654 2006 2717 ﬁxerunt,

431 2751 526 2807 sed
550 2750 616 2804 ad
648 2749 792 2803 aliud
814 2748 1089 2818 quippiam
1130 2748 1505 2817 reSpicientes,
1539 2747 1881 2801 honestatem
1912 2757 2006 2798 co-

435 2845 695 2898 luerunt:
745 2842 871 2911 quid
915 2842 983 2895 de
1030 2840 1119 2895 illa
1160 2839 1419 2895 inell‘abili
1472 2838 1741 2908 sapientia
1782 2833 2009 2907 (divina)

433 2932 920 2991 existimabimus?
950 2931 1089 2986 Num
1139 2931 1229 2985 illa
1279 2930 1577 2986 indicibilis
1630 2926 2007 2998 intelligentia,

434 3040 556 3094 qua:
590 3039 781 3078 omnes
822 3037 910 3077 res
937 3022 1088 3075 novit
1124 3030 1412 3090 antequam
1457 3020 1744 3082 exsistant,
1773 3016 2012 3072 sustine-

2441 1152 2560 1204 PA'.
2626 1180 2697 1193 -
2757 1145 2926 1217 ΗΛΙᾼ
2984 1141 3310 1213 ΔΙΑΚΟΝῼ.

2191 1269 2295 1331 Εις
2323 1265 2387 1321 τὸ
2411 1303 2427 1329 ,
2464 1281 2484 1314 ι
2522 1262 2703 1316 Ὥστε
2728 1260 2814 1330 μὴ
2841 1257 2956 1329 πρὸ
2998 1254 3206 1324 καιροῦ
3243 1254 3506 1323 κρίνετε.
3547 1269 3569 1303 ι

2166 1445 2297 1505 Οἶδα
2337 1447 2449 1517 ἐγὼ
2483 1447 2636 1509 τινάς
2685 1444 2782 1515 μὲν
2831 1442 3126 1506 ἀκολασίας
3170 1441 3366 1512 ἐτέρας
3404 1438 3682 1509 ἐπιθυμία

2098 1542 2442 1615 μελετῶντας
2506 1543 2807 1609 σωφρονεῖν
2849 1536 2986 1607 (91)·
3052 1534 3205 1599 τινὰς
3245 1535 3321 1599 δὲ,
3384 1535 3683 1602 αὐτοφυεῖς

2097 1635 2234 1707 πρὸς
2278 1634 2377 1705 τὴν
2414 1632 2606 1686 τούτου
2654 1628 2829 1700 ῥοπὴν
2863 1627 2976 1699 (92)
3027 1627 3157 1690 τοὺς
3209 1626 3510 1696 λογισμοὺς
3568 1627 3684 1677 ἐπι-

2097 1727 2423 1789 κλίνανταςο
2463 1722 2558 1777 καί
2598 1739 2752 1785 τινας
2783 1720 2901 1791 μὲν,
2942 1718 3246 1789 εὐημερίας
3281 1718 3444 1789 χάριν
3490 1717 3686 1785 δεομέ-

2094 1836 2219 1882 νους
2245 1818 2356 1888 (93)
2376 1816 2436 1870 τὸ
2467 1814 2653 1867 Θεῖον’
2682 1813 2834 1877 τινάς
2857 1812 2936 1877 δὲ,
2976 1806 3262 1874 εὐσεϐείας
3303 1810 3471 1865 ἕνεκα
3516 1810 3687 1879 μόνης

2096 1908 2158 1960 τὸ
2184 1906 2350 1976 άγνὸν
2382 1903 2850 1975 μετερχομένους·
2901 1901 2994 1955 καί
3019 1918 3172 1965 τινας
3210 1901 3309 1971 μὲν
3349 1902 3431 1964 εἰς
3466 1899 3686 1953 ἀδικίαν

2100 1999 2420 2072 βλέποντας,
2444 1996 2821 2068 προκάλυμμα
2848 1992 2947 2064 τῆς
2974 1994 3187 2056 ἀδικίας
3210 1993 3308 2064 τὴν
3334 1990 3688 2061 δικαιοσύνην

2098 2090 2586 2162 ἐπανῃρημένους
2620 2088 2775 2151 τινὰς
2810 2087 2888 2152 δὲ,
2924 2087 3025 2157 τῆς
3050 2086 3144 2139 ἐπὶ
3168 2086 3228 2138 τὺ
3256 2085 3469 2138 δίκαιον
3515 2086 3689 2154 φορᾶς

2099 2183 2343 2255 ἡγεμόνα
2372 2183 2472 2253 τὴν
2497 2181 2722 2252 γνώμην
2744 2180 2984 2250 ἔχοντας.
3010 2180 3075 2233 Εί
3099 2179 3279 2232 τοίνυν
3310 2177 3445 2246 ἐγὼ,
3481 2177 3692 2248 ἄνθρω-

2101 2295 2202 2341 πος
2235 2276 2312 2329 ὢν
2348 2274 2575 2347 εὐτελὴς
2595 2314 2610 2339 ,
2664 2276 2759 2327 καὶ
2787 2273 2924 2344 πρὸς
2957 2271 3173 2327 σύνεσιν
3227 2270 3465 2342 βραδὺς,
3500 2271 3692 2339 ἐδυνή-

2104 2370 2203 2438 θην
2226 2368 2339 2439 (94)
2375 2366 2725 2432 καταλαϐεῖν,
2749 2367 2833 2419 ὅτι
2869 2364 3055 2418 πολλοὶ
3082 2363 3178 2416 τοῦ
3207 2363 3376 2417 καλοῦ
3408 2363 3513 2425 τάς
3542 2364 3695 2433 ῥίζας

2103 2462 2203 2515 οὑκ
2226 2461 2333 2515 ἀπὸ
2359 2460 2561 2533 ἀρετῆς
2604 2458 2897 2530 ἐπήξαντο,
2941 2455 3081 2511 ἀλλά
3120 2456 3256 2527 πρός
3303 2474 3358 2509 τι
3396 2456 3693 2526 βλέποντες

2104 2555 2314 2625 ἕτερον,
2371 2553 2433 2605 τὸ
2480 2552 2645 2605 καλὸν
2702 2550 3007 2621 ἐτίμησαν·
3058 2551 3093 2619 ἡ
3142 2549 3382 2620 ἀρῤητος
3426 2549 3621 2617 σοφία,
3662 2550 3696 2618 ἡ

2106 2648 2385 2719 ἄφραστος
2426 2644 2662 2707 σύνεσις,
2704 2645 2739 2714 ἡ
2773 2642 3113 2713 ἐπισταμένη
3145 2642 3325 2697 πάντα
3374 2642 3511 2713 πρὶν
3542 2642 3697 2710 γενέ-

2109 2758 2248 2801 σεως
2263 2782 2277 2805 ,
2308 2738 2557 2802 ἀνέξεται
2595 2736 2703 2790 ἀπὸ
2728 2736 2836 2788 τῶν
2860 2735 3070 2789 κλάδων
3093 2735 3313 2802 ἐνέγκαι
3334 2734 3434 2797 τὰς
3455 2733 3696 2805 ψήφους,

2108 2833 2207 2900 τῆς
2229 2829 2385 2900 ῥίζης
2412 2827 2670 2890 ἐναντίως
2713 2827 3103 2898 διακειμένης;
3149 2827 3265 2879 Οὐκ
3295 2825 3472 2895 ἔγωγε
3517 2825 3693 2896 οἶμαι,

2110 2923 2245 2977 ἀλλά
2269 2922 2365 2976 καὶ
2396 2920 2496 2985 τὰς
2526 2918 2683 2992 ῥίζας
2725 2920 2943 2983 καὶτὰς
2964 2919 3221 2989 ἀπαρχὰς
3252 2919 3349 2971 καὶ
3387 2918 3487 2983 τάς
3529 2919 3700 2989 ῥοπὰς

2111 3017 2206 3070 καὶ
2235 3018 2335 3079 τὰς
2364 3014 2543 3085 ὁρμὰς
2582 3014 2683 3083 τῆς
2719 3012 2897 3083 ψυχῆς
2942 3013 3025 3075 εἰς
3054 3011 3257 3083 ακριϐῆ
3293 3011 3534 3081 βάσανον
3564 3029 3701 3079 παρ-

439 3116 522 3169 bit
551 3112 787 3169 calculos
834 3111 978 3167 ferre
1009 3126 1077 3166 ex
1114 3111 1281 3165 ramis
1307 3117 1537 3174 tantum,
1570 3108 1752 3163 radice
1792 3115 2009 3161 contra-

2127 3109 2345 3177 ἀγουσα,
2377 3110 2442 3161 ἐκ
2460 3106 2561 3176 τῆς
2581 3106 2788 3169 οίκείας
2835 3105 3070 3176 κρίσεως
3128 3105 3228 3174 τῆς
3268 3105 3579 3160 ἀδεκάστου
3608 3106 3702 3173 τὴν

438 3208 581 3260 rium
613 3207 668 3260 in
695 3204 913 3260 modum
940 3202 1173 3258 all‘ecta?
1198 3202 1459 3272 Equidem
1497 3217 1603 3256 non
1630 3203 1709 3256 sic
1730 3200 2007 3265 existimo;

439 3295 537 3350 sed
590 3304 645 3350 et
685 3294 923 3357 radices,
963 3302 1020 3347 et
1048 3293 1317 3363 primitias
1353 3291 1645 3358 fructuum,
1690 3299 1745 3346 et
1782 3290 2015 3359 impetus

451 3399 737 3458 motusque
765 3395 822 3441 et
846 3386 1227 3441 inclinationes
1256 3387 1560 3439 animorum
1595 3384 1662 3438 ad
1691 3391 2009 3437 accuratum

443 3479 726 3534 adducens
755 3491 1010 3540 examen,
1052 3491 1115 3531 ex
1146 3475 1369 3544 proprio
1396 3490 1516 3537 suo,
1548 3487 1719 3542 eoque
1760 3472 2011 3525 incorru-

450 3580 578 3640 pto,
607 3567 815 3635 judicio
841 3565 1106 3619 calculum
1135 3564 1293 3618 feret.
1314 3562 1431 3617 Jam
1462 3564 1768 3632 expositum
1804 3559 1898 3614 tibi
1934 3573 2024 3613 sa--

446 3662 519 3715 tis
554 3659 792 3714 arbitror
823 3656 1182 3727 apostolicum
1238 3656 1387 3709 illum
1444 3655 1541 3709 abs
1588 3665 1641 3708 te
1688 3654 2021 3723 propositum

449 3753 627 3808 locum
660 3768 676 3805 :
714 3769 734 3802 ι
768 3753 955 3819 Itaque
980 3748 1149 3803 nolite
1182 3758 1310 3801 ante
1341 3758 1553 3815 tempus
1578 3744 1843 3814 judicare.
1888 3762 1908 3795 ι
1943 3744 2025 3797 ln-

453 3844 655 3913 tellige,
687 3851 783 3897 aut
812 3842 881 3895 de
910 3841 1075 3895 rebus
1108 3840 1361 3895 obscuris
1380 3877 1395 3902 ,
1427 3853 1548 3907 qua:
1578 3853 1674 3892 nec
1708 3836 1868 3890 facile
1897 3851 2023 3905 pos-

450 3947 582 3994 sunt
613 3936 952 4007 investigari,
982 3944 1078 3988 aut
1117 3933 1185 3988 de
1220 3934 1383 3987 rebus
1407 3932 1857 3992 indilierentmus,
1875 3929 2023 3984 verbi

451 4030 627 4100 gratia
656 4028 839 4083 cibis:
893 4026 961 4081 de
1005 4024 1207 4095 quibus
1235 4024 1401 4078 etiam
1458 4022 1716 4079 Romanis
1760 4025 2023 4088 scribens,

455 4124 685 4179 multum
718 4120 1008 4174 verborum
1042 4117 1189 4173 fecit.
1222 4114 1356 4171 Nam
1406 4117 1474 4171 de
1518 4115 1679 4170 rebus
1727 4116 2030 4171 manifestis

455 4226 511 4271 et
535 4214 804 4286 judicavit
840 4211 1122 4284 (Paulus),
1158 4220 1216 4267 et
1264 4210 1510 4280 judicare
1544 4209 1701 4264 nobis
1730 4210 2029 4279 praecepit;

530 4396 573 4426 ⁸⁷
604 4393 768 4453 lCor.
794 4411 867 4460 Iv,
897 4394 951 4451 5.

2112 3200 2292 3271 ψῆφον
2318 3200 2477 3253 οἴσει.
2498 3198 2613 3269 (95)
2657 3193 2828 3269 Οἶμαι
2874 3196 3271 3269 σεσαφηνίσθαι
3303 3198 3364 3251 τὸ
3396 3200 3557 3269 παρὰ
3611 3195 3701 3249 σοῦ

2114 3293 2424 3364 προϐληθὲν
2454 3292 2815 3346 ἀποστολικὸν
2844 3291 3064 3363 χωρίον,
3098 3309 3117 3343 ι
3154 3291 3317 3343 Ὥστε
3347 3292 3424 3362 μὴ
3450 3292 3564 3363 πρὸ
3589 3308 3705 3344 και·

2119 3386 2214 3458 ροῦ
2249 3403 2303 3439 τι
2334 3384 2573 3456 κρίνετε.
2600 3404 2619 3438 ι
2656 3385 2826 3455 Δῆλον
2845 3383 2923 3449 δὲ,
2950 3385 3034 3436 ὅτι
3080 3383 3114 3455 ἢ
3155 3384 3286 3455 περὶ
3339 3383 3447 3437 τῶν
3470 3384 3701 3454 ἀδήλων,

2121 3479 2217 3530 καὶ
2276 3476 2351 3549 μὴ
2416 3475 2615 3547 ῥᾳδίως
2658 3476 3093 3546 ἀνιχνευομένων
3129 3475 3263 3545 (96),
3324 3474 3359 3546 ἢ
3418 3476 3555 3544 περὶ
3601 3474 3707 3527 τῶν

2124 3569 2434 3640 ἀδιαφόρων
2466 3567 2774 3639 βρωμάτων
2809 3568 2945 3639 (97),
2988 3568 3135 3638 περὶ.
3159 3560 3235 3622 ὧν
3271 3570 3371 3621 καὶ¹
3410 3567 3708 3638 Ῥωμαίοις

2125 3661 2459 3716 ἐπιστέλλων
2514 3661 2684 3714 πολὺν
2729 3662 2978 3715 ἀνάλωσε
3031 3660 3211 3728 λόγον.
3258 3661 3396 3732 Περὶ
3436 3661 3550 3731 γάρ
3606 3660 3709 3712 τῶν

2124 3752 2303 3823 δήλων
2340 3754 2435 3806 καὶ
2461 3751 2644 3823 ἔκρινε
2669 3754 2765 3805 καὶ
2788 3753 2997 3823 κρίνειν
3025 3751 3348 3822 προσέταξε,
3387 3752 3481 3805 καὶ
3518 3752 3709 3819 ἐξέϐα-

2132 3845 2221 3911 λε,
2262 3844 2358 3897 καὶ
2394 3843 2679 3897 ἐκϐάλλειν
2723 3844 2825 3915 τῆς
2877 3845 3205 3916 Ἐκκλησίας
3249 3845 3538 3899 ἐκέλευσε’
3587 3844 3711 3915 περὶ

2132 3934 2189 3988 δὲ
2228 3934 2336 3989 τῶν
2387 3934 2599 4005 ἀδήλων
2650 3936 2943 4006 ἀναμένειν
2994 3937 3457 4007 παρεκελεύσατο,
3497 3936 3609 4000 ἕως
3650 3937 3713 3989 ἂν

2134 4026 2266 4100 ἔλθῃ
2298 4028 2328 4079 ό
2366 4026 2604 4099 Κύριος⁶
2648 4027 2851 4081 ἄτοπον
2894 4028 3026 4101 γὰρ,
3075 4028 3347 4100 ἁρπάζειν
3386 4028 3480 4082 τοῦ
3522 4026 3712 4101 κριτοῦ

2135 4119 2234 4189 τὴν
2255 4118 2434 4185 ἀξίαν,
2458 4121 2553 4174 καὶ
2600 4120 2700 4192 τὴν
2732 4120 2911 4192 ψῆφον
2954 4122 3197 4195 ἀκρίτως
3241 4124 3456 4194 φέρειν,
3503 4124 3605 4175 καὶ
3643 4121 3717 4192 μὴ

2131 4212 2456 4285 ἐπιτρέπειν
2485 4212 2695 4286 ταύτην
2722 4213 2801 4286 τῷ
2839 4215 3021 4270 κανόνι
3055 4216 3155 4287 τῆς
3181 4215 3439 4287 ἀληθείας
3462 4215 3601 4287 (98).

1567 4526 1794 4583 νΑιιιιΕ
1836 4526 2219 4586 LECTIONES
2253 4530 2343 4586 ET
2381 4530 2590 4587 ΝΟΤᾸΕ

535 4686 650 4758 (91)
676 4686 1127 4770 Ρτφσωφρονεῖν
1154 4684 1285 4770 cod.
1321 4682 1440 4770 γει.
1490 4683 1657 4770 liabet
1698 4683 1762 4735 τὸ
1807 4700 2017 4754 σωφρον

2154 4686 2292 4739 rium
2319 4686 2694 4770 est'iudicare,
2736 4688 2971 4769 maxime
3012 4697 3070 4741 ut
3108 4688 3548 4770 condemnemus.
3600 4710 3621 4743 ι
3664 4692 3725 4745 Ει

467 4753 590 4812 Mox
627 4753 725 4825 pro
750 4753 1039 4825 αὐτοφυεῖς
1061 4754 1251 4811 scribit
1277 4753 1583 4825 αὐτοφυῷς.
1610 4754 1823 4825 Possm.

540 4821 655 4897 (92⁷)
719 4826 835 4893 Thr
888 4821 1105 4880 τούτου
1162 4824 1386 4893 ῥοπήν.
1426 4821 1629 4877 Malim
1694 4823 1798 4895 τὴν
1863 4821 2047 4876 τοιαύ-

467 4915 569 4952 την
597 4915 647 4952 ο.

525 4899 657 5038 ιῖ9ςὶ)
692 4965 987 5039 Δεομένους
1037 4966 1177 5039 idem
1226 4964 1345 5018 cod.
1378 4972 1555 5039 mutat
1592 4964 1642 5017 in
1687 4962 2050 5039 ἱλεουμένους.

476 5034 770 5106 Vel-sset].
796 5034 898 5106 pro
936 5038 997 5089 τὸ
1032 5036 1218 5104 ἁγνὸν,
1261 5034 1499 5106 [inuitae
1529 5035 1695 5106 ὅσιον.
1750 5034 1902 5088 Vers.
1933 5049 2050 5101 seq.

475 5104 818 5179 protltStalaé
852 5106 1133 5179 substituit
1158 5105 1523 5179 παρανομίας.
1560 5104 1767 5179 Possm:

551 5177 807 5248 (94)_Pro
854 5176 1118 5247 ἐδυνήθην
1161 5172 1531 5248 scribit‘idem
1586 5177 1708 5229 cod.
1745 5172 1919 5248 Va_lic._
1949 5172 2052 5227 650

475 5244 781 5319 ἠδωρήθην.
817 5248 972 5301 Vers.
1002 5244 1131 5301 inde
1164 5247 1217 5310 4,
1249 5247 1391 5299 inter
1436 5245 1613 5297 πάντα
1642 5254 1695 5298 et
1732 5244 1861 5314 πρὶν
1908 5244 2054 5297 inse-

482 5327 551 5371 rit
583 5319 694 5370 καί.
734 5319 942 5372 Possm.

695 5387 840 5466 inter
865 5387 1001 5466 ρῖσει
1031 5396 1086 5466 et
1122 5381 1276 5455 οἶμαι
1308 5386 1499 5441 inserit
1548 5385 1688 5439 idem
1726 5384 1852 5437 cod.
1899 5382 1961 5434 Ei
1991 5381 2057 5452 δὴ

481 5457 835 5521 ταῦθνοῦτως
864 5458 995 5526 ἔχει.
1036 5458 1111 5511 ID.

558 5530 670 5598 (96)
689 5530 754 5582 Ἦ
769 5523 902 5596 περί
914 5523 1029 5580 τῶν
1042 5527 1305 5595 ἀδήλων,
1325 5524 1419 5579 καὶ
1431 5523 2059 5598 μῖιρᾳδίωςᾴνιχνεψ-

482 5593 703 5667 psi-mir.
747 5593 1166 5667 De'temerariis
1208 5609 1369 5666 atque
1414 5593 1806 5667 intempestivis
1844 5593 2063 5667 judi‘ciis

489 5662 743 5749 cavendis
769 5667 1065 5749 _praaclare.
1091 5666 1231 5721 Beda
1279 5662 1298 5719 Ξ
1349 5686 1367 5719 ι
1409 5666 1549 5721 Sunt
1587 5662 2059 5749 autemnqutedam

493 5739 631 5792 facta
665 5732 864 5803 media,
892 5752 1012 5808 qua:
1051 5738 1384 5808 ignoramus,
1418 5751 1524 5808 quo
1568 5736 1747 5808 animo
1779 5732 1911 5786 [iant
1941 5746 2062 5800 qua:

493 5814 548 5861 et
576 5809 715 5862 bono
752 5816 808 5864 et
848 5807 988 5862 malo
1032 5806 1147 5863 ﬁeri
1179 5818 1402 5877 possunt
1432 5824 1446 5861 :
1490 5807 1555 5861 de
1603 5806 1797 5874 quibus
1829 5812 2059 5857 temera-

2157 4770 2322 4828 mox:
2360 4775 2380 4807 ‹
2418 4758 2529 4810 Duo
2552 4766 2679 4811 sunt
2723 4767 2902 4810 autem
2948 4758 3000 4811 in
3033 4759 3229 4826 quibus
3266 4764 3613 4815 temerarium
3642 4761 3725 4828 ju-

2156 4826 2352 4880 dicium
2384 4841 2576 4881 cavere
2605 4828 2863 4882 debemus
2888 4843 2901 4878 :
2930 4844 3053 4881 cum
3080 4830 3343 4883 incertum
3378 4841 3462 4883 est
3490 4845 3599 4897 quo
3619 4826 3727 4883 ani-

2158 4898 2508 4968 mo_quidque
2538 4898 2739 4951 factum
2772 4900 2864 4961 sit,
2891 4897 3130 4968 velrcum
3160 4900 3425 4953 incertum
3455 4909 3558 4966 est,
3595 4916 3727 4968 qna-

2160 4964 2226 5020 lis
2253 4964 2466 5038 futurus
2495 4968 2585 5031 sit,
2627 4968 2718 5035 qui
2750 4982 2891 5020 nunc
2920 4967 3001 5020 vel
3032 4970 3201 5038 bonus
3237 4969 3319 5022 vel
3358 4964 3729 5038 malus'appao

2160 5045 2262 5089 ret.
2300 5052 2320 5088 ι
2346 5036 2676 5102 Admonitio,
2704 5038 2748 5091 si
2785 5051 3043 5105 unquam,
3088 5037 3189 5091 boc
3230 5049 3380 5093 certe
3419 5036 3728 5093 saeculovel

2160 5105 2395 5179 maxime
2444 5109 2789 5179 necessaria.
2853 5107 3062 5161 Similia
3125 5107 3247 5163 vide
3297 5108 3437 5177 apud
3497 5109 3727 5179 Gregur.

2158 5174 2415 5229 Nazianz.
2444 5175 2607 5231 Rrr'r.

2234 5245 2347 5316 (97)
2390 5247 2744 5315 Ἀδιαφόρων
2761 5246 3111 5316 βρωμάτων.
3130 5248 3450 5317 ~Legendnm
3500 5248 3641 5303 forte
3680 5257 3737 5303 et

2160 5314 2593 5393 distinguendum
2622 5314 2719 5393 ita,
2747 5314 3073 5393 ἀδιαφόρων,
3100 5314 3521 5393 οἷον’β-ρωμτ-1ο.

2234 5385 2346 5456 (98)
2392 5385 2714 5458 Τῷ-κανόνι
2761 5385 3518 5458 τῆςίὰληθείαςμίηιυιιίεἱι
3571 5387 3733 5443 Chri-

2163 5455 2332 5517 stum,
2357 5458 2443 5529 cui
2469 5455 2632 5510 Pater
2660 5472 2819 5529 omne
2843 5458 3103 5529 judicium
3132 5456 3352 5512 tradidit
3381 5478 3394 5511 :
3425 5455 3623 5529 q'uique
3654 5468 3737 5511 est

2158 5541 2265 5588 via,
2307 5528 2506 5581 veritas
2552 5539 2607 5581 et
2648 5528 2777 5581 vita.
2824 5528 2963 5580 Alibi
3010 5543 3223 5582 sacram
3274 5529 3607 5595 Scripturam
3657 5530 3737 5581 sic

2159 5605 2335 5659 vocat,
2369 5598 2621 5649 nbnirum
2671 5599 2796 5666 quia
2847 5599 2960 5651 haec
2990 5601 3057 5652 de
3096 5597 3317 5652 Christo
3372 5599 3734 5651 testimonium

2161 5669 2409 5747 perlubet
2436 5682 2497 5747 ac
2523 5669 2715 5747 salutis
2749 5683 2843 5737 per
2882 5670 3053 5737 ipsum
3082 5670 3475 5738 consequentia:
3497 5669 3639 5723 viam
3673 5681 3737 5721 ac

2164 5737 2423 5792 rationem
2449 5740 2634 5793 tradit.
2672 5736 2747 5793 In.
