3886 6420
220 412 341 479 1157
1154 408 1691 469 EPISTOLARUM
1720 408 1770 466 ι’

1911 405 2013 466 1V.
2056 428 2125 437 -
2152 403 2388 463 EPIST.
2437 402 2578 462 XCV
2586 403 2623 464 l‘.
3322 403 3458 470 1153

208 533 257 578 et
281 520 434 590 ejecit
458 534 524 574 ex
555 519 822 584 Ecclesia,
854 529 905 575 et
936 520 1138 589 ejicere
1170 522 1465 575 mandavit.
1491 524 1561 575 At
1606 522 1674 574 de
1731 520 1891 574 rebus
1939 518 2176 572 occultis
2221 515 2739 583 exspectarejnssit.
2790 515 2963 581 quoad
3022 517 3226 571 venerit
3280 518 3456 573 Dunti‘

209 627 322 667 nus.
362 610 669 664 Absurdum
705 612 848 665 enim
889 623 976 667 est
1032 613 1569 683 judicisdignitatem
1637 628 1701 668 ac
1763 627 1961 665 munus
2036 610 2279 677 arripere
2330 616 2497 673 atque
2562 608 2815 660 invadere
2881 608 3036 673 Vl‘l'e,
3087 620 3140 661 ct
3193 610 3455 663 calculum

207 708 398 776 absque
424 705 630 773 judicio
664 705 842 768 ferre,
896 716 953 761 et
994 721 1103 763 non
1150 709 1470 775 permittere
1504 723 1625 762 eum
1679 707 1877 777 regnlze
1902 705 2167 760 veritatis.

2162 791 2326 847 XCV.
2351 824 2422 835 —
2445 790 2674 847 PAULO
2698 790 3170 848 PRESBYTERO.

477 820 602 873 PE'.
636 848 706 861 —
739 820 973 891 ΠΑΥΛῼ
1019 820 1492 891 ΠΡΕΣΒΥΤΕΡῼ.
1809 809 1849 856 Α

285 913 387 978 Εἰς
417 912 509 979 τὸ,
542 931 562 964 ι
604 912 710 967 Διά
737 913 795 968 τί
825 914 960 982 οὐχὶ
988 912 1233 983 μᾶλλον
1265 912 1607 975 ἀδικεῖσθε;
1645 931 1664 963 ι

268 1087 331 1140 Εἰ
368 1086 462 1139 καί
498 1104 605 1152 τις,
644 1087 721 1151 ὡς
774 1087 1081 1160 γέγραφας,
1128 1089 1233 1158 τὴν
1281 1088 1461 1159 ψυχὴν
1510 1087 1775 1161 ἐπιθυμίᾳ

203 1180 303 1235 τῶν
321 1180 617 1251 ἀλλοτρίων
663 1181 743 1243 είς
778 1180 1038 1234 ἀπόνοιαν
1082 1180 1473 1254 ὲρεθίζει(99),
1518 1181 1578 1233 ού
1618 1181 1776 1252 μόνον

204 1275 417 1338 ἀδικεῖν,
441 1272 577 1326 ἀλλά
608 1273 705 1327 κα)¹
750 1273 1011 1344 φλυαρεῖν
1051 1270 1361 1341 διεγνωκώς
1383 1289 1397 1303 '
1435 1273 1771 1343 Γέγραπται·

209 1381 228 1416 ι
254 1365 349 1418 Διά
378 1364 434 1415 τί
475 1364 599 1434 οὐχὶ
657 1364 857 1435 μᾶλλον
913 1362 1227 1429 ἀδικεῖσθε;
1285 1381 1306 1415 ι
1344 1363 1608 1428 ἀκουέτω,
1632 1361 1688 1415 εἴ
1707 1379 1772 1431 γε

202 1449 303 1509 ὦτα
334 1454 472 1525 ἔχει,
497 1458 590 1509 καὶ
632 1455 707 1526 μὴ
730 1454 902 1510 ταῦτα
929 1456 964 1521 ὴ
1006 1453 1407 1525 φιλοχρηματία
1436 1453 1768 1526 ἀπέφραξεν,

200 1546 275 1600 ὅτι
298 1547 362 1598 Εί
413 1546 510 1599 καὶ
529 1545 688 1599 τοῦτο
720 1546 846 1617 ἐμοὶ
872 1545 1202 1617 γέγραπται,
1228 1545 1309 1597 σοὶ
1348 1543 1408 1596 οὐ
1457 1544 1769 1614 γέγραπται

198 1639 534 1710 ἀποστερεῖν.
567 1638 661 1709 Μὴ
692 1638 870 1693 τοίνυν
898 1655 981 1692 σοι
1006 1636 1238 1707 γινέσθω
1281 1635 1593 1700 πλεονεξίας
1634 1636 1773 1707 πρό-

200 1748 349 1801 φασις
390 1733 425 1801 ἡ
459 1731 790 1802 ἀποστολικὴ
822 1731 1145 1800 παραίνεσις
1174 1744 1191 1759 ⁸
1232 1727 1354 1798 μηδ’
1402 1727 1592 1796 ἐπειδὴ
1625 1744 1772 1797 παρ-

199 1821 377 1892 ῄνεσεν
402 1822 529 1892 ἐμοὶ
554 1821 994 1891 ἀποστερεῖσθαι,
1020 1820 1102 1873 σοὶ
1122 1818 1306 1891 χώραν
1326 1819 1512 1890 νόμιζε
1529 1817 1773 1870 δεδόσθαι

136 1966 137 1969 η
197 1913 283 1966 τοῦ
320 1913 529 1967 ἀδικεῖν
553 1929 567 1944 ο
605 1913 729 1983 ἐμοὶ
758 1912 868 1984 γὰρ
897 1912 1168 1984 σωτηρίαν
1198 1910 1258 1963 τὸ
1308 1909 1611 1964 ἀδικεῖσθαι
1636 1950 1651 1974 ,
1688 1909 1773 1962 σοὶ

195 2005 247 2058 δὲ
276 2004 548 2075 τιμωρίαν
577 2004 638 2057 τὸ
663 2004 1006 2077 ἀποστερεῖν,
1043 2002 1300 2075 φέρει[ν].

1872 885 1939 940 In
1970 887 2106 940 illud
2130 884 2290 938 Pauli
2329 886 2553 949 dictum,
2602 902 2621 934 ι
2664 883 2840 948 Quare
2870 900 2975 937 non
2999 886 3167 954 magis
3194 885 3452 953 injuriam

2458 954 2706 1023 patimini
2739 954 2823 1007 ‘3?
2860 974 2879 1006 ι

1951 1084 2299 1153 Quanquam,
2333 1093 2391 1138 ut
2435 1084 2724 1154 scripsisti,
2770 1086 2989 1154 quidam
3029 1096 3131 1151 est,
3176 1088 3266 1157 qui
3317 1089 3438 1143 ani-

1884 1191 2034 1229 mum
2062 1190 2220 1228 suum
2250 1175 2545 1245 cupiditate
2583 1191 2763 1231 rerum
2808 1177 3106 1231 alienarum
3146 1181 3212 1233 ad
3257 1193 3451 1235 vecor-

1878 1267 2023 1321 diam
2058 1267 2280 1333 titillat,
2328 1283 2434 1320 nou
2480 1267 2651 1322 solum
2692 1269 2876 1337 inique
2920 1284 3080 1335 agere
3118 1284 3183 1323 ac
3231 1271 3450 1325 defrau-

1876 1359 2009 1412 dare
2049 1358 2205 1424 alios,
2242 1374 2429 1412 verum
2455 1360 2619 1414 etiam
2648 1359 2735 1429 (ad
2764 1359 3132 1415 defensionem
3158 1361 3287 1416 facti
3309 1364 3449 1433 ejus)

1876 1450 2065 1518 nugari
2115 1458 2321 1504 certum
2352 1465 2415 1504 ac
2464 1450 2819 1505 deliberatum
2868 1452 3116 1507 habens:
3169 1452 3446 1524 Scriptum

1878 1549 1975 1595 est
2003 1541 2225 1611 (inquit)
2269 1560 2282 1596 :
2327 1560 2348 1593 ι
2384 1540 2568 1607 Quare
2621 1557 2726 1596 non
2781 1545 2951 1613 magis
3009 1544 3263 1615 injuriam
3308 1547 3451 1614 pati—

1880 1632 2051 1686 mini?
2107 1650 2127 1684 ›
2177 1642 2357 1687 tamen
2406 1635 2620 1697 audiat,
2664 1633 2824 1687 modo
2868 1649 3029 1689 aures
3077 1635 3309 1701 habeat,
3350 1649 3451 1689 nec

1890 1724 1990 1778 has
2021 1724 2249 1776 avaritia
2274 1724 2568 1778 obstruxit.
2599 1724 2858 1790 Quamvis
2886 1726 3027 1779 enim
3062 1727 3165 1781 hoc
3189 1728 3449 1795 scriptum

1884 1815 1979 1881 sit,
2006 1822 2062 1867 at
2090 1814 2186 1868 tibi
2218 1830 2324 1868 non
2347 1826 2433 1868 est
2464 1816 2724 1885 scriptum
2758 1827 2853 1869 aut
2888 1829 3243 1886 praeceptum,
3273 1828 3334 1873 ut
3364 1834 3451 1873 me

1878 1904 2057 1976 (alios)
2090 1918 2150 1957 re
2175 1905 2492 1959 defraudes.
2531 1906 2711 1972 Quare
2738 1921 2806 1960 ne
2840 1908 2933 1962 tibi
2964 1909 3270 1977 iniquitatis
3305 1925 3442 1979 prte-

1876 2008 2056 2054 tcxtus
2088 2000 2181 2052 fiat
2222 1998 2521 2067 apostolica
2548 1998 2847 2054 admonitio
2875 2019 2888 2054 :
2933 2017 3111 2070 neque
3145 2003 3289 2069 ideo,
3323 2002 3449 2069 quia

200 2103 320 2156 mihi
374 2114 569 2157 auctor
620 2101 722 2155 fuit
780 2111 860 2168 ut,
902 2115 1057 2169 aequo
1106 2100 1288 2154 animo
1324 2109 1542 2169 paterer
1583 2111 1670 2149 me
1708 2094 2041 2159 defraudari,
2105 2102 2161 2148 tu
2215 2093 2317 2146 tibi
2383 2092 2558 2146 locum
2589 2107 2710 2147 esse
2765 2098 2950 2148 datum
3006 2096 3189 2165 inique
3257 2096 3449 2167 agendi

197 2196 467 2269 cxistima.
496 2196 629 2250 Nam
654 2207 714 2251 ut
740 2197 869 2251 mihi
895 2196 1123 2251 salutem
1153 2194 1310 2248 all‘ert
1364 2192 1615 2261 iniuriam
1674 2204 1829 2259 raquo
1863 2189 2043 2244 animo
2096 2188 2372 2253 tolerare,
2442 2187 2515 2241 ita
2562 2201 2593 2241 e
2627 2192 2901 2243 contrario
2951 2187 3043 2243 tibi
3112 2189 3450 2244 defraudatio

196 2293 509 2361 supplicium
539 2292 704 2362 parit.

361 2409 499 2474 ις’.
534 2406 982 2477 -ΜΑΡΤΙΛΝῼ
1014 2405 1089 2476 (ι)
1124 2403 1597 2473 ΠΡΕΣΒΥΤΕΡῼ.

192 2498 323 2569 Περὶ
373 2498 638 2567 Ἡρώδου
664 2488 1333 2570 ῌτοῦλτέζράρχουηκαὶ
1372 2496 1480 2553 τοῦ
1555 2498 1772 2552 Βαπτι-

541 2567 713 2634 στοῦ,
741 2568 840 2627 καὶ
874 2567 988 2636 τῆς
1022 2567 1387 2637 Ἡρωδιάδος.

255 2682 370 2736 Οὐκ
431 2682 608 2750 ὀλίγα,
660 2682 781 2735 οὐδὲ
841 2682 1033 2752 μικρὰ,
1089 2682 1226 2736 ἀλλὰ
1271 2684 1365 2736 καὶ
1426 2684 1621 2745 πολλὰ,
1674 2684 1772 2737 καὶ

193 2775 425 2844 μεγάλα,
460 2772 537 2845 (2)
616 2773 695 2844 τῷ
734 2773 1015 2846 τετράρχῃ
1092 2773 1544 2844 πεπλημμέλητο.
1603 2774 1771 2845 Ὠμοῦ

191 2866 292 2936 γάρ
319 2866 540 2929 λέοντος
586 2860 652 2936 ἦν
684 2864 938 2933 δυσγενὲς
988 2865 1274 2935 βλάστημα
1294 2866 1392 2935 ('5).
1418 2868 1627 2936 Ὠσπερ
1663 2867 1772 2936 γὰρ

111 2941 115 2946 ’
190 2961 218 3012 ὁ
239 2957 430 3016 δεδιὼς
469 2956 719 3035 μὴ1νόθος
740 2956 855 3020 υἱὸς
875 2956 967 3010 τοῦ
996 2957 1198 3009 οἰκείου
1232 2957 1437 3027 πατρὸς
1465 2957 1770 3029 νομισθείη,

190 3051 280 3104 τοῦ
308 3051 381 3103 τὰ
424 3048 601 3121 βρέφη
648 3050 717 3102 τά
766 3051 823 3102 ἐν
869 3049 1114 3120 Βηθλεὲμ
1153 3050 1453 3116 ἀνελόντος,
1512 3050 1771 3121 τοιαύτην

191 3140 379 3205 ἔπλεξε
411 3138 743 3211 τραγῳδίαν,
792 3138 867 3202 ὡς
930 3138 996 3192 ἂν
1024 3139 1293 3211 ἀμιλληθῇ
1351 3140 1534 3210 σχεδὸν
1560 3138 1638 3210 τῷ
1681 3156 1772 3192 τε-

200 3232 369 3298 κόντι,
400 3231 501 3284 καὶ
528 3225 683 3300 οἶμαι
720 3229 1030 3301 τετράρχης
1065 3232 1161 3283 καὶ
1188 3229 1276 3282 διὰ
1300 3230 1458 3284 τοῦτο
1498 3230 1769 3299 λελέχθαι,

190 3322 281 3391 οὐχ
297 3322 384 3375 ὅτι
399 3321 673 3390 τετάρτην
700 3321 894 3391 μοῖραν
922 3321 1022 3390 τῆς
1041 3319 1299 3389 πατρῴας
1323 3317 1595 3388 βασιλείας
1614 3318 1772 3387 μόνον

190 3411 417 3473 διεῖπεν,
471 3407 588 3463 ἀλλ’
635 3409 716 3463 ὅτι
762 3409 857 3461 καὶ
894 3407 1000 3460 ὑπὸ
1048 3406 1156 3459 τῶν
1211 3406 1494 3477 τεσσάρων
1536 3406 1771 3475 γενικῶν

192 3502 345 3555 εἱδῶν
375 3500 488 3570 τῆς
524 3499 722 3562 κακίας
758 3498 954 3569 ἦρχθη.
1009 3496 1235 3569 Πρῶτον
1268 3497 1366 3567 μὲν
1399 3497 1505 3568 γὰρ
1535 3497 1773 3568 παρανό-

191 3611 306 3663 μως
335 3594 535 3661 ἀγεται
584 3590 682 3660 τὴν
730 3588 1071 3662 Ἡρωδιάδα·
1127 3583 1248 3640 εἶτα
1312 3588 1586 3657 ἐλεγχθεὶς
1624 3588 1772 3659 παρά

190 3683 283 3736 τοῦ
331 3681 666 3748 Βαπτιστοῦ,
711 3680 828 3734 δέον
871 3679 1334 3749 σωφρονισθῆναι,
1363 3678 1443 3740 είς
1492 3678 1773 3747 δεσμωτή-

193 3793 308 3846 ριον
347 3774 615 3846 ἐμϐάλλει
660 3774 722 3827 οὐ
764 3770 1205 3844 παρανομοῦντα,
1250 3769 1387 3825 ἀλλὰ
1430 3771 1770 3842 παρανομίαν

192 3868 512 3939 ἐλέγχοντα.
555 3850 806 3928 Ἔπειτα,
850 3863 1170 3935 βουλόμενος
1213 3863 1554 3926 ἀποκτεῖναι,
1585 3863 1768 3926 φοϐεῖ-

190 3980 277 4016 ται
300 3963 398 4015 τὸν
426 3958 605 4031 ὄχλον,
639 3958 732 4012 τὸν
757 3956 1053 4011 ἀδέκαστον
1080 3954 1359 4024 ὀφθαλμὸν
1394 3953 1469 4025 μὴ
1491 3953 1768 4025 φοϐηθείς.

190 4049 328 4108 Εἶτα
363 4049 789 4122 ἀπερισκέπτως
822 4048 915 4101 καὶ
945 4046 1212 4118 ἀορίστως
1250 4043 1462 4116 ὀμνύει,
1490 4047 1557 4116 τῇ
1597 4044 1769 4114 θυγα-

188 4146 281 4216 τρὶ
306 4144 411 4214 τῆς
438 4142 503 4198 τὸ
527 4142 713 4213 δρᾶμα
739 4138 1084 4210 συνθησάσης
1101 4138 1201 4208 (4),
1236 4137 1331 4191 καὶ
1373 4136 1499 4203 ἀξια
1525 4138 1595 4191 τά
1625 4138 1768 4208 μέρη

188 4235 283 4288 τοῦ
328 4235 516 4306 γάμου
556 4229 974 4302 παρασκευάσαι
1015 4227 1317 4299 οἰηθείσης,
1365 4229 1474 4280 πᾶν
1529 4227 1665 4299 ὅπερ
1704 4227 1770 4281 ἂν

192 4324 528 4397 αἰτήσηται,
568 4323 872 4393 παρασχεῖν
900 4334 916 4348 ·
972 4319 1032 4372 τὸ
1069 4318 1125 4372 δὲ
1165 4318 1300 4390 ὀρθὰ
1333 4319 1426 4371 καὶ
1465 4318 1647 4372 δίκαια
1672 4318 1773 4371 δώ-

191 4431 331 4482 σειν,
378 4414 442 4467 ού
486 4412 913 4485 προσδιώρισεν⁶
963 4409 1078 4464 ἀλλ’
1122 4408 1293 4473 οὕτως
1339 4408 1770 4479 ἀπροϐούλευτον

189 4504 307 4576 ἔχει
342 4506 438 4559 τὸν
470 4504 751 4575 λογισμὸν,
802 4502 877 4566 ὡς
910 4501 1005 4555 καὶ
1056 4501 1119 4553 τὸ
1159 4500 1331 4571 ἥμισυ
1360 4500 1463 4569 τῆς
1495 4500 1771 4570 βασιλείας

188 4595 626 4665 ἐπαγγείλασθαι
652 4612 667 4627 ⁸
716 4594 777 4648 οὐ
818 4592 1193 4664 λογισάμενος,
1240 4592 1323 4645 ὅτι
1357 4590 1770 4662 ἀργαλεώτερόν

186 4691 308 4743 ἐστι
343 4689 692 4760 δικαιοσύνης
735 4688 991 4741 ἐκπεσεῖν
1041 4685 1075 4757 ἢ
1117 4683 1413 4755 βασιλείας.
1460 4680 1592 4737 Εῐτα
1624 4684 1775 4755 εὐορ-

187 4784 318 4847 κίας
375 4783 731 4855 προσχήματι
802 4781 984 4834 πᾶσαν
1054 4778 1343 4849 ἐπιορκίαν
1431 4776 1769 4848 ὑπερϐαίνει.

258 4920 308 4952 ⁸⁸
336 4919 354 4973 |
386 4918 513 4975 Cor.
545 4934 621 4983 vr,
655 4918 708 4971 7.
788 4918 831 4950 ⁶⁹
860 4917 1027 4974 Marc.
1057 4932 1130 4986 Vt,
1161 4918 1349 4974 17-29.

2052 2395 2241 2452 XCVI.
2275 2428 2343 2438 -—
2385 2395 2748 2451 MARTIANO
2789 2398 3269 2456 PRESBYTERO.

1877 2489 1953 2546 De
2006 2489 2217 2545 Herode
2249 2476 3172 2613 telrarclta,de::u(.:03nne)Buptiﬁa,
3196 2504 3245 2547 et
3279 2492 3450 2547 ffera-

2578 2578 2696 2614 taae
2729 2578 2795 2615 °'.

1947 2675 2133 2744 Neque
2163 2688 2356 2744 pauca,
2390 2689 2564 2743 neque
2598 2677 2816 2743 exigua,
2842 2675 2935 2730 sed
2971 2684 3025 2730 et
3050 2676 3216 2730 multa
3250 2686 3303 2729 et
3335 2693 3448 2731 ma-

1876 2782 1979 2834 gna
2034 2766 2246 2821 scelera
2283 2767 2561 2820 commisit
2584 2768 2857 2821 tetrarcha
2892 2767 3204 2838 (llerodes).
3235 2768 3445 2823 Crude-

1877 2858 1943 2912 lis
1977 2859 2121 2912 enim
2160 2857 2331 2911 leonis
2368 2850 2608 2924 ignobile
2636 2871 2857 2926 germen
2890 2868 3028 2912 erat.
3059 2858 3189 2912 Nam
3222 2861 3449 2926 proinde

1874 2948 2031 3017 quasi
2098 2957 2413 3014 metueret,
2463 2962 2529 3002 ne
2594 2950 2828 3018 degener
2878 2963 2941 3002 ac
3002 2965 3190 3018 parum
3244 2951 3447 3019 genui-

1874 3054 1975 3094 nus
2037 3039 2118 3094 sui
2177 3040 2351 3109 patris
2413 3040 2557 3094 filius
2611 3054 2731 3094 esse
2786 3049 3086 3108 putaretur,
3134 3040 3250 3106 ejus
3301 3041 3445 3107 dico,

1874 3130 1969 3201 qui
2019 3131 2257 3187 infantes
2286 3130 2725 3187 Bethleemiticos
2768 3132 3011 3197 sustulit,
3065 3134 3227 3186 talem
3278 3136 3447 3188 texuit

1876 3224 2222 3294 tragtediam,
2258 3234 2320 3279 ut
2347 3223 2517 3279 ferme
2540 3233 2776 3278 certaret
2807 3239 2929 3279 cum
2959 3239 3057 3279 suo
3085 3233 3236 3292 patre
3266 3225 3331 3279 de
3359 3225 3439 3277 fa—

1872 3316 2118 3371 cinorum
2151 3317 2461 3383 atrocitate,
2494 3332 2727 3384 meaque
2756 3317 3014 3387 opinione
3060 3317 3202 3369 illam
3230 3331 3447 3384 quoque

1873 3403 1944 3460 ob
1995 3420 2219 3460 causam
2269 3407 2543 3461 tetrarcha
2590 3404 2755 3477 464
2798 3406 3091 3469 diceretur,
3116 3422 3221 3461 non
3272 3408 3446 3461 solum

1873 3496 2012 3565 quod
2058 3505 2309 3565 quartam
2356 3499 2511 3568 regni
2559 3498 2861 3566 portionem
2901 3498 3207 3563 obtineret,
3256 3515 3444 3553 verum

1873 3589 2037 3642 etiam
2065 3590 2207 3657 quod
2238 3604 2267 3643 a
2299 3600 2539 3659 quatuor
2565 3590 2908 3660 generalibus
2938 3605 3005 3645 ac
3036 3593 3321 3661 praecipuis
3364 3594 3444 3645 vi—

1880 3677 2078 3731 tiorum
2130 3680 2317 3734 formis
2365 3695 2662 3750 regeretur.
2711 3682 2845 3737 Nam
2895 3687 3070 3753 primo
3111 3686 3326 3754 quidem
3360 3685 3444 3738 in-

1872 3769 2019 3839 juste
2052 3780 2106 3827 ct
2140 3780 2330 3827 contra
2374 3772 2519 3843 leges
2548 3775 2694 3828 ducit
2729 3774 3084 3829 llerodiadem
3117 3794 3129 3829 :
3186 3773 3388 3829 Deinde
3413 3791 3444 3829 a

1874 3859 2083 3915 Joanne
2108 3859 2350 3932 Baptista
2401 3865 2789 3933 reprehensus,
2825 3880 2950 3922 cum
2996 3874 3272 3936 oporteret
3319 3881 3443 3921 eum

1875 3952 2098 4021 corrigi,
2147 3953 2199 4006 in
2238 3968 2516 4008 carcerem
2549 3956 2770 4024 coniicit
2838 3973 2945 4013 non
2995 3969 3308 4028 peccantem
3351 3966 3447 4013 aut

1875 4044 2171 4112 quidquam
2204 4043 2406 4113 injuste
2430 4054 2705 4114 agentem,
2736 4048 2830 4102 sed
2878 4064 3025 4112 eum,
3057 4050 3149 4118 qui
3189 4050 3448 4119 iniquita-

1879 4142 1989 4187 tem
2024 4134 2409 4205 redarguebat.
2453 4134 2754 4203 Praeterea,
2802 4154 2925 4193 cum
2958 4140 3116 4195 vellet
3143 4156 3274 4202 eum
3303 4142 3447 4196 occi-

1874 4224 2024 4289 dere,
2056 4224 2212 4280 timet
2251 4225 2482 4294 plebem,
2521 4229 2612 4297 qui
2664 4240 2842 4285 tamen
2877 4234 3248 4300 incorruptum
3296 4234 3443 4287 illum

1876 4317 2095 4372 oculum
2140 4318 2280 4372 nihil
2317 4330 2607 4375 metuerat.
2671 4322 2751 4376 Ad
2793 4324 2909 4380 haec
2951 4325 3253 4394 improvide
3282 4334 3446 4393 atque

1876 4409 2159 4464 indefinite
2181 4410 2331 4480 jurat
2364 4412 2487 4467 filiae
2515 4413 2632 4483 ejus
2660 4413 2898 4484 feminze,
2930 4432 3052 4487 quae
3081 4416 3269 4471 infelix
3314 4416 3444 4471 illud

1877 4498 2064 4552 drama
2096 4502 2476 4566 adornaverat,
2505 4519 2733 4573 qumque
2767 4506 2930 4575 digna
2964 4506 3294 4562 matrimonii
3322 4506 3444 4576 ejus

1881 4592 2103 4661 praemia
2130 4607 2188 4647 se
2213 4594 2591 4651 conciliavisse
2617 4597 2863 4665 putabat,
2893 4599 3148 4669 quidquid
3180 4598 3443 4668 petiisset,

1878 4697 1938 4738 se
1969 4683 2318 4751 praebiturum
2361 4704 2375 4740 :
2414 4702 2517 4741 non
2548 4698 2726 4743 autem
2756 4689 3039 4746 addiderat
3073 4691 3213 4745 hanc
3246 4690 3447 4745 limita-

1879 4775 2106 4844 tionem,
2141 4790 2287 4833 recta
2314 4793 2371 4834 se
2389 4779 2644 4850 justaque
2665 4783 2863 4850 petenti
2882 4783 3131 4840 daturum
3154 4802 3169 4840 :
3195 4784 3290 4840 sed
3311 4782 3446 4839 adeo

1302 5050 1534 5107 VARUE
1568 5049 1949 5106 LECTIONES
1971 5051 2059 5105 ΕΤ
2081 5051 2311 5111 NOTAE.

262 5197 386 5267 (99)
425 5193 688 5267 Ἐρεθίζει
735 5193 856 5267 cod.
890 5190 1038 5267 γει.-
1059 5190 1163 5267 6ῥο
1195 5200 1367 5243 mutat
1398 5191 1449 5243 in
1472 5187 1770 5267 _épt-:0£;'w_v,

1957 5187 2033 5258 (2)
2065 5188 2185 5267 Ka2_
2216 5190 2418 5244 πολλὰ
2466 5192 2565 5245 καὶ
2608 5191 2863 5267 μεγάλα.
2917 5190 3045 5245 Illud
3093 5191 3188 5244 καὶ
3238 5195 3447 5267 μεγάλα

184 5282 241 5325 et
267 5256 415 5321 vers.
450 5256 501 5320 δ’
526 5256 729 5317 ἀδικεῖν
774 5262 827 5315 in
895 5262 1159 5324 ἀπειλεῖν,
1195 5275 1424 5329 moxque
1467 5256 1774 5325 διεγνωκὼς

184 5342 239 5394 in
272 5339 599 5404 διέγνωκας.
613 5333 840 5404 γΡοςεικ.

257 5408 341 5479 (1)
373 5397 783 5479 ln_coq._Vatic.
806 5399 1275 5479 inscriptiohujus
1307 5411 1408 5479 ep_._
1428 5397 1769 5479 nihilnhabet

182 5466 337 5533 aliud
390 5476 491 5530 nisi
536 5471 840 5544 Μαρκιανῴ
887 5466 1022 5544 sine
1050 5469 1322 5544 adjuncto.
1376 5466 1523 5544 Ve._rs.
1565 5466 1599 5519 2
1648 5475 1767 5533 post

177 5546 467 5617 τετράρχῃ
509 5537 751 5617 adjuhgit
783 5537 921 5617 idem
949 5539 1195 5617 _'llptbﬁq.
1224 5537 1462 5617 ’νει-εις)
1502 5545 1620 5617 post
1670 5551 1766 5617 ουτ

185 5605 632 5685 par'et'i'rredito
664 5605 920 5685 δυσγενὲς
948 5605 1087 5685 idem
1120 5605 1350 5685 omittit.
1386 5606 1604 5685 Ver-SL6
1637 5615 1764 5685 post

178 5675 260 5751 ὧς
279 5686 425 5740 tollit
449 5684 516 5738 ἂν
545 5675 1159 5751 ειάμιλληθῇγρῐςοιιυοίι
1183 5676 1507 5751 addito,va.{._
1528 5675 1680 5729 Vers.
1708 5676 1759 5740 7,

176 5746 493 5825 τετράρχης
520 5754 573 5807 in
606 5746 1117 5821 quartuin"inﬂectit
1158 5762 1339 5802 casum
1385 5746 1627 5801 scribens
1671 5762 1760 5797 τε-

177 5824 454 5897 τράρχην.
487 5824 562 5878 ID.

1876 5271 1987 5377 gon
2023 5270 2134 5310 erat
2175 5259 2225 5312 in
2265 5276 2403 5326 tus.;
2456 5259 2819 5316 necessarium
2866 5271 3079 5325 tamen,
3117 5271 3175 5315 ut
3214 5259 3444 5319 videtur.

1930 5342 2116 5377 ΙΤἸἙΒ.

1930 5342 2116 5380 IT'I‘ER.

1952 5398 2029 5463 (5)
2058 5396 2261 5469 Nempe
2301 5398 2511 5467 vulpes,
2568 5408 2628 5453 ut
2672 5400 2919 5454 Christus
2963 5415 3087 5454 eum
3137 5404 3443 5469 appellavit.

1868 5462 2044 5535 Porro
2075 5468 2139 5521 de
2158 5462 2314 5533 poena
2342 5462 2599 5523 divinitus
2631 5471 2753 5523 huic
2791 5470 2988 5524 Herodi
3008 5470 3081 5523 ob
3102 5462 3443 5526 interfectum

1871 5532 2132 5611 doaunem
2160 5532 2457 5611 Baptistam
2492 5539 2743 5611 immissa
2787 5541 3049 5611 videndus
3071 5551 3155 5594 est
3178 5540 3447 5611 Joscphus

1876 5603 2149 5675 libaxvnt
2182 5603 2534 5675 Archreolog.,
2558 5624 2678 5675 cap.
2717 5609 2766 5660 7.
2802 5606 2880 5661 In.

1947 5673 2023 5745 (4)
2059 5675 2158 5754 Pro
2185 5673 2529 5754 συνθῃσάσης
2569 5673 2708 5754 idem
2759 5680 2881 5754 φα.
2917 5679 3091 5754 habet
3135 5682 3445 5754 συνθείσης.

1869 5740 2030 5813 Yers.
2065 5746 2185 5801 inde
2212 5745 2269 5813 4,
2305 5740 2416 5817 ἔχει
2452 5740 2625 5803 mutat
2655 5749 2707 5802 in
2740 5744 2879 5819 εἷχε.
2911 5749 3124 5807 Possm.
