3886 6420
473 389 608 461 1159

1679 395 1739 455 8.
1772 392 2063 455 ISIDORI
2098 392 2537 454 PELUSIOT/E

3618 398 3740 465 1160

467 498 929 561 inconsideratum
955 512 1013 561 et
1033 503 1550 574 incircumspectum
1575 505 1738 560 habet
1762 502 2028 573 judicium

2162 504 2227 555 'A
2237 521 2303 572 με
2313 521 2421 557 ινον
2447 507 2557 573 γὰρ
2586 504 2644 555 ἐν
2664 504 2778 567 τοῖς
2805 503 3022 574 ἐναγέσι
3042 504 3115 558 τὰ
3138 504 3326 569 κακῶς
3339 506 3741 576 ἐπαγγελθέντα

467 607 526 650 ιιι
580 596 745 651 etiam
780 598 932 667 regni
977 596 1211 651 mediam
1249 605 1459 665 partem
1515 594 1621 665 ipsi
1668 596 2050 667 promitteret:

465 702 571 740 non
613 689 891 757 cogitans,
929 687 1149 759 gravius
1175 703 1295 743 esse
1318 688 1553 758 justitia,
1577 703 1737 757 quam
1763 702 1928 757 regno
1957 702 2054 743 ex-

461 775 664 829 cidere.
723 778 953 846 lnsuper
1010 778 1112 831 sub
1153 777 1341 847 liquidi
1380 774 1738 848 iurisiurandi
1784 786 2053 848 praetextu

456 881 654 920 onmes
700 868 930 937 perjurii
967 868 1230 923 terminos
1259 869 1496 924 excedit.
1544 868 1775 924 Prwstat
1808 870 1955 925 enim
2001 871 2054 925 in

463 957 552 1025 iis,
583 974 706 1028 quae
736 960 943 1015 habent
964 960 1311 1016 atrocitatem
1341 961 1628 1027 facinoris,
1655 961 1793 1015 male
1818 962 2055 1028 promis-

466 1067 530 1108 sa
565 1054 707 1109 bene
754 1056 1091 1120 rescindere,
1119 1069 1285 1123 quam
1329 1052 1471 1108 male
1517 1054 1692 1109 videri
1739 1062 2053 1110 servantem

460 1158 585 1199 esse
611 1145 998 1216 jurisjuraudi.
1033 1145 1164 1200 Erat
1205 1153 1388 1200 autem
1425 1146 1529 1202 hoc
1569 1145 1742 1216 magis
1776 1146 2052 1200 velamen-

463 1246 576 1291 tum
610 1239 885 1308 quoddam
944 1238 1158 1293 timoris
1203 1253 1313 1307 quo
1364 1246 1486 1290 erat
1531 1238 1878 1308 prazpeditus.
1915 1236 2052 1291 Nam

456 1327 605 1382 sicut
666 1327 902 1384 famulus
958 1328 1241 1397 improbus
1290 1329 1518 1384 herilem
1580 1329 2053 1397 reprehensionem

459 1428 734 1483 metuens,
771 1420 847 1473 ita
887 1421 977 1475 hic
1011 1434 1229 1489 quoque
1260 1418 1559 1490 Baptistam
1613 1420 1909 1476 metuebat.
1941 1419 2052 1474 Ve-

468 1524 563 1563 rus
600 1511 745 1563 enim
774 1511 819 1565 is
846 1520 930 1566 est
963 1510 1242 1576 dominus,
1271 1513 1366 1581 qui
1402 1511 1635 1566 ollicium
1677 1514 1827 1578 facit,
1869 1528 1976 1567 non
2005 1513 2052 1567 is

455 1601 551 1666 qui
582 1615 879 1670 purpuram
928 1610 1130 1670 gestat,
1161 1610 1217 1655 et
1257 1616 1533 1655 armorum
1564 1603 1759 1657 robore
1792 1603 2052 1672 praeditus

456 1691 725 1747 cst.Cnm
777 1694 941 1762 igitur
971 1693 1149 1747 timori
1201 1710 1300 1748 suo
1332 1694 1488 1764 quasi
1538 1695 1810 1763 quoddam
1868 1695 2049 1750 velum

457 1784 794 1840 obtendisset
822 1784 1185 1854 jurisjurandi
1213 1786 1554 1857 religionem,
1590 1800 1809 1851 suaeque
1848 1785 2049 1855 impro-

2160 593 2307 647 λύειν
2339 594 2540 659 καλῶς,
2574 594 2608 665 ἢ
2640 594 2703 647 τὸ
2723 596 2902 649 δοκεῖν
2930 597 3180 665 εὐορκεῖν
3199 597 3390 661 κακῶς
3404 600 3508 668 (5)-
3548 601 3742 670 μᾶλλον

2155 687 2213 740 δὲ
2238 687 2396 741 τοῦτο
2411 688 2611 759 σκῆψις
2634 684 2704 759 ἦν
2716 687 2812 741 τοῦ
2840 688 3033 758 φόϐου.
3062 690 3274 761 ’Ὥσπερ
3285 690 3399 763 γὰρ
3416 692 3636 763 οἰκέτης
3651 706 3741 758 που

2159 780 2322 850 νηρὸς
2351 780 2539 838 δεδιὼς
2561 779 2657 832 τὸν
2681 780 3003 834 δεσποτικὸν
3034 781 3276 852 ἔλεγχον,
3300 782 3446 835 οὕτω
3475 786 3572 837 καὶ
3596 780 3742 847 οὗτος

2157 867 2415 921 ἐδεδοίκει
2472 868 2564 923 τὸν
2602 869 2941 943 Βαπτιστήν.
2981 872 3213 943 Ἀληθὴς
3242 874 3353 943 γὰρ
3400 874 3686 943 δεσπότης,
3716 878 3742 930 ό

2156 958 2224 1013 τὰ
2253 959 2441 1014 δέοντα
2480 961 2738 1033 πράττων
2789 979 2850 1014 τε
2884 962 2983 1016 καὶ
3022 965 3402 1035 προστάττων,
3433 966 3532 1037 ούχ
3579 968 3609 1019 ό
3648 970 3741 1037 τὴν

2156 1050 2453 1125 ἁλουργίδα
2492 1054 2899 1125 περικείμενος,
2930 1055 3025 1108 καὶ
3058 1055 3165 1110 τῶν
3208 1056 3391 1111 ὅπλων
3439 1058 3501 1110 τὺ
3546 1060 3740 1129 κράτος

2156 1142 2315 1212 ἔχων.
2357 1144 2774 1215 Παραπέτασμα
2808 1140 2904 1199 οὖν
2946 1148 3041 1201 τοῦ
3085 1147 3252 1218 φόϐου
3280 1149 3375 1201 τὸν
3408 1149 3575 1221 ὅρκον
3618 1166 3740 1221 προ-

2155 1235 2505 1306 ϐαλλόμενος,
2558 1238 2654 1290 καὶ
2689 1239 3030 1310 ἐπιτειχίσας
3082 1244 3150 1312 τῇ
3202 1242 3528 1312 προαιρέσει
3561 1244 3654 1296 τὸν
3679 1245 3740 1296 ἐκ

2153 1325 2249 1378 τοῦ
2278 1325 2454 1381 δοκεῖν
2481 1329 2761 1399 ἐπιορκεῖν
2789 1330 3054 1397 κίνδυνον,
3083 1332 3178 1383 ἐπὶ
3221 1333 3315 1385 τὸν
3366 1334 3529 1401 φόνον
3554 1333 3737 1405 ὢρμη·

2157 1434 2269 1471 σεν.
2312 1418 2448 1471 Οὐδὲ
2497 1420 2607 1490 γὰρ
2635 1422 2825 1492 σχῆμα
2867 1421 3244 1493 δικαστηρίου,
3299 1416 3389 1477 οἷα
3432 1425 3621 1478 πολλοὶ
3646 1442 3739 1479 πε-

2154 1509 2438 1578 ποιήκασι,
2492 1508 2827 1580 προῦθηκεν,
2892 1511 3013 1565 οὐδὲ
3067 1512 3411 1583 κατηγόρους
3484 1512 3732 1583 ἔστησεν,

2152 1600 2273 1653 οὐδὲ
2307 1600 2592 1673 μάρτυρας
2647 1603 3011 1673 ἐμισθώσατο·
3044 1605 3163 1676 ᾔδει
3209 1605 3321 1676 γὰρ
3364 1604 3611 1669 κολάζων
3644 1608 3737 1659 οὐκ

2152 1691 2467 1757 ἀδικοῦντα,
2508 1692 2624 1748 ἀλλ’
2654 1693 2867 1748 ἀδικίαν
2942 1693 3346 1765 στηλιτεύοντα.
3408 1694 3551 1747 Ἀλλ’
3590 1698 3619 1748 6
3646 1696 3737 1766 μὲν

2152 1783 2229 1847 ὡς
2264 1783 2491 1857 κρύψων
2534 1785 2627 1839 τὸν
2681 1785 2924 1856 ἔλεγχον,
2973 1786 3216 1858 ἀκρίτως
3256 1786 3321 1839 τὸ
3377 1787 3511 1854 ἄγος
3540 1789 3735 1859 εἰργά-

457 1874 540 1930 ba:
583 1877 849 1933 voluntati
902 1879 1307 1947 praestrinxisset
1355 1878 1656 1947 periculum
1684 1879 1827 1947 quod
1873 1894 1939 1933 ex
1980 1892 2037 1931 eo

2150 1891 2303 1929 σατο.
2374 1877 2434 1929 '0
2483 1876 2541 1930 δὲ
2586 1878 2689 1931 οὐκ
2748 1878 3057 1950 ἐσιωπήθη,
3128 1878 3271 1933 ἀλλὰ
3338 1879 3734 1951 λαμπροτέραις

457 1971 822 2037 impenderet,
858 1970 902 2023 si
932 1969 1231 2039 perjurium
1263 1969 1606 2023 committere
1645 1970 1943 2035 videretur,
1980 1969 2037 2024 ad

2158 1968 2515 2040 κηρύσσεται.
2548 1971 2706 2025 Κατὰ
2732 1974 2913 2025 πᾶσαν
2936 1972 3045 2041 γὰρ
3072 1973 3171 2044 τὴν
3201 1972 3290 2041 ὑφ’
3330 1972 3483 2042 ἥλιον
3523 1973 3608 2025 ἔτι
3647 1976 3735 2027 καὶ

454 2063 656 2116 eadem
687 2064 977 2130 processit.
1006 2058 1197 2130 Neque
1229 2062 1377 2115 enim
1411 2060 1638 2129 figuram
1671 2073 1736 2114 ac
1759 2062 2037 2129 strepitum

2148 2058 2243 2111 νῦν
2296 2059 2431 2132 βοᾷ·
2478 2081 2497 2113 ι
2564 2063 2680 2115 Οὐκ
2744 2062 2938 2131 ,ἔξεστί
2997 2081 3080 2117 σοι
3137 2063 3286 2135 ἔχειν
3331 2066 3431 2135 τὴν
3502 2068 3733 2134 γυναῖκα

452 2152 671 2222 iudicii,
702 2156 848 2214 sicut
882 2169 912 2207 a
946 2153 1132 2207 multis
1158 2154 1239 2219 (in
1268 2165 1434 2205 causa
1468 2150 1656 2221 simili)
1691 2150 1893 2206 factum
1939 2161 2037 2215 est,

2146 2152 2416 2206 Φιλίππου
2442 2150 2538 2207 τοῦ
2574 2153 2807 2223 ἀδελφοῦ
2852 2172 2971 2209 σου.
3010 2174 3028 2206 ι
3074 2156 3293 2227 Ἐπειδὴ
3328 2157 3386 2210 δὲ
3418 2156 3519 2229 τὴν
3559 2160 3732 2211 αἰτίαν

459 2245 785 2315 proposuit;
850 2259 1028 2313 neque
1082 2251 1435 2298 accusatores
1483 2244 1803 2309 constituit;
1870 2258 2037 2313 neque

2145 2246 2353 2309 ἐθέλεις
2384 2245 2577 2317 μαθεῖν
2632 2248 2993 2318 (πολύτροπος
3028 2247 3086 2301 δὲ
3109 2243 3251 2302 εἶναι
3286 2249 3556 2319 λέγεται),
3580 2250 3732 2320 δῆλον

459 2345 628 2390 testes
688 2335 944 2389 mercede
997 2335 1279 2400 conduxit,
1326 2344 1421 2388 aut
1480 2336 1821 2389 subornavit.
1874 2333 2037 2389 Norat

2144 2337 2227 2390 δτι
2258 2338 2309 2389 οἱ
2338 2338 2440 2407 μὲν
2470 2338 2563 2392 τὸν
2592 2338 2836 2401 Μωσέως
2861 2340 2996 2407 φασὶ
3032 2338 3402 2409 βεϐηλωκέναι
3432 2339 3511 2411 (6)
3548 2340 3727 2411 νόμον.

450 2427 596 2481 enim
650 2438 710 2481 se
738 2440 847 2479 non
869 2440 992 2479 eum
1030 2425 1303 2479 hominem
1345 2424 1539 2494 punire
1570 2427 1663 2493 qui
1692 2425 1879 2495 inique
1910 2441 2038 2494 age—

456 2530 563 2585 ret,
594 2519 688 2573 sed
729 2519 820 2588 qui
862 2518 1186 2588 injustitiam
1238 2519 1624 2573 insectaretur.
1658 2521 1730 2573 At
1775 2524 1888 2590 ipse
1922 2520 2043 2590 qui-

453 2611 575 2665 dem
606 2625 674 2664 eo
699 2611 827 2676 fine,
857 2621 914 2664 ut
954 2610 1432 2679 reprehensionem
1484 2611 1807 2676 occultaret,
1842 2615 2042 2682 impro-

452 2703 576 2758 vide
621 2712 677 2758 et
733 2704 941 2773 absque
983 2701 1191 2771 judicio
1232 2702 1415 2758 scelus
1468 2704 1597 2758 illud
1653 2708 2031 2774 perpetravit:

450 2795 686 2852 Joannes
718 2808 901 2852 autem
954 2813 1059 2851 non
1089 2798 1277 2863 tacuit,
1316 2797 1409 2852 sed
1441 2796 1647 2853 clarius
1684 2799 1855 2853 multo
1892 2814 2036 2869 prae-

449 2894 616 2949 dicat.
648 2892 783 2948 Nam
826 2894 1115 2964 hodieque,
1146 2911 1245 2965 per
1274 2910 1487 2950 onmem
1522 2905 1792 2949 terrarum
1820 2895 2035 2963 orbem,

448 2986 754 3055 ubicunque
801 2985 881 3040 sol
923 2986 1219 3055 splendet,
1258 2986 1501 3042 clamat:
1538 3004 1558 3039 ι
1598 2985 1717 3041 Νοη
1767 2985 1894 3042 licet
1937 2989 2032 3043 tibi

344 3132 353 3143 ,
447 3075 647 3130 habere
672 3092 901 3131 uxorem
946 3076 1181 3148 Philippi
1232 3078 1420 3133 fratris
1458 3077 1623 3133 tui".
1664 3097 1684 3131 ι
1718 3078 1854 3146 Quia
1906 3095 2034 3135 vero

447 3184 671 3223 causam
726 3171 879 3238 cupis
936 3184 1269 3240 cognoscere
1316 3169 1626 3241 (multiplex
1686 3180 1871 3226 autem
1910 3186 2031 3228 esse

450 3260 814 3332 perhibetur).
848 3262 952 3315 Alii
992 3262 1212 3331 quidem
1243 3278 1368 3317 eum
1410 3261 1562 3315 aiunt
1590 3258 1909 3331 profanassc
1950 3263 2019 3317 le-

447 3368 571 3421 gem
615 3353 801 3408 Mosis.
833 3355 968 3407 Cum
1001 3354 1150 3408 enim
1175 3354 1345 3409 l'rater
1374 3368 1506 3408 suus
1537 3368 1724 3408 semen
1755 3354 1894 3423 (sive
1939 3370 2029 3409 so-

446 3443 651 3516 bolem)
695 3445 968 3509 haberet,
1024 3446 1317 3516 cenjngciu
1357 3444 1476 3514 ejus
1522 3446 1677 3500 duxit
1709 3464 1722 3500 :
1754 3446 1898 3516 quod
1948 3447 2030 3501 fas

446 3551 556 3590 non
604 3546 745 3592 erat.
784 3536 919 3591 Nam
957 3538 1001 3591 si
1052 3538 1223 3591 frater
1278 3538 1399 3593 sine
1444 3537 1631 3593 liberis
1684 3537 2028 3602 decessisset,

445 3628 797 3698 permittebat
827 3628 913 3681 lex
950 3628 1104 3683 fratri
1149 3628 1269 3698 ejus
1315 3643 1544 3682 uxorem
1580 3628 1803 3693 ducere,
1850 3628 2028 3698 quoad

449 3733 633 3774 semen
683 3720 1011 3775 suscitasset
1044 3720 1308 3775 defuncto
1333 3721 1379 3751 “
1410 3738 1424 3773 :
1456 3735 1580 3774 cum
1604 3720 1815 3775 orbitas
1854 3722 2029 3774 maxi-

453 3826 598 3865 mum
654 3813 856 3866 malum
918 3827 1045 3867 esse
1093 3815 1413 3881 duceretur,
1474 3824 1667 3884 utpote
1713 3827 1811 3882 per
1865 3828 2026 3883 quam

444 3901 704 3956 memoria
757 3902 1138 3957 defunctorum
1193 3905 1412 3975 penitus
1473 3904 1809 3959 aboleretur.
1881 3902 2027 3969 Quo-

444 3995 601 4069 modo
672 4003 854 4049 autem
929 3995 1094 4050 etiam
1171 3997 1280 4049 filia
1314 3998 1559 4067 genitore
1620 4011 1721 4052 suo
1786 3995 2023 4063 relicto,

442 4098 499 4141 et
562 4102 689 4141 cum
750 4087 1001 4142 adultero
1049 4099 1104 4144 et
1160 4089 1406 4145 adultera
1463 4090 1730 4155 vivebat,
1792 4100 1849 4145 et
1909 4106 2027 4145 ser-

442 4194 658 4234 monem
723 4180 792 4236 de
854 4191 1010 4252 patre
1078 4182 1372 4237 conficiunt
1431 4183 1623 4237 tollere
1695 4184 2025 4253 satagebat?

436 4272 600 4344 $65
640 4272 978 4328 Concedatur
1006 4275 1337 4344 enim,un
1378 4284 1549 4329 mater
1606 4274 1887 4346 (adulteri)
1922 4276 2019 4330 de-

438 4365 638 4419 siderio
688 4364 1095 4434 cupiditateqne
1165 4365 1317 4420 ebria
1394 4365 1557 4420 fuerit
1608 4381 1623 4419 :
1694 4380 1802 4434 quo
1864 4348 2029 4436 pacto.

2149 2431 2409 2501 Ἐχοντος
2447 2432 2556 2502 γὰρ
2618 2431 2714 2485 τοῦ
2750 2430 2983 2502 ἀδελφοῦ
3026 2430 3194 2485 αὐτοῦ
3231 2430 3477 2503 σπέρμα,
3503 2432 3611 2504 τὴν
3641 2450 3729 2501 γυ-

2144 2523 2311 2576 ναῖκα
2352 2523 2516 2576 αὑτοῦ
2575 2524 2837 2594 ἠγάγετο,
2899 2524 3038 2594 ὅπερ
3086 2523 3188 2576 οὐκ
3249 2521 3402 2593 ἐξῆν.
3475 2523 3726 2577 Ἀτέκνου

2140 2615 2251 2686 γὰρ
2271 2616 2446 2680 ὄντος,
2475 2615 2775 2686 ἐπέτρεψεν
2806 2617 2836 2668 6
2869 2615 3035 2686 νόμος
3056 2613 3263 2683 λαϐεῖν,
3307 2615 3413 2679 ἕως
3435 2617 3727 2687 ἀναστήσει

2143 2708 2365 2778 σπέρμα
2405 2707 2485 2779 τῷ
2542 2708 2985 2777 τετελευτηκότι·
3021 2706 3209 2779 ἐπειδὴ
3254 2709 3363 2777 γὰρ
3417 2708 3452 2779 η
3505 2708 3725 2761 ἀτεκνία

2143 2796 2400 2867 μέγιστον
2427 2797 2594 2851 κακὸν
2637 2793 2778 2850 εἷναι
2812 2796 3117 2868 ἐνομίζετο,
3150 2797 3226 2861 ὡς
3258 2794 3543 2861 παντελῶς
3574 2798 3722 2852 σϐεν-

2138 2887 2379 2958 νυμένης
2408 2889 2509 2957 τῆς
2544 2889 2765 2959 μνήμης
2793 2889 2903 2943 τῶν
2940 2888 3285 2944 τεθνεώτων.
3330 2888 3455 2954 Πῶς
3481 2889 3544 2943 δὲ
3572 2891 3665 2943 καὶ
3690 2892 3721 2960 ή

2134 2979 2384 3052 θυγάτηρ
2441 2980 2537 3034 τὸν
2598 2981 2902 3053 γεννήτορα
2974 2981 3200 3051 ἀφεῖσα,
3254 2983 3350 3036 καὶ
3412 2981 3491 3054 τῷ
3552 2980 3719 3054 μοιχῷ

2136 3071 2232 3126 καὶ
2270 3076 2337 3145 τῇ
2414 3074 2687 3145 μοιχαλίδι
2754 3075 2943 3145 συνῆν,
2993 3075 3088 3128 καὶ¹
3128 3075 3221 3128 τὸν
3297 3075 3441 3147 ὑπὲρ
3498 3075 3596 3129 τοῦ
3640 3093 3716 3129 τε·

2136 3164 2323 3229 κόντος
2355 3166 2515 3235 λόγον
2568 3167 2944 3239 πεποιημένον
2997 3166 3209 3222 ἀνελεῖν
3274 3168 3581 3234 ἐσπούδαζε
3607 3170 3714 3241 (7);

2133 3257 2377 3311 Δεδόσθω
2406 3259 2536 3327 γὰρ,
2583 3259 2660 3322 ὡς
2691 3259 2769 3331 (8)
2811 3261 2992 3333 μήτηρ
3024 3259 3103 3330 τῷ
3135 3258 3289 3329 πόθῳ
3317 3259 3518 3332 ἐμέθυε
3550 3277 3567 3290 ·
3606 3259 3716 3325 πῶς

2135 3352 2230 3404 καὶ
2262 3352 2297 3422 ή
2331 3351 2579 3423 θυγάτηρ
2625 3351 3106 3422 συγκατεσκεύαζε
3148 3353 3209 3407 τὸ
3250 3353 3478 3425 δρᾶμα;
3512 3356 3577 3409 Oi
3625 3352 3708 3425 δὲξ.

2133 3432 2211 3494 ὧν
2243 3439 2361 3495 ἐστι
2414 3442 2512 3496 καὶ
2558 3442 2864 3515 Ἰώσηπος,
2916 3442 3168 3513 λέγουσιν
3207 3440 3315 3510 ὅτι,
3374 3442 3581 3509 ζῶντος
3625 3443 3711 3500 τοῦ

2133 3531 2354 3603 ἀνδρὸς,
2385 3534 2479 3587 καὶ
2521 3533 2815 3604 θυγάτριον
2858 3533 3073 3605 ἔχοντος
3093 3574 3109 3599 ,
3138 3535 3265 3607 έοχε
3294 3535 3399 3604 τὴν
3450 3536 3707 3605 γυναῖκα·

2131 3625 2279 3694 λέγει
2301 3625 2432 3694 γοῦν
2458 3627 2487 3679 6
2522 3625 2805 3697 Ἰώσηπος,
2838 3629 2896 3680 ἐν
2920 3628 2987 3696 τῇ
3013 3624 3465 3701 ὀκτωκαιδεκάτῃ
3488 3628 3709 3700 ἱστορίᾳ,

2130 3720 2211 3772 δτι
2234 3717 2375 3789 μετὰ
2397 3716 2664 3789 Σαλώμης
2684 3717 2848 3787 γονὰς
2879 3718 3151 3789 Ἡρωδιὰς
3180 3719 3276 3772 ἐπὶ
3305 3720 3571 3790 συγχύσει
3591 3739 3709 3792 φρο-

2134 3809 2351 3880 νήσασα
2380 3807 2489 3862 τῶν
2521 3810 2786 3882 πατρίων,
2828 3808 3044 3881 Ἡρώδῃ
3074 3812 3377 3882 γαμεῖται,
3411 3813 3492 3884 τῷ
3514 3813 3709 3885 ὁμοπα-

2133 3901 2271 3973 τρίῳ
2297 3901 2512 3973 ἀδελφῷ
2550 3901 2990 3966 διαστασιάζοντι
3021 3895 3066 3970 ᾧ
3094 3900 3415 3973 ἀπαντῆσαί
3442 3923 3528 3970 τις
3559 3906 3707 3960 δύνα-

2131 4010 2243 4055 ται,
2282 3991 2456 4061 λέγων
2478 4009 2492 4022 ·
2526 3991 2651 4055 Πῶς
2683 3986 2776 4045 οὖν
2814 3988 2913 4062 οὐχ
2942 3988 3018 4061 ὡς
3048 3988 3245 4064 μοιχῷ,
3284 3990 3403 4048 ἀλλ’
3437 3993 3513 4059 ὡς
3538 4012 3706 4067 παρα-

2127 4084 2309 4154 νόμως
2351 4084 2592 4154 γήμαντι
2624 4084 2869 4138 ἐνεκάλει
2916 4082 2946 4136 ό
2990 4084 3285 4158 Ἰωάννης;
3326 4087 3475 4157 1196.;
3520 4088 3579 4141 δν
3626 4106 3705 4152 τις

2124 4174 2349 4229 δύναται
2376 4176 2686 4247 ἀπαντῆσαι
2720 4175 3093 4245 λέγων·Ἴσως
3116 4178 3217 4233 διὰ·
3238 4178 3449 4249 βιϐλίον
3474 4181 3704 4236 ἀποστα-

2127 4267 2243 4320 σίου
2274 4261 2344 4338 ἧν
2371 4268 2679 4323 ἀποστᾶσα.
2723 4268 2884 4323 Ἀλλὰ
2910 4270 3005 4322 καὶ
3026 4271 3189 4324 πάλιν
3219 4272 3549 4345 ἀπαντήσει·
3586 4270 3702 4336 Πῶς

2123 4353 2218 4413 οὖν
2255 4359 2315 4412 τὸ
2350 4360 2455 4412 ὑπὸ
2494 4359 2589 4413 τοῦ
2635 4360 2801 4432 νόμου
2837 4364 3352 4436 συγκεχωρημένον,
3390 4367 3702 4436 παράνομον

437 4455 604 4509 etiam
631 4456 737 4510 lilia
788 4457 1002 4512 facinus
1036 4457 1287 4527 adjuvit?
1346 4457 1452 4512 Alii
1486 4467 1667 4513 autem
1699 4457 1954 4529 (quorum
1987 4473 2018 4513 e

2143 4450 2282 4504 ιαλεῖ
2315 4449 2392 4523 (9)
2435 4453 2464 4505 6
2504 4450 2795 4523 Ίωάννης;
2832 4454 3056 4508 Οὐδέπω
3083 4455 3192 4527 γὰρ
3234 4451 3304 4527 ἦν
3334 4460 3363 4511 6
3400 4457 3497 4511 τοῦ
3534 4458 3699 4526 Εὐαγ-

438 4561 666 4601 numero
697 4547 963 4619 Josephus
994 4564 1210 4618 quoque
1276 4546 1380 4615 est)
1427 4548 1635 4613 dicunt,
1704 4551 1848 4619 quod
1893 4549 2018 4604 vivo

2143 4541 2304 4610 ζελίου
2349 4543 2594 4614 χρησμὸς
2628 4543 2804 4607 δοθεὶς
2830 4586 2845 4611 ,
2888 4547 2918 4599 ὁ
2959 4546 3057 4618 τὴν
3102 4547 3360 4619 τοιαύτην
3413 4550 3700 4619 συνάφειαν

438 4638 602 4694 etiam
669 4638 809 4706 viro,
875 4651 931 4695 et
985 4641 1152 4695 filiam
1224 4641 1480 4709 habente,
1529 4641 1770 4698 Herodes
1798 4658 2020 4697 uxorem

2143 4636 2377 4707 μοιχείαν
2405 4636 2744 4706 ἀποφαίνων.
2772 4640 2838 4691 Ol
2869 4637 2926 4692 δέ
2962 4657 3149 4709 φασιν,
3193 4642 3278 4696 ὅτι
3316 4642 3584 4711 φονεύσας
3612 4642 3701 4694 τὸν

441 4728 562 4798 ejus
604 4730 875 4785 habuerit.
908 4731 1001 4785 Ait
1060 4730 1227 4800 igitur
1265 4729 1535 4801 Josephus
1575 4740 1769 4787 octavo
1809 4731 2022 4786 decimo

2143 4728 2356 4799 ἱιδελφὸν
2401 4731 2470 4784 δι’
2518 4730 2818 4802 ἐπιθυμίαν
2850 4735 2951 4804 τῆς
2985 4734 3293 4805 βασιλείας,
3334 4737 3434 4789 καὶ
3474 4736 3567 4807 τὴν
3602 4754 3697 4803 γυ-

441 4818 687 4874 Ιιίειοινίεε
714 4836 829 4875 suae
861 4820 1025 4886 libro,
1057 4822 1201 4892 quod
1231 4830 1355 4891 post
1379 4821 1578 4878 editam
1628 4821 1886 4878 Salomon
1914 4822 2020 4879 lle-

2143 4825 2290 4877 θαῖκα
2341 4822 2487 4895 (ἤρα
2524 4824 2633 4895 γὰρ
2680 4826 2851 4898 αὐτῆς
2896 4827 2964 4880 ἐκ
2996 4825 3235 4898 πολλοῦ)
3265 4828 3657 4899 προσαφείλετο
3680 4844 3699 4861 '

506 5000 555 5031 ⁷⁸
586 4998 753 5055 Marc.
784 5015 856 5065 v1,
887 5000 978 5055 l8.
1051 5000 1097 5033 τί
1128 5000 1287 5056 Deut.
1321 5015 1449 5068 xxv,
1476 5000 1534 5056 5.

1520 5147 1758 5206 VARUE
1795 5148 2174 5210 LECTIONES
2207 5149 2299 5206 ET
2336 5151 2560 5209 NOTA’.

504 5315 583 5386 (5)
616 5313 782 5387 Multa
809 5308 1169 5387 SS.__Patrum
1192 5310 1360 5387 Adicta
1396 5310 1461 5387 in_
1500 5313 2008 5387 hancsententiam

2170 5313 2268 5387 Δ(6)
2313 5313 2418 5387 Ero
2473 5311 2842 5383 βεϐηλωκέναι
2882 5313 3007 5369 cod.
3056 5310 3179 5369 Vat.
3205 5311 3339 5385 legit
3382 5310 3697 5385 παραϐεϐη-

430 5381 698 5441 exstant:
735 5384 788 5438 in
831 5382 988 5437 malis
1034 5381 1340 5454 promissis,
1390 5382 1607 5454 etiamsi
1653 5382 2009 5454 jurejurando
2117 5381 2296 5439 κέναι.
2332 5381 2549 5440 Possim.
2721 5450 2731 5454 _
3011 5453 3019 5454 ί
3099 5453 3103 5454 ν
3251 5381 3291 5454 ξ

433 5455 627 5510 vallata
667 5455 795 5517 sint,
821 5460 1081 5521 praestare
1116 5452 1296 5523 fidem,
1324 5450 1669 5517 rescindere;
1712 5450 1873 5523 quam
1910 5456 2012 5509 im-

2189 5456 2269 5523 (7)
2300 5455 2445 5510 Idem
2473 5450 2773 5517 ἐσπούδαζε
2814 5460 2987 5508 mutat
3008 5453 3063 5508 in
3093 5453 3421 5523 ἐσπούδασε.
3446 5453 3519 5509 la.

433 5460 627 5510 vallata
667 5460 795 5517 sint,
821 5460 1081 5521 praestare
1116 5460 1274 5506 fidem
1324 5460 1656 5517 rescindere,
1712 5469 1873 5523 quam
1910 5460 2012 5509 im-
2216 5460 2269 5522 7)
2300 5460 2445 5510 Idem
2473 5460 2773 5517 ἐσπούδαζε
2814 5460 2987 5508 mutat
3008 5460 3063 5508 in
3093 5460 3421 5508 ἐσπούδασε.
3447 5460 3519 5509 la.

432 5528 602 5597 plere,
646 5539 828 5597 neque
863 5524 978 5597 hoc
1016 5536 1136 5578 esse
1182 5522 1503 5597 perjurium.
1568 5523 1699 5597 Vide
1742 5525 2009 5589 Amsinm,
2189 5460 2266 5597 (8)
2298 5526 2442 5579 Idem
2472 5526 2675 5597 omittit
2714 5524 2791 5597 ὡς
2823 5532 2947 5597 post
2984 5526 3117 5595 γάρ.
3169 5522 3327 5597 Vera.
3365 5536 3583 5597 postea
3614 5536 3697 5597 se-

431 5592 814 5667 Augustinum,
863 5592 1127 5667 lsidorum
1182 5592 1844 5667 HispalensemLBedam,
1877 5606 2007 5661 etc.,

2143 5592 2301 5658 timo,
2339 5609 2438 5667 pro
2465 5592 2903 5659 διαστασιάζοντι
2933 5592 3119 5663 habet,
3150 5593 3247 5648 τοῦ
3290 5594 3479 5667 ἀνδρὸς
3522 5592 3690 5661 αὐτῆς

430 5663 632 5720 relatos
660 5679 688 5717 a
731 5664 992 5718 Gratiano
1010 5678 1183 5734 causa
1204 5663 1309 5727 22,
1337 5674 1530 5733 quaast.
1577 5665 1633 5731 4,
1672 5664 1726 5719 ἰη
1771 5681 1807 5718 ιι
1867 5677 2006 5734 part.

2143 5663 2606 5728 ιαστασιάζοντος.

432 5736 657 5789 Decreli.
690 5735 754 5788 Et
784 5736 920 5787 ratio
957 5742 1061 5797 est,
1094 5733 1223 5798 quia
1268 5735 1649 5802 jusjurandum
1694 5751 1798 5792 non
1850 5733 2008 5792 debet

432 5820 554 5861 esse
583 5803 851 5859 vinculum
880 5802 1198 5871 iniquitatis.
1236 5803 1403 5859 Rnr.

2187 5734 2401 5807 (_9)APro
2416 5735 2571 5807 καλεῖ
2588 5736 2725 5807 idem
2752 5734 2877 5807 cod.
2906 5735 3060 5807 ponit
3083 5734 3297 5803 ἐκάλει,
3328 5744 3384 5792 et
3409 5748 3546 5790 vers.
3567 5747 3685 5799 seq.

2114 5804 2381 5869 διαδοθεὶς
2411 5820 2510 5876 pro
2538 5804 2731 5869 δοθείς.
2764 5805 2843 5860 ID.
