3886 6420
138 411 251 481 1161

996 408 1531 469 EPISTOLARUM
1574 407 1719 467 Ll‘B.
1764 408 1860 468 IV.
1894 402 1974 442 ’-
2014 408 2249 468 EPIST.
2274 410 2514 471 XCVII.

3218 410 3355 474 1162

134 526 200 594 οἷς
220 524 484 597 εὐτρεπὴς
505 525 534 577 6
561 523 779 593 ἔλεγχος
812 520 1271 592 προϐεϐλήσεται·
1295 519 1417 581 Πῶς
1446 518 1560 586 (10)
1593 514 1686 570 οὖν

1796 520 1974 574 rodias
2008 521 2265 574 meditata
2294 520 2671 575 confusionem
2709 518 2849 587 juris
2878 523 3087 591 paterni
3118 534 3361 598 DUpserir,

133 624 207 676 τὸν
240 619 393 688 φόνον
418 615 573 687 αὐτῷ
599 617 698 669 οὐκ
738 614 1014 667 ὠνείδισεν
1040 615 1068 665 6
1101 611 1411 679 Βαπτιστής
1437 628 1451 675 ;
1482 609 1685 661 Τοσοῦ-

132 730 209 766 τον
233 710 335 779 γὰρ
371 706 753 779 χαλεπώτερον
792 701 931 759 εἶναι
966 705 1134 767 δοκεῖ,
1169 704 1280 772 ὅσῳ
1314 703 1411 754 καὶ
1444 701 1671 769 ἀδελφο-

133 802 298 856 κτονία
335 801 498 869 φόνου
530 796 880 867 ὲναγεστέρα.
915 796 1036 848 Εἴτε
1075 790 1168 847 οὖν
1195 794 1292 864 τὴν
1326 791 1569 862 πρώτην,
1612 791 1688 854 ὼς

132 892 284 960 ἔγωγε
311 886 487 960 οἶμαι,
528 888 640 940 εἴτε
670 889 769 958 τὴν
797 886 1075 956 δευτέραν,
1130 884 1240 937 εἴτε
1265 882 1361 952 τὴν
1385 883 1576 952 τρίτην
1605 880 1688 933 αί-

130 970 235 1036 τίαν
269 977 410 1051 εἶχεν
454 982 483 1034 ὁ
524 978 767 1047 ἔλεγχος,
804 979 832 1029 ό
880 977 1124 1047 ἀνδρεῖος
1156 975 1251 1027 καὶ
1285 975 1533 1041 γενναῖος
1575 972 1685 1042 (11)

132 1075 212 1126 καὶ
250 1071 470 1139 ἐλέγξας
515 1071 611 1124 καὶ
658 1067 968 1131 ἀποθανὼν,
1016 1068 1092 1130 ὼς
1136 1067 1247 1129 τοῖς
1294 1064 1462 1127 θείοις
1502 1065 1686 1133 νόμοις

132 1162 490 1231 συνηγορήσας
512 1200 526 1226 ,
572 1158 801 1229 ᾀδέσθω.
831 1159 894 1211 Ei
928 1157 984 1209 δὲ
1016 1174 1100 1219 τις
1152 1156 1287 1224 φαίη
1315 1170 1330 1183 ο
1364 1154 1464 1207 Διά
1494 1154 1547 1205 τί
1595 1151 1686 1205 οὖν

133 1254 462 1325 συνεχωρήθη
484 1252 644 1305 τοῦτο
674 1251 903 1318 παθεῖν;
940 1252 1178 1321 φήσαιμι
1197 1290 1212 1313 ,
1265 1248 1346 1300 ὃτι
1396 1247 1557 1309 αὐτὸς
1587 1246 1686 1316 μὲν

131 1344 315 1415 ἐϐλάϐη
360 1344 535 1399 οὐδέν.
576 1342 637 1397 El
680 1343 787 1413 γάρ
826 1342 1046 1403 πάντως
1088 1340 1193 1411 χρὴ
1251 1340 1343 1391 τὴν
1383 1338 1495 1408 βίον
1534 1338 1683 1402 ἐξελ-

131 1437 232 1489 θεῖν
257 1436 364 1507 (12)
396 1476 411 1499 ,
440 1437 469 1488 6
496 1436 765 1505 λαμπρῶς
794 1432 1005 1498 διεξιὼν
1048 1432 1184 1499 (15).
1221 1430 1687 1501 μακαριστότερος

132 1528 192 1581 ἂν
218 1527 317 1598 εἴη.
352 1525 567 1579 Ἔπειθ’
597 1528 677 1579 ὅτι
710 1528 742 1597 ἠ
777 1525 897 1579 θεία
932 1524 1042 1593 (14)
1088 1522 1332 1575 ἐνδίδωσι
1363 1524 1475 1584 τοῖς
1501 1521 1684 1591 πλημ-

132 1617 336 1689 μελοῦσι
372 1618 563 1688 καιρὸν
610 1616 916 1687 μετανοίας.
956 1616 1016 1668 Εἰ
1049 1615 1107 1667 δὲ
1157 1613 1280 1684 μηδ’
1310 1612 1485 1676 οὕτως
1522 1629 1686 1682 μετα·

131 1712 383 1781 νοήσαιεν,
413 1710 800 1781 χαλεπωτέρας
826 1710 967 1779 όριεῖ
983 1709 1080 1769 τὰς
1104 1705 1376 1775 τιμωρίας
1398 1722 1412 1735 ο
1437 1704 1682 1773 καὶγὰρ,

133 1802 201 1865 ὥς
234 1802 361 1871 φασί
386 1818 553 1866 τινες,
587 1802 621 1871 ἡ
647 1800 811 1853 κακία
838 1801 894 1852 ὲν
929 1799 1119 1868 κόσμῳ
1152 1796 1512 1866 βασιλεύουσα
1541 1798 1688 1851 ἀντι-

1793 608 2015 672 Herodi,
2046 610 2135 678 qui
2168 626 2290 665 cum
2336 610 2506 665 fratre
2556 612 2805 666 eumdem
2854 623 3065 683 patrem
3122 618 3357 678 habente

1791 700 2105 755 inimicitias
2127 702 2323 755 alebat.
2348 702 2444 756 Cui
2476 703 2597 770 quis
2620 718 2908 759 occurrere
2930 716 3127 776 potest,
3153 712 3357 769 dicens:

1789 792 2068 859 Quomodo
2120 794 2359 851 Joannes
2410 812 2515 850 non
2580 806 2834 867 tanquam
2883 802 3211 871 adulterum,
3262 811 3357 861 sed

1792 893 2047 953 tanquam
2072 899 2193 937 eum
2218 885 2310 953 qui
2345 894 2534 940 contra
2565 885 2733 953 legem
2757 888 3025 957 duxisset,
3052 896 3361 951 accusavit?

1788 974 1890 1029 Cui
1914 992 1979 1030 ex
2013 976 2181 1029 altera
2206 985 2358 1044 parte
2389 987 2570 1047 potest
2597 980 2721 1048 quis
2756 983 3108 1051 respondere,
3139 985 3357 1041 dicens:

1788 1065 2045 1121 Fortasse
2072 1082 2165 1135 per
2194 1067 2431 1122 libellum
2466 1069 2672 1138 repudii
2709 1086 2737 1123 a
2770 1073 2965 1126 marito
3009 1074 3354 1134 discesserat.

1791 1157 1898 1211 Sed
1918 1169 1972 1213 et
2003 1159 2089 1212 hic
2118 1161 2234 1213 vice
2264 1174 2421 1213 versa
2451 1172 2716 1226 ,occnrret
2778 1164 3082 1234 quispiam:
3116 1164 3358 1231 Quanam

1790 1249 1955 1319 igitur
1984 1252 2195 1305 ratione
2218 1252 2270 1305 id
2302 1254 2444 1321 quod
2466 1269 2493 1305 a
2527 1253 2641 1323 lege
2678 1269 2993 1311 concessum
3025 1269 3166 1325 erat,
3199 1258 3361 1314 Joan-

1790 1359 1886 1398 nes
1913 1344 2044 1398 dicit
2083 1352 2271 1397 contra
2324 1346 2501 1415 legem
2538 1344 2697 1398 ﬁeri?
2733 1344 2978 1401 Nondum
3006 1350 3151 1402 enim
3177 1351 3357 1406 datum

1788 1444 1907 1489 erat
1929 1434 2206 1489 oraculum
2239 1433 2543 1503 Evangelii,
2566 1435 2707 1503 quod
2736 1435 2895 1489 talem
2924 1436 3358 1504 conjunctionem
3436 1446 3451 1463 ‘

1789 1526 2103 1595 pronuntiat
2161 1540 2283 1580 esse
2337 1526 2686 1579 adulterium.
2750 1526 2851 1580 Alii
2912 1537 3094 1582 autem
3146 1529 3357 1598 dicunt,

1789 1619 1932 1688 quod
1959 1617 2224 1683 Herodes,
2256 1619 2439 1673 occiso
2463 1617 2632 1674 fratre
2662 1634 2760 1688 per
2808 1620 3157 1688 cupiditatem
3186 1624 3359 1693 regni,

1790 1726 2012 1765 uxorem
2044 1726 2259 1780 quoque
2292 1714 2412 1779 ejus
2478 1712 2560 1781 (ut
2610 1726 2770 1781 quam
2818 1713 2981 1783 lnng‘o
3016 1723 3257 1784 tempore
3303 1730 3364 1768 a-

1790 1803 2013 1873 masset)
2050 1804 2359 1859 abduxerit.
2406 1804 2614 1871 Quibus
2650 1805 2701 1858 in
2730 1816 2980 1874 promptu
3009 1817 3093 1861 est
3127 1823 3246 1877 qua:
3269 1809 3364 1863 ob-

130 1895 432 1949 καθίσταται
468 1894 603 1964 πρὸς
641 1894 701 1946 τὸ
732 1893 958 1961 ἀγαθὸν,
996 1893 1186 1962 φέρειν
1225 1890 1326 1961 τὴν
1356 1891 1677 1959 ἐπιφάνειαν

1802 1893 1996 1947 iciatur
2025 1892 2286 1948 refutatio
2310 1916 2322 1949 :
2350 1895 2641 1960 Quomodo
2676 1896 2841 1964 igitur
2887 1895 3132 1966 Baptista
3161 1899 3361 1953 caedem

126 1983 560 2054 όνειροπολοῦσα’
618 1983 699 2036 διὸ
764 1982 971 2053 ἀρίστῳ
1031 1981 1188 2051 ἀνδρὶ
1246 1978 1449 2049 φαῦλος
1522 1980 1680 2032 πολε-

130 2080 252 2146 μεῖ,
286 2076 423 2130 άλλά
478 2076 677 2148 ῥᾳδίως
738 2075 1046 2128 ἁλίσκεται.
1099 2074 1217 2126 Ἵνα
1265 2072 1373 2141 γὰρ
1432 2070 1504 2124 τὰ
1546 2071 1687 2141 λαμ-

128 2168 229 2239 πρά
258 2168 405 2239 (15),
436 2167 513 2231 ὼς
545 2169 611 2221 δι’
642 2168 760 2231 ἐνὸς
800 2167 1017 2220 ἅπαντα
1058 2163 1304 2236 μηνύσω,
1344 2162 1421 2233 τῷ
1450 2165 1561 2234 γὰρ
1589 2163 1681 2233 βα-

128 2261 249 2313 σιλεῖ
277 2261 389 2333 (16)
419 2262 519 2332 τῆς
558 2260 908 2332 δικαιοσύνης
954 2259 1101 2330 δεῦρ’
1152 2258 1472 2328 ἐπιφανέντι
1514 2275 1684 2328 προσ-

126 2352 457 2425 επολέμησαν
508 2354 559 2405 οί
601 2353 699 2421 τῆς
740 2352 956 2415 ἀδικίας
990 2351 1359 2405 ὑπασπισταί·
1394 2349 1530 2403 ἀλλά
1576 2348 1685 2419 γὰρ

126 2443 364 2497 τοσοῦτον
393 2445 637 2499 ἑάλωσαν
686 2444 782 2498 καὶ
827 2443 1198 2514 ὲσϐἐσθησαν,
1232 2442 1309 2514 ᾡς
1340 2443 1548 2496 ἐκεῖνον
1587 2442 1684 2512 μὲν

127 2533 387 2603 πανταχοῦ
458 2532 815 2604 ἀνυμνεῖσθαι
846 2550 859 2563 ·
922 2533 1049 2595 τοὺς
1100 2532 1156 2584 δὲ
1207 2510 1539 2601 νϐμίσαντας
1588 2529 1686 2600 τὴν

128 2621 257 2694 ζωὴν
300 2625 580 2694 ἄπρακτον
632 2618 791 2687 εἶναι,
839 2622 1044 2684 πάσαις
1092 2621 1214 2684 ταῖς
1270 2619 1471 2690 ψήφοις
1517 2620 1686 2691 ἡττᾶ-

128 2713 261 2767 σθαι.

1790 1984 1891 2052 ipsi
1928 2002 2032 2038 non
2061 1985 2465 2053 exprobravit?
2489 1985 2662 2041 Tanto
2693 1987 2839 2040 enim
2866 1989 3083 2057 gravior
3130 2005 3192 2043 ea
3242 2005 3365 2045 esse

1788 2075 2019 2140 videtur,
2039 2087 2242 2143 quanto
2283 2078 2453 2146 magis
2487 2086 2571 2131 est
2603 2076 2868 2131 nefarium
2920 2079 3268 2145 parricidium
3299 2080 3355 2134 in

1789 2165 1959 2220 fratre
1980 2168 2358 2232 commissum,
2381 2184 2547 2237 quam
2584 2167 2820 2239 vulgaris
2843 2170 3037 2225 caedes.
3092 2170 3219 2224 Sive
3260 2170 3364 2239 igi-

1790 2267 1877 2312 tur
1912 2261 2166 2328 primam,
2202 2269 2259 2313 ut
2284 2275 2386 2328 ego
2414 2260 2676 2325 arbitror,
2711 2262 2825 2315 sive
2875 2262 3191 2328 secundam,
3249 2261 3365 2316 sive

1790 2351 2007 2403 tertiam
2042 2351 2475 2405 causamhahuit
2520 2367 2583 2405 ea
2626 2352 3018 2421 reprehensio:
3052 2354 3273 2408 omnino
3316 2354 3365 2408 is

1789 2439 2127 2509 qui'fortiter
2160 2456 2224 2495 ac
2255 2455 2515 2511 generose
2541 2451 2653 2496 tum
2679 2444 2954 2514 redarguit
3011 2459 3213 2515 regem,
3247 2452 3363 2497 tum

1792 2541 2023 2585 mortem
2057 2532 2307 2600 oppetiit,
2339 2531 2412 2585 ita
2445 2531 2770 2597 celebretur,
2806 2543 2864 2587 ut
2896 2548 2996 2602 par
3022 2543 3105 2588 est
3127 2548 3249 2587 eum
3275 2547 3367 2587 ce-

1791 2620 2013 2685 lebrari,
2043 2622 2133 2689 qui
2169 2621 2475 2675 divinarum
2496 2621 2674 2692 legum
2702 2622 3059 2691 patrocinium
3092 2619 3368 2677 defensio-

1793 2726 2025 2779 nemque
2047 2710 2306 2779 suscepit.
2348 2711 2501 2778 Quod
2533 2712 2578 2765 si
2619 2712 2740 2780 quis
2797 2711 2983 2765 dicat:
3033 2710 3145 2766 Cur
3201 2710 3365 2781 igitur

126 2806 560 2876 hoc-permissum
585 2816 689 2875 est,
760 2816 817 2861 ut
870 2806 1181 2877 pateretur?
1237 2803 1371 2859 lluic
1416 2819 1516 2875 ego
1570 2806 1980 2875 reSponderim:
2015 2805 2119 2875 Ipsi
2144 2806 2362 2875 quidem
2431 2806 2565 2860 nihil
2589 2821 2653 2860 ea
2680 2821 2768 2892 ,τε
2796 2807 3037 2859 nocitum
3112 2819 3257 2859 esse.
3304 2802 3365 2876 Si

124 2899 253 2953 enim
273 2900 497 2954 omnino
522 2914 554 2954 e
583 2899 691 2953 vita
718 2898 1087 2952 excedendum
1118 2906 1221 2960 est,
1258 2897 1323 2961 is,
1360 2896 1451 2965 qui
1492 2895 1725 2965 gloriosa
1760 2910 1825 2950 ac
1858 2895 2138 2966 splendida
2199 2904 2371 2950 morte
2394 2895 2648 2961 decessit,
2683 2894 2897 2950 beatior
2938 2895 3150 2950 caeteris
3172 2896 3364 2951 existi-

125 2992 339 3046 mandus
399 2992 521 3046 erit.
579 2991 777 3045 Deinde
809 2990 991 3043 divina
1061 2989 1273 3043 bonitas
1324 2988 1678 3057 peccantibus
1718 2999 1931 3059 tempus
1954 2988 2345 3056 resipiscentiae
2406 2989 2673 3043 concedit.
2709 2989 2860 3054 Quod
2905 2988 2953 3042 si
2989 3002 3056 3041 ne
3096 2989 3177 3043 sic
3236 2989 3361 3057 qui-

123 3084 229 3137 dem
260 3084 607 3152 resipuerint,
643 3083 890 3153 graviora
925 3081 1057 3149 ipsis
1086 3079 1347 3150 irrogabit
1380 3079 1666 3149 supplicia.
1709 3080 1873 3147 Nam,
1914 3091 1972 3135 ut
1996 3081 2214 3150 quidam
2248 3081 2418 3147 aiunt,
2444 3080 2763 3149 improbitas
2789 3082 2840 3134 in
2904 3080 3105 3135 mundo
3134 3095 3361 3151 regnum

121 3176 363 3232 obtinens
392 3175 601 3231 resistit
629 3174 795 3239 bono,
835 3188 1111 3242 nunquam
1154 3174 1207 3227 id
1232 3189 1397 3228 unum
1432 3190 1536 3228 non
1566 3175 1779 3244 agitans
1814 3174 1956 3244 apud
1988 3190 2065 3239 se,
2130 3182 2190 3228 ut
2258 3174 2462 3243 primas
2522 3172 2661 3226 ferat
2724 3189 2787 3227 ac
2843 3181 3177 3244 supernatet.
3234 3173 3365 3240 Qua:

121 3284 276 3325 causa
306 3279 392 3324 est
439 3285 541 3323 cur
567 3270 771 3338 optimo
789 3269 905 3322 viro
930 3269 1014 3321 vir
1038 3268 1320 3337 improbus
1344 3269 1542 3324 bellum
1575 3280 1789 3327 moveat
1827 3278 1881 3326 et
1903 3271 2255 3332 adversetur;
2295 3270 2391 3324 sed
2457 3269 2567 3323 cito
2594 3283 2658 3322 ae
2718 3268 2874 3324 facile
2907 3270 3174 3338 capiatur.
3230 3270 3365 3324 Nam

122 3372 193 3427 ut,
217 3377 337 3433 quae
358 3363 539 3416 omnia
572 3376 667 3431 per
700 3375 759 3414 se
786 3359 1071 3415 manifesta
1098 3369 1245 3424 sunt,
1279 3362 1437 3415 unico
1471 3372 1680 3433 tantum
1722 3362 1970 3433 exemplo
2006 3361 2300 3427 tleclarem,
2364 3361 2495 3431 Regi
2540 3362 2765 3431 justitite
2828 3361 3093 3433 (Christo)
3129 3378 3251 3419 cum
3312 3364 3365 3416 in

124 3454 268 3509 terris
298 3454 659 3522 apparuisset,
719 3453 993 3522 ittjttslilite
1085 3454 1350 3507 satellites
1416 3470 1482 3509 ac
1574 3466 2005 3525 propugnatores
2072 3454 2285 3527 (Judaei)
2318 3465 2448 3509 sunt
2503 3455 2813 3510 adversati.
2880 3455 2984 3511 Sed
3030 3456 3169 3512 adeo
3220 3458 3366 3525 capti

121 3546 473 3615 exstinctique
504 3556 650 3609 sunt,
676 3554 732 3597 ut
762 3545 879 3612 ipse
908 3544 1125 3612 quidem
1178 3544 1355 3599 ubivis
1428 3556 1696 3599 terrarum
1770 3547 2079 3601 celebretur
2107 3556 2162 3601 et
2191 3556 2481 3602 cantetur:
2568 3546 2645 3600 illi
2697 3561 2845 3611 vero,
2896 3548 2990 3617 qui
3035 3549 3203 3605 vitam
3251 3548 3368 3618 ejus

120 3639 339 3692 otiosam
369 3653 436 3691 ac
468 3637 617 3690 nihili
653 3651 775 3691 esse
812 3638 1092 3701 rebantur,
1144 3637 1398 3691 omnilms
1442 3637 1668 3692 calculis
1707 3648 1872 3707 atque
1910 3636 2184 3703 suffragiis
2211 3640 2595 3693 succumbant.

250 3732 365 3795 1.,z'.
396 3760 467 3769 —
493 3726 851 3799 ΜΑΡΤΙΑΝῼ
894 3728 1343 3799 ΠΡΕΣΒΥΤΕΡῼ
1366 3729 1524 3799 (ιδ’).

1867 3727 2035 3801 466
2060 3728 2268 3783 XCVII.
2296 3760 2366 3769 —
2401 3728 2756 3786 MARTIANO
2813 3730 3293 3791 PRESBYTERO.

119 3821 211 3874 Διὰ
240 3838 291 3873 τι
322 3819 421 3872 ἐπὶ
450 3818 559 3871 τόν
590 3820 859 3889 ,σταυρὸν
886 3820 1210 3887 ἐρχόμενος
1231 3822 1264 3872 ό
1288 3820 1542 3885 Χριστὸς
1560 3819 1691 3884 ταῖς

1796 3820 2085 3887 Quare,ad
2136 3837 2340 3875 crucem
2391 3821 2747 3889 proﬁciscens,
2810 3822 3056 3878 Christus
3123 3828 3367 3882 mulieres

338 3888 736 3958 κοπτομέναις
759 3890 1035 3957 γυναιξὶν
1066 3890 1451 3957 ἐπετίμησεν.

194 3980 412 4051 Ἐπειδὴ
432 3981 735 4051 γέγραφας,
764 3978 834 4033 δι’
864 3982 930 4051 ἠν
958 3981 1137 4034 αἰτίαν
1165 3982 1192 4033 6
1214 3981 1451 4051 Χριστὸς
1476 3981 1569 4033 ἐπὶ
1596 3980 1688 4034 τὸν

121 4072 343 4142 σταυρὸν
390 4073 689 4143 ἐρχόμενος
733 4072 766 4142 ἢ
813 4072 1162 4142 ἀπαγόμενος
1184 4110 1200 4135 ,
1233 4071 1536 4141 ἐπετίμησε
1567 4074 1688 4135 ταῖς

118 4163 474 4233 κοπτομὲναις
503 4163 665 4216 αὐτὸν
700 4162 946 4231 γυναιξίν
998 4163 1068 4233 (εί
1094 4163 1203 4233 γὰρ
1233 4162 1328 4215 καὶ
1372 4163 1598 4228 ἀγνοίας
1627 4163 1687 4212 τὸ

120 4256 343 4325 πρᾶγμα
376 4251 465 4326 ἦν,
503 4254 619 4306 ἀλλ’
639 4250 738 4308 οὖν
759 4271 821 4322 γε
844 4255 941 4308 καὶ
970 4255 1181 4316 ἐννοίας
1205 4248 1318 4320 εἶχε
1351 4250 1685 4321 γνώρισμα)’

116 4345 276 4413 φημὶ,
315 4346 397 4398 ὅτι
434 4343 622 4413 ἐπειδὴ
666 4344 739 4413 μὴ
792 4343 1047 4395 ἀκούσιον
1106 4340 1235 4411 μηδ’
1290 4339 1591 4411 ἀϐούλητον
1615 4336 1685 4411 ἦν

116 4434 260 4505 αὐτῷ
284 4436 343 4488 τὸ
373 4435 566 4498 πάθος,
605 4433 817 4505 ὕϐρεως
848 4432 999 4504 αὐτῷ
1030 4428 1172 4486 εἶναι
1204 4432 1431 4495 εἰκότως
1460 4432 1522 4486 τὸ
1547 4449 1688 4502 συμ-

118 4525 283 4587 παθὲς
303 4525 505 4591 ἔδοξεν.
548 4524 661 4594 Οὐχ
696 4524 794 4593 ἡδὺ
818 4524 946 4595 γὰρ,
984 4522 1095 4576 οὐδ’
1126 4523 1397 4592 ἀποδοχῆς
1433 4522 1583 4589 ἄξιον
1625 4524 1689 4577 τὸ

119 4616 410 4686 συμπαθὲς,
440 4609 484 4683 ᾧ
513 4616 587 4686 μὴ
610 4616 779 4677 πάθος
807 4615 1106 4685 ἀϐούλητον
1123 4615 1184 4667 τὸ
1208 4613 1400 4676 πάθος.

2264 3892 2499 3961 lugentes
2526 3892 2822 3962 objurgart't
2848 3895 2917 3948 ⁷⁸.

1859 3983 2124 4050 Quoniam
2173 4000 2268 4054 per
2323 3985 2530 4041 litteras
2564 3989 2881 4057 quaesivisti,
2929 4007 3091 4058 quam
3126 3992 3197 4047 ob
3242 4008 3373 4047 cau-

1786 4090 1903 4129 sam
1928 4074 2182 4132 Christus
2209 4076 2277 4131 ad
2302 4092 2522 4132 crucem
2552 4079 2924 4148 proﬁciscens,
2953 4093 3045 4137 aut
3072 4084 3368 4145 abductus,

1788 4165 2200 4235 mulieres,quae
2250 4169 2427 4237 ipsum
2478 4169 2756 4240 lugebant,
2827 4173 3127 4243 objurgarit
3162 4173 3369 4245 (aiebas

1791 4259 1959 4320 enim,
1993 4258 2208 4313 tametsi
2235 4259 2597 4329 ignorantiam
2631 4264 2918 4331 quamdam
2963 4266 3013 4319 in
3050 4282 3109 4321 se
3140 4267 3229 4321 illa
3281 4282 3371 4321 res

1793 4344 2065 4408 habuerit,
2101 4355 2280 4401 tamen
2326 4357 2474 4403 certe
2521 4348 2911 4407 benevolentia:
2950 4354 3243 4423 singularis
3286 4356 3363 4409 si-

1791 4448 1954 4501 gnum
1980 4433 2579 4505 fuisse);respondeo:
2636 4438 2774 4505 Quia
2808 4457 2914 4496 non
2975 4441 3144 4497 invito
3202 4454 3367 4514 atque

1793 4526 1998 4581 nolenti
2020 4526 2120 4596 ipsi
2138 4529 2321 4595 passio
2345 4530 2713 4600 contingebat.
2735 4532 2854 4586 ideo
2885 4533 3139 4602 injuriam
3169 4550 3366 4605 quam-

1793 4618 1918 4671 dam
1950 4616 2054 4686 ipsi
2090 4617 2295 4673 inferre
2333 4620 2674 4685 videbantur,
2705 4624 2849 4689 quod
2882 4624 3055 4679 vicem
3105 4625 3222 4694 ejus
3270 4626 3368 4679 do-

118 4710 307 4765 lebant.
340 4710 475 4764 Nam
511 4709 629 4777 ejus
656 4711 839 4765 dolere
862 4708 1056 4775 vicem,
1090 4709 1179 4764 cui
1232 4708 1284 4762 id
1308 4707 1451 4777 quod
1517 4706 1723 4777 patitur
1762 4723 1871 4764 non
1942 4720 2143 4779 praeter
2197 4720 2458 4767 contrave
2520 4714 2844 4769 voluntatem
2890 4718 3091 4782 evenit,
3133 4732 3238 4772 non
3280 4729 3368 4773 est

117 4819 200 4859 res
228 4805 301 4858 illi
322 4806 588 4872 jucunda,
620 4818 795 4873 neque
824 4813 1070 4873 accepta.

182 4915 228 4952 ”
257 4919 390 4976 Luc.
431 4934 588 4984 mit,
618 4917 707 4973 28.

1186 5032 1425 5088 VARUS
1465 5031 1851 5091 LECTIONES
1886 5034 1977 5090 ET
2014 5034 2247 5094 NOTAE.

181 5190 288 5263 (l0)
320 5193 445 5257 Πῶς
478 5201 654 5263 mutat
674 5192 728 5245 in
752 5192 885 5245 διότι
907 5202 961 5246 et
991 5205 1134 5247 vers.
1162 5205 1277 5260 seq.
1296 5188 1678 5263 χαλεπώτερον

110 5266 158 5319 in
189 5262 470 5335 χαλεπώτε
480 5281 607 5335 ρος,
626 5262 830 5335 Possm.

175 5330 223 5403 (⁷1
233 5336 286 5403 1)
315 5336 380 5387 '0
406 5330 680 5403 ἀνδρεῖος
715 5332 813 5388 καί
837 5330 1130 5403 γενναῖος.
1153 5331 1217 5386 F.
1241 5332 1345 5403 leg.
1374 5330 1678 5403 όάνδρείως

108 5408 199 5459 καὶ
224 5402 509 5474 γενναίως.
545 5402 623 5456 In.

174 5469 288 5547 (F2)
323 5476 435 5529 Τὸν
471 5475 619 5538 ,ϐίον
664 5472 954 5547 ἐξελᾷεῖν.
995 5469 1159 5547 Forte
1194 5472 1477 5547 τοῖᾷηβίου.
1500 5471 1681 5547 Porro

107 5542 301 5599 similis
340 5555 424 5598 est
465 5545 733 5598 svntentia
770 5543 1048 5597 Ciceronis
1088 5543 1141 5595 iu
1182 5542 1466 5612 Philippic.
1498 5542 1680 5599 imita-

108 5616 250 5668 tione
284 5615 657 5667 Demosthenis
683 5614 907 5678 prolata.
944 5613 1107 5666 ιὶιττ.

172 5684 287 5754 (15)
317 5685 450 5737 (20d.
496 5682 612 5736 Vat.
653 5681 864 5749 διεξιὼν
898 5684 1059 5735 vertit
1090 5683 1500 5754 ἱιι-ὲξελθὼνᾼεῐ
1534 5699 1679 5737 vers.

108 5752 221 5822 seq.
268 5752 737 5826 μακαριστότερος
775 5755 826 5826 in
862 5752 1349 5826 μακαριστότατος.
1387 5752 1678 5826 Vers.seq.

105 5840 201 5892 pro
252 5824 644 5895 μετανοήσαιεν
700 5825 862 5876 habet
905 5825 1409 5891 γνωσιμαχήσαιεν.
1468 5825 1679 5879 Possm.

479 5916 751 5979 Ps'raOL.
790 5916 910 5975 Gn.
949 5914 1272 5977 LXXVIII.

1856 5191 1971 5260 (14)
1993 5192 2124 5245 Ὀτι
2142 5192 2183 5258 ἡ
2207 5191 2595 5247 θείαΝἰιιθιυι·
2626 5195 2817 5249 deesse
2836 5196 3082 5262 πρόνοια,
3110 5193 3195 5248 vel
3220 5194 3362 5261 ἀγα-

1786 5260 1980 5335 θόιιςςισις,Δ
2001 5264 2082 5317 vel
2118 5263 2516 5335 φιλανθρωπία.
2564 5265 2645 5317 vel
2695 5266 2824 5335 quid
2870 5260 3067 5329 Simile,
3110 5264 3211 5318 nisi
3241 5260 3363 5333 quis

1786 5332 1938 5384 tnalit
1966 5331 2141 5396 legere
2161 5333 2222 5385 τὸ
2254 5331 2428 5386 Θείον.
2462 5333 2628 5387 Βιττ.

1856 5401 1968 5471 (15)
1994 5401 2129 5473 God.
2148 5401 2268 5456 Vat.
2287 5405 2489 5473 omittit
2507 5419 2691 5457 vocem
2723 5402 2975 5473 λαμπρὰ,
3004 5418 3102 5473 pro
3125 5402 3210 5456 illa
3236 5402 3365 5456 sub«

1735 5466 1751 5483 ⁹
1780 5466 2011 5524 stituetts
2051 5470 2188 5525 ἄλλα
2215 5472 2397 5542 παρῶ.
2434 5471 2588 5527 Vers.
2622 5488 2743 5539 pen.
2788 5466 2842 5526 et
2869 5466 2967 5527 ult.
3004 5466 3129 5541 pag.
3172 5483 3241 5542 et,
3274 5487 3359 5538 ep.

1822 5555 1879 5594 ro
1936 5542 2217 5612 ἄπρακτον
2284 5539 2420 5595 εἶναι
2495 5544 2687 5597 scribit
2760 5545 2899 5597 idem
2976 5539 3359 5595 ἀπεκτονέναι.

1827 5625 1992 5666 osstN.

1856 5682 1966 5749 (16)
2005 5680 2088 5746 Τῷ

1854 5752 1989 5822 (16⁸)
2019 5751 2153 5807 Cum
2206 5755 2305 5804 hac
2351 5751 2575 5820 epistola
2618 5751 2851 5806 conferri
2889 5752 3049 5805 debet
3088 5768 3177 5874 ep.
3232 5751 3360 5817 ‘2l8,

1783 5822 1946 5874 infra.
1993 5823 2151 5874 huius
2175 5821 2393 5874 libritv.
2423 5837 2510 5874 et).
2540 5822 2642 5874 166
2674 5833 2729 5874 et
2752 5821 2859 5874 285
2896 5822 2989 5874 lib.
3031 5837 3092 5874 tt.
3144 5838 3203 5874 υ.

1782 5822 1946 5888 infra,
1970 5821 2151 5892 hujus
2175 5821 2297 5876 libri
2320 5837 2393 5888 tv,
2423 5837 2510 5890 ep.
2540 5822 2642 5877 166
2674 5833 2729 5878 et
2752 5821 2859 5876 285
2896 5822 2989 5874 lib.
3031 5837 3092 5877 ιι.
3122 5821 3203 5877 lo.

2930 5914 3003 5971 37

2114 5680 2224 5751 γὰρ
2253 5681 2513 5745 βασιλεῖ.
2547 5681 2710 5736 Forte
2743 5680 3011 5735 redundat
3034 5681 3165 5751 γάρ.
3192 5680 3358 5733 Rt'r'r.
