3886 6420
157 460 274 524 1165
1024 460 1561 523 EPISTOLARUM
1592 459 1694 519 LII

1805 458 1879 517 iV.
1921 481 1990 491 —
2028 454 2266 515 EPIST.
2307 454 2403 513 CI.
3229 442 3367 508 1166

153 573 415 644 λαμϐάνειν
458 571 555 634 τὰς
602 570 941 636 ἀποδείξεις’
982 574 1076 626 καὶ
1112 576 1177 644 τῇ
1217 574 1346 644 ἁγίᾳ
1385 574 1589 643 συνόδῳ
1623 574 1690 641 τῇ

1805 582 1915 621 esse
1934 567 2295 621 deﬁniverunt
2320 582 2335 630 ;
2367 573 2422 618 et
2448 561 2539 615 alii
2565 560 2781 629 quidem
2810 557 3051 613 divinum
3098 555 3361 625 Spiritum

151 662 546 734 συγκροτηθείσῃ
566 663 709 715 κατὰ
732 663 1296 731 Νικαίανξὰκολουθείν
1312 704 1324 722 ,
1352 666 1487 733 μήτε
1515 678 1687 731 προσ-

1805 674 1905 713 non
1937 657 2104 712 Deum
2136 654 2508 717 conﬁtentur;
2540 652 2630 705 alii
2660 664 2788 705 vero
2828 646 3280 703 miuistratorium
3310 654 3367 699 et

149 755 393 817 τιθέντας,
467 755 607 825 μήτε
660 753 1055 824 ἀφαιροῦντας.
1098 755 1314 825 Ἐκείνη
1351 753 1462 824 γὰρ
1503 752 1689 805 θεόθεν

1805 747 2139 805 sanctiﬁcum
2178 745 2469 815 appellant.
2498 743 2613 797 Non
2639 751 2850 810 oportet
2881 755 3090 801 eorum,
3109 740 3197 807 qui
3222 752 3369 791 mor-

148 844 534 914 ὲμπνευσθεῖσα,
565 843 799 915 τάληθὲς
820 844 1193 913 ἐδογμάτισεν.

1805 843 1869 896 bo
1900 840 2168 903 laborant,
2202 836 2356 906 sequi
2384 833 2671 904 suffragia;
2697 835 2790 887 sed
2823 832 3114 900 exjudicio
3153 840 3372 884 sancto-

151 953 299 997 torum
327 937 599 992 hominum
624 940 1114 993 demonstrationes
1148 950 1405 1001 mutuari,
1461 946 1517 993 et
1582 944 1781 991 sancta:
1841 936 2069 1005 synodo,
2128 948 2247 1003 quae
2294 931 2486 988 Nicaea:
2524 932 2704 986 habita
2757 929 2877 993 fuit,
2940 929 3238 992 adluat-ere,
3276 942 3371 979 ne-

148 1044 236 1100 que
253 1028 498 1081 addentes
525 1027 573 1081 ei
605 1026 919 1098 quidquam,
955 1044 1129 1099 neque
1158 1030 1527 1085 detrahentes.
1570 1027 1662 1079 lla
1703 1027 1846 1082 enim
1907 1025 2166 1080 divinitus
2229 1025 2513 1093 inspirata,
2563 1025 2845 1078 veritatem
2897 1023 3207 1091 dogmatum
3258 1029 3370 1074 tra-

149 1121 280 1176 didit.

426 1238 506 1289 ρο.
530 1265 601 1277 -
630 1235 893 1308 ismara
920 1234 1034 1305 (se)
1072 1236 1395 1306 stantum.

152 1328 203 1381 Τί
221 1328 394 1393 ἐστιν,
424 1345 444 1378 ι
475 1329 581 1393 Εἰς
603 1328 863 1391 ἔνδειξιν
884 1326 992 1396 τῆς
1021 1327 1411 1394 δικαιοσύνης
1431 1323 1638 1379 αὐτοῦ.
1669 1342 1689 1377 ι

214 1440 411 1509 Ἐπειδὴ
440 1436 779 1511 γέγραφας,
812 1441 879 1493 Τί
902 1443 1086 1511 ξὲστιν,
1139 1459 1158 1491 t
1202 1442 1294 1503 Είς
1333 1439 1559 1506 ἔνδειξιν
1594 1439 1697 1509 τῆς

145 1530 456 1599 δικαιοσύνης
480 1529 669 1593 αὐτοῦς
699 1549 717 1581 ι
737 1548 809 1599 φη
818 1532 899 1601 μἰ,
922 1531 1003 1582 ὅτι
1025 1530 1209 1600 ἐπειδὴ
1226 1531 1311 1583 ὅτε
1333 1530 1696 1601 ήάνθρωπεία

146 1620 282 1689 φύσις
306 1622 497 1693 ἐμάνη,
527 1623 623 1675 καὶ
647 1621 970 1684 ἀνύποιστος
996 1618 1065 1693 ἦν
1081 1622 1189 1674 τῶν
1214 1621 1632 1691 ἁμαρτημάτων
1658 1622 1692 1691 ἡ

146 1710 396 1780 τυραννὶς,
435 1712 532 1762 καὶ
595 1712 787 1781 καιρὸς
846 1711 1172 1779 ἀποφάσεως
1216 1708 1304 1781 ἦν,
1356 1709 1691 1782 πανολεθρία

146 1801 583 1872 καταδικαξούσης
612 1803 671 1855 τὸ
705 1804 863 1869 γένος
910 1804 1044 1875 (πᾶς
1083 1804 1192 1875 γὰρ
1225 1805 1464 1874 ἰατρείας
1506 1802 1691 1873 ὲξηλέ-

146 1892 260 1961 γχθη
286 1893 501 1964 τρόπος,
533 1895 626 1945 καὶ
652 1892 777 1946 οὔτε
801 1896 983 1963 νόμος,
1017 1891 1141 1945 οὕτε
1168 1893 1505 1964 προφητικὸς
1535 1892 1692 1960 λόγος

145 1984 219 2035 τὸν
247 1984 649 2037 ἐπιπολάσαντα
679 1985 865 2055 λοιμὸν
894 1986 1163 2040 ἀπελάσαι
1196 1986 1402 2055 ῐσχυεν)
1429 2004 1442 2017 ·
1474 1985 1595 2038 τότε
1627 1985 1692 2055 δὴ

146 2074 312 2146 λύτρον
353 2078 444 2129 τὸν
473 2077 759 2148 Μονογενῆ
789 2079 1183 2148 ἐπεισήγαγεν,
1228 2078 1294 2130 ἶν’
1330 2077 1429 2148 ἔχῃ
1469 2076 1626 2145 λόγον
1657 2079 1691 2144 ή

144 2166 313 2236 χάρις’
346 2167 432 2220 διὰ
469 2166 615 2220 τοῦτ’
644 2166 749 2238 ἔφη
792 2169 820 2220 6
876 2167 1197 2231 ’Λπόστολος
1221 2185 1237 2198 ·
1275 2185 1295 2217 ι
1340 2168 1436 2228 Ei;
1472 2164 1695 2229 ἔνδειξιν

145 2253 226 2322 τῆς
248 2254 594 2327 δικαιοσύνης
626 2255 811 2309 αὑτοῦ.
846 2276 864 2309 ι
902 2257 1117 2327 Ἰερεῖον
1140 2258 1247 2327 γὰρ
1272 2257 1617 2327 προσηνέχθη
1638 2256 1696 2310 ἒν

146 2347 261 2418 ὑπὲρ
304 2347 537 2410 πάντων,
589 2349 684 2401 καὶ
730 2349 872 2420 ὑπὲρ
912 2350 1010 2419 τὴν
1056 2350 1312 2403 ἁπάντων
1360 2350 1536 2413 ἀξίαν.
1581 2350 1690 2402 Καὶ

143 2438 245 2491 τότε
271 2440 301 2508 ἡ
332 2438 468 2509 ὀργὴ
521 2439 687 2509 ἐλύθη
707 2478 723 2504 ,
750 2441 845 2492 καὶ
942 2441 1256 2511 καταλλαγὴ
1281 2440 1504 2509 γέγονε,
1531 2440 1623 2495 καὶ
1655 2443 1688 2512 η

145 2526 287 2598 ἔχθρα
305 2529 380 2593 είς
396 2528 595 2598 ’φιλίαν
637 2528 1104 2601 μετερῤυθμίσθη,
1136 2532 1231 2583 καὶ
1270 2531 1394 2583 ἀντὶ
1427 2532 1525 2601 τῆς
1557 2532 1692 2585 ἀπο-

146 2618 353 2684 φάσεως,
378 2620 439 2672 τὸ
470 2620 751 2692 ὑπερφυὲς
779 2618 878 2692 τῆς
902 2621 1177 2685 υἱοθεσίας
1217 2622 1373 2693 ἐδόθη
1407 2623 1657 2694 χάρισμα
1675 2666 1690 2690 ,

148 2710 223 2762 καὶ
237 2710 557 2781 μυρίαξδῶρα
590 2710 846 2781 ἐχόρευσε
872 2712 1181 2781 κοσμοῦντα
1206 2713 1304 2783 τὴν
1339 2714 1690 2782 Ἐκκλησίαν,

149 2800 199 2853 ἵν’
231 2802 353 2871 ὁμοῦ
388 2802 484 2854 καὶ
516 2804 550 2872 ἠ
591 2802 909 2874 δικαιοσύνη
953 2803 1178 2875 δειχθῇ,
1219 2804 1367 2881 καλὴ
1400 2804 1690 2877 περιουσία

146 2891 228 2961 τῆς
251 2893 584 2964 ἀγαθότητος
610 2893 849 2967 δηλωθῇ.

2172 1227 2235 1284 C.
2261 1258 2329 1268 —
2356 1227 2629 1283 lSlDORO
2670 1223 2990 1282 DIACONO.

1900 1305 2042 1386 Quid
2071 1319 2161 1386 sit,
2200 1338 2219 1371 ι
2252 1319 2336 1372 Ad
2377 1319 2722 1374 ostensionem
2740 1319 2972 1387 justitia:
3002 1333 3115 1372 sua:
3136 1317 3206 1372 ⁷⁸.
3232 1336 3252 1369 ι

1851 1435 2128 1517 Quoniam
2170 1449 2267 1504 per
2300 1434 2513 1489 litteras
2554 1434 2878 1503 quaesivisti,
2939 1434 3067 1503 quid
3109 1435 3176 1488 sit
3221 1433 3366 1504 quod

1803 1528 2004 1584 Paulus
2036 1528 2212 1582 dixit:
2247 1529 2358 1582 «Ad
2375 1528 2740 1582 ostensionem
2766 1528 2992 1597 iustitiae
3017 1543 3166 1582 sure:
3201 1545 3221 1579 ι
3273 1540 3363 1581 re-

1801 1623 2083 1690 spondeo;
2123 1638 2143 1671 ι
2178 1618 2315 1685 Quia
2340 1628 2687 1689 posteaquam
2724 1619 2955 1672 humana
2997 1627 3189 1671 natura
3216 1618 3360 1671 insa-

1801 1712 1939 1767 nivit
1974 1712 2231 1765 adversus
2261 1712 2449 1771 Deum.
2490 1720 2545 1763 et
2576 1720 2924 1777 peceatorum
2944 1711 3191 1779 tyrannis
3220 1708 3365 1763 into-

1797 1802 2040 1859 lerabilis
2079 1802 2221 1857 facta
2245 1810 2384 1863 erat,
2416 1810 2471 1855 et
2505 1811 2713 1866 tempus
2749 1801 2937 1854 aderat
2980 1800 3216 1854 ferenda:
3237 1814 3364 1853 sen-

1798 1895 2003 1957 tentiae,
2031 1909 2151 1964 qua:
2174 1894 2343 1948 exitio
2370 1892 2666 1947 universali
2728 1892 3014 1945 damnaret
3060 1899 3229 1944 totum
3266 1904 3363 1960 ge-

1791 2002 1895 2042 nus
1922 1987 2219 2041 humanum
2257 1985 2459 2056 (omnis
2498 1984 2641 2038 enim
2671 1982 2808 2037 ratio
2836 1981 3212 2037 medicationis
3258 1982 3356 2034 de-

1791 2079 2061 2149 prebensa
2128 2076 2308 2132 fuerat
2365 2076 2543 2130 inanis
2576 2074 2848 2139 et.nihili,
2903 2088 2967 2127 ac
3022 2086 3201 2139 neque
3250 2070 3361 2133 lex,

1792 2186 1969 2241 neque
1997 2170 2347 2239 propheticus
2370 2182 2553 2223 sermo
2586 2166 2926 2234 pestilentem
2964 2164 3231 2225 morbum,
3265 2161 3362 2230 qui

1794 2261 1977 2315 omnia
2006 2268 2324 2328 occuparat,
2373 2257 2644 2327 depellere
2699 2255 2974 2323 valebat);
3030 2262 3160 2307 tunc
3215 2251 3359 2306 Deus

1794 2351 2029 2421 pretium
2071 2350 2463 2419 redemptionis
2495 2347 2795 2402 introduxit
2828 2345 3161 2415 unigenitum
3204 2357 3363 2397 suum

1796 2442 2018 2506 Filium,
2047 2451 2107 2497 ut
2132 2442 2282 2496 locus
2310 2455 2433 2495 esse
2456 2446 2637 2509 posset
2666 2438 2854 2509 gratiae
2903 2452 2967 2491 ac
2990 2436 3162 2490 venite
3200 2454 3214 2488 :
3244 2448 3367 2488 eam

1796 2536 1867 2589 ob
1898 2549 2009 2587 rem
2045 2532 2150 2587 hoc
2177 2532 2315 2585 dixit
2341 2529 2637 2601 Apostolus
2670 2547 2683 2582 :
2732 2545 2752 2580 ι
2780 2527 2861 2581 Ad
2884 2523 3364 2592 ostensionemju-

1790 2624 1955 2680 stitia
1978 2638 2112 2678 suat.
2146 2641 2165 2675 ι
2202 2603 2439 2676 Victima
2478 2621 2626 2675 enim
2652 2613 2831 2673 dbiata
2862 2627 2944 2672 est
2980 2631 3086 2670 una
3118 2630 3217 2686 pro
3240 2629 3362 2669 om-

1790 2717 1974 2779 nibus,
2006 2728 2236 2785 quaeque
2261 2712 2516 2768 omnibus
2570 2712 2832 2781 dignitate
2886 2724 2952 2763 ac
2988 2710 3168 2780 pretio
3201 2722 3368 2773 supe-

1791 2807 1905 2861 rior
1933 2816 2103 2862 esset.
2132 2806 2211 2859 Ac
2240 2813 2369 2859 tunc
2411 2804 2588 2858 soluta
2621 2812 2708 2857 est
2733 2803 2839 2867 ira,
2865 2811 2920 2857 et
2982 2799 3365 2855 reconciliatio

1788 2896 1933 2953 facta
1959 2906 2064 2963 est,
2110 2896 2585 2966 redintegrataque
2638 2894 2835 2964 gratia,
2895 2906 3222 2947 conversum
3278 2899 3368 2946 est

153 2988 309 3040 odium
340 2989 389 3041 in
421 2990 852 3045 amicitiamzet
880 3005 979 3061 pro
1024 2995 1291 3047 sententia
1332 2991 1552 3063 capitali
1620 2991 1979 3048 abdicationis
2042 2993 2226 3045 datum
2292 2998 2377 3044 est
2433 2988 2708 3043 excellens
2758 2988 2891 3041 illud
2947 2985 3261 3056 adoptionis
3310 2986 3368 3041 in

148 3079 264 3133 ﬁlios
288 3081 506 3145 donum,
533 3092 588 3136 et
624 3082 833 3137 inﬁnita
858 3097 1207 3139 accesserunt
1258 3087 1419 3152 dona,
1483 3084 1682 3155 quibus
1719 3093 2079 3141 exornaretur
2109 3082 2394 3139 Ecclesia:
2458 3090 2517 3135 ut
2541 3080 2617 3135 ita
2672 3079 2838 3134 simul
2863 3088 2918 3135 et
2932 3077 3149 3147 justitia
3181 3087 3369 3133 osten-

146 3173 356 3234 deretur,
398 3179 452 3225 et
476 3172 809 3226 abundantia
842 3173 1099 3229 bonitatis
1124 3176 1513 3230 declararetur.

272 3285 389 3342 PA'.
426 3316 502 3326 —
530 3286 885 3359 ΜΑΡΤΥΡΙῼ
914 3290 1361 3362 ΠΡΕΣΒΥΤΕΡῼ
1399 3290 1531 3360 (27).

150 3374 233 3441 Εἰς
256 3377 316 3430 τὸ
339 3417 354 3443 ,
388 3395 407 3428 ι
448 3378 721 3431 Δέδωκεν
747 3378 951 3455 atii;ch
981 3382 1013 3433 ό
1055 3383 1199 3455 Θερς
1226 3383 1464 3451 πνεῦμα
1512 3396 1693 3435 καταο

758 3448 1004 3516 νύξεως.
1048 3468 1067 3500 ι

216 3555 420 3631 Ἐπειδὴ
448 3560 534 3622 τὸ,
570 3578 591 3612 t
628 3560 868 3614 Δέδωκεν
908 3564 1091 3627 αὐτοῖς
1119 3562 1147 3614 6
1168 3561 1300 3626 Θεὸς
1340 3562 1558 3632 πνεῦμα
1593 3581 1692 3616 κα-

147 3647 407 3712 τανύξεως,
439 3650 759 3720 ὀφθαλμοὺς
789 3650 884 3703 τοῦ
929 3653 1004 3718 μὴ
1043 3651 1282 3719 βλέπειν,
1325 3653 1423 3706 καὶ
1458 3647 1572 3707 ὦτα
1598 3653 1694 3706 τοῦ

148 3738 212 3805 μὴ
234 3738 463 3803 ἀκούειν,
498 3740 605 3803 ἕως
634 3740 733 3810 τῆς
772 3743 1015 3810 σήμερον
1055 3740 1307 3810 ἡμέρας,
1366 3759 1385 3791 ι
1444 3758 1696 3811 σαφηνι-

150 3829 314 3898 σθῆναί
343 3847 422 3883 σοι
478 3831 746 3900 ἠξίωσας,
775 3832 963 3885 ἄκουεο
992 3831 1086 3891 Τὸ,
1111 3831 1315 3895 ἔδωκε,
1351 3834 1443 3885 καὶ
1472 3834 1532 3886 τὸ
1550 3850 1697 3902 παρ-

147 3919 331 3986 έδωκε,
356 3924 499 3977 κατὰ
529 3926 656 3987 τοὺς
702 3924 802 3993 τῆς
837 3925 991 3994 ἱερᾶς
1022 3924 1242 3995 Γραφῆς
1270 3925 1469 3995 νόμους
1503 3927 1598 3979 καὶ
1628 3926 1698 3979 τὰ

152 4014 407 4085 ἰδιώματα,
435 4006 677 4085 ἀφῆκεν
691 4017 795 4069 εἰσὶ
826 4017 938 4087 (28)
969 4016 1063 4069 καὶ
1084 4016 1533 4085 συνεχώρησεν.
1557 4020 1619 4070 Et
1638 4018 1697 4069 δὲ

148 4106 195 4156 οὐ
220 4109 499 4180 καταδέχῃ,
531 4110 598 4161 δι’
622 4108 948 4174 ἀποδείξεως
976 4109 1005 4162 6
1036 4109 1193 4176 λόγος
1225 4109 1506 4177 βαδιεῖταιο
1529 4110 1697 4180 Φησὶν

149 4199 384 4263 ὁΠαῦλος
414 4202 548 4271 περὶ
573 4200 685 4253 τῶν
721 4200 782 4253 τὸ
814 4199 955 4253 θεῖον
983 4199 1148 4264 σέϐας
1177 4201 1289 4270 (29)
1318 4200 1557 4262 εἰδώλοις
1576 4202 1697 4252 ἐπι-

150 4292 499 4359 φημισαντων·
523 4310 543 4343 ι
571 4291 895 4362 Παρέδωκεν
912 4292 1108 4355 αὐτοὺς
1136 4293 1215 4354 είς
1234 4290 1379 4363 πάθη
1402 4293 1646 4361 ἀτιμίας
1673 4311 1692 4343 ι

146 4385 417 4445 τουτέστιν,
455 4382 694 4451 αςρῆκεν,
740 4382 1090 4450 ἐγκατέλιπε.
1124 4382 1249 4447 Πῶς
1271 4384 1379 4454 γὰρ
1409 4385 1508 4436 οὐκ
1533 4383 1695 4454 ἔμελ-

148 4468 222 4523 λον
250 4474 337 4525 καὶ
366 4474 464 4544 τὴν
496 4473 663 4542 φύσιν
693 4474 908 4541 ἀγνοεῖν
943 4475 1039 4527 καὶ
1091 4474 1406 4546 ὑπερορίοις
1441 4474 1700 4542 ἐγκαλιν-

2046 3285 2138 3342 CI.
2163 3315 2236 3326 —-
2264 3283 2627 3341 MARTYRIO
2659 3282 3130 3341 PRESBYTERO.

1797 3376 1865 3432 1η
1885 3377 2018 3431 illud
2053 3376 2343 3432 Paulinum
2370 3377 2567 3431 dictum
2596 3393 2615 3431 :
2649 3396 2668 3429 ι
2716 3377 2882 3450 Dedit“
2914 3379 3043 3447 ipsis
3080 3379 3222 3432 Deus
3257 3380 3365 3450 spi-

2206 3449 2369 3501 ritum
2395 3449 2807 3517 rompuuctiouis
2838 3448 2905 3501 ⁷⁵.
2938 3467 2959 3499 ι

1866 3559 2135 3626 Quoniam
2169 3575 2198 3613 a
2226 3576 2315 3615 me
2364 3560 2592 3629 petiisti,
2620 3572 2679 3614 ut
2708 3562 2801 3615 tibi
2828 3576 3156 3629 exponerem
3190 3563 3319 3619 illud
3348 3583 3362 3619 :

1799 3672 1820 3705 ι
1857 3654 2014 3708 Dedit
2038 3652 2142 3706 illis
2172 3652 2315 3708 Deus
2354 3655 2602 3723 spiritum
2629 3657 3096 3723 compunctionis:
3157 3657 3369 3721 oculos,

1798 3756 1855 3799 ut
1880 3761 1988 3798 non
2018 3745 2239 3800 videant
2264 3763 2278 3799 :
2304 3757 2359 3800 et
2396 3761 2575 3809 aures,
2605 3755 2663 3799 ut
2687 3762 2790 3801 non
2817 3750 3057 3811 audiant,
3118 3764 3287 3817 usque
3314 3749 3371 3803 in

1797 3837 2123 3891 hodiernum
2162 3836 2337 3899 diem;
2380 3855 2398 3888 ι
2429 3837 2694 3891 ausculta.
2767 3836 2859 3891 Illa
2899 3840 3087 3903 verba,
3135 3839 3276 3893 dedit
3318 3850 3374 3895 et

1799 3928 2040 3990 tradidit,
2069 3927 2369 3981 secundum
2401 3926 2548 3995 leges
2578 3935 2633 3980 et
2660 3928 3025 3996 pr0prietates
3069 3931 3371 3999 modosque

1797 4018 2109 4089 peculiares
2138 4018 2390 4086 loquendi
2457 4033 2625 4072 sacrae
2676 4017 2993 4088 Scriptum,
3041 4020 3367 4090 signiﬁcant,

1799 4108 2011 4175 reliquit
2045 4108 2130 4161 vel
2154 4110 2411 4176 permisit.
2445 4109 2599 4174 Quod
2629 4111 2672 4163 si
2703 4110 2804 4163 hoc
2853 4125 2958 4163 non
3028 4112 3246 4179 recipis,
3277 4128 3373 4180 per

1800 4199 2593 4267 demonstrationemprocedet
2656 4200 2855 4253 oratio.
2910 4201 3001 4254 Ait
3063 4200 3263 4255 Paulus
3305 4205 3373 4258 de

1800 4289 1923 4355 illis,
1954 4291 2044 4359 qui
2083 4290 2425 4344 divinitatem
2458 4291 2619 4345 idolis
2673 4292 3026 4348 tribuebant:
3063 4313 3081 4346 ι
3122 4293 3375 4352 Tradidit

1811 4396 1906 4436 eos
1933 4380 2119 4451 (Deus)
2153 4381 2204 4434 in
2239 4381 2467 4436 aﬂ‘ectus
2500 4381 2811 4451 ignominiae
2848 4384 2934 4452 "°;
2973 4404 2992 4436 ι
3029 4387 3129 4441 hoc
3146 4397 3253 4450 est,
3281 4404 3372 4442 re-

1800 4471 1979 4542 liquit,
2011 4472 2237 4527 dimisit.
2297 4472 2415 4539 Quo
2452 4474 2614 4528 modo
2663 4490 2897 4545 namque
2941 4477 3056 4533 lieri
3112 4489 3369 4548 poterat,

146 4560 325 4617 δεῖσθαι
352 4566 720 4635 πταίσμασιν,
751 4567 801 4617 οἱ
833 4564 933 4635 τὴν
964 4567 1142 4619 κτίσιν
1175 4566 1325 4635 παρὰ
1350 4564 1440 4617 τὸν
1470 4564 1694 4635 κτίστην

1805 4575 1862 4619 ιιι
1917 4582 2024 4622 non
2072 4568 2390 4637 ignorarent
2442 4578 2713 4635 naturam,
2764 4580 2820 4625 et
2872 4571 3252 4629 volutarcntur
3315 4576 3371 4631 in

146 4656 643 4724 προσκυνήσαντες;
678 4654 788 4707 Καὶ
827 4655 1025 4708 πάλιν·
1070 4675 1088 4707 ι
1125 4656 1449 4726 Παρὲδωκεν
1498 4656 1694 4717 αὐτοὺς

1805 4656 2103 4711 sceleribus
2134 4667 2343 4713 natum
2379 4660 2639 4715 terminos
2674 4662 3095 4727 excedentibus,
3144 4666 3245 4733 illi,
3281 4668 3374 4736 qui

146 4744 211 4802 είς
237 4746 486 4816 ἀδόκιμον
515 4745 664 4810 νοῦν,
696 4748 871 4798 ποιεῖν
904 4747 973 4799 τὰ
1006 4746 1081 4816 μὴ
1117 4746 1453 4816 καθήκοντα.
1493 4766 1512 4797 ι
1557 4743 1694 4799 Εἶτα

1805 4750 2640 4819 creaturam,omissoﬁJreatore,
2679 4754 3093 4810 adurabautiEt
3130 4756 3325 4811 iterum
3356 4774 3375 4810 :

147 4832 313 4887 ἑαυτὸν
363 4836 688 4908 ἑρμηνεύων
736 4835 841 4907 ἔφη
870 4851 884 4866 '
934 4855 953 4886 ι
1016 4836 1494 4907 Πεπληρωμένους
1544 4838 1694 4910 πάσῃ

1810 4859 1829 4893 ι
1875 4839 2127 4896 Tradidit
2160 4845 2649 4913 eosin'reprobum
2704 4860 2960 4913 sensum,
3023 4858 3082 4901 ut
3137 4850 3379 4905 facerent

143 4924 320 4997 ἀδικία,
344 4930 537 5001 κακίᾳ,
572 4928 883 4999 πλεονεξίᾳ.
918 4946 936 4979 ι
966 4927 1031 4981 Εἰ
1059 4929 1242 4982 τοίνυν
1269 4930 1694 5000 πεπληρωμένοι

1805 4944 1923 4999 qua:
1947 4947 2052 4985 non
2084 4932 2369 4986 decent".
2410 4952 2430 4986 ι
2469 4932 2678 4989 Deinde
2726 4936 2965 5005 seipsum
2988 4938 3375 5007 interpretans,

143 5008 281 5083 ἦσαν,
316 5019 432 5083 πῶς
466 5021 795 5091 παρέδωκες
839 5020 948 5072 Θὲα
975 5022 1075 5091 τῆς
1100 5020 1387 5090 ἀκριϐείας
1412 5021 1545 5091 (30).
1580 5021 1693 5074 Οὐκ

1805 5021 1981 5078 dicit:
2033 5040 2051 5074 ι
2093 5021 2350 5094 Repletos
2388 5027 2536 5081 omni
2600 5026 2912 5094 iniquitate,
2950 5029 3204 5095 ;malitia,
3249 5044 3377 5085 ava-

201 5193 243 5225 "
271 5195 424 5253 Rom.
457 5212 545 5261 Ill,
575 5197 668 5251 25.
739 5197 785 5229 ⁷⁸
818 5196 976 5253 Rom.
1015 5212 1092 5262 xt,
1120 5196 1174 5251 8.
1273 5196 1320 5227 ⁷⁸
1352 5196 1508 5253 ltom.
1543 5213 1585 5262 ι,
1616 5196 1694 5252 26η

1805 5199 1830 5231 "
1866 5199 1995 5254 ibid.
2025 5199 2115 5256 28.

1212 5348 1446 5404 VARUS
1482 5348 1868 5407 LECTIONES
1906 5351 1996 5408 ET
2032 5352 2266 5409 ΝΟΤιΕ.

202 5504 305 5574 (26)
333 5506 466 5562 Cod.
499 5505 624 5560 Vat.
652 5506 758 5560 650
802 5504 1088 5570 lsidorum,
1124 5506 1209 5560 cui
1243 5506 1358 5560 haec
1386 5504 1701 5562 inscribitur

144 5576 367 5646 epistola,
426 5578 741 5645 episcopum
797 5577 945 5640 facit,
1016 5592 1112 5643 pro
1164 5575 1392 5646 διακόνῳ
1455 5578 1700 5631 scribens

143 5643 422 5717 ἐπισκόπῳ.
454 5643 679 5717 νεᾼτςξδ
706 5662 793 5716 cp.
836 5660 934 5715 pro
958 5646 1141 5715 ἴσχυεν
1169 5646 1307 5717 idem
1349 5643 1510 5717 liabet
1542 5646 1701 5717 ἴσχυ-

146 5728 239 5787 σεν,
262 5727 312 5768 et
336 5714 485 5772 vers.
515 5715 552 5768 4
580 5732 607 5768 a
631 5714 854 5787 ﬁne‘pro
880 5714 1097 5787 ἐχόρευε
1129 5716 1337 5781 scribit,
1369 5714 1512 5769 haud
1540 5714 1700 5785 paulo

145 5786 317 5857 aptius,
346 5788 678 5857 ἐχορήγησε.
712 5784 923 5857 Possm.

203 5852 305 5925 (27’)
335 5852 622 5926 inscriptio
655 5856 886 5913 sumitur
917 5870 979 5912 ex
1018 5853 1141 5911 cod.
1174 5852 1347 5912 Vatic.
1377 5853 1502 5919 650,
1531 5854 1694 5915 Eot'r.

1869 5509 1982 5580 (Ξὸ)
2013 5512 2136 5565 Εἰσὶ
2162 5513 2280 5569 cod.
2308 5513 2429 5569 Vat.
2462 5525 2633 5571 mutat
2660 5517 2712 5571 in
2745 5519 2881 5574 ἐστι.
2912 5518 3127 5578 Possm.

1875 5581 1987 5666 (29)
2026 5584 2134 5637 Vox
2168 5585 2513 5666 $695,}qu
2528 5587 2582 5640 in
2624 5588 2756 5643 edit.
2797 5588 2971 5646 Paris.
3003 5592 3213 5664 deerat,
3247 5610 3376 5666 sup-

1796 5650 1978 5721 pletur
2006 5668 2071 5706 ex
2106 5655 2229 5707 cod.
2264 5650 2437 5710 Vatic.
2474 5656 2634 5711 Εοιτ.

1871 5722 1983 5794 (50)
2147 5724 2434 5809 ἀκριὸείας
2467 5731 2590 5785 cod.
2624 5726 2747 5786 Val.
2782 5740 2956 5789 mutat
2997 5733 3053 5790 in
3086 5735 3184 5808 τὴν
3216 5734 3376 5809 ἀκρί-

1798 5790 1971 5847 ϐειαν.
2012 5790 2257 5851 Possm?
