  <div class='ocr_page' id='page_1' title='image "/cluster/home/n/w/nwhite01/storage/ocr_20150623/78/nnc1.0046980008/639.png"; bbox 0 0 3886 6420; ppageno 0'>
   <div class='ocr_carea' id='block_1_1' title="bbox 513 399 3738 471">
    <p class='ocr_par' dir='ltr' id='par_1_1' title="bbox 513 399 3738 471">
     <span class='ocr_line' id='line_1_1' title="bbox 513 399 3738 471; baseline -0.002 -1"><span class='ocrx_word' id='word_1_1' title='bbox 513 403 644 471; x_wconf 83' lang='grc'><strong>1167</strong></span> <span class='ocrx_word' id='word_1_2' title='bbox 1711 402 1768 463; x_wconf 91' lang='lat' dir='ltr'><strong>S.</strong></span> <span class='ocrx_word' id='word_1_3' title='bbox 1821 400 2110 463; x_wconf 82' lang='lat' dir='ltr'><strong>ISIDORI</strong></span> <span class='ocrx_word' id='word_1_4' title='bbox 2140 400 2574 464; x_wconf 69' lang='lat' dir='ltr'><strong>PELUSIOTAE</strong></span> <span class='ocrx_word' id='word_1_5' title='bbox 3614 399 3738 465; x_wconf 80' lang='lat'><strong>1168</strong></span> 
     </span>
    </p>
   </div>
   <div class='ocr_carea' id='block_1_2' title="bbox 508 508 2086 587">
    <p class='ocr_par' dir='ltr' id='par_1_2' title="bbox 508 512 2081 587">
     <span class='ocr_line' id='line_1_2' title="bbox 508 512 2081 587; baseline -0.003 -16"><span class='ocrx_word' id='word_1_6' title='bbox 508 518 635 571; x_wconf 87' lang='lat' dir='ltr'><strong>ritia</strong></span> <span class='ocrx_word' id='word_1_7' title='bbox 660 515 707 548; x_wconf 82' lang='lat'><strong>&quot;</strong></span> <span class='ocrx_word' id='word_1_8' title='bbox 733 556 748 579; x_wconf 93' lang='lat'><strong>,</strong></span> <span class='ocrx_word' id='word_1_9' title='bbox 776 532 795 566; x_wconf 82' lang='grc' dir='ltr'><strong>ι</strong></span> <span class='ocrx_word' id='word_1_10' title='bbox 816 522 919 568; x_wconf 87' lang='grc' dir='ltr'>ειε.</span> <span class='ocrx_word' id='word_1_11' title='bbox 949 514 1116 587; x_wconf 64' lang='grc'><strong>468</strong></span> <span class='ocrx_word' id='word_1_12' title='bbox 1135 512 1191 569; x_wconf 91' lang='lat' dir='ltr'><strong>Si</strong></span> <span class='ocrx_word' id='word_1_13' title='bbox 1214 513 1376 584; x_wconf 92' lang='lat' dir='ltr'><strong>igitur</strong></span> <span class='ocrx_word' id='word_1_14' title='bbox 1398 520 1556 569; x_wconf 89' lang='lat' dir='ltr'><strong>erant</strong></span> <span class='ocrx_word' id='word_1_15' title='bbox 1588 512 1803 581; x_wconf 76' lang='lat' dir='ltr'><strong>repleti,</strong></span> <span class='ocrx_word' id='word_1_16' title='bbox 1852 527 2081 581; x_wconf 86' lang='lat' dir='ltr'><strong>quomo-</strong></span> 
     </span>
    </p>
   </div>
   <div class='ocr_carea' id='block_1_3' title="bbox 2192 508 3740 587">
    <p class='ocr_par' dir='ltr' id='par_1_3' title="bbox 2192 508 3740 585">
     <span class='ocr_line' id='line_1_3' title="bbox 2192 508 3740 585; baseline -0.001 -20"><span class='ocrx_word' id='word_1_17' title='bbox 2192 509 2328 566; x_wconf 72' lang='grc' dir='ltr'>εἷπε·</span> <span class='ocrx_word' id='word_1_18' title='bbox 2360 514 2654 585; x_wconf 80' lang='grc' dir='ltr'>Παρέδωκε</span> <span class='ocrx_word' id='word_1_19' title='bbox 2679 508 3229 583; x_wconf 87' lang='grc' dir='ltr'>πληρωθησομένους,</span> <span class='ocrx_word' id='word_1_20' title='bbox 3265 509 3383 566; x_wconf 82' lang='grc' dir='ltr'>ἀλλ’</span> <span class='ocrx_word' id='word_1_21' title='bbox 3409 510 3493 564; x_wconf 84' lang='grc' dir='ltr'>ὅτι</span> <span class='ocrx_word' id='word_1_22' title='bbox 3538 513 3740 582; x_wconf 76' lang='grc' dir='ltr'>πεπληε-</span> 
     </span>
    </p>
   </div>
   <div class='ocr_carea' id='block_1_4' title="bbox 509 603 2086 677">
    <p class='ocr_par' dir='ltr' id='par_1_4' title="bbox 509 603 2071 677">
     <span class='ocr_line' id='line_1_4' title="bbox 509 603 2071 677; baseline -0.003 -15"><span class='ocrx_word' id='word_1_23' title='bbox 509 608 577 662; x_wconf 88' lang='lat' dir='ltr'><strong>do</strong></span> <span class='ocrx_word' id='word_1_24' title='bbox 602 608 823 663; x_wconf 90' lang='lat' dir='ltr'><strong>tradidit</strong></span> <span class='ocrx_word' id='word_1_25' title='bbox 848 608 975 661; x_wconf 91' lang='lat' dir='ltr'><strong>eos?</strong></span> <span class='ocrx_word' id='word_1_26' title='bbox 1010 608 1139 663; x_wconf 83' lang='lat' dir='ltr'><strong>Vide</strong></span> <span class='ocrx_word' id='word_1_27' title='bbox 1157 622 1317 677; x_wconf 90' lang='lat' dir='ltr'><strong>quam</strong></span> <span class='ocrx_word' id='word_1_28' title='bbox 1338 616 1595 661; x_wconf 90' lang='lat' dir='ltr'><strong>accurate</strong></span> <span class='ocrx_word' id='word_1_29' title='bbox 1641 606 1915 674; x_wconf 76' lang='lat' dir='ltr'><strong>loquatur.</strong></span> <span class='ocrx_word' id='word_1_30' title='bbox 1952 603 2071 658; x_wconf 88' lang='lat' dir='ltr'><strong>Non</strong></span> 
     </span>
    </p>
   </div>
   <div class='ocr_carea' id='block_1_5' title="bbox 2192 603 3742 677">
    <p class='ocr_par' dir='ltr' id='par_1_5' title="bbox 2192 603 3742 676">
     <span class='ocr_line' id='line_1_5' title="bbox 2192 603 3742 676; baseline -0.001 -17"><span class='ocrx_word' id='word_1_31' title='bbox 2192 605 2467 676; x_wconf 75' lang='grc' dir='ltr'>ρωμένους</span> <span class='ocrx_word' id='word_1_32' title='bbox 2514 607 2725 675; x_wconf 80' lang='grc' dir='ltr'>ἀφῆκεν</span> <span class='ocrx_word' id='word_1_33' title='bbox 2744 620 2758 633; x_wconf 89' lang='grc'>·</span> <span class='ocrx_word' id='word_1_34' title='bbox 2798 604 2986 675; x_wconf 83' lang='grc' dir='ltr'>ὥσπερ</span> <span class='ocrx_word' id='word_1_35' title='bbox 3015 603 3081 657; x_wconf 82' lang='grc' dir='ltr'><strong>ἂν</strong></span> <span class='ocrx_word' id='word_1_36' title='bbox 3112 605 3165 659; x_wconf 77' lang='grc' dir='ltr'>εἰ</span> <span class='ocrx_word' id='word_1_37' title='bbox 3200 621 3284 667; x_wconf 91' lang='grc' dir='ltr'><strong>τις</strong></span> <span class='ocrx_word' id='word_1_38' title='bbox 3308 604 3515 674; x_wconf 79' lang='grc' dir='ltr'>ποιμὴν</span> <span class='ocrx_word' id='word_1_39' title='bbox 3543 603 3742 671; x_wconf 75' lang='grc' dir='ltr'>ἀγαθὸς</span> 
     </span>
    </p>
   </div>
   <div class='ocr_carea' id='block_1_6' title="bbox 508 695 2086 770">
    <p class='ocr_par' dir='ltr' id='par_1_6' title="bbox 508 695 2073 768">
     <span class='ocr_line' id='line_1_6' title="bbox 508 695 2073 768; baseline -0.004 -15"><span class='ocrx_word' id='word_1_40' title='bbox 508 699 686 753; x_wconf 79' lang='lat' dir='ltr'><strong>dixit:</strong></span> <span class='ocrx_word' id='word_1_41' title='bbox 721 697 969 752; x_wconf 90' lang='lat' dir='ltr'><strong>Tradidit</strong></span> <span class='ocrx_word' id='word_1_42' title='bbox 999 697 1320 768; x_wconf 82' lang='lat' dir='ltr'><strong>replendos,</strong></span> <span class='ocrx_word' id='word_1_43' title='bbox 1356 697 1453 751; x_wconf 90' lang='lat' dir='ltr'><strong>sed</strong></span> <span class='ocrx_word' id='word_1_44' title='bbox 1490 696 1604 764; x_wconf 86' lang='lat' dir='ltr'><strong>jam</strong></span> <span class='ocrx_word' id='word_1_45' title='bbox 1656 695 1896 764; x_wconf 88' lang='lat' dir='ltr'><strong>repletos</strong></span> <span class='ocrx_word' id='word_1_46' title='bbox 1944 696 2073 748; x_wconf 88' lang='lat' dir='ltr'><strong>reli-</strong></span> 
     </span>
    </p>
   </div>
   <div class='ocr_carea' id='block_1_7' title="bbox 2192 695 3741 770">
    <p class='ocr_par' dir='ltr' id='par_1_7' title="bbox 2192 695 3741 770">
     <span class='ocr_line' id='line_1_7' title="bbox 2192 695 3741 770; baseline -0.002 -19"><span class='ocrx_word' id='word_1_47' title='bbox 2192 698 2425 770; x_wconf 73' lang='grc' dir='ltr'>πρόϐατα</span> <span class='ocrx_word' id='word_1_48' title='bbox 2456 698 2678 769; x_wconf 74' lang='grc' dir='ltr'>λοιμικῇ</span> <span class='ocrx_word' id='word_1_49' title='bbox 2718 696 2857 768; x_wconf 85' lang='grc' dir='ltr'>νόσῳ</span> <span class='ocrx_word' id='word_1_50' title='bbox 2906 696 3221 760; x_wconf 78' lang='grc' dir='ltr'>ἑαλωκότα,</span> <span class='ocrx_word' id='word_1_51' title='bbox 3257 696 3365 760; x_wconf 77' lang='grc' dir='ltr'>ἔξω</span> <span class='ocrx_word' id='word_1_52' title='bbox 3406 697 3507 766; x_wconf 86' lang='grc' dir='ltr'>τῆς</span> <span class='ocrx_word' id='word_1_53' title='bbox 3547 695 3741 765; x_wconf 79' lang='grc' dir='ltr'><strong>ἀγέλης</strong></span> 
     </span>
    </p>
   </div>
   <div class='ocr_carea' id='block_1_8' title="bbox 508 786 2086 861">
    <p class='ocr_par' dir='ltr' id='par_1_8' title="bbox 508 786 2075 859">
     <span class='ocr_line' id='line_1_8' title="bbox 508 786 2075 859; baseline -0.001 -19"><span class='ocrx_word' id='word_1_54' title='bbox 508 791 626 859; x_wconf 89' lang='lat' dir='ltr'><strong>qnit</strong></span> <span class='ocrx_word' id='word_1_55' title='bbox 653 799 816 858; x_wconf 88' lang='lat' dir='ltr'><strong>atque</strong></span> <span class='ocrx_word' id='word_1_56' title='bbox 838 788 1125 844; x_wconf 89' lang='lat' dir='ltr'><strong>destituit:</strong></span> <span class='ocrx_word' id='word_1_57' title='bbox 1152 788 1295 843; x_wconf 86' lang='lat' dir='ltr'><strong>haud</strong></span> <span class='ocrx_word' id='word_1_58' title='bbox 1330 787 1489 841; x_wconf 86' lang='lat' dir='ltr'><strong>aliter</strong></span> <span class='ocrx_word' id='word_1_59' title='bbox 1511 802 1577 842; x_wconf 91' lang='lat' dir='ltr'><strong>ac</strong></span> <span class='ocrx_word' id='word_1_60' title='bbox 1634 786 1678 841; x_wconf 88' lang='lat' dir='ltr'><strong>si</strong></span> <span class='ocrx_word' id='word_1_61' title='bbox 1709 786 1832 855; x_wconf 90' lang='lat' dir='ltr'><strong>quis</strong></span> <span class='ocrx_word' id='word_1_62' title='bbox 1889 794 2075 854; x_wconf 87' lang='lat' dir='ltr'><strong>pastor</strong></span> 
     </span>
    </p>
   </div>
   <div class='ocr_carea' id='block_1_9' title="bbox 2192 786 3741 861">
    <p class='ocr_par' dir='ltr' id='par_1_9' title="bbox 2192 786 3741 861">
     <span class='ocr_line' id='line_1_9' title="bbox 2192 786 3741 861; baseline -0.003 -18"><span class='ocrx_word' id='word_1_63' title='bbox 2192 790 2490 855; x_wconf 68' lang='grc' dir='ltr'>ὶπελάσειε,</span> <span class='ocrx_word' id='word_1_64' title='bbox 2515 789 2610 842; x_wconf 72' lang='grc' dir='ltr'><strong>καὶ</strong></span> <span class='ocrx_word' id='word_1_65' title='bbox 2629 788 2826 861; x_wconf 84' lang='grc' dir='ltr'><strong>τρόπον</strong></span> <span class='ocrx_word' id='word_1_66' title='bbox 2850 787 2973 842; x_wconf 74' lang='grc' dir='ltr'>τινὰ</span> <span class='ocrx_word' id='word_1_67' title='bbox 2992 790 3103 851; x_wconf 88' lang='grc' dir='ltr'>τοῖς</span> <span class='ocrx_word' id='word_1_68' title='bbox 3128 787 3313 851; x_wconf 84' lang='grc' dir='ltr'>λύκοις</span> <span class='ocrx_word' id='word_1_69' title='bbox 3351 786 3619 858; x_wconf 80' lang='grc' dir='ltr'><strong>παραδοίη</strong></span> <span class='ocrx_word' id='word_1_70' title='bbox 3641 827 3656 848; x_wconf 88' lang='grc'><strong>,</strong></span> <span class='ocrx_word' id='word_1_71' title='bbox 3685 787 3741 839; x_wconf 77' lang='grc' dir='ltr'><strong>ού</strong></span> 
     </span>
    </p>
   </div>
   <div class='ocr_carea' id='block_1_10' title="bbox 508 877 2086 952">
    <p class='ocr_par' dir='ltr' id='par_1_10' title="bbox 508 877 2073 947">
     <span class='ocr_line' id='line_1_10' title="bbox 508 877 2073 947; baseline -0.001 -14"><span class='ocrx_word' id='word_1_72' title='bbox 508 879 682 933; x_wconf 90' lang='lat' dir='ltr'><strong>bonus</strong></span> <span class='ocrx_word' id='word_1_73' title='bbox 712 892 842 933; x_wconf 86' lang='lat' dir='ltr'><strong>oves</strong></span> <span class='ocrx_word' id='word_1_74' title='bbox 867 878 1219 947; x_wconf 75' lang='lat' dir='ltr'><strong>peStilentiali</strong></span> <span class='ocrx_word' id='word_1_75' title='bbox 1252 877 1338 933; x_wconf 91' lang='lat' dir='ltr'><strong>lue</strong></span> <span class='ocrx_word' id='word_1_76' title='bbox 1368 886 1646 946; x_wconf 87' lang='lat' dir='ltr'><strong>correptas</strong></span> <span class='ocrx_word' id='word_1_77' title='bbox 1679 886 1833 931; x_wconf 78' lang='lat' dir='ltr'><strong>extra</strong></span> <span class='ocrx_word' id='word_1_78' title='bbox 1856 891 2073 946; x_wconf 90' lang='lat' dir='ltr'><strong>gregem</strong></span> 
     </span>
    </p>
   </div>
   <div class='ocr_carea' id='block_1_11' title="bbox 2192 877 3742 952">
    <p class='ocr_par' dir='ltr' id='par_1_11' title="bbox 2192 878 3742 952">
     <span class='ocr_line' id='line_1_11' title="bbox 2192 878 3742 952; baseline -0.001 -19"><span class='ocrx_word' id='word_1_79' title='bbox 2192 880 2255 952; x_wconf 75' lang='grc' dir='ltr'>τῷ</span> <span class='ocrx_word' id='word_1_80' title='bbox 2282 883 2363 943; x_wconf 90' lang='grc' dir='ltr'>εἰς</span> <span class='ocrx_word' id='word_1_81' title='bbox 2388 880 2456 934; x_wconf 78' lang='grc' dir='ltr'>τὰ</span> <span class='ocrx_word' id='word_1_82' title='bbox 2501 880 2611 935; x_wconf 85' lang='grc' dir='ltr'>τῶν</span> <span class='ocrx_word' id='word_1_83' title='bbox 2656 879 2835 933; x_wconf 85' lang='grc' dir='ltr'>λύκων</span> <span class='ocrx_word' id='word_1_84' title='bbox 2878 879 3129 933; x_wconf 67' lang='grc' dir='ltr'>ἐκϐαλεῖν</span> <span class='ocrx_word' id='word_1_85' title='bbox 3177 880 3460 949; x_wconf 84' lang='grc' dir='ltr'>στόματα,</span> <span class='ocrx_word' id='word_1_86' title='bbox 3507 878 3742 947; x_wconf 81' lang='grc' dir='ltr'>ἁλλὰ-τῷ</span> 
     </span>
    </p>
   </div>
   <div class='ocr_carea' id='block_1_12' title="bbox 510 968 2072 1038">
    <p class='ocr_par' dir='ltr' id='par_1_12' title="bbox 510 968 2072 1038">
     <span class='ocr_line' id='line_1_12' title="bbox 510 968 2072 1038; baseline 0.001 -16"><span class='ocrx_word' id='word_1_87' title='bbox 510 970 683 1033; x_wconf 83' lang='lat' dir='ltr'><strong>abire,</strong></span> <span class='ocrx_word' id='word_1_88' title='bbox 708 979 763 1023; x_wconf 91' lang='lat' dir='ltr'><strong>et</strong></span> <span class='ocrx_word' id='word_1_89' title='bbox 797 969 1194 1038; x_wconf 90' lang='lat' dir='ltr'><strong>quodammodo</strong></span> <span class='ocrx_word' id='word_1_90' title='bbox 1252 968 1392 1037; x_wconf 88' lang='lat' dir='ltr'><strong>lupis</strong></span> <span class='ocrx_word' id='word_1_91' title='bbox 1432 968 1644 1023; x_wconf 85' lang='lat' dir='ltr'><strong>tradere</strong></span> <span class='ocrx_word' id='word_1_92' title='bbox 1680 969 2024 1024; x_wconf 86' lang='lat' dir='ltr'><strong>consueverit</strong></span> <span class='ocrx_word' id='word_1_93' title='bbox 2057 987 2072 1023; x_wconf 87' lang='lat'>:</span> 
     </span>
    </p>
   </div>
   <div class='ocr_carea' id='block_1_13' title="bbox 510 1058 2078 1129">
    <p class='ocr_par' dir='ltr' id='par_1_13' title="bbox 510 1058 2078 1129">
     <span class='ocr_line' id='line_1_13' title="bbox 510 1058 2078 1129; baseline -0.001 -14"><span class='ocrx_word' id='word_1_94' title='bbox 510 1076 616 1115; x_wconf 84' lang='lat' dir='ltr'><strong>non</strong></span> <span class='ocrx_word' id='word_1_95' title='bbox 643 1060 783 1129; x_wconf 90' lang='lat' dir='ltr'><strong>quod</strong></span> <span class='ocrx_word' id='word_1_96' title='bbox 804 1075 897 1114; x_wconf 90' lang='lat' dir='ltr'><strong>eas</strong></span> <span class='ocrx_word' id='word_1_97' title='bbox 924 1060 973 1114; x_wconf 94' lang='lat' dir='ltr'><strong>in</strong></span> <span class='ocrx_word' id='word_1_98' title='bbox 1001 1059 1181 1114; x_wconf 84' lang='lat' dir='ltr'><strong>fauces</strong></span> <span class='ocrx_word' id='word_1_99' title='bbox 1209 1058 1453 1128; x_wconf 90' lang='lat' dir='ltr'><strong>luporum</strong></span> <span class='ocrx_word' id='word_1_100' title='bbox 1469 1058 1737 1128; x_wconf 87' lang='lat' dir='ltr'><strong>projiciat,</strong></span> <span class='ocrx_word' id='word_1_101' title='bbox 1793 1060 1897 1113; x_wconf 91' lang='lat' dir='ltr'><strong>sed</strong></span> <span class='ocrx_word' id='word_1_102' title='bbox 1933 1059 2078 1127; x_wconf 85' lang='lat' dir='ltr'><strong>quod</strong></span> 
     </span>
    </p>
   </div>
   <div class='ocr_carea' id='block_1_14' title="bbox 508 1150 2071 1221">
    <p class='ocr_par' dir='ltr' id='par_1_14' title="bbox 508 1150 2071 1221">
     <span class='ocr_line' id='line_1_14' title="bbox 508 1150 2071 1221; baseline -0.003 -12"><span class='ocrx_word' id='word_1_103' title='bbox 508 1168 607 1209; x_wconf 80' lang='lat' dir='ltr'><strong>sua</strong></span> <span class='ocrx_word' id='word_1_104' title='bbox 627 1168 758 1207; x_wconf 90' lang='lat' dir='ltr'><strong>cura</strong></span> <span class='ocrx_word' id='word_1_105' title='bbox 787 1166 852 1207; x_wconf 85' lang='lat' dir='ltr'><strong>ac</strong></span> <span class='ocrx_word' id='word_1_106' title='bbox 872 1153 1124 1221; x_wconf 74' lang='lat' dir='ltr'><strong>praesidio</strong></span> <span class='ocrx_word' id='word_1_107' title='bbox 1154 1165 1246 1205; x_wconf 88' lang='lat' dir='ltr'><strong>eas</strong></span> <span class='ocrx_word' id='word_1_108' title='bbox 1280 1151 1597 1207; x_wconf 89' lang='lat' dir='ltr'><strong>denudetac</strong></span> <span class='ocrx_word' id='word_1_109' title='bbox 1625 1151 1903 1207; x_wconf 88' lang='lat' dir='ltr'><strong>destituat.</strong></span> <span class='ocrx_word' id='word_1_110' title='bbox 1938 1150 2071 1205; x_wconf 86' lang='lat' dir='ltr'><strong>Illud</strong></span> 
     </span>
    </p>
   </div>
   <div class='ocr_carea' id='block_1_15' title="bbox 509 1239 2081 1313">
    <p class='ocr_par' dir='ltr' id='par_1_15' title="bbox 509 1239 2081 1313">
     <span class='ocr_line' id='line_1_15' title="bbox 509 1239 2081 1313; baseline -0.003 -14"><span class='ocrx_word' id='word_1_111' title='bbox 509 1244 692 1313; x_wconf 81' lang='lat' dir='ltr'><strong>itaque</strong></span> <span class='ocrx_word' id='word_1_112' title='bbox 713 1242 959 1307; x_wconf 86' lang='lat' dir='ltr'><strong>verbum,</strong></span> <span class='ocrx_word' id='word_1_113' title='bbox 989 1242 1155 1307; x_wconf 85' lang='lat' dir='ltr'><strong>dedit,</strong></span> <span class='ocrx_word' id='word_1_114' title='bbox 1189 1242 1347 1295; x_wconf 85' lang='lat' dir='ltr'><strong>talem</strong></span> <span class='ocrx_word' id='word_1_115' title='bbox 1375 1242 1537 1296; x_wconf 88' lang='lat' dir='ltr'><strong>habet</strong></span> <span class='ocrx_word' id='word_1_116' title='bbox 1558 1256 1798 1296; x_wconf 88' lang='lat' dir='ltr'><strong>sensum.</strong></span> <span class='ocrx_word' id='word_1_117' title='bbox 1845 1239 2081 1310; x_wconf 80' lang='lat' dir='ltr'><strong>Spiritus</strong></span> 
     </span>
    </p>
   </div>
   <div class='ocr_carea' id='block_1_16' title="bbox 508 1332 2078 1402">
    <p class='ocr_par' dir='ltr' id='par_1_16' title="bbox 508 1332 2078 1402">
     <span class='ocr_line' id='line_1_16' title="bbox 508 1332 2078 1402; baseline -0.001 -15"><span class='ocrx_word' id='word_1_118' title='bbox 508 1332 1178 1402; x_wconf 25' lang='lat' dir='ltr'><strong>autemrcompunctionis,</strong></span> <span class='ocrx_word' id='word_1_119' title='bbox 1213 1332 1349 1386; x_wconf 83' lang='lat' dir='ltr'><strong>nihil</strong></span> <span class='ocrx_word' id='word_1_120' title='bbox 1378 1332 1524 1386; x_wconf 89' lang='lat' dir='ltr'><strong>aliud</strong></span> <span class='ocrx_word' id='word_1_121' title='bbox 1566 1340 1672 1397; x_wconf 89' lang='lat' dir='ltr'><strong>est,</strong></span> <span class='ocrx_word' id='word_1_122' title='bbox 1699 1347 1859 1401; x_wconf 92' lang='lat' dir='ltr'><strong>quam</strong></span> <span class='ocrx_word' id='word_1_123' title='bbox 1889 1340 2078 1400; x_wconf 90' lang='lat' dir='ltr'><strong>stupo-</strong></span> 
     </span>
    </p>
   </div>
   <div class='ocr_carea' id='block_1_17' title="bbox 502 1422 2080 1494">
    <p class='ocr_par' dir='ltr' id='par_1_17' title="bbox 502 1422 2080 1494">
     <span class='ocr_line' id='line_1_17' title="bbox 502 1422 2080 1494; baseline -0.001 -15"><span class='ocrx_word' id='word_1_124' title='bbox 502 1426 587 1481; x_wconf 80' lang='lat' dir='ltr'><strong>ris</strong></span> <span class='ocrx_word' id='word_1_125' title='bbox 607 1432 661 1480; x_wconf 91' lang='lat' dir='ltr'><strong>et</strong></span> <span class='ocrx_word' id='word_1_126' title='bbox 683 1422 1075 1494; x_wconf 86' lang='lat' dir='ltr'><strong>percussionis.</strong></span> <span class='ocrx_word' id='word_1_127' title='bbox 1111 1422 1243 1477; x_wconf 83' lang='lat' dir='ltr'><strong>Nam</strong></span> <span class='ocrx_word' id='word_1_128' title='bbox 1276 1436 1641 1491; x_wconf 87' lang='lat' dir='ltr'><strong>compungere</strong></span> <span class='ocrx_word' id='word_1_129' title='bbox 1668 1432 1752 1477; x_wconf 88' lang='lat' dir='ltr'><strong>est</strong></span> <span class='ocrx_word' id='word_1_130' title='bbox 1776 1422 1915 1477; x_wconf 91' lang='lat' dir='ltr'><strong>idem</strong></span> <span class='ocrx_word' id='word_1_131' title='bbox 1936 1422 2080 1492; x_wconf 91' lang='lat' dir='ltr'><strong>quod</strong></span> 
     </span>
    </p>
   </div>
   <div class='ocr_carea' id='block_1_18' title="bbox 520 1513 2082 1586">
    <p class='ocr_par' dir='ltr' id='par_1_18' title="bbox 520 1513 2082 1586">
     <span class='ocr_line' id='line_1_18' title="bbox 520 1513 2082 1586; baseline -0.001 -18"><span class='ocrx_word' id='word_1_132' title='bbox 520 1515 810 1569; x_wconf 78' lang='lat' dir='ltr'><strong>vulnerare</strong></span> <span class='ocrx_word' id='word_1_133' title='bbox 834 1529 899 1568; x_wconf 82' lang='lat' dir='ltr'><strong>ac</strong></span> <span class='ocrx_word' id='word_1_134' title='bbox 930 1523 1237 1583; x_wconf 85' lang='lat' dir='ltr'><strong>percutere,</strong></span> <span class='ocrx_word' id='word_1_135' title='bbox 1262 1513 1556 1568; x_wconf 90' lang='lat' dir='ltr'><strong>secundum</strong></span> <span class='ocrx_word' id='word_1_136' title='bbox 1581 1514 1633 1568; x_wconf 94' lang='lat' dir='ltr'><strong>id</strong></span> <span class='ocrx_word' id='word_1_137' title='bbox 1656 1516 1796 1583; x_wconf 91' lang='lat' dir='ltr'><strong>quod</strong></span> <span class='ocrx_word' id='word_1_138' title='bbox 1831 1514 1882 1567; x_wconf 92' lang='lat' dir='ltr'><strong>in</strong></span> <span class='ocrx_word' id='word_1_139' title='bbox 1904 1513 2082 1586; x_wconf 77' lang='lat' dir='ltr'><strong>Evan-</strong></span> 
     </span>
    </p>
   </div>
   <div class='ocr_carea' id='block_1_19' title="bbox 499 1603 2081 1677">
    <p class='ocr_par' dir='ltr' id='par_1_19' title="bbox 499 1603 2081 1677">
     <span class='ocr_line' id='line_1_19' title="bbox 499 1603 2081 1677; baseline -0.002 -16"><span class='ocrx_word' id='word_1_140' title='bbox 499 1607 649 1677; x_wconf 79' lang='lat' dir='ltr'><strong>gelio</strong></span> <span class='ocrx_word' id='word_1_141' title='bbox 676 1607 969 1660; x_wconf 56' lang='lat' dir='ltr'><strong>dicitur”</strong></span> <span class='ocrx_word' id='word_1_142' title='bbox 1015 1604 1468 1672; x_wconf 80' lang='lat' dir='ltr'><strong>Compunxernnt</strong></span> <span class='ocrx_word' id='word_1_143' title='bbox 1519 1603 1661 1660; x_wconf 92' lang='lat' dir='ltr'><strong>latus</strong></span> <span class='ocrx_word' id='word_1_144' title='bbox 1701 1605 1902 1659; x_wconf 87' lang='lat' dir='ltr'><strong>Christi</strong></span> <span class='ocrx_word' id='word_1_145' title='bbox 1959 1604 2081 1658; x_wconf 89' lang='lat' dir='ltr'><strong>lan-</strong></span> 
     </span>
    </p>
   </div>
   <div class='ocr_carea' id='block_1_20' title="bbox 509 1694 2085 1765">
    <p class='ocr_par' dir='ltr' id='par_1_20' title="bbox 509 1694 2085 1765">
     <span class='ocr_line' id='line_1_20' title="bbox 509 1694 2085 1765; baseline 0.001 -16"><span class='ocrx_word' id='word_1_146' title='bbox 509 1711 606 1749; x_wconf 90' lang='lat' dir='ltr'><strong>cea</strong></span> <span class='ocrx_word' id='word_1_147' title='bbox 629 1694 697 1748; x_wconf 78' lang='lat'><strong>&quot;.</strong></span> <span class='ocrx_word' id='word_1_148' title='bbox 743 1713 762 1747; x_wconf 84' lang='grc' dir='ltr'><strong>ι</strong></span> <span class='ocrx_word' id='word_1_149' title='bbox 794 1695 929 1762; x_wconf 88' lang='lat' dir='ltr'><strong>Quia</strong></span> <span class='ocrx_word' id='word_1_150' title='bbox 957 1694 1121 1764; x_wconf 85' lang='lat' dir='ltr'><strong>igitur</strong></span> <span class='ocrx_word' id='word_1_151' title='bbox 1164 1710 1509 1765; x_wconf 85' lang='lat' dir='ltr'><strong>compungere</strong></span> <span class='ocrx_word' id='word_1_152' title='bbox 1547 1695 1822 1765; x_wconf 88' lang='lat' dir='ltr'><strong>signiticat</strong></span> <span class='ocrx_word' id='word_1_153' title='bbox 1848 1708 2085 1763; x_wconf 76' lang='lat' dir='ltr'><strong>percute-</strong></span> 
     </span>
    </p>
   </div>
   <div class='ocr_carea' id='block_1_21' title="bbox 2179 969 3736 1042">
    <p class='ocr_par' dir='ltr' id='par_1_21' title="bbox 2179 969 3736 1042">
     <span class='ocr_line' id='line_1_21' title="bbox 2179 969 3736 1042; baseline -0.003 -17"><span class='ocrx_word' id='word_1_154' title='bbox 2179 971 2467 1042; x_wconf 84' lang='grc' dir='ltr'><strong>γυμνῶσαι</strong></span> <span class='ocrx_word' id='word_1_155' title='bbox 2504 971 2604 1041; x_wconf 81' lang='grc' dir='ltr'>τῆς</span> <span class='ocrx_word' id='word_1_156' title='bbox 2644 970 2848 1034; x_wconf 78' lang='grc' dir='ltr'>οἰκείας</span> <span class='ocrx_word' id='word_1_157' title='bbox 2898 969 3218 1040; x_wconf 75' lang='grc' dir='ltr'><strong>ἐπιμελείας</strong></span> <span class='ocrx_word' id='word_1_158' title='bbox 3250 970 3348 1024; x_wconf 76' lang='grc' dir='ltr'>καὶ</span> <span class='ocrx_word' id='word_1_159' title='bbox 3389 969 3736 1037; x_wconf 84' lang='grc' dir='ltr'>προστασίας.</span> 
     </span>
    </p>
   </div>
   <div class='ocr_carea' id='block_1_22' title="bbox 2179 1059 3741 1136">
    <p class='ocr_par' dir='ltr' id='par_1_22' title="bbox 2179 1059 3741 1136">
     <span class='ocr_line' id='line_1_22' title="bbox 2179 1059 3741 1136; baseline -0.005 -16"><span class='ocrx_word' id='word_1_160' title='bbox 2179 1067 2254 1120; x_wconf 81' lang='grc' dir='ltr'><strong>Τὸ</strong></span> <span class='ocrx_word' id='word_1_161' title='bbox 2288 1066 2386 1136; x_wconf 84' lang='grc' dir='ltr'>μὲν</span> <span class='ocrx_word' id='word_1_162' title='bbox 2427 1060 2542 1128; x_wconf 78' lang='grc' dir='ltr'>οὖν,</span> <span class='ocrx_word' id='word_1_163' title='bbox 2570 1064 2788 1126; x_wconf 77' lang='grc' dir='ltr'>ἔδωκε,</span> <span class='ocrx_word' id='word_1_164' title='bbox 2822 1063 3078 1134; x_wconf 81' lang='grc' dir='ltr'><strong>τοιαύτην</strong></span> <span class='ocrx_word' id='word_1_165' title='bbox 3117 1061 3230 1131; x_wconf 80' lang='grc' dir='ltr'>ἔχει</span> <span class='ocrx_word' id='word_1_166' title='bbox 3259 1060 3362 1130; x_wconf 82' lang='grc' dir='ltr'>τὴν</span> <span class='ocrx_word' id='word_1_167' title='bbox 3399 1060 3629 1112; x_wconf 81' lang='grc' dir='ltr'>ἔννοιαν.</span> <span class='ocrx_word' id='word_1_168' title='bbox 3675 1059 3741 1112; x_wconf 79' lang='grc' dir='ltr'>Τδ</span> 
     </span>
    </p>
   </div>
   <div class='ocr_carea' id='block_1_23' title="bbox 2179 1150 3739 1227">
    <p class='ocr_par' dir='ltr' id='par_1_23' title="bbox 2179 1150 3739 1227">
     <span class='ocr_line' id='line_1_23' title="bbox 2179 1150 3739 1227; baseline -0.004 -18"><span class='ocrx_word' id='word_1_169' title='bbox 2179 1156 2237 1210; x_wconf 81' lang='grc' dir='ltr'>δὲ</span> <span class='ocrx_word' id='word_1_170' title='bbox 2284 1156 2504 1227; x_wconf 86' lang='grc' dir='ltr'>πνεῦμα</span> <span class='ocrx_word' id='word_1_171' title='bbox 2540 1156 2641 1227; x_wconf 86' lang='grc' dir='ltr'>τῆς</span> <span class='ocrx_word' id='word_1_172' title='bbox 2678 1153 3044 1219; x_wconf 79' lang='grc' dir='ltr'>κατανύξεως,</span> <span class='ocrx_word' id='word_1_173' title='bbox 3082 1152 3474 1222; x_wconf 79' lang='grc' dir='ltr'>καταπλήξεως</span> <span class='ocrx_word' id='word_1_174' title='bbox 3512 1150 3625 1219; x_wconf 80' lang='grc'><strong>(51)</strong></span> <span class='ocrx_word' id='word_1_175' title='bbox 3655 1152 3739 1203; x_wconf 72' lang='grc' dir='ltr'><strong>καὶ</strong></span> 
     </span>
    </p>
   </div>
   <div class='ocr_carea' id='block_1_24' title="bbox 2180 1243 3739 1321">
    <p class='ocr_par' dir='ltr' id='par_1_24' title="bbox 2180 1243 3739 1321">
     <span class='ocr_line' id='line_1_24' title="bbox 2180 1243 3739 1321; baseline -0.004 -19"><span class='ocrx_word' id='word_1_176' title='bbox 2180 1248 2598 1321; x_wconf 87' lang='grc' dir='ltr'>κατατρὼσεως.</span> <span class='ocrx_word' id='word_1_177' title='bbox 2634 1248 2708 1302; x_wconf 90' lang='grc' dir='ltr'><strong>Τὸ</strong></span> <span class='ocrx_word' id='word_1_178' title='bbox 2741 1246 2847 1319; x_wconf 83' lang='grc' dir='ltr'><strong>γὰρ</strong></span> <span class='ocrx_word' id='word_1_179' title='bbox 2878 1246 3111 1307; x_wconf 88' lang='grc' dir='ltr'>νύττειν,</span> <span class='ocrx_word' id='word_1_180' title='bbox 3143 1243 3466 1314; x_wconf 82' lang='grc' dir='ltr'>τιτρώσκειν</span> <span class='ocrx_word' id='word_1_181' title='bbox 3512 1244 3632 1296; x_wconf 73' lang='grc' dir='ltr'>ἐστὶ</span> <span class='ocrx_word' id='word_1_182' title='bbox 3653 1244 3739 1296; x_wconf 75' lang='grc' dir='ltr'>καὶ</span> 
     </span>
    </p>
   </div>
   <div class='ocr_carea' id='block_1_25' title="bbox 2181 1333 3740 1407">
    <p class='ocr_par' dir='ltr' id='par_1_25' title="bbox 2181 1333 3740 1407">
     <span class='ocr_line' id='line_1_25' title="bbox 2181 1333 3740 1407; baseline -0.001 -19"><span class='ocrx_word' id='word_1_183' title='bbox 2181 1334 2475 1407; x_wconf 85' lang='grc' dir='ltr'>πλήττειν,</span> <span class='ocrx_word' id='word_1_184' title='bbox 2524 1336 2668 1390; x_wconf 83' lang='grc' dir='ltr'>κατὰ</span> <span class='ocrx_word' id='word_1_185' title='bbox 2689 1335 2788 1400; x_wconf 60' lang='grc' dir='ltr'>τὸ,</span> <span class='ocrx_word' id='word_1_186' title='bbox 2843 1354 2863 1387; x_wconf 72' lang='grc' dir='ltr'><strong>ι</strong></span> <span class='ocrx_word' id='word_1_187' title='bbox 2932 1336 3164 1399; x_wconf 78' lang='grc' dir='ltr'>Ἔνυξαν</span> <span class='ocrx_word' id='word_1_188' title='bbox 3218 1334 3315 1406; x_wconf 83' lang='grc' dir='ltr'><strong>τὴν</strong></span> <span class='ocrx_word' id='word_1_189' title='bbox 3354 1333 3599 1405; x_wconf 80' lang='grc' dir='ltr'>πλευρὰν</span> <span class='ocrx_word' id='word_1_190' title='bbox 3657 1334 3740 1387; x_wconf 82' lang='grc' dir='ltr'><strong>τοῦ</strong></span> 
     </span>
    </p>
   </div>
   <div class='ocr_carea' id='block_1_26' title="bbox 2181 1421 3739 1500">
    <p class='ocr_par' dir='ltr' id='par_1_26' title="bbox 2181 1421 3739 1500">
     <span class='ocr_line' id='line_1_26' title="bbox 2181 1421 3739 1500; baseline -0.001 -20"><span class='ocrx_word' id='word_1_191' title='bbox 2181 1427 2418 1496; x_wconf 84' lang='grc' dir='ltr'>Χριστοῦ</span> <span class='ocrx_word' id='word_1_192' title='bbox 2448 1430 2513 1498; x_wconf 81' lang='grc' dir='ltr'>τῇ</span> <span class='ocrx_word' id='word_1_193' title='bbox 2537 1426 2725 1500; x_wconf 84' lang='grc' dir='ltr'><strong>λόγχῃ.</strong></span> <span class='ocrx_word' id='word_1_194' title='bbox 2742 1444 2759 1478; x_wconf 84' lang='grc' dir='ltr'><strong>ι</strong></span> <span class='ocrx_word' id='word_1_195' title='bbox 2780 1426 2933 1480; x_wconf 78' lang='grc' dir='ltr'>Ἐπεὶ</span> <span class='ocrx_word' id='word_1_196' title='bbox 2958 1421 3053 1480; x_wconf 81' lang='grc' dir='ltr'><strong>οὖν</strong></span> <span class='ocrx_word' id='word_1_197' title='bbox 3074 1425 3303 1494; x_wconf 69' lang='grc' dir='ltr'>πλῆξαι</span> <span class='ocrx_word' id='word_1_198' title='bbox 3322 1425 3439 1478; x_wconf 77' lang='grc' dir='ltr'>ἐστὶ</span> <span class='ocrx_word' id='word_1_199' title='bbox 3459 1426 3524 1479; x_wconf 84' lang='grc' dir='ltr'>τὸ</span> <span class='ocrx_word' id='word_1_200' title='bbox 3555 1426 3739 1492; x_wconf 74' lang='grc' dir='ltr'>νύξαι,</span> 
     </span>
    </p>
   </div>
   <div class='ocr_carea' id='block_1_27' title="bbox 2181 1516 3739 1590">
    <p class='ocr_par' dir='ltr' id='par_1_27' title="bbox 2181 1516 3739 1590">
     <span class='ocr_line' id='line_1_27' title="bbox 2181 1516 3739 1590; baseline -0.001 -19"><span class='ocrx_word' id='word_1_201' title='bbox 2181 1517 2243 1571; x_wconf 79' lang='grc' dir='ltr'>τὸ</span> <span class='ocrx_word' id='word_1_202' title='bbox 2270 1518 2684 1590; x_wconf 85' lang='grc' dir='ltr'>κατατρωθῆναι</span> <span class='ocrx_word' id='word_1_203' title='bbox 2718 1519 2812 1572; x_wconf 65' lang='grc' dir='ltr'><strong>καὶ¹</strong></span> <span class='ocrx_word' id='word_1_204' title='bbox 2841 1518 3221 1587; x_wconf 87' lang='grc' dir='ltr'>κατανυγῆναι</span> <span class='ocrx_word' id='word_1_205' title='bbox 3253 1517 3481 1581; x_wconf 74' lang='grc' dir='ltr'>εἰκότως</span> <span class='ocrx_word' id='word_1_206' title='bbox 3515 1516 3739 1587; x_wconf 75' lang='grc' dir='ltr'>εἴρηται.</span> 
     </span>
    </p>
   </div>
   <div class='ocr_carea' id='block_1_28' title="bbox 2184 1604 3744 1679">
    <p class='ocr_par' dir='ltr' id='par_1_28' title="bbox 2184 1604 3744 1679">
     <span class='ocr_line' id='line_1_28' title="bbox 2184 1604 3744 1679; baseline -0.002 -17"><span class='ocrx_word' id='word_1_207' title='bbox 2184 1604 2316 1662; x_wconf 76' lang='grc' dir='ltr'>Εἶτα</span> <span class='ocrx_word' id='word_1_208' title='bbox 2345 1608 2665 1679; x_wconf 79' lang='grc' dir='ltr'>ἑρμηνεύων</span> <span class='ocrx_word' id='word_1_209' title='bbox 2688 1608 2850 1672; x_wconf 81' lang='grc' dir='ltr'>αὐτὸς</span> <span class='ocrx_word' id='word_1_210' title='bbox 2879 1610 2940 1661; x_wconf 84' lang='grc' dir='ltr'>τὸ</span> <span class='ocrx_word' id='word_1_211' title='bbox 2977 1606 3330 1671; x_wconf 81' lang='grc' dir='ltr'>κατένυξεν,</span> <span class='ocrx_word' id='word_1_212' title='bbox 3352 1607 3433 1659; x_wconf 86' lang='grc' dir='ltr'>ὅτι</span> <span class='ocrx_word' id='word_1_213' title='bbox 3456 1604 3744 1673; x_wconf 60' lang='grc' dir='ltr'>κατέπλη-</span> 
     </span>
    </p>
   </div>
   <div class='ocr_carea' id='block_1_29' title="bbox 2185 1698 3744 1770">
    <p class='ocr_par' dir='ltr' id='par_1_29' title="bbox 2185 1698 3744 1770">
     <span class='ocr_line' id='line_1_29' title="bbox 2185 1698 3744 1770; baseline -0.001 -17"><span class='ocrx_word' id='word_1_214' title='bbox 2185 1698 2292 1763; x_wconf 78' lang='grc' dir='ltr'><strong>ξεν</strong></span> <span class='ocrx_word' id='word_1_215' title='bbox 2316 1700 2484 1765; x_wconf 67' lang='grc' dir='ltr'>ἐστὶν,</span> <span class='ocrx_word' id='word_1_216' title='bbox 2536 1700 2676 1770; x_wconf 77' lang='grc' dir='ltr'><strong>ἔφη·</strong></span> <span class='ocrx_word' id='word_1_217' title='bbox 2721 1720 2739 1751; x_wconf 75' lang='grc' dir='ltr'><strong>ι</strong></span> <span class='ocrx_word' id='word_1_218' title='bbox 2762 1699 3102 1769; x_wconf 83' lang='grc' dir='ltr'>Ὀφθαλμοὺς</span> <span class='ocrx_word' id='word_1_219' title='bbox 3140 1698 3233 1752; x_wconf 88' lang='grc' dir='ltr'><strong>τοῦ</strong></span> <span class='ocrx_word' id='word_1_220' title='bbox 3287 1700 3361 1769; x_wconf 78' lang='grc' dir='ltr'>μὴ</span> <span class='ocrx_word' id='word_1_221' title='bbox 3394 1698 3633 1767; x_wconf 81' lang='grc' dir='ltr'>βλέπειν,</span> <span class='ocrx_word' id='word_1_222' title='bbox 3662 1700 3744 1751; x_wconf 73' lang='grc' dir='ltr'>καὶ</span> 
     </span>
    </p>
   </div>
   <div class='ocr_carea' id='block_1_30' title="bbox 500 1785 2086 1863">
    <p class='ocr_par' dir='ltr' id='par_1_30' title="bbox 500 1786 2076 1856">
     <span class='ocr_line' id='line_1_30' title="bbox 500 1786 2076 1856; baseline 0.001 -15"><span class='ocrx_word' id='word_1_223' title='bbox 500 1804 599 1849; x_wconf 71' lang='grc' dir='ltr'><strong>τε,</strong></span> <span class='ocrx_word' id='word_1_224' title='bbox 650 1796 795 1841; x_wconf 84' lang='lat' dir='ltr'><strong>recte</strong></span> <span class='ocrx_word' id='word_1_225' title='bbox 859 1796 1021 1856; x_wconf 89' lang='lat' dir='ltr'><strong>atque</strong></span> <span class='ocrx_word' id='word_1_226' title='bbox 1059 1786 1250 1840; x_wconf 88' lang='lat' dir='ltr'><strong>ordine</strong></span> <span class='ocrx_word' id='word_1_227' title='bbox 1322 1786 1524 1842; x_wconf 85' lang='lat' dir='ltr'><strong>factum</strong></span> <span class='ocrx_word' id='word_1_228' title='bbox 1562 1796 1667 1853; x_wconf 91' lang='lat' dir='ltr'><strong>est,</strong></span> <span class='ocrx_word' id='word_1_229' title='bbox 1712 1788 1854 1856; x_wconf 90' lang='lat' dir='ltr'><strong>quod</strong></span> <span class='ocrx_word' id='word_1_230' title='bbox 1911 1790 2076 1841; x_wconf 86' lang='lat' dir='ltr'><strong>etiam</strong></span> 
     </span>
    </p>
   </div>
   <div class='ocr_carea' id='block_1_31' title="bbox 2192 1785 3742 1863">
    <p class='ocr_par' dir='ltr' id='par_1_31' title="bbox 2192 1785 3742 1863">
     <span class='ocr_line' id='line_1_31' title="bbox 2192 1785 3742 1863; baseline -0.001 -18"><span class='ocrx_word' id='word_1_231' title='bbox 2192 1785 2300 1846; x_wconf 74' lang='grc' dir='ltr'>ὦτα</span> <span class='ocrx_word' id='word_1_232' title='bbox 2328 1792 2421 1846; x_wconf 88' lang='grc' dir='ltr'><strong>τοῦ</strong></span> <span class='ocrx_word' id='word_1_233' title='bbox 2457 1792 2531 1863; x_wconf 80' lang='grc' dir='ltr'><strong>μὴ</strong></span> <span class='ocrx_word' id='word_1_234' title='bbox 2573 1792 2810 1847; x_wconf 82' lang='grc' dir='ltr'>ἀκούειν.</span> <span class='ocrx_word' id='word_1_235' title='bbox 2845 1811 2863 1843; x_wconf 79' lang='grc' dir='ltr'><strong>ι</strong></span> <span class='ocrx_word' id='word_1_236' title='bbox 2894 1792 3067 1845; x_wconf 90' lang='grc' dir='ltr'>Τοῦτο</span> <span class='ocrx_word' id='word_1_237' title='bbox 3088 1792 3198 1863; x_wconf 75' lang='grc' dir='ltr'>γὰρ</span> <span class='ocrx_word' id='word_1_238' title='bbox 3235 1790 3562 1860; x_wconf 78' lang='grc' dir='ltr'>συμϐαίνειν</span> <span class='ocrx_word' id='word_1_239' title='bbox 3598 1791 3742 1845; x_wconf 80' lang='grc' dir='ltr'>είωθε</span> 
     </span>
    </p>
   </div>
   <div class='ocr_carea' id='block_1_32' title="bbox 500 1852 2086 1954">
    <p class='ocr_par' dir='ltr' id='par_1_32' title="bbox 500 1852 2083 1948">
     <span class='ocr_line' id='line_1_32' title="bbox 500 1852 2083 1948; baseline 0.001 -16"><span class='ocrx_word' id='word_1_240' title='bbox 500 1870 900 1947; x_wconf 72' lang='grc' dir='ltr'>αατανυγῆναι,</span> <span class='ocrx_word' id='word_1_241' title='bbox 933 1852 1047 1931; x_wconf 76' lang='lat' dir='ltr'><strong>hoc</strong></span> <span class='ocrx_word' id='word_1_242' title='bbox 1079 1885 1165 1932; x_wconf 86' lang='lat' dir='ltr'><strong>est</strong></span> <span class='ocrx_word' id='word_1_243' title='bbox 1223 1877 1538 1947; x_wconf 90' lang='lat' dir='ltr'><strong>compungi,</strong></span> <span class='ocrx_word' id='word_1_244' title='bbox 1596 1852 1797 1932; x_wconf 77' lang='lat' dir='ltr'><strong>dictum</strong></span> <span class='ocrx_word' id='word_1_245' title='bbox 1856 1886 1943 1934; x_wconf 87' lang='lat' dir='ltr'><strong>est</strong></span> <span class='ocrx_word' id='word_1_246' title='bbox 1985 1894 2083 1948; x_wconf 94' lang='lat' dir='ltr'><strong>pro</strong></span> 
     </span>
    </p>
   </div>
   <div class='ocr_carea' id='block_1_33' title="bbox 2192 1852 3741 1954">
    <p class='ocr_par' dir='ltr' id='par_1_33' title="bbox 2192 1852 3741 1954">
     <span class='ocr_line' id='line_1_33' title="bbox 2192 1852 3741 1954; baseline -0.003 -16"><span class='ocrx_word' id='word_1_247' title='bbox 2192 1887 2297 1948; x_wconf 85' lang='grc' dir='ltr'>τοῖς</span> <span class='ocrx_word' id='word_1_248' title='bbox 2324 1852 2878 1954; x_wconf 71' lang='grc' dir='ltr'>καταπληττομένοις.</span> <span class='ocrx_word' id='word_1_249' title='bbox 2910 1852 3181 1951; x_wconf 42' lang='lat' dir='ltr'><strong>&quot;Atax-dp.</strong></span> <span class='ocrx_word' id='word_1_250' title='bbox 3210 1852 3425 1934; x_wconf 40' lang='lat' dir='ltr'><strong>toﬁ‘voii</strong></span> <span class='ocrx_word' id='word_1_251' title='bbox 3456 1882 3741 1952; x_wconf 72' lang='grc' dir='ltr'>ταραχθένδ</span> 
     </span>
    </p>
   </div>
   <div class='ocr_carea' id='block_1_34' title="bbox 510 1972 2079 2043">
    <p class='ocr_par' dir='ltr' id='par_1_34' title="bbox 510 1972 2079 2043">
     <span class='ocr_line' id='line_1_34' title="bbox 510 1972 2079 2043; baseline -0.001 -14"><span class='ocrx_word' id='word_1_252' title='bbox 510 1974 908 2029; x_wconf 90' lang='lat' dir='ltr'><strong>convulnerari.</strong></span> <span class='ocrx_word' id='word_1_253' title='bbox 937 1972 1137 2027; x_wconf 83' lang='lat' dir='ltr'><strong>Deinde</strong></span> <span class='ocrx_word' id='word_1_254' title='bbox 1168 1972 1281 2043; x_wconf 89' lang='lat' dir='ltr'><strong>ipse</strong></span> <span class='ocrx_word' id='word_1_255' title='bbox 1340 1987 1618 2042; x_wconf 70' lang='lat' dir='ltr'><strong>esponens</strong></span> <span class='ocrx_word' id='word_1_256' title='bbox 1662 1973 1885 2027; x_wconf 84' lang='lat' dir='ltr'><strong>verbum</strong></span> <span class='ocrx_word' id='word_1_257' title='bbox 1938 1990 2079 2027; x_wconf 85' lang='lat' dir='ltr'><strong>com-</strong></span> 
     </span>
    </p>
   </div>
   <div class='ocr_carea' id='block_1_35' title="bbox 509 2064 2081 2136">
    <p class='ocr_par' dir='ltr' id='par_1_35' title="bbox 509 2064 2081 2136">
     <span class='ocr_line' id='line_1_35' title="bbox 509 2064 2081 2136; baseline -0.001 -17"><span class='ocrx_word' id='word_1_258' title='bbox 509 2064 794 2136; x_wconf 83' lang='lat' dir='ltr'><strong>pungendi,</strong></span> <span class='ocrx_word' id='word_1_259' title='bbox 827 2064 969 2134; x_wconf 88' lang='lat' dir='ltr'><strong>quod</strong></span> <span class='ocrx_word' id='word_1_260' title='bbox 1009 2064 1148 2118; x_wconf 90' lang='lat' dir='ltr'><strong>idem</strong></span> <span class='ocrx_word' id='word_1_261' title='bbox 1193 2065 1264 2118; x_wconf 85' lang='lat' dir='ltr'><strong>sit</strong></span> <span class='ocrx_word' id='word_1_262' title='bbox 1294 2078 1418 2117; x_wconf 90' lang='lat' dir='ltr'><strong>cum</strong></span> <span class='ocrx_word' id='word_1_263' title='bbox 1448 2065 1618 2118; x_wconf 91' lang='lat' dir='ltr'><strong>verbo</strong></span> <span class='ocrx_word' id='word_1_264' title='bbox 1664 2064 2081 2134; x_wconf 78' lang='lat' dir='ltr'><strong>obstupefacien-</strong></span> 
     </span>
    </p>
   </div>
   <div class='ocr_carea' id='block_1_36' title="bbox 509 2153 2084 2221">
    <p class='ocr_par' dir='ltr' id='par_1_36' title="bbox 509 2153 2084 2221">
     <span class='ocr_line' id='line_1_36' title="bbox 509 2153 2084 2221; baseline 0.001 -13"><span class='ocrx_word' id='word_1_265' title='bbox 509 2158 587 2221; x_wconf 85' lang='lat' dir='ltr'><strong>di,</strong></span> <span class='ocrx_word' id='word_1_266' title='bbox 620 2157 794 2210; x_wconf 81' lang='lat' dir='ltr'><strong>dixit:</strong></span> <span class='ocrx_word' id='word_1_267' title='bbox 836 2173 856 2206; x_wconf 78' lang='grc' dir='ltr'><strong>ι</strong></span> <span class='ocrx_word' id='word_1_268' title='bbox 893 2153 1108 2218; x_wconf 73' lang='lat' dir='ltr'><strong>Oculos,</strong></span> <span class='ocrx_word' id='word_1_269' title='bbox 1136 2163 1191 2208; x_wconf 94' lang='lat' dir='ltr'><strong>nt</strong></span> <span class='ocrx_word' id='word_1_270' title='bbox 1248 2168 1355 2208; x_wconf 86' lang='lat' dir='ltr'><strong>non</strong></span> <span class='ocrx_word' id='word_1_271' title='bbox 1409 2154 1652 2218; x_wconf 85' lang='lat' dir='ltr'><strong>videant,</strong></span> <span class='ocrx_word' id='word_1_272' title='bbox 1698 2164 1753 2208; x_wconf 91' lang='lat' dir='ltr'><strong>et</strong></span> <span class='ocrx_word' id='word_1_273' title='bbox 1795 2170 1976 2220; x_wconf 89' lang='lat' dir='ltr'><strong>aures,</strong></span> <span class='ocrx_word' id='word_1_274' title='bbox 2023 2164 2084 2209; x_wconf 82' lang='lat' dir='ltr'><strong>ut</strong></span> 
     </span>
    </p>
   </div>
   <div class='ocr_carea' id='block_1_37' title="bbox 498 2245 2081 2317">
    <p class='ocr_par' dir='ltr' id='par_1_37' title="bbox 498 2245 2081 2317">
     <span class='ocr_line' id='line_1_37' title="bbox 498 2245 2081 2317; baseline 0.001 -16"><span class='ocrx_word' id='word_1_275' title='bbox 498 2262 619 2301; x_wconf 77' lang='lat' dir='ltr'><strong>non</strong></span> <span class='ocrx_word' id='word_1_276' title='bbox 644 2246 871 2301; x_wconf 90' lang='lat' dir='ltr'><strong>audiant</strong></span> <span class='ocrx_word' id='word_1_277' title='bbox 911 2245 980 2300; x_wconf 79' lang='grc'><strong>⁸⁸.</strong></span> <span class='ocrx_word' id='word_1_278' title='bbox 1019 2263 1037 2296; x_wconf 83' lang='grc' dir='ltr'><strong>ι</strong></span> <span class='ocrx_word' id='word_1_279' title='bbox 1080 2245 1191 2299; x_wconf 86' lang='grc' dir='ltr'><strong>11οε</strong></span> <span class='ocrx_word' id='word_1_280' title='bbox 1228 2246 1370 2298; x_wconf 90' lang='lat' dir='ltr'><strong>cnim</strong></span> <span class='ocrx_word' id='word_1_281' title='bbox 1395 2261 1496 2301; x_wconf 87' lang='lat' dir='ltr'><strong>usu</strong></span> <span class='ocrx_word' id='word_1_282' title='bbox 1522 2247 1709 2301; x_wconf 79' lang='lat' dir='ltr'><strong>venire</strong></span> <span class='ocrx_word' id='word_1_283' title='bbox 1740 2247 1876 2302; x_wconf 77' lang='lat' dir='ltr'><strong>solet</strong></span> <span class='ocrx_word' id='word_1_284' title='bbox 1902 2248 1967 2303; x_wconf 90' lang='lat' dir='ltr'><strong>iis</strong></span> <span class='ocrx_word' id='word_1_285' title='bbox 1993 2248 2081 2317; x_wconf 92' lang='lat' dir='ltr'><strong>qni</strong></span> 
     </span>
    </p>
   </div>
   <div class='ocr_carea' id='block_1_38' title="bbox 511 2334 2074 2408">
    <p class='ocr_par' dir='ltr' id='par_1_38' title="bbox 511 2334 2074 2408">
     <span class='ocr_line' id='line_1_38' title="bbox 511 2334 2074 2408; baseline 0.001 -17"><span class='ocrx_word' id='word_1_286' title='bbox 511 2347 734 2407; x_wconf 85' lang='lat' dir='ltr'><strong>stupore</strong></span> <span class='ocrx_word' id='word_1_287' title='bbox 758 2346 883 2391; x_wconf 86' lang='lat' dir='ltr'><strong>sunt</strong></span> <span class='ocrx_word' id='word_1_288' title='bbox 910 2336 1164 2406; x_wconf 85' lang='lat' dir='ltr'><strong>correpti.</strong></span> <span class='ocrx_word' id='word_1_289' title='bbox 1194 2334 1329 2389; x_wconf 88' lang='lat' dir='ltr'><strong>Nam</strong></span> <span class='ocrx_word' id='word_1_290' title='bbox 1372 2351 1494 2391; x_wconf 91' lang='lat' dir='ltr'><strong>cum</strong></span> <span class='ocrx_word' id='word_1_291' title='bbox 1552 2352 1702 2392; x_wconf 89' lang='lat' dir='ltr'><strong>mens</strong></span> <span class='ocrx_word' id='word_1_292' title='bbox 1758 2338 2074 2408; x_wconf 89' lang='lat' dir='ltr'><strong>perturbata</strong></span> 
     </span>
    </p>
   </div>
   <div class='ocr_carea' id='block_1_39' title="bbox 513 2424 2073 2498">
    <p class='ocr_par' dir='ltr' id='par_1_39' title="bbox 513 2424 2073 2498">
     <span class='ocr_line' id='line_1_39' title="bbox 513 2424 2073 2498; baseline 0.001 -17"><span class='ocrx_word' id='word_1_293' title='bbox 513 2428 605 2491; x_wconf 89' lang='lat' dir='ltr'><strong>sit,</strong></span> <span class='ocrx_word' id='word_1_294' title='bbox 632 2442 822 2481; x_wconf 86' lang='lat' dir='ltr'><strong>sensus</strong></span> <span class='ocrx_word' id='word_1_295' title='bbox 848 2424 1021 2480; x_wconf 71' lang='lat' dir='ltr'><strong>oﬂicia</strong></span> <span class='ocrx_word' id='word_1_296' title='bbox 1074 2434 1127 2480; x_wconf 92' lang='lat' dir='ltr'><strong>et</strong></span> <span class='ocrx_word' id='word_1_297' title='bbox 1152 2426 1395 2480; x_wconf 86' lang='lat' dir='ltr'><strong>actiones</strong></span> <span class='ocrx_word' id='word_1_298' title='bbox 1429 2440 1556 2481; x_wconf 89' lang='lat' dir='ltr'><strong>snas</strong></span> <span class='ocrx_word' id='word_1_299' title='bbox 1589 2426 1883 2498; x_wconf 86' lang='lat' dir='ltr'><strong>abnegant.</strong></span> <span class='ocrx_word' id='word_1_300' title='bbox 1919 2427 2073 2494; x_wconf 88' lang='lat' dir='ltr'><strong>Quod</strong></span> 
     </span>
    </p>
   </div>
   <div class='ocr_carea' id='block_1_40' title="bbox 515 2517 2078 2586">
    <p class='ocr_par' dir='ltr' id='par_1_40' title="bbox 515 2517 2078 2586">
     <span class='ocr_line' id='line_1_40' title="bbox 515 2517 2078 2586; baseline 0.003 -15"><span class='ocrx_word' id='word_1_301' title='bbox 515 2529 695 2573; x_wconf 89' lang='lat' dir='ltr'><strong>autem</strong></span> <span class='ocrx_word' id='word_1_302' title='bbox 723 2518 823 2573; x_wconf 91' lang='lat' dir='ltr'><strong>hoc</strong></span> <span class='ocrx_word' id='word_1_303' title='bbox 852 2518 1024 2586; x_wconf 90' lang='lat' dir='ltr'><strong>ipsum</strong></span> <span class='ocrx_word' id='word_1_304' title='bbox 1052 2518 1264 2579; x_wconf 88' lang='lat' dir='ltr'><strong>innuat,</strong></span> <span class='ocrx_word' id='word_1_305' title='bbox 1291 2517 1415 2571; x_wconf 87' lang='lat' dir='ltr'><strong>audi</strong></span> <span class='ocrx_word' id='word_1_306' title='bbox 1472 2518 1837 2586; x_wconf 80' lang='lat' dir='ltr'><strong>Scripturam,</strong></span> <span class='ocrx_word' id='word_1_307' title='bbox 1888 2520 2078 2575; x_wconf 87' lang='lat' dir='ltr'><strong>dicen-</strong></span> 
     </span>
    </p>
   </div>
   <div class='ocr_carea' id='block_1_41' title="bbox 515 2606 2083 2676">
    <p class='ocr_par' dir='ltr' id='par_1_41' title="bbox 515 2606 2083 2676">
     <span class='ocr_line' id='line_1_41' title="bbox 515 2606 2083 2676; baseline 0.001 -13"><span class='ocrx_word' id='word_1_308' title='bbox 515 2617 717 2663; x_wconf 39' lang='lat' dir='ltr'><strong>temz‘c</strong></span> <span class='ocrx_word' id='word_1_309' title='bbox 753 2606 971 2671; x_wconf 86' lang='lat' dir='ltr'><strong>Beatus,</strong></span> <span class='ocrx_word' id='word_1_310' title='bbox 1000 2607 1090 2676; x_wconf 86' lang='lat' dir='ltr'><strong>qui</strong></span> <span class='ocrx_word' id='word_1_311' title='bbox 1124 2622 1227 2661; x_wconf 92' lang='lat' dir='ltr'><strong>non</strong></span> <span class='ocrx_word' id='word_1_312' title='bbox 1285 2617 1367 2661; x_wconf 80' lang='lat' dir='ltr'><strong>est</strong></span> <span class='ocrx_word' id='word_1_313' title='bbox 1412 2608 1719 2664; x_wconf 87' lang='lat' dir='ltr'><strong>stimulatus</strong></span> <span class='ocrx_word' id='word_1_314' title='bbox 1762 2609 1876 2665; x_wconf 88' lang='lat' dir='ltr'><strong>sive</strong></span> <span class='ocrx_word' id='word_1_315' title='bbox 1933 2625 2083 2666; x_wconf 87' lang='lat' dir='ltr'><strong>com-</strong></span> 
     </span>
    </p>
   </div>
   <div class='ocr_carea' id='block_1_42' title="bbox 516 2698 2081 2769">
    <p class='ocr_par' dir='ltr' id='par_1_42' title="bbox 516 2698 2081 2769">
     <span class='ocr_line' id='line_1_42' title="bbox 516 2698 2081 2769; baseline 0.003 -17"><span class='ocrx_word' id='word_1_316' title='bbox 516 2708 749 2769; x_wconf 88' lang='lat' dir='ltr'><strong>punctus</strong></span> <span class='ocrx_word' id='word_1_317' title='bbox 772 2698 825 2752; x_wconf 89' lang='lat' dir='ltr'><strong>in</strong></span> <span class='ocrx_word' id='word_1_318' title='bbox 851 2699 1070 2752; x_wconf 83' lang='lat' dir='ltr'><strong>tristitia</strong></span> <span class='ocrx_word' id='word_1_319' title='bbox 1096 2698 1278 2753; x_wconf 85' lang='lat' dir='ltr'><strong>delicti</strong></span> <span class='ocrx_word' id='word_1_320' title='bbox 1311 2699 1379 2753; x_wconf 78' lang='lat'><strong>&quot;.</strong></span> <span class='ocrx_word' id='word_1_321' title='bbox 1428 2718 1447 2751; x_wconf 80' lang='grc' dir='ltr'><strong>ι</strong></span> <span class='ocrx_word' id='word_1_322' title='bbox 1503 2700 1663 2769; x_wconf 85' lang='lat' dir='ltr'><strong>Atqui</strong></span> <span class='ocrx_word' id='word_1_323' title='bbox 1716 2701 1937 2755; x_wconf 85' lang='lat' dir='ltr'><strong>tristitia</strong></span> <span class='ocrx_word' id='word_1_324' title='bbox 1991 2716 2081 2757; x_wconf 89' lang='lat' dir='ltr'><strong>se-</strong></span> 
     </span>
    </p>
   </div>
   <div class='ocr_carea' id='block_1_43' title="bbox 516 2790 2084 2864">
    <p class='ocr_par' dir='ltr' id='par_1_43' title="bbox 516 2790 2084 2864">
     <span class='ocr_line' id='line_1_43' title="bbox 516 2790 2084 2864; baseline 0.003 -20"><span class='ocrx_word' id='word_1_325' title='bbox 516 2792 749 2845; x_wconf 87' lang='lat' dir='ltr'><strong>cundmn</strong></span> <span class='ocrx_word' id='word_1_326' title='bbox 776 2790 943 2845; x_wconf 83' lang='lat' dir='ltr'><strong>Deum</strong></span> <span class='ocrx_word' id='word_1_327' title='bbox 966 2792 1337 2859; x_wconf 62' lang='lat' dir='ltr'><strong>paenitentiam</strong></span> <span class='ocrx_word' id='word_1_328' title='bbox 1383 2792 1436 2846; x_wconf 92' lang='lat' dir='ltr'><strong>in</strong></span> <span class='ocrx_word' id='word_1_329' title='bbox 1489 2793 1719 2847; x_wconf 92' lang='lat' dir='ltr'><strong>salutem</strong></span> <span class='ocrx_word' id='word_1_330' title='bbox 1755 2808 1859 2846; x_wconf 93' lang='lat' dir='ltr'><strong>non</strong></span> <span class='ocrx_word' id='word_1_331' title='bbox 1906 2794 2084 2864; x_wconf 72' lang='lat' dir='ltr'><strong>pumi-</strong></span> 
     </span>
    </p>
   </div>
   <div class='ocr_carea' id='block_1_44' title="bbox 512 2883 2083 2954">
    <p class='ocr_par' dir='ltr' id='par_1_44' title="bbox 512 2883 2083 2954">
     <span class='ocr_line' id='line_1_44' title="bbox 512 2883 2083 2954; baseline 0.001 -16"><span class='ocrx_word' id='word_1_332' title='bbox 512 2883 731 2938; x_wconf 83' lang='lat' dir='ltr'><strong>tcndam</strong></span> <span class='ocrx_word' id='word_1_333' title='bbox 769 2892 1046 2952; x_wconf 90' lang='lat' dir='ltr'><strong>operatur.</strong></span> <span class='ocrx_word' id='word_1_334' title='bbox 1088 2884 1225 2950; x_wconf 85' lang='lat' dir='ltr'><strong>Quid</strong></span> <span class='ocrx_word' id='word_1_335' title='bbox 1258 2894 1491 2954; x_wconf 90' lang='lat' dir='ltr'><strong>estergo</strong></span> <span class='ocrx_word' id='word_1_336' title='bbox 1515 2884 1656 2954; x_wconf 87' lang='lat' dir='ltr'><strong>quod</strong></span> <span class='ocrx_word' id='word_1_337' title='bbox 1684 2885 1797 2939; x_wconf 81' lang='lat' dir='ltr'><strong>ait?</strong></span> <span class='ocrx_word' id='word_1_338' title='bbox 1827 2884 1884 2939; x_wconf 89' lang='lat' dir='ltr'><strong>Si</strong></span> <span class='ocrx_word' id='word_1_339' title='bbox 1919 2886 2083 2954; x_wconf 86' lang='lat' dir='ltr'><strong>igitur</strong></span> 
     </span>
    </p>
   </div>
   <div class='ocr_carea' id='block_1_45' title="bbox 515 2976 2084 3046">
    <p class='ocr_par' dir='ltr' id='par_1_45' title="bbox 515 2976 2084 3046">
     <span class='ocr_line' id='line_1_45' title="bbox 515 2976 2084 3046; baseline 0.001 -16"><span class='ocrx_word' id='word_1_340' title='bbox 515 2990 581 3030; x_wconf 67' lang='lat' dir='ltr'><strong>ex</strong></span> <span class='ocrx_word' id='word_1_341' title='bbox 610 2976 965 3045; x_wconf 88' lang='lat' dir='ltr'><strong>quorumdam</strong></span> <span class='ocrx_word' id='word_1_342' title='bbox 995 2976 1252 3045; x_wconf 85' lang='lat' dir='ltr'><strong>Opinione</strong></span> <span class='ocrx_word' id='word_1_343' title='bbox 1286 2977 1584 3031; x_wconf 78' lang='lat' dir='ltr'><strong>dixerimus</strong></span> <span class='ocrx_word' id='word_1_344' title='bbox 1611 2994 1626 3043; x_wconf 90' lang='lat'><strong>;</strong></span> <span class='ocrx_word' id='word_1_345' title='bbox 1675 2991 1803 3030; x_wconf 85' lang='lat' dir='ltr'><strong>eum</strong></span> <span class='ocrx_word' id='word_1_346' title='bbox 1835 2976 1924 3046; x_wconf 89' lang='lat' dir='ltr'><strong>qui</strong></span> <span class='ocrx_word' id='word_1_347' title='bbox 1946 2993 2084 3031; x_wconf 82' lang='lat' dir='ltr'><strong>nuu-</strong></span> 
     </span>
    </p>
   </div>
   <div class='ocr_carea' id='block_1_46' title="bbox 514 3068 2085 3138">
    <p class='ocr_par' dir='ltr' id='par_1_46' title="bbox 514 3068 2085 3138">
     <span class='ocr_line' id='line_1_46' title="bbox 514 3068 2085 3138; baseline 0.002 -18"><span class='ocrx_word' id='word_1_348' title='bbox 514 3082 676 3138; x_wconf 83' lang='lat' dir='ltr'><strong>qnam</strong></span> <span class='ocrx_word' id='word_1_349' title='bbox 697 3068 919 3123; x_wconf 87' lang='lat' dir='ltr'><strong>omnino</strong></span> <span class='ocrx_word' id='word_1_350' title='bbox 944 3068 1203 3137; x_wconf 87' lang='lat' dir='ltr'><strong>peccarit,</strong></span> <span class='ocrx_word' id='word_1_351' title='bbox 1240 3068 1327 3123; x_wconf 92' lang='lat' dir='ltr'><strong>hic</strong></span> <span class='ocrx_word' id='word_1_352' title='bbox 1370 3068 1586 3123; x_wconf 90' lang='lat' dir='ltr'><strong>beatum</strong></span> <span class='ocrx_word' id='word_1_353' title='bbox 1634 3068 1941 3137; x_wconf 70' lang='lat' dir='ltr'><strong>praedicari,</strong></span> <span class='ocrx_word' id='word_1_354' title='bbox 1974 3068 2085 3123; x_wconf 80' lang='lat' dir='ltr'><strong>for-</strong></span> 
     </span>
    </p>
   </div>
   <div class='ocr_carea' id='block_1_47' title="bbox 2186 1972 3740 2044">
    <p class='ocr_par' dir='ltr' id='par_1_47' title="bbox 2186 1972 3740 2044">
     <span class='ocr_line' id='line_1_47' title="bbox 2186 1972 3740 2044; baseline -0.001 -15"><span class='ocrx_word' id='word_1_355' title='bbox 2186 1992 2298 2039; x_wconf 89' lang='grc' dir='ltr'>τος,</span> <span class='ocrx_word' id='word_1_356' title='bbox 2332 1974 2389 2027; x_wconf 81' lang='grc' dir='ltr'>αἱ</span> <span class='ocrx_word' id='word_1_357' title='bbox 2425 1972 2706 2044; x_wconf 77' lang='grc' dir='ltr'>αἰσθήσεις</span> <span class='ocrx_word' id='word_1_358' title='bbox 2738 1972 2836 2036; x_wconf 85' lang='grc' dir='ltr'>τὰς</span> <span class='ocrx_word' id='word_1_359' title='bbox 2885 1972 3089 2035; x_wconf 84' lang='grc' dir='ltr'>οἰκείας</span> <span class='ocrx_word' id='word_1_360' title='bbox 3118 1972 3403 2042; x_wconf 79' lang='grc' dir='ltr'>ἐνεργείας</span> <span class='ocrx_word' id='word_1_361' title='bbox 3443 1972 3740 2043; x_wconf 82' lang='grc' dir='ltr'>ἀρνοῦνται.</span> 
     </span>
    </p>
   </div>
   <div class='ocr_carea' id='block_1_48' title="bbox 2190 2063 3741 2136">
    <p class='ocr_par' dir='ltr' id='par_1_48' title="bbox 2190 2063 3741 2136">
     <span class='ocr_line' id='line_1_48' title="bbox 2190 2063 3741 2136; baseline -0.001 -17"><span class='ocrx_word' id='word_1_362' title='bbox 2190 2065 2313 2119; x_wconf 85' lang='grc' dir='ltr'>Ὅτι</span> <span class='ocrx_word' id='word_1_363' title='bbox 2333 2065 2390 2118; x_wconf 86' lang='grc' dir='ltr'>δὲ</span> <span class='ocrx_word' id='word_1_364' title='bbox 2419 2065 2576 2119; x_wconf 88' lang='grc' dir='ltr'>τοῦτο</span> <span class='ocrx_word' id='word_1_365' title='bbox 2605 2064 2823 2135; x_wconf 64' lang='grc' dir='ltr'>μηνύει,</span> <span class='ocrx_word' id='word_1_366' title='bbox 2861 2063 3026 2117; x_wconf 80' lang='grc' dir='ltr'>ἄκουε</span> <span class='ocrx_word' id='word_1_367' title='bbox 3047 2064 3147 2135; x_wconf 83' lang='grc' dir='ltr'>τῆς</span> <span class='ocrx_word' id='word_1_368' title='bbox 3177 2065 3425 2136; x_wconf 79' lang='grc' dir='ltr'>Γραφῆς,</span> <span class='ocrx_word' id='word_1_369' title='bbox 3457 2064 3741 2136; x_wconf 76' lang='grc' dir='ltr'>λεγούσης·</span> 
     </span>
    </p>
   </div>
   <div class='ocr_carea' id='block_1_49' title="bbox 2190 2154 3735 2227">
    <p class='ocr_par' dir='ltr' id='par_1_49' title="bbox 2190 2154 3735 2227">
     <span class='ocr_line' id='line_1_49' title="bbox 2190 2154 3735 2227; baseline -0.002 -19"><span class='ocrx_word' id='word_1_370' title='bbox 2190 2174 2211 2208; x_wconf 79' lang='grc' dir='ltr'><strong>ι</strong></span> <span class='ocrx_word' id='word_1_371' title='bbox 2246 2155 2621 2227; x_wconf 83' lang='grc' dir='ltr'>Μακάριος,ὃς</span> <span class='ocrx_word' id='word_1_372' title='bbox 2643 2155 2702 2208; x_wconf 86' lang='grc' dir='ltr'><strong>ού</strong></span> <span class='ocrx_word' id='word_1_373' title='bbox 2729 2154 3005 2225; x_wconf 84' lang='grc' dir='ltr'>κατενύγη</span> <span class='ocrx_word' id='word_1_374' title='bbox 3022 2157 3078 2208; x_wconf 80' lang='grc' dir='ltr'>ὲν</span> <span class='ocrx_word' id='word_1_375' title='bbox 3096 2155 3239 2226; x_wconf 81' lang='grc' dir='ltr'>λύπῃ</span> <span class='ocrx_word' id='word_1_376' title='bbox 3259 2156 3539 2226; x_wconf 77' lang='grc' dir='ltr'>ἁμαρτίας</span> <span class='ocrx_word' id='word_1_377' title='bbox 3556 2156 3686 2226; x_wconf 73' lang='grc'><strong>(32).</strong></span> <span class='ocrx_word' id='word_1_378' title='bbox 3720 2174 3735 2205; x_wconf 85' lang='grc' dir='ltr'><strong>ι</strong></span> 
     </span>
    </p>
   </div>
   <div class='ocr_carea' id='block_1_50' title="bbox 2185 2246 3741 2320">
    <p class='ocr_par' dir='ltr' id='par_1_50' title="bbox 2185 2246 3741 2320">
     <span class='ocr_line' id='line_1_50' title="bbox 2185 2246 3741 2320; baseline 0 -20"><span class='ocrx_word' id='word_1_379' title='bbox 2185 2248 2295 2300; x_wconf 75' lang='grc' dir='ltr'><strong>Καὶ</strong></span> <span class='ocrx_word' id='word_1_380' title='bbox 2323 2247 2429 2320; x_wconf 80' lang='grc' dir='ltr'><strong>μὴν</strong></span> <span class='ocrx_word' id='word_1_381' title='bbox 2455 2249 2488 2318; x_wconf 81' lang='grc' dir='ltr'>ἡ</span> <span class='ocrx_word' id='word_1_382' title='bbox 2531 2247 2674 2302; x_wconf 69' lang='grc' dir='ltr'>κατὰ</span> <span class='ocrx_word' id='word_1_383' title='bbox 2724 2246 2854 2301; x_wconf 84' lang='grc' dir='ltr'>Θεὸν</span> <span class='ocrx_word' id='word_1_384' title='bbox 2882 2246 3026 2318; x_wconf 89' lang='grc' dir='ltr'>λύπη</span> <span class='ocrx_word' id='word_1_385' title='bbox 3058 2247 3347 2319; x_wconf 83' lang='grc' dir='ltr'>μετάνοιαν</span> <span class='ocrx_word' id='word_1_386' title='bbox 3379 2247 3460 2311; x_wconf 84' lang='grc' dir='ltr'><strong>εἰς</strong></span> <span class='ocrx_word' id='word_1_387' title='bbox 3485 2249 3741 2320; x_wconf 74' lang='grc' dir='ltr'>σωτηρίαν</span> 
     </span>
    </p>
   </div>
   <div class='ocr_carea' id='block_1_51' title="bbox 2185 2334 3742 2411">
    <p class='ocr_par' dir='ltr' id='par_1_51' title="bbox 2185 2334 3742 2411">
     <span class='ocr_line' id='line_1_51' title="bbox 2185 2334 3742 2411; baseline 0.001 -19"><span class='ocrx_word' id='word_1_388' title='bbox 2185 2339 2596 2410; x_wconf 81' lang='grc' dir='ltr'>ἀμεταμέλητον</span> <span class='ocrx_word' id='word_1_389' title='bbox 2620 2339 3037 2410; x_wconf 79' lang='grc' dir='ltr'>κατεργάζεται.</span> <span class='ocrx_word' id='word_1_390' title='bbox 3080 2340 3147 2392; x_wconf 91' lang='grc' dir='ltr'><strong>Τί</strong></span> <span class='ocrx_word' id='word_1_391' title='bbox 3169 2334 3260 2393; x_wconf 80' lang='grc' dir='ltr'><strong>οὖν</strong></span> <span class='ocrx_word' id='word_1_392' title='bbox 3283 2340 3403 2394; x_wconf 76' lang='grc' dir='ltr'>ἐστι</span> <span class='ocrx_word' id='word_1_393' title='bbox 3430 2340 3458 2393; x_wconf 88' lang='grc' dir='ltr'>ὅ</span> <span class='ocrx_word' id='word_1_394' title='bbox 3476 2357 3665 2411; x_wconf 77' lang='grc' dir='ltr'>φησινς</span> <span class='ocrx_word' id='word_1_395' title='bbox 3688 2340 3742 2393; x_wconf 79' lang='lat' dir='ltr'><strong>Ei</strong></span> 
     </span>
    </p>
   </div>
   <div class='ocr_carea' id='block_1_52' title="bbox 2186 2424 3742 2501">
    <p class='ocr_par' dir='ltr' id='par_1_52' title="bbox 2186 2424 3742 2501">
     <span class='ocr_line' id='line_1_52' title="bbox 2186 2424 3742 2501; baseline 0.001 -19"><span class='ocrx_word' id='word_1_396' title='bbox 2186 2429 2288 2500; x_wconf 79' lang='grc' dir='ltr'>μὲν</span> <span class='ocrx_word' id='word_1_397' title='bbox 2331 2424 2423 2482; x_wconf 78' lang='grc' dir='ltr'><strong>οῦν</strong></span> <span class='ocrx_word' id='word_1_398' title='bbox 2453 2430 2726 2499; x_wconf 77' lang='grc' dir='ltr'>εἴποιμεν,</span> <span class='ocrx_word' id='word_1_399' title='bbox 2754 2429 2828 2493; x_wconf 83' lang='grc' dir='ltr'>ὡς</span> <span class='ocrx_word' id='word_1_400' title='bbox 2863 2429 3066 2482; x_wconf 74' lang='grc' dir='ltr'>οἴονταί</span> <span class='ocrx_word' id='word_1_401' title='bbox 3116 2446 3286 2495; x_wconf 88' lang='grc' dir='ltr'>τινες,</span> <span class='ocrx_word' id='word_1_402' title='bbox 3330 2430 3456 2494; x_wconf 80' lang='grc' dir='ltr'>τὸν,</span> <span class='ocrx_word' id='word_1_403' title='bbox 3475 2431 3594 2501; x_wconf 86' lang='grc' dir='ltr'>μηδ’</span> <span class='ocrx_word' id='word_1_404' title='bbox 3621 2432 3742 2493; x_wconf 76' lang='grc' dir='ltr'>ὅλως</span> 
     </span>
    </p>
   </div>
   <div class='ocr_carea' id='block_1_53' title="bbox 2188 2518 3741 2591">
    <p class='ocr_par' dir='ltr' id='par_1_53' title="bbox 2188 2518 3741 2591">
     <span class='ocr_line' id='line_1_53' title="bbox 2188 2518 3741 2591; baseline -0.001 -19"><span class='ocrx_word' id='word_1_405' title='bbox 2188 2519 2585 2591; x_wconf 85' lang='grc' dir='ltr'>ἁμαρτήσαντα</span> <span class='ocrx_word' id='word_1_406' title='bbox 2609 2518 3009 2590; x_wconf 79' lang='grc' dir='ltr'>μακαρίζεσθαι</span> <span class='ocrx_word' id='word_1_407' title='bbox 3042 2518 3451 2589; x_wconf 83' lang='grc' dir='ltr'>ὲνταῦθα,τάχα</span> <span class='ocrx_word' id='word_1_408' title='bbox 3478 2519 3741 2581; x_wconf 77' lang='grc' dir='ltr'>ούδεὶςτοδ</span> 
     </span>
    </p>
   </div>
   <div class='ocr_carea' id='block_1_54' title="bbox 2190 2610 3742 2683">
    <p class='ocr_par' dir='ltr' id='par_1_54' title="bbox 2190 2610 3742 2683">
     <span class='ocr_line' id='line_1_54' title="bbox 2190 2610 3742 2683; baseline 0.001 -19"><span class='ocrx_word' id='word_1_409' title='bbox 2190 2612 2547 2683; x_wconf 83' lang='grc' dir='ltr'>μακαρισμοῦ</span> <span class='ocrx_word' id='word_1_410' title='bbox 2571 2611 2760 2666; x_wconf 88' lang='grc' dir='ltr'>τούτου</span> <span class='ocrx_word' id='word_1_411' title='bbox 2776 2610 3129 2666; x_wconf 85' lang='grc' dir='ltr'>ἀπολαύσειε.</span> <span class='ocrx_word' id='word_1_412' title='bbox 3144 2612 3352 2674; x_wconf 81' lang='grc' dir='ltr'>Πάντες</span> <span class='ocrx_word' id='word_1_413' title='bbox 3372 2612 3484 2682; x_wconf 85' lang='grc' dir='ltr'><strong>γὰρ</strong></span> <span class='ocrx_word' id='word_1_414' title='bbox 3508 2613 3562 2664; x_wconf 85' lang='grc' dir='ltr'>ὲν</span> <span class='ocrx_word' id='word_1_415' title='bbox 3584 2613 3742 2665; x_wconf 77' lang='grc' dir='ltr'>ἐπιτι-</span> 
     </span>
    </p>
   </div>
   <div class='ocr_carea' id='block_1_55' title="bbox 2189 2702 3741 2775">
    <p class='ocr_par' dir='ltr' id='par_1_55' title="bbox 2189 2702 3741 2775">
     <span class='ocr_line' id='line_1_55' title="bbox 2189 2702 3741 2775; baseline -0.001 -19"><span class='ocrx_word' id='word_1_416' title='bbox 2189 2703 2333 2773; x_wconf 88' lang='grc' dir='ltr'>μίοις</span> <span class='ocrx_word' id='word_1_417' title='bbox 2373 2703 2560 2774; x_wconf 77' lang='grc' dir='ltr'>ἐσμέν.</span> <span class='ocrx_word' id='word_1_418' title='bbox 2602 2704 2700 2767; x_wconf 89' lang='grc' dir='ltr'>Τίς</span> <span class='ocrx_word' id='word_1_419' title='bbox 2738 2703 2844 2775; x_wconf 87' lang='grc' dir='ltr'><strong>γὰρ</strong></span> <span class='ocrx_word' id='word_1_420' title='bbox 2874 2702 3230 2773; x_wconf 84' lang='grc' dir='ltr'>καυχήσεται,</span> <span class='ocrx_word' id='word_1_421' title='bbox 3279 2704 3453 2773; x_wconf 82' lang='grc' dir='ltr'>ἁγνὴν</span> <span class='ocrx_word' id='word_1_422' title='bbox 3482 2703 3622 2773; x_wconf 78' lang='grc' dir='ltr'>ἔχειν</span> <span class='ocrx_word' id='word_1_423' title='bbox 3656 2702 3741 2772; x_wconf 75' lang='grc' dir='ltr'><strong>τήν</strong></span> 
     </span>
    </p>
   </div>
   <div class='ocr_carea' id='block_1_56' title="bbox 2184 2791 3741 2866">
    <p class='ocr_par' dir='ltr' id='par_1_56' title="bbox 2184 2791 3741 2866">
     <span class='ocr_line' id='line_1_56' title="bbox 2184 2791 3741 2866; baseline 0.001 -18"><span class='ocrx_word' id='word_1_424' title='bbox 2184 2793 2446 2864; x_wconf 84' lang='grc' dir='ltr'>καρδίαν;</span> <span class='ocrx_word' id='word_1_425' title='bbox 2482 2794 2515 2866; x_wconf 76' lang='grc' dir='ltr'><strong>ἢ</strong></span> <span class='ocrx_word' id='word_1_426' title='bbox 2556 2795 2640 2858; x_wconf 83' lang='grc' dir='ltr'><strong>τίς</strong></span> <span class='ocrx_word' id='word_1_427' title='bbox 2678 2795 3117 2866; x_wconf 81' lang='grc' dir='ltr'>παρῤησιάσεται</span> <span class='ocrx_word' id='word_1_428' title='bbox 3168 2794 3412 2865; x_wconf 82' lang='grc' dir='ltr'>καθαρὸς</span> <span class='ocrx_word' id='word_1_429' title='bbox 3452 2791 3587 2849; x_wconf 79' lang='grc' dir='ltr'>εἶναι</span> <span class='ocrx_word' id='word_1_430' title='bbox 3650 2794 3741 2849; x_wconf 68' lang='grc' dir='ltr'><strong>ἀπὸ</strong></span> 
     </span>
    </p>
   </div>
   <div class='ocr_carea' id='block_1_57' title="bbox 2184 2882 3739 2956">
    <p class='ocr_par' dir='ltr' id='par_1_57' title="bbox 2184 2882 3739 2956">
     <span class='ocr_line' id='line_1_57' title="bbox 2184 2882 3739 2956; baseline -0.001 -20"><span class='ocrx_word' id='word_1_431' title='bbox 2184 2882 2504 2953; x_wconf 85' lang='grc' dir='ltr'>ἁμαρτίας;</span> <span class='ocrx_word' id='word_1_432' title='bbox 2548 2884 2615 2937; x_wconf 77' lang='lat' dir='ltr'><strong>Et</strong></span> <span class='ocrx_word' id='word_1_433' title='bbox 2669 2883 2725 2936; x_wconf 84' lang='grc' dir='ltr'>δὲ</span> <span class='ocrx_word' id='word_1_434' title='bbox 2779 2884 3043 2954; x_wconf 78' lang='grc' dir='ltr'>φαίημεν,</span> <span class='ocrx_word' id='word_1_435' title='bbox 3098 2883 3179 2938; x_wconf 83' lang='grc' dir='ltr'>ὅτι</span> <span class='ocrx_word' id='word_1_436' title='bbox 3222 2883 3516 2956; x_wconf 75' lang='grc' dir='ltr'>μακαρίζει</span> <span class='ocrx_word' id='word_1_437' title='bbox 3559 2884 3621 2936; x_wconf 77' lang='grc' dir='ltr'><strong>οὐ</strong></span> <span class='ocrx_word' id='word_1_438' title='bbox 3662 2883 3739 2935; x_wconf 79' lang='grc' dir='ltr'>τὸν</span> 
     </span>
    </p>
   </div>
   <div class='ocr_carea' id='block_1_58' title="bbox 2189 2969 3738 3043">
    <p class='ocr_par' dir='ltr' id='par_1_58' title="bbox 2189 2969 3738 3043">
     <span class='ocr_line' id='line_1_58' title="bbox 2189 2969 3738 3043; baseline -0.001 -18"><span class='ocrx_word' id='word_1_439' title='bbox 2189 2971 2264 3042; x_wconf 82' lang='grc' dir='ltr'>μὴ</span> <span class='ocrx_word' id='word_1_440' title='bbox 2307 2972 2420 3043; x_wconf 89' lang='lat'><strong>(55)</strong></span> <span class='ocrx_word' id='word_1_441' title='bbox 2442 2969 2773 3043; x_wconf 80' lang='grc' dir='ltr'>λυπηθέντα,</span> <span class='ocrx_word' id='word_1_442' title='bbox 2810 2971 2947 3026; x_wconf 77' lang='grc' dir='ltr'>ἀλλὰ</span> <span class='ocrx_word' id='word_1_443' title='bbox 2968 2973 3060 3025; x_wconf 81' lang='grc' dir='ltr'><strong>τὸν</strong></span> <span class='ocrx_word' id='word_1_444' title='bbox 3084 2974 3158 3043; x_wconf 78' lang='grc' dir='ltr'>μὴ</span> <span class='ocrx_word' id='word_1_445' title='bbox 3186 2972 3612 3041; x_wconf 81' lang='grc' dir='ltr'>καταπληγέντα</span> <span class='ocrx_word' id='word_1_446' title='bbox 3641 2970 3738 3041; x_wconf 65' lang='grc'><strong>(51)</strong></span> 
     </span>
    </p>
   </div>
   <div class='ocr_carea' id='block_1_59' title="bbox 2187 3062 3738 3134">
    <p class='ocr_par' dir='ltr' id='par_1_59' title="bbox 2187 3062 3738 3134">
     <span class='ocr_line' id='line_1_59' title="bbox 2187 3062 3738 3134; baseline -0.001 -17"><span class='ocrx_word' id='word_1_447' title='bbox 2187 3063 2293 3117; x_wconf 83' lang='grc' dir='ltr'><strong>ὑπὸ</strong></span> <span class='ocrx_word' id='word_1_448' title='bbox 2316 3063 2416 3134; x_wconf 84' lang='grc' dir='ltr'>τῆς</span> <span class='ocrx_word' id='word_1_449' title='bbox 2448 3062 2648 3133; x_wconf 85' lang='grc' dir='ltr'>λύπης,</span> <span class='ocrx_word' id='word_1_450' title='bbox 2683 3062 2780 3116; x_wconf 79' lang='grc' dir='ltr'><strong>καὶ</strong></span> <span class='ocrx_word' id='word_1_451' title='bbox 2811 3062 3195 3133; x_wconf 84' lang='grc' dir='ltr'>προδεδωκότα</span> <span class='ocrx_word' id='word_1_452' title='bbox 3224 3062 3322 3133; x_wconf 84' lang='grc' dir='ltr'>τὴν</span> <span class='ocrx_word' id='word_1_453' title='bbox 3354 3063 3559 3117; x_wconf 83' lang='grc' dir='ltr'>οἰκείαν</span> <span class='ocrx_word' id='word_1_454' title='bbox 3580 3079 3738 3131; x_wconf 80' lang='grc' dir='ltr'>σωτη-</span> 
     </span>
    </p>
   </div>
   <div class='ocr_carea' id='block_1_60' title="bbox 518 3150 2086 3251">
    <p class='ocr_par' dir='ltr' id='par_1_60' title="bbox 518 3157 2079 3215">
     <span class='ocr_line' id='line_1_60' title="bbox 518 3157 2079 3215; baseline 0 -2"><span class='ocrx_word' id='word_1_455' title='bbox 518 3168 662 3213; x_wconf 86' lang='lat' dir='ltr'><strong>tasse</strong></span> <span class='ocrx_word' id='word_1_456' title='bbox 688 3172 846 3213; x_wconf 91' lang='lat' dir='ltr'><strong>nemo</strong></span> <span class='ocrx_word' id='word_1_457' title='bbox 874 3158 1325 3213; x_wconf 88' lang='lat' dir='ltr'><strong>hacbeatitudine</strong></span> <span class='ocrx_word' id='word_1_458' title='bbox 1384 3157 1614 3213; x_wconf 79' lang='lat' dir='ltr'><strong>fruetur.</strong></span> <span class='ocrx_word' id='word_1_459' title='bbox 1672 3158 1875 3215; x_wconf 84' lang='lat' dir='ltr'><strong>Omnes</strong></span> <span class='ocrx_word' id='word_1_460' title='bbox 1933 3161 2079 3213; x_wconf 92' lang='lat' dir='ltr'><strong>enim</strong></span> 
     </span>
    </p>
   </div>
   <div class='ocr_carea' id='block_1_61' title="bbox 2192 3150 3739 3251">
    <p class='ocr_par' dir='ltr' id='par_1_61' title="bbox 2192 3150 3739 3227">
     <span class='ocr_line' id='line_1_61' title="bbox 2192 3150 3739 3227; baseline -0.003 -20"><span class='ocrx_word' id='word_1_461' title='bbox 2192 3155 2333 3227; x_wconf 87' lang='grc' dir='ltr'>ρίαν,</span> <span class='ocrx_word' id='word_1_462' title='bbox 2357 3150 2466 3207; x_wconf 72' lang='grc' dir='ltr'>οἷον</span> <span class='ocrx_word' id='word_1_463' title='bbox 2489 3154 2689 3209; x_wconf 77' lang='grc' dir='ltr'>ἔπαθεν</span> <span class='ocrx_word' id='word_1_464' title='bbox 2723 3154 2959 3221; x_wconf 81' lang='grc' dir='ltr'>Ἰούδας,</span> <span class='ocrx_word' id='word_1_465' title='bbox 2992 3154 3202 3225; x_wconf 82' lang='grc' dir='ltr'><strong>ἀγχόνῃ</strong></span> <span class='ocrx_word' id='word_1_466' title='bbox 3234 3154 3428 3207; x_wconf 77' lang='grc' dir='ltr'>ἑαυτὸν</span> <span class='ocrx_word' id='word_1_467' title='bbox 3460 3152 3739 3223; x_wconf 72' lang='grc' dir='ltr'>ἀνελὼνμ</span> 
     </span>
    </p>
   </div>
   <div class='ocr_carea' id='block_1_62' title="bbox 514 3245 2086 3322">
    <p class='ocr_par' dir='ltr' id='par_1_62' title="bbox 514 3248 2085 3322">
     <span class='ocr_line' id='line_1_62' title="bbox 514 3248 2085 3322; baseline 0 -15"><span class='ocrx_word' id='word_1_468' title='bbox 514 3252 691 3322; x_wconf 66' lang='lat' dir='ltr'><strong>penis</strong></span> <span class='ocrx_word' id='word_1_469' title='bbox 745 3250 962 3305; x_wconf 78' lang='lat' dir='ltr'><strong>obnoxii</strong></span> <span class='ocrx_word' id='word_1_470' title='bbox 1013 3265 1219 3305; x_wconf 90' lang='lat' dir='ltr'><strong>sumus.</strong></span> <span class='ocrx_word' id='word_1_471' title='bbox 1275 3248 1407 3303; x_wconf 84' lang='lat' dir='ltr'><strong>Nam</strong></span> <span class='ocrx_word' id='word_1_472' title='bbox 1460 3250 1583 3318; x_wconf 92' lang='lat' dir='ltr'><strong>quis</strong></span> <span class='ocrx_word' id='word_1_473' title='bbox 1634 3250 1972 3320; x_wconf 86' lang='lat' dir='ltr'><strong>gloriabitur,</strong></span> <span class='ocrx_word' id='word_1_474' title='bbox 2026 3266 2085 3307; x_wconf 83' lang='lat' dir='ltr'><strong>se</strong></span> 
     </span>
    </p>
   </div>
   <div class='ocr_carea' id='block_1_63' title="bbox 2192 3245 3739 3322">
    <p class='ocr_par' dir='ltr' id='par_1_63' title="bbox 2192 3245 3739 3317">
     <span class='ocr_line' id='line_1_63' title="bbox 2192 3245 3739 3317; baseline -0.001 -19"><span class='ocrx_word' id='word_1_475' title='bbox 2192 3248 2286 3299; x_wconf 73' lang='grc' dir='ltr'><strong>καὶ</strong></span> <span class='ocrx_word' id='word_1_476' title='bbox 2318 3245 2506 3309; x_wconf 86' lang='grc' dir='ltr'>δεδιὼς</span> <span class='ocrx_word' id='word_1_477' title='bbox 2527 3248 2555 3300; x_wconf 86' lang='grc' dir='ltr'><strong>ὁ</strong></span> <span class='ocrx_word' id='word_1_478' title='bbox 2595 3246 2883 3310; x_wconf 84' lang='grc' dir='ltr'>θεσπέσιος</span> <span class='ocrx_word' id='word_1_479' title='bbox 2914 3246 3125 3309; x_wconf 81' lang='grc' dir='ltr'>Παῦλος</span> <span class='ocrx_word' id='word_1_480' title='bbox 3166 3246 3241 3317; x_wconf 84' lang='grc' dir='ltr'>μὴ</span> <span class='ocrx_word' id='word_1_481' title='bbox 3286 3247 3383 3299; x_wconf 75' lang='grc' dir='ltr'>καὶ</span> <span class='ocrx_word' id='word_1_482' title='bbox 3413 3248 3441 3299; x_wconf 84' lang='grc' dir='ltr'><em>ὁ</em></span> <span class='ocrx_word' id='word_1_483' title='bbox 3467 3262 3739 3316; x_wconf 83' lang='grc' dir='ltr'>πεπορνευ-</span> 
     </span>
    </p>
   </div>
   <div class='ocr_carea' id='block_1_64' title="bbox 517 3340 2085 3412">
    <p class='ocr_par' dir='ltr' id='par_1_64' title="bbox 517 3340 2085 3412">
     <span class='ocr_line' id='line_1_64' title="bbox 517 3340 2085 3412; baseline 0.002 -17"><span class='ocrx_word' id='word_1_484' title='bbox 517 3357 711 3412; x_wconf 83' lang='lat' dir='ltr'><strong>purum</strong></span> <span class='ocrx_word' id='word_1_485' title='bbox 748 3357 843 3396; x_wconf 91' lang='lat' dir='ltr'><strong>cor</strong></span> <span class='ocrx_word' id='word_1_486' title='bbox 876 3342 1117 3396; x_wconf 87' lang='lat' dir='ltr'><strong>habere?</strong></span> <span class='ocrx_word' id='word_1_487' title='bbox 1155 3340 1261 3394; x_wconf 83' lang='lat' dir='ltr'><strong>Aut</strong></span> <span class='ocrx_word' id='word_1_488' title='bbox 1285 3340 1410 3410; x_wconf 88' lang='lat' dir='ltr'><strong>quis</strong></span> <span class='ocrx_word' id='word_1_489' title='bbox 1451 3340 1620 3396; x_wconf 88' lang='lat' dir='ltr'><strong>libere</strong></span> <span class='ocrx_word' id='word_1_490' title='bbox 1663 3341 1939 3411; x_wconf 89' lang='lat' dir='ltr'><strong>loquetur,</strong></span> <span class='ocrx_word' id='word_1_491' title='bbox 1966 3356 2028 3398; x_wconf 87' lang='lat' dir='ltr'><strong>se</strong></span> <span class='ocrx_word' id='word_1_492' title='bbox 2056 3359 2085 3397; x_wconf 90' lang='lat' dir='ltr'><strong>a</strong></span> 
     </span>
    </p>
   </div>
   <div class='ocr_carea' id='block_1_65' title="bbox 515 3431 2087 3503">
    <p class='ocr_par' dir='ltr' id='par_1_65' title="bbox 515 3431 2087 3503">
     <span class='ocr_line' id='line_1_65' title="bbox 515 3431 2087 3503; baseline -0.001 -15"><span class='ocrx_word' id='word_1_493' title='bbox 515 3441 737 3503; x_wconf 85' lang='lat' dir='ltr'><strong>peccato</strong></span> <span class='ocrx_word' id='word_1_494' title='bbox 760 3432 1019 3486; x_wconf 92' lang='lat' dir='ltr'><strong>mundum</strong></span> <span class='ocrx_word' id='word_1_495' title='bbox 1043 3431 1194 3486; x_wconf 79' lang='lat' dir='ltr'><strong>esse?</strong></span> <span class='ocrx_word' id='word_1_496' title='bbox 1219 3431 1313 3484; x_wconf 89' lang='lat' dir='ltr'><strong>Sin</strong></span> <span class='ocrx_word' id='word_1_497' title='bbox 1344 3441 1522 3486; x_wconf 90' lang='lat' dir='ltr'><strong>autem</strong></span> <span class='ocrx_word' id='word_1_498' title='bbox 1567 3431 1887 3497; x_wconf 72' lang='lat' dir='ltr'><strong>dixerimus,</strong></span> <span class='ocrx_word' id='word_1_499' title='bbox 1940 3434 2087 3502; x_wconf 92' lang='lat' dir='ltr'><strong>quod</strong></span> 
     </span>
    </p>
   </div>
   <div class='ocr_carea' id='block_1_66' title="bbox 519 3519 2093 3590">
    <p class='ocr_par' dir='ltr' id='par_1_66' title="bbox 519 3519 2093 3590">
     <span class='ocr_line' id='line_1_66' title="bbox 519 3519 2093 3590; baseline 0 -14"><span class='ocrx_word' id='word_1_500' title='bbox 519 3536 626 3576; x_wconf 90' lang='lat' dir='ltr'><strong>non</strong></span> <span class='ocrx_word' id='word_1_501' title='bbox 663 3536 790 3576; x_wconf 88' lang='lat' dir='ltr'><strong>eum</strong></span> <span class='ocrx_word' id='word_1_502' title='bbox 831 3522 920 3589; x_wconf 90' lang='lat' dir='ltr'><strong>qui</strong></span> <span class='ocrx_word' id='word_1_503' title='bbox 955 3535 1059 3574; x_wconf 92' lang='lat' dir='ltr'><strong>non</strong></span> <span class='ocrx_word' id='word_1_504' title='bbox 1083 3521 1154 3575; x_wconf 90' lang='lat' dir='ltr'><strong>sit</strong></span> <span class='ocrx_word' id='word_1_505' title='bbox 1184 3519 1417 3575; x_wconf 70' lang='lat' dir='ltr'><strong>allectus</strong></span> <span class='ocrx_word' id='word_1_506' title='bbox 1452 3520 1669 3574; x_wconf 88' lang='lat' dir='ltr'><strong>tristitia</strong></span> <span class='ocrx_word' id='word_1_507' title='bbox 1708 3519 1923 3575; x_wconf 89' lang='lat' dir='ltr'><strong>beatum</strong></span> <span class='ocrx_word' id='word_1_508' title='bbox 1956 3536 2093 3590; x_wconf 67' lang='lat' dir='ltr'><strong>prte-</strong></span> 
     </span>
    </p>
   </div>
   <div class='ocr_carea' id='block_1_67' title="bbox 518 3611 2084 3681">
    <p class='ocr_par' dir='ltr' id='par_1_67' title="bbox 518 3611 2084 3681">
     <span class='ocr_line' id='line_1_67' title="bbox 518 3611 2084 3681; baseline 0.003 -16"><span class='ocrx_word' id='word_1_509' title='bbox 518 3612 680 3674; x_wconf 78' lang='lat' dir='ltr'><strong>dicet,</strong></span> <span class='ocrx_word' id='word_1_510' title='bbox 705 3611 798 3665; x_wconf 92' lang='lat' dir='ltr'><strong>sed</strong></span> <span class='ocrx_word' id='word_1_511' title='bbox 824 3625 947 3665; x_wconf 91' lang='lat' dir='ltr'><strong>eum</strong></span> <span class='ocrx_word' id='word_1_512' title='bbox 982 3611 1074 3679; x_wconf 92' lang='lat' dir='ltr'><strong>qui</strong></span> <span class='ocrx_word' id='word_1_513' title='bbox 1106 3626 1211 3667; x_wconf 82' lang='lat' dir='ltr'><strong>non</strong></span> <span class='ocrx_word' id='word_1_514' title='bbox 1270 3613 1341 3666; x_wconf 85' lang='lat' dir='ltr'><strong>sit</strong></span> <span class='ocrx_word' id='word_1_515' title='bbox 1398 3611 1451 3666; x_wconf 91' lang='lat' dir='ltr'><strong>in</strong></span> <span class='ocrx_word' id='word_1_516' title='bbox 1505 3621 1780 3681; x_wconf 88' lang='lat' dir='ltr'><strong>stuporem</strong></span> <span class='ocrx_word' id='word_1_517' title='bbox 1847 3613 2009 3670; x_wconf 90' lang='lat' dir='ltr'><strong>datus</strong></span> <span class='ocrx_word' id='word_1_518' title='bbox 2054 3630 2084 3669; x_wconf 86' lang='lat' dir='ltr'><strong>a</strong></span> 
     </span>
    </p>
   </div>
   <div class='ocr_carea' id='block_1_68' title="bbox 518 3703 2083 3775">
    <p class='ocr_par' dir='ltr' id='par_1_68' title="bbox 518 3703 2083 3775">
     <span class='ocr_line' id='line_1_68' title="bbox 518 3703 2083 3775; baseline 0.004 -21"><span class='ocrx_word' id='word_1_519' title='bbox 518 3714 774 3764; x_wconf 71' lang='lat' dir='ltr'><strong>maerore,</strong></span> <span class='ocrx_word' id='word_1_520' title='bbox 808 3716 980 3770; x_wconf 90' lang='lat' dir='ltr'><strong>neque</strong></span> <span class='ocrx_word' id='word_1_521' title='bbox 1015 3717 1168 3757; x_wconf 85' lang='lat' dir='ltr'><strong>suam</strong></span> <span class='ocrx_word' id='word_1_522' title='bbox 1194 3703 1426 3757; x_wconf 87' lang='lat' dir='ltr'><strong>salutem</strong></span> <span class='ocrx_word' id='word_1_523' title='bbox 1452 3704 1753 3772; x_wconf 88' lang='lat' dir='ltr'><strong>prodiderit</strong></span> <span class='ocrx_word' id='word_1_524' title='bbox 1789 3721 1802 3759; x_wconf 91' lang='lat'><strong>:</strong></span> <span class='ocrx_word' id='word_1_525' title='bbox 1861 3705 1914 3760; x_wconf 91' lang='lat' dir='ltr'><strong>id</strong></span> <span class='ocrx_word' id='word_1_526' title='bbox 1939 3706 2083 3775; x_wconf 90' lang='lat' dir='ltr'><strong>quod</strong></span> 
     </span>
    </p>
   </div>
   <div class='ocr_carea' id='block_1_69' title="bbox 520 3788 2082 3864">
    <p class='ocr_par' dir='ltr' id='par_1_69' title="bbox 520 3788 2082 3864">
     <span class='ocr_line' id='line_1_69' title="bbox 520 3788 2082 3864; baseline 0.003 -20"><span class='ocrx_word' id='word_1_527' title='bbox 520 3788 670 3844; x_wconf 73' lang='lat' dir='ltr'><strong>Judm</strong></span> <span class='ocrx_word' id='word_1_528' title='bbox 690 3790 910 3851; x_wconf 81' lang='lat' dir='ltr'><strong>accidit,</strong></span> <span class='ocrx_word' id='word_1_529' title='bbox 932 3791 1023 3860; x_wconf 91' lang='lat' dir='ltr'><strong>qui</strong></span> <span class='ocrx_word' id='word_1_530' title='bbox 1060 3791 1354 3860; x_wconf 83' lang='lat' dir='ltr'><strong>suspendio</strong></span> <span class='ocrx_word' id='word_1_531' title='bbox 1377 3792 1477 3847; x_wconf 90' lang='lat' dir='ltr'><strong>sibi</strong></span> <span class='ocrx_word' id='word_1_532' title='bbox 1504 3792 1669 3846; x_wconf 92' lang='lat' dir='ltr'><strong>vitam</strong></span> <span class='ocrx_word' id='word_1_533' title='bbox 1700 3794 1899 3863; x_wconf 91' lang='lat' dir='ltr'><strong>eripuit</strong></span> <span class='ocrx_word' id='word_1_534' title='bbox 1918 3794 2082 3864; x_wconf 91' lang='lat' dir='ltr'><strong>(quod</strong></span> 
     </span>
    </p>
   </div>
   <div class='ocr_carea' id='block_1_70' title="bbox 521 3879 2087 3954">
    <p class='ocr_par' dir='ltr' id='par_1_70' title="bbox 521 3879 2087 3954">
     <span class='ocr_line' id='line_1_70' title="bbox 521 3879 2087 3954; baseline 0.002 -19"><span class='ocrx_word' id='word_1_535' title='bbox 521 3881 684 3935; x_wconf 91' lang='lat' dir='ltr'><strong>etiam</strong></span> <span class='ocrx_word' id='word_1_536' title='bbox 722 3890 967 3937; x_wconf 84' lang='lat' dir='ltr'><strong>metuens</strong></span> <span class='ocrx_word' id='word_1_537' title='bbox 995 3879 1197 3937; x_wconf 83' lang='lat' dir='ltr'><strong>Paulus</strong></span> <span class='ocrx_word' id='word_1_538' title='bbox 1250 3897 1317 3937; x_wconf 92' lang='lat' dir='ltr'><strong>ne</strong></span> <span class='ocrx_word' id='word_1_539' title='bbox 1372 3883 1645 3938; x_wconf 90' lang='lat' dir='ltr'><strong>accideret</strong></span> <span class='ocrx_word' id='word_1_540' title='bbox 1685 3882 1759 3937; x_wconf 94' lang='lat' dir='ltr'><strong>illi</strong></span> <span class='ocrx_word' id='word_1_541' title='bbox 1815 3884 1905 3953; x_wconf 89' lang='lat' dir='ltr'><strong>qui</strong></span> <span class='ocrx_word' id='word_1_542' title='bbox 1947 3885 2087 3954; x_wconf 90' lang='lat' dir='ltr'><strong>apud</strong></span> 
     </span>
    </p>
   </div>
   <div class='ocr_carea' id='block_1_71' title="bbox 521 3971 2087 4045">
    <p class='ocr_par' dir='ltr' id='par_1_71' title="bbox 521 3971 2087 4045">
     <span class='ocr_line' id='line_1_71' title="bbox 521 3971 2087 4045; baseline 0.003 -20"><span class='ocrx_word' id='word_1_543' title='bbox 521 3971 836 4026; x_wconf 87' lang='lat' dir='ltr'><strong>Corinthios</strong></span> <span class='ocrx_word' id='word_1_544' title='bbox 858 3981 1107 4040; x_wconf 90' lang='lat' dir='ltr'><strong>stuprum</strong></span> <span class='ocrx_word' id='word_1_545' title='bbox 1160 3973 1481 4039; x_wconf 89' lang='lat' dir='ltr'><strong>admiserat,</strong></span> <span class='ocrx_word' id='word_1_546' title='bbox 1516 3974 1869 4043; x_wconf 63' lang='lat' dir='ltr'><strong>praecipiebat</strong></span> <span class='ocrx_word' id='word_1_547' title='bbox 1911 3975 2087 4045; x_wconf 91' lang='lat' dir='ltr'><strong>ipsum</strong></span> 
     </span>
    </p>
   </div>
   <div class='ocr_carea' id='block_1_72' title="bbox 519 4063 2091 4133">
    <p class='ocr_par' dir='ltr' id='par_1_72' title="bbox 519 4063 2091 4133">
     <span class='ocr_line' id='line_1_72' title="bbox 519 4063 2091 4133; baseline 0 -16"><span class='ocrx_word' id='word_1_548' title='bbox 519 4071 641 4117; x_wconf 89' lang='lat' dir='ltr'><strong>acta</strong></span> <span class='ocrx_word' id='word_1_549' title='bbox 662 4063 771 4133; x_wconf 90' lang='lat' dir='ltr'><strong>jam</strong></span> <span class='ocrx_word' id='word_1_550' title='bbox 796 4065 1137 4132; x_wconf 70' lang='lat' dir='ltr'><strong>pmnitentia,</strong></span> <span class='ocrx_word' id='word_1_551' title='bbox 1164 4067 1340 4120; x_wconf 89' lang='lat' dir='ltr'><strong>denuo</strong></span> <span class='ocrx_word' id='word_1_552' title='bbox 1364 4065 1416 4118; x_wconf 95' lang='lat' dir='ltr'><strong>in</strong></span> <span class='ocrx_word' id='word_1_553' title='bbox 1441 4074 1638 4120; x_wconf 64' lang='lat' dir='ltr'><strong>coetum</strong></span> <span class='ocrx_word' id='word_1_554' title='bbox 1671 4063 1909 4118; x_wconf 83' lang='lat' dir='ltr'><strong>ﬁdelium</strong></span> <span class='ocrx_word' id='word_1_555' title='bbox 1949 4064 2091 4118; x_wconf 87' lang='lat' dir='ltr'><strong>reci-</strong></span> 
     </span>
    </p>
   </div>
   <div class='ocr_carea' id='block_1_73' title="bbox 518 4152 2088 4231">
    <p class='ocr_par' dir='ltr' id='par_1_73' title="bbox 518 4152 2088 4231">
     <span class='ocr_line' id='line_1_73' title="bbox 518 4152 2088 4231; baseline 0.001 -24"><span class='ocrx_word' id='word_1_556' title='bbox 518 4156 605 4223; x_wconf 86' lang='lat' dir='ltr'><strong>pi,</strong></span> <span class='ocrx_word' id='word_1_557' title='bbox 636 4167 704 4209; x_wconf 74' lang='lat' dir='ltr'><strong>ne</strong></span> <span class='ocrx_word' id='word_1_558' title='bbox 750 4153 1105 4231; x_wconf 80' lang='lat' dir='ltr'><strong>immoderato</strong></span> <span class='ocrx_word' id='word_1_559' title='bbox 1133 4168 1366 4210; x_wconf 60' lang='grc' dir='ltr'>ποίει-ονε</span> <span class='ocrx_word' id='word_1_560' title='bbox 1396 4153 1517 4209; x_wconf 89' lang='lat' dir='ltr'><strong>talis</strong></span> <span class='ocrx_word' id='word_1_561' title='bbox 1539 4153 1923 4209; x_wconf 88' lang='lat' dir='ltr'><strong>absorberetur</strong></span> <span class='ocrx_word' id='word_1_562' title='bbox 1948 4152 2030 4221; x_wconf 73' lang='grc' dir='ltr'><strong>δ’)</strong></span> <span class='ocrx_word' id='word_1_563' title='bbox 2074 4170 2088 4208; x_wconf 86' lang='grc'>;</span> 
     </span>
    </p>
   </div>
   <div class='ocr_carea' id='block_1_74' title="bbox 517 4243 2091 4315">
    <p class='ocr_par' dir='ltr' id='par_1_74' title="bbox 517 4243 2091 4315">
     <span class='ocr_line' id='line_1_74' title="bbox 517 4243 2091 4315; baseline -0.002 -14"><span class='ocrx_word' id='word_1_564' title='bbox 517 4256 631 4301; x_wconf 89' lang='lat' dir='ltr'><strong>tum</strong></span> <span class='ocrx_word' id='word_1_565' title='bbox 664 4243 913 4300; x_wconf 81' lang='lat' dir='ltr'><strong>fortassis</strong></span> <span class='ocrx_word' id='word_1_566' title='bbox 956 4260 1142 4300; x_wconf 83' lang='lat' dir='ltr'><strong>verum</strong></span> <span class='ocrx_word' id='word_1_567' title='bbox 1174 4259 1393 4300; x_wconf 90' lang='lat' dir='ltr'><strong>sensum</strong></span> <span class='ocrx_word' id='word_1_568' title='bbox 1424 4244 1553 4299; x_wconf 89' lang='lat' dir='ltr'><strong>dicti</strong></span> <span class='ocrx_word' id='word_1_569' title='bbox 1603 4246 1954 4315; x_wconf 87' lang='lat' dir='ltr'><strong>attingemus.</strong></span> <span class='ocrx_word' id='word_1_570' title='bbox 1991 4244 2091 4299; x_wconf 84' lang='lat' dir='ltr'><strong>Mi-</strong></span> 
     </span>
    </p>
   </div>
   <div class='ocr_carea' id='block_1_75' title="bbox 2189 3335 3738 3408">
    <p class='ocr_par' dir='ltr' id='par_1_75' title="bbox 2189 3335 3738 3408">
     <span class='ocr_line' id='line_1_75' title="bbox 2189 3335 3738 3408; baseline -0.003 -16"><span class='ocrx_word' id='word_1_571' title='bbox 2189 3337 2300 3400; x_wconf 87' lang='grc' dir='ltr'><strong>κὼς</strong></span> <span class='ocrx_word' id='word_1_572' title='bbox 2319 3337 2469 3408; x_wconf 75' lang='grc' dir='ltr'>παρὰ</span> <span class='ocrx_word' id='word_1_573' title='bbox 2494 3337 2803 3407; x_wconf 80' lang='grc' dir='ltr'>Κορινθίοις</span> <span class='ocrx_word' id='word_1_574' title='bbox 2825 3336 3009 3400; x_wconf 84' lang='grc' dir='ltr'>πάθοι,</span> <span class='ocrx_word' id='word_1_575' title='bbox 3034 3337 3217 3405; x_wconf 77' lang='grc' dir='ltr'>ἔλεγεν</span> <span class='ocrx_word' id='word_1_576' title='bbox 3242 3352 3258 3367; x_wconf 77' lang='grc' dir='ltr'><strong><em>ο</em></strong></span> <span class='ocrx_word' id='word_1_577' title='bbox 3276 3336 3573 3407; x_wconf 80' lang='grc' dir='ltr'>προσέσθαι</span> <span class='ocrx_word' id='word_1_578' title='bbox 3593 3335 3738 3389; x_wconf 77' lang='grc' dir='ltr'>αὑτὸν</span> 
     </span>
    </p>
   </div>
   <div class='ocr_carea' id='block_1_76' title="bbox 2190 3428 3735 3500">
    <p class='ocr_par' dir='ltr' id='par_1_76' title="bbox 2190 3428 3735 3500">
     <span class='ocr_line' id='line_1_76' title="bbox 2190 3428 3735 3500; baseline -0.002 -17"><span class='ocrx_word' id='word_1_579' title='bbox 2190 3430 2622 3500; x_wconf 86' lang='grc' dir='ltr'>μετανοήσαντα,</span> <span class='ocrx_word' id='word_1_580' title='bbox 2653 3429 2729 3500; x_wconf 87' lang='grc' dir='ltr'><strong>μή</strong></span> <span class='ocrx_word' id='word_1_581' title='bbox 2763 3446 2879 3493; x_wconf 86' lang='grc' dir='ltr'><strong>πως</strong></span> <span class='ocrx_word' id='word_1_582' title='bbox 2905 3432 2970 3499; x_wconf 83' lang='grc' dir='ltr'>τῇ</span> <span class='ocrx_word' id='word_1_583' title='bbox 3004 3430 3371 3499; x_wconf 67' lang='grc' dir='ltr'>περισσοτέρᾳ</span> <span class='ocrx_word' id='word_1_584' title='bbox 3402 3428 3545 3500; x_wconf 76' lang='grc' dir='ltr'>λύπῃ</span> <span class='ocrx_word' id='word_1_585' title='bbox 3584 3445 3735 3481; x_wconf 82' lang='grc' dir='ltr'>καταο</span> 
     </span>
    </p>
   </div>
   <div class='ocr_carea' id='block_1_77' title="bbox 2187 3518 3733 3591">
    <p class='ocr_par' dir='ltr' id='par_1_77' title="bbox 2187 3518 3733 3591">
     <span class='ocr_line' id='line_1_77' title="bbox 2187 3518 3733 3591; baseline -0.002 -17"><span class='ocrx_word' id='word_1_586' title='bbox 2187 3520 2326 3591; x_wconf 85' lang='grc' dir='ltr'>ποθῇ</span> <span class='ocrx_word' id='word_1_587' title='bbox 2372 3522 2401 3573; x_wconf 84' lang='grc' dir='ltr'>ὀ</span> <span class='ocrx_word' id='word_1_588' title='bbox 2435 3520 2712 3590; x_wconf 87' lang='grc' dir='ltr'>τοιοῦτος)</span> <span class='ocrx_word' id='word_1_589' title='bbox 2739 3536 2754 3550; x_wconf 78' lang='grc' dir='ltr'><strong><em>ο</em></strong></span> <span class='ocrx_word' id='word_1_590' title='bbox 2787 3521 2927 3591; x_wconf 85' lang='grc' dir='ltr'>τάχα</span> <span class='ocrx_word' id='word_1_591' title='bbox 2949 3537 3066 3583; x_wconf 83' lang='grc' dir='ltr'><strong>πως</strong></span> <span class='ocrx_word' id='word_1_592' title='bbox 3089 3521 3189 3590; x_wconf 81' lang='grc' dir='ltr'>τῆς</span> <span class='ocrx_word' id='word_1_593' title='bbox 3220 3520 3481 3589; x_wconf 81' lang='grc' dir='ltr'>ἀληθείας</span> <span class='ocrx_word' id='word_1_594' title='bbox 3517 3518 3733 3589; x_wconf 72' lang='grc' dir='ltr'>ἁψόμεθσ</span> 
     </span>
    </p>
   </div>
   <div class='ocr_carea' id='block_1_78' title="bbox 2186 3610 3733 3683">
    <p class='ocr_par' dir='ltr' id='par_1_78' title="bbox 2186 3610 3733 3683">
     <span class='ocr_line' id='line_1_78' title="bbox 2186 3610 3733 3683; baseline -0.001 -18"><span class='ocrx_word' id='word_1_595' title='bbox 2186 3612 2284 3665; x_wconf 89' lang='grc' dir='ltr'><strong>τοῦ</strong></span> <span class='ocrx_word' id='word_1_596' title='bbox 2308 3610 2496 3683; x_wconf 81' lang='grc' dir='ltr'>ῥητοῦ.</span> <span class='ocrx_word' id='word_1_597' title='bbox 2527 3611 2591 3664; x_wconf 81' lang='grc' dir='ltr'><strong>Εἰ</strong></span> <span class='ocrx_word' id='word_1_598' title='bbox 2613 3611 2670 3663; x_wconf 80' lang='grc' dir='ltr'>δὲ</span> <span class='ocrx_word' id='word_1_599' title='bbox 2694 3610 2789 3664; x_wconf 74' lang='grc' dir='ltr'><strong>καὶ</strong></span> <span class='ocrx_word' id='word_1_600' title='bbox 2816 3612 2913 3663; x_wconf 78' lang='grc' dir='ltr'><strong>ἐπὶ</strong></span> <span class='ocrx_word' id='word_1_601' title='bbox 2951 3612 3121 3665; x_wconf 90' lang='grc' dir='ltr'>καλοῦ</span> <span class='ocrx_word' id='word_1_602' title='bbox 3147 3612 3361 3680; x_wconf 86' lang='grc' dir='ltr'>γίνεται</span> <span class='ocrx_word' id='word_1_603' title='bbox 3390 3614 3424 3682; x_wconf 85' lang='grc' dir='ltr'><strong>ή</strong></span> <span class='ocrx_word' id='word_1_604' title='bbox 3452 3610 3733 3673; x_wconf 77' lang='grc' dir='ltr'>κατάνυξις,</span> 
     </span>
    </p>
   </div>
   <div class='ocr_carea' id='block_1_79' title="bbox 2192 3701 3737 3775">
    <p class='ocr_par' dir='ltr' id='par_1_79' title="bbox 2192 3701 3737 3775">
     <span class='ocr_line' id='line_1_79' title="bbox 2192 3701 3737 3775; baseline -0.003 -20"><span class='ocrx_word' id='word_1_605' title='bbox 2192 3702 2519 3773; x_wconf 77' lang='grc' dir='ltr'>θαυμαζέτω</span> <span class='ocrx_word' id='word_1_606' title='bbox 2548 3701 2736 3772; x_wconf 83' lang='grc' dir='ltr'>μηδείς</span> <span class='ocrx_word' id='word_1_607' title='bbox 2755 3716 2771 3732; x_wconf 83' lang='grc'><em>’</em></span> <span class='ocrx_word' id='word_1_608' title='bbox 2796 3703 2961 3755; x_wconf 78' lang='grc' dir='ltr'>κάκεῖ</span> <span class='ocrx_word' id='word_1_609' title='bbox 2981 3702 3092 3773; x_wconf 84' lang='grc' dir='ltr'><strong>γὰρ</strong></span> <span class='ocrx_word' id='word_1_610' title='bbox 3129 3702 3190 3755; x_wconf 85' lang='grc' dir='ltr'><strong>τὸ</strong></span> <span class='ocrx_word' id='word_1_611' title='bbox 3218 3702 3498 3775; x_wconf 83' lang='grc' dir='ltr'>τρωθῆναι</span> <span class='ocrx_word' id='word_1_612' title='bbox 3518 3702 3625 3762; x_wconf 84' lang='grc' dir='ltr'>τοῖς</span> <span class='ocrx_word' id='word_1_613' title='bbox 3654 3716 3737 3751; x_wconf 80' lang='grc' dir='ltr'>κα·</span> 
     </span>
    </p>
   </div>
   <div class='ocr_carea' id='block_1_80' title="bbox 2190 3790 3736 3863">
    <p class='ocr_par' dir='ltr' id='par_1_80' title="bbox 2190 3790 3736 3863">
     <span class='ocr_line' id='line_1_80' title="bbox 2190 3790 3736 3863; baseline -0.002 -20"><span class='ocrx_word' id='word_1_614' title='bbox 2190 3791 2304 3854; x_wconf 88' lang='grc' dir='ltr'>λοῖς</span> <span class='ocrx_word' id='word_1_615' title='bbox 2341 3790 2667 3863; x_wconf 73' lang='grc' dir='ltr'>ἑρμηνεύει·</span> <span class='ocrx_word' id='word_1_616' title='bbox 2711 3792 2787 3855; x_wconf 86' lang='grc' dir='ltr'>ὡς</span> <span class='ocrx_word' id='word_1_617' title='bbox 2836 3791 2931 3844; x_wconf 75' lang='grc' dir='ltr'>καὶ</span> <span class='ocrx_word' id='word_1_618' title='bbox 2971 3793 3004 3863; x_wconf 87' lang='grc' dir='ltr'><strong>ή</strong></span> <span class='ocrx_word' id='word_1_619' title='bbox 3042 3792 3135 3846; x_wconf 81' lang='grc' dir='ltr'><strong>τὸν</strong></span> <span class='ocrx_word' id='word_1_620' title='bbox 3168 3792 3312 3845; x_wconf 86' lang='grc' dir='ltr'>θεῖον</span> <span class='ocrx_word' id='word_1_621' title='bbox 3351 3792 3531 3863; x_wconf 77' lang='grc' dir='ltr'>ἔρωτα</span> <span class='ocrx_word' id='word_1_622' title='bbox 3583 3791 3736 3861; x_wconf 73' lang='grc' dir='ltr'>ἐρῶσα</span> 
     </span>
    </p>
   </div>
   <div class='ocr_carea' id='block_1_81' title="bbox 2188 3878 3735 3951">
    <p class='ocr_par' dir='ltr' id='par_1_81' title="bbox 2188 3878 3735 3951">
     <span class='ocr_line' id='line_1_81' title="bbox 2188 3878 3735 3951; baseline -0.001 -19"><span class='ocrx_word' id='word_1_623' title='bbox 2188 3878 2336 3950; x_wconf 77' lang='grc' dir='ltr'><strong>ψυχὴ</strong></span> <span class='ocrx_word' id='word_1_624' title='bbox 2369 3880 2499 3934; x_wconf 80' lang='grc' dir='ltr'>ὲδόα</span> <span class='ocrx_word' id='word_1_625' title='bbox 2521 3895 2534 3907; x_wconf 90' lang='grc'><strong>·</strong></span> <span class='ocrx_word' id='word_1_626' title='bbox 2570 3898 2589 3931; x_wconf 77' lang='grc' dir='ltr'><strong>ι</strong></span> <span class='ocrx_word' id='word_1_627' title='bbox 2635 3879 2758 3933; x_wconf 73' lang='grc' dir='ltr'>Ὀτι</span> <span class='ocrx_word' id='word_1_628' title='bbox 2808 3880 3124 3951; x_wconf 86' lang='grc' dir='ltr'>τετρωμένη</span> <span class='ocrx_word' id='word_1_629' title='bbox 3161 3881 3383 3951; x_wconf 78' lang='grc' dir='ltr'>ἁγᾲπης</span> <span class='ocrx_word' id='word_1_630' title='bbox 3426 3880 3555 3948; x_wconf 80' lang='grc' dir='ltr'><strong>ἐγώ.</strong></span> <span class='ocrx_word' id='word_1_631' title='bbox 3594 3898 3611 3931; x_wconf 83' lang='grc' dir='ltr'><strong>ι</strong></span> <span class='ocrx_word' id='word_1_632' title='bbox 3636 3878 3735 3947; x_wconf 78' lang='grc' dir='ltr'><strong>Χρὴ</strong></span> 
     </span>
    </p>
   </div>
   <div class='ocr_carea' id='block_1_82' title="bbox 2188 3969 3738 4041">
    <p class='ocr_par' dir='ltr' id='par_1_82' title="bbox 2188 3969 3738 4041">
     <span class='ocr_line' id='line_1_82' title="bbox 2188 3969 3738 4041; baseline 0 -17"><span class='ocrx_word' id='word_1_633' title='bbox 2188 3970 2247 4024; x_wconf 84' lang='grc' dir='ltr'>δὲ</span> <span class='ocrx_word' id='word_1_634' title='bbox 2283 3971 2484 4025; x_wconf 75' lang='grc' dir='ltr'>εἰδέναι</span> <span class='ocrx_word' id='word_1_635' title='bbox 2506 4011 2521 4037; x_wconf 91' lang='grc'><strong>,</strong></span> <span class='ocrx_word' id='word_1_636' title='bbox 2558 3971 2641 4024; x_wconf 84' lang='grc' dir='ltr'><strong>ὅτι</strong></span> <span class='ocrx_word' id='word_1_637' title='bbox 2687 3970 2746 4023; x_wconf 81' lang='grc' dir='ltr'>οὐ</span> <span class='ocrx_word' id='word_1_638' title='bbox 2793 3971 3009 4035; x_wconf 84' lang='grc' dir='ltr'>πάντως</span> <span class='ocrx_word' id='word_1_639' title='bbox 3054 3972 3123 4026; x_wconf 86' lang='grc' dir='ltr'>τὰ</span> <span class='ocrx_word' id='word_1_640' title='bbox 3154 3973 3295 4026; x_wconf 79' lang='grc' dir='ltr'>αὐτὰ</span> <span class='ocrx_word' id='word_1_641' title='bbox 3333 3972 3571 4041; x_wconf 78' lang='grc' dir='ltr'>ὀνόματα</span> <span class='ocrx_word' id='word_1_642' title='bbox 3605 3970 3634 4038; x_wconf 77' lang='grc' dir='ltr'>ἢ</span> <span class='ocrx_word' id='word_1_643' title='bbox 3664 3969 3738 4039; x_wconf 56' lang='lat'><strong>53+,-</strong></span> 
     </span>
    </p>
   </div>
   <div class='ocr_carea' id='block_1_83' title="bbox 2193 4057 3737 4135">
    <p class='ocr_par' dir='ltr' id='par_1_83' title="bbox 2193 4057 3737 4135">
     <span class='ocr_line' id='line_1_83' title="bbox 2193 4057 3737 4135; baseline -0.005 -20"><span class='ocrx_word' id='word_1_644' title='bbox 2193 4080 2341 4133; x_wconf 85' lang='grc' dir='ltr'>ματα</span> <span class='ocrx_word' id='word_1_645' title='bbox 2385 4063 2445 4116; x_wconf 86' lang='grc' dir='ltr'><strong>τὸ</strong></span> <span class='ocrx_word' id='word_1_646' title='bbox 2472 4063 2609 4116; x_wconf 79' lang='grc' dir='ltr'>αὐτὸ</span> <span class='ocrx_word' id='word_1_647' title='bbox 2628 4064 2927 4135; x_wconf 85' lang='grc' dir='ltr'>παρίστησι</span> <span class='ocrx_word' id='word_1_648' title='bbox 2954 4064 3147 4134; x_wconf 84' lang='grc' dir='ltr'>νόημα.</span> <span class='ocrx_word' id='word_1_649' title='bbox 3190 4063 3413 4133; x_wconf 84' lang='grc' dir='ltr'>Ἐπειδὴ</span> <span class='ocrx_word' id='word_1_650' title='bbox 3444 4062 3536 4115; x_wconf 81' lang='grc' dir='ltr'><strong>καὶ</strong></span> <span class='ocrx_word' id='word_1_651' title='bbox 3554 4064 3579 4113; x_wconf 89' lang='grc' dir='ltr'><strong>ὀ</strong></span> <span class='ocrx_word' id='word_1_652' title='bbox 3600 4057 3737 4112; x_wconf 66' lang='grc' dir='ltr'>Διιὸἲδ</span> 
     </span>
    </p>
   </div>
   <div class='ocr_carea' id='block_1_84' title="bbox 2192 4149 3737 4228">
    <p class='ocr_par' dir='ltr' id='par_1_84' title="bbox 2192 4149 3737 4228">
     <span class='ocr_line' id='line_1_84' title="bbox 2192 4149 3737 4228; baseline -0.001 -23"><span class='ocrx_word' id='word_1_653' title='bbox 2192 4153 2376 4221; x_wconf 77' lang='grc' dir='ltr'>ἔλεγεν</span> <span class='ocrx_word' id='word_1_654' title='bbox 2400 4170 2415 4185; x_wconf 75' lang='grc'><strong><em>⁸</em></strong></span> <span class='ocrx_word' id='word_1_655' title='bbox 2445 4174 2463 4205; x_wconf 79' lang='grc' dir='ltr'><strong>ι</strong></span> <span class='ocrx_word' id='word_1_656' title='bbox 2497 4155 2686 4219; x_wconf 88' lang='grc' dir='ltr'>Ὅπως</span> <span class='ocrx_word' id='word_1_657' title='bbox 2718 4156 2783 4210; x_wconf 84' lang='grc' dir='ltr'><strong>ἂν</strong></span> <span class='ocrx_word' id='word_1_658' title='bbox 2810 4155 2957 4228; x_wconf 75' lang='grc' dir='ltr'><strong>ψάλῃ</strong></span> <span class='ocrx_word' id='word_1_659' title='bbox 2986 4172 3068 4208; x_wconf 85' lang='grc' dir='ltr'><strong>σοι</strong></span> <span class='ocrx_word' id='word_1_660' title='bbox 3098 4155 3289 4225; x_wconf 81' lang='grc' dir='ltr'>ἠδὸξα</span> <span class='ocrx_word' id='word_1_661' title='bbox 3327 4172 3451 4225; x_wconf 88' lang='grc' dir='ltr'>μου,</span> <span class='ocrx_word' id='word_1_662' title='bbox 3478 4153 3569 4207; x_wconf 75' lang='grc' dir='ltr'><strong>καὶ</strong></span> <span class='ocrx_word' id='word_1_663' title='bbox 3588 4152 3642 4203; x_wconf 82' lang='grc' dir='ltr'><strong>οὐ</strong></span> <span class='ocrx_word' id='word_1_664' title='bbox 3674 4149 3737 4219; x_wconf 80' lang='grc' dir='ltr'>μὴ</span> 
     </span>
    </p>
   </div>
   <div class='ocr_carea' id='block_1_85' title="bbox 2191 4243 3738 4318">
    <p class='ocr_par' dir='ltr' id='par_1_85' title="bbox 2191 4243 3738 4318">
     <span class='ocr_line' id='line_1_85' title="bbox 2191 4243 3738 4318; baseline -0.003 -20"><span class='ocrx_word' id='word_1_665' title='bbox 2191 4244 2517 4314; x_wconf 86' lang='grc' dir='ltr'>κατανυγῶ,</span> <span class='ocrx_word' id='word_1_666' title='bbox 2548 4246 2688 4318; x_wconf 80' lang='grc' dir='ltr'>ὅπερ</span> <span class='ocrx_word' id='word_1_667' title='bbox 2710 4285 2726 4312; x_wconf 89' lang='grc'><strong>,</strong></span> <span class='ocrx_word' id='word_1_668' title='bbox 2761 4243 2950 4317; x_wconf 76' lang='grc' dir='ltr'>οἶμαι,</span> <span class='ocrx_word' id='word_1_669' title='bbox 2989 4247 3186 4316; x_wconf 87' lang='grc' dir='ltr'>δηλοῦν</span> <span class='ocrx_word' id='word_1_670' title='bbox 3231 4246 3327 4312; x_wconf 79' lang='grc' dir='ltr'><strong>τὸ,</strong></span> <span class='ocrx_word' id='word_1_671' title='bbox 3378 4246 3456 4299; x_wconf 79' lang='grc' dir='ltr'>Οὐ</span> <span class='ocrx_word' id='word_1_672' title='bbox 3498 4245 3569 4316; x_wconf 71' lang='grc' dir='ltr'>μὴ</span> <span class='ocrx_word' id='word_1_673' title='bbox 3595 4258 3738 4297; x_wconf 79' lang='grc' dir='ltr'>κατα-</span> 
     </span>
    </p>
   </div>
   <div class='ocr_carea' id='block_1_86' title="bbox 590 4418 2086 4489">
    <p class='ocr_par' dir='ltr' id='par_1_86' title="bbox 590 4418 2041 4487">
     <span class='ocr_line' id='line_1_86' title="bbox 590 4418 2041 4487; baseline 0.003 -16"><span class='ocrx_word' id='word_1_674' title='bbox 590 4419 632 4451; x_wconf 80' lang='lat'><strong>&quot;</strong></span> <span class='ocrx_word' id='word_1_675' title='bbox 655 4418 807 4473; x_wconf 71' lang='lat' dir='ltr'><strong>liom.</strong></span> <span class='ocrx_word' id='word_1_676' title='bbox 841 4434 881 4483; x_wconf 89' lang='grc' dir='ltr'><strong>ι,</strong></span> <span class='ocrx_word' id='word_1_677' title='bbox 902 4418 992 4475; x_wconf 72' lang='grc' dir='ltr'><strong>Ξ9.</strong></span> <span class='ocrx_word' id='word_1_678' title='bbox 1048 4421 1093 4453; x_wconf 81' lang='grc'><strong>⁷⁹</strong></span> <span class='ocrx_word' id='word_1_679' title='bbox 1124 4419 1281 4476; x_wconf 83' lang='lat' dir='ltr'><strong>Joan.</strong></span> <span class='ocrx_word' id='word_1_680' title='bbox 1321 4436 1430 4487; x_wconf 74' lang='lat' dir='ltr'><strong>nx,</strong></span> <span class='ocrx_word' id='word_1_681' title='bbox 1455 4422 1545 4475; x_wconf 76' lang='grc'><strong>54.</strong></span> <span class='ocrx_word' id='word_1_682' title='bbox 1616 4421 1663 4453; x_wconf 79' lang='grc' dir='ltr'><strong>⁸ο</strong></span> <span class='ocrx_word' id='word_1_683' title='bbox 1688 4421 1846 4479; x_wconf 82' lang='lat' dir='ltr'><strong>Rom.</strong></span> <span class='ocrx_word' id='word_1_684' title='bbox 1884 4438 1956 4487; x_wconf 77' lang='lat' dir='ltr'><strong>xi,</strong></span> <span class='ocrx_word' id='word_1_685' title='bbox 1986 4422 2041 4477; x_wconf 90' lang='lat'><strong>8.</strong></span> 
     </span>
    </p>
   </div>
   <div class='ocr_carea' id='block_1_87' title="bbox 2192 4418 3192 4489">
    <p class='ocr_par' dir='ltr' id='par_1_87' title="bbox 2192 4420 3192 4489">
     <span class='ocr_line' id='line_1_87' title="bbox 2192 4420 3192 4489; baseline 0 -12"><span class='ocrx_word' id='word_1_686' title='bbox 2192 4421 2348 4477; x_wconf 85' lang='lat' dir='ltr'><strong>Eccli.</strong></span> <span class='ocrx_word' id='word_1_687' title='bbox 2391 4437 2505 4489; x_wconf 72' lang='lat' dir='ltr'><strong>xrv,</strong></span> <span class='ocrx_word' id='word_1_688' title='bbox 2538 4424 2590 4477; x_wconf 86' lang='grc'><strong>1.</strong></span> <span class='ocrx_word' id='word_1_689' title='bbox 2664 4423 2711 4457; x_wconf 71' lang='grc' dir='ltr'>ε’</span> <span class='ocrx_word' id='word_1_690' title='bbox 2739 4423 2780 4477; x_wconf 88' lang='grc'><strong>11</strong></span> <span class='ocrx_word' id='word_1_691' title='bbox 2799 4420 2929 4479; x_wconf 89' lang='lat' dir='ltr'><strong>Cor.</strong></span> <span class='ocrx_word' id='word_1_692' title='bbox 2964 4438 3027 4488; x_wconf 90' lang='grc' dir='ltr'><strong>ιι,</strong></span> <span class='ocrx_word' id='word_1_693' title='bbox 3062 4423 3113 4485; x_wconf 89' lang='lat'><strong>7,</strong></span> <span class='ocrx_word' id='word_1_694' title='bbox 3138 4423 3192 4477; x_wconf 90' lang='lat'><strong>8.</strong></span> 
     </span>
    </p>
   </div>
   <div class='ocr_carea' id='block_1_88' title="bbox 1617 4571 2677 4632">
    <p class='ocr_par' dir='ltr' id='par_1_88' title="bbox 1617 4571 2677 4632">
     <span class='ocr_line' id='line_1_88' title="bbox 1617 4571 2677 4632; baseline 0.001 -1"><span class='ocrx_word' id='word_1_695' title='bbox 1617 4573 1853 4631; x_wconf 67' lang='grc' dir='ltr'><strong>ΥΑΒΙᾸΞ</strong></span> <span class='ocrx_word' id='word_1_696' title='bbox 1891 4571 2279 4632; x_wconf 79' lang='lat' dir='ltr'><strong>LECTIONES</strong></span> <span class='ocrx_word' id='word_1_697' title='bbox 2317 4575 2406 4631; x_wconf 88' lang='lat' dir='ltr'><strong>ET</strong></span> <span class='ocrx_word' id='word_1_698' title='bbox 2445 4574 2677 4632; x_wconf 68' lang='lat' dir='ltr'><strong>NOTAE.</strong></span> 
     </span>
    </p>
   </div>
   <div class='ocr_carea' id='block_1_89' title="bbox 517 4747 2092 4873">
    <p class='ocr_par' dir='ltr' id='par_1_89' title="bbox 517 4747 2092 4873">
     <span class='ocr_line' id='line_1_89' title="bbox 517 4747 2092 4873; baseline 0.001 -71"><span class='ocrx_word' id='word_1_699' title='bbox 517 4818 560 4873; x_wconf 75' lang='grc' dir='ltr'>Ρ</span> <span class='ocrx_word' id='word_1_700' title='bbox 590 4750 702 4819; x_wconf 78' lang='grc'><strong>(51)</strong></span> <span class='ocrx_word' id='word_1_701' title='bbox 742 4747 872 4805; x_wconf 84' lang='lat' dir='ltr'><strong>Post</strong></span> <span class='ocrx_word' id='word_1_702' title='bbox 924 4750 1313 4821; x_wconf 75' lang='grc' dir='ltr'>καταπλήξεως</span> <span class='ocrx_word' id='word_1_703' title='bbox 1368 4751 1510 4806; x_wconf 89' lang='lat' dir='ltr'><strong>idem</strong></span> <span class='ocrx_word' id='word_1_704' title='bbox 1568 4751 1691 4807; x_wconf 89' lang='lat' dir='ltr'><strong>cod.</strong></span> <span class='ocrx_word' id='word_1_705' title='bbox 1761 4749 1912 4803; x_wconf 88' lang='lat' dir='ltr'><strong>addit</strong></span> <span class='ocrx_word' id='word_1_706' title='bbox 1954 4749 2092 4803; x_wconf 75' lang='grc' dir='ltr'>ἐστι.</span> 
     </span>
     <span class='ocr_line' id='line_1_90' title="bbox 562 4834 730 4873; baseline -0.012 0"><span class='ocrx_word' id='word_1_707' title='bbox 562 4834 730 4873; x_wconf 77' lang='lat' dir='ltr'><strong>ossm.</strong></span> 
     </span>
    </p>
   </div>
   <div class='ocr_carea' id='block_1_90' title="bbox 562 4834 730 4874">
    <p class='ocr_par' dir='ltr' id='par_1_90' title="bbox 562 4834 730 4874">
     <span class='ocr_line' id='line_1_91' title="bbox 562 4834 730 4874; baseline -0.018 0"><span class='ocrx_word' id='word_1_708' title='bbox 562 4834 730 4874; x_wconf 79' lang='lat' dir='ltr'><strong>OSSIN.</strong></span> 
     </span>
    </p>
   </div>
   <div class='ocr_carea' id='block_1_91' title="bbox 592 4886 2100 4959">
    <p class='ocr_par' dir='ltr' id='par_1_91' title="bbox 592 4886 2100 4959">
     <span class='ocr_line' id='line_1_92' title="bbox 592 4886 2100 4959; baseline 0 -18"><span class='ocrx_word' id='word_1_709' title='bbox 592 4887 703 4959; x_wconf 60' lang='grc' dir='ltr'><strong>(δὲ)</strong></span> <span class='ocrx_word' id='word_1_710' title='bbox 736 4886 1057 4957; x_wconf 82' lang='grc' dir='ltr'>Μακάριος,</span> <span class='ocrx_word' id='word_1_711' title='bbox 1093 4887 1160 4954; x_wconf 84' lang='grc' dir='ltr'>ὃς</span> <span class='ocrx_word' id='word_1_712' title='bbox 1190 4889 1262 4943; x_wconf 86' lang='grc' dir='ltr'>οὐ</span> <span class='ocrx_word' id='word_1_713' title='bbox 1288 4889 1584 4957; x_wconf 62' lang='lat' dir='ltr'><strong>statde</strong></span> <span class='ocrx_word' id='word_1_714' title='bbox 1612 4888 1683 4941; x_wconf 81' lang='grc' dir='ltr'><strong>ἐν</strong></span> <span class='ocrx_word' id='word_1_715' title='bbox 1719 4891 1885 4957; x_wconf 75' lang='grc' dir='ltr'>λύπῃ</span> <span class='ocrx_word' id='word_1_716' title='bbox 1917 4889 2100 4956; x_wconf 79' lang='grc' dir='ltr'>ἀμαρο</span> 
     </span>
    </p>
   </div>
   <div class='ocr_carea' id='block_1_92' title="bbox 518 4956 2102 5026">
    <p class='ocr_par' dir='ltr' id='par_1_92' title="bbox 518 4956 2102 5026">
     <span class='ocr_line' id='line_1_93' title="bbox 518 4956 2102 5026; baseline 0.001 -16"><span class='ocrx_word' id='word_1_717' title='bbox 518 4956 908 5021; x_wconf 69' lang='grc' dir='ltr'>τιας.’δὶι·εειιὶ</span> <span class='ocrx_word' id='word_1_718' title='bbox 939 4968 1021 5011; x_wconf 91' lang='lat' dir='ltr'><strong>est</strong></span> <span class='ocrx_word' id='word_1_719' title='bbox 1050 4960 1313 5011; x_wconf 83' lang='lat' dir='ltr'><strong>sententia</strong></span> <span class='ocrx_word' id='word_1_720' title='bbox 1345 4975 1394 5012; x_wconf 90' lang='lat' dir='ltr'><strong>c.</strong></span> <span class='ocrx_word' id='word_1_721' title='bbox 1421 4956 1533 5019; x_wconf 79' lang='lat' dir='ltr'><strong>xlv,</strong></span> <span class='ocrx_word' id='word_1_722' title='bbox 1566 4974 1617 5010; x_wconf 87' lang='grc' dir='ltr'>ν.</span> <span class='ocrx_word' id='word_1_723' title='bbox 1645 4959 1696 5021; x_wconf 76' lang='grc'><strong>1,</strong></span> <span class='ocrx_word' id='word_1_724' title='bbox 1722 4956 2102 5026; x_wconf 71' lang='lat' dir='ltr'><strong>quamvisb‘a-</strong></span> 
     </span>
    </p>
   </div>
   <div class='ocr_carea' id='block_1_93' title="bbox 520 5025 2101 5081">
    <p class='ocr_par' dir='ltr' id='par_1_93' title="bbox 520 5025 2101 5081">
     <span class='ocr_line' id='line_1_94' title="bbox 520 5025 2101 5081; baseline -0.001 -1"><span class='ocrx_word' id='word_1_725' title='bbox 520 5027 720 5080; x_wconf 87' lang='lat' dir='ltr'><strong>lotnoni</strong></span> <span class='ocrx_word' id='word_1_726' title='bbox 751 5027 818 5080; x_wconf 87' lang='lat' dir='ltr'><strong>ab</strong></span> <span class='ocrx_word' id='word_1_727' title='bbox 835 5026 1235 5081; x_wconf 90' lang='lat' dir='ltr'><strong>aliistribuatur</strong></span> <span class='ocrx_word' id='word_1_728' title='bbox 1257 5044 1269 5079; x_wconf 93' lang='lat'><strong>:</strong></span> <span class='ocrx_word' id='word_1_729' title='bbox 1289 5038 1344 5079; x_wconf 93' lang='lat' dir='ltr'><strong>ut</strong></span> <span class='ocrx_word' id='word_1_730' title='bbox 1362 5030 1600 5081; x_wconf 89' lang='lat' dir='ltr'><strong>incertus</strong></span> <span class='ocrx_word' id='word_1_731' title='bbox 1618 5025 1951 5081; x_wconf 26' lang='lat' dir='ltr'><strong>facit’auctor</strong></span> <span class='ocrx_word' id='word_1_732' title='bbox 1979 5025 2101 5079; x_wconf 80' lang='grc' dir='ltr'><strong>Ἀν-</strong></span> 
     </span>
    </p>
   </div>
   <div class='ocr_carea' id='block_1_94' title="bbox 520 5095 2096 5164">
    <p class='ocr_par' dir='ltr' id='par_1_94' title="bbox 520 5095 2096 5164">
     <span class='ocr_line' id='line_1_95' title="bbox 520 5095 2096 5164; baseline -0.001 -15"><span class='ocrx_word' id='word_1_733' title='bbox 520 5095 867 5164; x_wconf 78' lang='grc' dir='ltr'>τικειμένων</span> <span class='ocrx_word' id='word_1_734' title='bbox 930 5112 968 5149; x_wconf 90' lang='grc' dir='ltr'>ι.</span> <span class='ocrx_word' id='word_1_735' title='bbox 1023 5096 1301 5162; x_wconf 85' lang='lat' dir='ltr'><strong>Quomodo</strong></span> <span class='ocrx_word' id='word_1_736' title='bbox 1353 5097 1603 5152; x_wconf 88' lang='lat' dir='ltr'><strong>Salomon</strong></span> <span class='ocrx_word' id='word_1_737' title='bbox 1660 5097 1825 5161; x_wconf 89' lang='lat' dir='ltr'><strong>dicat,</strong></span> <span class='ocrx_word' id='word_1_738' title='bbox 1879 5095 2096 5164; x_wconf 71' lang='lat' dir='ltr'><strong>Beatus,</strong></span> 
     </span>
    </p>
   </div>
   <div class='ocr_carea' id='block_1_95' title="bbox 518 5162 2094 5232">
    <p class='ocr_par' dir='ltr' id='par_1_95' title="bbox 518 5162 2094 5232">
     <span class='ocr_line' id='line_1_96' title="bbox 518 5162 2094 5232; baseline 0.001 -15"><span class='ocrx_word' id='word_1_739' title='bbox 518 5167 609 5232; x_wconf 83' lang='lat' dir='ltr'><strong>qui</strong></span> <span class='ocrx_word' id='word_1_740' title='bbox 640 5162 741 5219; x_wconf 73' lang='lat' dir='ltr'><strong>non</strong></span> <span class='ocrx_word' id='word_1_741' title='bbox 787 5176 861 5219; x_wconf 74' lang='lat' dir='ltr'><strong>est</strong></span> <span class='ocrx_word' id='word_1_742' title='bbox 896 5176 1233 5232; x_wconf 78' lang='lat' dir='ltr'><strong>compunctus</strong></span> <span class='ocrx_word' id='word_1_743' title='bbox 1294 5167 1512 5219; x_wconf 77' lang='lat' dir='ltr'><strong>tristitia</strong></span> <span class='ocrx_word' id='word_1_744' title='bbox 1548 5166 1745 5232; x_wconf 74' lang='lat' dir='ltr'><strong>delicti,</strong></span> <span class='ocrx_word' id='word_1_745' title='bbox 1781 5181 1903 5219; x_wconf 89' lang='lat' dir='ltr'><strong>cum</strong></span> <span class='ocrx_word' id='word_1_746' title='bbox 1935 5162 2094 5219; x_wconf 80' lang='lat' dir='ltr'><strong>Jaco-</strong></span> 
     </span>
    </p>
   </div>
   <div class='ocr_carea' id='block_1_96' title="bbox 519 5234 2093 5304">
    <p class='ocr_par' dir='ltr' id='par_1_96' title="bbox 519 5234 2093 5304">
     <span class='ocr_line' id='line_1_97' title="bbox 519 5234 2093 5304; baseline -0.001 -15"><span class='ocrx_word' id='word_1_747' title='bbox 519 5236 621 5289; x_wconf 86' lang='lat' dir='ltr'><strong>hus</strong></span> <span class='ocrx_word' id='word_1_748' title='bbox 650 5236 923 5304; x_wconf 66' lang='lat' dir='ltr'><strong>praecipiat</strong></span> <span class='ocrx_word' id='word_1_749' title='bbox 956 5251 970 5287; x_wconf 91' lang='lat'><strong>:</strong></span> <span class='ocrx_word' id='word_1_750' title='bbox 1005 5234 1187 5289; x_wconf 73' lang='lat' dir='ltr'><strong>Miseri</strong></span> <span class='ocrx_word' id='word_1_751' title='bbox 1230 5246 1413 5295; x_wconf 78' lang='lat' dir='ltr'><strong>estote,</strong></span> <span class='ocrx_word' id='word_1_752' title='bbox 1445 5246 1492 5287; x_wconf 84' lang='lat' dir='ltr'><strong>et</strong></span> <span class='ocrx_word' id='word_1_753' title='bbox 1524 5234 1713 5304; x_wconf 79' lang='lat' dir='ltr'><strong>lugete,</strong></span> <span class='ocrx_word' id='word_1_754' title='bbox 1746 5245 1795 5288; x_wconf 81' lang='lat' dir='ltr'><strong>et</strong></span> <span class='ocrx_word' id='word_1_755' title='bbox 1845 5235 2093 5304; x_wconf 72' lang='lat' dir='ltr'><strong>plorata;</strong></span> 
     </span>
    </p>
   </div>
   <div class='ocr_carea' id='block_1_97' title="bbox 520 5303 2089 5374">
    <p class='ocr_par' dir='ltr' id='par_1_97' title="bbox 520 5303 2089 5374">
     <span class='ocr_line' id='line_1_98' title="bbox 520 5303 2089 5374; baseline -0.002 -15"><span class='ocrx_word' id='word_1_756' title='bbox 520 5308 858 5373; x_wconf 86' lang='lat' dir='ltr'><strong>respondet:</strong></span> <span class='ocrx_word' id='word_1_757' title='bbox 900 5303 1120 5358; x_wconf 85' lang='lat' dir='ltr'><strong>Beatum</strong></span> <span class='ocrx_word' id='word_1_758' title='bbox 1172 5306 1356 5374; x_wconf 84' lang='lat' dir='ltr'><strong>utique</strong></span> <span class='ocrx_word' id='word_1_759' title='bbox 1389 5304 1533 5357; x_wconf 81' lang='grc' dir='ltr'>ίΙΙιιιιι</span> <span class='ocrx_word' id='word_1_760' title='bbox 1585 5303 1717 5357; x_wconf 80' lang='lat' dir='ltr'><strong>dicit</strong></span> <span class='ocrx_word' id='word_1_761' title='bbox 1759 5303 1850 5373; x_wconf 90' lang='lat' dir='ltr'><strong>qui</strong></span> <span class='ocrx_word' id='word_1_762' title='bbox 1885 5305 2089 5356; x_wconf 90' lang='lat' dir='ltr'><strong>nullum</strong></span> 
     </span>
    </p>
   </div>
   <div class='ocr_carea' id='block_1_98' title="bbox 520 5374 2098 5443">
    <p class='ocr_par' dir='ltr' id='par_1_98' title="bbox 520 5374 2098 5443">
     <span class='ocr_line' id='line_1_99' title="bbox 520 5374 2098 5443; baseline -0.001 -16"><span class='ocrx_word' id='word_1_763' title='bbox 520 5375 700 5443; x_wconf 87' lang='lat' dir='ltr'><strong>attigit</strong></span> <span class='ocrx_word' id='word_1_764' title='bbox 733 5375 1005 5440; x_wconf 87' lang='lat' dir='ltr'><strong>delictum,</strong></span> <span class='ocrx_word' id='word_1_765' title='bbox 1038 5375 1190 5443; x_wconf 81' lang='lat' dir='ltr'><strong>cujus</strong></span> <span class='ocrx_word' id='word_1_766' title='bbox 1221 5376 1396 5427; x_wconf 88' lang='lat' dir='ltr'><strong>delicti</strong></span> <span class='ocrx_word' id='word_1_767' title='bbox 1450 5374 1659 5427; x_wconf 87' lang='lat' dir='ltr'><strong>tristitia</strong></span> <span class='ocrx_word' id='word_1_768' title='bbox 1710 5388 2098 5442; x_wconf 79' lang='lat' dir='ltr'><strong>compungere-</strong></span> 
     </span>
    </p>
   </div>
   <div class='ocr_carea' id='block_1_99' title="bbox 522 5443 2095 5507">
    <p class='ocr_par' dir='ltr' id='par_1_99' title="bbox 522 5443 2095 5507">
     <span class='ocr_line' id='line_1_100' title="bbox 522 5443 2095 5507; baseline 0 -12"><span class='ocrx_word' id='word_1_769' title='bbox 522 5452 629 5496; x_wconf 91' lang='lat' dir='ltr'><strong>tur.</strong></span> <span class='ocrx_word' id='word_1_770' title='bbox 655 5443 840 5497; x_wconf 84' lang='lat' dir='ltr'><strong>Potest</strong></span> <span class='ocrx_word' id='word_1_771' title='bbox 870 5444 1006 5507; x_wconf 85' lang='lat' dir='ltr'><strong>ﬁeri,</strong></span> <span class='ocrx_word' id='word_1_772' title='bbox 1040 5454 1096 5496; x_wconf 91' lang='lat' dir='ltr'><strong>ut</strong></span> <span class='ocrx_word' id='word_1_773' title='bbox 1130 5445 1368 5497; x_wconf 83' lang='lat' dir='ltr'><strong>nntmulli</strong></span> <span class='ocrx_word' id='word_1_774' title='bbox 1404 5444 1558 5496; x_wconf 86' lang='lat' dir='ltr'><strong>beate</strong></span> <span class='ocrx_word' id='word_1_775' title='bbox 1581 5444 1823 5496; x_wconf 77' lang='lat' dir='ltr'><strong>viventes</strong></span> <span class='ocrx_word' id='word_1_776' title='bbox 1851 5459 1953 5495; x_wconf 88' lang='lat' dir='ltr'><strong>non</strong></span> <span class='ocrx_word' id='word_1_777' title='bbox 1997 5444 2095 5495; x_wconf 90' lang='lat' dir='ltr'><strong>tri-</strong></span> 
     </span>
    </p>
   </div>
   <div class='ocr_carea' id='block_1_100' title="bbox 521 5513 2094 5583">
    <p class='ocr_par' dir='ltr' id='par_1_100' title="bbox 521 5513 2094 5583">
     <span class='ocr_line' id='line_1_101' title="bbox 521 5513 2094 5583; baseline -0.003 -16"><span class='ocrx_word' id='word_1_778' title='bbox 521 5514 667 5567; x_wconf 80' lang='lat' dir='ltr'><strong>stitia</strong></span> <span class='ocrx_word' id='word_1_779' title='bbox 691 5513 1037 5583; x_wconf 84' lang='lat' dir='ltr'><strong>ﬂagitiormn,</strong></span> <span class='ocrx_word' id='word_1_780' title='bbox 1070 5516 1163 5566; x_wconf 91' lang='lat' dir='ltr'><strong>sed</strong></span> <span class='ocrx_word' id='word_1_781' title='bbox 1189 5524 1510 5583; x_wconf 66' lang='lat' dir='ltr'><strong>aeternorum</strong></span> <span class='ocrx_word' id='word_1_782' title='bbox 1541 5513 1807 5566; x_wconf 86' lang='lat' dir='ltr'><strong>desiderio</strong></span> <span class='ocrx_word' id='word_1_783' title='bbox 1829 5526 2060 5583; x_wconf 86' lang='lat' dir='ltr'><strong>compnn</strong></span> <span class='ocrx_word' id='word_1_784' title='bbox 2079 5541 2094 5551; x_wconf 94' lang='lat'><strong><em>-</em></strong></span> 
     </span>
    </p>
   </div>
   <div class='ocr_carea' id='block_1_101' title="bbox 523 5581 2097 5652">
    <p class='ocr_par' dir='ltr' id='par_1_101' title="bbox 523 5581 2097 5652">
     <span class='ocr_line' id='line_1_102' title="bbox 523 5581 2097 5652; baseline -0.002 -16"><span class='ocrx_word' id='word_1_785' title='bbox 523 5592 739 5652; x_wconf 87' lang='lat' dir='ltr'><strong>ganlur.</strong></span> <span class='ocrx_word' id='word_1_786' title='bbox 770 5581 884 5637; x_wconf 83' lang='lat' dir='ltr'><strong>Hoc</strong></span> <span class='ocrx_word' id='word_1_787' title='bbox 916 5594 1097 5637; x_wconf 89' lang='lat' dir='ltr'><strong>autem</strong></span> <span class='ocrx_word' id='word_1_788' title='bbox 1144 5584 1283 5651; x_wconf 88' lang='lat' dir='ltr'><strong>quod</strong></span> <span class='ocrx_word' id='word_1_789' title='bbox 1316 5581 1548 5636; x_wconf 82' lang='lat' dir='ltr'><strong>Jacobns</strong></span> <span class='ocrx_word' id='word_1_790' title='bbox 1576 5583 1860 5650; x_wconf 85' lang='lat' dir='ltr'><strong>lugendum</strong></span> <span class='ocrx_word' id='word_1_791' title='bbox 1898 5591 1951 5634; x_wconf 90' lang='lat' dir='ltr'><strong>et</strong></span> <span class='ocrx_word' id='word_1_792' title='bbox 1982 5581 2097 5648; x_wconf 84' lang='lat' dir='ltr'><strong>plo-</strong></span> 
     </span>
    </p>
   </div>
   <div class='ocr_carea' id='block_1_102' title="bbox 523 5652 2094 5721">
    <p class='ocr_par' dir='ltr' id='par_1_102' title="bbox 523 5652 2094 5721">
     <span class='ocr_line' id='line_1_103' title="bbox 523 5652 2094 5721; baseline -0.002 -16"><span class='ocrx_word' id='word_1_793' title='bbox 523 5654 751 5705; x_wconf 89' lang='lat' dir='ltr'><strong>randmn</strong></span> <span class='ocrx_word' id='word_1_794' title='bbox 802 5656 1077 5721; x_wconf 67' lang='lat' dir='ltr'><strong>praecepit.</strong></span> <span class='ocrx_word' id='word_1_795' title='bbox 1132 5654 1183 5705; x_wconf 91' lang='lat' dir='ltr'><strong>in</strong></span> <span class='ocrx_word' id='word_1_796' title='bbox 1231 5662 1516 5721; x_wconf 85' lang='lat' dir='ltr'><strong>utrumque</strong></span> <span class='ocrx_word' id='word_1_797' title='bbox 1560 5652 1735 5721; x_wconf 85' lang='lat' dir='ltr'><strong>accipi</strong></span> <span class='ocrx_word' id='word_1_798' title='bbox 1770 5660 1971 5721; x_wconf 80' lang='lat' dir='ltr'><strong>poteSI,</strong></span> <span class='ocrx_word' id='word_1_799' title='bbox 2002 5666 2094 5704; x_wconf 86' lang='lat' dir='ltr'><strong>seu</strong></span> 
     </span>
    </p>
   </div>
   <div class='ocr_carea' id='block_1_103' title="bbox 525 5720 2096 5789">
    <p class='ocr_par' dir='ltr' id='par_1_103' title="bbox 525 5720 2096 5789">
     <span class='ocr_line' id='line_1_104' title="bbox 525 5720 2096 5789; baseline 0.001 -15"><span class='ocrx_word' id='word_1_800' title='bbox 525 5722 579 5774; x_wconf 87' lang='lat' dir='ltr'><strong>in</strong></span> <span class='ocrx_word' id='word_1_801' title='bbox 623 5720 706 5775; x_wconf 87' lang='lat' dir='ltr'><strong>bis</strong></span> <span class='ocrx_word' id='word_1_802' title='bbox 734 5723 824 5789; x_wconf 91' lang='lat' dir='ltr'><strong>qui</strong></span> <span class='ocrx_word' id='word_1_803' title='bbox 859 5720 995 5775; x_wconf 84' lang='lat' dir='ltr'><strong>mala</strong></span> <span class='ocrx_word' id='word_1_804' title='bbox 1036 5737 1131 5776; x_wconf 89' lang='lat' dir='ltr'><strong>sua</strong></span> <span class='ocrx_word' id='word_1_805' title='bbox 1164 5720 1466 5789; x_wconf 72' lang='lat' dir='ltr'><strong>deplorant,</strong></span> <span class='ocrx_word' id='word_1_806' title='bbox 1509 5736 1603 5775; x_wconf 85' lang='lat' dir='ltr'><strong>seu</strong></span> <span class='ocrx_word' id='word_1_807' title='bbox 1643 5720 1693 5773; x_wconf 93' lang='lat' dir='ltr'><strong>in</strong></span> <span class='ocrx_word' id='word_1_808' title='bbox 1727 5720 1852 5777; x_wconf 86' lang='lat' dir='ltr'><strong>illis.</strong></span> <span class='ocrx_word' id='word_1_809' title='bbox 1885 5720 1974 5785; x_wconf 92' lang='lat' dir='ltr'><strong>qui</strong></span> <span class='ocrx_word' id='word_1_810' title='bbox 2005 5735 2096 5776; x_wconf 85' lang='lat' dir='ltr'><strong>so-</strong></span> 
     </span>
    </p>
   </div>
   <div class='ocr_carea' id='block_1_104' title="bbox 524 5788 1949 5860">
    <p class='ocr_par' dir='ltr' id='par_1_104' title="bbox 524 5788 1949 5860">
     <span class='ocr_line' id='line_1_105' title="bbox 524 5788 1949 5860; baseline -0.001 -17"><span class='ocrx_word' id='word_1_811' title='bbox 524 5789 637 5844; x_wconf 72' lang='lat' dir='ltr'><strong>lum</strong></span> <span class='ocrx_word' id='word_1_812' title='bbox 670 5793 735 5845; x_wconf 86' lang='lat' dir='ltr'><strong>de</strong></span> <span class='ocrx_word' id='word_1_813' title='bbox 753 5788 1005 5847; x_wconf 59' lang='lat' dir='ltr'><strong>catastis</strong></span> <span class='ocrx_word' id='word_1_814' title='bbox 1028 5791 1213 5860; x_wconf 78' lang='lat' dir='ltr'><strong>patria:</strong></span> <span class='ocrx_word' id='word_1_815' title='bbox 1236 5788 1424 5848; x_wconf 72' lang='lat' dir='ltr'><strong>mm</strong></span> <span class='ocrx_word' id='word_1_816' title='bbox 1464 5790 1754 5858; x_wconf 86' lang='lat' dir='ltr'><strong>suspirant.</strong></span> <span class='ocrx_word' id='word_1_817' title='bbox 1789 5788 1949 5842; x_wconf 72' lang='lat' dir='ltr'><strong>ltrr&#39;r.</strong></span> 
     </span>
    </p>
   </div>
   <div class='ocr_carea' id='block_1_105' title="bbox 2264 4747 3736 4822">
    <p class='ocr_par' dir='ltr' id='par_1_105' title="bbox 2264 4747 3736 4822">
     <span class='ocr_line' id='line_1_106' title="bbox 2264 4747 3736 4822; baseline 0 -19"><span class='ocrx_word' id='word_1_818' title='bbox 2264 4748 2382 4822; x_wconf 13' lang='lat'><strong>(5,5),</strong></span> <span class='ocrx_word' id='word_1_819' title='bbox 2409 4747 2524 4822; x_wconf 54' lang='lat' dir='ltr'><strong>Vp;</strong></span> <span class='ocrx_word' id='word_1_820' title='bbox 2568 4749 2667 4822; x_wconf 46' lang='lat' dir='ltr'><strong>ph</strong></span> <span class='ocrx_word' id='word_1_821' title='bbox 2691 4750 2936 4822; x_wconf 86' lang='lat' dir='ltr'><strong>additnr_</strong></span> <span class='ocrx_word' id='word_1_822' title='bbox 2952 4764 3017 4805; x_wconf 83' lang='lat' dir='ltr'><strong>ex</strong></span> <span class='ocrx_word' id='word_1_823' title='bbox 3062 4750 3181 4805; x_wconf 88' lang='lat' dir='ltr'><strong>cod.</strong></span> <span class='ocrx_word' id='word_1_824' title='bbox 3216 4747 3368 4818; x_wconf 78' lang='lat' dir='ltr'><strong>Vat.,</strong></span> <span class='ocrx_word' id='word_1_825' title='bbox 3400 4766 3554 4822; x_wconf 89' lang='lat' dir='ltr'><strong>quam</strong></span> <span class='ocrx_word' id='word_1_826' title='bbox 3594 4750 3736 4804; x_wconf 77' lang='lat' dir='ltr'><strong>etiam</strong></span> 
     </span>
    </p>
   </div>
   <div class='ocr_carea' id='block_1_106' title="bbox 2195 4817 3059 4885">
    <p class='ocr_par' dir='ltr' id='par_1_106' title="bbox 2195 4817 3059 4885">
     <span class='ocr_line' id='line_1_107' title="bbox 2195 4817 3059 4885; baseline -0.001 -10"><span class='ocrx_word' id='word_1_827' title='bbox 2195 4817 2412 4885; x_wconf 85' lang='lat' dir='ltr'><strong>conjicit</strong></span> <span class='ocrx_word' id='word_1_828' title='bbox 2444 4817 2860 4873; x_wconf 80' lang='lat' dir='ltr'><strong>Rittershusins.</strong></span> <span class='ocrx_word' id='word_1_829' title='bbox 2901 4819 3059 4874; x_wconf 83' lang='lat' dir='ltr'><strong>Eot&#39;r.</strong></span> 
     </span>
    </p>
   </div>
   <div class='ocr_carea' id='block_1_107' title="bbox 2265 4888 3738 4957">
    <p class='ocr_par' dir='ltr' id='par_1_107' title="bbox 2265 4888 3738 4957">
     <span class='ocr_line' id='line_1_108' title="bbox 2265 4888 3738 4957; baseline -0.001 -14"><span class='ocrx_word' id='word_1_830' title='bbox 2265 4890 2377 4956; x_wconf 70' lang='lat'><strong>(54)</strong></span> <span class='ocrx_word' id='word_1_831' title='bbox 2413 4891 2496 4942; x_wconf 86' lang='grc' dir='ltr'><strong>Οὐ</strong></span> <span class='ocrx_word' id='word_1_832' title='bbox 2516 4888 2625 4941; x_wconf 83' lang='grc' dir='ltr'><strong>τὸν</strong></span> <span class='ocrx_word' id='word_1_833' title='bbox 2651 4888 3017 4956; x_wconf 74' lang='grc' dir='ltr'>λυπηθέντα,</span> <span class='ocrx_word' id='word_1_834' title='bbox 3040 4890 3201 4943; x_wconf 72' lang='grc' dir='ltr'><em>ἀλλὰ</em></span> <span class='ocrx_word' id='word_1_835' title='bbox 3221 4888 3310 4957; x_wconf 79' lang='grc' dir='ltr'>μὴ</span> <span class='ocrx_word' id='word_1_836' title='bbox 3334 4890 3443 4944; x_wconf 79' lang='grc' dir='ltr'><strong>τὸν</strong></span> <span class='ocrx_word' id='word_1_837' title='bbox 3466 4892 3738 4954; x_wconf 72' lang='lat' dir='ltr'><strong>zaman-</strong></span> 
     </span>
    </p>
   </div>
   <div class='ocr_carea' id='block_1_108' title="bbox 2196 4958 3738 5029">
    <p class='ocr_par' dir='ltr' id='par_1_108' title="bbox 2196 4958 3738 5029">
     <span class='ocr_line' id='line_1_109' title="bbox 2196 4958 3738 5029; baseline -0.003 -17"><span class='ocrx_word' id='word_1_838' title='bbox 2196 4959 2392 5029; x_wconf 77' lang='grc' dir='ltr'><strong>γέντα.</strong></span> <span class='ocrx_word' id='word_1_839' title='bbox 2429 4958 2605 5029; x_wconf 32' lang='lat' dir='ltr'><strong>ForteA</strong></span> <span class='ocrx_word' id='word_1_840' title='bbox 2634 4959 2916 5027; x_wconf 81' lang='lat' dir='ltr'><strong>legendum</strong></span> <span class='ocrx_word' id='word_1_841' title='bbox 2956 4959 3019 5011; x_wconf 87' lang='grc' dir='ltr'><strong>ού</strong></span> <span class='ocrx_word' id='word_1_842' title='bbox 3062 4960 3152 5012; x_wconf 87' lang='grc' dir='ltr'><strong>τὸν</strong></span> <span class='ocrx_word' id='word_1_843' title='bbox 3187 4961 3263 5029; x_wconf 81' lang='grc' dir='ltr'>μὴ</span> <span class='ocrx_word' id='word_1_844' title='bbox 3300 4960 3459 5029; x_wconf 88' lang='grc' dir='ltr'>λυπ.,</span> <span class='ocrx_word' id='word_1_845' title='bbox 3498 4960 3621 5013; x_wconf 78' lang='grc' dir='ltr'>ἀλλὰ</span> <span class='ocrx_word' id='word_1_846' title='bbox 3660 4960 3738 5029; x_wconf 53' lang='grc' dir='ltr'><strong>τιν</strong></span> 
     </span>
    </p>
   </div>
   <div class='ocr_carea' id='block_1_109' title="bbox 2202 5026 3737 5098">
    <p class='ocr_par' dir='ltr' id='par_1_109' title="bbox 2202 5026 3737 5098">
     <span class='ocr_line' id='line_1_110' title="bbox 2202 5026 3737 5098; baseline -0.001 -17"><span class='ocrx_word' id='word_1_847' title='bbox 2202 5026 2276 5098; x_wconf 80' lang='grc' dir='ltr'>μὴ</span> <span class='ocrx_word' id='word_1_848' title='bbox 2303 5028 2544 5098; x_wconf 0' lang='grc' dir='ltr'>καταπλ.)</span> <span class='ocrx_word' id='word_1_849' title='bbox 2573 5026 2916 5083; x_wconf 86' lang='lat' dir='ltr'><strong>Observanda</strong></span> <span class='ocrx_word' id='word_1_850' title='bbox 2959 5039 3045 5082; x_wconf 84' lang='lat' dir='ltr'><strong>est</strong></span> <span class='ocrx_word' id='word_1_851' title='bbox 3079 5044 3143 5082; x_wconf 82' lang='lat' dir='ltr'><strong>ex</strong></span> <span class='ocrx_word' id='word_1_852' title='bbox 3188 5026 3298 5083; x_wconf 83' lang='lat' dir='ltr'><strong>hac</strong></span> <span class='ocrx_word' id='word_1_853' title='bbox 3338 5026 3496 5096; x_wconf 79' lang='lat' dir='ltr'><strong>epist.</strong></span> <span class='ocrx_word' id='word_1_854' title='bbox 3534 5026 3737 5093; x_wconf 79' lang='lat' dir='ltr'><strong>insignis</strong></span> 
     </span>
    </p>
   </div>
   <div class='ocr_carea' id='block_1_110' title="bbox 2200 5097 3733 5168">
    <p class='ocr_par' dir='ltr' id='par_1_110' title="bbox 2200 5097 3733 5168">
     <span class='ocr_line' id='line_1_111' title="bbox 2200 5097 3733 5168; baseline -0.002 -16"><span class='ocrx_word' id='word_1_855' title='bbox 2200 5097 2590 5168; x_wconf 79' lang='lat' dir='ltr'><strong>sententia,in</strong></span> <span class='ocrx_word' id='word_1_856' title='bbox 2640 5098 3083 5168; x_wconf 80' lang='lat' dir='ltr'><strong>interpretatione</strong></span> <span class='ocrx_word' id='word_1_857' title='bbox 3130 5113 3299 5152; x_wconf 64' lang='lat' dir='ltr'><strong>sicne</strong></span> <span class='ocrx_word' id='word_1_858' title='bbox 3341 5099 3619 5168; x_wconf 65' lang='lat' dir='ltr'><strong>Scriptura:</strong></span> <span class='ocrx_word' id='word_1_859' title='bbox 3663 5107 3733 5149; x_wconf 84' lang='lat' dir='ltr'><strong>at-</strong></span> 
     </span>
    </p>
   </div>
   <div class='ocr_carea' id='block_1_111' title="bbox 2199 5166 3738 5239">
    <p class='ocr_par' dir='ltr' id='par_1_111' title="bbox 2199 5166 3738 5239">
     <span class='ocr_line' id='line_1_112' title="bbox 2199 5166 3738 5239; baseline 0.002 -19"><span class='ocrx_word' id='word_1_860' title='bbox 2199 5170 2343 5239; x_wconf 83' lang='lat' dir='ltr'><strong>tendi</strong></span> <span class='ocrx_word' id='word_1_861' title='bbox 2367 5182 2398 5239; x_wconf 80' lang='lat' dir='ltr'><strong>a</strong></span> <span class='ocrx_word' id='word_1_862' title='bbox 2443 5167 2595 5239; x_wconf 79' lang='lat' dir='ltr'><strong>nobis</strong></span> <span class='ocrx_word' id='word_1_863' title='bbox 2629 5166 2991 5239; x_wconf 46' lang='lat' dir='ltr'><strong>debereﬁobg</strong></span> <span class='ocrx_word' id='word_1_864' title='bbox 3012 5167 3119 5239; x_wconf 84' lang='grc' dir='ltr'>τῆς</span> <span class='ocrx_word' id='word_1_865' title='bbox 3142 5168 3295 5239; x_wconf 57' lang='grc' dir='ltr'>ἱερᾶς</span> <span class='ocrx_word' id='word_1_866' title='bbox 3325 5166 3538 5239; x_wconf 65' lang='grc' dir='ltr'>Γραςρἧς</span> <span class='ocrx_word' id='word_1_867' title='bbox 3562 5167 3738 5239; x_wconf 54' lang='grc' dir='ltr'>νόμους</span> 
     </span>
    </p>
   </div>
   <div class='ocr_carea' id='block_1_112' title="bbox 2198 5232 3739 5305">
    <p class='ocr_par' dir='ltr' id='par_1_112' title="bbox 2198 5232 3739 5305">
     <span class='ocr_line' id='line_1_113' title="bbox 2198 5232 3739 5305; baseline -0.003 -16"><span class='ocrx_word' id='word_1_868' title='bbox 2198 5237 2296 5305; x_wconf 75' lang='grc' dir='ltr'><strong>καὶ</strong></span> <span class='ocrx_word' id='word_1_869' title='bbox 2347 5236 2413 5288; x_wconf 86' lang='grc' dir='ltr'>τὰ</span> <span class='ocrx_word' id='word_1_870' title='bbox 2472 5236 2754 5305; x_wconf 79' lang='grc' dir='ltr'>ἰδιώματα.</span> <span class='ocrx_word' id='word_1_871' title='bbox 2814 5236 2905 5290; x_wconf 85' lang='lat' dir='ltr'><strong>Sic</strong></span> <span class='ocrx_word' id='word_1_872' title='bbox 2960 5236 3019 5288; x_wconf 91' lang='lat' dir='ltr'><strong>B.</strong></span> <span class='ocrx_word' id='word_1_873' title='bbox 3067 5232 3318 5292; x_wconf 45' lang='lat' dir='ltr'><strong>&#39;llila&#39;rius</strong></span> <span class='ocrx_word' id='word_1_874' title='bbox 3371 5232 3739 5305; x_wconf 49' lang='lat' dir='ltr'><strong>&#39;lilil&#39;vurﬂq</strong></span> 
     </span>
    </p>
   </div>
   <div class='ocr_carea' id='block_1_113' title="bbox 2202 5302 3735 5362">
    <p class='ocr_par' dir='ltr' id='par_1_113' title="bbox 2202 5302 3735 5362">
     <span class='ocr_line' id='line_1_114' title="bbox 2202 5302 3735 5362; baseline -0.003 -4"><span class='ocrx_word' id='word_1_875' title='bbox 2202 5304 2392 5359; x_wconf 83' lang='lat' dir='ltr'><strong>Trinit.</strong></span> <span class='ocrx_word' id='word_1_876' title='bbox 2421 5322 2441 5361; x_wconf 91' lang='lat'><strong><em>:</em></strong></span> <span class='ocrx_word' id='word_1_877' title='bbox 2482 5324 2500 5356; x_wconf 76' lang='grc' dir='ltr'><strong>ι</strong></span> <span class='ocrx_word' id='word_1_878' title='bbox 2538 5302 2651 5359; x_wconf 78' lang='lat' dir='ltr'><strong>Non</strong></span> <span class='ocrx_word' id='word_1_879' title='bbox 2685 5314 2769 5360; x_wconf 92' lang='lat' dir='ltr'><strong>est</strong></span> <span class='ocrx_word' id='word_1_880' title='bbox 2809 5306 3044 5359; x_wconf 90' lang='lat' dir='ltr'><strong>humano</strong></span> <span class='ocrx_word' id='word_1_881' title='bbox 3074 5317 3167 5359; x_wconf 90' lang='lat' dir='ltr'><strong>aut</strong></span> <span class='ocrx_word' id='word_1_882' title='bbox 3197 5308 3380 5361; x_wconf 59' lang='lat' dir='ltr'><strong>saeculi</strong></span> <span class='ocrx_word' id='word_1_883' title='bbox 3409 5322 3553 5362; x_wconf 88' lang='lat' dir='ltr'><strong>sensu</strong></span> <span class='ocrx_word' id='word_1_884' title='bbox 3590 5308 3637 5357; x_wconf 93' lang='lat' dir='ltr'><strong>in</strong></span> <span class='ocrx_word' id='word_1_885' title='bbox 3659 5302 3735 5355; x_wconf 70' lang='lat' dir='ltr'><strong>Dei</strong></span> 
     </span>
    </p>
   </div>
   <div class='ocr_carea' id='block_1_114' title="bbox 2194 5372 3737 5445">
    <p class='ocr_par' dir='ltr' id='par_1_114' title="bbox 2194 5372 3737 5445">
     <span class='ocr_line' id='line_1_115' title="bbox 2194 5372 3737 5445; baseline -0.004 -17"><span class='ocrx_word' id='word_1_886' title='bbox 2194 5376 2356 5429; x_wconf 82' lang='lat' dir='ltr'><strong>rebus</strong></span> <span class='ocrx_word' id='word_1_887' title='bbox 2390 5375 2731 5444; x_wconf 78' lang='lat' dir='ltr'><strong>laquendum,</strong></span> <span class='ocrx_word' id='word_1_888' title='bbox 2785 5389 2957 5445; x_wconf 90' lang='lat' dir='ltr'><strong>neque</strong></span> <span class='ocrx_word' id='word_1_889' title='bbox 2987 5390 3084 5445; x_wconf 87' lang='lat' dir='ltr'><strong>per</strong></span> <span class='ocrx_word' id='word_1_890' title='bbox 3131 5376 3419 5429; x_wconf 85' lang='lat' dir='ltr'><strong>violentam</strong></span> <span class='ocrx_word' id='word_1_891' title='bbox 3461 5386 3607 5442; x_wconf 87' lang='lat' dir='ltr'><strong>atque</strong></span> <span class='ocrx_word' id='word_1_892' title='bbox 3652 5372 3737 5425; x_wconf 80' lang='lat' dir='ltr'><strong>im-</strong></span> 
     </span>
    </p>
   </div>
   <div class='ocr_carea' id='block_1_115' title="bbox 2194 5444 3735 5513">
    <p class='ocr_par' dir='ltr' id='par_1_115' title="bbox 2194 5444 3735 5513">
     <span class='ocr_line' id='line_1_116' title="bbox 2194 5444 3735 5513; baseline -0.001 -18"><span class='ocrx_word' id='word_1_893' title='bbox 2194 5449 2507 5512; x_wconf 88' lang='lat' dir='ltr'><strong>prudentem</strong></span> <span class='ocrx_word' id='word_1_894' title='bbox 2550 5444 2999 5513; x_wconf 87' lang='lat' dir='ltr'><strong>praedicationem</strong></span> <span class='ocrx_word' id='word_1_895' title='bbox 3035 5445 3338 5500; x_wconf 68' lang='lat' dir='ltr'><strong>caelestium</strong></span> <span class='ocrx_word' id='word_1_896' title='bbox 3373 5448 3623 5500; x_wconf 83' lang='lat' dir='ltr'><strong>dictorum</strong></span> <span class='ocrx_word' id='word_1_897' title='bbox 3656 5454 3735 5513; x_wconf 70' lang='lat' dir='ltr'><strong>sa-</strong></span> 
     </span>
    </p>
   </div>
   <div class='ocr_carea' id='block_1_116' title="bbox 2194 5507 3735 5582">
    <p class='ocr_par' dir='ltr' id='par_1_116' title="bbox 2194 5507 3735 5582">
     <span class='ocr_line' id='line_1_117' title="bbox 2194 5507 3735 5582; baseline -0.002 -16"><span class='ocrx_word' id='word_1_898' title='bbox 2194 5507 2347 5567; x_wconf 76' lang='lat' dir='ltr'><strong>iiitati</strong></span> <span class='ocrx_word' id='word_1_899' title='bbox 2383 5507 2573 5568; x_wconf 57' lang='lat' dir='ltr'><strong>aliena}</strong></span> <span class='ocrx_word' id='word_1_900' title='bbox 2602 5523 2762 5582; x_wconf 81' lang='lat' dir='ltr'><strong>atque</strong></span> <span class='ocrx_word' id='word_1_901' title='bbox 2790 5516 2965 5582; x_wconf 65' lang='lat' dir='ltr'><strong>impiae</strong></span> <span class='ocrx_word' id='word_1_902' title='bbox 3006 5513 3375 5581; x_wconf 58' lang='lat' dir='ltr'><strong>intelligentia;</strong></span> <span class='ocrx_word' id='word_1_903' title='bbox 3397 5507 3735 5582; x_wconf 72' lang='lat' dir='ltr'><strong>extorquenda</strong></span> 
     </span>
    </p>
   </div>
   <div class='ocr_carea' id='block_1_117' title="bbox 2194 5578 3733 5654">
    <p class='ocr_par' dir='ltr' id='par_1_117' title="bbox 2194 5578 3733 5654">
     <span class='ocr_line' id='line_1_118' title="bbox 2194 5578 3733 5654; baseline -0.003 -19"><span class='ocrx_word' id='word_1_904' title='bbox 2194 5584 2520 5654; x_wconf 80' lang='lat' dir='ltr'><strong>perversitas</strong></span> <span class='ocrx_word' id='word_1_905' title='bbox 2540 5592 2642 5654; x_wconf 83' lang='lat' dir='ltr'><strong>est.</strong></span> <span class='ocrx_word' id='word_1_906' title='bbox 2675 5578 2981 5639; x_wconf 56' lang='lat' dir='ltr'><strong>ildem&#39;tib.</strong></span> <span class='ocrx_word' id='word_1_907' title='bbox 3016 5600 3052 5638; x_wconf 89' lang='grc' dir='ltr'><strong>ιι</strong></span> <span class='ocrx_word' id='word_1_908' title='bbox 3086 5578 3329 5654; x_wconf 34' lang='lat' dir='ltr'><strong>ejus&#39;dem</strong></span> <span class='ocrx_word' id='word_1_909' title='bbox 3343 5584 3513 5653; x_wconf 84' lang='lat' dir='ltr'><strong>operis</strong></span> <span class='ocrx_word' id='word_1_910' title='bbox 3540 5578 3607 5635; x_wconf 71' lang='grc' dir='ltr'><strong>;“ι</strong></span> <span class='ocrx_word' id='word_1_911' title='bbox 3633 5578 3733 5632; x_wconf 75' lang='lat' dir='ltr'><strong>Non</strong></span> 
     </span>
    </p>
   </div>
   <div class='ocr_carea' id='block_1_118' title="bbox 2193 5652 3734 5725">
    <p class='ocr_par' dir='ltr' id='par_1_118' title="bbox 2193 5652 3734 5725">
     <span class='ocr_line' id='line_1_119' title="bbox 2193 5652 3734 5725; baseline -0.001 -20"><span class='ocrx_word' id='word_1_912' title='bbox 2193 5662 2276 5725; x_wconf 81' lang='lat' dir='ltr'><strong>est</strong></span> <span class='ocrx_word' id='word_1_913' title='bbox 2307 5653 2406 5707; x_wconf 80' lang='lat' dir='ltr'><strong>iste</strong></span> <span class='ocrx_word' id='word_1_914' title='bbox 2434 5652 2611 5708; x_wconf 59' lang='lat' dir='ltr'><strong>saeculi</strong></span> <span class='ocrx_word' id='word_1_915' title='bbox 2652 5666 2867 5725; x_wconf 88' lang='lat' dir='ltr'><strong>_sermo,</strong></span> <span class='ocrx_word' id='word_1_916' title='bbox 2899 5654 3025 5725; x_wconf 86' lang='lat' dir='ltr'><strong>quia</strong></span> <span class='ocrx_word' id='word_1_917' title='bbox 3056 5652 3129 5709; x_wconf 81' lang='lat' dir='ltr'><strong>de</strong></span> <span class='ocrx_word' id='word_1_918' title='bbox 3162 5670 3269 5724; x_wconf 89' lang='lat' dir='ltr'><strong>quo</strong></span> <span class='ocrx_word' id='word_1_919' title='bbox 3301 5656 3492 5723; x_wconf 81' lang='lat' dir='ltr'><strong>agitur,</strong></span> <span class='ocrx_word' id='word_1_920' title='bbox 3520 5666 3615 5706; x_wconf 89' lang='lat' dir='ltr'><strong>non</strong></span> <span class='ocrx_word' id='word_1_921' title='bbox 3644 5662 3734 5704; x_wconf 63' lang='lat' dir='ltr'><strong>sa-</strong></span> 
     </span>
    </p>
   </div>
   <div class='ocr_carea' id='block_1_119' title="bbox 2194 5722 2815 5779">
    <p class='ocr_par' dir='ltr' id='par_1_119' title="bbox 2194 5722 2815 5779">
     <span class='ocr_line' id='line_1_120' title="bbox 2194 5722 2815 5779; baseline 0.002 -2"><span class='ocrx_word' id='word_1_922' title='bbox 2194 5722 2297 5777; x_wconf 91' lang='lat' dir='ltr'><strong>culi</strong></span> <span class='ocrx_word' id='word_1_923' title='bbox 2340 5738 2424 5778; x_wconf 87' lang='lat' dir='ltr'><strong>res</strong></span> <span class='ocrx_word' id='word_1_924' title='bbox 2452 5733 2551 5779; x_wconf 88' lang='lat' dir='ltr'><strong>est.</strong></span> <span class='ocrx_word' id='word_1_925' title='bbox 2593 5740 2611 5773; x_wconf 82' lang='grc' dir='ltr'><strong>ι</strong></span> <span class='ocrx_word' id='word_1_926' title='bbox 2649 5722 2815 5778; x_wconf 62' lang='lat' dir='ltr'><strong>lit“.</strong></span> 
     </span>
    </p>
   </div>
  </div>
