3886 6420
181 376 311 446 1169
1066 373 1600 435 EPISTOLARUM
1646 374 1791 433 LIB.
1828 373 1928 433 IV.
1968 398 2039 409 —
2066 370 2304 431 EPIST.
2341 367 2501 428 CIII.
3292 359 3451 425 1170"

180 485 364 554 πλαγῶ
396 483 512 551 (35)
554 481 675 535 οὐδὲ
714 478 967 551 μεταστῶ
1018 482 1100 543 είς
1140 480 1199 532 τὸ
1236 479 1431 550 μηκέτι
1485 480 1695 549 ὑμνεῖν,
1731 498 1748 531 ι

1860 479 1969 533 rari
1994 489 2173 534 autem
2209 492 2368 532 nemo
2403 478 2579 542 debet,
2612 474 2656 529 si
2690 472 2854 529 etiam
2886 472 2942 527 in
2970 472 3169 528 bonam
3220 482 3425 542 partem

187 580 463 648 Ἐπήγαγε
481 576 591 646 γάρ
612 590 625 603 ·
667 593 685 624 ι
721 572 927 643 Κύριος
958 574 986 625 ὁ
1013 571 1145 635 Θεός
1172 588 1296 641 μου,
1338 572 1419 634 είς
1451 569 1542 623 τδν
1576 570 1748 623 αίῶνα

1860 572 2090 627 sumitur
2119 569 2556 639 compunctionis
2615 566 2860 623 verbum.
2902 565 3037 619 Nam
3094 564 3167 619 ibi
3212 579 3427 633 quoque

176 664 647 740 ἐξομολογήσομαί
685 682 789 717 σοι.
852 683 870 715 ι
900 663 1010 716 Καὶ
1031 664 1080 716 οἱ
1108 664 1235 732 περὶ
1279 661 1543 733 Συμεῶνα
1564 662 1621 715 δὲ
1648 664 1739 715 καὶ

1860 663 2141 734 signiﬁcat,
2172 664 2513 717 vulneratum
2548 674 2669 714 esse
2695 658 2855 713 rebus
2884 656 3043 712 bouis
3074 673 3087 710 :
3118 658 3269 711 verbi
3304 672 3443 727 gul--

176 761 318 820 Δευῒ.
348 760 490 829 μετὰ
518 758 580 809 τὸ
610 754 934 826 ὑϐρισθῆναι
965 756 1046 817 εἰς
1068 754 1238 826 αὐτὴν
1267 754 1366 825 τὴν
1393 754 1748 825 σωφροσύνην

1860 754 1951 821 tia,
1981 768 2103 808 cum
2132 754 2297 807 etiam
2326 752 2736 818 diviuofamore
2786 759 3037 818 correpta
3089 748 3267 801 anima
3313 747 3444 801 cla-.

176 852 264 921 τὴν
297 849 556 917 ἀδελφὴν,
586 846 984 915 κατενύγησαν,
1017 845 1283 908 τουτέστι,
1308 844 1735 914 κατεπλάγησαν

1860 856 2003 901 mat:
2042 864 2061 898 ι
2112 844 2247 912 Quia
2290 844 2580 898 dilectione
2642 841 2922 896 vulnerata
2965 856 3082 895 sum
3156 854 3257 909 ego
3300 840 3367 895 ⁸³.
3401 858 3420 891 ι

176 943 265 996 καὶ
298 938 739 1009 κατετρώθησαν
792 936 897 989 ὑπὸ
931 935 1097 1006 ζήλου
1118 953 1133 968 ο
1175 938 1271 988 καὶ
1293 934 1469 999 οὕτως
1510 938 1589 999 εἰς
1607 938 1743 1007 άμε-

1860 939 2145 993 Sciendum
2170 949 2252 993 est
2278 947 2481 999 autem,
2534 951 2639 991 non
2692 934 2915 989 omnino
2967 933 3173 988 eadem.
3205 932 3447 987 nomina.

173 1034 396 1089 τάθετον
430 1031 700 1096 ἐξέπεσαν
740 1028 935 1101 ὀργὴν,
961 1029 1037 1092 ὠς
1068 1029 1165 1082 καὶ
1193 1029 1330 1099 δόλῳ
1370 1029 1430 1081 ού
1472 1027 1633 1099 μόνον
1658 1027 1751 1081 τὸν

1860 1039 1941 1084 aut
1970 1031 2131 1084 verba
2165 1029 2415 1084 eumdem
2462 1042 2679 1097 semper
2742 1025 3077 1080 intellectum
3142 1025 3413 1092 praebere.-

174 1126 457 1196 ὑϐριστὴν,
504 1123 639 1178 ἀλλὰ
674 1124 772 1179 καὶ
802 1124 984 1177 πᾶσαν
1021 1120 1186 1175 αὑτοῦ
1215 1121 1320 1191 τὴν
1356 1120 1515 1174 πόλιν
1549 1120 1752 1193 ἡϐηδὸν

1860 1120 1982 1174 Nam
2008 1120 2176 1175 David
2206 1129 2423 1189 quoque
2445 1119 2617 1173 dixit:
2652 1135 2672 1169 ι
2704 1115 2773 1172 Ut
2834 1126 3019 1170 cantet
3080 1114 3177 1169 tibi
3241 1113 3413 1184 gloria

176 1219 541 1287 κατασφάξαι.

1860 1229 1993 1279 mea,
2015 1226 2191 1269 etnon
2221 1228 2553 1283 cotupungar
2580 1211 2651 1277 “,
2722 1212 2823 1265 hoc
2846 1220 2950 1274 est,
2986 1218 3045 1264 ut
3076 1217 3229 1279 puto,
3264 1222 3333 1261 ne
3358 1220 3437 1261 eo

175 1310 407 1378 redigar,
437 1320 499 1363 ut
532 1325 636 1365 non
690 1308 920 1379 amplius
970 1319 1164 1361 canam
1206 1303 1455 1373 hymnos.
1494 1323 1514 1356 ι
1544 1302 1769 1359 Addidit.
1805 1307 1951 1361 enim
1986 1324 1999 1360 :
2041 1324 2059 1357 ι
2101 1308 2323 1361 Domine
2376 1307 2514 1360 Deus
2569 1319 2743 1367 meus,
2797 1305 2859 1358 in
2900 1311 3163 1357 aeternum
3195 1300 3442 1356 comite-—

179 1400 270 1452 bor
290 1400 386 1454 tibi
416 1399 489 1457 ⁸⁵.
519 1421 536 1454 ι
573 1400 677 1455 Sed
707 1411 762 1456 et
787 1400 878 1469 qui
913 1399 1059 1453 circa
1118 1396 1425 1451 Simeonem
1480 1407 1535 1450 et
1595 1396 1722 1451 Levi
1762 1408 1941 1465 erant,
1968 1408 2086 1467 post
2121 1399 2373 1454 violatam
2450 1414 2560 1454 sua:
2632 1399 2834 1453 sororis
2882 1396 3214 1466 pudicitiam,
3281 1410 3427 1450 com-

176 1492 354 1559 puncti
387 1500 536 1558 sunt,
574 1492 675 1547 hoc
704 1491 861 1547 estin
917 1498 1189 1557 stuporem
1228 1487 1355 1551 acti,
1411 1496 1461 1542 ct
1497 1488 1871 1543 convulnerati
1903 1499 2031 1543 sunt
2098 1490 2198 1545 zeli
2268 1501 2323 1544 et
2383 1489 2772 1559 indignationis
2832 1487 3216 1543 vehementia:
3256 1494 3420 1555 atque

178 1583 244 1633 ita
301 1582 356 1635 in
409 1583 743 1651 pertinacem
801 1580 939 1634 iram
1012 1579 1339 1640 inciderunt,
1394 1588 1454 1631 ut
1499 1577 1683 1634 dolose
1741 1595 1958 1649 quoque
2020 1580 2329 1653 "Olim
2391 1581 2563 1636 solum
2638 1579 2811 1649 ipsum
2874 1578 3087 1648 injuriae
3145 1586 3443 1633 auctorem.

177 1672 417 1738 Sichem,
446 1674 542 1729 sed
570 1689 675 1728 una
696 1672 857 1726 etiam
894 1680 1059 1727 totam
1084 1670 1252 1742 ipsius
1282 1669 1560 1723 civitatem
1612 1684 1643 1723 τι
1683 1671 1855 1739 prima
1886 1673 2168 1741 pubertate
2195 1680 2515 1727 mactarent.

656 1806 781 1861 PB’.
824 1836 897 1852 --
924 1807 1272 1877 «summa.

251 1919 470 1989 Ἐπειδὴ
523 1919 828 1990 γέγραφας·
871 1920 933 1973 Εἰ
978 1919 1397 1973 συνεϐούλευσεν
1445 1923 1474 1975 ὁ
1503 1921 1753 1983 Παῦλοςο

180 2031 200 2064 ι
236 2011 426 2076 Θέλεις
454 2012 513 2064 δὲ
571 2012 646 2083 μὴ
687 2011 971 2081 φοϐεῖσθαι
1016 2013 1115 2084 τὴν
1148 2012 1418 2080 ἐξουσίαν,
1458 2012 1520 2067 τὸ
1552 2013 1755 2081 ἀγαθὸν

176 2103 340 2167 ποίει,
366 2104 465 2157 καὶ
487 2104 632 2171 ἔξεις
659 2105 881 2158 ἔπαινον
916 2104 974 2169 ἐξ
1001 2106 1171 2176 αὐτῆς
1190 2123 1204 2137 ·
1244 2124 1262 2158 ι
1295 2106 1413 2169 πῶς
1453 2106 1588 2177 μετὰ
1620 2105 1755 2177 βρα-

172 2197 272 2267 χέα
313 2197 513 2265 φησίν*
568 2214 588 2249 ι
648 2197 897 2249 Ἀπόδοτε
922 2196 1001 2266 τῷ
1025 2197 1116 2250 τὸν
1149 2196 1336 2267 φόϐον,
1364 2198 1455 2251 τὸν
1488 2197 1684 2265 φόϐους
1730 2216 1749 2250 ι

171 2284 348 2358 οἶμαι,
384 2290 467 2342 ὅτι
498 2289 547 2341 εί
584 2288 660 2359 μὴ
696 2287 939 2358 περὶτοῦ
977 2287 1114 2341 Θεοῦ
1138 2305 1282 2351 τινες
1308 2289 1440 2341 αὐτὸ
1478 2288 1753 2358 βούλονται

171 2379 431 2450 εἰρῆσθαι
460 2379 479 2452 (
512 2380 823 2450 γέγραπται
853 2380 961 2450 γάρ
982 2398 995 2410 ·
1033 2399 1051 2431 ι
1104 2380 1251 2449 Τίμα
1284 2379 1375 2433 τὸν
1405 2379 1629 2449 Κύριον,
1662 2379 1760 2433 καὶ

174 2472 418 2541 ἰσχύσεις
442 2488 457 2502 ο
486 2472 629 2543 πλὴν
660 2472 716 2524 δὲ
750 2472 916 2525 αὐτοῦ
946 2470 1020 2541 μὴ
1060 2472 1225 2541 φοϐοῦ
1275 2472 1436 2525 ἄλλον
1471 2473 1515 2542 ι)
1538 2489 1551 2503 ·
1578 2474 1757 2525 ἐκεῖνο

175 2562 275 2630 μὲν
308 2558 458 2626 εἷπε,
499 2563 579 2633 τῷ
612 2562 703 2616 τὸν
733 2561 898 2631 φόϐον
945 2561 1056 2616 ἀπὸ
1094 2562 1190 2616 τοῦ
1218 2562 1405 2633 ξίφους
1432 2565 1547 2627 τοῖς
1576 2563 1759 2634 πλημ-

172 2653 431 2723 μελοῦσιν
469 2656 856 2726 ἐπηρτημένον
885 2654 1285 2726 διαδιδράσκειν
1316 2655 1407 2709 τὸν
1444 2656 1783 2726 φιλάρετον,“

169 2747 265 2799 καὶ
302 2747 403 2799 τοῦ
427 2748 751 2817 ἄρχοντικοῦ
786 2748 1008 2801 ἐπαίνου
1042 2747 1331 2818 τυγχάνειν
1351 2764 1366 2778 ο
1398 2747 1557 2801 τοῦτο
1579 2748 1635 2800 δὲ
1664 2746 1756 2801 τὸν

168 2839 231 2889 ἐκ
271 2839 375 2910 τῆς
409 2840 702 2910 συντυχίας
730 2840 825 2893 καὶ
852 2841 954 2911 τῆς
1002 2840 1185 2903 αἰδοῦς
1209 2840 1304 2893 καὶ
1327 2840 1426 2910 τῆς
1467 2840 1633 2911 τιμῆς
1657 2840 1756 2909 τῆς

168 2932 672 3003 κεχρεωστημένης
718 2936 831 2997 τοῖς
876 2933 1207 3005 ἡγουμένοις
1239 2935 1534 3003 χρεωστεῖν
1569 2932 1752 3001 φόϐον.

168 3022 306 3075 Οὐδὲ
340 3024 455 3094 γάρ
482 3026 633 3077 ἐστιν
673 3025 872 3096 ἀτελὴς
900 3026 1118 3091 τούτου,
1141 3024 1236 3077 τοῦ
1266 3024 1430 3095 μηδὲν
1453 3024 1618 3079 αὐτὸν
1645 3045 1754 3081 πα-

1707 1784 1717 1793 ’
1780 1792 1827 1846 Β

2307 1804 2414 1861 CII.
2456 1834 2527 1845 —
2570 1803 2960 1860 PIIILETRIO.

1923 1919 2185 1988 Quoniam
2230 1935 2325 1987 per
2353 1920 2565 1975 litteras
2612 1921 2905 1989 qumsivisti
2956 1934 3064 1991 quo
3094 1929 3253 1990 pacto
3283 1917 3435 1975 Pau-

1855 2012 1960 2080 lus,
1986 2014 2029 2067 si
2058 2013 2345 2067 cousilium
2374 2013 2521 2067 dedit
2550 2012 2633 2067 his
2666 2012 2845 2067 verbis
2875 2026 2889 2062 :
2937 2029 2957 2064 ι
2991 2012 3285 2067 Visautem
3317 2027 3425 2067 non

1856 2105 2048 2159 timere
2088 2112 2431 2173 potestatem,
2473 2103 2559 2157 l'ac
2605 2105 2805 2159 bonum
2843 2112 2900 2158 et
2949 2103 3173 2159 habebis
3215 2103 3427 2158 laudem

1855 2197 1923 2251 ab
1957 2211 2021 2250 ea
2049 2197 2124 2263 ⁸⁶;
2161 2212 2183 2249 ο
2229 2195 2389 2266 paqu
2424 2204 2544 2263 post
2594 2194 2740 2250 dicat
2776 2214 2790 2249 :
2829 2214 2849 2248 ι
2883 2195 3113 2251 Reddite
3154 2195 3201 2250 ei
3246 2194 3331 2249 cui
3364 2193 3431 2249 ti-

1857 2304 2061 2343 morem
2114 2288 2363 2359 (debetis)
2424 2287 2675 2342 timorem
2707 2286 2751 2319 ⁸⁷
2790 2305 2804 2341 :
2853 2306 2874 2341 ι
2918 2286 2997 2342 sic
3043 2286 3317 2342 existimo.
3371 2285 3436 2341 Si

1857 2381 1945 2450 qui
1976 2381 2149 2435 nolint
2186 2381 2323 2435 forte
2359 2379 2488 2433 illud
2520 2379 2724 2434 dictum
2754 2392 2876 2434 esse
2904 2378 2974 2434 de
3003 2378 3113 2435 Deo
3144 2378 3428 2451 (scriptum

1857 2483 1941 2529 est
1963 2474 2157 2528 enim:
2208 2491 2227 2525 ι
2289 2472 2505 2527 Honora
2558 2473 2863 2538 Dominum,
2922 2482 2978 2527 et
3031 2480 3221 2541 potens
3275 2472 3432 2527 eris:

1859 2574 2053 2635 praeter
2096 2566 2268 2634 ipsum
2311 2579 2441 2641 vero
2488 2580 2593 2619 non
2628 2563 2845 2619 timebis
2888 2563 3155 2631 alium";
3194 2562 3251 2633 ι)
3301 2562 3429 2617 illud

1856 2659 2071 2726 quidem
2122 2657 2271 2727 prius
2322 2657 2523 2712 dixisse
2575 2655 2799 2711 Paulum
2850 2656 2989 2720 ideo,
3035 2655 3165 2724 quia
3214 2654 3430 2709 virtutis

1856 2747 2131 2802 studiosus
2187 2748 2436 2801 timorem
2470 2746 2643 2809 illum,
2694 2747 2836 2814 quia
2881 2745 3058 2813 gladio
3105 2744 3441 2801 facinorosis-

1858 2838 2150 2909 impeudet,
2198 2837 2437 2909 ell‘ugiat,
2482 2843 2537 2891 et
2587 2836 2797 2892 laudem
2846 2838 3195 2907 magistratus
3235 2850 3429 2891 conse-

1855 2944 2052 3005 quatur
2077 2952 2092 2986 :
2129 2934 2232 2990 hoc
2260 2944 2437 2989 autem
2465 2933 2733 3003 posterius
2758 2933 3074 3002 (protulisse
3101 2933 3247 3001 eum)
3279 2931 3425 2996 ideo,

1856 3026 1982 3094 quia
2027 3025 2189 3079 etiam
2239 3034 2414 3080 metus
2452 3026 2672 3095 quidam
2713 3025 2975 3079 debeatur
3022 3021 3439 3092 magistratibus

171 3114 603 3183 ραϐλάπτοντος,
630 3115 769 3169 ἀλλὰ
800 3116 894 3170 καὶ
927 3113 1349 3186 αἰδεσιμὼτερον
1374 3117 1467 3169 καὶ
1503 3115 1754 3188 λαμπρό-

1860 3130 1923 3171 ex
1960 3116 2258 3171 reverentia
2311 3127 2366 3171 et
2407 3116 2613 3171 honore
2643 3117 2798 3185 ipsis,
2847 3115 3061 3186 quando
3114 3114 3269 3169 nobis
3306 3127 3433 3168 cum

164 3221 327 3276 τερον
356 3206 780 3276 ἀποφαίνοντος.
811 3208 996 3261 Εῐκειν
1038 3206 1149 3277 γὰρ
1192 3207 1297 3278 χρὴ
1340 3208 1523 3261 παντὶ
1548 3209 1745 3274 σθένει,

164 3298 221 3349 ἐν
249 3291 336 3361 οἷς
372 3299 501 3369 μήτ’
528 3298 779 3352 εὐσέϐεια
820 3300 951 3371 μήθ’
995 3302 1029 3371 ἡ
1071 3301 1243 3371 ἀρετὴ
1283 3301 1748 3367 καταϐλάπτεται,

164 3388 300 3442 ἀλλὰ
324 3391 420 3443 καὶ
453 3389 859 3462 βασιλικαγτέρα
878 3393 972 3446 καὶ
1004 3392 1405 3463 ἐπιφανεστέρα
1432 3395 1496 3446 ἐκ
1519 3393 1616 3463 τῆς
1643 3393 1748 3445 τῶν

168 3482 470 3550 μετιόντων
504 3482 807 3545 ἐπιεικείας
826 3484 1207 3553 ἀναφαίνεται.

1856 3208 1964 3263 illis
1991 3209 2257 3279 agendum
2285 3220 2388 3272 est,
2417 3209 2619 3264 debito.
2659 3208 2843 3278 Neque
2865 3209 3006 3263 enim
3047 3207 3098 3262 is
3126 3207 3215 3276 qui
3246 3205 3429 3261 virtuti

1860 3302 1952 3354 dat
1977 3314 2221 3367 Operam,
2268 3301 2528 3355 immunis
2556 3311 2641 3355 est
2677 3316 2704 3353 a
2743 3300 2864 3354 talis
2898 3300 3109 3354 timoris
3133 3299 3216 3368 (ut
3243 3298 3322 3352 sic
3355 3297 3427 3352 lo-

1859 3389 2032 3461 quar)
2088 3390 2462 3445 reverentialis
2530 3392 2911 3459 praestatione,
2971 3389 3063 3458 qni
3124 3387 3430 3443 nullatenus

1860 3483 2034 3551 ipsum
2065 3481 2229 3544 laedit,
2282 3482 2411 3551 quin
2443 3485 2620 3550 potius
2670 3481 3120 3536 venerabiliorem
3162 3489 3325 3549 atque
3366 3476 3415 3532 il-

166 3572 483 3625 lustriorem
514 3573 773 3628 declarat.
824 3573 1030 3629 Cederc
1083 3576 1227 3629 enim
1281 3582 1493 3644 oportet
1560 3573 1948 3645 (magistratui)
2008 3575 2258 3627 omnibus
2340 3575 2569 3637 viribus,
2621 3575 2672 3628 iu
2725 3574 2831 3629 illis
2878 3575 3061 3641 rebus,
3136 3575 3190 3628 in
3241 3572 3427 3641 quibus

166 3682 345 3736 neque
389 3667 606 3737 pietati,
628 3671 830 3739 fueque
862 3670 1048 3723 virtuti
1100 3669 1265 3724 ullum
1316 3670 1540 3725 all'ertur
1583 3670 1993 3736 detrimentum,
2060 3670 2168 3723 imo
2236 3668 2399 3722 etiam
2442 3668 2787 3737 praestantior
2848 3677 3012 3740 atque
3072 3668 3335 3738 insignior
3364 3682 3439 3723 ex,

164 3764 437 3818 cultorum
479 3780 702 3819 suorum
740 3767 1113 3821 moderatione
1145 3769 1578 3822 demonstratur.

420 3897 543 3953 PI".
578 3928 647 3937 —-
675 3900 989 3971 ΕΠΙΜΑΧῼ
1037 3900 1473 3971 ΑΝΑΓΝΩΣΤῌ.

329 4008 438 4075 Εἰς
466 3978 565 4063 τό·
602 4027 622 4060 ι
663 4009 861 4079 Ὑμεῖς
896 4011 1039 4064 ἐστε
1055 4009 1226 4080 σῶμα
1261 4010 1540 4077 Χριστοῦ.
1588 4031 1608 4065 ι

2167 3902 2299 3959 CIII.
2331 3934 2402 3944 —
2428 3902 2779 3957 EPIMACIIO
2802 3902 3125 3958 LECTORI.

2033 4013 2100 4067 In
2133 4013 2287 4081 illud,
2325 4033 2343 4066 ι
2406 4014 2507 4068 Vos
2533 4016 2660 4069 estis
2687 4032 2877 4084 corpus
2903 4015 3100 4070 Christi
3132 4017 3199 4070 ⁸ο.
3232 4035 3253 4069 ι

246 4142 472 4214 Ἐπειδὴ
500 4144 803 4215 γέγραφας-
845 4143 911 4197 Τί
951 4146 1100 4199 ἐστιν
1122 4161 1140 4179 ο
1180 4164 1198 4197 ι
1239 4145 1426 4216 Ὑμεῖς
1453 4146 1574 4199 ἐστε
1601 4146 1754 4215 σῶμα

1928 4144 2193 4211 Quoniam
2244 4162 2342 4216 per
2395 4146 2605 4201 litteras
2634 4148 2959 4216 quaesivisti,
3008 4147 3277 4216 quid-sibi
3309 4150 3427 4204 veli“

158 4238 432 4308 Χριστοῦ,
465 4238 560 4291 καὶ
595 4239 731 4308 μέλη
763 4240 826 4291 ἐκ
856 4239 1092 4310 μέρους;
1119 4258 1136 4291 ι
1174 4233 1350 4308 οἶμαι,
1381 4239 1461 4292 ὅτι
1495 4238 1681 4308 ἐπειδὴ
1708 4238 1754 4291 0i

1860 4236 1988 4290 illud
2027 4254 2040 4290 :
2078 4254 2097 4288 ι
2146 4235 2255 4291 Vos
2302 4238 2435 4292 estis
2475 4252 2672 4307 corpus
2717 4238 2951 4303 Christi,
2986 4248 3042 4294 et
3092 4240 3331 4294 membra
3368 4256 3433 4295 ea,

162 4329 266 4396 μὲν
293 4326 616 4397 ἁπανταχοῦ
649 4329 747 4397 τῆς
773 4329 862 4397 ὑφ’
888 4328 1022 4399 ἡλίῳ
1062 4327 1390 4398 Ἐκκλησίας
1415 4326 1574 4397 σῶμα
1612 4329 1749 4397 Χρι-

1860 4337 2035 4395 parte;
2066 4345 2088 4378 ι
2117 4328 2372 4392 arbitror,
2403 4328 3019 4399 quiaquotquotubique
3054 4331 3240 4385 vivunt
3260 4331 3415 4386 homi-

160 4416 321 4479 στοῦ,
356 4416 633 4485 Κορίνθιοι
660 4416 717 4468 δὲ
749 4417 912 4487 μέρος
939 4412 1079 4483 ἦσαν
1117 4415 1309 4469 τούτου
1348 4414 1442 4469 τοῦ
1470 4415 1746 4484 σώματος,

1860 4433 1972 4482 nes,
2000 4418 2253 4473 Ecclesia:
2292 4419 2616 4475 universalis
2637 4422 2739 4475 sub
2761 4421 2872 4475 sole
2903 4436 2999 4491 per
3043 4432 3214 4476 totum
3245 4423 3427 4477 orbem

156 4508 249 4562 διὰ
275 4508 443 4561 τοῦτο
462 4508 680 4577 ἔφησενο
708 4527 729 4558 ο
768 4508 860 4560 Ἐκ
893 4508 1111 4577 μέρους·
1144 4526 1162 4559 ι
1190 4502 1321 4571 οἷον,
1343 4507 1519 4570 Μέλος
1537 4508 1684 4561 ἐστὶν
1717 4511 1749 4579 ἡ

1860 4511 2113 4578 dispersa:
2152 4524 2353 4579 corpus
2390 4511 2725 4566 constituunt
2746 4511 2982 4578 Christi;
3014 4512 3277 4567 Corinthii
3307 4528 3424 4569 vert

158 4602 299 4670 παρ’
343 4600 474 4669 ὑμῖν
516 4599 816 4669 Ἐκκλησία
847 4600 946 4670 τῆς
986 4598 1321 4670 ἁπανταχοῦ.
1357 4599 1519 4652 ’Ὥστε
1550 4599 1751 4654 δίκαιοι

1860 4618 1977 4670 pars
2003 4613 2157 4656 erant
2185 4603 2345 4673 hujus
2364 4604 2636 4673 corporis,
2664 4604 2782 4659 ideo
2808 4603 3033 4658 Paulum
3061 4605 3164 4659 hoc
3189 4605 3393 4660 dixisse
3418 4622 3428 4635 σ

154 4686 225 4741 ἂν
289 4690 446 4758 είητε
482 4688 543 4740 ού
583 4688 745 4758 μόνον
782 4688 919 4759 πρὸς
965 4688 1190 4751 ἑαυτοὺς
1222 4688 1563 4757 (ἐστασίαζον
1593 4691 1747 4761 γὰρ),

1860 4710 1872 4743 ι
1907 4690 1984 4745 Ex
2025 4703 2197 4761 parte.
2239 4712 2265 4745 ι
2301 4693 2466 4759 Quasi
2508 4694 2713 4749 diceret
2760 4713 2773 4748 :
2824 4694 3062 4749 Ecclesia
3121 4710 3253 4765 quas
3296 4697 3426 4764 apuc’

154 4780 304 4835 ἀλλὰ
335 4782 431 4835 καὶ⁵
484 4782 623 4853 πρὸς
673 4780 883 4845 πάντας
933 4782 1059 4844 τοὺς
1112 4781 1255 4835 κατὰ
1279 4780 1378 4852 τὴν
1420 4784 1750 4855 οἰκουμένην

1860 4798 1946 4837 vos
1973 4793 2083 4849 cst,
2128 4784 2430 4839 membrum
2460 4796 2544 4839 est
2576 4785 2830 4840 Ecclesiae
2876 4786 3202 4841 universalis
3234 4786 3426 4855 ubique

153 4871 502 4941 ὀμοπίστους
525 4874 789 4942 ὁμονοεῖν,
822 4873 1000 4926 πᾶσαν
1022 4871 1285 4941 διχόνοιαν
1306 4874 1370 4925 ἐκ
1401 4873 1577 4927 ποδῶν
1594 4890 1752 4946 ποιη-

1860 4858 2087 4933 locornm
2116 4875 2336 4930 dill'usze.
2372 4874 2737 4942 Quamobrem
2768 4892 2980 4945 aequum
3006 4886 3172 4942 esset,
3206 4892 3310 4931 vos
3330 4894 3435 4930 nun

152 4962 420 5033 σάμενοι.
1846 4968 2019 5022 solum
2048 4969 2188 5023 inter
2213 4970 2566 5039 vosmetipsos
2604 4969 2925 5042 (discordias
2952 4971 3096 5025 enim
3136 4969 3434 5041 fovebant),

153 5056 539 5107 vei-uincimur
564 5070 683 5106 cum
708 5053 959 5108 omnibus
1005 5069 1102 5124 per
1154 5054 1339 5109 orbem
1372 5062 1639 5110 terrarum
1672 5055 1989 5127 degentibus
2027 5058 2225 5129 passim
2257 5059 2380 5114 Iidei
2422 5059 2585 5115 sociis
2636 5060 2982 5116 concordiam
3056 5059 3255 5128 colere,
3288 5062 3435 5122 omni

150 5142 448 5202 discordia
477 5140 665 5211 procul
697 5140 953 5211 relegata.

216 5329 270 5362 ⁸³
301 5328 468 5385 Cant.
490 5342 565 5391 tv,
608 5327 660 5381 9.
735 5327 783 5359 “
813 5325 954 5381 Psal.
990 5341 1140 5393 χχιχ,
1171 5328 1257 5384 13.
1333 5330 1378 5361 ⁸⁸
1410 5329 1559 5385 Psal.
1585 5346 1754 5395 nxvu,

147 5398 251 5456 "1
298 5399 435 5455 Cor.
473 5413 567 5464 xv,
595 5397 684 5452 27.

1860 5372 1870 5385 .
1959 5333 2005 5365 ⁸⁸
2032 5333 2321 5403 Romanu,
2354 5337 2407 5392 5.
2497 5340 2538 5371 ⁸⁷
2573 5338 2703 5395 ibid.
2729 5343 2780 5397 7.
2856 5339 2901 5371 ⁸⁸
2931 5338 3093 5396 Prov.
3129 5353 3216 5408 Ill,
3246 5340 3303 5407 9,
3334 5336 3450 5394 ιο...

1279 5553 1508 5611 νΛΒΙᾹΞ
1543 5556 1927 5616 LECTIONES
1964 5560 2054 5616 ET
2092 5561 2326 5619 NOTIE.

227 5717 356 5779 (35)
408 5714 553 5780 "mc,
601 5717 773 5785 ὅπερ,
821 5711 976 5785 οἶμαι
1029 5730 1199 5785 usque
1253 5715 1319 5786 ad
1378 5715 1746 5786 καταπλαγῶ,

1860 5719 2119 5779 Vaticano
2148 5719 2273 5779 650.
2299 5720 2460 5779 Em.

150 5786 460 5844 omittebat
492 5789 581 5843 ed.
626 5784 824 5854 Paris,
855 5784 910 5842 et
954 5784 1123 5843 recte
1152 5784 1469 5858 supplentur
1500 5803 1531 5842 a
1561 5784 1744 5845 codice
