  <div class='ocr_page' id='page_1' title='image "/cluster/home/n/w/nwhite01/storage/ocr_20150623/78/nnc1.0046980008/641.png"; bbox 0 0 3886 6420; ppageno 0'>
   <div class='ocr_carea' id='block_1_1' title="bbox 472 350 602 420">
    <p class='ocr_par' dir='ltr' id='par_1_1' title="bbox 472 350 602 420">
     <span class='ocr_line' id='line_1_1' title="bbox 472 350 602 420; baseline -0.038 0"><span class='ocrx_word' id='word_1_1' title='bbox 472 350 602 420; x_wconf 83' lang='grc'><strong>1171</strong></span> 
     </span>
    </p>
   </div>
   <div class='ocr_carea' id='block_1_2' title="bbox 802 463 1697 522">
    <p class='ocr_par' dir='ltr' id='par_1_2' title="bbox 802 463 1697 522">
     <span class='ocr_line' id='line_1_2' title="bbox 802 463 1697 522; baseline 0.004 -4"><span class='ocrx_word' id='word_1_2' title='bbox 802 463 935 519; x_wconf 65' lang='grc' dir='ltr'>(τιν.</span> <span class='ocrx_word' id='word_1_3' title='bbox 968 495 1035 507; x_wconf 93' lang='grc'><strong><em>-</em></strong></span> <span class='ocrx_word' id='word_1_4' title='bbox 1071 463 1349 520; x_wconf 80' lang='lat' dir='ltr'><strong>HIERACI</strong></span> <span class='ocrx_word' id='word_1_5' title='bbox 1380 464 1697 522; x_wconf 84' lang='lat' dir='ltr'><strong>DIACONO.</strong></span> 
     </span>
    </p>
   </div>
   <div class='ocr_carea' id='block_1_3' title="bbox 465 542 2036 618">
    <p class='ocr_par' dir='ltr' id='par_1_3' title="bbox 465 542 2036 618">
     <span class='ocr_line' id='line_1_3' title="bbox 465 542 2036 618; baseline 0.003 -9"><span class='ocrx_word' id='word_1_6' title='bbox 465 542 534 609; x_wconf 79' lang='lat' dir='ltr'><strong>In</strong></span> <span class='ocrx_word' id='word_1_7' title='bbox 580 558 799 618; x_wconf 85' lang='lat' dir='ltr'><strong>dictum,</strong></span> <span class='ocrx_word' id='word_1_8' title='bbox 859 574 877 607; x_wconf 79' lang='grc' dir='ltr'><strong>ι</strong></span> <span class='ocrx_word' id='word_1_9' title='bbox 928 554 1084 608; x_wconf 73' lang='lat' dir='ltr'><strong>Vobis</strong></span> <span class='ocrx_word' id='word_1_10' title='bbox 1131 556 1275 609; x_wconf 85' lang='lat' dir='ltr'><strong>dedit</strong></span> <span class='ocrx_word' id='word_1_11' title='bbox 1326 556 1485 614; x_wconf 79' lang='lat' dir='ltr'><strong>Deus.</strong></span> <span class='ocrx_word' id='word_1_12' title='bbox 1533 575 1635 612; x_wconf 86' lang='lat' dir='ltr'><strong>non</strong></span> <span class='ocrx_word' id='word_1_13' title='bbox 1681 560 1835 612; x_wconf 86' lang='lat' dir='ltr'><strong>modo</strong></span> <span class='ocrx_word' id='word_1_14' title='bbox 1871 569 1927 612; x_wconf 86' lang='lat' dir='ltr'><strong>ut</strong></span> <span class='ocrx_word' id='word_1_15' title='bbox 1979 560 2036 613; x_wconf 80' lang='lat' dir='ltr'><strong>in</strong></span> 
     </span>
    </p>
   </div>
   <div class='ocr_carea' id='block_1_4' title="bbox 535 627 2038 699">
    <p class='ocr_par' dir='ltr' id='par_1_4' title="bbox 535 627 2038 699">
     <span class='ocr_line' id='line_1_4' title="bbox 535 627 2038 699; baseline 0.003 -21"><span class='ocrx_word' id='word_1_16' title='bbox 535 628 727 699; x_wconf 65' lang='lat' dir='ltr'><strong>ipsttttt_</strong></span> <span class='ocrx_word' id='word_1_17' title='bbox 755 628 1051 691; x_wconf 71' lang='lat' dir='ltr'><strong>crederetis,</strong></span> <span class='ocrx_word' id='word_1_18' title='bbox 1085 628 1174 679; x_wconf 72' lang='lat' dir='ltr'><strong>sed</strong></span> <span class='ocrx_word' id='word_1_19' title='bbox 1228 627 1385 680; x_wconf 85' lang='lat' dir='ltr'><strong>etiam</strong></span> <span class='ocrx_word' id='word_1_20' title='bbox 1432 640 1490 680; x_wconf 86' lang='lat' dir='ltr'><strong>ut</strong></span> <span class='ocrx_word' id='word_1_21' title='bbox 1539 645 1633 695; x_wconf 77' lang='lat' dir='ltr'><strong>pro</strong></span> <span class='ocrx_word' id='word_1_22' title='bbox 1682 632 1802 698; x_wconf 72' lang='lat' dir='ltr'><strong>ipso</strong></span> <span class='ocrx_word' id='word_1_23' title='bbox 1831 641 2038 699; x_wconf 76' lang='lat' dir='ltr'><strong>patere—</strong></span> 
     </span>
    </p>
   </div>
   <div class='ocr_carea' id='block_1_5' title="bbox 530 696 815 749">
    <p class='ocr_par' dir='ltr' id='par_1_5' title="bbox 530 696 815 749">
     <span class='ocr_line' id='line_1_5' title="bbox 530 696 815 749; baseline 0 -2"><span class='ocrx_word' id='word_1_24' title='bbox 530 697 663 749; x_wconf 71' lang='lat' dir='ltr'><strong>mini</strong></span> <span class='ocrx_word' id='word_1_25' title='bbox 686 696 753 749; x_wconf 87' lang='lat'><strong>’°.</strong></span> <span class='ocrx_word' id='word_1_26' title='bbox 795 713 815 747; x_wconf 68' lang='grc' dir='ltr'><strong><em>ο</em></strong></span> 
     </span>
    </p>
   </div>
   <div class='ocr_carea' id='block_1_6' title="bbox 530 808 2035 883">
    <p class='ocr_par' dir='ltr' id='par_1_6' title="bbox 530 808 2035 883">
     <span class='ocr_line' id='line_1_6' title="bbox 530 808 2035 883; baseline 0.003 -20"><span class='ocrx_word' id='word_1_27' title='bbox 530 808 792 863; x_wconf 72' lang='lat' dir='ltr'><strong>Praeclara</strong></span> <span class='ocrx_word' id='word_1_28' title='bbox 833 817 997 877; x_wconf 89' lang='lat' dir='ltr'><strong>atque</strong></span> <span class='ocrx_word' id='word_1_29' title='bbox 1026 809 1237 879; x_wconf 81' lang='lat' dir='ltr'><strong>egregia</strong></span> <span class='ocrx_word' id='word_1_30' title='bbox 1267 808 1505 866; x_wconf 82' lang='lat' dir='ltr'><strong>facinora</strong></span> <span class='ocrx_word' id='word_1_31' title='bbox 1538 828 1644 866; x_wconf 92' lang='lat' dir='ltr'><strong>non</strong></span> <span class='ocrx_word' id='word_1_32' title='bbox 1674 813 1791 867; x_wconf 88' lang='lat' dir='ltr'><strong>sine</strong></span> <span class='ocrx_word' id='word_1_33' title='bbox 1823 814 2035 883; x_wconf 78' lang='lat' dir='ltr'><strong>magnis</strong></span> 
     </span>
    </p>
   </div>
   <div class='ocr_carea' id='block_1_7' title="bbox 465 899 2035 976">
    <p class='ocr_par' dir='ltr' id='par_1_7' title="bbox 465 899 2035 976">
     <span class='ocr_line' id='line_1_7' title="bbox 465 899 2035 976; baseline 0.003 -21"><span class='ocrx_word' id='word_1_34' title='bbox 465 901 629 955; x_wconf 84' lang='lat' dir='ltr'><strong>etiam</strong></span> <span class='ocrx_word' id='word_1_35' title='bbox 669 901 941 955; x_wconf 84' lang='lat' dir='ltr'><strong>laboribus</strong></span> <span class='ocrx_word' id='word_1_36' title='bbox 984 899 1169 968; x_wconf 81' lang='lat' dir='ltr'><strong>perlici</strong></span> <span class='ocrx_word' id='word_1_37' title='bbox 1217 901 1415 956; x_wconf 79' lang='lat' dir='ltr'><strong>solent.</strong></span> <span class='ocrx_word' id='word_1_38' title='bbox 1463 902 1596 957; x_wconf 89' lang='lat' dir='ltr'><strong>Cum</strong></span> <span class='ocrx_word' id='word_1_39' title='bbox 1641 904 1806 975; x_wconf 79' lang='lat' dir='ltr'><strong>igitur</strong></span> <span class='ocrx_word' id='word_1_40' title='bbox 1841 907 2035 976; x_wconf 75' lang='lat' dir='ltr'><strong>exigua</strong></span> 
     </span>
    </p>
   </div>
   <div class='ocr_carea' id='block_1_8' title="bbox 464 993 2034 1066">
    <p class='ocr_par' dir='ltr' id='par_1_8' title="bbox 464 993 2034 1066">
     <span class='ocr_line' id='line_1_8' title="bbox 464 993 2034 1066; baseline 0.003 -17"><span class='ocrx_word' id='word_1_41' title='bbox 464 993 710 1049; x_wconf 82' lang='lat' dir='ltr'><strong>etfutilia</strong></span> <span class='ocrx_word' id='word_1_42' title='bbox 751 996 934 1049; x_wconf 87' lang='lat' dir='ltr'><strong>nescio</strong></span> <span class='ocrx_word' id='word_1_43' title='bbox 967 1009 1085 1062; x_wconf 71' lang='lat' dir='ltr'><strong>qua:</strong></span> <span class='ocrx_word' id='word_1_44' title='bbox 1130 1010 1293 1064; x_wconf 85' lang='lat' dir='ltr'><strong>opera</strong></span> <span class='ocrx_word' id='word_1_45' title='bbox 1323 1006 1438 1050; x_wconf 92' lang='lat' dir='ltr'><strong>tute</strong></span> <span class='ocrx_word' id='word_1_46' title='bbox 1461 996 1649 1060; x_wconf 85' lang='lat' dir='ltr'><strong>facias,</strong></span> <span class='ocrx_word' id='word_1_47' title='bbox 1696 998 1804 1051; x_wconf 91' lang='lat' dir='ltr'><strong>noli</strong></span> <span class='ocrx_word' id='word_1_48' title='bbox 1844 1008 2034 1066; x_wconf 88' lang='lat' dir='ltr'><strong>putare</strong></span> 
     </span>
    </p>
   </div>
   <div class='ocr_carea' id='block_1_9' title="bbox 467 1087 2035 1159">
    <p class='ocr_par' dir='ltr' id='par_1_9' title="bbox 467 1087 2035 1159">
     <span class='ocr_line' id='line_1_9' title="bbox 467 1087 2035 1159; baseline 0.001 -19"><span class='ocrx_word' id='word_1_49' title='bbox 467 1096 517 1141; x_wconf 84' lang='lat' dir='ltr'><strong>te</strong></span> <span class='ocrx_word' id='word_1_50' title='bbox 534 1087 783 1141; x_wconf 75' lang='lat' dir='ltr'><strong>maximis</strong></span> <span class='ocrx_word' id='word_1_51' title='bbox 805 1088 1038 1156; x_wconf 79' lang='lat' dir='ltr'><strong>praemiis</strong></span> <span class='ocrx_word' id='word_1_52' title='bbox 1061 1089 1356 1156; x_wconf 80' lang='lat' dir='ltr'><strong>petiturum</strong></span> <span class='ocrx_word' id='word_1_53' title='bbox 1388 1105 1401 1141; x_wconf 91' lang='lat'><strong>:</strong></span> <span class='ocrx_word' id='word_1_54' title='bbox 1429 1104 1528 1143; x_wconf 91' lang='lat' dir='ltr'><strong>nec</strong></span> <span class='ocrx_word' id='word_1_55' title='bbox 1554 1099 1637 1143; x_wconf 90' lang='lat' dir='ltr'><strong>est</strong></span> <span class='ocrx_word' id='word_1_56' title='bbox 1657 1090 1800 1159; x_wconf 91' lang='lat' dir='ltr'><strong>quod</strong></span> <span class='ocrx_word' id='word_1_57' title='bbox 1828 1105 2035 1159; x_wconf 86' lang='lat' dir='ltr'><strong>speres,</strong></span> 
     </span>
    </p>
   </div>
   <div class='ocr_carea' id='block_1_10' title="bbox 461 1179 2039 1250">
    <p class='ocr_par' dir='ltr' id='par_1_10' title="bbox 461 1179 2039 1250">
     <span class='ocr_line' id='line_1_10' title="bbox 461 1179 2039 1250; baseline 0.003 -17"><span class='ocrx_word' id='word_1_58' title='bbox 461 1193 586 1233; x_wconf 90' lang='lat' dir='ltr'><strong>cum</strong></span> <span class='ocrx_word' id='word_1_59' title='bbox 625 1179 791 1232; x_wconf 84' lang='lat' dir='ltr'><strong>vitam</strong></span> <span class='ocrx_word' id='word_1_60' title='bbox 834 1179 1066 1248; x_wconf 77' lang='lat' dir='ltr'><strong>elegeris</strong></span> <span class='ocrx_word' id='word_1_61' title='bbox 1115 1181 1341 1248; x_wconf 86' lang='lat' dir='ltr'><strong>periculi</strong></span> <span class='ocrx_word' id='word_1_62' title='bbox 1393 1189 1667 1250; x_wconf 77' lang='lat' dir='ltr'><strong>expertem</strong></span> <span class='ocrx_word' id='word_1_63' title='bbox 1706 1196 1770 1236; x_wconf 86' lang='lat' dir='ltr'><strong>ac</strong></span> <span class='ocrx_word' id='word_1_64' title='bbox 1811 1182 2039 1237; x_wconf 87' lang='lat' dir='ltr'><strong>mollitie</strong></span> 
     </span>
    </p>
   </div>
   <div class='ocr_carea' id='block_1_11' title="bbox 462 1266 2036 1336">
    <p class='ocr_par' dir='ltr' id='par_1_11' title="bbox 462 1266 2036 1336">
     <span class='ocr_line' id='line_1_11' title="bbox 462 1266 2036 1336; baseline 0.003 -15"><span class='ocrx_word' id='word_1_65' title='bbox 462 1266 813 1331; x_wconf 75' lang='lat' dir='ltr'><strong>dimuentem,</strong></span> <span class='ocrx_word' id='word_1_66' title='bbox 847 1268 960 1323; x_wconf 80' lang='lat' dir='ltr'><strong>fore</strong></span> <span class='ocrx_word' id='word_1_67' title='bbox 991 1280 1170 1324; x_wconf 90' lang='lat' dir='ltr'><strong>tamen</strong></span> <span class='ocrx_word' id='word_1_68' title='bbox 1201 1271 1252 1323; x_wconf 96' lang='lat' dir='ltr'><strong>in</strong></span> <span class='ocrx_word' id='word_1_69' title='bbox 1286 1269 1465 1327; x_wconf 89' lang='lat' dir='ltr'><strong>fronte</strong></span> <span class='ocrx_word' id='word_1_70' title='bbox 1492 1272 1654 1336; x_wconf 85' lang='lat' dir='ltr'><strong>aciei,</strong></span> <span class='ocrx_word' id='word_1_71' title='bbox 1689 1281 1750 1326; x_wconf 92' lang='lat' dir='ltr'><strong>ut</strong></span> <span class='ocrx_word' id='word_1_72' title='bbox 1774 1272 1853 1327; x_wconf 82' lang='lat' dir='ltr'><strong>sis</strong></span> <span class='ocrx_word' id='word_1_73' title='bbox 1904 1286 2036 1326; x_wconf 83' lang='lat' dir='ltr'><strong>con-</strong></span> 
     </span>
    </p>
   </div>
   <div class='ocr_carea' id='block_1_12' title="bbox 462 1360 2037 1431">
    <p class='ocr_par' dir='ltr' id='par_1_12' title="bbox 462 1360 2037 1431">
     <span class='ocr_line' id='line_1_12' title="bbox 462 1360 2037 1431; baseline 0.002 -17"><span class='ocrx_word' id='word_1_74' title='bbox 462 1360 683 1427; x_wconf 78' lang='lat' dir='ltr'><strong>Spicuus</strong></span> <span class='ocrx_word' id='word_1_75' title='bbox 721 1371 883 1430; x_wconf 83' lang='lat' dir='ltr'><strong>atque</strong></span> <span class='ocrx_word' id='word_1_76' title='bbox 934 1361 1183 1431; x_wconf 86' lang='lat' dir='ltr'><strong>insignis.</strong></span> <span class='ocrx_word' id='word_1_77' title='bbox 1211 1360 1341 1430; x_wconf 88' lang='lat' dir='ltr'><strong>Ejus</strong></span> <span class='ocrx_word' id='word_1_78' title='bbox 1382 1362 1525 1417; x_wconf 91' lang='lat' dir='ltr'><strong>enim</strong></span> <span class='ocrx_word' id='word_1_79' title='bbox 1569 1371 1654 1418; x_wconf 84' lang='lat' dir='ltr'><strong>est</strong></span> <span class='ocrx_word' id='word_1_80' title='bbox 1694 1365 1856 1419; x_wconf 85' lang='lat' dir='ltr'><strong>etiam</strong></span> <span class='ocrx_word' id='word_1_81' title='bbox 1905 1378 2037 1418; x_wconf 80' lang='lat' dir='ltr'><strong>voce</strong></span> 
     </span>
    </p>
   </div>
   <div class='ocr_carea' id='block_1_13' title="bbox 460 1452 2035 1523">
    <p class='ocr_par' dir='ltr' id='par_1_13' title="bbox 460 1452 2035 1523">
     <span class='ocr_line' id='line_1_13' title="bbox 460 1452 2035 1523; baseline 0.003 -18"><span class='ocrx_word' id='word_1_82' title='bbox 460 1452 724 1520; x_wconf 69' lang='lat' dir='ltr'><strong>praeconis</strong></span> <span class='ocrx_word' id='word_1_83' title='bbox 762 1453 1022 1507; x_wconf 89' lang='lat' dir='ltr'><strong>victorem</strong></span> <span class='ocrx_word' id='word_1_84' title='bbox 1057 1453 1405 1521; x_wconf 83' lang='lat' dir='ltr'><strong>proclamari,</strong></span> <span class='ocrx_word' id='word_1_85' title='bbox 1438 1454 1527 1523; x_wconf 90' lang='lat' dir='ltr'><strong>qui</strong></span> <span class='ocrx_word' id='word_1_86' title='bbox 1554 1455 1789 1521; x_wconf 90' lang='lat' dir='ltr'><strong>pericula</strong></span> <span class='ocrx_word' id='word_1_87' title='bbox 1816 1455 2035 1520; x_wconf 82' lang='lat' dir='ltr'><strong>adierit,</strong></span> 
     </span>
    </p>
   </div>
   <div class='ocr_carea' id='block_1_14' title="bbox 460 1542 2037 1615">
    <p class='ocr_par' dir='ltr' id='par_1_14' title="bbox 460 1542 2037 1615">
     <span class='ocr_line' id='line_1_14' title="bbox 460 1542 2037 1615; baseline 0.006 -22"><span class='ocrx_word' id='word_1_88' title='bbox 460 1543 659 1611; x_wconf 85' lang='lat' dir='ltr'><strong>quique</strong></span> <span class='ocrx_word' id='word_1_89' title='bbox 689 1552 890 1612; x_wconf 87' lang='lat' dir='ltr'><strong>tropaea</strong></span> <span class='ocrx_word' id='word_1_90' title='bbox 918 1542 1193 1597; x_wconf 89' lang='lat' dir='ltr'><strong>statuerit.</strong></span> <span class='ocrx_word' id='word_1_91' title='bbox 1220 1544 1371 1609; x_wconf 84' lang='lat' dir='ltr'><strong>Quod</strong></span> <span class='ocrx_word' id='word_1_92' title='bbox 1393 1543 1439 1599; x_wconf 90' lang='lat' dir='ltr'><strong>si</strong></span> <span class='ocrx_word' id='word_1_93' title='bbox 1476 1545 1639 1598; x_wconf 87' lang='lat' dir='ltr'><strong>etiam</strong></span> <span class='ocrx_word' id='word_1_94' title='bbox 1663 1547 1958 1615; x_wconf 76' lang='lat' dir='ltr'><strong>contigerit</strong></span> <span class='ocrx_word' id='word_1_95' title='bbox 1978 1558 2037 1602; x_wconf 89' lang='lat' dir='ltr'><strong>ut</strong></span> 
     </span>
    </p>
   </div>
   <div class='ocr_carea' id='block_1_15' title="bbox 418 1632 2036 1704">
    <p class='ocr_par' dir='ltr' id='par_1_15' title="bbox 418 1632 2036 1704">
     <span class='ocr_line' id='line_1_15' title="bbox 418 1632 2036 1704; baseline 0.006 -20"><span class='ocrx_word' id='word_1_96' title='bbox 418 1654 419 1659; x_wconf 57' lang='grc' dir='ltr'><strong>π</strong></span> <span class='ocrx_word' id='word_1_97' title='bbox 460 1632 515 1685; x_wconf 91' lang='lat' dir='ltr'><strong>in</strong></span> <span class='ocrx_word' id='word_1_98' title='bbox 564 1633 748 1702; x_wconf 74' lang='lat' dir='ltr'><strong>praelio</strong></span> <span class='ocrx_word' id='word_1_99' title='bbox 797 1634 1104 1699; x_wconf 89' lang='lat' dir='ltr'><strong>occumbat,</strong></span> <span class='ocrx_word' id='word_1_100' title='bbox 1162 1634 1421 1688; x_wconf 89' lang='lat' dir='ltr'><strong>memoria</strong></span> <span class='ocrx_word' id='word_1_101' title='bbox 1468 1644 1731 1704; x_wconf 87' lang='lat' dir='ltr'><strong>perpetuo</strong></span> <span class='ocrx_word' id='word_1_102' title='bbox 1776 1638 1931 1699; x_wconf 80' lang='lat' dir='ltr'><strong>vivit,</strong></span> <span class='ocrx_word' id='word_1_103' title='bbox 1981 1648 2036 1693; x_wconf 90' lang='lat' dir='ltr'><strong>et</strong></span> 
     </span>
    </p>
   </div>
   <div class='ocr_carea' id='block_1_16' title="bbox 460 1723 2035 1797">
    <p class='ocr_par' dir='ltr' id='par_1_16' title="bbox 460 1723 2035 1797">
     <span class='ocr_line' id='line_1_16' title="bbox 460 1723 2035 1797; baseline 0.005 -19"><span class='ocrx_word' id='word_1_104' title='bbox 460 1725 681 1794; x_wconf 65' lang='lat' dir='ltr'><strong>praamia</strong></span> <span class='ocrx_word' id='word_1_105' title='bbox 719 1723 922 1793; x_wconf 85' lang='lat' dir='ltr'><strong>majora</strong></span> <span class='ocrx_word' id='word_1_106' title='bbox 951 1740 1111 1793; x_wconf 89' lang='lat' dir='ltr'><strong>quam</strong></span> <span class='ocrx_word' id='word_1_107' title='bbox 1140 1740 1236 1795; x_wconf 91' lang='lat' dir='ltr'><strong>pro</strong></span> <span class='ocrx_word' id='word_1_108' title='bbox 1271 1725 1492 1780; x_wconf 88' lang='lat' dir='ltr'><strong>homine</strong></span> <span class='ocrx_word' id='word_1_109' title='bbox 1518 1737 1898 1797; x_wconf 87' lang='lat' dir='ltr'><strong>consequetur.</strong></span> <span class='ocrx_word' id='word_1_110' title='bbox 1929 1729 2035 1786; x_wconf 90' lang='lat' dir='ltr'><strong>Ge-</strong></span> 
     </span>
    </p>
   </div>
   <div class='ocr_carea' id='block_1_17' title="bbox 1658 330 2535 419">
    <p class='ocr_par' dir='ltr' id='par_1_17' title="bbox 1658 330 2535 419">
     <span class='ocr_line' id='line_1_17' title="bbox 1658 330 2535 419; baseline -0.005 0"><span class='ocrx_word' id='word_1_111' title='bbox 1658 359 1718 419; x_wconf 87' lang='lat' dir='ltr'><strong>s.</strong></span> <span class='ocrx_word' id='word_1_112' title='bbox 1764 357 2056 419; x_wconf 79' lang='lat' dir='ltr'><strong>ISIDORI</strong></span> <span class='ocrx_word' id='word_1_113' title='bbox 2098 330 2535 417; x_wconf 47' lang='lat' dir='ltr'><strong>PELU’SIOT/E</strong></span> 
     </span>
    </p>
   </div>
   <div class='ocr_carea' id='block_1_18' title="bbox 2061 473 3679 627">
    <p class='ocr_par' dir='ltr' id='par_1_18' title="bbox 2061 473 3679 627">
     <span class='ocr_line' id='line_1_18' title="bbox 2061 473 3355 539; baseline -0.005 -17"><span class='ocrx_word' id='word_1_114' title='bbox 2061 473 2112 539; x_wconf 69' lang='grc' dir='ltr'>Α</span> <span class='ocrx_word' id='word_1_115' title='bbox 2492 473 2606 519; x_wconf 70' lang='grc' dir='ltr'><strong>ΡΝ.</strong></span> <span class='ocrx_word' id='word_1_116' title='bbox 2645 495 2715 504; x_wconf 92' lang='lat'><strong>-—</strong></span> <span class='ocrx_word' id='word_1_117' title='bbox 2751 473 2980 517; x_wconf 69' lang='grc' dir='ltr'><strong>ΙΕΡΑΚΙ</strong></span> <span class='ocrx_word' id='word_1_118' title='bbox 3038 473 3355 532; x_wconf 66' lang='grc' dir='ltr'><strong>ΔΙΑΚΟΝῼ.</strong></span> 
     </span>
     <span class='ocr_line' id='line_1_19' title="bbox 2139 555 3679 627; baseline -0.005 -13"><span class='ocrx_word' id='word_1_119' title='bbox 2139 559 2246 626; x_wconf 80' lang='grc' dir='ltr'><strong>Εἰς</strong></span> <span class='ocrx_word' id='word_1_120' title='bbox 2264 559 2330 613; x_wconf 82' lang='grc' dir='ltr'>τὸ</span> <span class='ocrx_word' id='word_1_121' title='bbox 2352 603 2366 624; x_wconf 91' lang='grc'><strong>,</strong></span> <span class='ocrx_word' id='word_1_122' title='bbox 2415 579 2433 610; x_wconf 80' lang='grc' dir='ltr'><strong>ι</strong></span> <span class='ocrx_word' id='word_1_123' title='bbox 2482 557 2654 627; x_wconf 50' lang='grc' dir='ltr'><strong>*Υμῖν</strong></span> <span class='ocrx_word' id='word_1_124' title='bbox 2693 556 3017 627; x_wconf 71' lang='grc' dir='ltr'>ἐχαρίσατο</span> <span class='ocrx_word' id='word_1_125' title='bbox 3056 560 3088 609; x_wconf 87' lang='grc' dir='ltr'><strong>ό</strong></span> <span class='ocrx_word' id='word_1_126' title='bbox 3120 555 3300 627; x_wconf 32' lang='lat' dir='ltr'><strong>Gades</strong></span> <span class='ocrx_word' id='word_1_127' title='bbox 3326 555 3396 627; x_wconf 76' lang='grc' dir='ltr'>οὐ</span> <span class='ocrx_word' id='word_1_128' title='bbox 3422 556 3601 627; x_wconf 77' lang='grc' dir='ltr'>μόνον</span> <span class='ocrx_word' id='word_1_129' title='bbox 3623 558 3679 627; x_wconf 80' lang='grc' dir='ltr'><strong>τό</strong></span> 
     </span>
    </p>
   </div>
   <div class='ocr_carea' id='block_1_19' title="bbox 2492 357 3680 532">
    <p class='ocr_par' dir='ltr' id='par_1_19' title="bbox 2492 357 3680 532">
     <span class='ocr_line' id='line_1_20' title="bbox 2492 357 3680 421; baseline 0.005 -6"><span class='ocrx_word' id='word_1_130' title='bbox 2492 357 2535 415; x_wconf 77' lang='grc' dir='ltr'><strong>Ε</strong></span> <span class='ocrx_word' id='word_1_131' title='bbox 3564 357 3680 421; x_wconf 73' lang='lat'><strong>1172</strong></span> 
     </span>
     <span class='ocr_line' id='line_1_21' title="bbox 2492 462 3355 532; baseline -0.003 -13"><span class='ocrx_word' id='word_1_132' title='bbox 2492 468 2606 519; x_wconf 82' lang='lat' dir='ltr'><strong>PA&#39;.</strong></span> <span class='ocrx_word' id='word_1_133' title='bbox 2645 495 2715 504; x_wconf 92' lang='grc'><strong><em>-</em></strong></span> <span class='ocrx_word' id='word_1_134' title='bbox 2748 464 2983 517; x_wconf 80' lang='grc' dir='ltr'><strong>ΙΕΡΑΚΙ</strong></span> <span class='ocrx_word' id='word_1_135' title='bbox 3038 462 3355 532; x_wconf 77' lang='grc' dir='ltr'><strong>ΔΙΑΚΟΝῼ.</strong></span> 
     </span>
    </p>
   </div>
   <div class='ocr_carea' id='block_1_20' title="bbox 2208 624 3680 715">
    <p class='ocr_par' dir='ltr' id='par_1_20' title="bbox 2208 624 3680 715">
     <span class='ocr_line' id='line_1_22' title="bbox 2208 624 3680 715; baseline -0.002 -32"><span class='ocrx_word' id='word_1_136' title='bbox 2208 624 2297 715; x_wconf 73' lang='grc' dir='ltr'>εἰς</span> <span class='ocrx_word' id='word_1_137' title='bbox 2321 630 2509 684; x_wconf 80' lang='grc' dir='ltr'>αὐτὸν</span> <span class='ocrx_word' id='word_1_138' title='bbox 2543 624 2868 691; x_wconf 58' lang='grc' dir='ltr'>πιστεύειν,</span> <span class='ocrx_word' id='word_1_139' title='bbox 2914 626 3075 679; x_wconf 76' lang='grc' dir='ltr'><em>ἀλλὰ</em></span> <span class='ocrx_word' id='word_1_140' title='bbox 3114 626 3211 677; x_wconf 78' lang='grc' dir='ltr'>καὶ</span> <span class='ocrx_word' id='word_1_141' title='bbox 3242 624 3309 678; x_wconf 84' lang='grc' dir='ltr'>τὸ</span> <span class='ocrx_word' id='word_1_142' title='bbox 3341 626 3487 691; x_wconf 78' lang='grc' dir='ltr'><strong>ὑπὲρ</strong></span> <span class='ocrx_word' id='word_1_143' title='bbox 3517 626 3680 680; x_wconf 82' lang='grc' dir='ltr'>αὑτοῦ</span> 
     </span>
    </p>
   </div>
   <div class='ocr_carea' id='block_1_21' title="bbox 2208 716 2493 770">
    <p class='ocr_par' dir='ltr' id='par_1_21' title="bbox 2208 716 2493 770">
     <span class='ocr_line' id='line_1_23' title="bbox 2208 716 2493 770; baseline -0.004 -18"><span class='ocrx_word' id='word_1_144' title='bbox 2208 716 2493 770; x_wconf 69' lang='grc' dir='ltr'>πάσχειν.</span> 
     </span>
    </p>
   </div>
   <div class='ocr_carea' id='block_1_22' title="bbox 2209 811 3681 884">
    <p class='ocr_par' dir='ltr' id='par_1_22' title="bbox 2209 811 3681 884">
     <span class='ocr_line' id='line_1_24' title="bbox 2209 811 3681 884; baseline -0.003 -15"><span class='ocrx_word' id='word_1_145' title='bbox 2209 814 2290 869; x_wconf 78' lang='grc' dir='ltr'><strong>Τὰ</strong></span> <span class='ocrx_word' id='word_1_146' title='bbox 2328 813 2538 884; x_wconf 88' lang='grc' dir='ltr'>μεγάλα</span> <span class='ocrx_word' id='word_1_147' title='bbox 2587 811 2991 883; x_wconf 79' lang='grc' dir='ltr'><strong>κατορθώματα</strong></span> <span class='ocrx_word' id='word_1_148' title='bbox 3045 812 3303 882; x_wconf 87' lang='grc' dir='ltr'>μεγάλοις</span> <span class='ocrx_word' id='word_1_149' title='bbox 3328 812 3425 865; x_wconf 69' lang='grc' dir='ltr'>καὶ</span> <span class='ocrx_word' id='word_1_150' title='bbox 3444 813 3507 865; x_wconf 76' lang='grc' dir='ltr'>τὰ</span> <span class='ocrx_word' id='word_1_151' title='bbox 3543 812 3681 882; x_wconf 80' lang='grc' dir='ltr'>μέγι-</span> 
     </span>
    </p>
   </div>
   <div class='ocr_carea' id='block_1_23' title="bbox 2139 904 3679 978">
    <p class='ocr_par' dir='ltr' id='par_1_23' title="bbox 2139 904 3679 978">
     <span class='ocr_line' id='line_1_25' title="bbox 2139 904 3679 978; baseline 0 -18"><span class='ocrx_word' id='word_1_152' title='bbox 2139 926 2238 960; x_wconf 89' lang='grc' dir='ltr'><strong>στα</strong></span> <span class='ocrx_word' id='word_1_153' title='bbox 2264 908 2541 978; x_wconf 75' lang='grc' dir='ltr'><strong>μεγίστοις</strong></span> <span class='ocrx_word' id='word_1_154' title='bbox 2572 905 2684 976; x_wconf 86' lang='grc'>(56)</span> <span class='ocrx_word' id='word_1_155' title='bbox 2712 906 2895 968; x_wconf 79' lang='grc' dir='ltr'>πόνοις</span> <span class='ocrx_word' id='word_1_156' title='bbox 2920 904 3319 975; x_wconf 79' lang='grc' dir='ltr'>κατορθοῦσθαι</span> <span class='ocrx_word' id='word_1_157' title='bbox 3342 904 3543 972; x_wconf 67' lang='grc' dir='ltr'>πέφυκε</span> <span class='ocrx_word' id='word_1_158' title='bbox 3561 906 3679 975; x_wconf 70' lang='lat'><strong>(57).</strong></span> 
     </span>
    </p>
   </div>
   <div class='ocr_carea' id='block_1_24' title="bbox 2137 995 3683 1070">
    <p class='ocr_par' dir='ltr' id='par_1_24' title="bbox 2137 995 3683 1070">
     <span class='ocr_line' id='line_1_26' title="bbox 2137 995 3683 1070; baseline -0.003 -17"><span class='ocrx_word' id='word_1_159' title='bbox 2137 998 2227 1070; x_wconf 86' lang='grc' dir='ltr'><strong>Μὴ</strong></span> <span class='ocrx_word' id='word_1_160' title='bbox 2254 998 2434 1051; x_wconf 82' lang='grc' dir='ltr'>τοίνυν</span> <span class='ocrx_word' id='word_1_161' title='bbox 2468 998 2643 1068; x_wconf 83' lang='grc' dir='ltr'>μικρὰ</span> <span class='ocrx_word' id='word_1_162' title='bbox 2675 997 2768 1050; x_wconf 69' lang='grc' dir='ltr'><strong>καὶ</strong></span> <span class='ocrx_word' id='word_1_163' title='bbox 2810 995 2994 1063; x_wconf 89' lang='grc' dir='ltr'>φαῦλα</span> <span class='ocrx_word' id='word_1_164' title='bbox 3022 995 3299 1066; x_wconf 81' lang='grc' dir='ltr'><strong>πράττων,</strong></span> <span class='ocrx_word' id='word_1_165' title='bbox 3330 996 3441 1048; x_wconf 76' lang='grc' dir='ltr'>οἵου</span> <span class='ocrx_word' id='word_1_166' title='bbox 3468 996 3570 1048; x_wconf 83' lang='grc' dir='ltr'>τῶν</span> <span class='ocrx_word' id='word_1_167' title='bbox 3602 1014 3683 1066; x_wconf 78' lang='grc' dir='ltr'>με·</span> 
     </span>
    </p>
   </div>
   <div class='ocr_carea' id='block_1_25' title="bbox 2136 1087 3687 1160">
    <p class='ocr_par' dir='ltr' id='par_1_25' title="bbox 2136 1087 3687 1160">
     <span class='ocr_line' id='line_1_27' title="bbox 2136 1087 3687 1160; baseline -0.002 -16"><span class='ocrx_word' id='word_1_168' title='bbox 2136 1092 2337 1160; x_wconf 84' lang='grc' dir='ltr'>γίστων</span> <span class='ocrx_word' id='word_1_169' title='bbox 2383 1090 2634 1143; x_wconf 82' lang='grc' dir='ltr'>ἐπάθλων</span> <span class='ocrx_word' id='word_1_170' title='bbox 2659 1087 2979 1152; x_wconf 83' lang='grc' dir='ltr'>τεύξεσθαι·</span> <span class='ocrx_word' id='word_1_171' title='bbox 3016 1087 3154 1157; x_wconf 78' lang='grc' dir='ltr'>μηδὲ</span> <span class='ocrx_word' id='word_1_172' title='bbox 3192 1088 3283 1141; x_wconf 81' lang='grc' dir='ltr'>τὸν</span> <span class='ocrx_word' id='word_1_173' title='bbox 3312 1087 3580 1143; x_wconf 83' lang='grc' dir='ltr'>ἀκίνδυνον</span> <span class='ocrx_word' id='word_1_174' title='bbox 3603 1090 3687 1141; x_wconf 76' lang='grc' dir='ltr'><strong>καὶ</strong></span> 
     </span>
    </p>
   </div>
   <div class='ocr_carea' id='block_1_26' title="bbox 2137 1175 3686 1251">
    <p class='ocr_par' dir='ltr' id='par_1_26' title="bbox 2137 1175 3686 1251">
     <span class='ocr_line' id='line_1_28' title="bbox 2137 1175 3686 1251; baseline -0.002 -18"><span class='ocrx_word' id='word_1_175' title='bbox 2137 1181 2305 1251; x_wconf 84' lang='grc' dir='ltr'>ὑγρὸν</span> <span class='ocrx_word' id='word_1_176' title='bbox 2343 1179 2601 1248; x_wconf 77' lang='grc' dir='ltr'>ἐλόμενος</span> <span class='ocrx_word' id='word_1_177' title='bbox 2631 1177 2767 1246; x_wconf 85' lang='grc' dir='ltr'>βίον,</span> <span class='ocrx_word' id='word_1_178' title='bbox 2797 1176 2984 1239; x_wconf 76' lang='grc' dir='ltr'>ἔλπιζε</span> <span class='ocrx_word' id='word_1_179' title='bbox 3008 1178 3065 1229; x_wconf 85' lang='grc' dir='ltr'><strong>ὲν</strong></span> <span class='ocrx_word' id='word_1_180' title='bbox 3099 1175 3176 1246; x_wconf 83' lang='grc' dir='ltr'>τῷ</span> <span class='ocrx_word' id='word_1_181' title='bbox 3208 1176 3448 1246; x_wconf 83' lang='grc' dir='ltr'>μετώπῳ</span> <span class='ocrx_word' id='word_1_182' title='bbox 3474 1177 3565 1247; x_wconf 77' lang='grc' dir='ltr'><strong>τῆς</strong></span> <span class='ocrx_word' id='word_1_183' title='bbox 3598 1177 3686 1246; x_wconf 71' lang='grc' dir='ltr'><strong>φὰρ</strong></span> 
     </span>
    </p>
   </div>
   <div class='ocr_carea' id='block_1_27' title="bbox 2137 1266 3685 1340">
    <p class='ocr_par' dir='ltr' id='par_1_27' title="bbox 2137 1266 3685 1340">
     <span class='ocr_line' id='line_1_29' title="bbox 2137 1266 3685 1340; baseline -0.001 -17"><span class='ocrx_word' id='word_1_184' title='bbox 2137 1271 2340 1339; x_wconf 77' lang='grc' dir='ltr'>λαγγος</span> <span class='ocrx_word' id='word_1_185' title='bbox 2372 1269 2630 1340; x_wconf 79' lang='grc' dir='ltr'>λάμψειν.</span> <span class='ocrx_word' id='word_1_186' title='bbox 2674 1266 2781 1319; x_wconf 89' lang='grc' dir='ltr'><strong>Τοῦ</strong></span> <span class='ocrx_word' id='word_1_187' title='bbox 2837 1266 2946 1337; x_wconf 86' lang='grc' dir='ltr'>γὰρ</span> <span class='ocrx_word' id='word_1_188' title='bbox 2988 1266 3431 1330; x_wconf 83' lang='grc' dir='ltr'>κινδυνεύσαντος</span> <span class='ocrx_word' id='word_1_189' title='bbox 3460 1269 3546 1322; x_wconf 75' lang='grc' dir='ltr'>καὶ</span> <span class='ocrx_word' id='word_1_190' title='bbox 3575 1271 3685 1339; x_wconf 68' lang='grc' dir='ltr'>τρό-</span> 
     </span>
    </p>
   </div>
   <div class='ocr_carea' id='block_1_28' title="bbox 2135 1357 3686 1433">
    <p class='ocr_par' dir='ltr' id='par_1_28' title="bbox 2135 1357 3686 1433">
     <span class='ocr_line' id='line_1_30' title="bbox 2135 1357 3686 1433; baseline -0.003 -17"><span class='ocrx_word' id='word_1_191' title='bbox 2135 1380 2275 1416; x_wconf 88' lang='grc' dir='ltr'>παια</span> <span class='ocrx_word' id='word_1_192' title='bbox 2313 1360 2610 1433; x_wconf 85' lang='grc' dir='ltr'>στήσαντός</span> <span class='ocrx_word' id='word_1_193' title='bbox 2641 1359 2879 1411; x_wconf 73' lang='grc' dir='ltr'>ἐστικαὶ</span> <span class='ocrx_word' id='word_1_194' title='bbox 2920 1357 2980 1409; x_wconf 87' lang='grc' dir='ltr'><strong>τὸ</strong></span> <span class='ocrx_word' id='word_1_195' title='bbox 3019 1357 3511 1429; x_wconf 83' lang='grc' dir='ltr'>ἀνακηρύττεσθαι.</span> <span class='ocrx_word' id='word_1_196' title='bbox 3552 1360 3609 1412; x_wconf 86' lang='grc' dir='ltr'><strong>Εἰ</strong></span> <span class='ocrx_word' id='word_1_197' title='bbox 3637 1360 3686 1413; x_wconf 74' lang='grc' dir='ltr'>δὲ</span> 
     </span>
    </p>
   </div>
   <div class='ocr_carea' id='block_1_29' title="bbox 2135 1449 3684 1523">
    <p class='ocr_par' dir='ltr' id='par_1_29' title="bbox 2135 1449 3684 1523">
     <span class='ocr_line' id='line_1_31' title="bbox 2135 1449 3684 1523; baseline -0.005 -15"><span class='ocrx_word' id='word_1_198' title='bbox 2135 1455 2230 1509; x_wconf 77' lang='grc' dir='ltr'><strong>καὶ</strong></span> <span class='ocrx_word' id='word_1_199' title='bbox 2257 1453 2635 1523; x_wconf 84' lang='grc' dir='ltr'>τελευτήσειεν</span> <span class='ocrx_word' id='word_1_200' title='bbox 2670 1452 2728 1502; x_wconf 84' lang='grc' dir='ltr'>ὲν</span> <span class='ocrx_word' id='word_1_201' title='bbox 2754 1451 2820 1519; x_wconf 83' lang='grc' dir='ltr'>τῇ</span> <span class='ocrx_word' id='word_1_202' title='bbox 2849 1449 3019 1519; x_wconf 77' lang='grc' dir='ltr'>μάχῃ,</span> <span class='ocrx_word' id='word_1_203' title='bbox 3038 1451 3103 1519; x_wconf 79' lang='grc' dir='ltr'>τῇ</span> <span class='ocrx_word' id='word_1_204' title='bbox 3137 1451 3327 1522; x_wconf 72' lang='grc' dir='ltr'>μνήμῃ</span> <span class='ocrx_word' id='word_1_205' title='bbox 3355 1450 3684 1519; x_wconf 84' lang='grc' dir='ltr'>ἀτελεύτητος</span> 
     </span>
    </p>
   </div>
   <div class='ocr_carea' id='block_1_30' title="bbox 2138 1536 3684 1615">
    <p class='ocr_par' dir='ltr' id='par_1_30' title="bbox 2138 1536 3684 1615">
     <span class='ocr_line' id='line_1_32' title="bbox 2138 1536 3684 1615; baseline -0.003 -18"><span class='ocrx_word' id='word_1_206' title='bbox 2138 1545 2287 1615; x_wconf 81' lang='grc' dir='ltr'>μένει</span> <span class='ocrx_word' id='word_1_207' title='bbox 2315 1544 2450 1614; x_wconf 82' lang='lat'><strong>(58),</strong></span> <span class='ocrx_word' id='word_1_208' title='bbox 2473 1542 2569 1595; x_wconf 71' lang='grc' dir='ltr'>καὶ</span> <span class='ocrx_word' id='word_1_209' title='bbox 2585 1538 2653 1594; x_wconf 80' lang='grc' dir='ltr'>τὰ</span> <span class='ocrx_word' id='word_1_210' title='bbox 2672 1539 2885 1593; x_wconf 72' lang='grc' dir='ltr'>ἔπαθλα</span> <span class='ocrx_word' id='word_1_211' title='bbox 2905 1536 3128 1608; x_wconf 78' lang='grc' dir='ltr'>μείζονα</span> <span class='ocrx_word' id='word_1_212' title='bbox 3153 1539 3264 1603; x_wconf 74' lang='grc' dir='ltr'>ἔξει</span> <span class='ocrx_word' id='word_1_213' title='bbox 3287 1539 3321 1610; x_wconf 79' lang='grc' dir='ltr'>ἢ</span> <span class='ocrx_word' id='word_1_214' title='bbox 3344 1540 3489 1593; x_wconf 73' lang='grc' dir='ltr'>κατὰ</span> <span class='ocrx_word' id='word_1_215' title='bbox 3501 1538 3684 1609; x_wconf 81' lang='grc' dir='ltr'>ἄνθρω-</span> 
     </span>
    </p>
   </div>
   <div class='ocr_carea' id='block_1_31' title="bbox 2134 1630 3691 1703">
    <p class='ocr_par' dir='ltr' id='par_1_31' title="bbox 2134 1630 3691 1703">
     <span class='ocr_line' id='line_1_33' title="bbox 2134 1630 3691 1703; baseline -0.004 -12"><span class='ocrx_word' id='word_1_216' title='bbox 2134 1654 2257 1691; x_wconf 89' lang='grc' dir='ltr'>πον.</span> <span class='ocrx_word' id='word_1_217' title='bbox 2298 1636 2357 1688; x_wconf 80' lang='grc' dir='ltr'>Ὀ</span> <span class='ocrx_word' id='word_1_218' title='bbox 2391 1634 2448 1686; x_wconf 82' lang='grc' dir='ltr'>δὲ</span> <span class='ocrx_word' id='word_1_219' title='bbox 2475 1634 2727 1703; x_wconf 86' lang='grc' dir='ltr'>γενναῖος</span> <span class='ocrx_word' id='word_1_220' title='bbox 2751 1632 2851 1685; x_wconf 90' lang='grc' dir='ltr'>τοῦ.</span> <span class='ocrx_word' id='word_1_221' title='bbox 2879 1630 3119 1701; x_wconf 81' lang='grc' dir='ltr'>Χριστοῦ</span> <span class='ocrx_word' id='word_1_222' title='bbox 3152 1631 3479 1703; x_wconf 82' lang='grc' dir='ltr'>στρατηγὸς,</span> <span class='ocrx_word' id='word_1_223' title='bbox 3525 1634 3610 1685; x_wconf 82' lang='grc' dir='ltr'>καὶ</span> <span class='ocrx_word' id='word_1_224' title='bbox 3630 1632 3691 1685; x_wconf 73' lang='grc' dir='ltr'><strong>τὰ.</strong></span> 
     </span>
    </p>
   </div>
   <div class='ocr_carea' id='block_1_32' title="bbox 2135 1716 3687 1798">
    <p class='ocr_par' dir='ltr' id='par_1_32' title="bbox 2135 1716 3687 1798">
     <span class='ocr_line' id='line_1_34' title="bbox 2135 1716 3687 1798; baseline -0.005 -17"><span class='ocrx_word' id='word_1_225' title='bbox 2135 1728 2279 1798; x_wconf 82' lang='grc' dir='ltr'>ὑπὲρ</span> <span class='ocrx_word' id='word_1_226' title='bbox 2304 1724 2469 1779; x_wconf 82' lang='grc' dir='ltr'>αὑτοῦ</span> <span class='ocrx_word' id='word_1_227' title='bbox 2503 1724 2806 1796; x_wconf 84' lang='grc' dir='ltr'>παθήματα</span> <span class='ocrx_word' id='word_1_228' title='bbox 2839 1722 3138 1791; x_wconf 79' lang='grc' dir='ltr'>στεφάνους</span> <span class='ocrx_word' id='word_1_229' title='bbox 3172 1716 3314 1774; x_wconf 72' lang='grc' dir='ltr'>εἶναι</span> <span class='ocrx_word' id='word_1_230' title='bbox 3352 1723 3574 1781; x_wconf 83' lang='grc' dir='ltr'>εἰκότως</span> <span class='ocrx_word' id='word_1_231' title='bbox 3615 1740 3687 1774; x_wconf 86' lang='grc' dir='ltr'>νο·</span> 
     </span>
    </p>
   </div>
   <div class='ocr_carea' id='block_1_33' title="bbox 460 1812 2032 1892">
    <p class='ocr_par' dir='ltr' id='par_1_33' title="bbox 460 1816 2032 1892">
     <span class='ocr_line' id='line_1_35' title="bbox 460 1816 2032 1892; baseline 0.006 -22"><span class='ocrx_word' id='word_1_232' title='bbox 460 1831 688 1871; x_wconf 87' lang='lat' dir='ltr'><strong>uerosus</strong></span> <span class='ocrx_word' id='word_1_233' title='bbox 727 1828 909 1872; x_wconf 89' lang='lat' dir='ltr'><strong>autem</strong></span> <span class='ocrx_word' id='word_1_234' title='bbox 946 1817 1034 1873; x_wconf 82' lang='lat' dir='ltr'><strong>ille</strong></span> <span class='ocrx_word' id='word_1_235' title='bbox 1062 1816 1263 1873; x_wconf 88' lang='lat' dir='ltr'><strong>Christi</strong></span> <span class='ocrx_word' id='word_1_236' title='bbox 1295 1818 1398 1872; x_wconf 84' lang='lat' dir='ltr'><strong>dux</strong></span> <span class='ocrx_word' id='word_1_237' title='bbox 1444 1819 1651 1874; x_wconf 58' lang='lat' dir='ltr'><strong>militiae</strong></span> <span class='ocrx_word' id='word_1_238' title='bbox 1694 1835 1753 1875; x_wconf 91' lang='lat' dir='ltr'><strong>ea</strong></span> <span class='ocrx_word' id='word_1_239' title='bbox 1790 1837 1909 1889; x_wconf 85' lang='lat' dir='ltr'><strong>quae</strong></span> <span class='ocrx_word' id='word_1_240' title='bbox 1946 1840 2032 1892; x_wconf 82' lang='lat' dir='ltr'><strong>pro</strong></span> 
     </span>
    </p>
   </div>
   <div class='ocr_carea' id='block_1_34' title="bbox 2147 1812 3689 1892">
    <p class='ocr_par' dir='ltr' id='par_1_34' title="bbox 2148 1812 3689 1890">
     <span class='ocr_line' id='line_1_36' title="bbox 2148 1812 3689 1890; baseline -0.003 -20"><span class='ocrx_word' id='word_1_241' title='bbox 2148 1817 2315 1890; x_wconf 72' lang='grc' dir='ltr'>μίξει,</span> <span class='ocrx_word' id='word_1_242' title='bbox 2347 1816 2549 1884; x_wconf 80' lang='grc' dir='ltr'>λέγων’</span> <span class='ocrx_word' id='word_1_243' title='bbox 2585 1834 2604 1868; x_wconf 84' lang='lat' dir='ltr'><strong>t</strong></span> <span class='ocrx_word' id='word_1_244' title='bbox 2640 1815 2802 1885; x_wconf 83' lang='grc' dir='ltr'><strong>Ὑμῖν</strong></span> <span class='ocrx_word' id='word_1_245' title='bbox 2823 1813 3115 1885; x_wconf 77' lang='grc' dir='ltr'>ἐχαρίσατο</span> <span class='ocrx_word' id='word_1_246' title='bbox 3136 1814 3165 1866; x_wconf 88' lang='grc' dir='ltr'>ὁ</span> <span class='ocrx_word' id='word_1_247' title='bbox 3196 1812 3351 1877; x_wconf 82' lang='grc' dir='ltr'>Θεὸς,</span> <span class='ocrx_word' id='word_1_248' title='bbox 3389 1814 3450 1865; x_wconf 79' lang='grc' dir='ltr'>οὐ</span> <span class='ocrx_word' id='word_1_249' title='bbox 3477 1813 3689 1882; x_wconf 81' lang='grc' dir='ltr'>μόνοντὸ</span> 
     </span>
    </p>
   </div>
   <div class='ocr_carea' id='block_1_35' title="bbox 459 1910 2024 1986">
    <p class='ocr_par' dir='ltr' id='par_1_35' title="bbox 459 1910 2024 1986">
     <span class='ocr_line' id='line_1_37' title="bbox 459 1910 2024 1986; baseline 0.005 -24"><span class='ocrx_word' id='word_1_250' title='bbox 459 1911 577 1979; x_wconf 86' lang='lat' dir='ltr'><strong>ipso</strong></span> <span class='ocrx_word' id='word_1_251' title='bbox 606 1910 856 1974; x_wconf 74' lang='lat' dir='ltr'><strong>susﬁnet,</strong></span> <span class='ocrx_word' id='word_1_252' title='bbox 884 1910 1078 1964; x_wconf 90' lang='lat' dir='ltr'><strong>merito</strong></span> <span class='ocrx_word' id='word_1_253' title='bbox 1107 1925 1207 1980; x_wconf 86' lang='lat' dir='ltr'><strong>pro</strong></span> <span class='ocrx_word' id='word_1_254' title='bbox 1248 1911 1466 1967; x_wconf 89' lang='lat' dir='ltr'><strong>coronis</strong></span> <span class='ocrx_word' id='word_1_255' title='bbox 1492 1912 1677 1981; x_wconf 89' lang='lat' dir='ltr'><strong>habet,</strong></span> <span class='ocrx_word' id='word_1_256' title='bbox 1712 1913 1876 1986; x_wconf 58' lang='lat'><strong>570</strong></span> <span class='ocrx_word' id='word_1_257' title='bbox 1898 1916 2024 1971; x_wconf 85' lang='lat' dir='ltr'><strong>dum</strong></span> 
     </span>
    </p>
   </div>
   <div class='ocr_carea' id='block_1_36' title="bbox 458 2000 2029 2074">
    <p class='ocr_par' dir='ltr' id='par_1_36' title="bbox 458 2000 2029 2074">
     <span class='ocr_line' id='line_1_38' title="bbox 458 2000 2029 2074; baseline 0.004 -18"><span class='ocrx_word' id='word_1_258' title='bbox 458 2002 536 2056; x_wconf 86' lang='lat' dir='ltr'><strong>ait</strong></span> <span class='ocrx_word' id='word_1_259' title='bbox 570 2017 584 2054; x_wconf 89' lang='lat'><strong>:</strong></span> <span class='ocrx_word' id='word_1_260' title='bbox 624 2021 643 2054; x_wconf 81' lang='grc' dir='ltr'><strong>ι</strong></span> <span class='ocrx_word' id='word_1_261' title='bbox 687 2000 847 2057; x_wconf 74' lang='lat' dir='ltr'><strong>Vobis</strong></span> <span class='ocrx_word' id='word_1_262' title='bbox 877 2002 1025 2057; x_wconf 84' lang='lat' dir='ltr'><strong>dedit</strong></span> <span class='ocrx_word' id='word_1_263' title='bbox 1060 2002 1221 2068; x_wconf 90' lang='lat' dir='ltr'><strong>Deus,</strong></span> <span class='ocrx_word' id='word_1_264' title='bbox 1248 2018 1354 2057; x_wconf 91' lang='lat' dir='ltr'><strong>non</strong></span> <span class='ocrx_word' id='word_1_265' title='bbox 1389 2004 1562 2059; x_wconf 91' lang='lat' dir='ltr'><strong>solum</strong></span> <span class='ocrx_word' id='word_1_266' title='bbox 1606 2006 1658 2059; x_wconf 93' lang='lat' dir='ltr'><strong>in</strong></span> <span class='ocrx_word' id='word_1_267' title='bbox 1704 2006 1877 2074; x_wconf 84' lang='lat' dir='ltr'><strong>ipsum</strong></span> <span class='ocrx_word' id='word_1_268' title='bbox 1911 2024 2029 2063; x_wconf 90' lang='lat' dir='ltr'><strong>cre-</strong></span> 
     </span>
    </p>
   </div>
   <div class='ocr_carea' id='block_1_37' title="bbox 457 2092 2030 2166">
    <p class='ocr_par' dir='ltr' id='par_1_37' title="bbox 457 2092 2030 2166">
     <span class='ocr_line' id='line_1_39' title="bbox 457 2092 2030 2166; baseline 0.006 -20"><span class='ocrx_word' id='word_1_269' title='bbox 457 2092 606 2161; x_wconf 83' lang='lat' dir='ltr'><strong>dere,</strong></span> <span class='ocrx_word' id='word_1_270' title='bbox 634 2095 727 2148; x_wconf 88' lang='lat' dir='ltr'><strong>sed</strong></span> <span class='ocrx_word' id='word_1_271' title='bbox 774 2094 939 2149; x_wconf 89' lang='lat' dir='ltr'><strong>etiam</strong></span> <span class='ocrx_word' id='word_1_272' title='bbox 975 2110 1073 2164; x_wconf 75' lang='lat' dir='ltr'><strong>pro</strong></span> <span class='ocrx_word' id='word_1_273' title='bbox 1102 2096 1220 2165; x_wconf 85' lang='lat' dir='ltr'><strong>ipso</strong></span> <span class='ocrx_word' id='word_1_274' title='bbox 1247 2097 1378 2166; x_wconf 90' lang='lat' dir='ltr'><strong>pati.</strong></span> <span class='ocrx_word' id='word_1_275' title='bbox 1417 2114 1439 2149; x_wconf 75' lang='grc' dir='ltr'><strong>ι</strong></span> <span class='ocrx_word' id='word_1_276' title='bbox 1467 2095 1599 2151; x_wconf 88' lang='lat' dir='ltr'><strong>Nam</strong></span> <span class='ocrx_word' id='word_1_277' title='bbox 1640 2107 1697 2152; x_wconf 90' lang='lat' dir='ltr'><strong>ut</strong></span> <span class='ocrx_word' id='word_1_278' title='bbox 1723 2097 1832 2166; x_wconf 86' lang='lat' dir='ltr'><strong>jam</strong></span> <span class='ocrx_word' id='word_1_279' title='bbox 1864 2102 2030 2155; x_wconf 89' lang='lat' dir='ltr'><strong>omit-</strong></span> 
     </span>
    </p>
   </div>
   <div class='ocr_carea' id='block_1_38' title="bbox 459 2187 2032 2263">
    <p class='ocr_par' dir='ltr' id='par_1_38' title="bbox 459 2187 2032 2263">
     <span class='ocr_line' id='line_1_40' title="bbox 459 2187 2032 2263; baseline 0.006 -22"><span class='ocrx_word' id='word_1_280' title='bbox 459 2197 590 2254; x_wconf 86' lang='lat' dir='ltr'><strong>tam,</strong></span> <span class='ocrx_word' id='word_1_281' title='bbox 625 2187 820 2256; x_wconf 84' lang='lat' dir='ltr'><strong>inquit,</strong></span> <span class='ocrx_word' id='word_1_282' title='bbox 854 2187 1030 2241; x_wconf 76' lang='lat' dir='ltr'><strong>futura</strong></span> <span class='ocrx_word' id='word_1_283' title='bbox 1062 2189 1222 2254; x_wconf 89' lang='lat' dir='ltr'><strong>bona,</strong></span> <span class='ocrx_word' id='word_1_284' title='bbox 1255 2190 1418 2243; x_wconf 87' lang='lat' dir='ltr'><strong>etiam</strong></span> <span class='ocrx_word' id='word_1_285' title='bbox 1450 2190 1577 2259; x_wconf 84' lang='lat' dir='ltr'><strong>ipsae</strong></span> <span class='ocrx_word' id='word_1_286' title='bbox 1604 2193 1906 2259; x_wconf 86' lang='lat' dir='ltr'><strong>passiones,</strong></span> <span class='ocrx_word' id='word_1_287' title='bbox 1936 2210 2032 2263; x_wconf 89' lang='lat' dir='ltr'><strong>per</strong></span> 
     </span>
    </p>
   </div>
   <div class='ocr_carea' id='block_1_39' title="bbox 457 2278 2031 2350">
    <p class='ocr_par' dir='ltr' id='par_1_39' title="bbox 457 2278 2031 2350">
     <span class='ocr_line' id='line_1_41' title="bbox 457 2278 2031 2350; baseline 0.004 -17"><span class='ocrx_word' id='word_1_288' title='bbox 457 2295 594 2350; x_wconf 92' lang='lat' dir='ltr'><strong>quas</strong></span> <span class='ocrx_word' id='word_1_289' title='bbox 637 2281 798 2335; x_wconf 89' lang='lat' dir='ltr'><strong>etiam</strong></span> <span class='ocrx_word' id='word_1_290' title='bbox 835 2280 934 2349; x_wconf 87' lang='lat' dir='ltr'><strong>ipsi</strong></span> <span class='ocrx_word' id='word_1_291' title='bbox 988 2278 1217 2335; x_wconf 88' lang='lat' dir='ltr'><strong>Domino</strong></span> <span class='ocrx_word' id='word_1_292' title='bbox 1257 2284 1739 2349; x_wconf 88' lang='lat' dir='ltr'><strong>communicamus,</strong></span> <span class='ocrx_word' id='word_1_293' title='bbox 1797 2287 2031 2341; x_wconf 79' lang='lat' dir='ltr'><strong>maxima</strong></span> 
     </span>
    </p>
   </div>
   <div class='ocr_carea' id='block_1_40' title="bbox 455 2370 1767 2441">
    <p class='ocr_par' dir='ltr' id='par_1_40' title="bbox 455 2370 1767 2441">
     <span class='ocr_line' id='line_1_42' title="bbox 455 2370 1767 2441; baseline 0.005 -17"><span class='ocrx_word' id='word_1_294' title='bbox 455 2379 584 2424; x_wconf 86' lang='lat' dir='ltr'><strong>sunt</strong></span> <span class='ocrx_word' id='word_1_295' title='bbox 610 2370 829 2440; x_wconf 67' lang='lat' dir='ltr'><strong>praemia</strong></span> <span class='ocrx_word' id='word_1_296' title='bbox 861 2380 915 2425; x_wconf 90' lang='lat' dir='ltr'><strong>et</strong></span> <span class='ocrx_word' id='word_1_297' title='bbox 943 2385 1159 2426; x_wconf 65' lang='lat' dir='ltr'><strong>corona;</strong></span> <span class='ocrx_word' id='word_1_298' title='bbox 1182 2371 1341 2441; x_wconf 81' lang='lat' dir='ltr'><strong>longe</strong></span> <span class='ocrx_word' id='word_1_299' title='bbox 1366 2372 1767 2441; x_wconf 67' lang='lat' dir='ltr'><strong>pulcherrimae.</strong></span> 
     </span>
    </p>
   </div>
   <div class='ocr_carea' id='block_1_41' title="bbox 702 2481 1779 2541">
    <p class='ocr_par' dir='ltr' id='par_1_41' title="bbox 702 2481 1779 2541">
     <span class='ocr_line' id='line_1_43' title="bbox 702 2481 1779 2541; baseline 0.002 -2"><span class='ocrx_word' id='word_1_300' title='bbox 702 2481 814 2539; x_wconf 73' lang='lat' dir='ltr'><strong>CV.</strong></span> <span class='ocrx_word' id='word_1_301' title='bbox 845 2514 916 2526; x_wconf 96' lang='lat'><strong>—</strong></span> <span class='ocrx_word' id='word_1_302' title='bbox 963 2482 1256 2539; x_wconf 82' lang='lat' dir='ltr'><strong>OPHELIO</strong></span> <span class='ocrx_word' id='word_1_303' title='bbox 1295 2484 1779 2541; x_wconf 70' lang='lat' dir='ltr'><strong>GRAMMATICO.</strong></span> 
     </span>
    </p>
   </div>
   <div class='ocr_carea' id='block_1_42' title="bbox 1020 2574 1468 2632">
    <p class='ocr_par' dir='ltr' id='par_1_42' title="bbox 1020 2574 1468 2632">
     <span class='ocr_line' id='line_1_44' title="bbox 1020 2574 1468 2632; baseline 0.007 -3"><span class='ocrx_word' id='word_1_304' title='bbox 1020 2574 1094 2629; x_wconf 87' lang='lat' dir='ltr'><strong>De</strong></span> <span class='ocrx_word' id='word_1_305' title='bbox 1116 2577 1468 2632; x_wconf 75' lang='lat' dir='ltr'><strong>dwmonibus.</strong></span> 
     </span>
    </p>
   </div>
   <div class='ocr_carea' id='block_1_43' title="bbox 526 2686 2032 2759">
    <p class='ocr_par' dir='ltr' id='par_1_43' title="bbox 526 2686 2032 2759">
     <span class='ocr_line' id='line_1_45' title="bbox 526 2686 2032 2759; baseline 0.003 -18"><span class='ocrx_word' id='word_1_306' title='bbox 526 2686 790 2755; x_wconf 80' lang='lat' dir='ltr'><strong>Quoniam</strong></span> <span class='ocrx_word' id='word_1_307' title='bbox 823 2698 874 2742; x_wconf 90' lang='lat' dir='ltr'><strong>te</strong></span> <span class='ocrx_word' id='word_1_308' title='bbox 908 2690 1089 2743; x_wconf 88' lang='lat' dir='ltr'><strong>mirari</strong></span> <span class='ocrx_word' id='word_1_309' title='bbox 1124 2689 1370 2753; x_wconf 89' lang='lat' dir='ltr'><strong>dicebas,</strong></span> <span class='ocrx_word' id='word_1_310' title='bbox 1398 2690 1667 2759; x_wconf 87' lang='lat' dir='ltr'><strong>quomodo</strong></span> <span class='ocrx_word' id='word_1_311' title='bbox 1694 2691 1933 2745; x_wconf 89' lang='lat' dir='ltr'><strong>nonnulli</strong></span> <span class='ocrx_word' id='word_1_312' title='bbox 1965 2707 2032 2746; x_wconf 77' lang='lat' dir='ltr'><strong>ex</strong></span> 
     </span>
    </p>
   </div>
   <div class='ocr_carea' id='block_1_44' title="bbox 456 2779 2034 2850">
    <p class='ocr_par' dir='ltr' id='par_1_44' title="bbox 456 2779 2034 2850">
     <span class='ocr_line' id='line_1_46' title="bbox 456 2779 2034 2850; baseline 0.003 -18"><span class='ocrx_word' id='word_1_313' title='bbox 456 2779 635 2834; x_wconf 77' lang='lat' dir='ltr'><strong>noxiis</strong></span> <span class='ocrx_word' id='word_1_314' title='bbox 684 2780 1019 2835; x_wconf 59' lang='lat' dir='ltr'><strong>daemonibus</strong></span> <span class='ocrx_word' id='word_1_315' title='bbox 1044 2781 1401 2848; x_wconf 83' lang='lat' dir='ltr'><strong>postularim,</strong></span> <span class='ocrx_word' id='word_1_316' title='bbox 1444 2798 1600 2839; x_wconf 90' lang='lat' dir='ltr'><strong>suum</strong></span> <span class='ocrx_word' id='word_1_317' title='bbox 1651 2783 2034 2850; x_wconf 83' lang='lat' dir='ltr'><strong>cultorcmju-</strong></span> 
     </span>
    </p>
   </div>
   <div class='ocr_carea' id='block_1_45' title="bbox 455 2869 2035 2941">
    <p class='ocr_par' dir='ltr' id='par_1_45' title="bbox 455 2869 2035 2941">
     <span class='ocr_line' id='line_1_47' title="bbox 455 2869 2035 2941; baseline 0.004 -20"><span class='ocrx_word' id='word_1_318' title='bbox 455 2877 598 2922; x_wconf 74' lang='lat' dir='ltr'><strong>stum</strong></span> <span class='ocrx_word' id='word_1_319' title='bbox 629 2882 770 2933; x_wconf 87' lang='lat' dir='ltr'><strong>esse,</strong></span> <span class='ocrx_word' id='word_1_320' title='bbox 804 2869 878 2922; x_wconf 93' lang='lat' dir='ltr'><strong>illi</strong></span> <span class='ocrx_word' id='word_1_321' title='bbox 909 2885 1035 2925; x_wconf 90' lang='lat' dir='ltr'><strong>vero</strong></span> <span class='ocrx_word' id='word_1_322' title='bbox 1062 2870 1255 2940; x_wconf 87' lang='lat' dir='ltr'><strong>injusta</strong></span> <span class='ocrx_word' id='word_1_323' title='bbox 1308 2888 1468 2941; x_wconf 77' lang='lat' dir='ltr'><strong>agere</strong></span> <span class='ocrx_word' id='word_1_324' title='bbox 1495 2877 1891 2941; x_wconf 87' lang='lat' dir='ltr'><strong>sustinuerunt,</strong></span> <span class='ocrx_word' id='word_1_325' title='bbox 1921 2875 2035 2928; x_wconf 79' lang='lat' dir='ltr'><strong>exi-</strong></span> 
     </span>
    </p>
   </div>
   <div class='ocr_carea' id='block_1_46' title="bbox 453 2958 2033 3032">
    <p class='ocr_par' dir='ltr' id='par_1_46' title="bbox 453 2958 2033 3032">
     <span class='ocr_line' id='line_1_48' title="bbox 453 2958 2033 3032; baseline 0.003 -20"><span class='ocrx_word' id='word_1_326' title='bbox 453 2958 617 3012; x_wconf 83' lang='lat' dir='ltr'><strong>stimo</strong></span> <span class='ocrx_word' id='word_1_327' title='bbox 651 2958 848 3012; x_wconf 88' lang='lat' dir='ltr'><strong>idcirco</strong></span> <span class='ocrx_word' id='word_1_328' title='bbox 876 2958 1019 3027; x_wconf 89' lang='lat' dir='ltr'><strong>ipsos</strong></span> <span class='ocrx_word' id='word_1_329' title='bbox 1040 2958 1343 3027; x_wconf 83' lang='lat' dir='ltr'><strong>postulasse</strong></span> <span class='ocrx_word' id='word_1_330' title='bbox 1375 2967 1435 3014; x_wconf 89' lang='lat' dir='ltr'><strong>ut</strong></span> <span class='ocrx_word' id='word_1_331' title='bbox 1459 2962 1633 3016; x_wconf 80' lang='lat' dir='ltr'><strong>cultor</strong></span> <span class='ocrx_word' id='word_1_332' title='bbox 1650 2977 1782 3016; x_wconf 84' lang='lat' dir='ltr'><strong>suus</strong></span> <span class='ocrx_word' id='word_1_333' title='bbox 1809 2962 2033 3032; x_wconf 75' lang='lat' dir='ltr'><strong>justitite</strong></span> 
     </span>
    </p>
   </div>
   <div class='ocr_carea' id='block_1_47' title="bbox 454 3049 2036 3119">
    <p class='ocr_par' dir='ltr' id='par_1_47' title="bbox 454 3049 2036 3119">
     <span class='ocr_line' id='line_1_49' title="bbox 454 3049 2036 3119; baseline 0.004 -20"><span class='ocrx_word' id='word_1_334' title='bbox 454 3062 672 3114; x_wconf 79' lang='lat' dir='ltr'><strong>operam</strong></span> <span class='ocrx_word' id='word_1_335' title='bbox 704 3049 879 3115; x_wconf 89' lang='lat' dir='ltr'><strong>daret,</strong></span> <span class='ocrx_word' id='word_1_336' title='bbox 930 3049 1052 3119; x_wconf 89' lang='lat' dir='ltr'><strong>quia</strong></span> <span class='ocrx_word' id='word_1_337' title='bbox 1076 3065 1133 3105; x_wconf 91' lang='lat' dir='ltr'><strong>se</strong></span> <span class='ocrx_word' id='word_1_338' title='bbox 1160 3065 1256 3118; x_wconf 91' lang='lat' dir='ltr'><strong>pro</strong></span> <span class='ocrx_word' id='word_1_339' title='bbox 1280 3051 1383 3105; x_wconf 89' lang='lat' dir='ltr'><strong>diis</strong></span> <span class='ocrx_word' id='word_1_340' title='bbox 1431 3053 1709 3118; x_wconf 74' lang='lat' dir='ltr'><strong>gerebant,</strong></span> <span class='ocrx_word' id='word_1_341' title='bbox 1739 3062 1794 3107; x_wconf 89' lang='lat' dir='ltr'><strong>et</strong></span> <span class='ocrx_word' id='word_1_342' title='bbox 1821 3053 1889 3106; x_wconf 92' lang='lat' dir='ltr'><strong>ab</strong></span> <span class='ocrx_word' id='word_1_343' title='bbox 1917 3067 2036 3107; x_wconf 87' lang='lat' dir='ltr'><strong>om-</strong></span> 
     </span>
    </p>
   </div>
   <div class='ocr_carea' id='block_1_48' title="bbox 456 3136 2031 3208">
    <p class='ocr_par' dir='ltr' id='par_1_48' title="bbox 456 3136 2031 3208">
     <span class='ocr_line' id='line_1_50' title="bbox 456 3136 2031 3208; baseline 0.006 -20"><span class='ocrx_word' id='word_1_344' title='bbox 456 3136 616 3191; x_wconf 76' lang='lat' dir='ltr'><strong>nibus</strong></span> <span class='ocrx_word' id='word_1_345' title='bbox 641 3138 825 3191; x_wconf 91' lang='lat' dir='ltr'><strong>haberi</strong></span> <span class='ocrx_word' id='word_1_346' title='bbox 853 3137 1119 3193; x_wconf 81' lang='lat' dir='ltr'><strong>volebant.</strong></span> <span class='ocrx_word' id='word_1_347' title='bbox 1147 3137 1347 3208; x_wconf 80' lang='lat' dir='ltr'><strong>lnjusta</strong></span> <span class='ocrx_word' id='word_1_348' title='bbox 1372 3155 1503 3195; x_wconf 88' lang='lat' dir='ltr'><strong>vero</strong></span> <span class='ocrx_word' id='word_1_349' title='bbox 1525 3141 2031 3207; x_wconf 88' lang='lat' dir='ltr'><strong>subministrabant,</strong></span> 
     </span>
    </p>
   </div>
   <div class='ocr_carea' id='block_1_49' title="bbox 2131 1904 3682 1978">
    <p class='ocr_par' dir='ltr' id='par_1_49' title="bbox 2131 1904 3682 1978">
     <span class='ocr_line' id='line_1_51' title="bbox 2131 1904 3682 1978; baseline -0.005 -15"><span class='ocrx_word' id='word_1_350' title='bbox 2131 1912 2212 1974; x_wconf 82' lang='grc' dir='ltr'><strong>εἰς</strong></span> <span class='ocrx_word' id='word_1_351' title='bbox 2251 1908 2416 1964; x_wconf 81' lang='grc' dir='ltr'>αὐτὸν</span> <span class='ocrx_word' id='word_1_352' title='bbox 2453 1907 2563 1978; x_wconf 79' lang='grc'><strong>(59)</strong></span> <span class='ocrx_word' id='word_1_353' title='bbox 2609 1905 2911 1969; x_wconf 84' lang='grc' dir='ltr'>πιστεύειν,</span> <span class='ocrx_word' id='word_1_354' title='bbox 2952 1904 3090 1958; x_wconf 75' lang='grc' dir='ltr'>ἀλλὰ</span> <span class='ocrx_word' id='word_1_355' title='bbox 3119 1904 3217 1958; x_wconf 78' lang='grc' dir='ltr'>καὶ</span> <span class='ocrx_word' id='word_1_356' title='bbox 3260 1904 3329 1956; x_wconf 65' lang='lat' dir='ltr'><strong>rb</strong></span> <span class='ocrx_word' id='word_1_357' title='bbox 3372 1905 3511 1975; x_wconf 67' lang='grc' dir='ltr'>ὑπὲρ</span> <span class='ocrx_word' id='word_1_358' title='bbox 3542 1904 3682 1957; x_wconf 71' lang='grc' dir='ltr'>αὐτοῦ</span> 
     </span>
    </p>
   </div>
   <div class='ocr_carea' id='block_1_50' title="bbox 2130 1995 3685 2072">
    <p class='ocr_par' dir='ltr' id='par_1_50' title="bbox 2130 1995 3685 2072">
     <span class='ocr_line' id='line_1_52' title="bbox 2130 1995 3685 2072; baseline -0.004 -16"><span class='ocrx_word' id='word_1_359' title='bbox 2130 2001 2384 2072; x_wconf 78' lang='grc' dir='ltr'>πάσχειν.</span> <span class='ocrx_word' id='word_1_360' title='bbox 2416 2018 2435 2049; x_wconf 72' lang='grc' dir='ltr'><strong>ι</strong></span> <span class='ocrx_word' id='word_1_361' title='bbox 2467 1998 2585 2052; x_wconf 82' lang='grc' dir='ltr'>Ἵνα</span> <span class='ocrx_word' id='word_1_362' title='bbox 2601 1997 2710 2068; x_wconf 82' lang='grc' dir='ltr'><strong>γὰρ</strong></span> <span class='ocrx_word' id='word_1_363' title='bbox 2731 1996 2910 2067; x_wconf 87' lang='grc' dir='ltr'>παρῶ,</span> <span class='ocrx_word' id='word_1_364' title='bbox 2934 1996 3094 2065; x_wconf 67' lang='grc' dir='ltr'>φησι,</span> <span class='ocrx_word' id='word_1_365' title='bbox 3121 1998 3191 2048; x_wconf 81' lang='grc' dir='ltr'>τὰ</span> <span class='ocrx_word' id='word_1_366' title='bbox 3217 1995 3485 2067; x_wconf 81' lang='grc' dir='ltr'>μέλλοντα</span> <span class='ocrx_word' id='word_1_367' title='bbox 3508 1996 3685 2064; x_wconf 79' lang='grc' dir='ltr'>ἀγαθὰ,</span> 
     </span>
    </p>
   </div>
   <div class='ocr_carea' id='block_1_51' title="bbox 2131 2083 3689 2161">
    <p class='ocr_par' dir='ltr' id='par_1_51' title="bbox 2131 2083 3689 2161">
     <span class='ocr_line' id='line_1_53' title="bbox 2131 2083 3689 2161; baseline -0.004 -15"><span class='ocrx_word' id='word_1_368' title='bbox 2131 2094 2271 2147; x_wconf 78' lang='grc' dir='ltr'><strong>αὑτὰ</strong></span> <span class='ocrx_word' id='word_1_369' title='bbox 2297 2092 2367 2144; x_wconf 82' lang='grc' dir='ltr'>τὰ</span> <span class='ocrx_word' id='word_1_370' title='bbox 2403 2090 2575 2161; x_wconf 82' lang='grc' dir='ltr'>πάθη,</span> <span class='ocrx_word' id='word_1_371' title='bbox 2606 2089 2673 2143; x_wconf 85' lang='grc' dir='ltr'>δι’</span> <span class='ocrx_word' id='word_1_372' title='bbox 2711 2083 2787 2142; x_wconf 87' lang='grc' dir='ltr'>ὧν</span> <span class='ocrx_word' id='word_1_373' title='bbox 2814 2088 2910 2142; x_wconf 76' lang='grc' dir='ltr'><strong>καὶ</strong></span> <span class='ocrx_word' id='word_1_374' title='bbox 2935 2087 3014 2159; x_wconf 86' lang='grc' dir='ltr'>τῷ</span> <span class='ocrx_word' id='word_1_375' title='bbox 3047 2088 3298 2159; x_wconf 82' lang='grc' dir='ltr'>Δεσπότῃ</span> <span class='ocrx_word' id='word_1_376' title='bbox 3327 2087 3689 2159; x_wconf 68' lang='grc' dir='ltr'>κοινωνοῦμεν,</span> 
     </span>
    </p>
   </div>
   <div class='ocr_carea' id='block_1_52' title="bbox 2136 2180 3505 2256">
    <p class='ocr_par' dir='ltr' id='par_1_52' title="bbox 2136 2180 3505 2256">
     <span class='ocr_line' id='line_1_54' title="bbox 2136 2180 3505 2256; baseline -0.004 -17"><span class='ocrx_word' id='word_1_377' title='bbox 2136 2185 2369 2256; x_wconf 82' lang='grc' dir='ltr'>μέγιστά</span> <span class='ocrx_word' id='word_1_378' title='bbox 2390 2186 2507 2237; x_wconf 76' lang='grc' dir='ltr'>ἐστι</span> <span class='ocrx_word' id='word_1_379' title='bbox 2532 2182 2781 2253; x_wconf 76' lang='grc' dir='ltr'>βραδεῖα,</span> <span class='ocrx_word' id='word_1_380' title='bbox 2808 2183 2901 2237; x_wconf 76' lang='grc' dir='ltr'>καὶ</span> <span class='ocrx_word' id='word_1_381' title='bbox 2931 2181 3184 2250; x_wconf 72' lang='grc' dir='ltr'>στέφανοι</span> <span class='ocrx_word' id='word_1_382' title='bbox 3203 2180 3505 2235; x_wconf 80' lang='grc' dir='ltr'>κάλλιστοι.</span> 
     </span>
    </p>
   </div>
   <div class='ocr_carea' id='block_1_53' title="bbox 2379 2474 3470 2550">
    <p class='ocr_par' dir='ltr' id='par_1_53' title="bbox 2379 2474 3470 2550">
     <span class='ocr_line' id='line_1_55' title="bbox 2379 2474 3470 2550; baseline -0.001 -16"><span class='ocrx_word' id='word_1_383' title='bbox 2379 2479 2501 2534; x_wconf 88' lang='lat' dir='ltr'><strong>PE&#39;.</strong></span> <span class='ocrx_word' id='word_1_384' title='bbox 2522 2510 2591 2521; x_wconf 92' lang='grc'><strong><em>-</em></strong></span> <span class='ocrx_word' id='word_1_385' title='bbox 2617 2474 2953 2550; x_wconf 61' lang='lat' dir='ltr'><strong>coeamus}</strong></span> <span class='ocrx_word' id='word_1_386' title='bbox 2987 2477 3470 2550; x_wconf 81' lang='grc' dir='ltr'><strong>ΓΡΑΜΜΑΤΙΚῼ.</strong></span> 
     </span>
    </p>
   </div>
   <div class='ocr_carea' id='block_1_54' title="bbox 2666 2571 3151 2641">
    <p class='ocr_par' dir='ltr' id='par_1_54' title="bbox 2666 2571 3151 2641">
     <span class='ocr_line' id='line_1_56' title="bbox 2666 2571 3151 2641; baseline -0.004 -14"><span class='ocrx_word' id='word_1_387' title='bbox 2666 2574 2805 2640; x_wconf 80' lang='grc' dir='ltr'>Περὶ</span> <span class='ocrx_word' id='word_1_388' title='bbox 2833 2571 3151 2641; x_wconf 75' lang='grc' dir='ltr'><strong>δαιμόνων.</strong></span> 
     </span>
    </p>
   </div>
   <div class='ocr_carea' id='block_1_55' title="bbox 2217 2681 3676 2755">
    <p class='ocr_par' dir='ltr' id='par_1_55' title="bbox 2217 2681 3676 2755">
     <span class='ocr_line' id='line_1_57' title="bbox 2217 2681 3676 2755; baseline -0.004 -16"><span class='ocrx_word' id='word_1_389' title='bbox 2217 2685 2436 2754; x_wconf 84' lang='grc' dir='ltr'>Ἐπειδὴ</span> <span class='ocrx_word' id='word_1_390' title='bbox 2479 2684 2783 2755; x_wconf 79' lang='grc' dir='ltr'>θαυμάζειν</span> <span class='ocrx_word' id='word_1_391' title='bbox 2821 2683 2981 2754; x_wconf 75' lang='grc' dir='ltr'>ἔφης,</span> <span class='ocrx_word' id='word_1_392' title='bbox 3015 2681 3135 2741; x_wconf 82' lang='grc' dir='ltr'><strong>πῶς</strong></span> <span class='ocrx_word' id='word_1_393' title='bbox 3177 2699 3323 2746; x_wconf 87' lang='grc' dir='ltr'>τινες</span> <span class='ocrx_word' id='word_1_394' title='bbox 3364 2683 3475 2735; x_wconf 81' lang='grc' dir='ltr'><strong>τῶν</strong></span> <span class='ocrx_word' id='word_1_395' title='bbox 3522 2681 3676 2751; x_wconf 80' lang='grc' dir='ltr'>ἀλιτη-</span> 
     </span>
    </p>
   </div>
   <div class='ocr_carea' id='block_1_56' title="bbox 2136 2769 3684 2849">
    <p class='ocr_par' dir='ltr' id='par_1_56' title="bbox 2136 2769 3684 2849">
     <span class='ocr_line' id='line_1_58' title="bbox 2136 2769 3684 2849; baseline -0.003 -19"><span class='ocrx_word' id='word_1_396' title='bbox 2136 2778 2267 2849; x_wconf 88' lang='grc' dir='ltr'>ρίων</span> <span class='ocrx_word' id='word_1_397' title='bbox 2309 2776 2581 2844; x_wconf 87' lang='grc' dir='ltr'>δαιμόνων</span> <span class='ocrx_word' id='word_1_398' title='bbox 2618 2775 2825 2829; x_wconf 87' lang='grc' dir='ltr'>δίκαιον</span> <span class='ocrx_word' id='word_1_399' title='bbox 2858 2774 3042 2843; x_wconf 72' lang='grc' dir='ltr'>ἠξίουν</span> <span class='ocrx_word' id='word_1_400' title='bbox 3064 2769 3204 2827; x_wconf 79' lang='grc' dir='ltr'>εἶναι</span> <span class='ocrx_word' id='word_1_401' title='bbox 3230 2774 3324 2827; x_wconf 79' lang='grc' dir='ltr'><strong>τὸν</strong></span> <span class='ocrx_word' id='word_1_402' title='bbox 3378 2773 3684 2843; x_wconf 67' lang='grc' dir='ltr'>θεραπευτὴν</span> 
     </span>
    </p>
   </div>
   <div class='ocr_carea' id='block_1_57' title="bbox 2133 2864 3682 2939">
    <p class='ocr_par' dir='ltr' id='par_1_57' title="bbox 2133 2864 3682 2939">
     <span class='ocr_line' id='line_1_59' title="bbox 2133 2864 3682 2939; baseline -0.006 -14"><span class='ocrx_word' id='word_1_403' title='bbox 2133 2870 2333 2933; x_wconf 84' lang='grc' dir='ltr'>αὐτῶν,</span> <span class='ocrx_word' id='word_1_404' title='bbox 2355 2870 2404 2922; x_wconf 80' lang='grc' dir='ltr'>οἱ</span> <span class='ocrx_word' id='word_1_405' title='bbox 2427 2868 2536 2939; x_wconf 69' lang='grc'><strong>(40)</strong></span> <span class='ocrx_word' id='word_1_406' title='bbox 2568 2868 2625 2922; x_wconf 76' lang='grc' dir='ltr'>δὲ</span> <span class='ocrx_word' id='word_1_407' title='bbox 2655 2868 2722 2922; x_wconf 68' lang='grc' dir='ltr'>τὰ</span> <span class='ocrx_word' id='word_1_408' title='bbox 2749 2868 2911 2922; x_wconf 82' lang='grc' dir='ltr'>ἄδικα</span> <span class='ocrx_word' id='word_1_409' title='bbox 2942 2866 3076 2937; x_wconf 78' lang='grc' dir='ltr'>δρᾷν</span> <span class='ocrx_word' id='word_1_410' title='bbox 3114 2864 3481 2936; x_wconf 82' lang='grc' dir='ltr'>πραττόμενοι</span> <span class='ocrx_word' id='word_1_411' title='bbox 3508 2864 3682 2932; x_wconf 76' lang='grc' dir='ltr'>ὑπέμε·</span> 
     </span>
    </p>
   </div>
   <div class='ocr_carea' id='block_1_58' title="bbox 2133 2951 3683 3033">
    <p class='ocr_par' dir='ltr' id='par_1_58' title="bbox 2133 2951 3683 3033">
     <span class='ocr_line' id='line_1_60' title="bbox 2133 2951 3683 3033; baseline -0.008 -17"><span class='ocrx_word' id='word_1_412' title='bbox 2133 2980 2223 3016; x_wconf 87' lang='grc' dir='ltr'><strong>νον</strong></span> <span class='ocrx_word' id='word_1_413' title='bbox 2246 2980 2261 2994; x_wconf 78' lang='grc' dir='ltr'><strong>ο</strong></span> <span class='ocrx_word' id='word_1_414' title='bbox 2294 2961 2561 3033; x_wconf 82' lang='grc' dir='ltr'>ἡγοῦμαι,</span> <span class='ocrx_word' id='word_1_415' title='bbox 2606 2962 2688 3015; x_wconf 85' lang='grc' dir='ltr'><strong>ὅτι</strong></span> <span class='ocrx_word' id='word_1_416' title='bbox 2713 2960 2921 3013; x_wconf 88' lang='grc' dir='ltr'>δίκαιον</span> <span class='ocrx_word' id='word_1_417' title='bbox 2979 2959 3079 3028; x_wconf 77' lang='grc' dir='ltr'><strong>μὲν</strong></span> <span class='ocrx_word' id='word_1_418' title='bbox 3116 2957 3301 3027; x_wconf 68' lang='grc' dir='ltr'>ἠξίουν</span> <span class='ocrx_word' id='word_1_419' title='bbox 3329 2951 3475 3008; x_wconf 72' lang='grc' dir='ltr'>εἶναι</span> <span class='ocrx_word' id='word_1_420' title='bbox 3504 2955 3589 3006; x_wconf 72' lang='grc' dir='ltr'><strong>τὸν</strong></span> <span class='ocrx_word' id='word_1_421' title='bbox 3617 2953 3683 3005; x_wconf 87' lang='grc' dir='ltr'>θε-</span> 
     </span>
    </p>
   </div>
   <div class='ocr_carea' id='block_1_59' title="bbox 2140 3046 3683 3121">
    <p class='ocr_par' dir='ltr' id='par_1_59' title="bbox 2140 3046 3683 3121">
     <span class='ocr_line' id='line_1_61' title="bbox 2140 3046 3683 3121; baseline -0.007 -16"><span class='ocrx_word' id='word_1_422' title='bbox 2140 3052 2472 3121; x_wconf 79' lang='grc' dir='ltr'>ραπεύοντα,</span> <span class='ocrx_word' id='word_1_423' title='bbox 2496 3052 2629 3105; x_wconf 87' lang='grc' dir='ltr'>διότι</span> <span class='ocrx_word' id='word_1_424' title='bbox 2661 3050 2773 3103; x_wconf 74' lang='grc' dir='ltr'>θεοὶ</span> <span class='ocrx_word' id='word_1_425' title='bbox 2800 3047 2938 3104; x_wconf 86' lang='grc' dir='ltr'>εἶναι</span> <span class='ocrx_word' id='word_1_426' title='bbox 2966 3048 3340 3118; x_wconf 76' lang='grc' dir='ltr'>ὑπεκρίνοντο.</span> <span class='ocrx_word' id='word_1_427' title='bbox 3379 3046 3683 3115; x_wconf 71' lang='grc' dir='ltr'>’Υπηρέτουι</span> 
     </span>
    </p>
   </div>
   <div class='ocr_carea' id='block_1_60' title="bbox 2136 3137 3683 3213">
    <p class='ocr_par' dir='ltr' id='par_1_60' title="bbox 2136 3137 3683 3213">
     <span class='ocr_line' id='line_1_62' title="bbox 2136 3137 3683 3213; baseline -0.006 -17"><span class='ocrx_word' id='word_1_428' title='bbox 2136 3144 2193 3197; x_wconf 83' lang='grc' dir='ltr'>δὲ</span> <span class='ocrx_word' id='word_1_429' title='bbox 2217 3143 2286 3197; x_wconf 78' lang='grc' dir='ltr'>τὰ</span> <span class='ocrx_word' id='word_1_430' title='bbox 2311 3143 2493 3208; x_wconf 82' lang='grc' dir='ltr'>ἄδικα,</span> <span class='ocrx_word' id='word_1_431' title='bbox 2516 3143 2653 3195; x_wconf 85' lang='grc' dir='ltr'>διότι</span> <span class='ocrx_word' id='word_1_432' title='bbox 2673 3142 2900 3213; x_wconf 78' lang='grc' dir='ltr'>πονηροὶ</span> <span class='ocrx_word' id='word_1_433' title='bbox 2921 3141 3208 3209; x_wconf 87' lang='grc' dir='ltr'>γεγόνασιν</span> <span class='ocrx_word' id='word_1_434' title='bbox 3238 3141 3301 3190; x_wconf 83' lang='grc' dir='ltr'>ἐκ</span> <span class='ocrx_word' id='word_1_435' title='bbox 3324 3137 3683 3208; x_wconf 77' lang='grc' dir='ltr'>προαιρέσεως.</span> 
     </span>
    </p>
   </div>
   <div class='ocr_carea' id='block_1_61' title="bbox 457 3204 2032 3305">
    <p class='ocr_par' dir='ltr' id='par_1_61' title="bbox 457 3227 2027 3295">
     <span class='ocr_line' id='line_1_63' title="bbox 457 3227 2027 3295; baseline 0.005 -16"><span class='ocrx_word' id='word_1_436' title='bbox 457 3227 600 3295; x_wconf 89' lang='lat' dir='ltr'><strong>quod</strong></span> <span class='ocrx_word' id='word_1_437' title='bbox 648 3228 875 3295; x_wconf 88' lang='lat' dir='ltr'><strong>improbi</strong></span> <span class='ocrx_word' id='word_1_438' title='bbox 908 3241 1088 3285; x_wconf 89' lang='lat' dir='ltr'><strong>essent</strong></span> <span class='ocrx_word' id='word_1_439' title='bbox 1122 3230 1367 3286; x_wconf 87' lang='lat' dir='ltr'><strong>instituto</strong></span> <span class='ocrx_word' id='word_1_440' title='bbox 1401 3232 1564 3285; x_wconf 89' lang='lat' dir='ltr'><strong>animi</strong></span> <span class='ocrx_word' id='word_1_441' title='bbox 1608 3242 1662 3286; x_wconf 87' lang='lat' dir='ltr'><strong>et</strong></span> <span class='ocrx_word' id='word_1_442' title='bbox 1704 3248 1798 3287; x_wconf 91' lang='lat' dir='ltr'><strong>sua</strong></span> <span class='ocrx_word' id='word_1_443' title='bbox 1834 3233 2027 3288; x_wconf 87' lang='lat' dir='ltr'><strong>volun-</strong></span> 
     </span>
    </p>
   </div>
   <div class='ocr_carea' id='block_1_62' title="bbox 2147 3204 3683 3305">
    <p class='ocr_par' dir='ltr' id='par_1_62' title="bbox 2149 3204 3683 3305">
     <span class='ocr_line' id='line_1_64' title="bbox 2149 3204 3683 3305; baseline -0.008 -17"><span class='ocrx_word' id='word_1_444' title='bbox 2149 3235 2370 3304; x_wconf 81' lang='grc' dir='ltr'>Ἐπειδὴ</span> <span class='ocrx_word' id='word_1_445' title='bbox 2416 3204 2525 3304; x_wconf 73' lang='grc' dir='ltr'><strong>γάρ</strong></span> <span class='ocrx_word' id='word_1_446' title='bbox 2574 3204 3058 3305; x_wconf 36' lang='grc' dir='ltr'>ᾔδεσαν-’πολλοῦς</span> <span class='ocrx_word' id='word_1_447' title='bbox 3100 3232 3210 3282; x_wconf 87' lang='grc' dir='ltr'><strong>τῶν</strong></span> <span class='ocrx_word' id='word_1_448' title='bbox 3279 3204 3579 3298; x_wconf 67' lang='grc' dir='ltr'>ἀνθρώπων</span> <span class='ocrx_word' id='word_1_449' title='bbox 3608 3225 3683 3294; x_wconf 67' lang='lat' dir='ltr'><strong>rip</strong></span> 
     </span>
    </p>
   </div>
   <div class='ocr_carea' id='block_1_63' title="bbox 457 3319 2028 3378">
    <p class='ocr_par' dir='ltr' id='par_1_63' title="bbox 457 3319 2028 3378">
     <span class='ocr_line' id='line_1_65' title="bbox 457 3319 2028 3378; baseline 0.004 -6"><span class='ocrx_word' id='word_1_450' title='bbox 457 3327 588 3374; x_wconf 89' lang='lat' dir='ltr'><strong>tate.</strong></span> <span class='ocrx_word' id='word_1_451' title='bbox 642 3319 773 3373; x_wconf 83' lang='lat' dir='ltr'><strong>Nam</strong></span> <span class='ocrx_word' id='word_1_452' title='bbox 808 3336 932 3375; x_wconf 86' lang='lat' dir='ltr'><strong>cum</strong></span> <span class='ocrx_word' id='word_1_453' title='bbox 983 3322 1186 3376; x_wconf 86' lang='lat' dir='ltr'><strong>scirent</strong></span> <span class='ocrx_word' id='word_1_454' title='bbox 1233 3322 1431 3377; x_wconf 13' lang='lat' dir='ltr'><strong>multos,</strong></span> <span class='ocrx_word' id='word_1_455' title='bbox 1473 3323 1729 3377; x_wconf 86' lang='lat' dir='ltr'><strong>mortales</strong></span> <span class='ocrx_word' id='word_1_456' title='bbox 1774 3324 2028 3378; x_wconf 85' lang='lat' dir='ltr'><strong>virtutem</strong></span> 
     </span>
    </p>
   </div>
   <div class='ocr_carea' id='block_1_64' title="bbox 456 3411 2036 3481">
    <p class='ocr_par' dir='ltr' id='par_1_64' title="bbox 456 3411 2036 3481">
     <span class='ocr_line' id='line_1_66' title="bbox 456 3411 2036 3481; baseline 0.003 -17"><span class='ocrx_word' id='word_1_457' title='bbox 456 3411 513 3467; x_wconf 89' lang='lat' dir='ltr'><strong>in</strong></span> <span class='ocrx_word' id='word_1_458' title='bbox 539 3411 711 3481; x_wconf 87' lang='lat' dir='ltr'><strong>pretio</strong></span> <span class='ocrx_word' id='word_1_459' title='bbox 758 3413 978 3480; x_wconf 87' lang='lat' dir='ltr'><strong>habere,</strong></span> <span class='ocrx_word' id='word_1_460' title='bbox 1032 3413 1354 3469; x_wconf 88' lang='lat' dir='ltr'><strong>simulantes</strong></span> <span class='ocrx_word' id='word_1_461' title='bbox 1401 3430 1460 3470; x_wconf 89' lang='lat' dir='ltr'><strong>se</strong></span> <span class='ocrx_word' id='word_1_462' title='bbox 1508 3415 1725 3470; x_wconf 85' lang='lat' dir='ltr'><strong>virtutis</strong></span> <span class='ocrx_word' id='word_1_463' title='bbox 1767 3416 2036 3470; x_wconf 83' lang='lat' dir='ltr'><strong>studiosos</strong></span> 
     </span>
    </p>
   </div>
   <div class='ocr_carea' id='block_1_65' title="bbox 457 3503 2035 3575">
    <p class='ocr_par' dir='ltr' id='par_1_65' title="bbox 457 3503 2035 3575">
     <span class='ocr_line' id='line_1_67' title="bbox 457 3503 2035 3575; baseline 0.005 -20"><span class='ocrx_word' id='word_1_464' title='bbox 457 3515 664 3565; x_wconf 86' lang='lat' dir='ltr'><strong>amare,</strong></span> <span class='ocrx_word' id='word_1_465' title='bbox 708 3512 766 3555; x_wconf 87' lang='lat' dir='ltr'><strong>ut</strong></span> <span class='ocrx_word' id='word_1_466' title='bbox 807 3503 1058 3557; x_wconf 87' lang='lat' dir='ltr'><strong>videlicet</strong></span> <span class='ocrx_word' id='word_1_467' title='bbox 1091 3503 1397 3572; x_wconf 81' lang='lat' dir='ltr'><strong>Opinionem</strong></span> <span class='ocrx_word' id='word_1_468' title='bbox 1438 3505 1723 3575; x_wconf 87' lang='lat' dir='ltr'><strong>probitatis</strong></span> <span class='ocrx_word' id='word_1_469' title='bbox 1757 3506 1855 3560; x_wconf 89' lang='lat' dir='ltr'><strong>sibi</strong></span> <span class='ocrx_word' id='word_1_470' title='bbox 1900 3522 2035 3563; x_wconf 83' lang='lat' dir='ltr'><strong>cou-</strong></span> 
     </span>
    </p>
   </div>
   <div class='ocr_carea' id='block_1_66' title="bbox 458 3593 2039 3667">
    <p class='ocr_par' dir='ltr' id='par_1_66' title="bbox 458 3593 2039 3667">
     <span class='ocr_line' id='line_1_68' title="bbox 458 3593 2039 3667; baseline 0.001 -18"><span class='ocrx_word' id='word_1_471' title='bbox 458 3593 864 3659; x_wconf 81' lang='lat' dir='ltr'><strong>ciliarent,-nou</strong></span> <span class='ocrx_word' id='word_1_472' title='bbox 901 3594 1068 3647; x_wconf 88' lang='lat' dir='ltr'><strong>multo</strong></span> <span class='ocrx_word' id='word_1_473' title='bbox 1103 3607 1223 3661; x_wconf 88' lang='lat' dir='ltr'><strong>post</strong></span> <span class='ocrx_word' id='word_1_474' title='bbox 1256 3595 1538 3651; x_wconf 82' lang='lat' dir='ltr'><strong>sceleratis</strong></span> <span class='ocrx_word' id='word_1_475' title='bbox 1580 3598 1885 3652; x_wconf 84' lang='lat' dir='ltr'><strong>actionibus</strong></span> <span class='ocrx_word' id='word_1_476' title='bbox 1912 3613 2039 3667; x_wconf 85' lang='lat' dir='ltr'><strong>pro-</strong></span> 
     </span>
    </p>
   </div>
   <div class='ocr_carea' id='block_1_67' title="bbox 457 3682 1824 3756">
    <p class='ocr_par' dir='ltr' id='par_1_67' title="bbox 457 3682 1824 3756">
     <span class='ocr_line' id='line_1_69' title="bbox 457 3682 1824 3756; baseline 0.001 -20"><span class='ocrx_word' id='word_1_477' title='bbox 457 3682 656 3736; x_wconf 87' lang='lat' dir='ltr'><strong>debant</strong></span> <span class='ocrx_word' id='word_1_478' title='bbox 690 3697 845 3735; x_wconf 88' lang='lat' dir='ltr'><strong>suum</strong></span> <span class='ocrx_word' id='word_1_479' title='bbox 886 3683 954 3736; x_wconf 90' lang='lat' dir='ltr'><strong>ad</strong></span> <span class='ocrx_word' id='word_1_480' title='bbox 988 3682 1125 3735; x_wconf 86' lang='lat' dir='ltr'><strong>mala</strong></span> <span class='ocrx_word' id='word_1_481' title='bbox 1162 3686 1498 3752; x_wconf 75' lang='lat' dir='ltr'><strong>propendens</strong></span> <span class='ocrx_word' id='word_1_482' title='bbox 1531 3687 1824 3756; x_wconf 82' lang='lat' dir='ltr'><strong>ingenium.</strong></span> 
     </span>
    </p>
   </div>
   <div class='ocr_carea' id='block_1_68' title="bbox 755 3793 1721 3855">
    <p class='ocr_par' dir='ltr' id='par_1_68' title="bbox 755 3793 1721 3855">
     <span class='ocr_line' id='line_1_70' title="bbox 755 3793 1721 3855; baseline 0.003 -4"><span class='ocrx_word' id='word_1_483' title='bbox 755 3793 888 3851; x_wconf 68' lang='lat' dir='ltr'><strong>CVI.</strong></span> <span class='ocrx_word' id='word_1_484' title='bbox 928 3826 996 3836; x_wconf 94' lang='lat'><strong>—</strong></span> <span class='ocrx_word' id='word_1_485' title='bbox 1022 3796 1370 3853; x_wconf 80' lang='lat' dir='ltr'><strong>EPIMACHO</strong></span> <span class='ocrx_word' id='word_1_486' title='bbox 1403 3797 1721 3855; x_wconf 84' lang='lat' dir='ltr'><strong>LECTORI.</strong></span> 
     </span>
    </p>
   </div>
   <div class='ocr_carea' id='block_1_69' title="bbox 452 3906 2027 3979">
    <p class='ocr_par' dir='ltr' id='par_1_69' title="bbox 452 3906 2027 3979">
     <span class='ocr_line' id='line_1_71' title="bbox 452 3906 2027 3979; baseline 0.001 -16"><span class='ocrx_word' id='word_1_487' title='bbox 452 3906 535 3963; x_wconf 84' lang='lat' dir='ltr'><strong>De</strong></span> <span class='ocrx_word' id='word_1_488' title='bbox 566 3923 626 3962; x_wconf 84' lang='lat' dir='ltr'><strong>eo</strong></span> <span class='ocrx_word' id='word_1_489' title='bbox 665 3908 752 3962; x_wconf 82' lang='lat' dir='ltr'><strong>cui</strong></span> <span class='ocrx_word' id='word_1_490' title='bbox 797 3910 1027 3979; x_wconf 80' lang='lat' dir='ltr'><strong>quinque</strong></span> <span class='ocrx_word' id='word_1_491' title='bbox 1058 3920 1107 3964; x_wconf 83' lang='lat' dir='ltr'><strong>et</strong></span> <span class='ocrx_word' id='word_1_492' title='bbox 1151 3927 1209 3965; x_wconf 88' lang='lat' dir='ltr'><strong>eo</strong></span> <span class='ocrx_word' id='word_1_493' title='bbox 1241 3912 1325 3965; x_wconf 88' lang='lat' dir='ltr'><strong>cui</strong></span> <span class='ocrx_word' id='word_1_494' title='bbox 1355 3911 1461 3965; x_wconf 79' lang='lat' dir='ltr'><strong>duo</strong></span> <span class='ocrx_word' id='word_1_495' title='bbox 1492 3912 1689 3966; x_wconf 86' lang='lat' dir='ltr'><strong>talenta</strong></span> <span class='ocrx_word' id='word_1_496' title='bbox 1725 3913 1928 3966; x_wconf 82' lang='lat' dir='ltr'><strong>credita</strong></span> <span class='ocrx_word' id='word_1_497' title='bbox 1959 3913 2027 3964; x_wconf 85' lang='grc'><strong>⁹¹.</strong></span> 
     </span>
    </p>
   </div>
   <div class='ocr_carea' id='block_1_70' title="bbox 522 4083 2031 4155">
    <p class='ocr_par' dir='ltr' id='par_1_70' title="bbox 522 4083 2031 4155">
     <span class='ocr_line' id='line_1_72' title="bbox 522 4083 2031 4155; baseline 0.001 -18"><span class='ocrx_word' id='word_1_498' title='bbox 522 4083 786 4151; x_wconf 85' lang='lat' dir='ltr'><strong>Quoniam</strong></span> <span class='ocrx_word' id='word_1_499' title='bbox 822 4086 1141 4154; x_wconf 74' lang='lat' dir='ltr'><strong>quaesivisti,</strong></span> <span class='ocrx_word' id='word_1_500' title='bbox 1171 4087 1299 4155; x_wconf 88' lang='lat' dir='ltr'><strong>quid</strong></span> <span class='ocrx_word' id='word_1_501' title='bbox 1335 4101 1512 4141; x_wconf 75' lang='lat' dir='ltr'><strong>causa:</strong></span> <span class='ocrx_word' id='word_1_502' title='bbox 1566 4088 1658 4150; x_wconf 87' lang='lat' dir='ltr'><strong>sit,</strong></span> <span class='ocrx_word' id='word_1_503' title='bbox 1701 4101 1801 4140; x_wconf 90' lang='lat' dir='ltr'><strong>cur</strong></span> <span class='ocrx_word' id='word_1_504' title='bbox 1848 4086 1895 4140; x_wconf 91' lang='lat' dir='ltr'><strong>is</strong></span> <span class='ocrx_word' id='word_1_505' title='bbox 1940 4087 2031 4148; x_wconf 89' lang='lat' dir='ltr'><strong>qui</strong></span> 
     </span>
    </p>
   </div>
   <div class='ocr_carea' id='block_1_71' title="bbox 453 4176 2035 4247">
    <p class='ocr_par' dir='ltr' id='par_1_71' title="bbox 453 4176 2035 4247">
     <span class='ocr_line' id='line_1_73' title="bbox 453 4176 2035 4247; baseline -0.001 -18"><span class='ocrx_word' id='word_1_506' title='bbox 453 4179 693 4247; x_wconf 87' lang='lat' dir='ltr'><strong>quinque</strong></span> <span class='ocrx_word' id='word_1_507' title='bbox 734 4177 931 4235; x_wconf 84' lang='lat' dir='ltr'><strong>talenta</strong></span> <span class='ocrx_word' id='word_1_508' title='bbox 974 4188 1286 4246; x_wconf 74' lang='lat' dir='ltr'><strong>acceperat,</strong></span> <span class='ocrx_word' id='word_1_509' title='bbox 1313 4187 1370 4231; x_wconf 88' lang='lat' dir='ltr'><strong>et</strong></span> <span class='ocrx_word' id='word_1_510' title='bbox 1402 4178 1662 4231; x_wconf 88' lang='lat' dir='ltr'><strong>lucrando</strong></span> <span class='ocrx_word' id='word_1_511' title='bbox 1710 4176 2035 4246; x_wconf 77' lang='lat' dir='ltr'><strong>duplicarat,</strong></span> 
     </span>
    </p>
   </div>
   <div class='ocr_carea' id='block_1_72' title="bbox 535 4333 1833 4411">
    <p class='ocr_par' dir='ltr' id='par_1_72' title="bbox 535 4333 1833 4411">
     <span class='ocr_line' id='line_1_74' title="bbox 535 4333 1833 4411; baseline 0 -23"><span class='ocrx_word' id='word_1_512' title='bbox 535 4334 582 4366; x_wconf 70' lang='grc' dir='ltr'>θ’</span> <span class='ocrx_word' id='word_1_513' title='bbox 613 4333 849 4411; x_wconf 79' lang='lat' dir='ltr'><strong>Philipp.</strong></span> <span class='ocrx_word' id='word_1_514' title='bbox 878 4352 915 4402; x_wconf 88' lang='grc' dir='ltr'><strong>ι,</strong></span> <span class='ocrx_word' id='word_1_515' title='bbox 946 4334 1037 4389; x_wconf 73' lang='lat'><strong>29.</strong></span> <span class='ocrx_word' id='word_1_516' title='bbox 1122 4337 1166 4369; x_wconf 73' lang='grc' dir='ltr'>’ί</span> <span class='ocrx_word' id='word_1_517' title='bbox 1194 4333 1384 4391; x_wconf 86' lang='lat' dir='ltr'><strong>Matth.</strong></span> <span class='ocrx_word' id='word_1_518' title='bbox 1419 4349 1548 4400; x_wconf 82' lang='lat' dir='ltr'><strong>xxv,</strong></span> <span class='ocrx_word' id='word_1_519' title='bbox 1580 4335 1648 4389; x_wconf 80' lang='grc'><strong>15</strong></span> <span class='ocrx_word' id='word_1_520' title='bbox 1678 4349 1833 4404; x_wconf 84' lang='lat' dir='ltr'><strong>seqq.</strong></span> 
     </span>
    </p>
   </div>
   <div class='ocr_carea' id='block_1_73' title="bbox 2138 3319 3680 3397">
    <p class='ocr_par' dir='ltr' id='par_1_73' title="bbox 2138 3319 3680 3397">
     <span class='ocr_line' id='line_1_75' title="bbox 2138 3319 3680 3397; baseline -0.009 -18"><span class='ocrx_word' id='word_1_521' title='bbox 2138 3325 2339 3397; x_wconf 82' lang='grc' dir='ltr'>ἀρετὴν</span> <span class='ocrx_word' id='word_1_522' title='bbox 2402 3324 2699 3394; x_wconf 83' lang='grc' dir='ltr'>τιμῶντας,</span> <span class='ocrx_word' id='word_1_523' title='bbox 2734 3323 2861 3385; x_wconf 81' lang='grc' dir='ltr'>τοὺς</span> <span class='ocrx_word' id='word_1_524' title='bbox 2910 3320 3234 3391; x_wconf 80' lang='grc' dir='ltr'>φιλαρέτους</span> <span class='ocrx_word' id='word_1_525' title='bbox 3287 3319 3511 3389; x_wconf 78' lang='grc' dir='ltr'>ἀγαπᾷν</span> <span class='ocrx_word' id='word_1_526' title='bbox 3547 3331 3680 3385; x_wconf 76' lang='grc' dir='ltr'>προς-</span> 
     </span>
    </p>
   </div>
   <div class='ocr_carea' id='block_1_74' title="bbox 2134 3406 3684 3487">
    <p class='ocr_par' dir='ltr' id='par_1_74' title="bbox 2134 3406 3684 3487">
     <span class='ocr_line' id='line_1_76' title="bbox 2134 3406 3684 3487; baseline -0.007 -19"><span class='ocrx_word' id='word_1_527' title='bbox 2134 3417 2491 3487; x_wconf 81' lang='grc' dir='ltr'>ποιούμενοι,</span> <span class='ocrx_word' id='word_1_528' title='bbox 2539 3416 2605 3470; x_wconf 79' lang='grc' dir='ltr'>ἵν’</span> <span class='ocrx_word' id='word_1_529' title='bbox 2652 3415 2849 3484; x_wconf 73' lang='grc' dir='ltr'>ἀγαθοὶ</span> <span class='ocrx_word' id='word_1_530' title='bbox 2900 3413 3204 3483; x_wconf 84' lang='grc' dir='ltr'>νομισθεῖεν</span> <span class='ocrx_word' id='word_1_531' title='bbox 3259 3407 3429 3476; x_wconf 80' lang='grc' dir='ltr'>εἶναι,</span> <span class='ocrx_word' id='word_1_532' title='bbox 3485 3409 3591 3480; x_wconf 77' lang='grc' dir='ltr'>μετ’</span> <span class='ocrx_word' id='word_1_533' title='bbox 3636 3406 3684 3458; x_wconf 69' lang='lat' dir='ltr'><strong>oi</strong></span> 
     </span>
    </p>
   </div>
   <div class='ocr_carea' id='block_1_75' title="bbox 2134 3497 3689 3577">
    <p class='ocr_par' dir='ltr' id='par_1_75' title="bbox 2134 3497 3689 3577">
     <span class='ocr_line' id='line_1_77' title="bbox 2134 3497 3689 3577; baseline -0.007 -16"><span class='ocrx_word' id='word_1_534' title='bbox 2134 3509 2267 3561; x_wconf 83' lang='grc' dir='ltr'>πολὺ</span> <span class='ocrx_word' id='word_1_535' title='bbox 2290 3510 2411 3570; x_wconf 84' lang='grc' dir='ltr'>ταῖς</span> <span class='ocrx_word' id='word_1_536' title='bbox 2443 3508 2663 3576; x_wconf 78' lang='grc' dir='ltr'>ὲναγέσι</span> <span class='ocrx_word' id='word_1_537' title='bbox 2688 3505 2949 3577; x_wconf 81' lang='grc' dir='ltr'>πράξεσιν</span> <span class='ocrx_word' id='word_1_538' title='bbox 2975 3506 3207 3575; x_wconf 72' lang='grc' dir='ltr'>ἤλεγχον</span> <span class='ocrx_word' id='word_1_539' title='bbox 3245 3503 3461 3557; x_wconf 80' lang='grc' dir='ltr'>ἑαυτῶν</span> <span class='ocrx_word' id='word_1_540' title='bbox 3489 3501 3579 3571; x_wconf 82' lang='grc' dir='ltr'><strong>τὴν</strong></span> <span class='ocrx_word' id='word_1_541' title='bbox 3612 3497 3689 3550; x_wconf 68' lang='grc' dir='ltr'><strong>ἐπὶ</strong></span> 
     </span>
    </p>
   </div>
   <div class='ocr_carea' id='block_1_76' title="bbox 2090 3597 2958 3678">
    <p class='ocr_par' dir='ltr' id='par_1_76' title="bbox 2090 3597 2958 3678">
     <span class='ocr_line' id='line_1_78' title="bbox 2090 3597 2958 3678; baseline 0 -27"><span class='ocrx_word' id='word_1_542' title='bbox 2090 3672 2097 3678; x_wconf 30' lang='grc'><strong>⁸</strong></span> <span class='ocrx_word' id='word_1_543' title='bbox 2132 3599 2202 3651; x_wconf 81' lang='grc' dir='ltr'>τὰ</span> <span class='ocrx_word' id='word_1_544' title='bbox 2224 3598 2380 3655; x_wconf 66' lang='grc' dir='ltr'><strong>κακὸι⁸</strong></span> <span class='ocrx_word' id='word_1_545' title='bbox 2396 3600 2668 3669; x_wconf 74' lang='grc' dir='ltr'>ῥέπουσαν</span> <span class='ocrx_word' id='word_1_546' title='bbox 2700 3597 2958 3653; x_wconf 86' lang='grc' dir='ltr'>διάνοιαν.</span> 
     </span>
    </p>
   </div>
   <div class='ocr_carea' id='block_1_77' title="bbox 2381 3790 3467 3863">
    <p class='ocr_par' dir='ltr' id='par_1_77' title="bbox 2381 3790 3467 3863">
     <span class='ocr_line' id='line_1_79' title="bbox 2381 3790 3467 3863; baseline -0.007 -14"><span class='ocrx_word' id='word_1_547' title='bbox 2381 3794 2521 3860; x_wconf 66' lang='lat' dir='ltr'><strong>PQ&quot;.</strong></span> <span class='ocrx_word' id='word_1_548' title='bbox 2561 3822 2632 3832; x_wconf 55' lang='grc' dir='ltr'><strong>-α</strong></span> <span class='ocrx_word' id='word_1_549' title='bbox 2662 3792 2977 3863; x_wconf 83' lang='grc' dir='ltr'><strong>ΕΠΙΜΑΧῼ</strong></span> <span class='ocrx_word' id='word_1_550' title='bbox 3026 3790 3467 3860; x_wconf 81' lang='grc' dir='ltr'><strong>ΑΝΑΓΝΩΣΤῌ.</strong></span> 
     </span>
    </p>
   </div>
   <div class='ocr_carea' id='block_1_78' title="bbox 2129 3901 3683 4029">
    <p class='ocr_par' dir='ltr' id='par_1_78' title="bbox 2129 3901 3683 4029">
     <span class='ocr_line' id='line_1_80' title="bbox 2129 3901 3683 4029; baseline -0.005 -68"><span class='ocrx_word' id='word_1_551' title='bbox 2129 3908 2267 3975; x_wconf 74' lang='grc' dir='ltr'>Περὶ</span> <span class='ocrx_word' id='word_1_552' title='bbox 2297 3907 2403 3961; x_wconf 81' lang='grc' dir='ltr'><strong>τοῦ</strong></span> <span class='ocrx_word' id='word_1_553' title='bbox 2438 3909 2510 3961; x_wconf 80' lang='grc' dir='ltr'>τὰ</span> <span class='ocrx_word' id='word_1_554' title='bbox 2566 3903 2609 3956; x_wconf 88' lang='grc' dir='ltr'>ε’</span> <span class='ocrx_word' id='word_1_555' title='bbox 2641 3905 2742 3958; x_wconf 75' lang='grc' dir='ltr'>καὶ</span> <span class='ocrx_word' id='word_1_556' title='bbox 2776 3904 2885 4029; x_wconf 49' lang='grc' dir='ltr'>ἳέῦ</span> <span class='ocrx_word' id='word_1_557' title='bbox 2912 3905 2986 3957; x_wconf 79' lang='grc' dir='ltr'>τὰ</span> <span class='ocrx_word' id='word_1_558' title='bbox 3027 3903 3094 3966; x_wconf 68' lang='grc' dir='ltr'><strong>,β’</strong></span> <span class='ocrx_word' id='word_1_559' title='bbox 3137 3901 3411 3956; x_wconf 75' lang='grc' dir='ltr'>τάλαντα</span> <span class='ocrx_word' id='word_1_560' title='bbox 3456 3915 3683 3954; x_wconf 71' lang='grc' dir='ltr'>πιστευ-</span> 
     </span>
     <span class='ocr_line' id='line_1_81' title="bbox 2855 3992 3018 4029; baseline -0.006 -1"><span class='ocrx_word' id='word_1_561' title='bbox 2855 3992 3018 4029; x_wconf 72' lang='grc' dir='ltr'>ντορ.</span> 
     </span>
    </p>
   </div>
   <div class='ocr_carea' id='block_1_79' title="bbox 2855 3992 3018 4040">
    <p class='ocr_par' dir='ltr' id='par_1_79' title="bbox 2855 3992 3018 4040">
     <span class='ocr_line' id='line_1_82' title="bbox 2855 3992 3018 4040; baseline -0.006 -12"><span class='ocrx_word' id='word_1_562' title='bbox 2855 3992 3018 4040; x_wconf 73' lang='grc' dir='ltr'>ντος.</span> 
     </span>
    </p>
   </div>
   <div class='ocr_carea' id='block_1_80' title="bbox 2213 4078 3684 4158">
    <p class='ocr_par' dir='ltr' id='par_1_80' title="bbox 2213 4078 3684 4158">
     <span class='ocr_line' id='line_1_83' title="bbox 2213 4078 3684 4158; baseline -0.005 -19"><span class='ocrx_word' id='word_1_563' title='bbox 2213 4085 2432 4157; x_wconf 85' lang='grc' dir='ltr'>Ἐπειδὴ</span> <span class='ocrx_word' id='word_1_564' title='bbox 2466 4086 2600 4158; x_wconf 66' lang='grc' dir='ltr'><strong>ἔφης</strong></span> <span class='ocrx_word' id='word_1_565' title='bbox 2627 4103 2641 4119; x_wconf 85' lang='grc'><strong>·</strong></span> <span class='ocrx_word' id='word_1_566' title='bbox 2669 4085 2767 4139; x_wconf 87' lang='grc' dir='ltr'><strong>Διά</strong></span> <span class='ocrx_word' id='word_1_567' title='bbox 2805 4084 2857 4138; x_wconf 74' lang='grc' dir='ltr'><strong>τί</strong></span> <span class='ocrx_word' id='word_1_568' title='bbox 2897 4087 2926 4138; x_wconf 90' lang='grc' dir='ltr'>ὁ</span> <span class='ocrx_word' id='word_1_569' title='bbox 2960 4084 3030 4137; x_wconf 85' lang='grc' dir='ltr'>τὰ</span> <span class='ocrx_word' id='word_1_570' title='bbox 3054 4082 3218 4137; x_wconf 79' lang='grc' dir='ltr'>πέντε</span> <span class='ocrx_word' id='word_1_571' title='bbox 3247 4083 3483 4135; x_wconf 84' lang='grc' dir='ltr'>τάλαντα</span> <span class='ocrx_word' id='word_1_572' title='bbox 3505 4078 3684 4142; x_wconf 73' lang='grc' dir='ltr'>λαϐὼν,</span> 
     </span>
    </p>
   </div>
   <div class='ocr_carea' id='block_1_81' title="bbox 2134 4166 3686 4241">
    <p class='ocr_par' dir='ltr' id='par_1_81' title="bbox 2134 4166 3686 4241">
     <span class='ocr_line' id='line_1_84' title="bbox 2134 4166 3686 4241; baseline -0.006 -13"><span class='ocrx_word' id='word_1_573' title='bbox 2134 4175 2230 4233; x_wconf 71' lang='grc' dir='ltr'><strong>καὶ</strong></span> <span class='ocrx_word' id='word_1_574' title='bbox 2264 4175 2768 4240; x_wconf 70' lang='grc' dir='ltr'>διπλασιάσας,καὶ</span> <span class='ocrx_word' id='word_1_575' title='bbox 2787 4176 2815 4227; x_wconf 89' lang='grc' dir='ltr'>ὁ</span> <span class='ocrx_word' id='word_1_576' title='bbox 2838 4173 2906 4226; x_wconf 81' lang='grc' dir='ltr'>τὰ</span> <span class='ocrx_word' id='word_1_577' title='bbox 2934 4172 3049 4237; x_wconf 80' lang='grc' dir='ltr'>δύο,</span> <span class='ocrx_word' id='word_1_578' title='bbox 3073 4173 3167 4241; x_wconf 83' lang='grc' dir='ltr'>τῆς</span> <span class='ocrx_word' id='word_1_579' title='bbox 3182 4166 3351 4240; x_wconf 62' lang='grc' dir='ltr'>αὐτῆς</span> <span class='ocrx_word' id='word_1_580' title='bbox 3380 4172 3567 4240; x_wconf 75' lang='grc' dir='ltr'>ἔτυχεν</span> <span class='ocrx_word' id='word_1_581' title='bbox 3591 4167 3686 4237; x_wconf 55' lang='lat' dir='ltr'><strong>(il)</strong></span> 
     </span>
    </p>
   </div>
   <div class='ocr_carea' id='block_1_82' title="bbox 1584 4490 2641 4549">
    <p class='ocr_par' dir='ltr' id='par_1_82' title="bbox 1584 4490 2641 4549">
     <span class='ocr_line' id='line_1_85' title="bbox 1584 4490 2641 4549; baseline 0 -2"><span class='ocrx_word' id='word_1_582' title='bbox 1584 4494 1817 4548; x_wconf 72' lang='lat' dir='ltr'><strong>VARIAS</strong></span> <span class='ocrx_word' id='word_1_583' title='bbox 1858 4490 2244 4549; x_wconf 85' lang='lat' dir='ltr'><strong>LECTIONES</strong></span> <span class='ocrx_word' id='word_1_584' title='bbox 2278 4491 2367 4547; x_wconf 86' lang='lat' dir='ltr'><strong>ET</strong></span> <span class='ocrx_word' id='word_1_585' title='bbox 2405 4490 2641 4548; x_wconf 72' lang='lat' dir='ltr'><strong>NOTIE.</strong></span> 
     </span>
    </p>
   </div>
   <div class='ocr_carea' id='block_1_83' title="bbox 524 4647 2030 4723">
    <p class='ocr_par' dir='ltr' id='par_1_83' title="bbox 524 4647 2030 4723">
     <span class='ocr_line' id='line_1_86' title="bbox 524 4647 2030 4723; baseline -0.001 -16"><span class='ocrx_word' id='word_1_586' title='bbox 524 4652 636 4723; x_wconf 78' lang='grc'><strong>(56)</strong></span> <span class='ocrx_word' id='word_1_587' title='bbox 669 4652 767 4706; x_wconf 87' lang='lat' dir='ltr'><strong>Ed.</strong></span> <span class='ocrx_word' id='word_1_588' title='bbox 799 4650 1005 4723; x_wconf 52' lang='lat' dir='ltr'><strong>Paria,</strong></span> <span class='ocrx_word' id='word_1_589' title='bbox 1040 4651 1295 4723; x_wconf 79' lang='grc' dir='ltr'>μεγάλοις</span> <span class='ocrx_word' id='word_1_590' title='bbox 1328 4647 1680 4723; x_wconf 83' lang='grc' dir='ltr'>[μεγίστοις].</span> <span class='ocrx_word' id='word_1_591' title='bbox 1713 4647 1885 4703; x_wconf 90' lang='lat' dir='ltr'><strong>Lucus</strong></span> <span class='ocrx_word' id='word_1_592' title='bbox 1903 4665 2030 4721; x_wconf 90' lang='lat' dir='ltr'><strong>sup-</strong></span> 
     </span>
    </p>
   </div>
   <div class='ocr_carea' id='block_1_84' title="bbox 448 4721 1255 4794">
    <p class='ocr_par' dir='ltr' id='par_1_84' title="bbox 448 4721 1255 4794">
     <span class='ocr_line' id='line_1_87' title="bbox 448 4721 1255 4794; baseline 0.001 -18"><span class='ocrx_word' id='word_1_593' title='bbox 448 4721 631 4794; x_wconf 78' lang='lat' dir='ltr'><strong>pletur</strong></span> <span class='ocrx_word' id='word_1_594' title='bbox 670 4739 700 4794; x_wconf 69' lang='grc' dir='ltr'><strong>ε</strong></span> <span class='ocrx_word' id='word_1_595' title='bbox 734 4724 855 4776; x_wconf 91' lang='lat' dir='ltr'><strong>cod.</strong></span> <span class='ocrx_word' id='word_1_596' title='bbox 896 4721 1255 4794; x_wconf 79' lang='lat' dir='ltr'><strong>Vatic._Eot&#39;r.</strong></span> 
     </span>
    </p>
   </div>
   <div class='ocr_carea' id='block_1_85' title="bbox 525 4789 2030 4862">
    <p class='ocr_par' dir='ltr' id='par_1_85' title="bbox 525 4789 2030 4862">
     <span class='ocr_line' id='line_1_88' title="bbox 525 4789 2030 4862; baseline -0.003 -16"><span class='ocrx_word' id='word_1_597' title='bbox 525 4792 635 4862; x_wconf 78' lang='lat'><strong>(37)</strong></span> <span class='ocrx_word' id='word_1_598' title='bbox 671 4793 946 4846; x_wconf 86' lang='lat' dir='ltr'><strong>Sententia</strong></span> <span class='ocrx_word' id='word_1_599' title='bbox 976 4802 1055 4845; x_wconf 84' lang='lat' dir='ltr'><strong>est</strong></span> <span class='ocrx_word' id='word_1_600' title='bbox 1079 4790 1390 4855; x_wconf 87' lang='lat' dir='ltr'><strong>Pindarica,</strong></span> <span class='ocrx_word' id='word_1_601' title='bbox 1422 4791 1491 4845; x_wconf 89' lang='lat' dir='ltr'><strong>ab</strong></span> <span class='ocrx_word' id='word_1_602' title='bbox 1533 4789 1654 4862; x_wconf 82' lang='lat' dir='ltr'><strong>aliis</strong></span> <span class='ocrx_word' id='word_1_603' title='bbox 1693 4803 1905 4857; x_wconf 85' lang='lat' dir='ltr'><strong>quoque</strong></span> <span class='ocrx_word' id='word_1_604' title='bbox 1932 4805 2030 4862; x_wconf 83' lang='lat' dir='ltr'><strong>au-</strong></span> 
     </span>
    </p>
   </div>
   <div class='ocr_carea' id='block_1_86' title="bbox 448 4860 2031 4929">
    <p class='ocr_par' dir='ltr' id='par_1_86' title="bbox 448 4860 2031 4929">
     <span class='ocr_line' id='line_1_89' title="bbox 448 4860 2031 4929; baseline -0.003 -14"><span class='ocrx_word' id='word_1_605' title='bbox 448 4860 692 4916; x_wconf 80' lang='lat' dir='ltr'><strong>ctoribus</strong></span> <span class='ocrx_word' id='word_1_606' title='bbox 721 4861 1014 4915; x_wconf 84' lang='lat' dir='ltr'><strong>celebrata.</strong></span> <span class='ocrx_word' id='word_1_607' title='bbox 1044 4862 1362 4916; x_wconf 80' lang='lat' dir='ltr'><strong>Redundare</strong></span> <span class='ocrx_word' id='word_1_608' title='bbox 1388 4871 1565 4916; x_wconf 85' lang='lat' dir='ltr'><strong>autem</strong></span> <span class='ocrx_word' id='word_1_609' title='bbox 1603 4860 1691 4914; x_wconf 87' lang='lat' dir='ltr'><strong>hic</strong></span> <span class='ocrx_word' id='word_1_610' title='bbox 1715 4870 1841 4926; x_wconf 87' lang='lat' dir='ltr'><strong>puto</strong></span> <span class='ocrx_word' id='word_1_611' title='bbox 1879 4860 2031 4929; x_wconf 84' lang='grc' dir='ltr'>μεγί-</span> 
     </span>
    </p>
   </div>
   <div class='ocr_carea' id='block_1_87' title="bbox 448 4930 1295 4999">
    <p class='ocr_par' dir='ltr' id='par_1_87' title="bbox 448 4930 1295 4999">
     <span class='ocr_line' id='line_1_90' title="bbox 448 4930 1295 4999; baseline -0.001 -14"><span class='ocrx_word' id='word_1_612' title='bbox 448 4949 613 4995; x_wconf 83' lang='grc' dir='ltr'>στοις.</span> <span class='ocrx_word' id='word_1_613' title='bbox 646 4930 932 4994; x_wconf 85' lang='lat' dir='ltr'><strong>Pindarus,</strong></span> <span class='ocrx_word' id='word_1_614' title='bbox 967 4930 1174 4999; x_wconf 85' lang='lat' dir='ltr'><strong>Olymp.</strong></span> <span class='ocrx_word' id='word_1_615' title='bbox 1215 4933 1249 4987; x_wconf 86' lang='lat'><strong>5</strong></span> <span class='ocrx_word' id='word_1_616' title='bbox 1281 4949 1295 4985; x_wconf 87' lang='lat'><strong>:</strong></span> 
     </span>
    </p>
   </div>
   <div class='ocr_carea' id='block_1_88' title="bbox 459 5019 1658 5090">
    <p class='ocr_par' dir='ltr' id='par_1_88' title="bbox 459 5019 1658 5090">
     <span class='ocr_line' id='line_1_91' title="bbox 459 5019 1658 5090; baseline -0.008 -12"><span class='ocrx_word' id='word_1_617' title='bbox 459 5024 578 5078; x_wconf 77' lang='grc' dir='ltr'><strong>Ἀεὶ</strong></span> <span class='ocrx_word' id='word_1_618' title='bbox 610 5022 663 5074; x_wconf 86' lang='grc' dir='ltr'>δ’</span> <span class='ocrx_word' id='word_1_619' title='bbox 701 5021 842 5089; x_wconf 71' lang='grc' dir='ltr'><strong>ἀμφ’</strong></span> <span class='ocrx_word' id='word_1_620' title='bbox 870 5021 1141 5090; x_wconf 80' lang='grc' dir='ltr'>ἀρεταῖσι</span> <span class='ocrx_word' id='word_1_621' title='bbox 1183 5024 1371 5085; x_wconf 82' lang='grc' dir='ltr'>πόνος</span> <span class='ocrx_word' id='word_1_622' title='bbox 1401 5019 1658 5073; x_wconf 74' lang='grc' dir='ltr'>δαπάνα.</span> 
     </span>
    </p>
   </div>
   <div class='ocr_carea' id='block_1_89' title="bbox 452 5088 2017 5162">
    <p class='ocr_par' dir='ltr' id='par_1_89' title="bbox 452 5088 2017 5162">
     <span class='ocr_line' id='line_1_92' title="bbox 452 5088 2017 5162; baseline -0.002 -15"><span class='ocrx_word' id='word_1_623' title='bbox 452 5097 522 5147; x_wconf 79' lang='lat' dir='ltr'><strong>Te</strong></span> <span class='ocrx_word' id='word_1_624' title='bbox 542 5088 862 5162; x_wconf 74' lang='grc' dir='ltr'>μάρκαται,</span> <span class='ocrx_word' id='word_1_625' title='bbox 888 5088 1038 5159; x_wconf 65' lang='grc' dir='ltr'>πρὸς</span> <span class='ocrx_word' id='word_1_626' title='bbox 1059 5092 1237 5159; x_wconf 75' lang='grc' dir='ltr'>ἔργον</span> <span class='ocrx_word' id='word_1_627' title='bbox 1261 5090 1519 5156; x_wconf 76' lang='grc' dir='ltr'>κινδύνῳ</span> <span class='ocrx_word' id='word_1_628' title='bbox 1542 5088 2017 5159; x_wconf 71' lang='grc' dir='ltr'>κεκαλυμμένον.</span> 
     </span>
    </p>
   </div>
   <div class='ocr_carea' id='block_1_90' title="bbox 449 5179 872 5250">
    <p class='ocr_par' dir='ltr' id='par_1_90' title="bbox 449 5179 872 5250">
     <span class='ocr_line' id='line_1_93' title="bbox 449 5179 872 5250; baseline 0 -15"><span class='ocrx_word' id='word_1_629' title='bbox 449 5182 516 5236; x_wconf 84' lang='grc' dir='ltr'>Ει</span> <span class='ocrx_word' id='word_1_630' title='bbox 547 5182 755 5250; x_wconf 84' lang='lat' dir='ltr'><strong>Olymp.</strong></span> <span class='ocrx_word' id='word_1_631' title='bbox 789 5179 822 5233; x_wconf 89' lang='grc'>6</span> <span class='ocrx_word' id='word_1_632' title='bbox 856 5197 872 5235; x_wconf 87' lang='lat'><strong>:</strong></span> 
     </span>
    </p>
   </div>
   <div class='ocr_carea' id='block_1_91' title="bbox 460 5268 1779 5338">
    <p class='ocr_par' dir='ltr' id='par_1_91' title="bbox 460 5268 1779 5338">
     <span class='ocr_line' id='line_1_94' title="bbox 460 5268 1779 5338; baseline -0.003 -13"><span class='ocrx_word' id='word_1_633' title='bbox 460 5272 789 5331; x_wconf 79' lang='grc' dir='ltr'>Ἇκίνδυνοι</span> <span class='ocrx_word' id='word_1_634' title='bbox 815 5271 867 5323; x_wconf 84' lang='grc' dir='ltr'>δ’</span> <span class='ocrx_word' id='word_1_635' title='bbox 895 5272 1116 5338; x_wconf 82' lang='grc' dir='ltr'>ἀρεται,</span> <span class='ocrx_word' id='word_1_636' title='bbox 1145 5271 1282 5324; x_wconf 80' lang='grc' dir='ltr'>οὔτε</span> <span class='ocrx_word' id='word_1_637' title='bbox 1303 5271 1439 5337; x_wconf 83' lang='grc' dir='ltr'>παρ’</span> <span class='ocrx_word' id='word_1_638' title='bbox 1467 5268 1779 5335; x_wconf 80' lang='grc' dir='ltr'>ἀνδράσιν,</span> 
     </span>
    </p>
   </div>
   <div class='ocr_carea' id='block_1_92' title="bbox 450 5339 1656 5408">
    <p class='ocr_par' dir='ltr' id='par_1_92' title="bbox 450 5339 1656 5408">
     <span class='ocr_line' id='line_1_95' title="bbox 450 5339 1656 5408; baseline -0.003 -13"><span class='ocrx_word' id='word_1_639' title='bbox 450 5344 584 5396; x_wconf 58' lang='grc' dir='ltr'><strong>Ολῦτ’</strong></span> <span class='ocrx_word' id='word_1_640' title='bbox 619 5343 689 5394; x_wconf 80' lang='grc' dir='ltr'>ἐν</span> <span class='ocrx_word' id='word_1_641' title='bbox 718 5342 901 5395; x_wconf 79' lang='grc' dir='ltr'>ναυσὶ</span> <span class='ocrx_word' id='word_1_642' title='bbox 932 5342 1162 5403; x_wconf 81' lang='grc' dir='ltr'>κοίλαις</span> <span class='ocrx_word' id='word_1_643' title='bbox 1186 5343 1367 5408; x_wconf 75' lang='grc' dir='ltr'>τίμιαι</span> <span class='ocrx_word' id='word_1_644' title='bbox 1390 5356 1403 5371; x_wconf 80' lang='grc' dir='ltr'><strong><em>ο</em></strong></span> <span class='ocrx_word' id='word_1_645' title='bbox 1436 5339 1656 5393; x_wconf 77' lang='grc' dir='ltr'><strong>πολλοὶ</strong></span> 
     </span>
    </p>
   </div>
   <div class='ocr_carea' id='block_1_93' title="bbox 446 5408 1560 5481">
    <p class='ocr_par' dir='ltr' id='par_1_93' title="bbox 446 5408 1560 5481">
     <span class='ocr_line' id='line_1_96' title="bbox 446 5408 1560 5481; baseline -0.001 -16"><span class='ocrx_word' id='word_1_646' title='bbox 446 5413 520 5466; x_wconf 83' lang='grc' dir='ltr'><strong>Δὲ</strong></span> <span class='ocrx_word' id='word_1_647' title='bbox 544 5413 897 5481; x_wconf 80' lang='grc' dir='ltr'>μέμνανται,</span> <span class='ocrx_word' id='word_1_648' title='bbox 938 5412 1133 5464; x_wconf 77' lang='grc' dir='ltr'>καλὸν</span> <span class='ocrx_word' id='word_1_649' title='bbox 1171 5411 1281 5464; x_wconf 81' lang='grc' dir='ltr'>εἴτι</span> <span class='ocrx_word' id='word_1_650' title='bbox 1307 5408 1560 5477; x_wconf 76' lang='grc' dir='ltr'>ποναθῇ.</span> 
     </span>
    </p>
   </div>
   <div class='ocr_carea' id='block_1_94' title="bbox 416 5499 2008 5570">
    <p class='ocr_par' dir='ltr' id='par_1_94' title="bbox 416 5499 2008 5570">
     <span class='ocr_line' id='line_1_97' title="bbox 416 5499 2008 5570; baseline 0.001 -17"><span class='ocrx_word' id='word_1_651' title='bbox 416 5504 575 5569; x_wconf 82' lang='lat' dir='ltr'><strong>Quae</strong></span> <span class='ocrx_word' id='word_1_652' title='bbox 607 5503 691 5557; x_wconf 90' lang='lat' dir='ltr'><strong>his</strong></span> <span class='ocrx_word' id='word_1_653' title='bbox 726 5503 997 5560; x_wconf 87' lang='lat' dir='ltr'><strong>versibus.</strong></span> <span class='ocrx_word' id='word_1_654' title='bbox 1029 5502 1118 5566; x_wconf 87' lang='lat' dir='ltr'><strong>qui</strong></span> <span class='ocrx_word' id='word_1_655' title='bbox 1174 5510 1457 5555; x_wconf 87' lang='lat' dir='ltr'><strong>scazontes</strong></span> <span class='ocrx_word' id='word_1_656' title='bbox 1503 5499 1861 5570; x_wconf 74' lang='lat' dir='ltr'><strong>appellantur,</strong></span> <span class='ocrx_word' id='word_1_657' title='bbox 1896 5501 2008 5555; x_wconf 74' lang='lat' dir='ltr'><strong>red~</strong></span> 
     </span>
    </p>
   </div>
   <div class='ocr_carea' id='block_1_95' title="bbox 448 5571 1378 5626">
    <p class='ocr_par' dir='ltr' id='par_1_95' title="bbox 448 5571 1378 5626">
     <span class='ocr_line' id='line_1_98' title="bbox 448 5571 1378 5626; baseline -0.002 -1"><span class='ocrx_word' id='word_1_658' title='bbox 448 5573 583 5626; x_wconf 79' lang='lat' dir='ltr'><strong>uidit</strong></span> <span class='ocrx_word' id='word_1_659' title='bbox 620 5573 1020 5626; x_wconf 77' lang='lat' dir='ltr'><strong>eruditissiums</strong></span> <span class='ocrx_word' id='word_1_660' title='bbox 1054 5571 1332 5625; x_wconf 82' lang='lat' dir='ltr'><strong>Fabricius</strong></span> <span class='ocrx_word' id='word_1_661' title='bbox 1366 5590 1378 5623; x_wconf 91' lang='lat'><strong>:</strong></span> 
     </span>
    </p>
   </div>
   <div class='ocr_carea' id='block_1_96' title="bbox 448 5642 1457 5710">
    <p class='ocr_par' dir='ltr' id='par_1_96' title="bbox 448 5642 1457 5710">
     <span class='ocr_line' id='line_1_99' title="bbox 448 5642 1457 5710; baseline -0.003 -13"><span class='ocrx_word' id='word_1_662' title='bbox 448 5642 669 5697; x_wconf 80' lang='lat' dir='ltr'><strong>Sudoris</strong></span> <span class='ocrx_word' id='word_1_663' title='bbox 696 5657 880 5710; x_wconf 73' lang='lat' dir='ltr'><strong>expers</strong></span> <span class='ocrx_word' id='word_1_664' title='bbox 923 5652 968 5694; x_wconf 85' lang='lat' dir='ltr'><strong>et</strong></span> <span class='ocrx_word' id='word_1_665' title='bbox 1002 5643 1223 5707; x_wconf 82' lang='lat' dir='ltr'><strong>periculi</strong></span> <span class='ocrx_word' id='word_1_666' title='bbox 1262 5643 1457 5709; x_wconf 74' lang='lat' dir='ltr'><strong>virtus,</strong></span> 
     </span>
    </p>
   </div>
   <div class='ocr_carea' id='block_1_97' title="bbox 451 5710 1565 5779">
    <p class='ocr_par' dir='ltr' id='par_1_97' title="bbox 451 5710 1565 5779">
     <span class='ocr_line' id='line_1_100' title="bbox 451 5710 1565 5779; baseline -0.001 -15"><span class='ocrx_word' id='word_1_667' title='bbox 451 5712 562 5765; x_wconf 87' lang='lat' dir='ltr'><strong>Nec</strong></span> <span class='ocrx_word' id='word_1_668' title='bbox 590 5729 623 5763; x_wconf 91' lang='lat' dir='ltr'><strong>a</strong></span> <span class='ocrx_word' id='word_1_669' title='bbox 653 5712 798 5777; x_wconf 79' lang='lat' dir='ltr'><strong>uiris,</strong></span> <span class='ocrx_word' id='word_1_670' title='bbox 831 5728 923 5763; x_wconf 86' lang='lat' dir='ltr'><strong>nec</strong></span> <span class='ocrx_word' id='word_1_671' title='bbox 959 5713 1014 5763; x_wconf 80' lang='lat' dir='ltr'><strong>in</strong></span> <span class='ocrx_word' id='word_1_672' title='bbox 1044 5710 1340 5764; x_wconf 77' lang='lat' dir='ltr'><strong>triremibus</strong></span> <span class='ocrx_word' id='word_1_673' title='bbox 1371 5710 1565 5779; x_wconf 81' lang='lat' dir='ltr'><strong>famam</strong></span> 
     </span>
    </p>
   </div>
   <div class='ocr_carea' id='block_1_98' title="bbox 449 5779 1799 5847">
    <p class='ocr_par' dir='ltr' id='par_1_98' title="bbox 449 5779 1799 5847">
     <span class='ocr_line' id='line_1_101' title="bbox 449 5779 1799 5847; baseline -0.002 -13"><span class='ocrx_word' id='word_1_674' title='bbox 449 5780 684 5838; x_wconf 68' lang='lat' dir='ltr'><strong>Meretur</strong></span> <span class='ocrx_word' id='word_1_675' title='bbox 710 5795 729 5833; x_wconf 90' lang='lat'><strong><em>:</em></strong></span> <span class='ocrx_word' id='word_1_676' title='bbox 761 5789 818 5834; x_wconf 84' lang='lat' dir='ltr'><strong>at</strong></span> <span class='ocrx_word' id='word_1_677' title='bbox 850 5780 989 5841; x_wconf 81' lang='lat' dir='ltr'><strong>quod</strong></span> <span class='ocrx_word' id='word_1_678' title='bbox 1012 5797 1130 5834; x_wconf 83' lang='lat' dir='ltr'><strong>cum</strong></span> <span class='ocrx_word' id='word_1_679' title='bbox 1162 5779 1339 5835; x_wconf 83' lang='lat' dir='ltr'><strong>labore</strong></span> <span class='ocrx_word' id='word_1_680' title='bbox 1376 5781 1658 5847; x_wconf 76' lang='lat' dir='ltr'><strong>perfectum</strong></span> <span class='ocrx_word' id='word_1_681' title='bbox 1685 5789 1755 5832; x_wconf 72' lang='lat' dir='ltr'><strong>est</strong></span> <span class='ocrx_word' id='word_1_682' title='bbox 1779 5796 1799 5846; x_wconf 79' lang='lat'><strong><em>;</em></strong></span> 
     </span>
    </p>
   </div>
   <div class='ocr_carea' id='block_1_99' title="bbox 2127 4641 3473 4717">
    <p class='ocr_par' dir='ltr' id='par_1_99' title="bbox 2127 4641 3473 4717">
     <span class='ocr_line' id='line_1_102' title="bbox 2127 4641 3473 4717; baseline -0.001 -18"><span class='ocrx_word' id='word_1_683' title='bbox 2127 4645 2262 4717; x_wconf 71' lang='lat' dir='ltr'><strong>Ejus</strong></span> <span class='ocrx_word' id='word_1_684' title='bbox 2293 4648 2423 4716; x_wconf 82' lang='lat' dir='ltr'><strong>viget</strong></span> <span class='ocrx_word' id='word_1_685' title='bbox 2453 4662 2676 4716; x_wconf 84' lang='lat' dir='ltr'><strong>perenne</strong></span> <span class='ocrx_word' id='word_1_686' title='bbox 2692 4656 2739 4699; x_wconf 88' lang='lat' dir='ltr'><strong>et</strong></span> <span class='ocrx_word' id='word_1_687' title='bbox 2770 4645 3022 4714; x_wconf 79' lang='lat' dir='ltr'><strong>inclytum</strong></span> <span class='ocrx_word' id='word_1_688' title='bbox 3054 4660 3261 4697; x_wconf 83' lang='lat' dir='ltr'><strong>nomen.</strong></span> <span class='ocrx_word' id='word_1_689' title='bbox 3304 4641 3473 4698; x_wconf 73' lang='grc' dir='ltr'>Βιττ.</span> 
     </span>
    </p>
   </div>
   <div class='ocr_carea' id='block_1_100' title="bbox 2198 4730 3689 4805">
    <p class='ocr_par' dir='ltr' id='par_1_100' title="bbox 2198 4730 3689 4805">
     <span class='ocr_line' id='line_1_103' title="bbox 2198 4730 3689 4805; baseline -0.005 -15"><span class='ocrx_word' id='word_1_690' title='bbox 2198 4736 2311 4805; x_wconf 79' lang='grc'><strong>(58)</strong></span> <span class='ocrx_word' id='word_1_691' title='bbox 2341 4736 2617 4790; x_wconf 85' lang='lat' dir='ltr'><strong>Sententia</strong></span> <span class='ocrx_word' id='word_1_692' title='bbox 2648 4736 2836 4789; x_wconf 86' lang='lat' dir='ltr'><strong>eadem</strong></span> <span class='ocrx_word' id='word_1_693' title='bbox 2869 4744 2953 4791; x_wconf 89' lang='lat' dir='ltr'><strong>est</strong></span> <span class='ocrx_word' id='word_1_694' title='bbox 2987 4733 3182 4804; x_wconf 70' lang='lat' dir='ltr'><strong>Tyrtaai</strong></span> <span class='ocrx_word' id='word_1_695' title='bbox 3217 4742 3388 4805; x_wconf 76' lang='lat' dir='ltr'><strong>poetae</strong></span> <span class='ocrx_word' id='word_1_696' title='bbox 3422 4743 3481 4805; x_wconf 83' lang='lat' dir='ltr'><strong>et</strong></span> <span class='ocrx_word' id='word_1_697' title='bbox 3511 4730 3689 4805; x_wconf 75' lang='lat' dir='ltr'><strong>copia-</strong></span> 
     </span>
    </p>
   </div>
   <div class='ocr_carea' id='block_1_101' title="bbox 2128 4802 3684 4866">
    <p class='ocr_par' dir='ltr' id='par_1_101' title="bbox 2128 4802 3684 4866">
     <span class='ocr_line' id='line_1_104' title="bbox 2128 4802 3684 4866; baseline -0.005 -7"><span class='ocrx_word' id='word_1_698' title='bbox 2128 4802 2246 4860; x_wconf 76' lang='lat' dir='ltr'><strong>runt</strong></span> <span class='ocrx_word' id='word_1_699' title='bbox 2285 4807 2436 4860; x_wconf 80' lang='lat' dir='ltr'><strong>ducis</strong></span> <span class='ocrx_word' id='word_1_700' title='bbox 2489 4805 2914 4860; x_wconf 85' lang='lat' dir='ltr'><strong>Laconicarum:</strong></span> <span class='ocrx_word' id='word_1_701' title='bbox 2974 4802 3183 4858; x_wconf 75' lang='lat' dir='ltr'><strong>necnon</strong></span> <span class='ocrx_word' id='word_1_702' title='bbox 3230 4802 3523 4856; x_wconf 87' lang='lat' dir='ltr'><strong>Justiuiani</strong></span> <span class='ocrx_word' id='word_1_703' title='bbox 3569 4804 3684 4866; x_wconf 86' lang='lat' dir='ltr'><strong>imp.</strong></span> 
     </span>
    </p>
   </div>
   <div class='ocr_carea' id='block_1_102' title="bbox 2129 4873 3685 4939">
    <p class='ocr_par' dir='ltr' id='par_1_102' title="bbox 2129 4873 3685 4939">
     <span class='ocr_line' id='line_1_105' title="bbox 2129 4873 3685 4939; baseline -0.004 -11"><span class='ocrx_word' id='word_1_704' title='bbox 2129 4878 2212 4929; x_wconf 89' lang='lat' dir='ltr'><strong>tit.</strong></span> <span class='ocrx_word' id='word_1_705' title='bbox 2242 4876 2415 4929; x_wconf 87' lang='lat' dir='ltr'><strong>lnstit.</strong></span> <span class='ocrx_word' id='word_1_706' title='bbox 2452 4875 2529 4929; x_wconf 86' lang='lat' dir='ltr'><strong>De</strong></span> <span class='ocrx_word' id='word_1_707' title='bbox 2555 4885 2788 4928; x_wconf 71' lang='lat' dir='ltr'><strong>excusat.</strong></span> <span class='ocrx_word' id='word_1_708' title='bbox 2828 4885 2926 4928; x_wconf 83' lang='lat' dir='ltr'><strong>tut.</strong></span> <span class='ocrx_word' id='word_1_709' title='bbox 2966 4874 3046 4927; x_wconf 85' lang='lat' dir='ltr'><strong>vel</strong></span> <span class='ocrx_word' id='word_1_710' title='bbox 3083 4889 3197 4927; x_wconf 85' lang='lat' dir='ltr'><strong>cur.</strong></span> <span class='ocrx_word' id='word_1_711' title='bbox 3237 4873 3338 4939; x_wconf 91' lang='lat' dir='ltr'><strong>Qui</strong></span> <span class='ocrx_word' id='word_1_712' title='bbox 3375 4886 3473 4939; x_wconf 87' lang='lat' dir='ltr'><strong>pro</strong></span> <span class='ocrx_word' id='word_1_713' title='bbox 3514 4874 3685 4937; x_wconf 68' lang='lat' dir='ltr'><strong>reputt.</strong></span> 
     </span>
    </p>
   </div>
   <div class='ocr_carea' id='block_1_103' title="bbox 2128 4940 3687 5013">
    <p class='ocr_par' dir='ltr' id='par_1_103' title="bbox 2128 4940 3687 5013">
     <span class='ocr_line' id='line_1_106' title="bbox 2128 4940 3687 5013; baseline -0.006 -14"><span class='ocrx_word' id='word_1_714' title='bbox 2128 4945 2456 5005; x_wconf 86' lang='lat' dir='ltr'><strong>ceciderunt.</strong></span> <span class='ocrx_word' id='word_1_715' title='bbox 2491 4949 2541 4997; x_wconf 93' lang='lat' dir='ltr'><strong>in</strong></span> <span class='ocrx_word' id='word_1_716' title='bbox 2584 4955 2899 5013; x_wconf 90' lang='lat' dir='ltr'><strong>perpetuum</strong></span> <span class='ocrx_word' id='word_1_717' title='bbox 2933 4959 3027 5012; x_wconf 86' lang='lat' dir='ltr'><strong>per</strong></span> <span class='ocrx_word' id='word_1_718' title='bbox 3062 4944 3287 5013; x_wconf 72' lang='lat' dir='ltr'><strong>gloriam</strong></span> <span class='ocrx_word' id='word_1_719' title='bbox 3332 4941 3515 5013; x_wconf 70' lang='lat' dir='ltr'><strong>vivere</strong></span> <span class='ocrx_word' id='word_1_720' title='bbox 3551 4940 3687 5013; x_wconf 83' lang='lat' dir='ltr'><strong>intel-</strong></span> 
     </span>
    </p>
   </div>
   <div class='ocr_carea' id='block_1_104' title="bbox 2130 5011 3686 5084">
    <p class='ocr_par' dir='ltr' id='par_1_104' title="bbox 2130 5011 3686 5084">
     <span class='ocr_line' id='line_1_107' title="bbox 2130 5011 3686 5084; baseline -0.006 -16"><span class='ocrx_word' id='word_1_721' title='bbox 2130 5015 2389 5083; x_wconf 77' lang='lat' dir='ltr'><strong>liguntur.</strong></span> <span class='ocrx_word' id='word_1_722' title='bbox 2428 5011 2627 5084; x_wconf 74' lang='lat' dir='ltr'><strong>Tyrtin</strong></span> <span class='ocrx_word' id='word_1_723' title='bbox 2676 5011 2917 5068; x_wconf 76' lang='lat' dir='ltr'><strong>eartititta</strong></span> <span class='ocrx_word' id='word_1_724' title='bbox 2934 5011 3086 5083; x_wconf 77' lang='lat' dir='ltr'><strong>apud</strong></span> <span class='ocrx_word' id='word_1_725' title='bbox 3126 5011 3285 5068; x_wconf 84' lang='lat' dir='ltr'><strong>Joan.</strong></span> <span class='ocrx_word' id='word_1_726' title='bbox 3323 5011 3591 5065; x_wconf 75' lang='lat' dir='ltr'><strong>Stobaeum</strong></span> <span class='ocrx_word' id='word_1_727' title='bbox 3627 5011 3686 5059; x_wconf 76' lang='lat' dir='ltr'><strong>vi-</strong></span> 
     </span>
    </p>
   </div>
   <div class='ocr_carea' id='block_1_105' title="bbox 2126 5085 2618 5152">
    <p class='ocr_par' dir='ltr' id='par_1_105' title="bbox 2126 5085 2618 5152">
     <span class='ocr_line' id='line_1_108' title="bbox 2126 5085 2618 5152; baseline -0.002 -14"><span class='ocrx_word' id='word_1_728' title='bbox 2126 5085 2239 5138; x_wconf 92' lang='lat' dir='ltr'><strong>deri</strong></span> <span class='ocrx_word' id='word_1_729' title='bbox 2272 5095 2514 5152; x_wconf 87' lang='lat' dir='ltr'><strong>possunt.</strong></span> <span class='ocrx_word' id='word_1_730' title='bbox 2546 5085 2618 5137; x_wconf 86' lang='lat' dir='ltr'><strong>lo.</strong></span> 
     </span>
    </p>
   </div>
   <div class='ocr_carea' id='block_1_106' title="bbox 2200 5151 3683 5224">
    <p class='ocr_par' dir='ltr' id='par_1_106' title="bbox 2200 5151 3683 5224">
     <span class='ocr_line' id='line_1_109' title="bbox 2200 5151 3683 5224; baseline -0.002 -17"><span class='ocrx_word' id='word_1_731' title='bbox 2200 5151 2312 5224; x_wconf 78' lang='grc'><strong>(59)</strong></span> <span class='ocrx_word' id='word_1_732' title='bbox 2343 5156 2471 5209; x_wconf 85' lang='lat' dir='ltr'><strong>Cod.</strong></span> <span class='ocrx_word' id='word_1_733' title='bbox 2507 5154 2626 5207; x_wconf 86' lang='lat' dir='ltr'><strong>Vat.</strong></span> <span class='ocrx_word' id='word_1_734' title='bbox 2675 5151 2812 5216; x_wconf 90' lang='lat'><strong>650,</strong></span> <span class='ocrx_word' id='word_1_735' title='bbox 2844 5152 3077 5224; x_wconf 78' lang='grc' dir='ltr'>Χριστὸν</span> <span class='ocrx_word' id='word_1_736' title='bbox 3114 5153 3264 5223; x_wconf 84' lang='lat' dir='ltr'><strong>legit,</strong></span> <span class='ocrx_word' id='word_1_737' title='bbox 3294 5164 3350 5209; x_wconf 90' lang='lat' dir='ltr'><strong>et</strong></span> <span class='ocrx_word' id='word_1_738' title='bbox 3394 5164 3540 5204; x_wconf 74' lang='lat' dir='ltr'><strong>vers.</strong></span> <span class='ocrx_word' id='word_1_739' title='bbox 3582 5164 3683 5217; x_wconf 74' lang='lat' dir='ltr'><strong>seq.</strong></span> 
     </span>
    </p>
   </div>
   <div class='ocr_carea' id='block_1_107' title="bbox 2129 5223 2824 5290">
    <p class='ocr_par' dir='ltr' id='par_1_107' title="bbox 2129 5223 2824 5290">
     <span class='ocr_line' id='line_1_110' title="bbox 2129 5223 2824 5290; baseline 0 -13"><span class='ocrx_word' id='word_1_740' title='bbox 2129 5223 2263 5277; x_wconf 77' lang='grc' dir='ltr'>ἄλλα</span> <span class='ocrx_word' id='word_1_741' title='bbox 2296 5241 2391 5290; x_wconf 88' lang='lat' dir='ltr'><strong>pro</strong></span> <span class='ocrx_word' id='word_1_742' title='bbox 2424 5225 2583 5277; x_wconf 80' lang='grc' dir='ltr'>αὐτά.</span> <span class='ocrx_word' id='word_1_743' title='bbox 2622 5224 2824 5277; x_wconf 74' lang='lat' dir='ltr'><strong>Possm.</strong></span> 
     </span>
    </p>
   </div>
   <div class='ocr_carea' id='block_1_108' title="bbox 2200 5288 3687 5363">
    <p class='ocr_par' dir='ltr' id='par_1_108' title="bbox 2200 5288 3687 5363">
     <span class='ocr_line' id='line_1_111' title="bbox 2200 5288 3687 5363; baseline -0.001 -14"><span class='ocrx_word' id='word_1_744' title='bbox 2200 5288 2312 5362; x_wconf 66' lang='grc'><strong>(40)</strong></span> <span class='ocrx_word' id='word_1_745' title='bbox 2342 5294 2473 5349; x_wconf 90' lang='lat' dir='ltr'><strong>Cod.</strong></span> <span class='ocrx_word' id='word_1_746' title='bbox 2512 5292 2633 5346; x_wconf 82' lang='lat' dir='ltr'><strong>Vat.</strong></span> <span class='ocrx_word' id='word_1_747' title='bbox 2675 5293 2778 5346; x_wconf 82' lang='grc'><strong>650</strong></span> <span class='ocrx_word' id='word_1_748' title='bbox 2826 5295 2992 5346; x_wconf 69' lang='lat' dir='ltr'><strong>vePha</strong></span> <span class='ocrx_word' id='word_1_749' title='bbox 3037 5292 3378 5363; x_wconf 78' lang='grc' dir='ltr'>θεραπευτὴν</span> <span class='ocrx_word' id='word_1_750' title='bbox 3413 5292 3611 5363; x_wconf 24' lang='grc' dir='ltr'>αὖτῶνᾼ.</span> <span class='ocrx_word' id='word_1_751' title='bbox 3636 5288 3687 5363; x_wconf 69' lang='grc' dir='ltr'><strong>ὃς</strong></span> 
     </span>
    </p>
   </div>
   <div class='ocr_carea' id='block_1_109' title="bbox 2126 5358 3686 5433">
    <p class='ocr_par' dir='ltr' id='par_1_109' title="bbox 2126 5358 3686 5433">
     <span class='ocr_line' id='line_1_112' title="bbox 2126 5358 3686 5433; baseline -0.001 -18"><span class='ocrx_word' id='word_1_752' title='bbox 2126 5358 2351 5428; x_wconf 69' lang='lat' dir='ltr'><strong>omittit,</strong></span> <span class='ocrx_word' id='word_1_753' title='bbox 2384 5375 2437 5415; x_wconf 88' lang='lat' dir='ltr'><strong>et</strong></span> <span class='ocrx_word' id='word_1_754' title='bbox 2468 5379 2564 5431; x_wconf 89' lang='lat' dir='ltr'><strong>pro</strong></span> <span class='ocrx_word' id='word_1_755' title='bbox 2614 5365 2679 5417; x_wconf 84' lang='lat' dir='ltr'><strong>iis</strong></span> <span class='ocrx_word' id='word_1_756' title='bbox 2715 5363 3049 5433; x_wconf 63' lang='lat' dir='ltr'><strong>haccponit.</strong></span> <span class='ocrx_word' id='word_1_757' title='bbox 3094 5358 3501 5433; x_wconf 77' lang='grc' dir='ltr'>θεραπεύοντα·</span> <span class='ocrx_word' id='word_1_758' title='bbox 3546 5358 3686 5433; x_wconf 48' lang='lat' dir='ltr'><strong>nigro!</strong></span> 
     </span>
    </p>
   </div>
   <div class='ocr_carea' id='block_1_110' title="bbox 2116 5430 3683 5502">
    <p class='ocr_par' dir='ltr' id='par_1_110' title="bbox 2116 5430 3683 5502">
     <span class='ocr_line' id='line_1_113' title="bbox 2116 5430 3683 5502; baseline -0.003 -17"><span class='ocrx_word' id='word_1_759' title='bbox 2116 5434 2194 5497; x_wconf 85' lang='grc' dir='ltr'><strong>δὲ,</strong></span> <span class='ocrx_word' id='word_1_760' title='bbox 2226 5442 2330 5486; x_wconf 89' lang='lat' dir='ltr'><strong>etc.</strong></span> <span class='ocrx_word' id='word_1_761' title='bbox 2366 5430 2482 5485; x_wconf 71' lang='lat' dir='ltr'><strong>Most</strong></span> <span class='ocrx_word' id='word_1_762' title='bbox 2518 5448 2614 5499; x_wconf 91' lang='lat' dir='ltr'><strong>pro</strong></span> <span class='ocrx_word' id='word_1_763' title='bbox 2650 5431 3015 5502; x_wconf 84' lang='grc' dir='ltr'>πραττόμενοι</span> <span class='ocrx_word' id='word_1_764' title='bbox 3068 5430 3206 5487; x_wconf 84' lang='lat' dir='ltr'><strong>ideiu</strong></span> <span class='ocrx_word' id='word_1_765' title='bbox 3255 5435 3445 5488; x_wconf 88' lang='lat' dir='ltr'><strong>melius</strong></span> <span class='ocrx_word' id='word_1_766' title='bbox 3486 5430 3683 5492; x_wconf 86' lang='lat' dir='ltr'><strong>scribit,</strong></span> 
     </span>
    </p>
   </div>
   <div class='ocr_carea' id='block_1_111' title="bbox 2115 5504 3481 5571">
    <p class='ocr_par' dir='ltr' id='par_1_111' title="bbox 2115 5504 3481 5571">
     <span class='ocr_line' id='line_1_114' title="bbox 2115 5504 3481 5571; baseline 0.004 -18"><span class='ocrx_word' id='word_1_767' title='bbox 2115 5504 2591 5571; x_wconf 82' lang='grc' dir='ltr'>προσταττόμενοι.</span> <span class='ocrx_word' id='word_1_768' title='bbox 2624 5504 2698 5555; x_wconf 85' lang='lat' dir='ltr'><strong>ID.</strong></span> <span class='ocrx_word' id='word_1_769' title='bbox 2850 5570 2875 5571; x_wconf 26' lang='grc' dir='ltr'>η</span> <span class='ocrx_word' id='word_1_770' title='bbox 3006 5570 3011 5571; x_wconf 14' lang='grc' dir='ltr'>ί</span> <span class='ocrx_word' id='word_1_771' title='bbox 3480 5544 3481 5547; x_wconf 62' lang='grc' dir='ltr'><strong>η</strong></span> 
     </span>
    </p>
   </div>
   <div class='ocr_carea' id='block_1_112' title="bbox 2187 5568 3679 5656">
    <p class='ocr_par' dir='ltr' id='par_1_112' title="bbox 2187 5568 3679 5656">
     <span class='ocr_line' id='line_1_115' title="bbox 2187 5568 3679 5656; baseline -0.008 -27"><span class='ocrx_word' id='word_1_772' title='bbox 2187 5573 2299 5656; x_wconf 61' lang='lat' dir='ltr'><strong>(4i)</strong></span> <span class='ocrx_word' id='word_1_773' title='bbox 2327 5568 2433 5656; x_wconf 71' lang='lat' dir='ltr'><strong>Pr&#39;o</strong></span> <span class='ocrx_word' id='word_1_774' title='bbox 2459 5573 2648 5656; x_wconf 33' lang='grc' dir='ltr'>ἔτευχεν</span> <span class='ocrx_word' id='word_1_775' title='bbox 2670 5572 2799 5656; x_wconf 49' lang='lat' dir='ltr'><strong>‘cod.</strong></span> <span class='ocrx_word' id='word_1_776' title='bbox 2834 5570 2963 5656; x_wconf 46' lang='lat' dir='ltr'><strong>Vat:</strong></span> <span class='ocrx_word' id='word_1_777' title='bbox 2990 5570 3097 5652; x_wconf 64' lang='grc'>656</span> <span class='ocrx_word' id='word_1_778' title='bbox 3132 5572 3296 5656; x_wconf 64' lang='lat' dir='ltr'><strong>habet</strong></span> <span class='ocrx_word' id='word_1_779' title='bbox 3326 5572 3536 5656; x_wconf 54' lang='grc' dir='ltr'>ξτυχον.</span> <span class='ocrx_word' id='word_1_780' title='bbox 3571 5568 3679 5621; x_wconf 71' lang='lat' dir='ltr'><strong>Mox</strong></span> 
     </span>
    </p>
   </div>
   <div class='ocr_carea' id='block_1_113' title="bbox 2112 5641 3676 5767">
    <p class='ocr_par' dir='ltr' id='par_1_113' title="bbox 2112 5641 3676 5767">
     <span class='ocr_line' id='line_1_116' title="bbox 2112 5641 3676 5767; baseline 0 -73"><span class='ocrx_word' id='word_1_781' title='bbox 2112 5643 2166 5767; x_wconf 49' lang='grc' dir='ltr'><strong>ἐϋ</strong></span> <span class='ocrx_word' id='word_1_782' title='bbox 2196 5644 2337 5699; x_wconf 86' lang='lat' dir='ltr'><strong>inter</strong></span> <span class='ocrx_word' id='word_1_783' title='bbox 2388 5641 2584 5717; x_wconf 66' lang='grc' dir='ltr'>ἐπειδὴ</span> <span class='ocrx_word' id='word_1_784' title='bbox 2621 5641 2730 5718; x_wconf 83' lang='grc' dir='ltr'>γὰρ</span> <span class='ocrx_word' id='word_1_785' title='bbox 2811 5653 2866 5698; x_wconf 87' lang='lat' dir='ltr'><strong>et</strong></span> <span class='ocrx_word' id='word_1_786' title='bbox 2912 5642 3010 5712; x_wconf 79' lang='grc' dir='ltr'><strong>οὐχ</strong></span> <span class='ocrx_word' id='word_1_787' title='bbox 3058 5642 3253 5703; x_wconf 84' lang='lat' dir='ltr'><strong>inserit</strong></span> <span class='ocrx_word' id='word_1_788' title='bbox 3299 5643 3359 5696; x_wconf 83' lang='grc' dir='ltr'><strong>τὸ</strong></span> <span class='ocrx_word' id='word_1_789' title='bbox 3407 5641 3676 5712; x_wconf 61' lang='grc' dir='ltr'>διάφορον.</span> 
     </span>
    </p>
   </div>
  </div>
