3886 6420
136 420 250 480 1173

1017 421 1554 481 EPISTOLARUM
1590 421 1735 480 LIB.
1779 423 1875 483 IV.
1910 447 1978 458 -
2018 424 2253 483 EPIST.
2293 426 2440 485 CIX.

3216 402 3350 485 mi

132 532 415 601 ἀποδοχῆς·
457 529 619 603 φημὶ,
668 533 749 586 ὅτι
779 530 1025 597 εἰκότως.
1082 534 1301 605 Ἐπειδὴ
1347 534 1457 605 γὰρ
1507 535 1605 605 οὐχ
1641 536 1674 604 ἡ

1787 537 1978 605 quique
2022 538 2149 602 duo,
2206 540 2394 592 eodem
2442 537 2644 607 potitus
2688 544 2912 606 uterque
2973 533 3045 590 sit
3083 535 3347 604 pncmio:

132 622 350 693 ῥᾳθυμία
396 623 613 685 τούτου,
653 621 772 701 οὖδέ
822 625 857 695 ὴ
892 622 1172 694 προθυμία
1213 626 1446 687 ἐκείνου,
1500 624 1616 676 ἀλλ’
1642 626 1675 694 ἡ

128 715 210 785 τῆς
261 715 734 791 παρακαταθήκης
772 716 1013 785 ποσότης
1059 716 1475 786 παρεσκεύασεν
1525 715 1670 785 (42),

127 808 181 884 ἣν
213 806 343 877 πρὸς
372 807 474 877 τὴν
520 806 747 877 δύναμιν
794 807 902 860 τῶν
948 810 1343 877 ἐργασαμένων
1381 808 1609 863 δέδωκεν
1646 807 1675 858 6

129 899 403 966 δεσπότης·
441 898 664 961 εἰκότως
702 894 793 952 οὖν
817 901 845 952 6
878 898 1097 963 ἔπαινος
1128 898 1157 951 6
1183 898 1366 964 αὐτὸς,
1394 899 1443 951 εἰ
1470 898 1564 951 καὶ
1599 897 1676 967 μὴ

127 989 425 1066 menso;
453 991 485 1059 ἡ
513 989 675 1058 αὐτή.

509 1269 626 1322 PZ'.
658 1301 729 1311 —
767 1270 1096 1341 ΘΕΟΔΟΣΙῼ
1143 1269 1278 1340 (ts).

126 1357 215 1417 Διὰ
239 1358 291 1412 τί
316 1358 635 1429 γέγραπται
666 1361 799 1426 περὶ
832 1360 942 1427 τῆς
972 1360 1081 1429 γῆς
1100 1378 1113 1390 ·
1145 1380 1164 1411 ι
1206 1365 1288 1416 Οὐ
1324 1362 1671 1429 κλιθήσεται

424 1432 511 1495 εἰς
535 1430 640 1483 τὸν
667 1430 854 1483 αἰῶνα
880 1431 991 1484 τοῦ
1007 1431 1238 1498 αἰῶνος.
1283 1451 1301 1484 ι

198 1535 404 1605 Ἐπειδὴ
445 1536 505 1588 τὸ
551 1537 677 1605 περὶ
707 1539 807 1606 τῆς
832 1537 936 1607 γῆς
962 1538 1252 1608 εἰρημένον
1275 1582 1289 1604 ,
1331 1558 1350 1591 t
1389 1539 1463 1592 Ού
1493 1539 1673 1610 κλιθῆ-

126 1642 261 1679 σεται
288 1629 363 1689 εἰς
393 1627 484 1679 τὸν
522 1628 694 1681 αἰῶνα
719 1628 811 1682 τοῦ
846 1630 1062 1694 αἰῶνος,
1103 1649 1123 1683 ι
1178 1631 1543 1700 παραϐάλλων
1571 1631 1669 1702 τῷ,

134 1736 157 1769 ί
195 1718 245 1770 '0
268 1719 578 1773 ἐπιϐλέπων
614 1722 707 1774 ἐπὶ
736 1721 833 1791 τὴν
871 1722 997 1791 γῆν,
1033 1722 1123 1775 καὶ
1158 1723 1324 1776 ποιῶν
1354 1722 1522 1793 αὐτὴν
1550 1724 1671 1793 τρέε

127 1826 255 1877 μειν,
289 1828 306 1861 ι
340 1811 601 1881 ἐνόμισας
636 1812 878 1865 ἐναντίον
905 1830 957 1865 τι
1003 1814 1249 1883 μηνύειν,
1297 1813 1426 1878 ῐσθι,
1457 1815 1538 1867 ὅτι
1577 1831 1671 1866 σα-

1778 629 2075 694 reSpondeo
2132 628 2180 680 id
2223 629 2417 682 merito
2452 626 2653 682 factum
2686 641 2830 682 esse.
2858 626 2995 692 Quia
3024 626 3169 678 enim
3195 623 3350 678 diﬂ‘e-

1779 718 2005 770 rentiam
2032 718 2173 770 inter
2201 717 2320 771 illos
2354 717 2559 773 iecerat
2584 731 2687 770 non
2734 716 2888 782 hujus
2916 714 3135 784 quidem
3163 728 3351 767 socoro

1776 807 1888 873 dia,
1916 806 2141 861 alterius
2189 822 2317 861 vero
2354 808 2638 870 industria,
2684 807 2777 861 sed
2814 804 3042 875 depositi
3075 804 3352 872 quantitas

1775 895 2057 964 (diversa),
2086 912 2242 963 quam
2274 896 2732 951 accommodatam
2759 898 2824 948 ad
2857 895 2999 947 vires
3025 908 3234 955 eorum,
3260 893 3351 959 qui

1774 987 1826 1042 id
1861 989 2207 1053 exercebant,
2238 988 2384 1042 dedit
2412 989 2574 1042 herus
2606 1004 2619 1039 :
2658 987 2859 1040 idcirco
2897 985 3025 1054 jure
3052 998 3119 1038 ac
3153 984 3353 1036 merito

1772 1078 1959 1130 eadem
1995 1077 2209 1145 utrique
2240 1076 2356 1131 laus
2387 1076 2585 1131 tributa
2621 1084 2726 1140 est,
2770 1074 3020 1147 quamvis
3055 1070 3190 1128 lucri
3225 1086 3354 1146 pro-

1776 1176 1967 1222 ventus
1996 1183 2100 1221 non
2132 1178 2274 1223 esset
2309 1169 2469 1221 idem.

2196 1280 2352 1335 CVII.
2414 1311 2483 1319 —
2514 1278 2920 1335 TIIEODOSIO‘.

1775 1365 1953 1431 Quare
2004 1369 2253 1437 scriptum
2298 1369 2470 1437 sit‘de
2526 1378 2689 1437 terra,
2734 1384 2753 1416 ι
2820 1364 2941 1419 Non
2981 1365 3268 1419 movebitur
3293 1364 3348 1416 in

2220 1435 2471 1490 sa'culnm
2494 1436 2675 1488 swculi
2707 1437 2774 1490 θ’.
2818 1455 2836 1487 ι

1842 1548 2101 1615 Quoniam
2151 1548 2202 1602 id
2238 1550 2377 1617 quod
2431 1552 2496 1603 de
2543 1557 2688 1602 terra
2758 1550 2958 1603 dictum
3006 1555 3130 1601 est:
3175 1564 3194 1597 ι
3227 1544 3345 1599 Non

1771 1640 2073 1692 movebitur
2097 1639 2149 1691 in
2180 1638 2433 1693 saeculum
2457 1640 2660 1707 smculi,
2685 1658 2703 1690 ι
2736 1638 3024 1695 conferens
3050 1653 3174 1694 cum
3210 1642 3341 1697 illo:

1776 1740 1794 1774 ί
1808 1725 2141 1794 Quirespicil
2159 1740 2323 1795 super
2343 1738 2561 1791 terram.
2596 1739 2650 1784 et
2673 1728 2798 1783 facit
2814 1741 2933 1780 eam
2952 1721 3281 1779 tremere":
3316 1743 3335 1775 ,

1771 1818 1966 1886 putasti
2002 1801 2137 1887 (haec
2180 1818 2285 1871 duo
2312 1814 2459 1885 loca)
2481 1820 2809 1873 contrarium
2844 1819 3095 1888 quiddam
3139 1814 3348 1885 signiﬁ-

126 1899 425 1959 λιυθήσεται
453 1903 572 1969 μὲν,
603 1904 664 1957 οὐ
689 1904 1005 1974 κλιθήσεται
1032 1905 1110 1959 δέ.
1135 1904 1529 1975 Σαλευθήσεται
1557 1905 1674 1976 μὲν,

1787 1922 1904 1961 care
1936 1907 2117 1962 :scire
2155 1905 2319 1961 debes
2365 1916 2567 1961 terram
2635 1923 2957 1962 concussum
2994 1906 3217 1976 quidem
3256 1904 3345 1968 iri,

127 1990 203 2043 ἵνα
226 1993 367 2061 δείξῃ
399 1992 492 2045 τὸν
522 1993 685 2063 φόϐον
706 2012 720 2027 ·
757 1994 818 2047 οὐ
844 1994 1161 2065 κλιθήσεται
1185 1996 1263 2061 δὲ,
1292 1996 1378 2049 ἵνα
1411 1994 1559 2067 δείξῃ
1584 1994 1674 2047 τὸν

1787 2004 2022 2051 attamen
2064 2011 2172 2050 non
2214 2001 2552 2050 movendam.
2606 1996 2955 2053 Coucutietur
3002 1995 3241 2066 quidem,
3290 2003 3347 2046 ut

124 2080 252 2151 ὅρον.
284 2083 373 2152 Τῷ
398 2082 500 2152 μὲν
535 2085 726 2156 τρόμῳ
766 2086 865 2156 τὴν
908 2084 1153 2139 δουλείαν
1181 2086 1462 2157 ὁμολογεῖ·
1499 2084 1576 2155 τῷ
1614 2084 1672 2136 δὲ

1787 2088 2028 2141 ostendat
2084 2088 2332 2139 timorem
2387 2087 2515 2157 (quo
2566 2087 2884 2143 Creatorem
2951 2085 3191 2156 metuit),
3241 2097 3346 2137 non

128 2174 192 2244 μὴ
214 2173 521 2238 ἐξίστασθαι
558 2177 657 2248 τῆς
696 2178 900 2240 οἰκείας
948 2177 1211 2241 στάσεως,
1233 2179 1324 2230 τὸν
1366 2176 1507 2231 θεῖον
1548 2177 1673 2248 ὅρον

1787 2187 1957 2231 autem
2009 2177 2329 2241 movebitur,
2382 2188 2439 2231 ut
2464 2178 3065 2235 ostendatfterminum
3116 2175 3208 2245 qui
3260 2180 3346 2227 est

127 2265 317 2335 μηνύει.
1781 2268 1920 2323 ﬁxus
1948 2283 2011 2323 ac
2036 2268 2264 2323 stabilis.
2307 2268 2564 2324 Tremore
2600 2270 2815 2338 quidem
2864 2268 3177 2323 servitutem
3220 2278 3347 2334 pro-

124 2357 286 2408 ﬁtetlr
322 2356 466 2424 (qua
503 2354 612 2410 Deo
659 2356 903 2426 subjecta
945 2359 1104 2424 eSt);
1148 2357 1445 2412 stabilitate
1487 2364 1666 2412 autem
1705 2355 2069 2426 ﬁrmitateque
2128 2371 2223 2413 sua
2283 2372 2388 2427 qua
2454 2374 2519 2413 ex
2591 2357 2806 2428 propria
2848 2356 3227 2413 statione-non
3260 2352 3353 2409 di-

124 2456 369 2512 movetur,
409 2446 651 2501 divinum
683 2448 971 2502 terminum
1010 2449 1234 2503 indicat.
2865 2428 2880 2442 ’

607 2565 737 2619 PH'.
765 2594 837 2604 —
862 2565 1165 2619 ΝΕΙΛΩΝΙ.

2267 2561 2449 2620 CVIII.
2497 2592 2567 2603 --
2599 2560 2851 2618 NILONI.

126 2652 214 2726 ἵξις
237 2653 341 2726 τὸ,
407 2672 428 2705 t
475 2654 999 2726 ’ᾼπεκδυσάμενος
1048 2658 1156 2721 τὰς
1202 2656 1393 2726 ἀρχὰς
1436 2655 1535 2709 καί
1572 2654 1674 2721 τὰς

1787 2654 1839 2709 in
1869 2655 2002 2709 illud
2057 2654 2211 2708 Pauli
2260 2658 2479 2726 dictum,
2521 2673 2540 2706 ι
2579 2653 2905 2726 Exspatians
2945 2651 3275 2726 principatus
3299 2658 3349 2703 et

146 2722 411 2787 ἐξουσίας
440 2719 830 2794 ἐδειγμάτισεξ
866 2719 1258 2793 θριάμϐεύσαξ
1281 2719 1550 2791 Erubui).
1600 2744 1619 2777 ι
1655 2719 1667 2721 “

1838 2735 2139 2795 potestates,
2170 2724 2467 2789 ostentavit,
2500 2719 2834 2793 triumphans
2860 2723 2917 2777 in
2945 2723 3222 2788 semetipso
3239 2719 3342 2773 "3v

191 2834 405 2906 Ἐπειδὴ
462 2836 631 2889 τοῦτο
673 2837 787 2907 (Η)
820 2838 913 2891 τὸν
969 2839 1208 2909 ἀθλητὴν
1249 2838 1674 2910 ῥωμαλεώτερον

1841 2838 2105 2905 Quoniam
2136 2838 2249 2892 haec
2274 2851 2359 2891 res
2386 2836 2640 2891 athletam
2676 2836 3030 2891 robustiorem
3093 2840 3150 2885 et
3180 2828 3351 2883 artill-

123 2924 203 2976 καὶ
233 2925 625 2996 τεχνικώτερον
658 2926 1060 2994 ἀποδείκνυσιν,
1091 2930 1218 2981 ὅταν
1250 2932 1369 2992 ταῖς
1394 2929 1503 2982 τῶν
1526 2929 1673 2982 ἀντι-

1787 2930 2065 2984 ciosiorem
2115 2927 2390 2991 'declarat,
2450 2928 2664 2997 quando
2724 2924 3156 2980 adversariorum
3224 2920 3351 2974 licet

120 3013 283 3069 κάλων
304 3018 717 3087 κεκρατημένος
758 3018 968 3086 λαϐαῖς,
1005 3020 1447 3091 ἀπεκδυσάμενος
1476 3020 1674 3084 αὐτοὺς

1787 3021 2111 3076 constrictus
2140 3018 2675 3089 apprehensionibus,
2710 3026 2883 3070 tamen
2915 3015 3074 3087 471
3104 3028 3198 3069 eos
3223 3027 3349 3082 spo-

121 3106 385 3177 προσρήξῃ
417 3106 497 3176 τῷ
528 3108 811 3177 σκάμματι
850 3109 960 3179 (45)
981 3126 995 3140 ο
1040 3109 1130 3161 διὰ
1153 3109 1311 3162 τοῦτο
1340 3111 1433 3163 καὶ
1468 3111 1503 3163 6'
1534 3111 1670 3180 Χρι-

1787 3111 1931 3165 liatos
1974 3113 2041 3165 ad
2085 3112 2253 3180 ipsmn
2298 3109 2553 3163 fossatum
2593 3107 2905 3177 superavit:
2939 3105 3140 3159 idcirco
3185 3104 3347 3159 etiam

121 3196 227 3259 στὸς
252 3197 350 3267 τὴν
380 3197 469 3251 διὰ
521 3199 755 3270 σταυροῦ
806 3200 941 3268 πρὸς
974 3201 1102 3264 τοὺς
1154 3202 1416 3272 δαίμονας
1447 3201 1669 3255 κατεδέ-

122 3288 229 3350 ξατο
280 3290 485 3360 μάχην,
550 3290 617 3343 ἵν’
670 3292 1093 3360 ἐπιφανέστερον
1151 3291 1346 3355 αὐτοὺς
1394 3291 1671 3363 τροπαίοις

118 3379 442 3450 θριαμϐεύσῃ
466 3396 481 3411 ο
514 3381 610 3434 καὶ
633 3382 776 3435 τοῦτ’
800 3382 949 3435 ἔστιν
973 3383 1111 3453 ὅπερ
1139 3381 1412 3452 ἠθέλησας
1446 3382 1634 3452 μαθεῖν
1653 3400 1668 3412 ·

123 3486 140 3519 t
204 3471 671 3541 Ἀπεκδυσάμενος
736 3473 834 3535 τὰς
880 3474 1055 3543 ἀρχὰς
1111 3474 1206 3526 καὶ
1271 3474 1373 3536 τὰς
1425 3472 1674 3537 ἐξουσίας

118 3556 475 3628 ἐδειγμάτισεν
516 3562 573 3613 ἐν
624 3562 909 3632 παρρησίᾳ
954 3562 1332 3631 θριαμϐεύσας
1376 3561 1572 3624 αὐτοὺς
1616 3562 1673 3614 ἐν

119 3648 270 3717 αὐτῷ.
303 3668 322 3702 ι
352 3648 445 3720 Τῷ
471 3651 580 3720 γὰρ
599 3652 710 3703 δντι
728 3651 1198 3723 ἐθριαμϐεύθησαν
1220 3652 1491 3721 δαίμονες,
1513 3666 1678 3721 προσ-

118 3737 362 3810 ηλωμὲνῳ
412 3745 606 3811 χεῖρας
650 3744 746 3795 καὶ
778 3730 946 3805 πόδας
976 3742 1183 3813 ἀθλητῇ
1215 3741 1560 3813 ἡττηθέντες.
1585 3741 1675 3809 Τῷ

118 3829 219 3881 ὄντι
244 3832 601 3901 ἐστηλιτεύθη
625 3835 653 3885 6
676 3832 947 3899 διάϐολος,
975 3836 1140 3904 σαρκὶ
1176 3835 1277 3904 μιᾷ
1316 3832 1410 3885 ἐπὶ
1440 3832 1674 3902 σταυροῦ

119 3923 424 3994 κρεμαμένῃ
446 3922 704 3994 ἡττηθεὶς
734 3924 827 3977 καὶ
848 3925 1280 3996 παραχωρήσας.

468 4119 591 4173 Ρθι.
618 4151 687 4159 -
719 4122 925 4192 ΠΙΣΤῼ
964 4122 1287 4193 ΔΙΑΚΟΝῼ.

123 4205 236 4268 Itin-
254 4210 597 4281 Παροιμιῶν.
627 4214 687 4263 Τί
698 4212 886 4265 ἐστιν·
908 4236 925 4263 ι
950 4214 1003 4264 Ὁ
1020 4213 1309 4266 εἰσελθὼν
1322 4214 1408 4277 εἰς
1428 4208 1699 4281 γυναῖκας

392 4280 722 4348 ὕπανδρογ,
751 4285 863 4335 οὐκ
895 4282 1347 4349 ἁθωωθήσεται;
1381 4300 1400 4332 ι

197 4455 402 4529 Ἐπειδὴ
437 4458 750 4528 γέγραφαςο
793 4459 875 4512 Δι’
900 4459 967 4529 ἢν
1005 4460 1184 4513 αἰτίαν
1227 4457 1364 4529 μετὰ
1393 4457 1454 4510 τὸ
1476 4454 1679 4525 γεγρά-

1772 3203 2025 3260 Cltristus
2048 3215 2281 3272 pugnam
2308 3202 2570 3255 adversus
2592 3200 2861 3255 daemones
2886 3212 2979 3265 per
2997 3211 3212 3251 crucem
3233 3211 3351 3249 sus-

1771 3293 1935 3363 cepit,
1959 3304 2017 3346 ut
2033 3292 2283 3346 videlicet
2319 3300 2468 3345 tanto
2499 3290 2878 3343 illustrioribus
2901 3287 3115 3356 tropaeis
3138 3286 3203 3339 de
3221 3286 3352 3354 ipsis

1772 3386 1970 3440 erectis
2026 3383 2405 3452 triumpharet.
2466 3383 2641 3451 Atque
2695 3383 2795 3434 hoc
2842 3379 3012 3449 ipsum
3057 3377 3363 3453 est,.qt_tod:

1774 3478 1982 3531 discere
2008 3476 2317 3544 'cupiebas:
2372 3494 2391 3525 ι
2429 3472 2748 3541 Exspolians
2792 3472 3121 3545 principatus
3159 3479 3212 3525 et
3253 3484 3349 3536 pose

1778 3578 2019 3634 testates,
2051 3567 2339 3621 ostentavit
2367 3570 2562 3633 palam,
2596 3565 2932 3632 tritunphans
2961 3562 3025 3617 de
3046 3562 3147 3619 illis
3180 3562 3230 3615 in
3265 3576 3352 3615 se.-

1776 3658 2023 3726 metipso.
2087 3676 2105 3708 ι
2154 3657 2233 3715 Re
2289 3656 2455 3711 enim,
2488 3670 2614 3709 vera
2690 3654 3005 3723 triumphati
3054 3662 3179 3708 sunt
3244 3652 3353 3704 da:-

1775 3763 1985 3813 moues,
2011 3749 2077 3802 ab
2098 3748 2325 3812 athleta,
2342 3763 2543 3810 manus
2568 3748 2838 3817 pedesque
2858 3730 3027 3801 clavis
3060 3757 3210 3799 trans
3223 3745 3350 3807 ﬁxo,

1776 3840 2031 3908 superati.
2064 3839 2273 3893 Revera
2307 3839 2586 3893 traductus
2615 3847 2699 3895 est
2726 3838 2994 3901 diabolus,
3036 3852 3203 3890 carne
3240 3849 3344 3887 una

1778 3930 1831 3983 in
1866 3944 2024 3983 cruce
2046 3930 2316 3998 pendente
2348 3938 2657 3998 superatus,
2693 3928 2854 3996 eique
2896 3939 3089 3980 manus
3136 3926 3271 3979 dans
3300 3930 3381 3981 et.

1778 4020 2080 4075 concedens
2112 4019 2365 4088 palmam.

2130 4128 2268 4189 (ΠΧ.
2297 4158 2366 4169 —-—
2398 4128 2619 4191 FIDELI
2672 4126 2996 4190 DIACONO,

1780 4222 1867 4281 Ea:
1902 4223 2191 4286 Proverbiis
2246 4222 2621 4290 (Salomonis),
2675 4224 2802 4290 quid
2863 4222 2964 4274 sibi
3019 4221 3141 4273 velit
3193 4214 3353 4290 illud.

1855 4311 1874 4343 ι
1911 4292 2014 4358 Qui
2044 4288 2336 4359 ingreditur
2362 4294 2429 4344 ad
2465 4288 2733 4346 mulierem
2772 4302 3014 4360 nuptam,
3043 4306 3165 4345 non.
3197 4288 3352 4339 inno-

1851 4378 1969 4415 cens
1995 4369 2096 4414 erit
2119 4362 2184 4416 ⁸⁵.
2228 4381 2246 4413 ι

1848 4471 2111 4538 Quoniam
2177 4488 2272 4542 per
2313 4472 2520 4526 litteras
2559 4470 2873 4541 qumsivisti,
2928 4483 3088 4538 quam
3118 4470 3187 4520 ob
3225 4481 3353 4520 cau—

120 4545 261 4614 φθαι,
287 4566 304 4597 ι
354 4548 412 4601 '0
432 4548 691 4601 εἰσελθὼν
720 4550 858 4619 πρὸς
885 4550 994 4622 (46)
1016 4553 1251 4618 γυναῖκα
1278 4548 1547 4619 ὕπανδρον
1576 4548 1674 4599 οὐκ

1787 4576 1898 4614 sam
1924 4570 2207 4629 postquam
2238 4561 2494 4631 scriptum
2522 4561 2733 4615 fuerat»:
2772 4580 2790 4612 ι
2825 4558 3253 4629 Quiingreditur
3284 4555 3351 4609 ad
3382 4575 3389 4585 ν

120 4638 525 4711 ἁθωωθήσεταιο
581 4660 600 4692 ι
651 4642 873 4713 ἐρρέθη·
913 4662 931 4695 ι
966 4644 1103 4697 Οὑδέ
1157 4644 1266 4707 πᾶς
1313 4644 1343 4695 6
1375 4642 1674 4712 ἁπτόμενος

1787 4652 2063 4707 mulierem
2099 4662 2341 4720 nuptam,
2386 4669 2489 4705 non
2523 4654 2782 4706 innocens
2820 4653 2947 4714 erit,
2988 4669 3007 4700 ι
3053 4650 3252 4703 dictum
3285 4647 3357 4701 sit

120 4734 308 4804 αὐτῆςς
369 4738 532 4807 φημὶ,
571 4738 653 4789 ὅτι
700 4738 761 4790 τὸ
797 4738 896 4806 μὲν
930 4740 1192 4792 εἰσελθεῖν
1224 4739 1417 4792 ἔλαϐεν
1460 4737 1554 4790 ἐπὶ
1580 4736 1674 4789 τοῦ

1787 4752 2043 4812 prazterea
2070 4762 2083 4796 :
2111 4761 2129 4793 σ
2163 4741 2346 4812 Neque
2369 4743 2545 4797 omnis
2568 4753 2789 4812 tangens
2812 4758 2954 4807 eam,
2986 4760 3004 4791 ι
3055 4739 3352 4808 respondeo

122 4829 488 4891 συνεισελθεῖν,
539 4830 684 4883 κατὰ
735 4831 796 4883 τὸ
854 4832 1144 4901 εἰρημένον
1177 4831 1283 4884 ὑπὸ
1335 4832 1434 4900 τῆς
1461 4830 1674 4900 Σάρῤας

1787 4833 2115 4901 ingrediendi
2139 4832 2355 4900 quidem
2382 4833 2603 4886 verbum
2633 4846 2923 4900 usurpasse
2953 4825 3347 4899 (Salomonem)

122 4919 251 4986 ’πρὸς
288 4921 374 4973 τὸν
426 4922 711 4993 Ἀϐραάμ’
756 4922 1036 4976 ‹.Εἰ’σελθε
1086 4924 1221 4994 πρὸς
1250 4925 1350 4994 τὴν
1382 4922 1674 4993 παιδίσκην

1787 4923 1852 4976 de
1896 4921 2038 4975 coitu
2076 4936 2090 4972 :
2133 4921 2428 4976 secundum
2468 4921 2521 4976 id
2559 4924 2702 4992 quod
2744 4921 2946 4976 dictum
2993 4928 3077 4974 est
3111 4935 3140 4972 a
3186 4916 3353 4971 Sarra

201 5078 240 5112 ⁸³
266 5077 401 5135 Psal.
435 5098 552 5147 :uv,
575 5081 630 5135 5.
708 5081 756 5114 ’³
791 5080 936 5139 Psal.
971 5098 1091 5149 cut,
1124 5082 1216 5138 32.
1294 5083 1339 5113 ⁸⁸
1359 5082 1565 5137 Coloss.
1604 5098 1665 5146 tt,
1701 5081 1788 5135 15.
1868 5082 1914 5113 9⁵
1944 5080 2105 5134 Prov.
2130 5095 2203 5146 vt,
2230 5080 2326 5135 ‘29-

1238 5237 1884 5323 VARIAE_LEC_TIONES
1922 5238 2009 5292 ET
2045 5237 2279 5293 NOTAE.

1785 5404 1877 5447 aut
1905 5394 2207 5464 σκέμματι,
2240 5408 2359 5447 nam
2403 5393 2684 5462 ambiguus
2724 5392 2829 5464 illic
2878 5390 3182 5464 estductus
3209 5390 3355 5464 styli.

1784 5464 1912 5518 Mihi
1976 5460 2260 5531 utrobique
2314 5464 2442 5517 editi
2496 5460 2652 5517 lectio
2695 5462 2861 5530 magis
2917 5460 3178 5526 placebat.
3227 5461 3357 5516 lllutl
3394 5480 3401 5495 ε

1784 5535 2150 5603 prnhaverint,
2180 5533 2510 5603 quodversu
2558 5543 2675 5598 post
2724 5532 2962 5603 secundo
3004 5531 3354 5594 ἐπιφανέστε-

1786 5601 1877 5672 ρον
1932 5605 2053 5657 cod.
2112 5602 2231 5656 Vat.
2278 5602 2382 5656 ($50
2436 5603 2487 5656 in
2546 5601 2990 5671 ἐπιφανεστέρας
3040 5611 3372 5655 commutat-

1785 5673 1997 5728 Possm.

1857 5745 1970 5813 (Viti)
2002 5744 2135 5796 Cod.
2166 5742 2286 5797 Vat.
2319 5743 2422 5796 650
2453 5741 2587 5811 πρὸς
2620 5750 2789 5813 mutat
2804 5741 2873 5813 Ain
2896 5745 2993 5806 εἰς.
3036 5746 3183 5801 Vers.
3211 5743 3356 5813 566p.

1788 5810 2145 5873 συνεισελθεῖν
2174 5813 2315 5868 idem
2353 5810 2523 5869 mutat
2558 5813 2609 5866 in
2635 5810 2931 5871 συνελθεῖν.
2966 5814 3039 5871 ID.
3302 5810 3318 5813 ’
3354 5824 3357 5827 ’

206 5396 304 5463 (62)
343 5400 581 5469 Παρεσκ.
635 5398 754 5469 cod.
812 5395 968 5469 Vat,
1003 5404 1174 5469 mutat
1198 5394 1675 5469 ἰπὶ-κατεσκεύασεν

122 5465 322 5521 Possm.
350 5465 669 5521 —'Videtur
699 5468 885 5520 deesse
922 5467 1019 5537 τὴν
1052 5466 1531 5537 διαφοράναίὶιττ.

195 5538 296 5603 (45)
330 5538 453 5591 Cod.
483 5537 598 5589 Vat.
632 5537 734 5590 650
766 5535 985 5605 apponit
1014 5535 1318 5605 μονάζοντι.
1346 5536 1499 5590 Vers.
1528 5535 1560 5587 7
1586 5551 1672 5605 ep.

122 5606 244 5676 5m)
269 5607 404 5676 idem
434 5617 606 5660 mutat
634 5607 685 5659 iu
714 5607 896 5675 νόμον.
928 5606 1137 5660 Possm.

122 5675 301 5799 sub”)
338 5675 428 5732 Ed.
478 5676 674 5743 Paris,
722 5676 909 5746 ἐπειδὴ
937 5677 1079 5730 τότε.
1125 5675 1280 5731 Gorr.
1310 5691 1370 5731 ex
1398 5676 1519 5731 cod.
1552 5675 1674 5730 Vat.

211 5762 279 5798 ιτ.

171 5760 279 5798 DIT.

198 5814 302 5885 (t5)
331 5814 428 5870 Pro
479 5815 761 5887 σκάμματι
802 5814 919 5872 cod.
971 5814 1089 5873 Vat.
1143 5817 1332 5872 scribit
1384 5817 1682 5888 σκώμματι-
