3886 6420
489 346 628 411 1175

1684 345 1744 403 S.
1789 341 2079 401 ISIDORI
2118 336 2554 398 PELUSIOT.E

3608 320 3731 385 1176

488 456 557 507 ad
595 454 958 507 Abrahamum
1004 474 1016 509 :
1064 471 1081 504 ι
1126 453 1414 519 Ingredere
1460 452 1526 504 ad
1574 451 1821 504 ancillam
1866 465 2058 513 meam,

2173 465 2297 517 μου,
2329 446 2423 499 καὶ
2472 442 2862 506 τεκνοποίησον
2891 438 2951 505 ἐξ
2990 436 3186 506 αὐτῆς.
3228 453 3246 485 ι
3290 432 3363 485 Τὸ
3405 431 3449 483 δ’
3484 430 3732 500 ἅψασθαι,

486 554 543 598 et
571 546 764 599 liberos
814 561 880 598 ex
913 560 975 599 ea
1006 558 1231 613 procrea
1271 545 1337 597 ⁸³.
1382 565 1399 596 ι
1453 543 1728 610 Tangendi
1770 550 1948 595 autem
1996 542 2062 594 de

491 636 773 701 basiando,
818 645 908 689 aut
956 636 1373 690 contrectando.
1424 635 1743 702 Quanquam
1775 634 1916 687 enim
1959 632 2059 684 iSIa

486 729 531 782 si
572 742 693 782 cum
728 728 870 781 coitu
914 727 1283 791 conferantur,
1315 738 1531 794 peccata
1573 741 1693 780 esse
1737 740 1841 778 non
1877 725 2063 777 viden-

488 826 616 879 tur,
674 826 1045 870 verumtamen
1088 816 1327 871 Veritate
1361 816 1642 886 judicante
1686 816 1799 886 ipsa
1848 830 2063 884 quoque

485 909 680 964 merito
729 908 907 975 lapsus
957 909 1174 978 quidam
1220 890 1492 963 censenda
1536 908 1756 961 fuerint.
1809 906 1944 961 Nam
2009 907 2053 960 si

486 1000 697 1054 curiosa
742 1000 1120 1069 contemplatio
1159 999 1482 1053 adulterium
1533 1014 1656 1053 esse
1692 997 1934 1065 judicata
1975 1009 2059 1051 est

486 1091 554 1163 (a
600 1091 879 1162 Christo.)
931 1091 1286 1145 contrectatio
1317 1099 1467 1145 certe
1515 1090 1685 1144 multo
1740 1089 1911 1158 magis
1964 1104 2062 1157 pro

486 1182 754 1236 adulterio
783 1184 1132 1252 iudicabitur.
1163 1182 1628 1249 Quemadmodum
1661 1181 1804 1234 enim
1845 1182 1895 1234 in
1929 1183 2064 1234 itna-

485 1270 701 1338 ginibus
734 1272 959 1341 depictis
980 1273 1131 1327 color
1151 1273 1320 1341 magis
1347 1272 1513 1325 aliicit
1544 1282 1877 1340 spectatores
1903 1287 2060 1340 quam

485 1362 625 1414 nuda
656 1362 1004 1428 lineamenta,
1063 1364 1144 1418 sic
1182 1364 1344 1418 etiam
1388 1363 1440 1416 itt
1478 1365 1795 1431 corporibus
1842 1378 2061 1431 compa-

2170 536 2265 587 ἐπὶ
2302 534 2397 587 τοῦ
2432 534 2626 602 φιλεῖν,
2658 531 2691 602 ἢ
2729 527 3045 600 ἐφάψασθαι
3080 524 3213 596 (47).
3257 525 3320 576 Εἰ
3367 522 3478 591 γὰρ
3504 521 3597 572 καὶ
3638 538 3733 573 πα-

2174 627 2553 698 ραϐαλλόμενα
2576 627 2643 695 τῇ
2679 623 2909 693 συνόδῳ,
2933 621 2995 673 οὐ
3022 619 3557 687 δοκεῖεὶμαρτήματα
3586 609 3735 677 εἶναι,

2168 720 2308 773 ἀλλά
2342 736 2407 787 γε
2438 716 2699 786 ἀληθείας
2728 712 3059 783 δικαζούσης
3110 710 3429 779 πταίσματα
3470 709 3560 760 καὶ
3607 706 3736 759 αὐτὰ

2169 813 2392 874 εἰκότως
2421 811 2487 864 ἂν
2510 810 2617 881 εἴη.
2646 811 2709 863 Εἰ
2732 810 2840 878 γὰρ
2862 809 2896 880 ἡ
2925 806 3215 877 περίεργος
3240 804 3337 857 θέα
3372 802 3583 873 μοιχεία
3606 796 3734 853 εἶναι

2173 905 2513 975 κέκριται,ή
2558 903 2669 973 ἁφὴ
2714 900 2895 972 πολλῷ
2946 899 3108 952 πλέον
3152 897 3494 968 κριθήσεται.
3540 895 3735 965 Ὠσπερ

2172 997 2283 1067 γάρ
2313 997 2405 1049 ἐπὶ
2430 996 2539 1047 τῶν
2568 994 2793 1047 εἰκόνων
2820 991 3020 1061 χρῶμα
3038 990 3302 1061 γραμμῆς
3326 986 3735 1057 κινητικώτερόν

2164 1091 2313 1141 ἐστιν
2336 1104 2350 1117 ·
2399 1087 2543 1141 οὕτω
2581 1087 2677 1140 καὶ
2714 1086 2809 1137 ἐπὶ
2840 1084 2950 1136 τῶν
2998 1084 3113 1151 (48)
3156 1082 3426 1150 σωμάτων
3463 1080 3575 1150 ἁφὴ
3618 1078 3733 1139 θέας

2166 1180 2614 1251 κινητικώτερον.
2647 1178 2709 1231 Ei
2754 1177 2938 1229 τοίνυν
2982 1177 3017 1246 ἡ
3040 1175 3136 1227 θέα
3173 1172 3473 1243 λεπτοτέρα
3494 1167 3623 1224 οὖσα
3645 1188 3733 1223 κα-

2165 1274 2509 1342 τακέκριται,
2544 1272 2578 1342 ἡ
2631 1268 2743 1340 ἁφὴ
2798 1268 3085 1337 παχυτέρα
3119 1261 3257 1320 οὖσα
3290 1264 3607 1327 ἀπόλαυσις,
3642 1262 3732 1315 οὐκ

2167 1366 2474 1427 ἀπεικότως
2498 1363 2897 1433 ἀπηγόρευται.

484 1462 663 1507 ratum
702 1462 805 1517 est,
838 1468 896 1510 ut
921 1465 1096 1509 tactus
1166 1470 1328 1523 quam
1372 1457 1519 1507 visus
1568 1454 1824 1520 majorem
1873 1458 2118 1510 movendi
2161 1460 2267 1511 vim
2338 1458 2553 1514 habeat.
2598 1458 2654 1511 Si
2696 1448 3457 1524 igiturlaspectus‘quamvis
3504 1446 3733 1502 subtilior

484 1559 676 1600 sensus
723 1549 793 1600 sit
826 1562 891 1601 ac
926 1548 1131 1615 purior,
1166 1547 1554 1600 condemnatus
1595 1555 1679 1601 est
1715 1558 1917 1612 tamen,
1957 1563 2060 1602 non
2103 1549 2375 1603 immerito
2404 1558 2603 1615 tactus,
2634 1557 2693 1601 ut
2724 1546 2816 1617 qui
2846 1546 2957 1617 έεὶι
3014 1543 3255 1598 crassior
3288 1551 3454 1611 atque
3488 1537 3731 1609 impurior

486 1652 703 1703 sensus,
736 1639 1041 1707 prohibitus
1069 1648 1173 1694 est.

804 1749 917 1804 CX.
949 1782 1020 1791 —
1054 1751 1353 1807 LEONTIO
1394 1752 1746 1809 EPISCOPO.

488 1841 629 1907 Quid
655 1843 722 1895 sit
752 1842 928 1895 illud:
968 1860 989 1894 ι
1029 1844 1095 1898 Ει
1127 1856 1278 1898 erunt
1324 1846 1377 1896 in
1404 1845 1663 1899 montibus
1699 1855 1753 1898 ut
1810 1846 2064 1901 columba:

1096 1915 1404 1968 meditantes
1444 1915 1510 1969 ⁸⁷.
1542 1932 1564 1967 ι

556 2023 819 2090 Quoniam
870 2038 967 2094 per
1014 2024 1222 2079 litteras
1271 2025 1595 2094 quaesivisti,
1637 2026 1765 2095 quid
1800 2027 1888 2096 Isit
1934 2028 2064 2083 illud

486 2115 629 2184 quod
652 2115 723 2169 ab
749 2114 1034 2170 Ezechiele
1060 2116 1321 2181 scriptum
1348 2126 1432 2170 est
1461 2135 1473 2169 :
1501 2134 1520 2166 ι
1550 2116 1617 2169 Et
1647 2127 1807 2170 erunt
1830 2117 1881 2170 itt
1911 2132 2065 2171 mon-

487 2208 632 2263 tibus
658 2218 716 2261 ut
739 2208 1007 2263 columbae
1042 2207 1401 2270 meditantes;
1438 2226 1457 2259 ι
1499 2207 1820 2275 respondeo,
1847 2209 2062 2262 tametsi

488 2299 682 2351 multis
731 2299 915 2352 verbis
966 2297 1203 2367 indigeat
1244 2298 1365 2366 ejus
1434 2298 1833 2365 interpretatio,
1863 2314 1948 2353 me
1982 2308 2064 2353 ta-

483 2402 606 2443 men
657 2404 816 2457 qnam
862 2382 1050 2457 potero
1107 2389 1644 2458 cotnpeudiosissin'ie
1690 2390 1741 2444 id
1786 2391 2064 2460 expositu-

482 2495 625 2534 rum.
663 2478 737 2534 De
771 2479 875 2533 illis
908 2491 1027 2533 erat
1058 2495 1238 2534 sermo
1278 2482 1573 2549 prophetae,
1606 2481 1697 2549 qui
1737 2491 1795 2534 ut
1828 2497 1855 2533 a
1884 2482 2054 2549 Baby-

482 2569 613 2623 lonii
649 2569 837 2641 (regis)
864 2570 1145 2624 invasione
1178 2571 1274 2624 tuti
1310 2581 1514 2635 essent,
1544 2571 1597 2623 in
1624 2580 1834 2625 montes
1861 2569 2055 2626 confu-

479 2670 669 2728 gerant
690 2678 708 2713 :
725 2674 859 2726 quos
878 2660 1237 2729 ait,quamvis
1261 2661 1441 2715 hostes
1460 2661 1711 2729 ell‘ugisse
1728 2663 2060 2726 viderentur,

482 2763 661 2806 tamen
704 2751 928 2818 justitiae
965 2753 1159 2806 divina)
1204 2752 1731 2808 animadversionem
1786 2770 1889 2807 non
1938 2771 2062 2808 eva-

478 2854 657 2894 suros.
696 2837 829 2894 Nam
864 2842 1083 2910 quando
1117 2843 1171 2895 in
1207 2842 1466 2897 solitariis
1501 2844 1631 2898 locis
1658 2856 2062 2901 commorantes

476 2939 633 2983 extra
662 2946 876 2985 omnem
911 2931 1217 3001 telijactum
1242 2948 1300 2986 se
1324 2934 1650 2989 constitutos
1678 2951 1799 2989 esse
1826 2940 2059 2991 arbitra-

475 3020 700 3085 buntur,
734 3030 859 3075 tunc
884 3033 939 3075 et
972 3037 1171 3077 uxores
1220 3039 1347 3078 suas
1384 3034 1435 3078 et
1476 3025 1694 3092 liberos,
1740 3038 1794 3081 et
1831 3037 2057 3082 caetero-

475 3125 595 3164 rum
632 3112 1051 3180 propinquorum
1079 3114 1303 3166 exitium
1353 3116 1627 3184 perpetuis
1659 3118 1948 3185 gemitibus
1996 3134 2058 3172 ac

475 3199 955 3257 lamentationibus
994 3214 1411 3272 prosequentur.
1456 3206 1841 3261 Columbarum
1880 3220 2058 3263 autem

474 3292 575 3345 sub
641 3292 873 3364 imagine
907 3297 1209 3351 acerrimos
1283 3298 1589 3352 animorum
1657 3301 1931 3354 cruciatus
1991 3304 2061 3356 ob

473 3382 659 3437 oculos
682 3386 979 3455 pr0posuit.
999 3387 1099 3453 Qui
1124 3390 1266 3442 enim
1290 3392 1548 3452 clamant,
1570 3399 1625 3442 et
1646 3405 1875 3460 angores
1894 3390 2057 3464 472

475 3475 641 3529 animi
676 3477 756 3529 sui
794 3476 859 3529 ad
890 3479 1168 3546 proximos
1202 3478 1458 3545 eﬂerunt,
1500 3498 1605 3537 non
1641 3484 1896 3552 exiguum
1932 3500 2057 3552 per-

473 3566 680 3636 cipiunt
723 3569 926 3624 doloris
956 3571 1207 3625 solatium
1239 3583 1293 3627 et
1345 3574 1728 3630 levamentum.
1761 3577 1893 3630 Nam
1921 3593 2058 3646 quo-

474 3655 761 3711 dammodo
791 3658 992 3715 leviora
1027 3660 1165 3715 ﬁunt
1203 3665 1474 3719 narrando
1523 3668 1658 3719 mala
1693 3666 1776 3737 (ea
1809 3682 1929 3735 quae
1961 3683 2058 3720 nos

474 3750 767 3821 cruciant).
799 3752 901 3818 Qui
938 3768 1066 3807 vero
1092 3765 1367 3811 aut-metu
1411 3768 1505 3812 aut
1543 3759 1703 3813 aliam
1745 3760 2056 3829 quampiam

476 3840 548 3895 ob
574 3858 790 3897 causam
817 3846 1032 3901 silentio
1056 3848 1391 3904 calamitates
1416 3866 1544 3905 suas
1579 3850 1860 3905 involvunt
1897 3861 2060 3921 atque

476 3937 751 4001 occulunt,
788 3940 881 3991 sed
914 3938 1034 3993 solo
1070 3942 1306 4011 suspirio
1336 3942 1638 3997 cruciatum
1689 3943 2056 4007 subindieaut,

474 4024 552 4079 illi
625 4027 1018 4084 intolerabilem
1085 4036 1438 4101 experiuntur
1496 4034 1623 4087 mali
1696 4035 2054 4097 iuvasionem,

472 4119 672 4187 quippe
698 4136 818 4188 qua:
841 4122 907 4176 ad
936 4124 1279 4177 sanationem
1336 4141 1441 4178 non
1478 4124 1721 4188 inclinet,
1754 4126 1846 4178 sed
1876 4126 2055 4193 potius

2469 1759 2572 1813 Pl'.
2607 1787 2678 1796 —
2716 1752 3015 1823 ΛΕΟΝΤΙῼ
3054 1751 3427 1821 ΕΠΙΣΚΟΠῼ.

2172 1850 2235 1903 Τί
2257 1849 2418 1903 ἐστι·
2460 1867 2479 1900 ι
2521 1847 2630 1903 Καὶ
2663 1847 2911 1901 ἔσονται
2958 1842 3199 1896 ἐπὶτῶν
3245 1840 3433 1907 ὀρέων
3459 1842 3541 1907 ὡς
3585 1857 3728 1908 περι-

2585 1916 2790 1986 στεραὶ
2819 1911 3201 1984 μελετητικαί
3220 1926 3241 1975 ;
3277 1930 3296 1962 ι

2234 2028 2454 2101 Ἐπειδὴ
2497 2028 2812 2099 γέγραφας
2844 2025 2909 2079 Τί
2953 2028 3071 2079 ἐστι
3110 2023 3172 2077 τὸ
3203 2023 3417 2096 γραφὲν
3453 2021 3603 2093 παρὰ
3646 2022 3727 2075 τοῦ

2173 2119 2475 2189 Ἰεζεκιήλο
2525 2140 2543 2171 ι
2588 2121 2700 2173 Καὶ
2748 2118 2963 2171 ἔσονται
3001 2114 3237 2169 ἐπὶτῶν
3262 2115 3436 2184 ὀρέων
3482 2113 3557 2175 ὡς
3587 2129 3729 2182 πρι-

2167 2213 2356 2283 στεραὶ
2376 2211 2726 2282 μελετητικαί
2749 2227 2765 2274 ;
2792 2229 2809 2260 ι
2846 2208 3010 2279 φημὶ,
3040 2210 3123 2261 ὅτι
3150 2204 3595 2274 πολυεπείαςξμὲν
3612 2203 3728 2274 χρῄο

2166 2302 2247 2367 ζει
2272 2305 2305 2373 ἡ
2334 2302 2602 2373 ἑρμηνεία
2622 2318 2635 2331 ο
2667 2301 2838 2372 ὅμως,
2882 2300 2959 2359 ὼς
3014 2299 3082 2352 ἂν
3111 2294 3223 2361 οἷός
3261 2315 3323 2351 τε
3366 2291 3433 2361 ὦ,
3464 2293 3727 2373 συντεμὼν

2165 2394 2357 2464 φράσω
2381 2413 2396 2427 ο
2430 2395 2566 2464 Περὶ
2600 2394 2710 2446 τῶν
2754 2395 2811 2445 ἐν
2844 2393 2909 2461 τῇ
2946 2389 3294 2443 Βαϐυλωνίου
3330 2388 3505 2457 ἐφόδῳ
3532 2388 3726 2439 ἀνασω-

2165 2485 2366 2537 θέντων
2405 2486 2486 2546 είς
2515 2484 2584 2537 τὰ
2605 2485 2729 2554 ὅρη,
2772 2479 2839 2553 ἦν
2870 2482 2949 2553 τῷ
2978 2483 3237 2553 προφήτῃ
3259 2483 3288 2533 ό
3328 2481 3505 2548 λόγος,
3534 2478 3725 2531 ὃτιοίιό⁹

2165 2571 2231 2623 ἂν
2259 2571 2453 2636 δόξωσι
2477 2571 2902 2640 διαπεφευγέναι
2929 2572 3056 2634 τοὺς
3096 2568 3416 2639 πολεμίους,
3442 2567 3726 2635 διαφεύξον-

2161 2678 2252 2713 ται
2275 2660 2374 2731 τὴν
2396 2661 2573 2730 δίκην.
2611 2663 2779 2714 Ὅταν
2809 2660 2919 2732 γὰρ
2959 2661 3058 2723 τὰς
3088 2660 3328 2729 ἐρήμους
3365 2657 3725 2726 κατειληφότες

2163 2752 2267 2817 ἔξω
2302 2753 2409 2805 τῶν
2459 2752 2650 2806 δεινῶν
2694 2748 2832 2805 εἶναι
2869 2754 3207 2823 ἡγήσωνται,
3234 2752 3355 2804 τότε
3390 2748 3644 2817 γυναῖκάς
3673 2764 3723 2799 τε

2163 2847 2259 2899 καί¹
2307 2845 2503 2909 παῖδας
2530 2846 2624 2899 καὶ
2650 2846 2761 2900 τῶν
2796 2846 2972 2900 ἄλλων
2999 2846 3216 2899 οἰκείων
3237 2845 3331 2897 τὸν
3369 2844 3583 2913 ὄλεθρον
3607 2843 3725 2912 θρη-

2164 2938 2383 3000 νοῦντες
2433 2938 2774 2992 διατελοῦσι·
2816 2936 2895 3008 τῷ
2935 2938 2996 2991 δὲ
3034 2937 3142 2990 τῶν
3180 2935 3521 3006 περιστερῶν
3560 2950 3721 3003 παρα-

2162 3029 2418 3099 δείγματι
2451 3030 2510 3082 τὸ
2548 3029 2880 3100 περιώδυνον
2914 3031 3022 3082 τῶν
3043 3028 3231 3098 ψυχῶν
3274 3027 3632 3097 παρέστησεν.
3667 3024 3721 3076 Οί

2164 3118 2262 3187 μὲν
2303 3120 2412 3189 γὰρ
2467 3118 2698 3187 βοῶντες
2750 3122 2844 3173 καὶ
2892 3119 3030 3189 πρὸς
3085 3119 3211 3182 τοὺς
3242 3118 3414 3179 πέλας
3468 3116 3526 3169 τὸ
3574 3115 3722 3176 πάθος

2158 3205 2483 3277 ἐκφέροντες
2509 3206 2568 3258 οὐ
2603 3206 2805 3275 μικρὰν
2828 3205 3171 3275 λαμϐάνουσι
3197 3205 3293 3257 τοῦ
3321 3204 3525 3267 πάθους
3558 3219 3717 3273 παρα-

2160 3297 2378 3366 μυθίαν.
2413 3296 2753 3365 Κουφίζεται
2784 3296 2893 3367 γὰρ
2917 3296 3118 3367 τρόπον
3145 3296 3267 3350 τινὰ
3297 3298 3365 3366 τῇ
3395 3295 3632 3366 διηγήσει
3661 3294 3718 3346 τὰ

2157 3386 2303 3460 πάθη
2343 3389 2454 3459 (49)
2485 3406 2499 3417 ⁸
2529 3391 2577 3442 οἱ
2622 3390 2666 3442 δ’
2723 3388 2827 3441 ὑπὸ
2859 3388 3032 3452 δέους,
3084 3388 3117 3459 ἦ
3165 3389 3335 3459 ἄλλης
3379 3388 3520 3452 τινος
3560 3386 3717 3446 αἰτίας

2160 3484 2294 3557 σιγῇ
2322 3481 2424 3544 τὰς
2480 3481 2769 3553 συμφορὰς
2824 3481 3327 3551 κατακρύπτοντες,
3369 3480 3514 3550 μόνῳ
3554 3479 3606 3532 δὲ
3648 3477 3718 3548 τῷ

2168 3573 2460 3644 στεναγμῷ
2476 3573 2575 3643 τὴν
2601 3573 2793 3642 ὀδύνην
2813 3568 3192 3643 ἐμφαίνοντες,
3217 3573 3538 3626 ἀνύποιστον
3558 3572 3716 3641 ἔχουσι

2164 3665 2257 3716 τοῦ
2318 3664 2490 3717 κακοῦ
2538 3664 2635 3735 τὴν
2684 3664 2892 3733 ἔφοδον,
2929 3664 3024 3717 ac:
3068 3665 3147 3726 εἰς
3201 3664 3500 3735 θεραπείαν
3538 3664 3625 3733 μὲν
3651 3660 3716 3730 μὴ

2163 3757 2446 3821 νεύουσαν,
2496 3758 2574 3820 είς
2605 3756 2856 3809 ἐπίτασιν
2894 3756 2952 3809 δὲ
3005 3755 3331 3824 βλέπουσαν.
3368 3755 3606 3825 Δηλῶσαι
3637 3748 3715 3805 οὖν

2161 3846 2484 3916 βουλόμενος
2518 3846 2630 3917 (50)
2660 3844 2760 3914 τῆς
2802 3845 3074 3915 τιμωρίας
3100 3845 3160 3897 τὸ
3188 3845 3441 3914 μέγεθος,
3483 3843 3607 3897 ἀλλὰ
3637 3840 3715 3893 και

2155 3939 2250 3993 τοῦ
2270 3940 2422 4001 δέους
2446 3938 2543 4009 τὴν
2571 3937 2897 4009 ὑπερϐολὴν,
2925 3938 3039 4006 εἴγε
3067 3937 3204 4007 μηδὲ
3225 3937 3423 4006 ὲκὸοᾷν
3435 3934 3711 4005 τολμῶμεν,

2155 4029 2253 4099 τῆς
2284 4030 2525 4099 ὑποψίας
2547 4030 2634 4082 άεί
2664 4032 2763 4100 τὴν
2794 4029 2982 4099 ἔφοδον
3015 4029 3125 4081 τῶν
3154 4027 3433 4099 πολεμίων
3460 4028 3707 4096 ὀνειροπο-

2152 4121 2373 4192 λούσης,
2404 4124 2468 4192 τῇ
2500 4121 2726 4195 τοιαύτῃ
2758 4122 2926 4174 εἰκόνι
2962 4123 3255 4193 ἐχρήσατο.

474 4211 539 4264 ad
586 4222 929 4276 augmentum
962 4223 1016 4267 et
1044 4215 1403 4268 inlensionem
1441 4225 1667 4283 spectet.
1713 4215 1849 4269 Cum
1914 4214 2080 4283 igitur
2158 4211 2579 4279 magnitudinem
2638 4213 2801 4265 vellet
2858 4213 3100 4265 iudicare
3149 4210 3419 4279 supplicii,
3461 4221 3621 4276 neque
3660 4201 3706 4256 id

473 4302 643 4357 solum
702 4319 890 4358 verum
931 4306 1096 4358 etiam
1149 4307 1690 4361 vehementissimam
1752 4319 1808 4362 et
1868 4308 2192 4361 acerrimmu
2234 4314 2460 4368 metum,
2522 4304 2789 4372 siquidem
2836 4319 3010 4373 neque
3075 4303 3388 4357 exclamare
3455 4302 3707 4372 audemus.

472 4397 777 4463 suspicione
806 4411 1021 4466 semper
1061 4398 1311 4452 hostilem
1357 4399 1771 4467 impressionem
1843 4399 1988 4453 velut
2016 4399 2071 4452 in
2110 4412 2302 4452 somno
2361 4396 2751 4451 obversantem
2808 4412 2873 4452 ac
2925 4405 3373 4466 reprzeseutatam
3449 4394 3709 4463 cogitante.

472 4490 705 4560 imagine
730 4492 991 4560 ejusmodi
1023 4509 1152 4548 usus
1180 4503 1283 4548 est.

783 4585 925 4639 CXI.
943 4616 1014 4627 -——
1032 4586 1382 4644 LAMPETIO
1408 4587 1729 4645 DlACONO.

650 4673 780 4729 Cum
812 4677 1060 4733 obtuleris
1085 4696 1272 4733 munus
1296 4689 1442 4733 tuum
1468 4681 1537 4733 ad
1564 4682 1736 4734 altare
1754 4681 1820 4733 ⁸⁸.
1852 4700 1870 4732 ι

541 4856 791 4914 Maxima:
814 4874 957 4914 cura:
987 4870 1114 4915 sunt
1140 4860 1249 4915 Deo
1304 4859 1484 4919 Verbo
1514 4861 1791 4915 hominum
1822 4862 1963 4914 inter
1988 4876 2050 4914 se

2433 4585 2583 4641 PIA'.
2630 4615 2700 4625 --
2732 4584 3093 4654 ΔΛΜΠΕΤΙῼ
3130 4581 3459 4654 ΔΙΔΚΟΝῼ.

2166 4696 2184 4727 ι
2236 4675 2380 4729 Ἐὰν
2423 4675 2773 4743 προσφέρῃς
2810 4676 2885 4765 τὸῖ
2911 4672 3104 4740 δῶρόν
3152 4690 3270 4726 σου
3303 4672 3406 4725 ἐπὶ
3434 4672 3496 4724 τὸ
3526 4674 3706 4725 θυσια-

2770 4760 3041 4811 στηριον.
3085 4763 3103 4793 ι

2232 4858 2501 4927 Μέγιστον
2534 4858 2645 4929 (51)
2691 4858 2770 4927 τῷ
2814 4857 2935 4929 Θεῷ
2983 4856 3141 4927 Λόγῳ
3191 4858 3220 4911 ό
3274 4856 3405 4928 περὶ
3447 4853 3552 4908 τῶν
3594 4850 3707 4923 πρὶς

540 5015 587 5047 θ’
617 5014 755 5069 Gen.
782 5029 894 5080 xvr,
922 5015 979 5069 2.
1044 5016 1090 5049 ⁸⁷
1127 5016 1324 5071 Ezech.
1358 5031 1454 5080 vit,
1486 5017 1573 5070 16.
1658 5015 1706 5047 ⁸⁸
1736 5014 1927 5070 Matth.
1991 5030 2045 5079 ν,
2074 5013 2167 5069 25.

1602 5172 1835 5228 νΑιιιιιΕ
1874 5171 2257 5229 LECTIONES
2294 5170 2384 5226 ET
2419 5168 2653 5227 ΝΟΤᾸΞ.

544 5333 659 5403 (47)
723 5334 830 5388 Pro
881 5332 1195 5402 ἐφάψασθαι
1244 5332 1383 5387 idem
1438 5335 1558 5387 cod.
1601 5334 1788 5387 scribit
1833 5334 2049 5403 ἐπαφᾶ-

472 5400 616 5457 σθαι.
636 5400 852 5459 Possm.

542 5475 652 5543 (48)
682 5476 784 5527 Pro
811 5474 913 5538 his,
940 5475 1033 5528 καὶ
1060 5475 1151 5527 ἐπὶ
1197 5474 1327 5540 τῶν,
1362 5475 1502 5529 idem
1527 5477 1649 5529 cod.
1679 5476 1851 5529 solum
1887 5476 2049 5529 habet

468 5545 606 5597 κάπί
627 5545 756 5597 τῶν.
800 5544 875 5597 In.

542 5615 652 5684 (49)
684 5614 798 5668 Non
829 5615 1001 5669 solum
1037 5615 1220 5683 igitur,
1254 5625 1310 5669 ut
1336 5615 1412 5668 ait
1442 5614 1622 5676 Ovid"

617 5749 876 5818 Expletur
903 5751 1151 5819 lacrymis
1186 5752 1513 5821 egeriturque
1539 5752 1711 5818 dolor,

2158 5332 2250 5385 sed
2281 5331 2444 5385 etiam
2474 5328 2715 5398 querulis
2749 5328 3149 5382 narrationibus
3191 5329 3243 5383 in
3293 5327 3519 5382 aliorum
3556 5326 3707 5381 sinsin

2156 5410 2507 5455 exoneratur.
2562 5398 2763 5452 Confer
2800 5401 2973 5450 locum
3008 5398 3239 5453 similem
3288 5402 3431 5469 apud
3478 5399 3707 5453 lsidorum

2157 5480 2400 5525 nostrum
2445 5471 2535 5523 lib.
2575 5485 2635 5522 ιιι
2673 5483 2758 5535 ep.
2789 5471 2840 5522 8.
2878 5469 3037 5521 lttr'r.

2227 5541 2339 5608 (50)
2396 5534 2790 5603 Βουλόμενος.
2838 5535 2966 5590 Post
3005 5536 3328 5607 βουλόμενος
3367 5548 3493 5608 puto
3536 5534 3707 5589 adden-

2153 5612 2300 5672 dttm,
2343 5610 2484 5677 quod
2533 5610 2583 5661 itt
2633 5625 2734 5661 ms.
2789 5608 3088 5677 omittitur,
3128 5608 3188 5659 οὐ
3234 5610 3415 5676 μονόν.
3472 5610 3544 5662 lo.

2229 5675 2480 5751 (51)]ἰό
2499 5678 2753 5751 μέγιστον
2778 5678 2895 5751 cod.
2926 5675 3052 5751 Vat:
3075 5678 3179 5729 650
3205 5675 3360 5735 habet
3390 5680 3642 5749 μέγιστος,
3660 5682 3704 5727 et

2157 5746 2379 5806 νοέεζῖ
2409 5746 2531 5803 ante
2561 5748 2718 5815 λόγος
2747 5748 2897 5802 addit
2922 5750 2970 5801 ὁ.
3022 5746 3234 5803 Possm.
