3886 6420
400 355 535 419 1179

1573 355 1631 415 S.
1675 354 1965 414 ISIDORI
2004 348 2439 413 PELUSIOTdﬁ

3531 341 3663 403 1180

406 498 425 529 ι
472 472 879 531 Prohibentium
925 472 1151 537 nubere,
1195 490 1214 523 ι
1264 472 1648 526 abstinentiam
1688 488 1715 526 a
1752 474 1885 526 cibis
1921 473 1971 525 in

2088 468 2253 522 κοινοῦ
2288 466 2402 527 θεὶς
2429 463 2506 533 τῷ
2540 460 2838 538 ἀπέχεσθαι
2862 458 2969 527 (b),
3021 459 3102 521 εἰς
3130 456 3229 528 τὴν
3258 451 3516 508 ἐναντίαν
3560 456 3665 522 ἀφ-

402 568 731 621 contrariam
766 566 1037 633 separavit
1083 564 1334 619 classem.
1382 564 1567 633 Neque
1605 566 1746 617 enim
1793 565 1979 632 prohi-

402 658 602 711 bebant
635 657 926 710 abstinere.
962 656 1254 709 Dicendum
1311 669 1542 723 namque
1579 665 1697 707 erat
1732 672 1745 707 :
1783 653 1977 707 Prohi-

402 749 644 802 bcntium
675 747 897 809 nubere,
928 757 980 798 et
1000 746 1302 814 jubentium
1332 746 1604 799 abstinere
1632 760 1659 797 a
1690 745 1845 799 cibis.
1874 744 1980 812 lgi-

404 849 495 892 tur
519 840 619 892 etsi
649 837 790 892 forte
816 838 942 891 alibi
977 838 1077 892 hoc
1102 854 1200 892 usu
1230 839 1377 892 venit
1407 838 1721 891 admirando
1749 837 1819 889 illi
1843 838 1981 900 viro,

404 944 538 984 sane
565 932 898 982 concedatur
924 929 1023 982 hoc
1053 943 1266 998 quoque
1305 941 1320 980 :
1361 944 1470 982 non
1504 929 1648 982 enim
1688 928 1983 981 contentio-

408 1021 567 1074 nibus
587 1021 757 1073 danda
790 1028 1072 1087 estopera.
1105 1018 1237 1072 Vide
1266 1029 1443 1072 autem
1479 1033 1545 1071 ne
1573 1017 1711 1070 forte
1740 1017 1842 1070 hoc
1862 1017 1983 1071 loco

406 1112 553 1165 circa
586 1126 747 1162 unam
800 1110 1033 1164 litteram
1073 1124 1347 1176 unumque
1395 1108 1600 1176 apicem
1638 1109 1983 1161 commissum

408 1204 738 1257 siterratum
768 1217 781 1253 :
808 1202 1082 1263 videlicet.
1125 1221 1143 1252 ε
1183 1201 1589 1254 Prohihcntium
1624 1201 1848 1265 nubere,
1894 1216 1986 1254 ac-

408 1295 589 1363 cipere
616 1295 767 1348 cibos
792 1313 809 1345 »
840 1294 920 1363 (ιιι
945 1295 1208 1362 scriptum
1234 1294 1302 1347 sit
1322 1292 1645 1363 ἀπέχεσθαι,
1677 1309 1799 1347 cum
1823 1293 1985 1346 scribi

409 1385 655 1439 debuerit
683 1384 1049 1454 ἀντέχεσθαι).
1088 1385 1325 1439 Ecclesia
1360 1400 1485 1438 vero
1511 1386 1652 1438 sicut
1679 1385 1986 1454 coniugium

410 1476 730 1532 honorabile
754 1478 922 1541 ducit,
952 1478 1022 1530 ita
1057 1476 1206 1531 cibos
1238 1492 1452 1546 quoque
1481 1493 1584 1530 non
1612 1476 1987 1543 abominatur;

410 1571 508 1627 sed
545 1586 722 1641 neque
767 1585 861 1625 eos
913 1584 1108 1638 capere
1147 1570 1324 1637 jubet,
1359 1570 1487 1638 quin
1538 1570 1716 1638 potius
1752 1570 1988 1622 medium

412 1664 586 1718 locum
620 1675 675 1719 et
724 1664 925 1731 nuptiis
956 1672 1009 1717 et
1041 1663 1176 1717 cibis
1230 1661 1434 1714 tribuit.
1476 1659 1611 1713 Nam
1644 1671 1721 1715 est
1772 1660 1988 1729 quidem

412 1755 503 1808 ille
531 1755 895 1824 prmstantior,
922 1755 1010 1823 qui
1044 1754 1234 1807 barum
1263 1769 1441 1807 rerum
1466 1768 1561 1805 usu
1594 1762 1678 1806 est
1724 1752 1989 1820 superior.

412 1845 799 1899 Verumtamen
834 1846 923 1914 qui
977 1847 1254 1898 moderato
1286 1858 1468 1898 earum
1505 1859 1604 1897 usu
1639 1843 1853 1908 fruitur,
1884 1860 1989 1897 nou

412 1936 485 1992 ob
505 1936 556 1989 id
588 1937 1064 2004 reprehendendus
1086 1946 1187 1991 est.
1215 1937 1387 2004 Atqui
1417 1952 1508 1991 eas
1534 1937 1894 1990 calumniatur
1929 1951 1991 1990 ac

418 2027 678 2090 traducit,
717 2027 763 2079 is
798 2036 955 2080 extra
1000 2041 1151 2081 sacra
1196 2036 1373 2081 castra
1409 2035 1792 2080 commoratur.
1838 2025 1988 2092 Quod

416 2125 600 2169 autem
637 2132 1012 2185 sa'penumcro
1040 2133 1143 2170 una
1182 2118 1387 2179 littera,
1413 2117 1494 2171 vel
1553 2118 1879 2186 transposita
1906 2117 1991 2171 vel

415 2208 782 2276 prartermissa
815 2208 897 2262 vel
922 2209 1128 2274 addita,
1162 2218 1396 2262 mentem
1429 2224 1615 2263 eorum
1655 2226 1773 2279 qua:
1801 2210 1991 2263 dicun-

416 2309 507 2355 tur
532 2301 859 2355 conturbare
895 2300 1065 2355 soleat
1099 2321 1112 2356 :
1150 2317 1214 2356 ex
1242 2316 1326 2367 eo,
1355 2302 1498 2371 quod
1529 2301 1579 2355 in
1611 2302 1760 2355 Actis
1783 2310 1992 2370 aposto-

2077 561 2242 631 ὡρισε
2270 558 2440 623 τάξιν.
2472 559 2547 609 Οὐ
2576 556 2696 625 γὰρ.
2718 552 2955 605 ἐκώλυον
2983 549 3320 623 ἀπέχεσθαι·
3359 546 3532 617 ἐχρῆδ
3560 546 3669 615 γὰρ

2078 655 2272 706 εἰπεῖν*
2310 649 2645 703 Κωλυόντων
2678 648 2902 715 γαμεῖν,
2936 644 3029 698 καὶ
3073 642 3409 695 κελευόντων
3466 640 3671 708 ἀπέχε-

2080 746 2206 799 σθαι
2240 744 2564 814 βρωμάτων.
2620 740 2681 791 Ei
2709 738 2810 809 μὲν
2837 734 2929 791 οὖν
2967 736 3062 790 καὶ
3093 734 3355 805 ἀλλαχόσε
3382 732 3546 785 τοῦτο
3572 733 3674 784 ὐπ-

2082 836 2296 905 ἐμεινεν
2333 836 2403 906 (c)
2428 837 2455 887 ὁ
2484 832 2790 901 θαυμάσιος
2839 832 3045 892 ἐκεῖνος
3075 827 3245 898 ἀνὴρ,
3295 825 3532 880 δεδόσθω
3582 826 3675 876 καὶ

2080 928 2256 981 τοῦτο.
2290 928 2363 980 Οὐ
2392 928 2499 996 γὰρ
2534 924 2939 993 φιλονεικητέον
2975 922 3109 993 (58).
3153 921 3297 991 Ὅρα
3326 919 3385 970 δὲ
3424 918 3500 987 μή
3544 933 3677 968 ποτε

2084 1022 2213 1090 περὶ
2250 1020 2309 1073 ἓν
2362 1020 2623 1089 στοιχεῖον
2675 1016 2709 1087 ἢ
2757 1016 2885 1085 μίαν
2936 1014 3165 1084 κεραίαν
3226 1013 3307 1080 (d)
3358 1010 3561 1077 γέγονε
3620 1010 3677 1060 τὸ

2087 1114 2342 1181 σφάλμα·
2392 1110 2727 1164 κωλυόντων
2779 1109 3013 1177 γαμεῖν,
3060 1104 3387 1175 ἀντέχεσθαι
3453 1101 3678 1172 βρωμά-

2086 1224 2192 1258 των
2219 1206 2286 1275 (e)
2314 1220 2328 1235 '
2353 1205 2408 1276 ἢ,
2438 1202 2773 1256 Κωλυόντων
2807 1202 3007 1271 γαμεῖν
3026 1240 3041 1262 ,
3073 1201 3168 1253 καὶ
3194 1197 3416 1267 ἔχεσθαι
3455 1194 3680 1265 βρωμά-

2086 1314 2216 1350 των.
2254 1296 2316 1349 Ἦ
2338 1297 2393 1349 δὲ
2435 1294 2753 1364 Ἐκκλησία,
2776 1292 2964 1362 ὥσπερ
2993 1292 3086 1344 τὸν
3108 1292 3286 1360 γάμον
3316 1290 3505 1359 τίμιον
3528 1288 3681 1358 ἠγεῖ-

2088 1402 2215 1449 ται,
2265 1386 2408 1438 οὕτω
2448 1386 2542 1439 καὶ
2576 1385 2644 1437 τὰ
2692 1382 2958 1453 βρώματα
3005 1383 3066 1435 οὐ
3121 1380 3510 1450 βδελύττεται’
3565 1378 3678 1430 ἀλλ’

2090 1477 2213 1530 οὐδὲ
2250 1477 2570 1548 ἀντέχεσθαι
2602 1476 2958 1546 προστάττει,
2997 1474 3133 1528 ἀλλά
3176 1474 3351 1542 μέσην
3382 1472 3574 1542 χώραν
3619 1471 3684 1541 (Ι)

2092 1570 2187 1623 καὶ
2210 1570 2289 1639 τῷ
2310 1570 2471 1639 γάμῳ
2501 1569 2596 1621 καὶ
2622 1571 2733 1630 τοῖς
2765 1567 3049 1637 βρώμασιν
3077 1566 3363 1634 ἀπονέμει.
3396 1565 3443 1615 Κ
3454 1562 3693 1634 ρείττων

2097 1662 2193 1732 μὲν
2226 1661 2335 1732 γὰρ
2364 1662 2392 1713 ὁ
2426 1660 2524 1729 τῆς
2563 1658 2919 1722 ἀπολαύσεως
2960 1656 3138 1709 αὐτῶν
3177 1656 3519 1725 ὑψηλότερος
3540 1670 3553 1682 ’
3581 1653 3684 1707 όνδὲ

2098 1751 2335 1822 μετρίως
2381 1750 2706 1812 ἀπολαύων,
2742 1750 2803 1803 οὐ
2854 1748 3137 1820 μεμπτός·
3175 1748 3204 1799 ὁ
3248 1746 3305 1799 δὲ
3341 1744 3687 1807 διαϐάλλων,

2027 1820 2067 1873 Β
2097 1820 2211 1908 ἔξω
2234 1842 2395 1913 ἱερῶν
2446 1842 2749 1913 περιϐόλων
2779 1842 3090 1908 ὲσκήνωται
3128 1839 3262 1909 (59).
3304 1839 3429 1891 Ὀτι
3472 1838 3535 1890 δὲ
3562 1837 3684 1889 πολ-

2095 1932 2253 1995 λάκις
2281 1932 2339 1983 ἓν
2374 1932 2687 2003 στοιχεῖονῆ
2710 1932 3214 2003 μεταστοιχειωθὲν,
3231 1931 3265 2000 ἢ
3289 1928 3681 2001 παραλειφθὲν,

2089 2026 2122 2095 ἢ
2168 2026 2486 2095 προστεθὲν,
2533 2024 2625 2078 τὸν
2669 2025 2792 2078 νοῦν
2852 2024 2962 2076 τῶν
3019 2023 3327 2093 λεγομένων
3395 2022 3686 2090 συνταράτ-

2088 2135 2202 2184 τει,
2236 2117 2393 2186 δῆλόν
2428 2119 2576 2170 ἐστιν
2608 2118 2673 2169 ἐκ
2715 2114 2808 2170 τοῦ
2838 2116 3143 2187 φερομένου
3192 2116 3249 2168 ὲν
3280 2117 3400 2177 ταῖς
3442 2113 3687 2184 Πράξεσι

2095 2210 2205 2264 τῶν
2251 2210 2594 2264 ἀποστόλων·
2638 2228 2657 2260 ε
2712 2209 2777 2263 Εἰ
2801 2208 2859 2261 δὲ
2895 2208 3112 2279 πνεῦμα
3142 2207 3406 2275 ἐλάλησεν
3432 2204 3610 2274 αὐτῷ,
3651 2206 3683 2274 ἢ

2088 2299 2339 2371 ἄγγελος.
2397 2323 2419 2353 ι
2464 2300 2573 2353 Καὶ
2609 2299 2673 2353 τὸ
2715 2300 2787 2370 (g)
2819 2301 2876 2353 ὲν
2904 2302 2969 2369 τῇ
3010 2297 3146 2369 πρὸς
3204 2297 3504 2368 Ἐϐραίους
3549 2294 3687 2367 (60)*

1483 2420 1719 2510 mm
1752 2454 2137 2511 LECTIONES
2178 2455 2263 2511 ετ
2304 2455 2538 2511 NOTAE.

487 2631 602 2704 (58)
638 2635 721 2689 Οὐ
764 2634 1239 2704 φιλονεικητέον.
1300 2632 1358 2689 1η
1410 2634 1588 2687 medio
1616 2633 1808 2687 deesse
1858 2642 1988 2700 puto

417 2703 546 2774 γάρ.
581 2703 818 2759 Aureum
852 2716 932 2760 est
965 2714 1141 2757 autem
1178 2706 1279 2759 hoc
1306 2713 1725 2773 prmceptum.et
1753 2706 1988 2756 maxime

417 2776 781 2844 necessarium
840 2776 1026 2844 generi
1081 2775 1360 2828 hominum
1412 2775 1565 2841 cujus
1606 2782 1689 2827 est
1730 2774 1992 2827 naturalis

418 2843 653 2898 facilitas
674 2844 740 2898 ad
774 2843 1200 2899 dissentiendum
1229 2856 1284 2899 et
1312 2846 1567 2899 lovendas
1590 2843 1989 2897 contentiones.

418 2913 526 2967 Sed
555 2914 652 2968 has
684 2926 964 2984 amputare
989 2915 1141 2981 jubet
1171 2915 1450 2981 prudentia
1471 2924 1524 2968 et
1553 2916 1727 2982 pietas
1752 2923 1805 2967 et
1832 2914 1992 2969 Chri-

417 2984 596 3037 stiana
639 2986 939 3038 moderatio
972 2995 1135 3053 atque
1164 2985 1423 3037 charitas.
1469 2986 1630 3038 lti'rr.

490 3053 800 3124 (59).Ἔξω
818 3054 990 3122 ἱερῶν
1028 3055 1357 3120 περιϐόλων
1379 3054 1737 3115 ἐσκήνωται.
1774 3053 1849 3109 Ita
1905 3068 1993 3107 re-

417 3123 592 3191 stitui,
633 3140 753 3179 cum
789 3126 842 3180 in
873 3140 975 3179 ms.
1017 3124 1076 3179 Β.
1100 3126 1390 3194 legeretur,
1421 3123 1481 3189 ἐξ
1522 3125 1625 3195 ἱερ.
1672 3126 1859 3197 περιὸ.
1900 3126 1991 3178 ὲκ-

2104 2632 2397 2701 σκὴνωται.
2428 2630 2709 2701 Signiﬂcat
2738 2639 2918 2685 autem
2948 2630 3311 2700 appellatione
3342 2630 3511 2701 ἱερῶν
3543 2648 3687 2702 περι-

2103 2702 2278 2755 ϐόλων
2321 2702 2622 2757 Ecclesiam
2659 2700 2886 2762 Christi.
2935 2718 2963 2755 a
2997 2717 3104 2769 qua
3149 2702 3359 2755 alienos
3403 2712 3569 2769 atque
3596 2718 3683 2755 ex-

2091 2772 2272 2843 clusos
2296 2787 2418 2843 esse
2450 2774 2526 2826 ait
2552 2774 2677 2833 τοὺς
2706 2772 3103 2843 διαϐάλλοντας
3138 2771 3255 2843 τὴν
3281 2770 3517 2843 μετρίαν
3550 2772 3681 2823 ἀπό-

2089 2842 2281 2923 λαοσιν
2308 2842 2491 2923 γεάμου
2512 2860 2572 2895 τε
2597 2843 2692 2897 καὶ
2719 2842 3046 2913 βρωμάτων.
3079 2841 3335 2897 Doctrina
3373 2842 3538 2912 plane
3559 2857 3685 2911 apo-

2091 2913 2421 3051 Sliiiii'iiZi
2446 2982 2511 3036 τὸ
2542 2982 2631 3055 ἐνῌ
2657 2981 2733 3050 τῇ
2772 2982 2924 3055 πρὸς
2977 2982 3132 3052 Ἐϐρ.
3180 2982 3308 3055 Leg.
3345 2983 3442 3036 καὶ
3472 2983 3591 3049 τοῦ,
3635 2992 3687 3037 ut

2091 3054 2250 3125 paulo
2280 3065 2425 3121 ante,
2451 3055 2515 3106 ὲκ
2540 3052 2633 3107 τοῦ
2664 3070 2862 3125 φερομ.
2895 3052 2976 3108 In.

500 3282 575 3350 (b)
614 3282 687 3337 Τὸ
721 3282 833 3352 γὰρ
877 3284 1239 3338 κωλυόντων
1262 3285 1415 3338 κατὰ
1452 3284 1661 3337 κοινοῦ
1684 3286 1809 3350 θεὶς
1834 3283 1914 3350 τῷ
1943 3285 1987 3339 ἀ,

2088 3286 2295 3352 genam.
2336 3280 2442 3336 Pro
2469 3281 2555 3337 his
2604 3282 2808 3337 editum
2846 3297 2947 3336 una
2980 3282 3213 3338 dictione
3239 3282 3565 3336 κωλυόντων
3594 3300 3684 3350 γαρ

421 3357 547 3424 μεῖν
581 3351 1021 3422 κατακχωλυθεὶς
1062 3354 1122 3406 τὸ
1153 3355 1474 3425 ἀπέχεσθαι.
1508 3355 1721 3423 Scripta
1764 3357 1923 3408 lcetio
1957 3371 1987 3407 η

421 3424 566 3475 σθαι.
593 3423 707 3475 ἀλλ’
734 3424 1084 3475 ἀντένεσθαι1’
1116 3427 1278 3475 ὲνοῆν
1308 3425 1417 3475 γὰο
1446 3426 1640 3475 εἰπεῖν-
1673 3441 1829 3475 φασι·
1856 3425 1983 3475 Κωλ

2088 3351 2127 3408 is
2166 3354 2451 3424 perspicua
2485 3363 2586 3405 est.
2639 3351 2909 3422 Subjicit:
2945 3354 3021 3406 Οὐ
3058 3355 3168 3424 γὰρ
3212 3352 3451 3405 ὲκώλυον
3494 3354 3674 3423 ἀπέχε-

2088 3442 2186 3475 των
2214 3426 2430 3475 γαμεῖν.
2461 3422 2559 3475 Ubi
2587 3425 2687 3475 leg.
2720 3424 2888 3475 videri
2918 3425 3040 3475 auis
3070 3428 3322 3475 oninetur
3364 3422 3674 3475 κελευόντωι

421 3422 566 3487 σθαι,
593 3423 707 3476 ἀλλ’
734 3424 1084 3492 ἀντέχεσθαι1’
1116 3422 1417 3496 ἐχρῆνγὰρ
1446 3422 1641 3492 εἰπεῖν,
1673 3441 1829 3492 φασι·
1856 3425 1983 3478 Κωλ

418 3497 615 3561 γαμεῖν
656 3494 749 3572 καῖ
771 3494 1057 3572 ἀνέχεσθαι
1089 3495 1417 3572 βρωμάτων,
1467 3509 1627 3572 sensu
1670 3499 1969 3572 contrario,

2088 3422 2186 3477 των
2214 3426 2430 3492 γαμεῖν.
2461 3422 2559 3478 Ubi
2587 3425 2687 3488 leg.
2720 3424 2888 3477 videri
2918 3425 3040 3491 quis
3070 3422 3322 3492 opinetur
3364 3422 3687 3478 κελευόντων

2088 3496 2223 3572 l_qui
2255 3495 2444 3572 eodem
2493 3494 2808 3559 revolvitur,
2839 3493 3140 3572 julientium
3178 3497 3392 3572 nubere.
3441 3506 3493 3572 et
3533 3494 3683 3548 absti-

420 3579 542 3617 nere
576 3581 606 3615 α
642 3563 861 3616 cibis.Et
890 3566 1027 3618 forte
1074 3563 1391 3619 κωλυόντων
1422 3566 1570 3632 prius
1602 3566 1817 3632 scripsit
1852 3567 1987 3632 Apes

2088 3564 2091 3614 l
2120 3565 2262 3620 Tim.
2298 3577 2369 3628 ιν,
2402 3564 2457 3627 5,
2489 3574 2537 3617 el
2590 3575 2798 3631 postea,
2844 3563 3195 3626 κελευόντων,
3224 3565 3369 3631 quod
3406 3564 3477 3616 ob
3510 3579 3685 3618 vocum

424 3632 737 3686 alliuitatem
772 3634 1025 3687 librarius
1064 3636 1267 3700 omisit,
1314 3645 1373 3686 ut
1404 3635 1600 3688 accidit
1650 3635 1917 3687 interdum
1957 3646 2011 3691 et
2052 3635 2177 3688 alibi
2218 3633 2453 3687 Isidorus
2488 3649 2516 3685 a
2561 3648 2620 3687 se
2668 3635 3013 3686 observatum
3060 3645 3289 3686 testatur
3323 3652 3336 3686 :
3373 3635 3463 3700 qui
3519 3646 3695 3691 tamen.

421 3704 513 3757 hic
542 3702 862 3774 ἀντέχεσθαι
900 3705 993 3757 καὶ
1023 3704 1243 3774 ἔχεσθαι
1283 3720 1380 3773 pro
1419 3704 1731 3773 ἀνέχεσθαι,
1765 3706 1902 3759 tueri
1945 3720 1987 3757 at

2088 3705 2268 3759 robarc
2298 3704 2562 3757 videatur.
2603 3704 2705 3756 Alii
2738 3705 2824 3757 hic
2859 3703 3095 3773 ἔλλειψιν
3140 3704 3401 3757 contrarii
3437 3704 3687 3774 faciunt,

423 3782 483 3826 ut
512 3772 728 3844 planum
759 3790 823 3827 ex
857 3776 967 3842 ipsa
1001 3772 1291 3829 sententia.
1326 3775 1417 3829 Sic
1449 3772 1608 3840 supra
1646 3776 1953 3840 Apostolus,
1986 3794 1987 3797 ‘

2088 3776 2186 3829 |.c.
2217 3788 2276 3837 it,
2316 3788 2458 3844 vers.
2490 3775 2577 3837 12,
2609 3775 2723 3826 Οὐκ
2750 3775 3037 3844 ἐπιτρέπω
3067 3774 3359 3840 διδάσκειν,
3398 3773 3537 3826 ἀλλὰ
3558 3772 3684 3828 εἶναι

423 3842 727 3914 ὲνήσυχίᾳ,
778 3841 1050 3914 υῠίιιοθει
1098 3847 1393 3910 ἐπιτάττω,
1442 3845 1525 3899 vel
1572 3846 1622 3899 id
1654 3860 1823 3914 genus
1864 3845 1987 3899 aliut

2088 3846 2307 3900 'erbum.
2343 3841 2618 3898 Mulierem
2658 3846 2845 3899 docere
2884 3841 2995 3898 ἠοη
3034 3846 3300 3914 permitto,
3327 3845 3420 3898 sed
3453 3855 3511 3898 ut
3536 3848 3601 3899 sit
3642 3849 3688 3899 in

423 3913 653 3965 silentio.
692 3913 1057 3982 Supplenduut
1090 3918 1301 3968 mando.

492 3982 565 4053 (ε)
606 3982 790 4053 Τοῦτο
820 3983 1157 4051 ὑπέμεινεν.
1192 3985 1246 4037 lu
1274 3985 1535 4038 Vaticano
1560 3985 1678 4039 cod.
1708 3994 1791 4037 est
1829 3984 1974 4038 τοῦθ’

2088 3985 2318 4053 ἐμεινεν.

493 4051 571 4121 (d)
596 4052 735 4118 Περὶ
762 4052 833 4105 ἐν
857 4055 1178 4122 στοιχεῖον,
1206 4057 1243 4120 ἢ
1272 4055 1419 4123 μίαν
1462 4056 1727 4123 κεραίαν.
1765 4055 1987 4124 Respexi

2096 4051 2181 4108 Iud
2222 4056 2425 4109 Christi
2481 4054 2684 4110 dictum
2731 4054 2923 4111 Matth.
2960 4071 3016 4122 ν,
3052 4055 3115 4111 18
3153 4076 3167 4111 :
3223 4055 3349 4111 Iota
3402 4072 3568 4112 unum
3606 4070 3686 4111 aut

422 4136 558 4193 unus
589 4139 854 4193 opexgnon
884 4126 1073 4190 peribit
1100 4143 1129 4178 a
1157 4126 1284 4193 lege.

494 4191 585 4269 (ει)⁸
607 4191 961 4269 Ἀπέχεσθαι
981 4191 1331 4264 βρωμάτων.
1364 4194 1528 4249 Addit
1585 4194 1881 4249 Vaticanus
1906 4209 1987 4248 ρο(

2088 4195 2141 4247 οὐ
2194 4195 2513 4250 κωλυόντων
2543 4198 2740 4267 γαμεῖν
2787 4197 2882 4249 καὶ
2920 4196 3140 4267 ἔχεσθαι
3188 4197 3521 4269 βρωμάτων,
3567 4196 3687 4267 {ille

435 4250 885 4331 Ἔλκλησίαίῖῑιε.

495 4331 565 4408 (η
604 4332 789 4386 Ἀλλὰ
818 4333 1017 4408 μέσην
1037 4332 1254 4401 χώραν.
1285 4333 1342 4387 ln
1376 4334 1564 4388 eodem
1598 4333 1689 4387 illo
1742 4332 1987 4405 μεγίστηπ

2088 4342 2172 4389 rat
2213 4335 2496 4404 scriptum,
2534 4335 2627 4390 sed
2679 4335 2813 4389 nihil
2846 4346 3013 4391 muto.
3064 4335 3183 4390 Mox
3214 4352 3313 4405 pro
3354 4338 3419 4391 οὐ
3450 4337 3685 4408 μεμπτὸς

423 4400 640 4481 θειὲάμε
648 4400 846 4481 μπτος,
874 4403 1002 4481 ibid.

499 4467 920 4542 Priinus_itaque
960 4476 1047 4528 hic
1097 4488 1267 4528 sacra:
1318 4473 1617 4542 Scriptura:
1666 4474 1949 4540 expositus
2012 4476 2164 4528 locus
2197 4483 2281 4528 est
2336 4473 2539 4528 Pauli]
2612 4474 2849 4530 Timoth.
2880 4491 2957 4540 iv,
2988 4478 3044 4531 5.
3101 4476 3251 4531 Alter
3300 4488 3385 4532 est
3428 4486 3686 4532 Actorum

426 4554 582 4599 xxnt,
613 4540 664 4593 9.
696 4540 909 4598 Tertius
950 4547 1015 4597 ad
1045 4544 1299 4598 llebrazos
1357 4540 1457 4610 vn,
1482 4544 1570 4607 Η,
1596 4544 1685 4597 ubi
1715 4544 1782 4597 de
1831 4561 1883 4597 EI
1925 4545 2201 4611 particulae
2234 4546 2285 4598 in
2318 4546 2489 4599 sacris
2529 4544 2754 4600 Litteris
2787 4546 2936 4600 varia
2989 4547 3211 4601 notione
3260 4550 3550 4602 disseritur
3582 4567 3594 4601 :
3626 4552 3685 4599 de

427 4612 974 4687 quaeusiugularem
1008 4615 1245 4687 libellum
1266 4614 1563 4687 Bessarion
1613 4613 1791 4687 ca_rd_.__
1816 4614 2063 4668 Nicaanns
2094 4616 2221 4666 olim
2293 4616 2687 4687 conscripsisse
2718 4615 2910 4687 ρει-ιω,
2948 4626 3003 4671 et
3048 4616 3244 4687 Georg.
3295 4618 3683 4685 Trapezuutius

427 4679 597 4756 edidit
639 4680 690 4756 in
728 4680 857 4756 illud
884 4679 1049 4756 _Joan.
1076 4699 1189 4747 XXI,
1218 4684 1289 4736 22
1323 4702 1338 4738 :
1370 4683 1438 4756 S_i
1461 4682 1565 4752 (vel
1597 4684 1695 4756 sic)
1731 4684 1882 4756 illum
1935 4688 2049 4737 volo
2079 4700 2308 4756 manere,
2351 4684 2476 4750 quid
2505 4679 2573 4737 ad
2605 4686 2694 4739 te?
2716 4684 2780 4738 Et
2813 4689 2876 4740 de
2914 4688 3097 4756 templi
3134 4679 3377 4755 Delphici
3404 4679 3467 4742 in.
3507 4687 3684 4741 inscri-

429 4748 610 4820 ptione
639 4749 895 4820 singulari
946 4756 1336 4807 commentario
1382 4748 1703 4807 Plutarchus
1740 4755 2168 4820 philosoiihatur.
2199 4748 2456 4807 Actorum
2505 4766 2683 4808 autem
2733 4757 2858 4810 huic
2906 4748 3280 4812 loco-rursum
3330 4756 3504 4815 Vatic.
3557 4760 3685 4811 liber

429 4817 885 4902 ειψοίιζῑτδγᾲρ,
918 4825 967 4873 εὶ
995 4824 1031 4902 ᾗ
1062 4824 1201 4902 ἐστι,
1236 4823 1533 4902 το-μτέστιν,

1566 4822 1599 4893 ἢ
1634 4822 1850 4895 πνεῦμα
1889 4824 2148 4892 ἐλάλησεν
2178 4823 2325 4895 αὐτῷ
2358 4824 2667 4895 ἢάγγελος.

498 4888 575 4954 (g)
609 4889 717 4940 Καὶ
756 4890 822 4941 τὸ
854 4891 924 4941 ἐν
960 4888 1031 4959 τῇ
1068 4894 1217 4959 πρὸς
1256 4888 1599 4958 Ἐϐραίους(
1623 4894 1723 4957 Qui
1755 4894 1901 4946 locus
1933 4911 1987 4947 su

2088 4915 2092 4943 ι
2130 4888 2326 4947 allatus
2360 4888 2465 4949 est.

498 4960 738 5034 Quartus
766 4962 1030 5034 locusest
1046 4960 1194 5013 Pauli
1222 4962 1287 5014 ad
1323 4963 1519 5030 Philip.
1555 4977 1628 5024 iv,
1660 4964 1714 5034 ξ),
1750 4963 1943 5033 Γνήσιε
1980 4984 1987 5012 ‹

2088 4963 2462 5033 υγε.νιιΙί.νοι;ιξ
2502 4963 2632 5017 edit.
2673 4964 2939 5033 interpres
2981 4964 3212 5018 reddidit
3258 4983 3504 5034 germane
3536 4983 3683 5020 com—

426 5043 544 5101 par.
576 5026 856 5101 Conradus
883 5030 972 5084 hic
1020 5032 1289 5099 interpres
1321 5026 1485 5085 vertit
1518 5032 1675 5101 quasi
1706 5026 1906 5101 γνησία
1941 5026 2219 5101 legendum
2253 5026 2373 5087 esse
2400 5034 2651 5087 'lsidorus
2678 5026 2971 5089 censuerit.
3010 5037 3078 5086 At
3111 5035 3163 5087 in
3216 5026 3545 5091 iu'embranis
3585 5036 3681 5089 Va-

431 5098 626 5172 ticanis
658 5097 845 5172 Isidori
883 5101 1115 5168 reperio,
1149 5097 1299 5171 quasi
1326 5097 2058 5172 syllaba-aonciliifcwig'uis
2099 5104 2197 5172 legi
2230 5104 2357 5158 velit
2399 5104 2588 5157 beatus
2620 5104 2876 5158 Isidorus.
2903 5106 3173 5169 Qumritur
3199 5105 3285 5158 hic
3316 5123 3385 5159 ai.
3425 5109 3493 5161 de
3519 5121 3681 5165 uxore

427 5183 521 5245 sua
559 5168 846 5245 Apostolus
876 5182 1017 5245 agat,
1053 5168 1217 5245 quain
1265 5168 1519 5245 habuisse
1549 5173 1736 5225 beatus
1772 5168 2237 5245 lguatusimart—yt‘
2270 5175 2429 5242 epist.
2463 5174 2527 5245 ad
2584 5168 3023 5242 Philadelphens.
3059 5175 3175 5240 ait;
3224 5187 3387 5245 negat
3434 5194 3557 5230 vero
3602 5178 3683 5229 hic

429 5238 494 5317 de
522 5253 627 5317 sua
648 5237 791 5317 loqui
820 5243 1046 5317 conjuge
1069 5237 1708 5317 doan._ghrysostonii_is;
1734 5237 1969 5317 allirinat
1994 5237 2444 5317 autem-Clemens
2464 5244 2750 5317 Alexand.,
2778 5237 3027 5309 0rigenis
3057 5237 3387 5317 praeceptor,
3405 5256 3683 5317 attestante

430 5306 689 5371 Eusebio,
720 5306 1029 5384 Ecclesiqsi.
1060 5312 1205 5363 Ilist.
1235 5312 1327 5364 lib.
1355 5306 1434 5384 iit,
1470 5328 1590 5379 cap.
1616 5312 1702 5364 50.
1734 5311 1930 5368 Verius
1956 5323 2134 5368 tamen
2158 5324 2241 5367 est
2266 5314 2582 5381 Apostolum
2606 5317 2721 5369 sine
2740 5306 2918 5371 iuxere
2943 5306 3164 5380 vixisse,
3193 5306 3284 5384 qui
3311 5318 3329 5368 Ι
3357 5306 3487 5371 Cor.
3512 5332 3601 5380 vit,
3631 5315 3681 5379 7.

428 5393 617 5450 omnes
647 5393 827 5450 secum
855 5382 1103 5450 cashbeiu
1140 5397 1299 5449 agere
1325 5381 1489 5433 vitam
1523 5392 1764 5450 exoptet.

502 5448 732 5524 Quintus
758 5448 921 5524 locus
937 5462 1017 5524 est
1042 5448 1299 5524 Proverh.
1331 5465 1487 5524 satin.
1521 5452 1612 5515 51,
1630 5448 1799 5520 quem
1824 5453 1987 5523 integr

2088 5467 2097 5505 ι
2131 5451 2270 5507 LXX
2307 5468 2571 5523 apponam
2602 5472 2613 5505 :
2646 5455 2707 5506 Εἰ
2737 5453 2846 5524 γὰρ
2876 5455 2955 5517 εἰς
2990 5453 3088 5516 τὰς
3130 5453 3328 5521 φιάλας
3366 5457 3465 5509 καὶ
3489 5456 3552 5508 τά
3589 5471 3681 5507 πο-

430 5516 595 5594 τήρια
620 5517 724 5594 δῷς
754 5518 881 5581 τοὺς
901 5520 1209 5589 ὀφθαλμούς
1241 5516 1358 5594 σου,
1387 5520 1612 5594 ὕστερον
1642 5516 1980 5594 περιπατήςῖε

2089 5516 2421 5594 γυμνότερος
2454 5524 2675 5593 ὑπέρου.
2710 5516 2849 5577 Nam
2879 5516 2943 5576 sit
2965 5527 3032 5576 ad
3071 5516 3270 5591 phialas
3294 5516 3546 5594 etpucula
3575 5536 3678 5577 ten-

430 5588 571 5662 detis
600 5592 778 5641 oculos
808 5598 952 5662 tuos.
975 5588 1153 5657 postea
1184 5592 1477 5643 ambulabis
1507 5588 1697 5644 ἠριάὶον
1721 5588 1944 5661 pistillo.
1988 5594 2043 5645 lu
2080 5588 2308 5647 Hebra‘o
2331 5588 2478 5647 'vero
2534 5588 2773 5661 l‘agniuo
2812 5588 3106 5662 interprete
3142 5605 3222 5646 est
3253 5612 3267 5648 :
3312 5588 3396 5648 Ne
3438 5597 3678 5647 intueam

431 5659 610 5734 vitium
636 5661 847 5734 quando
870 5661 1117 5734 rubescit,
1151 5677 1269 5734 euut
1299 5662 1495 5713 dederit
1528 5665 1581 5715 in
1615 5659 1777 5716 calibe
1807 5666 2033 5716 colorem
2063 5679 2255 5716 suum:
2286 5664 2575 5717 uinbulabit
2600 5659 2816 5720 directe.
2852 5664 2921 5717 At
2956 5659 3013 5717 in
3061 5663 3285 5732 Vulgata
3328 5666 3483 5734 longe
3519 5666 3675 5717 etiam

435 5727 597 5803 aliter
630 5744 789 5803 quam
824 5729 875 5780 in
912 5730 1101 5803 erco
1132 5750 1144 5783 :
1182 5727 1263 5781 Ne
1294 5733 1545 5803 intuearis
1574 5736 1745 5785 uinum
1782 5735 1990 5803 quando
2036 5736 2287 5803 ﬂavescit,
2325 5750 2442 5786 cum
2476 5735 2791 5799 Splenduerit
2824 5736 2878 5785 in
2902 5736 3038 5785 vitro
3068 5727 3211 5785 coldr
3238 5735 3375 5803 ejus,
3398 5727 3674 5801 ingreditur

438 5794 642 5849 blande.
675 5797 950 5855 Proverbii
985 5812 1161 5855 autem
1193 5802 1371 5869 specie
1401 5804 1600 5857 dictum
1643 5806 1765 5873 quis
1793 5794 1904 5859 ἰιυιι
1946 5794 2123 5860 videt:
2171 5794 2379 5859 l’istillo
2425 5794 2635 5871 audior,
2668 5816 2723 5860 et
2763 5806 2961 5859 culvior
2991 5803 3150 5857 multo
3205 5794 3590 5874 pistilloquuze
3624 5814 3679 5857 et
