3886 6420
499 343 637 409 1³187

1699 353 1759 414 S.
1801 353 2097 415 lSlDORI
2134 351 2571 412 PELUSIOT/E

3618 357 3734 425 1188

490 461 689 529 ptura?
719 478 739 512 ι
781 460 932 517 Sicut
964 477 1071 517 non
1104 473 1231 519 sunt
1262 464 1465 521 similes
1496 462 1669 519 facies
1700 464 1958 529 faciebus,
1992 467 2062 519 ita

2167 466 2303 517 πᾶσι
2332 464 2636 534 χαρακτὴρ,
2654 462 2773 515 ικαὶ
2804 463 2860 515 ὲν
2882 463 3126 534 τοσαύτῃ
3152 464 3354 535 πληθυῖ
3376 465 3608 537 διαφορὰ
3631 471 3733 541 (70)

494 564 672 620 neque
700 552 863 606 corda
890 552 1190 608 hominum.
1221 571 1240 604 ι
1269 553 1313 608 Ο
1342 569 1457 608 rem
1485 554 1896 609 admirandam!
1924 570 2064 609 unus

490 642 744 711 idemque
773 643 914 697 inest
941 645 1190 699 omnibus
1226 646 1514 700 character
1543 663 1557 699 :
1598 656 1653 700 et
1686 647 1740 698 in
1788 655 1930 699 tanta
1965 647 2064 701 ho-

488 734 693 787 minum
709 732 1055 789 multitudine
1069 735 1290 790 omnino
1312 736 1453 791 inest
1472 737 1773 792 diﬂ'erentia
1798 737 2061 803 vultuum,

493 833 553 876 ut
580 823 648 879 iis
669 824 759 892 qui
791 824 975 879 vident
999 825 1202 895 agnitio
1228 826 1566 882 confusionis
1593 842 1788 896 expers
1811 836 2064 881 constare

494 913 679 981 possit.
713 915 1032 985 Quanquam
1064 917 1210 971 enim
1235 918 1502 973 interdum
1531 921 1581 973 in
1612 920 1880 990 aliquibus
1910 921 2071 975 simi-

493 1003 663 1059 litudo
690 1005 870 1061 inesse
902 1007 1138 1073 videtur,
1164 1015 1344 1064 tamen
1376 1012 1600 1065 omnino
1650 1012 1929 1081 quidpiam
1978 1013 2065 1065 in-

485 1096 739 1150 venietur
771 1097 824 1151 in
860 1097 1047 1152 iisdem
1087 1102 1230 1169 quod
1263 1115 1359 1156 eos
1398 1101 1759 1168 discriminet.
1796 1102 1931 1156 Nam
1965 1103 2067 1158 etsi

494 1188 734 1257 pulchris
772 1190 943 1245 oculis
972 1193 1183 1261 praediti
1211 1193 1319 1247 sint
1352 1194 1526 1260 multi,
1560 1203 1761 1259 tamen,
1789 1198 1928 1250 inter
1964 1196 2064 1250 hos

490 1296 707 1350 quoque
735 1292 820 1337 est
850 1282 1171 1338 dilferentia.
1202 1284 1307 1339 Alii
1353 1286 1500 1340 enim
1542 1287 1717 1341 etesiis
1747 1288 1943 1353 oculis,
1973 1288 2065 1342 alii

486 1386 720 1425 uvarum
749 1372 982 1427 colorem
1013 1388 1073 1427 ac
1103 1375 1340 1442 speciem
1375 1375 1756 1440 referentibus,
1786 1377 1876 1429 alii
1912 1378 2071 1448 nigri-

482 1458 744 1513 ‘cantibus
775 1460 1164 1528 reperiuntur:
1209 1460 1299 1514 alii
1337 1462 1503 1515 etiam
1543 1463 1919 1518 albicantibus.
1962 1464 2068 1519 Sed

494 1561 551 1604 et
580 1551 631 1604 in
658 1551 868 1619 capillis
890 1552 1141 1621 quiddam
1168 1552 1306 1606 inest
1336 1553 1626 1620 peculiare.
1658 1554 1808 1621 Quod
1836 1557 1880 1610 si
1901 1556 2067 1610 etiam

494 1641 620 1695 sii'ni
648 1650 772 1695 sunt
804 1642 1013 1711 aliqui;
1056 1652 1112 1697 at
1145 1658 1248 1697 non
1298 1658 1485 1699 omnes
1528 1645 1719 1700 eodem
1769 1648 1948 1711 modo,
1976 1649 2071 1703 sed

2166 556 2383 617 πάντως
2413 553 2589 606 ἔνεστι
2619 553 2950 622 προσώπων,
2986 554 3059 617 ὡς
3087 555 3393 625 ἀᾶύγχυτον
3416 560 3528 618 τοῖς
3549 560 3733 628 ὁρῶσιν

2164 642 2304 698 εἶναι
2331 646 2431 713 τὴν
2472 644 2693 711 γνῶσιν.
2730 644 2793 695 Εἰ
2829 643 2936 713 γὰρ
2968 644 3060 697 καί
3101 662 3232 697 ποτε
3268 645 3325 696 ἐν
3365 663 3509 698 τισιν
3553 650 3737 704 ἐνεῖναι

2163 736 2302 801 δόξει
2327 735 2601 804 ὁμοιότης,
2636 733 2751 786 ἀλλ’
2787 734 3142 805 εὑρεθήσεται
3171 752 3225 787 τι
3251 736 3471 800 πάντως
3494 738 3557 791 τὸ
3583 741 3736 812 διορί-

2166 825 2344 889 ζον.Εί
2360 825 2468 893 γὰρ
2490 826 2582 876 καὶ
2595 824 2925 894 εὑόφθαλμοί
2943 827 3049 877 είσι
3062 825 3407 889 πολλοὶ,ἀλλὰ
3424 830 3531 881 κάν
3546 831 3737 895 τούτοις

2163 916 2281 968 ἐστὶ
2309 915 2559 986 διαφορά.
2589 916 2651 969 Οί
2688 917 2786 985 μὲν
2808 916 2916 986 γὰρ
2947 894 3060 987 (71)
3084 920 3354 987 χαροποὶ,
3382 923 3433 972 οἱ
3456 920 3501 972 δ’
3528 922 3735 987 οἰνίζον-

2164 1023 2277 1069 τες,
2304 1007 2356 1058 οἱ
2379 1006 2435 1058 δὲ
2458 1006 2861 1075 μελανόμματοι
2883 1007 3252 1077 εὑρίσκονται,
3277 1009 3325 1060 οἱ
3346 1009 3403 1062 δὲ
3429 1012 3523 1063 καὶ
3550 1012 3733 1069 λευκοί.

2178 1096 2339 1152 Ἀλλὰ
2365 1097 2460 1151 καὶ
2484 1098 2541 1149 ὲν
2559 1097 2731 1168 θριξὶν
2764 1097 2960 1167 ἰδιότης
2978 1100 3149 1152 ἐστίν’
3179 1102 3229 1153 εί
3248 1101 3305 1153 δὲ
3324 1103 3421 1154 καὶ
3447 1103 3615 1173 σιμοὶ,
3632 1105 3734 1157 ἀλλ’

2166 1190 2228 1242 οὐ
2252 1189 2451 1252 πάντες
2475 1188 2883 1259 epam-gemes
2907 1190 3007 1257 μὲν
3034 1190 3216 1254 τοῦτο,
3244 1194 3273 1245 ὁ
3290 1192 3347 1244 δὲ
3375 1194 3554 1247 ἐκεῖνο
3578 1196 3634 1247 τὺ
3659 1197 3738 1265 μὲ-

2166 1280 2257 1342 λος
2284 1280 2503 1333 κάλλιον
2538 1280 2672 1349 ἔχει·
2710 1280 2805 1332 καὶ
2842 1283 2870 1333 ὁ
2902 1281 2999 1350 μὲν
3024 1280 3237 1344 λευκὸς,
3279 1284 3307 1334 ὁ
3348 1282 3408 1334 δὲ
3438 1283 3624 1352 μέλας·
3652 1286 3734 1337 καὶ

2168 1369 2385 1431 πάντως
2421 1369 2539 1421 ἐστὶ
2566 1370 2628 1421 τὸ
2650 1369 2902 1440 διορίζον.
2936 1370 3011 1423 Οὐ
3040 1372 3149 1441 γὰρ
3176 1371 3355 1425 πάντα
3385 1367 3499 1425 οἷον
3533 1375 3638 1446 (72)
3666 1380 3734 1428 εξ-

2168 1463 2311 1514 πεϊν·
2346 1459 2489 1514 οὕτω
2531 1461 2625 1514 καὶ
2655 1463 2709 1514 αἱ
2756 1462 2975 1532 καρδίαι
3020 1463 3129 1514 τῶν
3165 1462 3495 1534 ἀνθρώπων·
3541 1468 3599 1519 οὐ
3640 1469 3733 1537 γὰρ

2170 1554 2305 1606 πᾶσι
2330 1552 2399 1605 τὰ
2429 1552 2568 1606 αὐτὰ
2597 1553 2839 1623 ἀρέσκει’
2877 1552 3013 1606 ἀλλὰ
3050 1555 3162 1617 τοῖς
3188 1554 3288 1624 μὲν
3320 1538 3497 1610 ταῦτα
3516 1596 3531 1619 ,
3568 1562 3672 1622 τοῖς
3695 1562 3732 1614 δ’

2169 1645 2373 1698 ἐκεῖνα.
2398 1645 2508 1697 Καὶ
2527 1644 2681 1696 αὐτοὶ
2701 1643 2758 1696 δὲ
2778 1644 2827 1695 οἱ
2852 1644 2959 1697 τῶν
2982 1644 3162 1699 αὐτῶν
3182 1645 3410 1715 ἐρασταὶ
3428 1649 3527 1717 οὐχ
3552 1650 3731 1719 ὁμοίως

486 1732 586 1787 ‘hic
614 1733 772 1797 istud,
803 1733 891 1788 ille
933 1735 1063 1788 illud
1099 1736 1402 1790 membrum
1446 1736 1613 1790 habet
1651 1736 1960 1792 formosius.
2002 1738 2068 1792 Et

2172 1733 2302 1805 περὶ
2335 1735 2403 1786 τὰ
2434 1733 2713 1803 ὲπέραστα
2738 1732 2971 1801 ἔχουσινο
3016 1733 3133 1785 ἀλλ’
3163 1735 3211 1786 οἱ
3248 1736 3345 1804 μὲν
3382 1739 3656 1806 μειζόνων,
3686 1741 3729 1791 oi

486 1819 864 1890 aliusqtiidem
891 1823 1152 1878 candidus
1178 1833 1281 1887 est,
1304 1824 1441 1877 alius
1463 1834 1642 1879 autem
1665 1826 1819 1895 niger
1849 1843 1862 1880 :
1891 1829 2068 1882 omni-

2168 1823 2225 1876 δὲ
2282 1822 2519 1894 μετρίων
2551 1820 2663 1892 (75)
2719 1823 2983 1891 ἐφίενται.
3034 1823 3204 1876 Πόσοι
3249 1823 3528 1895 σ’ὡφρονὲς
3574 1828 3727 1879 simil

492 1926 673 1982 noque
702 1914 1029 1982 estaliquid,
1058 1916 1200 1983 quod
1233 1916 1525 1971 discrimen
1561 1917 1703 1971 inter
1729 1933 1824 1973 eos
1874 1918 2063 1974 faciat.

486 2004 682 2075 "Neque
711 2007 854 2059 enim
909 2007 1088 2061 omnia
1121 2007 1300 2061 verbis
1344 2008 1570 2076 exprimi
1602 2019 1845 2076 possunt.
1882 2010 1974 2066 Sic
2015 2020 2070 2066 et

484 2098 659 2151 -c‘orda
710 2098 985 2151 hominum
1028 2106 1153 2151 sunt
1178 2110 1510 2166 comparata.
1561 2096 1699 2153 Nam
1741 2116 1843 2156 non
1879 2103 2067 2159 eadem

484 2190 747 2244 omnibus
779 2191 990 2259 placent
1028 2207 1042 2244 :
1072 2191 1163 2245 sed
1193 2190 1313 2244 aliis
1349 2191 1565 2260 quidem
1607 2192 1741 2259 haec,
1782 2195 1902 2250 aliis
1940 2211 2069 2252 vero

499 2281 608 2335 illa.
633 2281 770 2348 Quid
795 2282 938 2351 quod
970 2282 1042 2336 illi
1065 2283 1183 2351 ipsi,
1214 2284 1305 2353 qui
1331 2285 1650 2339 earumdem
1673 2302 1852 2342 rerum
1882 2302 2069 2344 amore

501 2381 772 2436 tenentur,
807 2385 916 2427 non
949 2373 1140 2428 eodem
1168 2375 1324 2429 modo
1349 2390 1474 2443 erga
1516 2390 1604 2430 res
1647 2388 1855 2431 amatas
1889 2377 2069 2434 affecti

498 2473 644 2529 sunt,
672 2465 764 2520 sed
790 2465 881 2519 alii
911 2466 1309 2532 vehementius,
1340 2467 1429 2521 alii
1458 2469 1789 2523 moderatius
1814 2485 1906 2524 eas
1940 2485 2069 2524 con-

498 2555 1009 2624 cupiscunt?Quam
1048 2558 1198 2612 multi
1235 2568 1361 2613 sunt
1384 2558 1555 2613 sobrii
1583 2574 1644 2613 ac
1669 2562 2070 2628 temperantes?

497 2648 569 2700 At
595 2646 949 2702 dissimiliter.
983 2648 1086 2702 Alii
1125 2664 1361 2718 namque
1384 2650 1788 2718 virginitatem,
1817 2651 1905 2706 alii
1938 2668 2068 2707 con-
2088 2710 2103 2726 ,

487 2738 806 2801 ιιίοοηιίαιη,
843 2738 936 2793 alii
968 2739 1200 2809 denique
1235 2740 1556 2797 honorabile
1585 2743 1892 2814 coniugium
1938 2755 2065 2800 sunt

497 2827 754 2897 amplexi.
791 2826 962 2893 Quam
994 2828 1144 2882 multi
1175 2839 1297 2885 sunt
1342 2831 1759 2887 misericordes?
1789 2834 1892 2887 Sed
1929 2835 2069 2891 inter

497 2931 558 2972 se
587 2916 859 2973 differunt.
899 2918 1072 2985 Quam
1121 2920 1275 2974 multi
1319 2930 1445 2975 sunt
1488 2921 1660 2992 justi?
1702 2924 1809 2978 Sed
1838 2926 2065 2980 variant.

496 3008 613 3064 Non
641 3010 812 3064 solum
850 3021 1028 3065 autem
1061 3011 1114 3065 in
1165 3012 1484 3078 virtutibus,
1519 3015 1615 3069 sed
1649 3014 1704 3069 in
1752 3015 1897 3069 vitiis
1927 3032 2065 3086 quo-

495 3117 605 3171 que
630 3103 771 3157 idem
800 3103 983 3158 videre
1012 3113 1095 3157 est
1118 3104 1430 3160 discrimen.
1462 3106 1634 3172 Quam
1671 3107 1821 3161 multi
1846 3109 2063 3178 pessimi

497 3194 938 3264 vitiosissimique
983 3196 1144 3249 sunt?
1176 3195 1555 3252 Verumtamen
1593 3198 1894 3254 diiferentia
1928 3216 2063 3267 qua-

495 3285 617 3339 dam
648 3285 1107 3340 internascuntur.
1157 3286 1328 3352 Quam
1388 3288 1539 3341 multi
1600 3298 1727 3343 sunt
1758 3290 2069 3345 libidinibus

495 3374 701 3429 dediti?
730 3376 796 3427 At
827 3390 929 3429 non
985 3390 1175 3431 omnes
1229 3377 1419 3432 iisdem
1470 3382 1615 3447 capti
1644 3372 1788 3432 su'nt.
1828 3379 1983 3445 Quod
2022 3380 2069 3434 si

484 3466 660 3520 etiam
689 3465 876 3520 iisdem
905 3482 1120 3536 quoque
1145 3468 1463 3538 capiantur;
1496 3479 1553 3523 at
1579 3484 1683 3525 non
1706 3484 1894 3525 omnes
1919 3472 2069 3525 simi-

2169 1916 2285 1969 ἀλλ’
2345 1915 2445 1984 οὐχ
2487 1913 2709 1985 ὁμοίως.
2769 1911 2833 1967 Oi
2878 1906 2979 1984 μὲν
3032 1913 3139 1984 γὰρ
3179 1915 3278 1985 τὴν
3340 1918 3647 1986 καρθενίαν,
3685 1921 3729 1973 oi

2168 2006 2225 2059 δὲ
2251 2008 2349 2077 τὴν
2378 2008 2726 2077 ἐγκράτειαν,
2765 2007 2813 2058 οἱ
2842 2004 2900 2058 δὲ
2941 2005 3032 2059 τὸν
3083 2006 3301 2076 ἔντιμον
3338 2008 3520 2077 γάμον
3568 2010 3729 2078 ἠσπά-

2170 2114 2351 2151 σαντο.
2393 2099 2557 2152 Πόσοι
2604 2098 2925 2169 ὲλεήμονεςί
2978 2096 3098 2150 ἀλλ’
3136 2099 3348 2152 ἑαυτῶν
3408 2101 3727 2173 διαφέρουσι.

2167 2190 2333 2242 Πόσοι
2360 2189 2585 2243 δίκαιοιί
2621 2188 2757 2242 ἀλλὰ
2784 2188 3206 2243 διαλλάττουσιν.
3239 2190 3316 2242 Οὐ
3344 2190 3507 2261 μόνον
3527 2192 3615 2243 ἐπὶ
3636 2192 3729 2244 τῶν

2167 2281 2381 2352 ἀρετῶν
2404 2280 2541 2352 (74),
2564 2279 2701 2333 ἀλλὰ
2728 2280 2823 2333 κα)⁸
2858 2280 2954 2333 ἐπὶ
2973 2280 3080 2333 τῶν
3103 2281 3313 2334 κακιῶν
3334 2281 3398 2334 τὸ
3429 2282 3562 2336 αὐτὸ
3600 2282 3728 2336 ἔστιν

2172 2375 2321 2429 ἰδεῖν.
2377 2374 2542 2427 Πόσοι
2588 2374 2694 2427 εἰσὶ
2740 2375 3021 2428 κάκιστοιί
3070 2374 3206 2427 ἀλλὰ
3245 2375 3513 2446 διορισμῷ
3549 2377 3728 2446 γνωρί-

2169 2464 2375 2529 ζονται.
2427 2465 2591 2517 Πόσοι
2634 2464 2858 2533 λάγνοιῐ
2905 2465 3022 2518 ἀλλ’
3053 2467 3115 2518 οὐ
3161 2467 3362 2530 πάντες
3401 2471 3512 2531 τοῖς
3564 2468 3727 2531 αὐτοῖς

2169 2556 2435 2609 ἑάλωσαν.
2489 2556 2554 2608 Et
2603 2555 2661 2609 δὲ
2700 2556 2793 2608 καὶ
2837 2558 2952 2618 τοῖς
3016 2556 3202 2619 αὐτοῖς
3254 2555 3454 2619 ἁλοῖεν,
3519 2556 3627 2610 ἀλλ’
3674 2559 3725 2609 οὐ

2168 2649 2372 2711 πάντες
2402 2647 2603 2717 ὁμοίως
2647 2647 2967 2699 διάκεινταιο
3016 2645 3158 2698 ἀλλὰ
3210 2648 3260 2699 oi
3296 2647 3396 2716 μὲν
3440 2647 3727 2714 ταίςξκατὰ

2169 2739 2352 2808 φύσιν,
2382 2739 2431 2791 oi
2461 2739 2517 2791 δὲ
2543 2741 2666 2801 ταῖς
2696 2736 3016 2809 ύπερορίαις
3043 2737 3158 2809 (75)
3188 2739 3483 2809 τέρπονται
3513 2741 3722 2809 ἡδοναῖς·

2166 2834 2214 2885 οἱ
2272 2831 2381 2902 μὲνξ
2411 2832 2492 2892 είς
2537 2830 2636 2902 τὴν
2672 2829 2894 2901 ἔννομον
2942 2832 3104 2900 φύσιν
3151 2831 3539 2901 παροινοῦσιν·
3592 2831 3638 2883 οἱ
3676 2829 3725 2882 δὲ

2170 2922 2264 2974 καὶ
2304 2920 2402 2992 τὴν
2456 2922 2811 2993 ὲδραστήριον
2837 2921 2947 2992 (76)
2980 2920 3311 2992 ὕϐρίζουσιν.
3340 2922 3405 2975 Οἱ
3439 2920 3537 2991 μὲν
3580 2920 3725 2990 ψοφο-

2168 3013 2310 3076 δεεῖς
2329 3012 2443 3084 (77)
2479 3002 2637 3065 εἰσιν·
2662 3016 2709 3066 ot
2737 3013 2793 3065 δὲ
2825 3012 3204 3083 ριψοκίνδυνοι.
3229 3014 3292 3066 Οἱ
3322 3013 3422 3083 μὲν
3463 3013 3721 3083 φειδωλοί’

2168 3104 2298 3157 οί’δὲ
2318 3104 2535 3159 ἄσωτοι.
2562 3104 2626 3155 0i
2645 3102 2743 3173 μὲν
2761 3102 2881 3155 οὐδὲ
2907 3102 3065 3169 λόγου
3091 3101 3321 3154 ἀκοῦσαι
3337 3101 3605 3154 δύνανται’
3623 3101 3723 3154 οἰδὲ

2168 3199 2289 3252 οὐδὲ
2314 3198 2413 3262 τὰς
2434 3199 2704 3268 τιμωρίας
2754 3198 3087 3268 φρίττουσιν.
3113 3200 3177 3249 Οἱ
3210 3196 3309 3267 μὲν
3332 3196 3557 3259 κόλακές
3582 3198 3718 3249 είσιν’

2165 3292 2214 3342 oi
2244 3290 2301 3343 δὲ
2327 3290 2718 3343 κολακεύεσθαι
2750 3288 3049 3360 βούλονται.
3098 3292 3161 3343 Οἱ
3199 3290 3299 3358 μὲν
3333 3290 3471 3360 μέθῃ
3498 3291 3716 3359 ἥδονται·

2164 3383 2215 3434 οἱ
2244 3381 2300 3434 δὲ
2331 3381 2500 3444 θέαις.
2528 3383 2592 3434 Oi.
2631 3381 2730 3451 μὲν
2762 3382 2927 3453 ᾠδαῖς
2950 3422 2966 3447 ,
2995 3382 3045 3434 οἱ
3082 3382 3139 3434 δὲ
3170 3381 3426 3453 θρήνοιςσ
3458 3385 3505 3434 οἱ
3547 3382 3641 3450 μὲν
3670 3383 3719 3432 ἐν

2172 3474 2291 3535 ταῖς
2323 3473 2550 3542 ἐρήμοις
2572 3511 2586 3536 ,
2628 3474 2679 3524 οἱ
2707 3472 2763 3524 δὲ
2794 3474 2852 3526 ὲν
2880 3476 3001 3535 ταῖς
3035 3472 3223 3525 πόλεσι
3261 3472 3622 3543 λῃστεύουσιν.
3667 3473 3718 3524 ΟΞ

486 3558 619 3613 liter
646 3558 821 3613 aﬂ‘ecti
852 3569 1007 3624 sunt;
1043 3574 1227 3613 verum
1259 3560 1349 3613 alii
1374 3560 1738 3628 voluptatibus
1770 3562 2066 3616 secundum

2177 3563 2277 3633 μὲν
2318 3563 2581 3632 φονῶσινο
2627 3564 2676 3615 oi
2709 3562 2765 3615 δὲ
2810 3563 2931 3616 οὐδὲ
2976 3562 3170 3628 ἄλογον
3214 3564 3575 3633 σφαττόμενον
3609 3563 3718 3615 ἰδεῖν

494 3659 769 3715 naturam,
797 3649 885 3704 alii
922 3652 1289 3719 voluptatibus
1330 3668 1358 3706 a
1412 3661 1604 3706 natura
1649 3652 2068 3708 abhorrentibus

2173 3654 2557 3724 ὑπομένουσιν.
2584 3655 2644 3708 Οἱ
2668 3654 2769 3723 μὲν
2790 3654 2954 3707 δειλοί
2975 3657 3133 3708 εἰσιν⁹
3164 3655 3214 3707 οἱ
3242 3654 3299 3707 δὲ
3322 3655 3556 3726 θρασεῖς.
3599 3654 3717 3706 Ἀλλ’

496 3738 855 3793 delectantur.
884 3740 989 3794 Alii
1022 3742 1237 3809 quidem
1267 3743 1320 3796 in
1347 3742 1641 3812 legitimam
1668 3752 1910 3796 naturam
1941 3758 2068 3813 pec-

2169 3748 2219 3799 εί
2263 3745 2439 3799 πάντα
2470 3745 2539 3798 τὰ
2586 3747 2960 3817 ἁμαρτήματα
2993 3746 3505 3818 καταριθμήσασθαι
3537 3749 3719 3815 ἐπιχει-

494 3837 622 3882 cant
647 3839 702 3883 et
730 3830 1111 3896 libidinantur;
1162 3831 1252 3884 alii
1282 3847 1408 3885 vero
1448 3834 1609 3886 etiam
1643 3833 1907 3901 posticam
1940 3848 2065 3887 cor-

2170 3836 2419 3907 ρήσαιμι,
2450 3837 2559 3889 οὐδ’
2586 3838 2635 3889 εί
2659 3837 2972 3891 παύὰασθαι
3000 3820 3312 3907 βουλοίμην,
3340 3837 3614 3907 δυναίμην.
3640 3836 3719 3888 Διὸ

493 3921 640 3989 poris
680 3932 889 3990 partem
935 3922 1263 3977 contumelia
1301 3923 1565 3980 afﬁciunt.
1609 3924 1714 3977 Alii
1763 3924 2064 3980 meticulosi

2168 3927 2458 3989 ἐκθειάσας
2482 3927 2580 3990 τὰς
2610 3927 2761 3996 ἱερὰς
2793 3929 2886 3981 καὶ
2922 3928 3069 3992 θείας
3095 3928 3351 3999 Γραφὰς,
3386 3926 3715 3983 καταπαύσω,

491 4025 558 4064 ac
583 4010 755 4064 timidi
789 4022 949 4076 sunt;
993 4012 1087 4065 alii
1114 4012 1350 4067 audaces
1384 4021 1438 4067 et
1470 4014 1829 4081 praefidentes.
1858 4014 1965 4067 Alii
1997 4023 2217 4070 tenaces
2250 4030 2314 4070 ac
2345 4017 2533 4085 parci;
2571 4018 2658 4071 alii
2691 4017 2901 4087 profusi
2953 4032 3016 4072 ac
3074 4028 3318 4086 nepotes.
3352 4018 3457 4071 Alii
3510 4034 3571 4070 ne
3614 4021 3718 4069 ver;

488 4101 618 4155 hum
651 4102 865 4179 quidem
890 4104 1078 4157 audire
1108 4112 1334 4171 possunt
1367 4103 1691 4169 acrius;alii
1714 4113 1905 4158 contra
1970 4114 2098 4158 sunt
2131 4105 2224 4174 qui
2256 4110 2322 4159 ne
2350 4107 2610 4176 supplicia
2640 4108 2807 4179 476
2831 4110 3048 4178 quidem
3097 4110 3344 4163 horrent.
3412 4108 3511 4162 Alii
3550 4107 3717 4160 adula-

491 4203 640 4249 tores
663 4205 816 4259 sunt;
850 4196 938 4248 alii
972 4211 1098 4250 vero
1129 4211 1189 4250 se
1222 4196 1429 4251 adulari
1466 4197 1671 4250 volunt.
1717 4197 1823 4250 Alii
1866 4197 2131 4253 ebrietate
2156 4199 2410 4267 gaudent,
2477 4200 2567 4253 alii
2638 4200 2991 4270 spectaculis;
3049 4201 3141 4254 alii
3175 4200 3449 4266 cantibus,
3521 4197 3603 4251 alii
3645 4198 3715 4249 la-

489 4288 929 4343 mentationibus.
960 4288 1063 4343 Alii
1113 4291 1167 4344 in
1212 4291 1467 4356 desertis,
1500 4291 1592 4344 alii
1626 4294 1679 4345 in
1713 4292 1936 4346 urbibus
2002 4292 2286 4347 latrocinia
2350 4302 2627 4349 exercent.
2674 4296 2778 4348 Alii
2847 4297 3022 4350 caedes
3070 4295 3281 4364 spirant
3320 4304 3377 4348 et
3440 4301 3712 4368 appetunt;

491 4379 579 4433 alii
613 4393 677 4434 ne
718 4378 931 4433 brutum
959 4382 1174 4448 quidem
1219 4380 1421 4434 animal
1467 4389 1759 4435 mactatum
1814 4382 2056 4450 aSpicere
2092 4397 2249 4450 atquo
2277 4382 2460 4437 animo
2490 4392 2734 4452 possunt.
2764 4382 2870 4438 Alii
2935 4383 3135 4452 ignavi,
3170 4381 3259 4435 alii
3338 4380 3546 4436 feroces
3582 4390 3708 4433 sunt.

492 4471 600 4526 Sed
632 4470 673 4524 si
700 4471 879 4525 omnia
920 4471 1200 4526 hominum
1242 4480 1465 4541 peccata
1509 4485 1828 4526 enumerare
1873 4486 2058 4537 coner,
2101 4486 2168 4525 ne
2212 4470 2258 4525 si
2318 4470 2484 4525 velim
2523 4471 2739 4541 quidem
2772 4472 2976 4525 exitum
3047 4469 3295 4526 invenire
3344 4485 3412 4526 ac
3468 4470 3710 4531 desinere.

493 4562 716 4631 possim.
764 4562 1102 4632 Quapropter
1160 4570 1451 4618 veneratus
1500 4577 1684 4617 sacras
1734 4577 1798 4616 ac
1860 4562 2070 4617 divinas
2110 4561 2442 4632 Scripturas,
2478 4562 2569 4617 hic
2603 4562 2764 4617 tinem
2804 4562 3021 4619 faciam.

1600 4738 1836 4795 VARUS
1876 4737 2262 4796 LECTIONES
2296 4738 2385 4793 ET
2419 4737 2652 4794 NOTAE.

486 4912 849 4982 prospiciunt,
887 4912 1011 4982 dum
1042 4926 1147 4965 non
1182 4911 1358 4965 solum
1416 4910 1468 4964 in
1503 4910 1733 4972 actione,
1767 4908 1859 4964 sed
1895 4911 2058 4965 etiam

2167 4980 2172 4982 .
2199 4980 2208 4982 _
2234 4908 2345 4981 (75)
2364 4908 2503 4982 ,(ἶοά·
2532 4909 2656 4965 νει·
2683 4909 2798 4982 650,
2825 4925 2924 4979 Pro
2957 4907 3220 4982 μειζόνῳν
3257 4916 3317 4982 et
3342 4909 3575 4980 μετρίων
3596 4906 3712 4982 scri-

487 4978 540 5037 in
594 4978 922 5051 cogitatione
974 4981 1271 5035 foeditatem
1323 4995 1476 5034 suam
1558 4990 1984 5047 recognoscant.
2030 4998 2049 5031 ι
2158 4978 2524 5048 bitusthqu
2554 4987 2610 5033 et
2639 4978 2904 5049 μετρίως,
2938 4978 3041 5033 non
3076 4979 3237 5032 male.
3276 4978 3432 5033 νει-ε.
3450 4978 3567 5047 seq.
3595 4978 3713 5029 ἕντι-

487 5052 658 5103 ιιιττ.
695 5079 763 5092 —-
799 5050 1068 5103 Ouidauid
1099 5051 1193 5103 sit.
1234 5050 1500 5103 luculenta
1532 5058 1618 5103 est
1662 5059 1718 5101 et
1749 5049 2059 5103 nererudita
2163 5067 2261 5103 μον
2295 5060 2468 5103 mutat
2506 5052 2558 5103 in
2591 5052 2792 5103 τίμιον.
2836 5051 2914 5102 1ο.

486 5050 763 5107 ιιιττί-
799 5050 1068 5118 Quidquid
1099 5051 1193 5112 sit,
1234 5050 1500 5104 luculenta
1532 5058 1618 5103 est
1662 5059 1718 5101 et
1749 5050 2059 5115 pererudita
2161 5067 2261 5119 μον
2295 5060 2468 5103 mutat
2506 5052 2558 5103 in
2591 5052 2792 5119 τίμιον.
2836 5051 2914 5102 1ο.

487 5138 660 5199 super
686 5123 785 5199 h_oc
815 5122 960 5199 dicto
990 5120 1177 5199 Isidori
1204 5121 1610 5199 commentatio.
1632 5117 1815 5199 _Eoi:r.
1872 5189 1884 5199 .
2020 5188 2054 5199 ,ι
2168 5198 2173 5199 γ
2234 5119 2346 5188 (74)
2373 5121 2454 5172 Οὐ
2482 5121 2676 5199 μόνον
2709 5121 2810 5199 ἐστὶ
2834 5118 2974 5199 ’τῶν
3019 5118 3119 5186 ἀρ.
3142 5118 3274 5173 Post
3300 5119 3362 5172 οὐ
3408 5118 3565 5189 μόνον
3596 5118 3710 5171 vide-

558 5188 669 5261 (70)
705 5190 852 5244 Inter
895 5190 1129 5259 διαφορὰ
1169 5200 1243 5261 et,
1281 5191 1497 5251 πάντως
1544 5192 1667 5242 cod.
1695 5189 1841 5261 ⁸γειι.
1872 5188 2063 5261 inserit

2167 5198 2411 5261 lur__es_se_
2423 5191 2685 5261 omissum
2720 5189 2800 5261 δέ.
2834 5188 3003 5261 lim.

484 5256 726 5324 πάντων,
767 5270 822 5314 et
872 5256 1015 5330 vers.
1057 5256 1173 5330 post
1223 5260 1278 5322 2,
1304 5275 1400 5330 pro
1439 5262 1637 5310 ἐνεῖναι
1688 5257 1829 5323 δόξει
1866 5258 2060 5313 scribit

2236 5258 2349 5328 (75)
2381 5257 2839 5330 Profnrspopiat;
2873 5259 3015 5312 idem
3045 5257 3168 5330 cod.
3215 5258 3382 5312 habet
3412 5256 3705 5330 ⁵ὑπερορὲοις

482 5331 846 5409 ίάεριῂδόξειεν
877 5324 1395 5409 είναιζΡοεειΝηίι
1520 5398 1531 5409 _
1672 5399 1704 5409 ,Α
1777 5399 1788 5409 _
1893 5398 1936 5409 ,ν

2167 5324 2541 5409 Βῑχεξὶιίερήηὲὶο
2564 5324 2640 5390 4(
2664 5324 2951 5409 ᾁνὲχονται
2987 5344 3082 5409 pro
3101 5328 3379 5409 δύνανται.
3412 5324 3491 5381 lo.
3533 5324 3549 5409 ξ

553 5403 668 5476 (71)
690 5399 971 5479 ιιιιριθχὰρ
993 5411 1048 5454 et
1080 5401 1313 5470 χαροποὶ
1345 5399 1487 5479 idem
1520 5398 1712 5479 inserit
1743 5399 1869 5453 εἱσι.
1893 5398 2049 5451 Vers.

2225 5397 2340 5479 (76)
2397 5395 3140 5479 Ἐδραστήριοξς.,ίηιὸίιίςὶι
3187 5413 3347 5479 anum
3388 5413 3420 5479 ε.
3442 5408 3495 5452 et
3540 5396 3699 5479 indicat

481 5475 519 5530 4
550 5467 663 5542 seq.
703 5467 1112 5542 μελανόμματοι
1136 5467 1304 5542 iiiutat
1345 5471 1397 5542 in
1418 5468 1916 5542 Αμεγαλονόμματοι,
1950 5481 2057 5542 non

2167 5467 2332 5542 scelus
2370 5468 2516 5542 quod
2552 5482 2656 5523 non
2685 5469 2901 5537 prolicit
2938 5474 3101 5534 scire,
3148 5478 3357 5523 utcum
3408 5468 3700 5536 imperatore

483 5489 519 5530 l-
550 5489 663 5542 seq.
743 5489 1109 5539 ελανομματοι
1136 5489 1304 5523 tnutat
1345 5489 1397 5521 In
1426 5489 1916 5538 μεγαλονομματοι,
1950 5489 2057 5520 non

483 5554 651 5599 recte.
694 5489 846 5594 vers.
891 5555 1009 5606 seq.
1047 5550 1167 5608 post
1198 5539 1383 5593 λευκοὶ
1417 5540 1532 5593 haec
1571 5549 1719 5593 recte
1757 5538 1921 5608 _adtlit
1951 5537 2055 5608 κάν

2167 5489 2332 5521 scelus
2370 5489 2479 5535 quo

2167 5538 2364 5608 loquar.
2395 5538 2480 5608 ll).

483 5613 694 5727 (τούτοις
757 5610 918 5662 πάλιν
972 5603 1277 5680 ἒναλλαγή·
1329 5611 1376 5662 οἱ
1443 5608 1499 5661 δὲ
1574 5610 1671 5662 καὶ
1724 5603 1907 5660 οὖλοι·
1965 5605 2053 5659 ἀλ.

509 5700 540 5727 n

2167 5676 2171 5687 _
2227 5603 2340 5687 (77)
2380 5606 2556 5688 Gloss.
2602 5616 2710 5661 vet.
2743 5606 3034 5677 ψοφοδεὴς,
3067 5623 3374 5661 sonat-osus.
3412 5607 3505 5661 Est
3547 5615 3695 5658 autem

2167 5692 2206 5727 IS
2237 5692 2327 5727 (llll
2352 5679 2579 5727 minimo
2608 5693 2825 5727 0110008
2850 5693 2986 5727 80110
3014 5686 3107 5727 3|".
3133 5678 3374 5727 strepitu
3399 5684 3692 5727 EXICI'I'BHII'.

482 5684 665 5815 hin)
696 5748 840 5803 Etlit.
869 5748 1069 5817 Paris.,
1103 5749 1165 5801 οὐ
1212 5748 1321 5818 γὰρ
1364 5750 1615 5802 παντοῖον
1653 5748 1843 5801 εἰπεῖν.
1894 5746 2052 5801 Εοιτ.

2167 5684 2206 5797 ils
2237 5684 2327 5747 qui
2352 5684 2579 5734 minimo
2608 5693 2825 5750 quoque
2850 5693 2986 5735 sono
3014 5686 3107 5734 aut
3133 5684 3374 5749 strepitu
3399 5684 3692 5733 exterretur.

2184 5761 2240 5800 ii.
