3886 6420
206 327 320 401 ’1189

602 432 750 487 PlE'.
800 463 868 471 —
906 433 1253 507 ΕΠΙΦΑΝΙῼ.

212 532 291 597 Εις
320 526 374 582 τὸ
396 520 929 599 συγκριτικόν-περὶ
952 523 1222 599 perlata;-
1259 521 1356 599 καὶ
1378 519 1612 589 κλοπῆς
1632 536 1725 589 γε-

326 592 655 666 γραμμένον·
704 610 723 641 ι
771 591 913 643 Ἐὰν
950 591 1075 655 ἁλῷ
1108 609 1199 656 τις
1237 592 1527 644 κλέπτων.

260 691 447 747 Ἔοικας
477 684 709 750 ἀγνοεῖν,
739 683 821 734 ὅτι
871 682 963 734 ἐπὶ
996 683 1105 734 τῶν
1136 682 1415 753 ὁμογενῶν
1444 682 1581 751 (78),
1626 680 1727 733 οὐκ

203 783 275 835 ἐπὶ
298 778 389 831 τῶν
414 774 735 844 ἑτερογενῶν
774 776 801 825 6
832 773 1187 844 συγκριτικός
1210 773 1497 844 χαρακτὴρ
1518 772 1729 838 λαμϐά-

204 888 337 925 νεται,
356 869 444 920 οὐκ
470 869 547 929 είς
569 864 668 934 τὴν
698 866 947 918 ἐναντίαν
976 866 1129 931 τάξιν
1161 864 1377 931 ἐξωθῶν
1402 865 1471 917 τὰ
1504 880 1730 933 συγκρι-

202 965 380 1032 νόμεναο
424 957 533 1011 ἀλλ’
598 957 896 1010 ἐλάττωσιν
946 958 1227 1027 ἐμφαίνων
1280 956 1376 1009 καὶ
1426 955 1720 1024 ὑπεροχήν.

204 1057 377 1123 Ὠσπερ
412 1052 511 1120 γὰρ
538 1052 597 1103 ἐν
616 1053 731 1111 τοῖς
759 1051 1066 1120 πταίσμασι
1093 1048 1153 1102 τὸ
1184 1050 1285 1119 μὲν
1309 1048 1423 1101 ἔστι
1455 1048 1641 1112 κακὸν,
1671 1050 1731 1100 τὸ

200 1146 243 1199 δὲ
267 1145 446 1205 κάκιον,
483 1142 540 1193 τὸ
569 1141 627 1193 δὲ
664 1141 925 1193 κάκιστον
963 1140 1156 1211 (κακὸν
1191 1140 1289 1211 μὲν
1315 1142 1423 1208 γὰρ
1459 1140 1492 1209 ἡ
1532 1138 1728 1208 κλοπήο

201 1237 354 1290 κάκιον
374 1235 427 1286 δὲ
454 1234 485 1302 ἡ
524 1232 773 1301 πορνεία·
802 1231 1058 1284 κάκιστον
1088 1232 1145 1284 δὲ
1181 1232 1215 1296 ἡ
1253 1230 1488 1301 μοιχεία)
1510 1246 1523 1257 ·
1561 1228 1733 1293 οὕτως

174 1388 175 1391 η
200 1328 280 1379 κάν
311 1327 408 1385 τοῖς
434 1321 855 1393 κατορθώμασι,
884 1322 945 1375 τὸ
978 1322 1076 1391 μὲν
1102 1322 1288 1386 καλὸν,
1314 1321 1376 1373 τὸ
1400 1322 1453 1373 δὲ
1490 1320 1731 1385 κάλλιον,

197 1417 244 1468 τὸ
259 1416 305 1467 δὲ
334 1413 624 1467 κάλλιστον·
671 1412 837 1465 καλὸν
875 1414 974 1483 μὲν
1008 1412 1118 1483 γὰρ
1152 1415 1180 1465 6
1205 1413 1401 1481 γάμοςο
1432 1412 1646 1465 κάλλιον
1676 1410 1734 1462 δὲ

200 1506 528 1577 ἠὲγκράτεια,
563 1503 849 1557 κάλλιστον
877 1504 933 1555 δὲ
964 1506 998 1572 ἠ
1050 1502 1312 1573 παρθενία
1347 1501 1482 1573 (79).
1528 1502 1601 1553 Τὸ
1642 1495 1733 1553 οὖν

196 1598 269 1650 τοῦ
293 1595 559 1649 καλλίστου
592 1594 833 1659 ἔλαττον,
868 1595 966 1647 οὐκ
995 1596 1073 1656 είς
1106 1593 1204 1663 τὴν
1244 1593 1492 1645 ἐναντίαν
1523 1591 1736 1656 ἐξωθεῖ-

196 1706 265 1742 ται
289 1688 444 1754 τάξιν,
473 1687 590 1739 ἀλλ’
629 1688 707 1750 είς
744 1686 843 1756 τὴν
877 1686 1133 1739 ἐλάττονα
1173 1685 1292 1755 μὲν,
1335 1685 1432 1754 τὴν
1462 1684 1627 1754 αὐτὴν
1654 1683 1732 1737 δέ.

1027 322 1556 387 EPISTOLARUM
1597 322 1744 382 LIB.
1786 321 1885 381 IV.
1926 344 1996 357 -
2028 318 2265 380 EPIST.
2305 320 2503 382 CXVI.

3258 300 3394 387 1190

2268 432 2426 489 CXV.
2462 463 2531 472 —
2566 430 2937 489 EPIPIIANIO

1827 522 1891 576 In
1922 525 2366 597 comparationem
2415 525 2480 597 tte
2530 524 2794 577 adulterio
2835 535 2885 578 et
2917 526 3060 594 furta
3113 529 3392 597 scriptam,

2041 612 2058 644 ι
2100 592 2160 647 Si
2183 595 2297 664 quis
2326 594 2381 645 in
2412 593 2554 663 furto
2578 592 2928 662 deprehensus
2967 598 3033 648 sit
3075 597 3137 649 ".
3174 616 3193 648 ι

1897 683 2114 739 Videtis
2144 685 2416 754 ignorare,
2449 685 2592 753 quod
2624 687 2675 739 in
2720 685 2824 739 illis
2858 700 2977 755 quae
3004 687 3247 763 ejusdem
3273 701 3399 743 sunt

1828 775 2066 844 generis,
2100 790 2203 828 non
2234 774 2285 826 in
2320 775 2385 829 iis
2412 790 2532 844 quae
2561 785 2687 829 sunt
2729 777 2954 843 diversi,
2978 781 3399 849 comparationis

1831 878 1955 919 nota
1986 867 2159 920 locum
2189 867 2405 933 habeat,
2428 882 2532 920 non
2574 868 2627 920 in
2658 870 2990 922 contrarium
3022 872 3265 925 ordinem
3303 888 3396 927 ve-

1831 957 1907 1010 lut
1938 957 2213 1026 expellens
2238 973 2299 1011 ea
2326 974 2552 1025 quorum
2587 959 2890 1014 instituitur
2911 964 3274 1030 comparatio;
3305 965 3400 1018 sed

1833 1048 1917 1102 vel
1951 1048 2271 1102 deteriorem
2309 1050 2392 1103 vel
2443 1052 2875 1120 prazstantiorem
2922 1052 3167 1107 indicans
3215 1055 3399 1108 condi-

1833 1138 2055 1191 tionem.
2082 1138 2217 1192 Nam
2259 1148 2317 1190 ut
2350 1141 2405 1192 in
2457 1140 2606 1195 vitiis
2638 1151 2695 1196 et
2723 1142 2958 1211 lapsibus
3000 1144 3147 1197 aliud
3183 1147 3400 1214 quidem

1836 1238 1920 1283 est
1946 1231 2169 1296 malum,
2199 1229 2344 1284 aliud
2376 1246 2504 1285 vero
2559 1233 2736 1301 pejus,
2766 1235 2912 1288 aliud
2969 1235 3201 1304 denique
3230 1236 3401 1304 pessi-

1834 1336 1976 1373 mum
2016 1327 2166 1390 (nam
2214 1321 2410 1374 malum
2442 1323 2659 1390 quidem
2688 1332 2773 1378 est
2816 1323 3040 1392 furtum,
3093 1325 3243 1394 pejor
3276 1341 3403 1380 vero

1831 1412 2120 1476 scortatio;
2146 1413 2437 1480 pessimum
2467 1423 2644 1466 autem
2671 1415 3040 1486 adulterium),
3060 1417 3139 1470 sic
3165 1416 3329 1469 etiam
3349 1417 3401 1469 in

1832 1502 2121 1555 virtutibus
2151 1512 2211 1556 et
2256 1511 2400 1556 recte
2462 1503 2637 1567 factis,
2674 1505 2819 1559 aliud
2880 1506 3076 1559 bonum
3128 1516 3231 1568 est,
3260 1506 3403 1560 aliud

1836 1596 2045 1661 melius,
2078 1596 2220 1649 aliud
2245 1598 2529 1665 optimum.
2555 1598 2716 1652 Verbi
2741 1600 2935 1668 gratia,
2963 1601 3157 1652 bonum
3188 1600 3402 1666 quidem

1843 1696 1923 1739 est
1988 1687 2319 1756 coniugium,
2350 1689 2439 1742 sed
2503 1689 2845 1757 prazsmntior
2894 1699 2975 1743 est
3038 1689 3401 1753 continentia;

195 1782 254 1833 υύ
283 1780 378 1849 γὰρ
420 1779 484 1832 ἄν
531 1796 615 1842 τις
666 1778 957 1849 σωφρονῶν
997 1781 1065 1849 τῇ
1117 1776 1345 1847 πορνείᾳ
1383 1776 1482 1847 τὴν
1529 1774 1737 1845 παρθε-

1846 1778 2279 1846 prtestantissima
2319 1793 2444 1833 vero
2489 1789 2649 1847 atque
2674 1780 2876 1848 optima
2931 1779 3230 1848 virginitas.
3270 1778 3403 1832 Illud

194 1871 290 1924 νίαν
310 1868 415 1940 (80)
448 1868 806 1940 παραϐάλλοι,
838 1868 975 1921 ἀλλά
1004 1868 1103 1937 τὴν
1143 1868 1467 1937 ἐγκράτειαν
1520 1867 1616 1919 κα)¹
1644 1866 1733 1918 τὸν

192 1965 342 2033 τίμιον
383 1963 578 2032 γάμον.
609 1962 718 2015 Καὶ
744 1963 776 2031 ἡ
806 1960 997 2032 Γραφὴ
1033 1960 1090 2013 δὲ
1138 1960 1345 2029 κλοπῆς
1371 1961 1464 2012 καὶ⁵
1494 1958 1734 2029 μοιχείας

194 2056 446 2126 σύγκρισιν
465 2054 786 2124 ποιουμένη,
819 2054 944 2124 ἔφη’
982 2072 1001 2105 t
1041 2054 1116 2107 Οὐ
1143 2053 1473 2123 θαυμαστὸν,
1501 2052 1596 2106 ἐὰν
1624 2052 1735 2121 ἁλῷ

191 2164 259 2209 τις
288 2146 544 2200 κλέπτων·
576 2145 798 2199 κλέπτει
824 2145 953 2216 γὰρ,
988 2145 1073 2197 ἵνα
1120 2145 1371 2217 ἐκπλήσῃ
1404 2144 1514 2215 (81)
1554 2144 1735 2213 ψυχὴν

192 2237 449 2291 πεινῶσαν.
487 2237 548 2291 '0
572 2237 629 2289 δὲ
658 2237 841 2308 μοιχὸς
870 2235 939 2290 δι’
981 2235 1187 2290 ἔνδειαν
1224 2235 1437 2305 φρενῶν
1463 2234 1737 2288 ἀπώλειαν

189 2333 244 2400 τῇ
270 2329 449 2384 ἑαυτοῦ
473 2330 619 2400 ψυχῇ
664 2330 1051 2400 περιποιεῖται.
1089 2347 1107 2380 ι
1150 2330 1223 2382 Οὐ
1254 2330 1362 2400 γὰρ
1408 2327 1736 2398 συγγνώμην

191 2422 472 2491 παρέχουσα
502 2422 584 2492 τῷ
619 2421 904 2473 κλέπτοντι
928 2461 944 2486 ,
970 2420 1066 2473 καὶ
1104 2420 1416 2474 ἀπολύουσα
1441 2419 1602 2471 αὑτὸν
1631 2419 1739 2471 τῶν

188 2513 535 2584 ἐγκλημάτων,
568 2512 727 2566 τοῦτο
766 2512 893 2582 ἔφη*
941 2512 1076 2565 ἀλλά
1114 2515 1181 2583 τῇ
1224 2510 1472 2581 μοιχείᾳ,
1507 2510 1738 2582 κακίστη

188 2604 319 2675 οὔσῃ,
340 2607 435 2677 τήν
458 2605 667 2676 κλοπὴν
689 2604 1136 2676 παραὸάλλουσα,
1172 2604 1536 2675 ἡμερωτέραν
1567 2603 1739 2673 αὐτὴν

188 2696 273 2767 ἔφη
315 2693 447 2752 εἶναι
488 2699 584 2752 καὶ
616 2697 970 2768 κουφοτέραν,
1018 2697 1113 2751 καὶ
1152 2696 1390 2768 μάλιστα
1448 2695 1577 2748 ὅταν
1634 2693 1740 2746 ὑπὸ

186 2790 348 2853 πενίας
378 2791 656 2862 τίκτηται.

1842 1869 2023 1937 igitur,
2057 1869 2197 1938 quod
2232 1868 2433 1935 optimo
2455 1878 2537 1923 est
2570 1868 2819 1932 inferius,
2854 1886 2956 1923 non
2999 1872 3048 1924 in
3080 1872 3405 1926 contrariam

1834 1957 2139 2013 extruditur
2162 1956 2379 2023 seriem,
2408 1958 2499 2011 sed
2529 1971 2707 2010 manet
2737 1959 2787 2011 in
2822 1960 3008 2013 eadem
3031 1960 3191 2025 serie,
3218 1971 3409 2013 tamet-

1846 2049 1892 2101 si
1946 2047 2217 2103 inferiore.
2255 2047 2420 2102 Nemo
2443 2051 2586 2103 enim
2631 2051 2721 2119 qui
2753 2066 2896 2104 sanae
2958 2051 3153 2105 mentis
3180 2053 3270 2113 sit,
3298 2050 3409 2104 for-

1842 2139 2168 2194 nicationem
2199 2154 2321 2193 cum
2360 2140 2665 2210 virginitate
2714 2143 3020 2207 contulerit,
3083 2144 3175 2196 sed
3231 2142 3409 2212 potius

1840 2232 2225 2286 continentiam
2277 2242 2331 2285 et
2390 2232 2701 2287 honorabile
2753 2234 3079 2303 coniugium.
3134 2233 3408 2303 Scriptura

1844 2338 2058 2391 quoque
2088 2321 2216 2377 furti
2247 2332 2299 2377 et
2330 2324 2577 2377 adulterii
2610 2326 3074 2393 comparationem
3101 2326 3407 2391 instituens,

1844 2416 1919 2469 ait
1948 2434 1961 2468 :
1997 2433 2018 2467 ι
2050 2415 2165 2469 Νοη
2191 2416 2262 2469 sit
2293 2417 2511 2480 mirum,
2542 2418 2584 2470 si
2631 2418 2875 2488 capiatur
2911 2419 3105 2489 aliquis
3142 2420 3231 2489 qui
3263 2418 3411 2473 fura-

1846 2516 1953 2565 tur.
1986 2508 2220 2563 Furatur
2248 2509 2413 2571 enim,
2441 2518 2498 2562 ut
2532 2510 2751 2579 impleat
2779 2513 3012 2565 animam
3032 2498 3039 2502 ’
3061 2514 3409 2567 esurientem.

1845 2601 1914 2655 At
1943 2601 2187 2656 moechus
2237 2612 2455 2670 prapter
2493 2602 2726 2671 in0piam
2766 2605 2983 2667 mentis,
3051 2606 3420 2673 perditionem.

1846 2694 2040 2746 animm
2061 2707 2171 2746 suae
2199 2693 2451 2760 acquirit.
2488 2712 2507 2745 ι
2542 2693 2657 2748 Νοη
2681 2694 2822 2748 enim
2853 2710 2916 2749 eo
2944 2710 3103 2750 sensu
3133 2697 3234 2750 hoc
3255 2696 3410 2758 dixit,

1846 2782 1999 2850 quasi
2028 2782 2239 2835 veniam
2272 2784 2426 2837 daret
2460 2784 2597 2850 furi,
2636 2800 2868 2853 cumque
2915 2787 3135 2841 omnino
3167 2786 3412 2840 absolve-

186 2891 257 2936 ret
278 2885 340 2938 ab
373 2886 517 2938 omni
560 2884 812 2947 crimine,
841 2883 934 2938 sed
980 2898 1101 2936 cum
1128 2880 1415 2947 adulterio,
1446 2880 1589 2950 quod
1650 2877 1941 2948 pessimmn
2011 2878 2356 2942 estiscelus.
2396 2877 2598 2933 furtum
2659 2894 3001 2951 comparans,
3082 2883 3254 2937 levius
3312 2882 3413 2937 hoc

177 2987 327 3041 atque
375 2975 717 3029 tolerabilius
760 2989 883 3028 esse
930 2973 1319 3042 pronuntiavit,
1367 2973 1728 3041 maximeque,
1768 2969 2036 3037 quandoa
2070 2978 2390 3037 paupertate
2428 2980 2745 3038 generatur.

467 3066 634 3131 Ptq'.
672 3094 737 3105 —
780 3063 1077 3133 ΕΥΤΟΝΙῼ
1115 3062 1436 3131 ΔΙΑΚΟΝῼ.

438 3154 582 3223 Περὶ
604 3152 868 3222 Λαζάρου
898 3153 996 3206 καὶ
1019 3152 1129 3206 τοῦ
1144 3154 1463 3206 πλουσίου.

244 3244 453 3309 Ἔοικας
490 3244 927 3316 τεθορυδῆσθαι,
955 3243 1043 3296 δια
1090 3242 1149 3295 τὸ
1183 3240 1505 3311 ἀκηκοέναι,
1542 3240 1623 3292 ὅτι
1663 3238 1749 3291 ἐν-

179 3337 334 3390 ταῦθα
358 3340 455 3393 καὶ
481 3341 512 3393 6
541 3339 793 3408 Λάζαρος
822 3336 891 3389 τά
925 3334 1245 3403 πταίσματα
1266 3376 1280 3400 ,
1315 3333 1411 3387 καὶ
1437 3336 1465 3385 6
1494 3332 1749 3394 πλούσιος

179 3430 241 3483 τὰ
282 3429 686 3501 κατορθώματα
718 3427 1055 3497 ἀπείληφεν·
1090 3425 1206 3479 ἀλλ’
1246 3426 1295 3477 εί
1358 3426 1641 3494 προσεῖχες
1674 3423 1750 3492 τῷ

172 3521 455 3592 εἰρημένῳ,
485 3522 590 3574 οὐκ
619 3520 685 3573 ἂν
720 3517 940 3581 ἔπαθες.
966 3517 1038 3569 Τὸ
1065 3517 1173 3587 γὰρ
1199 3515 1274 3587 μὴ
1297 3517 1489 3579 εἰπεῖν,
1536 3514 1747 3577 ἔλαϐες,

172 3610 280 3663 ἀλλ’
333 3612 636 3675 ἀπέλαϐες
681 3608 783 3679 (τὸ
830 3607 930 3679 μὲν
959 3607 1067 3678 γὰρ
1102 3607 1263 3677 χάριν
1317 3604 1550 3676 μηνύει,
1588 3604 1651 3656 τὸ
1695 3604 1752 3656 δὲ

175 3700 440 3771 ἀμοιϐὴν),
468 3702 656 3753 πᾶσαν
687 3696 971 3768 σαφηνίζει
990 3697 1082 3749 καὶ
1110 3696 1372 3763 ἐγγυᾶται
1400 3694 1497 3763 τὴν
1523 3692 1748 3757 ἔννοιαν,

177 3789 263 3859 τὴν
299 3792 450 3861 mp"
671 3788 988 3859 εἰρημένην.
1034 3789 1158 3840 ’Ότι
1194 3786 1249 3839 δὲ
1294 3787 1354 3839 οὐ
1400 3787 1558 3855 μόνον
1589 3784 1639 3835 οἱ
1671 3785 1749 3845 είς

176 3880 332 3951 ἀκρον
350 3884 559 3953 ἀρετῆς
584 3880 909 3952 ἐληλακότες
935 3880 1150 3950 ἔχουσιν
1172 3877 1509 3950 ἀνθρώπινόν
1524 3893 1577 3928 τι
1597 3876 1753 3928 πταῖ-

177 3987 281 4041 σμα
304 3972 322 4042 (
349 3973 514 4043 μόνον
553 3972 664 4040 γὰρ
696 3971 756 4024 τὸ
783 3970 936 4025 Θείον
959 3967 1389 4040 ἀναμάρτητον),
1421 3965 1556 4019 ἀλλά
1581 3966 1677 4017 καὶ
1703 3966 1752 4017 οἱ

178 4063 250 4126 είς
275 4064 366 4116 τὸν
413 4064 673 4133 πυθμένα
704 4064 804 4133 τῆς
837 4061 1035 4124 κακίας
1074 4060 1531 4129 ἐμπεπτωκότες,
1569 4055 1753 4126 ἔχουσί

176 4167 225 4203 τι
264 4153 637 4223 κατόρθωμα,
692 4154 724 4223 ή
776 4151 895 4220 ἱερά
937 4149 1199 4221 κηρύττει
1236 4147 1453 4218 Γραφή’
1485 4147 1613 4215 περὶ
1655 4144 1754 4214 μὲν

178 4242 389 4295 ἐκείνων
422 4245 683 4310 λέγουσα·
722 4263 739 4293 ε
770 4242 866 4305 Τίς
895 4242 1253 4311 καυχήσεται,
1287 4238 1455 4308 ἁγνὴν
1486 4237 1628 4306 ἔχειν
1653 4237 1754 4306 τὴν

178 4334 427 4403 καρδίανς
479 4336 517 4406 ἦ
568 4335 653 4397 τίς
680 4331 1161 4404 παῤῥησιάσεται,
1208 4329 1445 4399 καθαρὸς
1479 4322 1618 4380 εἶναι
1647 4326 1755 4380 ἀπὸ

2157 3056 2341 3112 CXVI.
2369 3087 2438 3097 —
2463 3056 2763 3113 EUTONIO
2793 3059 3105 3116 DIALONO.

2305 3148 2383 3201 De
2407 3148 2611 3205 Lazaro
2639 3160 2684 3203 et
2709 3152 2871 3204 divite
2890 3152 2951 3205 ¹³.

1921 3239 2133 3293 Videris
2162 3243 2509 3308 perturbatus
2551 3257 2694 3305 esse,
2731 3243 2871 3310 quod
2905 3244 3195 3308 audiveris,
3239 3246 3287 3298 in
3317 3245 3418 3299 hoc

1849 3328 2047 3382 saeculo
2078 3339 2132 3382 et
2164 3328 2431 3383 Lazarum
2468 3330 2715 3400 lapsuum
2755 3347 2976 3387 suorum
3005 3349 3214 3403 ptenas,
3250 3347 3304 3389 et
3336 3339 3419 3390 di-

1852 3421 2012 3473 vitem
2052 3429 2199 3475 recte
2229 3421 2295 3473 ab
2351 3436 2409 3474 se
2476 3422 2735 3476 factorum
2792 3427 3009 3494 praemia
3046 3428 3333 3497 recepisse.
3363 3427 3418 3482 Si

1851 3521 1981 3560 vero
2016 3508 2082 3559 ad
2117 3508 2169 3561 id
2192 3509 2335 3576 quod
2373 3510 2576 3563 dictum
2611 3519 2713 3576 est,
2754 3514 3098 3578 attendisses,
3158 3530 3263 3569 non
3318 3516 3419 3569 hoc

1854 3597 1947 3650 tibi
1980 3598 2315 3666 contigisset.
2346 3598 2481 3653 Nam
2540 3603 2682 3670 quod
2741 3618 2845 3656 non
2881 3604 2979 3671 ait,
3018 3606 3295 3674 accepisti,
3325 3612 3418 3662 sed

1851 3690 2095 3757 recepisti
2122 3691 2275 3759 (illud
2316 3693 2460 3744 enim
2507 3692 2709 3747 indicat
2747 3694 3001 3763 gratiam,
3045 3698 3147 3751 hoc
3186 3713 3310 3752 vero
3337 3712 3423 3751 re—

1857 3780 2229 3847 tributionem)
2267 3803 2280 3834 :
2314 3782 2363 3835 id
2391 3798 2605 3837 omnem
2636 3785 2874 3839 declarat
2895 3801 2957 3839 ac
2987 3788 3250 3855 promittit
3274 3788 3419 3842 illum

1851 3886 2089 3939 sensum,
2120 3887 2281 3940 quem
2332 3890 2431 3928 nos
2475 3875 2730 3930 diximus.
2779 3876 2941 3947 477
2970 3877 3087 3931 1am
3135 3882 3277 3948 quod
3315 3896 3419 3934 non

1851 3963 2021 4015 solum
2057 3964 2088 4015 ii
2131 3963 2221 4028 qui
2257 3967 2323 4017 ad
2379 3980 2690 4033 supremum
2725 3968 2953 4022 virtutis
2994 3968 3266 4040 fastigium
3300 3987 3424 4040 per-

1852 4064 2134 4116 venerunt,
2170 4056 2403 4109 habeant
2439 4058 2656 4124 aliquod
2693 4059 2988 4114 humanum
3027 4075 3268 4117 erratum
3309 4065 3422 4134 (cui

1856 4142 1967 4195 sint
2022 4153 2116 4196 aut
2170 4145 2459 4214 aliquando
2531 4147 2737 4204 fuerint
2782 4152 3051 4223 obnoxii).
3085 4153 3243 4210 Solus
3275 4159 3420 4210 enim

1853 4232 1993 4287 Deus
2022 4236 2202 4290 omnis
2226 4246 2309 4290 est
2341 4241 2552 4305 peccati
2584 4255 2782 4310 expers
2816 4258 2827 4294 :
2855 4245 2949 4297 sed
2972 4246 3133 4298 etiam
3167 4246 3202 4300 ii
3240 4248 3329 4314 qui
3365 4248 3419 4301 in

1852 4322 2176 4390 profundum
2239 4329 2493 4381 vitiorum
2559 4331 2888 4395 inciderunt,
2956 4336 3176 4404 aliquod
3242 4346 3420 4394 tamen

175 4425 488 4494 ita-ap:qu
526 4444 545 4477 ι
570 4425 701 4495 περὶ
728 4425 785 4477 δὲ
806 4424 1028 4485 τούτων,
1059 4423 1140 4475 ὅτι
1180 4422 1238 4473 '0
1259 4420 1447 4490 κριτὴς
1470 4418 1701 4481 ἀδικίας,
1722 4418 1751 4469 ὁ

1858 4424 2003 4468 recte
2035 4415 2233 4470 factum
2288 4433 2439 4473 sacra
2471 4420 2750 4490 Scriptura
2781 4439 2994 4494 quoque
3023 4436 3266 4492 testatur,
3298 4430 3422 4482 dum

180 4516 307 4585 μήτε
325 4517 463 4570 Θεὸν
488 4515 657 4586 φοϐού
666 4532 845 4585 μενος,
874 4513 1010 4585 μήτε
1032 4513 1317 4583 ἄνθρωπον
1335 4510 1751 4578 ἐντρεπόμενος,

1858 4502 1925 4556 de
1955 4504 2121 4571 priori
2154 4505 2371 4573 quidem
2416 4508 2694 4564 hominum
2738 4526 2936 4581 genere
2971 4516 3044 4569 ait
3078 4532 3091 4567 :
3134 4533 3153 4566 ι
3199 4516 3329 4583 Quis
3348 4517 3426 4587 ja-

178 4607 393 4672 ἐποίησέ
424 4626 480 4661 τι
522 4607 783 4677 χρηστὸν,
831 4606 929 4676 τὴν
965 4604 1204 4674 συνεχῶς
1246 4601 1577 4672 προσιοῦσαν
1604 4598 1753 4667 αὐτῷ

1858 4596 2026 4649 ctabit
2061 4606 2269 4650 castum
2323 4598 2522 4654 habere
2561 4603 2695 4654 cor?
2746 4613 2855 4686 aut
2890 4606 3011 4673 quis
3063 4606 3231 4662 libere
3281 4608 3424 4662 dicet

175 4700 339 4768 χήραν
390 4699 659 4770 ἐλεήσας,
702 4699 797 4751 καὶ
840 4696 1143 4762 ἐπεξελθὼν
1194 4696 1308 4756 τοῖς
1349 4691 1644 4745 ἀδικοῦσιν.
1689 4690 1754 4742 Εἰ

1858 4703 1916 4741 se
1945 4704 2135 4756 purum
2170 4705 2291 4744 esse
2320 4705 2354 4744 a
2382 4693 2617 4760 peccatis
2649 4692 2732 4746 “?
2765 4713 2783 4745 ι
2831 4697 2899 4751 de
2927 4698 3210 4764 posteriori
3247 4711 3425 4753 autem

174 4791 345 4844 τοίνυν
377 4792 479 4846 καὶ
510 4793 569 4843 ὲν
596 4793 709 4854 τοῖς
739 4789 859 4843 λίαν
887 4789 1127 4860 ἀρίστοις
1154 4783 1469 4856 εὑρίσκεταί
1502 4799 1587 4845 τις
1609 4780 1753 4850 μέμ-

1865 4778 2020 4843 dicit,
2080 4777 2317 4849 judicem
2364 4783 2514 4838 illum
2557 4785 2882 4855 iniquitatis,
2908 4790 2999 4856 qui
3050 4805 3224 4860 neque
3264 4793 3426 4847 Deum

242 4948 285 4980 “
309 4947 481 5004 Prov.
518 4964 589 5014 vr,
622 4946 813 5002 50-52.
892 4945 934 4975 ¹³
965 4942 1098 4997 Luc.
1125 4956 1236 5007 xvn,
1273 4942 1293 4995 1
1336 4955 1489 5009 seqq.
1572 4938 1616 4968 ¹¹⁶
1650 4935 1760 4991 Pro

1846 4951 1924 5000 tx,
1963 4936 2017 4990 9.

1249 5074 1485 5134 VARIAZ
1518 5070 1905 5128 LECTIONES
1945 5068 2033 5122 ET
2075 5068 2314 5124 NOTIE.

233 5248 347 5319 (73)
405 5248 539 5300 Ἐπὶ
569 5244 688 5299 τῶν
725 5241 1045 5312 ὁμογενῶν.
1076 5237 1353 5319 Ιξιιηιίιεεηι¹
1382 5233 1615 5319 regulam
1662 5246 1748 5319 εξο-
1855 5229 2384 5319 οῑοιηιιιηηειλίρεξιιιι
2415 5231 2548 5319 adeo
2596 5234 2799 5319 Cllpl'lSll
2847 5238 3111 5319 sententia
3161 5239 3430 5319 unanimis

172 5301 267 5372 cui:
301 5301 935 5383 'c'omparationis'saEpe
978 5309 1209 5383 inculcat
1251 5301 1504 5383 Isidorus.
1549 5301 1748 5357 Conl'er
1856 5311 1964 5383 est,
1986 5310 2041 5383 ut
2077 5301 2335 5363 demiror,
2375 5312 2614 5369 repertos
2658 5305 2824 5358 fuisse
2854 5306 2946 5374 qui
2991 5308 3278 5363 dissentire
3323 5310 3432 5364 sint

173 5366 755 5459 ὲρἷιῖἶέἑῖἰῇῖὶίρι
786 5366 943 5459 epist.
970 5381 1069 5435 351
1106 5378 1315 5459 nunc
1354 5374 1518 5459 ΒΗΤ..
1553 5442 1564 5459 ,
1618 5458 1625 5459 ί

1851 5370 1985 5421 ausi.
2024 5366 2097 5420 In.
2434 5366 2449 5369 “

1929 5436 2033 5459 ιίιιὶὶ
2084 5440 2164 5459 ηυξ
2206 5440 2440 5459 _.___,-IM
2492 5439 2538 5459 κε

242 5436 610 5528 casm
632 5436 834 5528 hirpi
857 5450 1063 5528 γᾴμοςν
1089 5444 1452 5528 stigmam?
1478 5445 1515 5510 τὶ
1540 5439 1754 5528 rem:
1851 5436 2595 5528 _._.l_39’_.T’¥li‘€€”F[¢‘£3?”
2640 5446 2986 5511 παρθενίαν·
3036 5445 3098 5500 F-
3140 5447 3251 5518 τὴν
3296 5466 3432 5520 πορ-

171 5506 729 5591 τεὶἀῗκὶίᾶᾱὶάτὸὸέ
764 5522 833 5575 δὲ
865 5506 1260 5595 ἢ-’πάρρενίω
1289 5506 1523 5595 _Cpnter'.
1544 5506 1673 5595 “liii.
1714 5524 1752 5562 11

1850 5506 2000 5595 νείαη
2024 5510 2100 5595 τῇ
2128 5508 2416 5595 παρθενίᾳ.
2444 5511 2537 5595 Ἰι.

174 5578 329 5665 ἀεῤίξῂ
359 5578 499 5657 res;
534 5578 587 5651 et
608 5578 713 5649 lib.
748 5609 809 5665 111
843 5578 1000 5659 epist.
1032 5578 1171 5665 351.
1192 5598 1246 5640 et
1289 5585 1425 5639 infra
1460 5586 1514 5664 1..
1544 5581 1635 5661 lib.
1664 5595 1750 5647 ep.

2078 5578 2570 5665 "‘I‘Artfr‘éxﬁyl’tip'q‘.
2618 5582 2723 5651 leg.
2746 5584 3047 5665 Πὲμπλήσῃ,
3089 5595 3148 5641 ut
3189 5586 3241 5640 in
3297 5588 3431 5644 Bibl.

173 5646 428 5732 mihi}
445 5646 1037 5733 ﬁtioeetnvirginiiatem
1062 5646 1322 5711 antistare
1355 5652 1603 5733 conjugio
1634 5646 1753 5733 quae
1851 5646 2362 5733 graecis'scriptum
2394 5660 2495 5718 est,
2520 5646 2697 5709 ‘l’rov.’
2743 5646 3045 5711 ,ἳιιιιοιιιόιιῖ⁷
3069 5673 3118 5712 c.
3162 5673 3210 5712 v1
3264 5673 3435 5729 prope

174 5717 690 5808 éié'péétbnr’aun
740 5717 795 5790 eut
841 5731 1080 5789 omnium
1106 5737 1348 5784 veterum
1382 5717 1634 5779 Ecclesiae
1653 5717 1756 5775 ’do-
1852 5719 2035 5773 linem.
2062 5717 2140 5773 In.
