3886 6420
167 371 267 438 1193

1033 356 1567 432 EPISTOLARUM
1608 371 1754 431 LIB.
1798 360 1896 433 Iv.
1930 398 2001 413 —-
2037 360 2271 435 EPIST.
2314 364 2485 437 cxx.

3234 376 3365 443 119i

162 488 271 561 quod
309 484 489 540 conscii
523 484 630 539 sibi
668 485 801 550 sint,
848 499 967 541 eam
1019 502 1132 540 rem
1182 503 1303 543 esse
1337 499 1519 541 notam
1551 503 1682 554 sum,
1723 489 1810 544 cui
1864 489 2105 545 volentes
2179 490 2544 555 indulserunt,
2588 490 2827 547 libidinis
2870 496 2924 545 et
3004 491 3252 558 luxuriae,
3286 496 3357 548 in.

162 575 432 637 ‘olerabilem
467 575 635 632 ellicit
665 577 835 630 animi
866 578 1195 633 cruciatum.

604 670 773 747 PIH'.‘
795 702 863 712 —
890 672 1165 744 animo.

230 770 317 834 Εἰς
340 767 415 820 τό·
451 786 470 817 ι
496 764 607 819 Καὶ
641 766 931 835 ποτήριον
962 766 1205 835 ψυχροῦ
1240 766 1490 821 διδόναι.
1512 785 1533 818 ι

210 886 400 946 Ἔοικας
425 884 519 937 καὶ
551 884 664 955 (88)
700 884 897 936 σαυτὸν
939 880 1427 953 παραλογίζεσθαι,
1463 881 1558 934 καὶ
1584 880 1683 945 τὰς

155 978 272 1041 θείας
301 976 729 1047 παρερμηνεύειν
763 975 1004 1048 Γραφόις.
1035 973 1109 1027 Τὸ
1137 973 1246 1046 γὰρ
1288 994 1306 1027 ι
1331 975 1528 1027 διδόναι
1579 991 1681 1026 πο-

154 1073 298 1140 τήριον
315 1067 534 1138 ψυχροῦ,
570 1087 588 1120 ι
621 1068 759 1139 πρὸς
780 1068 907 1131 τοὺς
932 1066 1089 1120 τοῦτο
1103 1057 1280 1137 ,μόνον
1308 1066 1531 1137 ἔχοντας
1560 1065 1681 1135 βλέ-

102 1174 117 1227 ;
154 1178 240 1225 πει,
262 1160 313 1212 οὐ
339 1158 468 1229 πρὸς
493 1160 621 1222 τοὺς
646 1157 864 1228 πλούτῳ
894 1157 1201 1227 κομῶντας,
1233 1158 1360 1221 τοὺς
1388 1159 1481 1212 καὶ
1503 1155 1683 1228 ᾶμφια

152 1250 432 1320 δυναμένους
457 1252 569 1312 τοῖς
596 1249 702 1303 ὑπὸ
730 1247 889 1319 λιμοῦ
920 1247 1015 1301 καὶ
1040 1247 1196 1301 νόσου
1223 1249 1319 1301 καὶ
1345 1248 1683 1318 γυμνότητος

150 1338 569 1410 πολιορκουμένοις
595 1340 831 1409 ὀρέγειν.
858 1340 969 1393 Καὶ
1000 1340 1074 1410 μὴ
1102 1337 1369 1408 Θαύμαζε,
1395 1340 1445 1391 εί
1483 1341 1512 1393 ό
1539 1337 1683 1411 ὕδωρ

150 1428 380 1500 παρέχων,
422 1430 523 1482 οὐκ
556 1428 753 1499 ἀμισθὶ
799 1429 960 1482 τοῦτο
990 1430 1155 1483 ποιεῖ.
1188 1426 1267 1482 Οὐ
1296 1428 1406 1499 γὰρ
1437 1429 1548 1482 ἀπὸ
1583 1429 1685 1499 τῆς

146 1521 321 1587 δόσεως,
360 1520 469 1574 ἀλλ’
520 1521 629 1574 ἀπὸ
677 1522 779 1590 τῆς
821 1520 1198 1592 προαιρέσεως
1245 1522 1278 1590 ἡ
1339 1519 1685 1589 ἐλεημοσύνη

146 1614 375 1685 κρίνεταιο
421 1614 587 1667 ὁπότε
640 1615 737 1668 καὶ
785 1617 813 1668 ό
888 1615 1045 1684 λόγος
1097 1613 1370 1683 ἀποδοχῆς
1418 1613 1681 1679 ἀξιοῦται.

151 1724 165 1755 ι
202 1705 313 1759 Ἰδοὺ
341 1704 467 1777 γὰρ,
496 1708 657 1777 φησὶ,
689 1707 848 1776 λόγος
872 1707 1018 1777 ὑπὲρ
1045 1707 1187 1778 δόμα
1212 1705 1437 1775 ἀγαθόν.
1471 1725 1492 1758 ι
1542 1705 1684 1759 Ἀλλ’

144 1800 181 1850 εί
200 1800 275 1851 καὶ
308 1800 517 1869 εἴρηται
550 1798 683 1869 (89).
717 1800 803 1850 «Ἄ
816 1799 1061 1869 μφότερα
1094 1798 1151 1852 δὲ
1179 1799 1310 1869 παρ’
1329 1797 1485 1868 ἀνδρὶ
1518 1814 1685 1867 κεχα-

145 1890 430 1961 ριτωμένῳί
459 1890 639 1961 τούτῳ
657 1890 918 1960 δηλονότι,
938 1884 983 1959 ᾧ
1010 1892 1104 1943 καὶ
1132 1890 1193 1944 τὸ
1213 1888 1400 1943 δοῦναι
1432 1889 1681 1944 δυνατόν.

143 1983 191 2037 Ei
228 1984 319 2051 γὰρ
351 1982 460 2051 (90)
503 1982 760 2036 τοσοῦτον
792 1984 853 2035 τὸ
892 1983 1045 2036 δοθὲν
1073 2024 1089 2047 ,
1143 1984 1269 2035 ὅσον
1310 1984 1345 2052 ἠ
1395 1982 1685 2053 περιουσία

144 2075 214 2127 καὶ
243 2076 270 2145 ἡ
300 2076 619 2146 προαίρεσις
657 2075 749 2127 τοῦ
803 2074 1135 2145 παρέχοντος
1177 2074 1439 2143 ζητεῖται.
1492 2072 1687 2129 Πολλοὶ

140 2165 219 2234 μὲν
259 2166 358 2236 γὰρ
394 2165 504 2219 ἀπὸ
538 2165 747 2219 πολλῶν
790 2165 981 2232 ὀλίγα,
1031 2163 1216 2217 πολλοὶ
1249 2164 1307 2218 δὲ
1350 2164 1459 2217 ἀπὸ
1486 2164 1687 2233 ὀλίγων

140 2257 277 2309 πολλὰ
303 2256 655 2328 παρέχουσιν.
688 2256 761 2309 Οὐ
790 2256 901 2326 γὰρ
921 2255 981 2308 τὸ
1007 2254 1204 2326 μέτρον
1232 2254 1343 2308 τῶν
1366 2254 1684 2324 διδομένων,

136 2347 228 2400 ἀλλ’
253 2348 417 2417 ἡ’(ν91)
466 2347 581 2400 τῶν
607 2347 960 2417 παρεχόντων
990 2345 1282 2417 περιουσία
1304 2346 1532 2415 τοιαύτη
1567 2346 1689 2419 κρί-

137 2446 276 2492 νεται.
304 2440 390 2491 Διὸ
420 2441 518 2493 καὶ
549 2442 583 2509 ἡ
612 2438 681 2493 τὰ
718 2439 813 2491 δύο
841 2437 1018 2491 λεπτὰ
1054 2436 1450 2506 εἰσαγαγοῦσα,
1478 2438 1689 2502 πάντας

137 2532 496 2605 ὁπερηκόντισε
522 2532 652 2595 τοὺς
688 2531 861 2584 πολλὰ
892 2530 1324 2600 προσοίσανταςο
1358 2530 1407 2582 οἱ
1440 2516 1539 2600 μὲν
1571 2530 1681 2601 γὰρ

136 2624 272 2693 μέρος
306 2624 715 2695 προσήνεγκαν,
742 2624 776 2691 ἡ
814 2622 872 2676 δὲ
902 2622 1085 2675 πᾶσαν
1114 2622 1284 2691 αὐτῆς
1310 2620 1410 2692 τὴν
1445 2621 1681 2675 ὑπόστα-

136 2732 203 2766 σιν
221 2716 537 2786 ἁφιέρωςεν.

1704 680 1753 737 Δ

2257 674 2485 729 CXVIII.
2519 706 2591 715 —
2618 674 2889 730 ALYPIO.

1781 763 1850 818 In
1882 762 2038 829 illud,
2104 782 2123 816 ι
2159 763 2231 818 Et
2278 765 2524 833 poculum
2593 780 2744 834 aqua:
2776 766 2985 836 frigida:
3016 767 3142 821 dare
3170 767 3309 823 ".".
3347 787 3366 820 ι

1855 870 2071 932 Videris
2113 877 2243 933 mihi
2281 888 2337 931 et
2372 878 2602 948 tcipsum
2653 879 2909 949 decipere
2942 878 3107 949 (quod
3150 881 3369 951 quidem

1782 977 1865 1024 est
1890 968 2235 1037 facillimum)
2262 980 2315 1024 et
2342 984 2530 1025 sacras
2564 969 2880 1041 Scripturas
2909 970 3045 1025 falso
3078 987 3142 1026 ac
3179 987 3371 1041 perpe-

1782 1078 1900 1117 ram
1923 1061 2442 1131 interpretari.Nam
2478 1063 2631 1127 illud,
2675 1084 2693 1115 ι
2722 1063 2851 1119 dare
2884 1063 3133 1132 poculum
3170 1066 3369 1138 (aquae)

1784 1151 2019 1223 frigidae,
2056 1171 2075 1204 ο
2103 1154 2171 1206 ad
2205 1166 2301 1207 eos
2338 1152 2429 1220 qui
2458 1152 2509 1207 id
2539 1153 2709 1208 solum
2739 1154 2958 1219 habent,
3000 1166 3225 1224 spectat,
3266 1173 3369 1211 nou

1785 1246 1852 1298 ad
1901 1258 1996 1299 eos
2045 1243 2139 1313 qui
2184 1244 2393 1299 divitiis
2442 1244 2740 1309 luxuriant,
2784 1248 2874 1315 qui
2924 1247 3108 1300 vinum
3156 1262 3371 1318 quoque

1784 1334 2056 1389 modicum
2086 1333 2332 1404 prtebere
2366 1344 2594 1404 possunt
2621 1336 2712 1401 iis,
2741 1337 2831 1405 qui
2863 1351 2891 1389 a
2927 1335 3071 1391 fame
3096 1346 3152 1392 et
3182 1337 3371 1393 morbo

1788 1426 2173 1495 nuditateque,
2208 1426 2358 1481 velut
2391 1427 3016 1497 bostibusquibusdam,
3049 1429 3372 1484 obsidentur

1784 1529 1840 1573 et
1873 1530 2277 1589 oppugnantur.
2309 1518 2496 1589 Neque
2527 1535 2659 1575 vero
2684 1521 2871 1575 mirari
2904 1522 3091 1587 debes,
3127 1524 3175 1579 si
3200 1524 3368 1581 etiam

1786 1611 1855 1673 is,
1887 1613 1976 1681 qui
2018 1627 2217 1681 aquam
2242 1615 2486 1681 exhibet,
2520 1632 2627 1671 non
2673 1616 2791 1672 sine
2825 1619 3055 1688 praemio
3090 1617 3143 1672 id
3179 1618 3367 1673 faciat.

1786 1704 1904 1761 Non
1935 1706 2081 1761 enim
2126 1707 2197 1762 ab
2236 1708 2351 1776 ipsa
2384 1709 2623 1764 dationis
2665 1711 3039 1781 magnitudine
3068 1712 3152 1768 vel
3188 1711 3369 1782 parvi-

1787 1808 1920 1863 tate,
1948 1799 2043 1854 sed
2065 1813 2131 1854 ex
2157 1800 2324 1855 animi
2357 1802 2641 1871 proposito
2666 1801 3012 1874 elecmosyna
3044 1804 3369 1868 aestimatur,

1785 1892 2224 1963 quandoquidem
2274 1894 2439 1950 etiam
2495 1909 2677 1950 sermo
2724 1896 3116 1967 approbatione
3175 1896 3370 1966 dignus

1787 1993 2063 2040 censetur.
2114 2003 2134 2036 ι
2162 1984 2304 2041 Ecce
2351 1986 2520 2052 enim,
2572 1987 2771 2057 inquit,
2822 2002 3003 2042 sermo
3051 1987 3245 2042 melior
3287 1996 3371 2041 est

1792 2078 1936 2133 dono
1960 2077 2026 2132 ⁸⁸.
2057 2096 2078 2131 ι
2113 2078 2221 2133 Sed
2254 2088 2310 2133 et
2338 2078 2442 2133 hoc
2470 2080 2673 2134 dictum
2696 2089 2777 2133 est
2809 2097 2823 2133 :
2862 2098 2879 2130 ι
2912 2077 3153 2147 Utraque
3185 2090 3366 2134 autem

1789 2178 1917 2226 sunt
1953 2185 2122 2241 penes
2168 2171 2343 2225 virum
2376 2171 2470 2241 qui
2497 2171 2663 2241 pollet
2683 2168 2939 2239 gratia":
2966 2190 2982 2221 ι
3012 2172 3267 2224 nimirum
3302 2171 3369 2224 il-

1791 2262 1927 2328 lum,
1979 2263 2070 2330 qui
2112 2270 2169 2317 et
2204 2263 2337 2317 dare
2391 2270 2591 2333 potest.
2663 2263 2798 2318 Nam
2844 2262 2889 2318 si
2953 2273 3159 2317 tantum
3199 2271 3281 2317 est
3320 2265 3372 2317 id

1793 2354 1939 2423 quod
1996 2355 2192 2419 datur,
2254 2362 2457 2423 quanta
2504 2353 2660 2423 copia
2714 2353 2992 2425 (dantis),
3044 2365 3155 2407 tum
3197 2353 3364 2407 etiam

1792 2442 1960 2497 animi
1996 2443 2286 2512 propensio
2321 2452 2381 2498 et
2430 2442 2683 2498 voluntas
2731 2441 2847 2509 ejus
2886 2443 3171 2511 quaeritur.
3217 2442 3370 2496 Multi

1787 2535 1934 2589 enim
1977 2536 2345 2604 reperiuntur,
2378 2535 2472 2604 qui
2502 2535 2569 2589 de
2602 2551 2793 2604 magna
2830 2537 2986 2603 copia
3013 2535 3142 2588 dant
3167 2546 3370 2603 pauca;

1787 2632 1842 2677 et
1866 2633 2059 2678 contra
2112 2624 2273 2678 multi
2306 2627 2372 2677 de
2402 2624 2616 2693 exiguis
2643 2624 2993 2679 facultatibus
3022 2626 3150 2678 dant
3182 2622 3370 2677 multa.

1788 2712 1972 2783 Neque
1996 2713 2140 2768 enim
2175 2722 2281 2767 tam
2310 2726 2562 2767 mensura
2594 2713 2707 2767 sive
2736 2715 3011 2782 quantitas
3042 2727 3229 2768 eorum
3253 2728 3374 2781 qua:

132 2807 313 2871 dantur,
355 2823 524 2879 quam
571 2808 816 2862 dantium
855 2806 1141 2861 facultates
1191 2809 1270 2877 (et
1310 2805 1549 2876 animus)
1592 2807 1910 2872 attenditur,
1945 2817 1997 2863 et
2069 2808 2197 2863 inde
2254 2807 2517 2877 judicium
2582 2808 2833 2863 sumitur.
2869 2808 3000 2873 Qua:
3072 2821 3235 2863 causa
3268 2819 3373 2870 est,

132 2916 212 2953 cur
236 2902 381 2956 vidua
405 2915 629 2972 quoque
659 2902 750 2955 illa
772 2901 840 2961 ²⁰,
874 2915 995 2970 quae
1017 2903 1131 2954 duo
1153 2901 1361 2953 minuta
1394 2898 1676 2971 iutuiit(in
1716 2900 2208 2972 gazophylacium),
2244 2913 2434 2953 omnes
2481 2899 2648 2954 etiam
2689 2899 2780 2967 qui
2812 2899 2979 2953 multa
3050 2899 3373 2963 oll‘erebaut,

134 2990 265 3061 longo
300 2993 591 3047 intervallo
642 3002 763 3061 post
799 3007 859 3047 se
896 2993 1139 3060 reliquit.
1174 2991 1248 3045 illi
1280 3005 1518 3062 namque
1560 2993 1881 3063 particulam
1922 2994 2193 3047 duntaxat
2226 2992 2470 3062 (suorum
2533 2993 2823 3063 bonorum)
2878 2991 3217 3059 oli‘ereba'nt;
3261 2994 3374 3061 ipsa

131 3099 235 3138 vero
261 3101 471 3141 omnem
514 3102 669 3140 suam
698 3086 1058 3140 substantiam
1102 3084 1392 3139 dedicavit.

627 3177 773 3231 PIG’.
808 3209 879 3218 —
909 3178 1144 3231 ΗΡΩΝΙ.

2278 3176 2466 3232 CXIX.
2498 3208 2569 3217 —
2599 3175 2883 3232 HERONI.

134 3265 227 3340 Τῆς
268 3267 638 3337 Ἐπιστολῆς
664 3268 909 3337 Πέτρου.
931 3268 1050 3340 ῨΔιὰ
1073 3270 1130 3322 τί
1167 3267 1309 3340 τοὺς
1347 3268 1571 3337 ἄνδρας
1606 3268 1685 3334 ὡς

1797 3268 1879 3325 Ea:
1908 3248 2149 3340 Epistola
2212 3272 2379 3326 Petri.
2428 3268 2605 3335 Quare
2653 3269 2842 3324 Petrus
2876 3270 3012 3323 viras
3049 3270 3231 3337 jubeat
3262 3286 3376 3321 mu-

180 3339 582 3408 ἀσθενεστέρῳ
624 3341 831 3393 σκεύει
880 3339 961 3405 τῷ
993 3339 1318 3408 γυναικείῳ
1336 3341 1573 3394 κελεύει
1606 3357 1686 3393 τι-

181 3407 289 3475 μὴν
313 3407 664 3479 ἀπονέμειν.

178 3521 235 3574 Εί
264 3523 354 3577 καὶ
382 3523 570 3594 τίμιός
602 3525 751 3576 ἐστιν
774 3524 805 3575 ὁ
853 3523 1053 3593 γάμος,
1082 3522 1178 3575 καὶ
1198 3522 1424 3592 ἔννομος
1461 3523 1495 3593 ἡ
1530 3521 1683 3593 εὐνὴ,

123 3613 216 3666 ἀλλ’
241 3616 334 3668 οὐκ
362 3618 453 3670 ἀεὶ
492 3617 634 3687 αὐτῇ
660 3614 1025 3687 ὲπιπηδητέον
1042 3630 1055 3644 ο
1083 3612 1225 3667 ἀλλὰ
1264 3614 1492 3686 καιρούς
1531 3630 1686 3677 τινας

124 3708 439 3778 σχολαστέον,
468 3711 567 3764 καὶ
596 3708 1030 3780 παραχωρητέον
1054 3710 1120 3780 τῇ
1150 3708 1331 3777 φύσει,
1360 3708 1466 3771 ἓως
1487 3708 1556 3761 ἂν
1588 3725 1687 3760 κα-

123 3800 244 3871 θαρὰ
266 3803 422 3873 μένῃ,
457 3803 557 3855 καὶ
581 3800 865 3871 ἐπιτηδεία
901 3800 1040 3871 πρὸς
1067 3800 1409 3853 παιδοποιίαν
1436 3800 1683 3870 γένηται.

119 3892 212 3947 Καὶ
240 3892 394 3947 τοῦτο
430 3895 537 3965 μὲν
565 3895 594 3946 ὁ
641 3893 806 3961 νόμος
834 3891 1143 3946 ἐθέσπισεν.
1201 3892 1268 3944 Ἦ
1294 3891 1352 3944 δὲ
1384 3891 1545 3962 χάρις
1590 3893 1686 3944 καὶ

118 3982 194 4035 διὰ
218 3984 312 4056 τὴν
350 3985 606 4054 ἁγνείαν,
642 3982 739 4038 καὶ
770 3983 873 4047 τὰς
912 3984 1157 4052 συνεχεῖς
1188 3981 1499 4052 προσευχὰς
1527 3980 1686 4034 τοῦτο

120 4075 339 4142 γίνεσθαι
368 4075 768 4130 συνεὸούλευσε
787 4090 802 4105 ο
828 4074 924 4128 καὶ
947 4073 1036 4127 διὰ
1059 4074 1157 4144 μὲν
1182 4072 1397 4126 Παύλου
1428 4074 1683 4141 λέγουσα⁶

121 4182 139 4214 t
170 4167 277 4220 Ἵνα
301 4167 611 4238 σχολάσητε
628 4169 696 4237 τῇ
720 4168 1000 4238 προσευχῇ
1017 4181 1031 4195 ⁸
1063 4183 1084 4218 ι
1113 4164 1203 4218 διὰ
1226 4165 1283 4218 δὲ
1307 4165 1515 4236 Πέτρου
1536 4162 1685 4217 τοῦθ’

116 4257 236 4326 ὅπερ
263 4258 460 4328 μαθεῖν
486 4258 783 4329 ἠθέλησας.
820 4258 1035 4327 Χρῆναι
1059 4257 1171 4327 γὰρ
1198 4255 1304 4326 ἔφη
1332 4257 1459 4319 τοὺς
1489 4253 1689 4325 ἄνδρας
1730 4256 1733 4257 ⁷

113 4349 176 4411 ὡς
222 4352 607 4423 ἀσθενεστέρῳ
666 4349 855 4404 σκεύει
908 4348 1001 4421 τῷ
1039 4347 1339 4418 γυναικείῳ
1392 4348 1688 4418 ἀπονέμειν

115 4445 280 4515 τιμήν.

435 4726 570 4781 PK'.
599 4757 665 4767 —-
701 4724 967 4793 ΙΣῘΔΩΡῼ
1005 4722 1372 4792 ΕΙῙΙΣΚΟΠῼ.

303 4820 416 4885 Εἰς
439 4818 540 4871 τό·
579 4833 599 4868 t
632 4816 700 4868 Εί
723 4814 1009 4877 δυνατὸν,
1042 4813 1111 4865 τὸ
1139 4811 1209 4876 ἐξ
1246 4807 1463 4880 ὑμῶν.»

169 4982 231 5037 Et
256 4982 355 5035 καὶ
401 4977 682 5052 μηδεμίαν
719 4975 813 5030 τὸν
856 4972 1123 5044 ὑϐριστὴν
1151 4973 1182 5027 ὁ
1218 4970 1549 5043 λοιδορηθεὶς
1587 4968 1688 5038 τῆς

1858 3343 2106 3405 lieribus,
2156 3354 2409 3411 tanquam
2463 3342 2749 3409 inﬁrmiori
2800 3342 2940 3404 vasi,
2984 3344 3233 3393 honorent
3280 3343 3376 3392 tri-

1859 3417 2015 3467 buere
2039 3414 2108 3468 ¹¹.

1857 3523 2178 3592 Quanquam
2213 3520 2531 3578 venerabile
2575 3530 2659 3577 est
2712 3520 3047 3591 coniugium,
3096 3533 3153 3576 et
3186 3521 3368 3592 legiti-

1787 3628 1933 3668 mum
1981 3614 2191 3678 cubile,
2237 3623 2415 3669 tamen
2467 3628 2576 3667 non
2631 3628 2849 3681 semper
2900 3622 2956 3667 et
3002 3613 3203 3682 passim
3257 3614 3378 3668 sine

1786 3707 1984 3761 dilectu
2044 3707 2096 3760 in
2142 3706 2496 3761 concubitum
2543 3705 2892 3760 insiliendum
2943 3714 3048 3771 est,
3104 3705 3200 3760 sed
3250 3716 3379 3761 sunt

1788 3807 2028 3867 tempora
2084 3798 2354 3867 quaedam,
2407 3797 2608 3867 quibus
2658 3797 2994 3866 temporibus
3048 3807 3299 3867 oporteat
3346 3814 3377 3852 a

1787 3888 1931 3942 coitu
1962 3888 2261 3952 abstinere,
2299 3899 2354 3943 et
2385 3886 2794 3943 concedendum
2838 3896 3068 3954 naturae,
3106 3889 3279 3944 donec
3308 3889 3378 3943 sit

1785 3993 1943 4048 pura,
1977 3990 2033 4033 et
2061 3990 2183 4049 apta
2217 3981 2309 4033 liat
2349 3981 2416 4033 ad
2445 3980 2742 4035 liberorum
2772 3989 3239 4049 procreationem.
3271 3982 3375 4035 At-

1786 4084 1891 4140 que
1936 4071 2040 4125 hoc
2084 4072 2304 4140 quidem
2359 4072 2446 4126 lex
2501 4072 2574 4125 ita
2630 4071 2886 4127 sancivit.
2948 4072 3136 4127 Gratia
3194 4081 3375 4128 autem

1788 4162 2110 4234 (Evangelii)
2144 4164 2310 4219 etiam
2351 4163 2532 4218 studio
2561 4165 2850 4229 castitatis,
2893 4171 2951 4219 et
2980 4172 3203 4233 propter
3239 4179 3376 4217 con-

1787 4257 1968 4310 tinuas
1993 4268 2184 4325 preces
2220 4255 2273 4309 id
2302 4255 2417 4311 lieri
2452 4258 2741 4321 consuluit,
2764 4273 2877 4329 per
2900 4256 3127 4314 Pauium
3157 4256 3377 4321 quidem

1789 4348 2019 4402 dicens:
2050 4364 2071 4397 ι
2105 4346 2174 4401 Ut
2202 4348 2408 4403 vacetis
2441 4350 2778 4417 orationi“;
2810 4368 2828 4400 ι
2867 4365 2963 4421 per
2998 4351 3213 4405 Petrum
3242 4365 3373 4406 veto

1789 4440 1843 4493 id
1874 4439 2017 4508 quod
2060 4439 2272 4494 discere
2306 4438 2541 4496 voluisti.
2579 4441 2845 4511 Oportere
2873 4443 3018 4495 enim
3048 4442 3184 4496 dixit
3222 4443 3372 4497 viros

1790 4530 1944 4597 quasi
2003 4528 2291 4585 inﬁrmiori
2344 4530 2567 4587 vasculo
2627 4532 2877 4588 muliebri
2935 4532 3209 4604 impertiri
3278 4535 3376 4589 Ιιοο

1720 4608 1765 4664 ι)
1796 4635 2003 4676 norem.

2101 4712 2266 4768 CXX.
2298 4744 2367 4754 --
2396 4714 2671 4771 [SIDORO
2711 4715 3065 4773 EPISCOPO.

1794 4804 1860 4859 In
1920 4806 2054 4859 illud
2109 4806 2315 4862 (Pauli
2358 4809 2651 4879 .dictum),
2715 4827 2733 4859 ι
2783 4809 3051 4874 Quantum
3115 4811 3170 4863 in
3238 4812 3378 4865 vobis

2386 4889 2461 4930 est
2486 4880 2556 4942 ³³,
2602 4897 2623 4930 ι
2672 4889 2777 4933 etc.

1869 4966 1982 5023 Etsi
2016 4968 2062 5023 is
2087 4969 2178 5038 qui
2224 4969 2473 5024 convicio
2518 4968 2741 5027 allectus
2768 4980 2870 5036 est,
2916 4972 3116 5027 nullam
3152 4973 3204 5026 in
3230 4973 3375 5043 judi-

167 5139 281 5192 “."
306 5136 508 5192 Matth.
550 5151 605 5200 x,
643 5132 733 5188 42.
784 5127 1027 5201 "‘Eccli.
1052 5142 1212 5194 svnt,
1250 5126 1336 5182 16.
1403 5126 1446 5157 ¹⁹
1477 5124 1609 5181 ibid.
1635 5124 1723 5179 l7.
1768 5123 1816 5155 ¹⁰
1838 5122 2009 5180 Marc.
2040 5137 2141 5191 xu,
2171 5121 2365 5177 42-44.
2419 5124 2461 5154 ²¹
2491 5122 2677 5181 lPetr.
2706 5125 2850 5193 111,7.
2916 5128 2961 5158 ²’
2986 5126 3005 5181 l
3032 5126 3160 5182 Cor.
3203 5143 3299 5193 vn,
3327 5127 3381 5182 5.

108 5207 148 5239 ”
178 5208 333 5263 Rom.
367 5224 475 5277 xu,
504 5206 593 5261 l8.

1209 5349 1450 5409 VARUE
1488 5347 1874 5406 LECTIONES
1917 5348 2005 5404 ΕΤ
2035 5347 2269 5405 ΝΟΤΙΕ.

172 5520 282 5593 (88)
331 5518 481 5593 Cod.
536 5514 871 5593 Vatic.__650
931 5510 1136 5593 omittit
1182 5509 1298 5593 διαί.
1345 5507 1513 5593 Vers'.‘
1564 5506 1690 5562 inde

106 5590 156 5655 2,
180 5578 306 5655 post
348 5591 600 5661 ἔχοντας-
624 5586 777 5661 addit
808 5583 1013 5661 refoti
1064 5581 1429 5661 stapéxovrag:
1474 5578 1686 5661 Possis.

168 5649 279 5732 (89)
326 5649 441 5732 Ρέξ)
490 5657 601 5732 αλλ’
636 5659 686 5710 εἰ
737 5657 833 5732 κα).
862 5654 1078 5732 είρηται
1135 5649 1444 5732 idem-cod.
1487 5649 1692 5732 scribit

108 5719 215 5784 ἀλλ’
245 5719 296 5785 ei
332 5731 436 5784 καὶ
477 5729 698 5798 εὓρηται
731 5726 821 5780 ubi
868 5719 1411 5798 vi'détur_abuttdare
1452 5719 1689 5775 alterum

105 5804 153 5857 ti
181 5801 336 5859 Vcrs.
372 5816 500 5869 seq.
534 5789 709 5868 τούτῳ
744 5804 917 5851 mutat
950 5794 1003 5847 iu
1030 5791 1207 5845 τοῦτο.
1240 5789 1316 5844 in.

390 5897 671 5957 ΡΑτιιοι..
713 5893 831 5954 Gn.
862 5888 1181 5952 LXXVIII.

1870 5503 1983 5577 (90)
2011 5503 2120 5577 Pro
2146 5505 2195 5557 εί
2218 5504 2330 5577 γάρ
2361 5504 2505 5577 idem
2535 5503 2665 5576 legit
2694 5506 2755 5558 οὐ
2783 5507 2913 5577 γάρ.
2948 5507 3023 5561 In.

1873 5575 2001 5665 ἔξω,
2019 5574 2547 5665 ἓνο-Ῠὲλζζίὲψίνῗξη
2567 5574 2747 5665 ,ξιιμ
2766 5574 2964 5665 “ﬁt?!
2998 5577 3135 5632 ἀλλά
3189 5581 3277 5665 Ti.
3329 5588 3385 5665 οι

1798 5645 1951 5720 νεεδ.
1981 5661 2226 5720 seq.__pro
2251 5645 2541 5720 περιουσία
2561 5645 2787 5720 τοιαύτη
2816 5650 2970 5720 ponit
2992 5645 3280 5720 περιουσίᾳ
3313 5654 3383 5703 τὰ

1798 5716 2057 5791 τοιαῦτα⁶
2088 5715 2243 5791 vers.
2269 5715 2389 5789 pust
2410 5715 2465 5782 2,
2492 5731 2591 5787 pro
2616 5715 2988 5787 εἰσαγαγοῦσα
3022 5715 3183 5776 habet
3206 5715 3377 5791 προσ-

1802 5788 2106 5858 αγαγοῦσα.
2138 5787 2216 5842 In.
