3886 6420
520 342 658 409 1195

1746 336 1807 394 S.
1850 330 2143 393 ISIDORI
2180 328 2621 415 ‘PELUSIOTE

3592 323 3693 390 1396

515 455 606 511 cio
635 453 898 509 adversus
929 449 1361 506 conviciatorem
1403 445 1640 503 instituit
1664 448 1933 502 actionem
1967 460 2094 515 pro-
2121 501 2126 512 ι

2210 445 2406 514 τόλμης
2458 444 2517 495 ἐν
2557 439 2893 510 δικαστηρίῳ
2946 438 3034 492 διά
3082 437 3146 491 τὸ
3199 435 3389 489 οἰκεῖον
3439 435 3696 509 ἐπάγγελμα

519 557 641 616 pter
705 560 863 600 suum
935 541 1265 613 promissqu
1319 540 1592 609 (stitisset
1651 538 1798 593 enim
1854 537 2095 605 alioquin

521 638 721 706 ipsum,
763 649 952 704 pcenas
995 648 1207 699 eorum,
1258 647 1377 701 qu:e
1425 628 1752 700 designavit,
1794 628 2100 697 persolutu-

520 742 640 778 rum
672 725 726 796 ),
756 735 935 779 tamen
975 723 1154 778 adhuc
1192 725 1414 778 auribus
1445 721 1610 794 479
1638 721 1752 776 suis
1784 722 2099 776 insonantes

523 816 684 869 habet
746 814 1125 869 contumelias.
1173 814 1437 879 Quoniam
1491 813 1657 881 igitur
1700 825 1911 880 aequum
1974 820 2097 870 est,

521 907 695 975 ipsum
749 905 931 959 sanari
971 923 984 958 :
1018 904 1156 958 alius
1210 905 1401 957 harum
1460 901 1803 957 aliectionum
1865 916 1969 955 non
2018 910 2103 954 est

522 997 787 1059 medicus,
816 1002 1015 1065 praeter
1049 995 1225 1063 ipsum
1259 994 1350 1062 qui
1381 992 1592 1063 plagam
1624 991 1825 1057 intulit,
1856 989 1900 1044 si
1936 990 1980 1046 is
2015 989 2101 1043 via

523 1088 719 1143 delicet
758 1102 816 1141 se
846 1094 1003 1156 paret
1031 1085 1096 1138 ad
1130 1083 1504 1138 excusandum
1536 1098 1595 1138 se
1622 1083 1772 1137 lmso.

831 1196 1016 1252 CXXI.
1044 1226 1114 1237 --
1144 1194 1441 1252 CASIANO
1481 1194 1801 1251 DIACONO.

594 1315 917 1381 Quanquam
955 1310 1289 1380 evangelicae
1324 1309 1658 1364 narrationis
1692 1322 1872 1363 sermo
1906 1307 1979 1361 ita
2010 1307 2103 1362 de-

522 1405 694 1475 pingit
728 1403 990 1456 Lazarum
1016 1402 1085 1465 ἰ,
1120 1410 1178 1455 ut
1220 1400 1313 1469 qui
1352 1402 1420 1455 ad
1459 1406 1762 1455 extremam
1795 1397 2103 1468 pervenerit

525 1494 796 1549 miseriam
830 1510 843 1545 :
879 1501 1059 1546 tamen
1104 1504 1168 1545 ea
1212 1489 1501 1544 calamitas
1534 1489 1637 1558 ipsi
1676 1487 1955 1544 felicitatis
1984 1486 2103 1540 fun-

525 1588 837 1639 damentum
872 1582 1084 1637 exstitit
1129 1582 1428 1635 maximum
1474 1595 1537 1635 ac
1565 1579 1934 1635 verissimum.
1984 1575 2100 1632 Nisi

525 1676 671 1730 enim
715 1675 783 1729 ad
823 1682 1028 1728 tantam
1061 1672 1275 1727 delatus
1318 1679 1464 1727 esset
1498 1671 1797 1734 miseriam,
1827 1682 2100 1738 nunquam

526 1769 593 1822 ad
640 1777 848 1822 tantum
886 1767 1070 1837 gloriae
1112 1767 1328 1821 culmen
1368 1764 1719 1820 ascendisset.
1748 1762 1887 1831 Quid
1927 1763 2099 1827 enim,
2133 1793 2176 1849 Β

524 1872 736 1927 quaeso,
775 1856 1063 1927 gloriosius
1098 1870 1219 1911 esse
1245 1864 1420 1925 potest
1455 1854 1539 1925 (ut
1568 1869 1712 1909 nunc
1739 1854 1986 1908 omittam
2019 1852 2104 1927 al-

528 1948 697 2002 terius
728 1947 854 2000 vitae
892 1945 1137 2015 praemia)
1169 1959 1331 2014 quam
1372 1945 1425 1999 in
1460 1942 1769 2015 Evangeliis
1812 1943 2102 2011 celebrari,

527 2049 583 2093 et
610 2038 777 2092 Deum
817 2038 1177 2103 laudatorem,
1207 2045 1263 2092 et
1300 2035 1667 2092 Abrahamum
1701 2037 1979 2106 accepisse
2008 2052 2104 2107 pa-

532 2141 744 2187 tronum
762 2130 785 2184 Ἰ

845 2242 1059 2299 CXXII.
1090 2273 1162 2283 —
1192 2241 1423 2299 HELIA".
1460 2240 1781 2298 DIACONO.

528 2334 597 2391 In
646 2338 780 2390 itlud
876 2335 1071 2391 Christi
1134 2336 1367 2403 dictum,
1426 2354 1445 2388 ι
1479 2337 1789 2407 Quicunque
1843 2337 2106 2405 aspexerit

598 2409 868 2532 magiae":
925 2409 995 2461 ad
1042 2407 1544 2477 concupiscendum,
1612 2407 1730 2476 jam
1782 2407 2106 2460 adulteravit

602 2587 660 2643 Si
694 2588 911 2657 quidem
942 2586 1207 2643 vestibula
1245 2595 1478 2651 tantum,
1519 2600 1627 2641 non
1659 2586 1824 2642 etiam
1858 2595 2107 2656 penetra-

523 2677 605 2732 lia
646 2676 940 2746 attingeret
983 2679 1481 2747 inquinamentum,
1512 2677 1760 2731 fortassis
1801 2685 1995 2731 sanatu
2027 2675 2106 2730 fa-

532 2768 654 2826 cilis
688 2777 833 2825 esset
880 2767 1117 2823 aﬂectio.
1152 2768 1248 2823 Sin
1295 2782 1475 2823 autem
1529 2769 1699 2837 ipsam
1733 2769 1954 2839 attingit
1996 2770 2108 2822 ani-

535 2874 703 2926 mam,
733 2874 798 2914 ne
831 2857 1119 2928 quisquam
1163 2858 1401 2927 seipsum
1433 2857 1686 2925 decipiat.
1726 2855 1880 2923 Quod
1915 2856 1959 2910 si
1983 2858 2108 2925 quis

530 2950 784 3005 homines
834 2949 1142 3018 decipiens,
1190 2949 1375 3002 dicat:
1412 2965 1431 2998 ι
1463 2945 1633 3001 Nemo
1690 2955 2013 3007 coronatur,
2062 2945 2108 2997 si

536 3059 642 3097 non
679 3041 916 3111 legitime
944 3038 1333 3106 certaverit“;
1367 3056 1386 3090 ι
1422 3038 1722 3106 legitimum
1767 3050 1889 3090 esse
1921 3034 2109 3090 existi-

2202 536 2480 607 ἐγράψατο
2520 531 2737 603 γραφὴν
2875 528 2985 598 γὰρ
3023 528 3087 582 ἂν
3132 526 3457 597 παρέστησεν
3488 526 3618 578 αὑτὸν
3642 529 3699 580 δί-

2202 646 2305 691 κας
2348 621 2423 680 ὧν
2460 627 2686 696 ἔδρασεν
2734 620 3308 693 ἀπαιτηθησόμενον),
3338 618 3441 669 ἀλλ’
3470 614 3547 670 σῦν
3568 636 3619 682 γε
3641 620 3701 669 ἔτι

2202 718 2457 780 ἐναύλους
2500 715 2612 787 ἔχει
2655 712 2754 776 τὰς
2796 711 3004 781 ὕϐρεις.
3064 709 3217 761 Ἐπεὶ
3257 703 3347 760 οὖν
3383 706 3560 759 δίκαιον
3579 708 3702 759 αὐτὸν

2203 809 2639 881 θεραπευθῆναι,
2674 805 2834 867 ἄλλος
2865 802 2975 873 (92)
3014 802 3199 871 ίατρὸς
3240 799 3340 852 οὐκ
3368 799 3470 850 ἔστι
3506 797 3594 850 τῶν
3624 816 3707 849 τοι-

2202 903 2377 957 ούτων
2423 900 2635 963 παθῶν,
2678 894 2812 966 οἷος,
2853 898 2887 968 ἢ
2937 897 3013 959 ὡς
3049 897 3077 949 ὁ
3129 892 3337 962 πλήξας
3365 890 3525 953 αὐτὸς,
3568 907 3705 959 παρα-

2206 992 2488 1046 σκευάσων
2516 991 2630 1062 (93)
2652 989 2817 1043 αὐτὸν
2847 982 3300 1057 ἀπολογήσασθαι
3325 980 3511 1051 τάνδρί.

2512 1190 2691 1243 ΡΚΑ’.
2726 1219 2789 1227 -
2822 1186 3128 1256 ΚΑΣΙΑΝῼ
3161 1181 3473 1253 AIAKoNu.

2274 1305 2337 1357 Ei
2378 1303 2473 1357 καὶ
2511 1303 2696 1373 πάσης
2727 1301 2807 1364 είς
2839 1300 3010 1371 ἄκρον
3040 1300 3245 1369 ἥκοντα
3270 1294 3612 1365 ’ταλαιπωρίας
3641 1295 3710 1350 τὸν

2203 1396 2453 1468 Λάζαρον
2492 1396 2521 1448 ὁ
2563 1397 2662 1464 τῆς
2703 1389 3065 1461 εὑαγγελικῆς
3114 1388 3414 1457 διηγήσεως
3459 1386 3711 1458 ὑπογράφει

2204 1487 2379 1556 λόγος,
2431 1485 2548 1540 ἀλλ’
2602 1482 2910 1553 εὐπραγίας
2955 1479 3106 1551 αὐτῷ
3138 1478 3391 1541 ὑπόθεσις
3422 1478 3616 1547 μεγίστη
3642 1479 3713 1530 καί

2203 1577 2460 1647 ἀληθείας
2507 1574 2730 1644 γέγονεν
2777 1574 2811 1643 ἡ
2872 1569 3147 1641 συμφορά.
3190 1567 3255 1620 Εἰ
3292 1566 3365 1637 μὴ
3399 1566 3497 1636 γὰρ
3536 1567 3601 1630 εἰς
3629 1566 3714 1633 (94)

2201 1672 2454 1725 τοσοῦτον
2479 1664 2820 1736 δυσπραγίας
2854 1664 3073 1733 ἀφῖκτο,
3125 1661 3226 1713 οὐκ
3265 1659 3332 1712 ἂν
3357 1658 3481 1727 πρὸς
3516 1656 3715 1709 τοσοῦτον

2204 1761 2456 1824 εὐκλείας
2482 1758 2672 1826 ἀνέὂη.
2707 1756 2772 1809 Τί
2798 1756 2908 1827 γὰρ
2928 1752 3315 1823 εὐκλεέστερον
3345 1750 3460 1819 (ἵνα
3486 1746 3621 1819 παρῶ
3643 1748 3716 1809 τὰς

2205 1856 2385 1909 ἐκεῖσε
2430 1850 2687 1925 ἀμοιϐὰς)
2732 1852 2828 1903 τοῦ
2861 1850 2922 1901 ὲν
2956 1845 3313 1915 Εὐαγγελίοις
3342 1842 3613 1913 ὑμνεῖσθαι,
3646 1841 3717 1892 καὶ

2204 1950 2298 2003 τὸν
2327 1947 2460 2001 Θεὸν
2506 1943 2819 2014 ἐπαινέτην,
2867 1941 2965 1996 καὶ
3017 1943 3110 1993 τὸν
3179 1936 3427 2007 Ἀϐραὰμ
3477 1932 3717 2004 κεκτῆσθαι

2208 2040 2509 2110 συνήγορον
2530 2056 2544 2105 ;

2580 2238 2757 2294 ΡΚΒ’.
2793 2267 2859 2278 --
2889 2237 3056 2307 ΗΛῘᾼ
3091 2235 3410 2306 ΔῐΑΚΟΝῼ.

2209 2334 2307 2399 ςίς
2327 2333 2399 2387 τό
2416 2348 2429 2361 ·
2479 2352 2498 2385 ι
2538 2331 2664 2397 Πᾶς
2696 2336 2729 2385 ό
2769 2330 3021 2394 βλέπων
3053 2327 3315 2399 γυναῖκα
3364 2323 3504 2399 πρὸς
3545 2322 3605 2377 τὸ
3626 2321 3721 2375 ἐπι-

2419 2403 2707 2473 θυμῆσαι,
2740 2400 2856 2470 ἤδη
2892 2397 3253 2470 ἐμοίχευσεν
3286 2397 3489 2462 αὐτὴν.
3522 2413 3540 2446 ι

2279 2588 2342 2640 Εἰ
2377 2586 2477 2655 μὲν
2506 2585 2614 2638 τῶν
2640 2583 2997 2655 προπυλαίων
3035 2582 3236 2652 μόνων,
3272 2581 3369 2635 καὶ
3412 2581 3481 2651 μὴ
3508 2579 3600 2632 τῶν
3626 2578 3724 2632 d85-

2206 2697 2315 2732 των
2344 2680 2548 2747 ἥπτετο
2592 2678 2620 2730 ὀ
2652 2676 2947 2747 μολυσμὸς,
2996 2674 3129 2737 ἴσως
3158 2676 3375 2727 εὐΐατον
3402 2668 3466 2743 ἦν
3492 2673 3546 2724 τὸ
3573 2670 3719 2731 πάθος.

2208 2771 2271 2824 Εί
2328 2770 2385 2823 δὲ
2435 2769 2606 2839 αὐτῆς
2635 2767 2978 2821 καθάπτεται
3022 2767 3125 2837 τῆς
3165 2765 3371 2835 ψυχῆς,
3426 2764 3494 2834 μὴ
3542 2763 3724 2821 ἕκαστος

2209 2862 2399 2915 ἑαυτὸν
2447 2857 2916 2932 παραλογιζὲσθω.
2969 2860 3033 2911 El
3072 2857 3128 2910 δὲ
3167 2858 3305 2927 φαίη
3337 2874 3418 2919 τις
3464 2850 3725 2923 ἀνθρώπους

2209 2952 2471 3018 ἀπατῶν,
2531 2969 2550 3002 ι
2611 2950 2801 3015 Οὐδεὶς
2853 2948 3252 3018 στεφανοῦται,
3307 2948 3355 2999 εί
3419 2944 3488 3017 μὴ
3534 2943 3727 3013 νομίμως

2210 3043 2458 3114 ἀθλήσει,
2503 3059 2521 3092 s
2560 3039 2793 3109 νόμιμον
2839 3038 3019 3109 πάλην
3060 3033 3199 3089 εἶναι
3234 3035 3470 3106 νομίζων
3496 3034 3580 3102 τὴν
3614 3031 3725 3087 θέαν.

538 3148 690 3188 mans
738 3142 1018 3187 certamen
1062 3142 1336 3200 aspectum
1381 3129 1670 3200 (mulieris)
1710 3129 2000 3183 dummodo
2041 3129 2109 3182 ab

2212 3137 2261 3188 εί
2288 3134 2388 3205 τῆς
2419 3132 2672 3203 πράξεως
2708 3130 3022 3200 ἀπόσχοιτο,
3061 3127 3406 3200 μανθανέτω,
3430 3126 3505 3179 ὅτι
3527 3127 3552 3177 ὁ
3572 3125 3728 3190 ἀγωνο-

535 3222 747 3277 actione
794 3222 1014 3291 (turpi)
1067 3220 1391 3275 abstinuerit
1425 3237 1438 3273 :
1471 3219 1647 3274 discat
1697 3218 1873 3286 ipsum
1930 3217 2109 3287 hujus.

538 3313 681 3368 modi
732 3312 1095 3367 certaminum
1144 3310 1423 3380 prmsidem
1478 3324 1541 3363 ac
1575 3308 1813 3377 judicem
1856 3307 2105 3361 dixisse:

542 3422 563 3458 ι
598 3405 915 3472 Quicunque
966 3403 1240 3473 aspexerit
1286 3403 1567 3457 mulierem
1612 3402 1680 3455 ad
1726 3400 2112 3467 concupisoen-

537 3496 687 3561 dum;
712 3494 1175 3564 jamadulteravit
1209 3509 1331 3549 eam
1372 3494 1428 3548 in
1456 3493 1618 3548 corde
1651 3508 1769 3548 suo.
1801 3510 1820 3543 ι
1848 3491 2111 3561 Legitima

539 3588 703 3658 igitur
727 3587 872 3643 lucta
899 3598 1003 3653 est,
1029 3603 1138 3642 non
1160 3602 1223 3641 ea
1253 3602 1413 3655 quam
1442 3586 1543 3640 sibi
1571 3585 1721 3655 ﬁngit
1739 3584 2001 3654 cujusque
2022 3597 2112 3637 so-

539 3676 722 3730 cordia
768 3685 824 3731 et
863 3676 1158 3746 anticipata
1198 3677 1422 3745 Opinio,
1477 3677 1571 3730 sed
1612 3675 1702 3729 illa
1751 3675 1955 3745 potius,
1993 3688 2113 3743 quae

538 3767 607 3822 ab
628 3767 941 3837 incorrupto
969 3768 1060 3824 illo
1088 3766 1275 3837 judice
1314 3776 1400 3822 est
1428 3769 1750 3823 constituta.

740 3858 973 3918 CXXIII.
1025 3889 1075 3899 -
1104 3858 1382 3915 ISIDOBO
1418 3856 1901 3913 PRESBYTERO.

538 3947 606 4003 In
652 3949 811 4014 illud,
860 3968 880 4002 s
914 3951 980 4003 At
1028 3951 1138 4019 ipse
1180 3950 1357 4004 volens
1411 3950 1746 4018 semetipsum
1788 3948 2112 4018 justiﬁcare,

739 4020 872 4073 dixit
896 4035 915 4074 :
938 4019 1009 4083 (Et
1048 4021 1164 4090 quis
1193 4030 1270 4073 est
1300 4036 1445 4073 meus
1479 4021 1752 4089 proximus
1773 4019 1855 4072 ‘7?
1884 4037 1904 4070 ι

608 4130 841 4197 Qumris,
872 4130 1002 4200 quid
1030 4131 1133 4185 sibi
1165 4131 1294 4186 velit
1321 4131 1464 4200 quod
1493 4131 1545 4185 in
1577 4130 1882 4201 Evangeliis
1910 4130 2115 4185 dictum

544 4229 627 4275 est
655 4222 722 4276 de
744 4221 1090 4292 legisperito:
1119 4239 1138 4273 ι
1170 4220 1240 4275 At
1269 4222 1357 4276 ille
1378 4220 1566 4277 volens
1589 4222 1935 4290 semetipsum
1953 4221 2116 4289 justi-

542 4312 729 4375 iicare,
767 4312 902 4366 dixit
936 4328 951 4365 :
983 4312 1047 4366 Et
1099 4313 1222 4382 quis
1265 4321 1350 4367 est
1381 4327 1533 4367 meus
1580 4312 1899 4382 proximus?
1928 4331 1946 4363 ι
1977 4311 2118 4366 Audi

536 4414 686 4471 ergo.
741 4398 1110 4470 Legisperitus
1175 4400 1267 4455 ille
1316 4401 1623 4466 proximum
1680 4401 1943 4454 duntaxat
1998 4413 2118 4455 esse

2212 3228 2375 3298 θέτης
2399 3227 2493 3280 καὶ
2522 3226 2712 3295 κριτὴς
2742 3224 2850 3279 τῶν
2880 3223 3136 3276 τοιούτων
3168 3220 3552 3288 παλαισμάτων
3587 3211 3725 3268 εἶπεν·

2216 3333 2235 3366 ι
2302 3315 2361 3368 Ὀ
2410 3313 2622 3384 βλέπων
2686 3314 2922 3382 γυναῖκα
2977 3312 3113 3383 πρὸς
3160 3312 3222 3363 τὸ
3289 3308 3624 3379 ἐπιθυμῆσαι,
3655 3304 3730 3373 ἠδη

2212 3407 2533 3476 ἐμοίχευσεν
2568 3405 2736 3478 αὐτὴν
2780 3406 2840 3459 ὲν
2881 3408 2946 3476 τῇ
2997 3405 3194 3475 καρδία
3229 3402 3450 3457 ἑαυτοῦ.
3489 3419 3506 3451 s
3535 3399 3729 3468 Νόμιμος

2211 3494 2304 3552 οὖν
2339 3501 2455 3552 ἐστι
2490 3499 2658 3567 πάλη,
2690 3498 2790 3569 οὐχ
2827 3499 2860 3568 ἡ
2915 3497 3068 3568 παρά
3099 3499 3199 3568 τῆς
3245 3496 3475 3548 ἑκάστου
3517 3486 3730 3564 ῥᾳθυμίας

2212 3590 2309 3644 καὶ
2358 3590 2703 3661 προλήψεως,
2746 3589 2920 3659 ἀλλ’ἢ
2962 3588 3113 3660 παρὰ
3149 3586 3245 3640 τοῦ
3282 3585 3564 3641 ἀδεκάστου
3590 3574 3730 3648 κριτοῦ

2214 3681 2689 3753 θεσμοθετηθεῖσα.

2460 3861 2634 3915 ΡΚΓ¹.
2670 3891 2741 3899 -—
2766 3860 3027 3931 ΙΣΙΔΩΡῼ
3062 3857 3528 3929 ΠΡΕΣΒΥΤΕΡῼ.

2210 3952 2315 4018 Εἰς
2338 3952 2436 4004 τό·
2475 3970 2494 4001 ι
2557 3951 2618 4003 '0
2651 3950 2719 4003 δὲ
2767 3948 2962 4004 Οὲλων
2998 3949 3217 4001 ἑαυτὸν
3268 3947 3583 4007 δικαιῶσαι,
3609 3935 3731 3994 εἶπ’

2533 4022 2640 4074 Καὶ
2670 4022 2762 4086 τίς
2790 4020 2927 4072 ἐστί
2959 4038 3077 4087 μου
3107 4022 3414 4087 π.1ησιό›”;
3455 4036 3472 4067 ›

2287 4134 2353 4187 Τί
2396 4136 2563 4199 ἐστιν,
2594 4134 2751 4205 ἔφης,
2781 4134 2843 4186 τὸ
2872 4135 2930 4187 ὲν
2970 4134 3086 4195 τοῖς
3131 4132 3486 4203 Εὐαγγελίοις
3511 4128 3737 4201 είρημένον

2216 4226 2468 4296 περὶτοῦ
2502 4224 2726 4295 νομικοῦ
2748 4242 2760 4254 ο
2810 4244 2828 4277 ι
2879 4226 2936 4278 Ὀ
2977 4226 3033 4278 δὲ
3064 4224 3233 4277 θέλων
3271 4226 3463 4278 ἑαυτὸν
3490 4221 3737 4279 δικαιιῖισιις

2218 4312 2367 4370 εἶπεο
2402 4317 2513 4371 Καὶ
2535 4316 2617 4380 τίς
2639 4317 2757 4369 ἐστί
2795 4334 2896 4388 μου
2926 4304 3183 4385 πλησίον;
3226 4336 3247 4367 s
3276 4318 3475 4371 Ἀκουε
3498 4316 3665 4368 τοίνυν.
3698 4311 3741 4360 '0

2217 4407 2461 4478 Νομικδς
2509 4408 2738 4478 πλησίον
2766 4408 2929 4478 μόνον
2969 4408 3185 4479 ἐνόμιζε
3213 4405 3359 4462 εἶναι
3381 4409 3469 4461 τὸν
3488 4408 3664 4460 δίκαιον
3680 4400 3736 4469 τῷ

538 4494 761 4560 putabat
795 4491 1001 4561 justum
1045 4491 1210 4560 justo,
1266 4491 1551 4546 sublimem
1600 4492 1843 4561 sublimi,
1891 4508 1999 4562 quo
2043 4493 2110 4547 ad

2213 4498 2431 4569 δικαίῳ,
2454 4499 2545 4552 τὸν
2576 4498 2778 4568 ὑψηλὸν
2809 4498 2887 4571 τῷ
2921 4499 3129 4570 ὑψηλῷ,
3162 4503 3284 4553 κατ’
3304 4501 3502 4572 ἀρετήν
3529 4514 3665 4568 φημι.
3688 4494 3742 4545 Ub

538 4581 829 4645 virtutem,
868 4581 1106 4650 inquam.
1143 4580 1258 4635 Non
1304 4584 1450 4636 enim
1499 4581 1824 4648 substantia,
1861 4598 1980 4652 qua:
2012 4598 2117 4637 una

536 4670 834 4741 eademque
879 4681 980 4736 est,
1037 4672 1441 4741 proximitatem
1489 4673 1828 4740 aestimabat,
1883 4675 1975 4729 sed
2026 4684 2122 4728 aut

537 4761 907 4830 dignitatibus,
948 4771 1040 4815 aut
1074 4763 1403 4818 actionibus.
1436 4762 1800 4829 Quamobrem
1833 4767 1999 4821 etiam
2033 4781 2122 4820 vo-

536 4851 652 4905 lens
692 4852 930 4920 seipsum
974 4854 1298 4923 justiﬁcare,
1354 4856 1458 4909 hoc
1515 4866 1599 4910 est
1638 4857 1845 4924 justum
1903 4857 2121 4912 demon-

538 4952 738 5008 strare,
761 4960 923 5013 quam
951 4946 1198 5000 sublimis
1225 4946 1479 5001 videlicet
1507 4956 1652 5003 esset
1677 4949 1974 5003 secundum
2003 4950 2117 5003 vir-

541 5042 736 5098 tutem,
764 5045 857 5089 aut
890 5051 1139 5101 magnus,
1172 5037 1318 5105 quod
1348 5046 1493 5090 esset
1530 5040 1805 5108 magister,
1840 5041 1916 5092 ait
1951 5058 1963 5093 :
2000 5059 2018 5089 ί
2052 5040 2119 5093 Et

536 5127 655 5193 quis
684 5138 770 5182 est
807 5143 958 5183 meus
987 5129 1307 5197 proximus?
1340 5147 1359 5179 ι
1398 5128 1565 5195 Quasi
1610 5132 1854 5186 diceret:
1882 5132 2119 5187 Ostende

606 5283 653 5314 “
681 5281 816 5337 Luc.
852 5297 968 5351 XVI,
1009 5282 1072 5337 I9
1101 5298 1256 5353 seqq.

2217 4588 2327 4659 γὰρ
2357 4592 2423 4659 τῇ
2462 4587 2620 4660 οὐσίᾳ
2671 4590 2771 4661 μιᾷ
2822 4589 2981 4660 οὔσῃ,
3019 4589 3114 4643 τὸν
3157 4580 3390 4661 πλησίον
3419 4590 3629 4657 ἔκρινεν,
3656 4583 3742 4637 ἀλλ’

2219 4679 2254 4749 ἢ
2303 4682 2415 4743 τοῖς
2467 4679 2797 4750 ἀξιώμασιν,
2842 4681 2877 4751 ἤ
2926 4685 3050 4743 ταῖς
3092 4683 3354 4752 πράξεσι.
3389 4682 3477 4735 Διὸ
3509 4679 3592 4733 καὶ
3619 4678 3743 4730 Olim

2219 4769 2412 4822 ἑαυτὸν
2454 4768 2775 4832 δικαιῶσαι,
2830 4772 3110 4823 τουτέστιν
3158 4771 3373 4825 δίκαιον
3406 4764 3741 4833 ἀποδείξαιιάς

2222 4861 2426 4932 ὑψηλὸς
2476 4862 2558 4931 εἴη
2609 4863 2752 4916 κατὰ
2801 4862 2898 4934 τὴν
2932 4864 3152 4934 ἀρετὴν,
3186 4865 3217 4935 ἦ
3256 4866 3434 4933 μέγας
3466 4860 3596 4915 κατά
3620 4855 3745 4910 τὸδι-

2223 4954 2489 5017 δάσκαλος
2517 4952 2675 5019 εἶναι,
2704 4955 2835 5024 φησί
2856 4973 2869 4986 ο
2909 4974 2926 5006 ι
2958 4958 3067 5009 Καὶ
3094 4958 3181 5019 τίς
3211 4958 3331 5008 ἐστί
3359 4974 3458 5026 μου
3485 4952 3701 5021 πλησίονς
3727 4966 3739 4995 ’

2225 5045 2408 5110 Δεῖξὸν
2462 5063 2550 5115 μοι
2600 5046 2690 5097 τὸν
2725 5046 2867 5100 οὑτω
2918 5049 3111 5117 μέγαν.
3159 5049 3216 5100 ’0
3253 5049 3313 5100 δὲ
3359 5048 3561 5117 Σωτὴρ,
3600 5039 3746 5106 ᾰτεδὴ

2225 5135 2457 5203 ποιητὴς
2505 5138 2743 5206 (μικρὸν
2790 5137 2900 5206 γὰρ
2944 5137 3038 5190 καὶ
3071 5138 3242 5207 μέγαν
3291 5138 3453 5201 αὐτὸς
3492 5130 3745 5203 ἐποίησεν).

1334 5284 1380 5317 ’⁸
1412 5285 1605 5340 Matth.
1644 5302 1696 5353 v,
1726 5286 1819 5342 9.8.
1897 5287 1942 5319 ¹⁶
1975 5286 2015 5339 11
2046 5287 2187 5343 Tim.
2222 5304 2285 5356 ιι,
2314 5289 2368 5343 5.
2445 5288 2488 5320 ’⁷
2523 5288 2655 5343 Luc.
2690 5306 2747 5351 ι,
2775 5289 2865 5346 29.

1685 5440 1922 5495 VARI/Ii
1960 5438 2345 5495 LECTIONES
2386 5440 2472 5495 ET
2510 5440 2743 5498 NOT/E.

609 5598 720 5668 (92)
750 5598 851 5651 Pro
878 5598 1036 5661 ἄλλος
1059 5598 1180 5653 cod.
1211 5596 1335 5651 Val.
1360 5595 1463 5651 650
1494 5598 1683 5653 scribit
1703 5598 1817 5651 ἀλλ’
1843 5599 1922 5660 ὃς,
1951 5614 2111 5666 quam

538 5681 682 5721 reete
706 5672 815 5736 ipse
844 5672 1035 5722 viderit
1069 5686 1082 5720 :
1115 5684 1214 5737 ego
1246 5669 1375 5721 nihil
1404 5678 1685 5721 mutarem.
1721 5668 1933 5723 Possm.

607 5738 718 5806 (95)
772 5739 913 5793 Idem
941 5741 1061 5793 coll.
1113 5738 1549 5807 παρασκευάσων
1601 5749 1772 5793 mutat
1825 5742 1876 5793 in
1936 5756 2113 5807 παρα-

2225 5598 2510 5651 σκεύασον.
2547 5598 2620 5653 It).

2296 5670 2408 5746 (9/4)
2439 5670 2574 5746 Cod.
2641 5669 2818 5746 Yatic.
2847 5670 2959 5746 i350
2998 5672 3079 5736 είς
3126 5684 3307 5746 mutat
3354 5676 3408 5729 in
3440 5675 3595 5746 πρός.
3630 5668 3749 5746 Veri-

2221 5749 2346 5806 post
2378 5740 2430 5804 5,
2455 5742 2617 5795 verbo
2645 5741 2929 5812 ὑμνεῖσθαι
2954 5735 3211 5814 praeponit
3241 5744 3310 5797 ἄν
3330 5735 3666 5815 coniunctum.
3694 5735 3743 5787 la.
