3886 6420
106 439 216 503 1197

970 418 1502 485 EPISTOLARUM
1542 417 1687 476 LIB.
1730 415 1805 474 TV
1832 411 2160 472 *EPIST.
2201 406 2421 465 CXXV.

3165 394 3303 461 1198

101 554 153 607 σὺ
172 552 276 612 ταῖς
297 544 572 618 πράξεσιν.
592 540 715 595 οὐδὲ
736 539 856 603 τοῖς
871 537 1196 607 ἀξιώμασιν,
1220 532 1355 586 ἀλλά
1374 534 1441 601 τῇ
1473 530 1633 599 φύσει
1662 538 1684 591 ι

1795 525 1867 580 ihi
1910 524 2143 591 aliquem
2184 518 2276 587 qui
2322 526 2431 570 tam
2466 511 2540 568 sit
2567 524 2813 579 magnus,
2839 515 2901 561 ut
2938 519 3150 562 mecum
3175 521 3304 577 pos-
3352 546 3357 553 .

103 596 449 717 ξδ’ριξᾷξε
501 596 749 704 πλησίον,
805 596 1027 703 μονουχί
1080 596 1284 695 λέγιυν·
1336 596 1502 679 ocimi
1551 637 1635 717 σοι

1792 625 1812 670 ι
1865 608 2194 683 comparari.
2252 606 2503 660 Salvator
2547 610 2751 665 autem,
2795 609 3053 668 tanquam
3117 597 3164 653 is
3214 596 3307 662 qui

1871 705 1884 717 .
2046 701 2261 717 .,,-,-_-
2297 694 2563 717 ι,--,εη-....
2600 692 2741 717 -..ξω
2793 698 2845 717 ,ιι
2898 704 3151 717 m--....m
3194 687 3307 717 ἕηοο

106 687 691 801 ζέῐιζλεγωῑδτιηοὺδὲν
860 687 1037 775 άλλίιδν
1062 687 1394 787 διενήνοχας,
1428 714 1517 767 ἴνα
1560 711 1638 782 μὴ

1790 705 2013 761 nminem
2046 701 2267 756 fecisset
2294 694 2566 767 (pusillum
2598 692 2742 748 enim
2791 698 2849 745 et
2898 704 3152 760 magnum
3194 687 3311 758 ipse

1830 795 1883 801 ,.
2165 792 2175 801 .
2260 790 2290 801 ..
2500 800 2503 801 ν
2572 800 2579 801 ,
3005 780 3092 801 --μ
3121 788 3307 801 _-..-_-

105 780 655 885 φιλάρετοι
688 809 969 880 νομίσειαν
997 780 1304 878 χρεωστεϊνν
1334 806 1445 865 τοῖς
1472 780 1641 864 πέλας

1790 795 1919 867 :cit).
1945 809 2050 848 non
2074 790 2401 854 actionibus,
2416 800 2589 855 neque
2609 782 2983 854 dignitatibus,
3000 780 3094 837 sed
3121 788 3311 834 natura

106 912 184 983 τὴν
215 909 441 977 ἀγάπην,
466 906 641 974 δόγμα
673 901 733 955 τὸ
764 900 854 954 σὺν
884 899 1105 967 ἔλεγχον
1132 894 1451 965 νομίσαντες
1480 889 1637 945 εἶναι·

1746 885 1990 943 detluivit
2028 884 2332 954 proximum
2374 897 2387 931 :
2420 886 2626 932 tantum
2660 889 2765 930 non
2804 872 2930 927 talia
2958 870 3202 940 quaedam
3234 870 3317 924 di-

106 965 199 1058 άλλ’
225 965 269 1053 εί
411 965 581 1058 όῦτυᾷξ
618 992 731 1062 ἕχει
758 965 1197 1063 (δεδόσθιοήγάρ),
1243 985 1306 1037 σὺ
1339 982 1639 1035 σπούδασον

1790 992 1876 1032 ens
1906 996 1920 1029 :
1953 975 2195 1029 Nondum
2244 972 2341 1025 tibi
2386 970 2552 1024 dico:
2584 978 2638 1022 te
2691 966 2813 1020 aliis
2860 965 2992 1019 nihil
3042 971 3316 1017 antestare

107 1056 182 1146 τοῦ
207 1090 445 1158 δεομένου
480 1056 708 1154 πλησίον
733 1056 895 1149 εἶναι,
929 1082 990 1135 οὐ
1019 1079 1097 1151 τῷ
1127 1078 1276 1147 τόπῳ
1299 1077 1477 1146 μόνον,
1508 1073 1644 1127 ἀλλᾶ

1790 1076 1842 1123 ut
1889 1066 2167 1121 meliorem
2211 1076 2354 1127 esse,
2407 1075 2477 1115 ne
2526 1060 2601 1113 illi
2639 1059 2730 1127 qui
2783 1072 2968 1111 revera
2996 1056 3164 1129 480
3191 1065 3319 1111 sunt

109 1184 185 1237 καὶ
207 1185 266 1253 τῇ
285 1147 533 1240 διαθέσει,
565 1147 661 1231 καὶ
683 1178 751 1247 τῇ
779 1177 859 1238 είς
881 1147 1044 1228 αὐτὸν
1064 1147 1373 1242 ἐπιμελείᾳ.
1406 1167 1506 1221 Διά
1538 1168 1646 1235 γάρ

1790 1156 1964 1211 irtntis
1994 1153 2246 1217 studiosi,
2296 1151 2439 1206 forte
2473 1160 2686 1219 putent,
2716 1162 2775 1203 se
2801 1147 3063 1219 proximis
3109 1147 3185 1217 tid
3211 1154 3317 1208 est,

109 1239 367 1328 mimum!
411 1270 505 1325 τὸν
536 1239 885 1340 Σαμαρείτην
918 1282 1001 1319 σοι
1048 1239 1542 1334 ἐχαρακτηρίσατο.
1574 1256 1650 1307 Τὸ

1790 1263 1855 1304 on
1904 1246 2014 1303 nisi
2064 1246 2147 1301 sui
2188 1240 2484 1313 similibus)
2517 1241 2860 1297 dilectionem
2908 1239 3128 1302 debere,
3166 1243 3319 1291 tuum

111 1366 198 1436 γὰρ
224 1362 436 1435 πλησίον
486 1364 554 1432 τῇ
600 1361 764 1431 φύσει
816 1358 1084 1429 κρίνεται,
1130 1356 1194 1409 οὐ
1227 1355 1292 1424 τῇ
1324 1350 1493 1420 ἀρετῇ
1517 1365 1530 1378 ·

110 1457 257 1527 οὐσίᾳ,
283 1456 340 1509 οὐ
369 1454 448 1525 τῷ
479 1451 779 1522 ἀξιώματιο
807 1451 874 1520 τῇ
906 1444 1241 1517 συμπαθείᾳ,
1271 1442 1333 1496 οὐ
1358 1439 1437 1511 τῷ
1464 1440 1643 1507 τόπῳ·

110 1549 191 1617 τῆς
232 1546 514 1617 θεραπείας
561 1544 769 1615 τρόπῳ,
819 1541 915 1595 καὶ
941 1540 1004 1593 οὐ
1041 1536 1135 1591 τοῦ
1169 1536 1336 1589 τόπου
1367 1529 1648 1599 ὲγγύτητι.

121 1640 326 1694 Ἐκεῖνον
366 1637 604 1707 μάλιστα
629 1632 767 1705 ἡγοῦ
808 1628 948 1685 εἶναι
982 1627 1231 1700 πλησίον,
1260 1625 1353 1678 τὸν
1378 1622 1649 1692 δεόμενον,

114 1730 189 1782 καὶ
208 1725 633 1794 αὐτεπάγγελτος
663 1723 755 1776 ἐπὶ
785 1720 884 1791 τὴν
917 1719 1173 1792 βοήθειαν
1206 1712 1410 1786 βάδιζε.

1579 1348 1646 1416 τῇ
1754 1342 1948 1410 dogma
1994 1351 2095 1406 pro
2138 1333 2322 1405 regula
2355 1333 2602 1388 veritatis
2647 1332 2932 1386 habentes.
2983 1330 3091 1384 Sed
3145 1328 3192 1384 si
3237 1329 3323 1383 vel

1756 1431 1992 1486 maxime
2033 1430 2130 1492 ita,
2179 1436 2239 1481 ut
2275 1436 2333 1480 tu
2373 1426 2477 1490 vis,
2517 1439 2607 1480 res
2635 1438 2758 1479 sese
2790 1424 2986 1478 habeat
3016 1421 3149 1492 (jam
3178 1420 3322 1475 enim

1753 1524 1861 1578 hoc
1885 1521 2044 1576 detur
2096 1519 2178 1573 sic
2220 1520 2363 1586 esse)
2390 1554 2407 1580 ,
2440 1524 2498 1570 tu
2543 1516 2595 1570 id
2640 1514 2820 1585 potius
2866 1514 2930 1567 da
2978 1526 3223 1581 operam,
3266 1520 3327 1565 ut

1756 1612 2049 1684 indigentis
2088 1620 2179 1664 tua
2216 1623 2319 1679 ope
2362 1610 2439 1664 sis
2469 1607 2779 1678 proximus,
2822 1619 2925 1661 non
2973 1604 3146 1659 solum
3182 1602 3323 1666 loco,

1756 1705 1851 1762 sed
1889 1703 2056 1759 etiam
2102 1701 2270 1757 animi
2301 1695 2680 1770 propensione,
2727 1706 2783 1753 et
2818 1711 2943 1766 erga
2990 1696 3167 1766 ipsum
3194 1708 3325 1749 cura

114 1836 169 1875 ac
191 1787 562 1875 sollicitudine.
604 1818 686 1872 οι)
714 1787 854 1870 hanc
891 1787 1035 1869 enim
1066 1813 1235 1881 ipsam
1265 1823 1376 1863 rem
1448 1803 1855 1861 Samaritanum
1901 1809 2120 1867 quoque
2188 1794 2286 1849 tibi
2354 1791 2739 1862 praeﬁguravit.
2816 1788 3141 1881 Proximttas
3179 1787 3327 1881 enim

115 1920 278 1963 natura
328 1908 653 1970 aestimatur,
711 1921 817 1961 non
868 1879 1102 1965 virtutet
1146 1896 1469 1961 substantia,
1514 1909 1622 1949 non
1661 1890 1962 1961 dignitate;
2020 1886 2419 1955 compassione,
2481 1898 2588 1938 non
2626 1883 2773 1942 loco;
2821 1879 3118 1936 curationis
3146 1879 3325 1938 modo.

115 2010 270 2056 etnon
305 1997 406 2052 loci
436 1996 861 2067 prOpinquitate.
911 1992 1061 2046 lllum
1100 1990 1335 2045 maxime
1375 1986 1644 2042 arbitrare
1679 1982 1985 2053 proximum
2018 1990 2163 2042 esse,
2232 1974 2327 2044 qui
2357 1973 2435 2028 tui
2479 1972 2715 2027 maxime
2743 1970 3005 2041 indigeat,
3027 1979 3085 2026 et
3139 1980 3331 2042 sponte

119 2100 190 2145 tua
217 2089 276 2144 ad
304 2088 563 2142 auxilium
586 2088 636 2143 ei
668 2086 952 2141 terendum
979 2084 1200 2138 accede.

313 2180 486 2233 PKA'.
515 2208 586 2219 —
612 2176 933 2248 ΔΙΓΥΠἹΊῼ
968 2173 1436 2242 ΠΡΕΣΒΥΤΕΡῼ.

603 2266 745 2337 Περὶ
772 2265 884 2335 τῆς
915 2262 1144 2334 Ψυχῆςο
1242 2310 1250 2318 .

175 2382 315 2437 Θείαν
347 2382 447 2453 μὲν
482 2380 765 2453 ἡγούμεθα
804 2380 905 2450 τὴν
933 2378 1112 2449 ψυχὴν
1149 2373 1287 2430 εἶναι
1315 2374 1406 2445 (οὗ
1437 2374 1541 2445 μὴν
1566 2374 1666 2445 τῆς

122 2475 368 2545 θειοτάτης
396 2474 496 2528 καὶ
524 2472 957 2543 βασιλικωτάτης
985 2470 1200 2539 φύσεως
1230 2467 1513 2538 ὀμοούσιον
1533 2467 1552 2537 )
1572 2466 1667 2520 καὶ

124 2566 386 2630 ἀθάνατον,
431 2564 550 2617 ἀλλ’
581 2565 644 2617 οὐ
678 2563 778 2632 τῆς
815 2563 1053 2632 ἁνάρχου
1097 2561 1192 2613 καὶ
1242 2558 1530 2629 ποιητικῆς
1573 2559 1670 2610 καὶ

125 2656 269 2708 ἀϊδίου
302 2658 489 2726 μέρος.
517 2655 581 2706 El
610 2653 718 2723 γάρ
749 2653 964 2722 ἐκείνης
988 2652 1087 2722 τῆς
1117 2652 1356 2722 ἀρρήτου
1383 2646 1452 2720 ἦν
1484 2649 1666 2719 μέρος,

126 2746 207 2797 οὐκ
234 2745 293 2799 ἂν
324 2746 596 2815 ἥμαρτεν,
629 2744 731 2797 οὑκ
768 2743 980 2814 ἐκρίθη.
1009 2740 1074 2795 El
1116 2741 1173 2794 δὲ
1217 2740 1392 2794 ταῦτα
1450 2740 1669 2808 πάσχει,

128 2838 207 2904 τῆς
230 2836 486 2889 ἀνωτάτω
517 2834 705 2898 οὐσίας
734 2832 947 2901 ποίημα
982 2829 1205 2892 δικαίως
1234 2828 1302 2882 ἂν
1335 2828 1671 2898 πιστευθείη,

129 2927 178 2978 οὐ
206 2927 376 2999 μέρος,
407 2929 499 2983 ἵνα
531 2927 608 3000 μὴ
637 2926 835 2997 ἑαυτὴν
864 2927 899 2995 ὴ
924 2923 1045 2978 θεία
1088 2922 1250 2991 φύσις
1276 2922 1534 2992 κρίνουσα
1558 2938 1674 2989 φω-

132 3016 313 3088 ραθείη.

132 3296 279 3351 PKE’.
314 3327 381 3338 -ο
416 3298 766 3369 ΠΡΟΕΣΧΙῼ
980 3295 1418 3364 ΣΧΟΛΑΣῚΊΚῼ
1452 3294 1675 3364 ΙΑΤΡῼ.

615 3391 755 3455 Περὶ
799 3388 908 3443 τοῦ
944 3387 1152 3441 αὑτοῦ.

1945 2162 2183 2219 CXXIV.
2220 2191 2292 2203 ——
2325 2159 2647 2217 DIGYPTIO
2681 2159 3164 2217 PBESBYTERO.

2388 2253 2467 2307 De
2495 2253 2698 2307 anima.

1841 2369 2087 2425 Divinam
2112 2365 2331 2436 quidem
2380 2377 2504 2420 esse
2552 2363 2788 2419 animam
2835 2362 3199 2429 arbitramur;
3231 2375 3337 2417 non

1769 2470 1950 2517 tamen
1993 2459 2237 2528 ejusdem
2278 2470 2400 2512 cum
2446 2454 2786 2512 divinissima
2822 2455 3165 2525 maximeque
3192 2455 3340 2525 regia

1771 2562 1964 2607 natura
1990 2548 2307 2605 substantiae
2331 2566 2345 2602 :
2374 2556 2431 2603 et
2458 2545 2851 2612 immortalem;
2885 2561 2992 2600 non
3019 2554 3199 2600 autem
3226 2544 3344 2613 ejus

1772 2654 1981 2700 natura:
2009 2652 2243 2713 partem,
2272 2654 2393 2710 quae
2425 2638 2694 2708 principio
2720 2646 2893 2703 caret,
2922 2646 2977 2693 et
3012 2651 3099 2693 res
3139 2638 3344 2693 creavit

1772 2745 1829 2792 et
1867 2734 2199 2804 sempiterna
2236 2739 2339 2787 est.
2381 2728 2517 2784 Nam
2568 2729 2613 2784 si
2649 2727 2936 2783 inet'fabilis
2965 2728 3109 2783 illius
3138 2737 3346 2783 naturae

1775 2826 1954 2898 portio
1987 2832 2155 2888 esset,
2190 2837 2296 2877 non
2329 2821 2516 2891 utique
2548 2829 2846 2890 peccasseh
2884 2833 2989 2874 non
3022 2827 3169 2874 esset
3205 2818 3346 2889 judi-

1775 2928 1923 2973 cata.
1958 2914 2113 2983 Quod
2151 2914 2199 2970 si
2231 2915 2345 2969 bare
2370 2912 2596 2982 patitur,
2642 2926 2854 2979 aequum
2886 2918 2969 2965 est
3002 2909 3172 2978 ipsam
3199 2910 3345 2964 credi

1778 3020 2050 3077 supremae
2084 3003 2228 3059 illius
2274 3001 2592 3057 substantiae
2641 2999 2937 3068 opiﬁcium,
2990 3013 3095 3052 non
3140 3006 3346 3066 partem

1778 3111 1921 3162 esse,
1958 3109 2026 3150 ne
2055 3094 2237 3148 divina
2276 3100 2468 3147 natura
2500 3091 2734 3161 seipsam
2769 3088 3013 3157 judicare
3051 3088 3351 3159 deprehen-

1779 3191 1959 3243 datur.

1782 3298 1995 3354 CXXV.
2030 3329 2096 3338 --
2139 3293 2530 3351 PROESCHIO
2569 3292 3038 3349 SCHOLASTICO
3076 3292 3350 3348 MEDICO.

2414 3387 2488 3440 De
2520 3387 2719 3440 animo.

191 3500 502 3575 Πυθαγόρας
539 3502 661 3573 μὲν,
702 3503 798 3556 καὶ
824 3500 1072 3565 Πλάτων,
1108 3499 1203 3553 καὶ
1228 3500 1278 3551 οἱ
1304 3499 1454 3554 ἄλλοι
1481 3498 1680 3566 ἔνδοξοι

1854 3504 2190 3575 Pythagoras
2216 3501 2432 3571 quidem
2462 3509 2518 3555 et
2545 3499 2719 3563 Plato,
2747 3498 2945 3567 aliique
2970 3498 3110 3568 apud
3137 3496 3358 3553 Graecos

134 3592 246 3663 παρ’
292 3596 521 3666 Ἕλλησι
568 3598 741 3665 σοφοὶ,
796 3594 1204 3657 άποδεικτικαῖς
1260 3591 1529 3660 ἀνάγκαις
1561 3592 1689 3645 ἐπό-

137 3696 284 3749 μενοι,
330 3683 815 3755 ἡγεμονικωτέραν
840 3682 938 3754 τὴν
985 3682 1164 3753 ψυχὴν
1195 3680 1287 3735 τοῦ
1328 3681 1577 3751 σώματος
1609 3681 1687 3732 εί-

136 3772 283 3838 κότως
312 3776 667 3845 ἀπεφήναντο
685 3790 699 3805 ⁸
743 3776 836 3828 καὶ
865 3773 1131 3827 ἐκάλεσαν
1158 3771 1257 3843 τὴν
1288 3769 1387 3841 μὲν
1415 3769 1685 3840 τεχνίτην,

136 3862 272 3915 τὸδὲ
317 3864 590 3935 ⁵5ργανον,
636 3864 736 3936 τὴν
792 3863 893 3935 μὲν
948 3862 1273 3934 ἀσώματον
1328 3862 1389 3915 τὸ
1438 3863 1495 3916 δὲ
1526 3863 1686 3934 τριχῆ

136 3952 389 4010 διαστατόν
417 3956 567 4027 (96)·
603 3955 704 4028 τὴν
735 3956 781 4010 δ’
812 3956 1082 4011 ἀθάνατον
1109 3955 1203 4008 καὶ
1245 3956 1518 4027 άφθαρτον
1548 3955 1683 4025 (97).

136 4044 188 4097 El
218 4047 315 4118 γάρ
344 4050 439 4101 καὶ
474 4047 610 4119 περὶ
636 4046 771 4102 ἄλλα
799 4048 921 4102 τινὰ
948 4046 1244 4119 διήμαρτον
1275 4046 1376 4115 τῆς
1408 4044 1689 4115 ἀληθείας.

138 4133 363 4207 ἐντούτῳ
389 4136 537 4190 κατά
571 4136 774 4190 σκοποῦ
791 4136 1117 4207 ἠνέχθησαν.
1148 4135 1382 4207 Γαληνὸς
1402 4135 1459 4188 δὲ
1482 4135 1564 4203 (οὑ
1586 4136 1692 4206 γάρ

138 4222 271 4280 ἔλαθε
296 4229 423 4293 τοὺς
462 4228 707 4291 συνετῶς
735 4226 1235 4297 ἀναγινώσκοντας,
1287 4226 1545 4297 ἁρμόνιον
1579 4226 1693 4296 (98)

144 4319 290 4391 αὐτὴν
312 4321 481 4394 λύραν
511 4323 570 4374 οὐ
593 4319 829 4390 λυρῳδὸν
849 4318 1232 4390 ἡγησάμενος)
1258 4317 1457 4388 θνητὴν
1482 4316 1694 4388 ἀπεφή-

141 4426 249 4463 νατο
286 4414 419 4485 (99).
454 4412 838 4484 Ilpoaliéjuvoc
882 4410 992 4483 γὰρ
1035 4408 1209 4475 εἶπεν,
1260 4411 1342 4464 ὅτι
1382 4412 1450 4481 τῇ
1502 4410 1695 4481 κράσει

142 4502 220 4554 τοῦ
252 4503 500 4574 σώματος
529 4504 756 4557 ἕπονται
787 4502 845 4556 αί
878 4502 979 4571 τῆς
1015 4502 1192 4572 ψυχῆς
1217 4500 1495 4571 δυνάμεις,
1527 4503 1607 4565 είς
1636 4504 1697 4554 τὸ

142 4594 283 4659 φάναι
309 4596 370 4650 τὸ
414 4594 555 4669 μηδὲ
586 4591 726 4649 εἶναι
771 4594 952 4667 ψυχὴν
979 4593 1272 4664 ἀσώματον
1306 4595 1399 4648 καὶ
1428 4594 1697 4648 ἀθάνατον

143 4683 489 4761 ἐτελεύτησεν,
536 4688 638 4759 τὴν
683 4688 882 4759 κρᾶσιν
931 4685 1111 4757 ψυχὴν
1142 4686 1244 4739 οὐκ
1274 4679 1372 4739 οἷδ’
1400 4686 1547 4749 ὅπως
1583 4687 1698 4757 ὁρι-

1788 3595 2069 3668 sapientiae
2108 3595 2365 3664 opinione
2413 3591 2569 3657 clari,
2620 3590 2975 3646 necessitates
3018 3590 3360 3643 demonstra-

1790 3689 1993 3743 tionum
2024 3685 2219 3748 secuti,
2254 3684 2490 3739 animam
2538 3695 2763 3752 corpore
2802 3680 3232 3750 praestantiorem
3280 3679 3362 3734 di-

1794 3780 2148 3852 gnioremque
2173 3776 2422 3848 imperio,
2446 3775 2571 3844 jure
2596 3788 2661 3829 ac
2686 3774 2878 3829 merito
2898 3772 3359 3843 pronuntiarunt:

1787 3882 1841 3928 et
1865 3872 2012 3927 illam
2050 3871 2266 3940 quidem
2304 3869 2605 3931 artiﬁcem;
2643 3866 2747 3922 hoc
2776 3854 2905 3920 vero
2946 3865 3363 3920 instrumentum

1793 3963 2131 4035 appellarunt
2154 3980 2165 4014 :
2194 3962 2339 4015 illam
2370 3960 2587 4030 quidem
2611 3956 2855 4027 corporis
2876 3966 3150 4027 expertem
3176 3973 3192 4023 ;
3220 3956 3365 4011 istud

1798 4065 1977 4109 autem
2032 4053 2171 4108 trina
2224 4060 2481 4107 constans
2529 4050 2918 4105 dimensione:
2953 4047 3095 4103 istud
3149 4049 3366 4118 quidem

1799 4143 2027 4199 mortale
2070 4152 2125 4198 et
2153 4141 2487 4209 corruptioni
2532 4140 2864 4205 obnoxium;
2904 4138 3050 4193 illam
3096 4153 3228 4194 vero
3269 4140 3369 4193 im-

1798 4237 2116 4301 mortalem,
2168 4243 2225 4290 et
2274 4232 2637 4303 corruptionis
2683 4240 2982 4300 expertem.
3044 4234 3366 4300 Quanquam

1797 4330 1942 4385 enim
1978 4329 2102 4383 aliis
2146 4328 2201 4381 in
2235 4327 2395 4383 rebus
2442 4342 2473 4379 a
2509 4323 2739 4379 veritate
2772 4321 3139 4376 aberrarunt:
3178 4329 3361 4376 tamen

1799 4420 1902 4476 hac
1930 4420 1983 4474 in
2009 4434 2066 4475 re
2095 4433 2314 4488 scopum
2342 4414 2660 4485 attigerunt.
2704 4412 2940 4468 Galenus
2968 4423 3148 4467 autem
3176 4411 3374 4482 (neque

1799 4509 1945 4563 enim
1972 4522 2068 4561 eos
2097 4506 2188 4577 qui
2216 4505 2577 4575 intelligenter
2610 4505 2783 4573 ipsum
2817 4502 3022 4571 legunt,
3049 4498 3205 4570 fugit,
3228 4502 3373 4570 quod

1803 4597 2125 4652 concinnam
2165 4594 2455 4666 quamdam
2503 4594 2695 4667 lyram,
2743 4609 2849 4648 non
2888 4594 3193 4663 lyricinem,
3225 4592 3374 4647 illam

1802 4701 1925 4743 esse
1956 4686 2198 4757 duxerit)
2247 4686 2532 4742 mortalem
2570 4685 2962 4755 pronuntiavit.
3005 4681 3141 4739 Nam
3184 4694 3242 4740 et
3274 4687 3376 4740 hoc

1238 4837 1484 4892 VARUE
1523 4836 1905 4895 LECTIONES
1942 4837 2032 4893 ΕΤ
2070 4838 2303 4895 ΝυΤΑζ.

204 5000 305 5070 (95)
328 5000 461 5057 Cod.
496 5000 711 5070 Vatia,
731 4997 1036 5070 Προσεχίῳ.
1067 4996 1283 5070 Possm.

202 5065 302 5139 (96)
337 5071 406 5124 Τὸ
430 5069 501 5124 δὲ
536 5067 713 5139 τροχῆ
754 5065 1100 5123 διαστατόν.
1146 5068 1271 5121 Post
1312 5067 1433 5139 11ωο
1486 5065 1699 5139 videtur

145 5136 364 5207 nonnihil
398 5136 591 5195 deesse
631 5136 929 5192 minimum
985 5139 1093 5192 tale
1139 5138 1438 5207 quidpiam,
1486 5136 1549 5187 τὸ
1598 5136 1697 5206 μὲν

147 5206 315 5280 θνητὸν
342 5213 436 5280 καὶ
463 5208 726 5280 φθαρτόν.
765 5208 933 5280 Βιττ.

206 5274 307 5402 g7)
333 5274 490 5334 ϐοαί
522 5274 642 5333 vat.
681 5293 778 5346 pro
814 5277 915 5346 τὴν
939 5276 985 5328 δ’
1009 5274 1274 5330 ἀθάνατον
1306 5276 1401 5329 κα)⁸
1426 5276 1703 5347 ἄφθαρτον

146 5343 201 5397 ha
238 5417 244 5418 γ
268 5358 287 5418 t
313 5350 409 5418 τὴν
446 5350 545 5418 μὲν
577 5347 868 5418 ἀθάνατον,
890 5346 952 5418 τὸ
979 5345 1036 5397 δὲ
1053 5345 1322 5418 φθαρτόν.
1348 5345 1561 5402 Possm.
1628 5417 1634 5418 γ

207 5417 309 5489 (98)
336 5416 733 5489 Ρτρξὰρμόνιον
763 5428 817 5489 et
843 5416 1018 5486 -λύραν
1037 5416 1195 5489 ﬁdem
1246 5418 1397 5489 ponit
1441 5417 1706 5489 ἁρμονίαν

146 5493 191 5539 et
214 5485 389 5558 λύρας.
421 5485 581 5558 vers.
632 5488 756 5541 inde
790 5488 846 5550 2,
885 5485 1256 5558 προσθέμενος
1284 5486 1335 5540 in
1373 5487 1707 5557 προθέμενος

148 5554 319 5621 mutat,
342 5566 395 5610 et
432 5554 587 5610 εἶπεν
611 5557 662 5609 in
694 5558 888 5609 εἰπεῖν.
914 5554 995 5610 Ie.

149 5690 162 5702 θ
206 5626 307 5695 (99)
337 5627 619 5702 Γαληνὸς
798 5626 1030 5702 θητῂν
1043 5625 1706 5702 dxegﬁrato._(_}alenum

149 5696 193 5745 in
224 5699 480 5773 sententia
515 5699 580 5751 de
615 5698 794 5750 anima
836 5705 919 5773 ter
946 5696 1055 5773 lere
1091 5697 1478 5773 yaria_sse,_alii
1505 5698 1555 5749 in
1588 5696 1709 5764 ejus

150 5766 342 5836 scriptis
361 5767 646 5836 diligenter
664 5766 862 5821 versati
886 5766 1182 5821 doctissimi
1204 5766 1301 5819 viri
1325 5766 1703 5821 observarunt.

152 5832 302 5890 Aliter
328 5832 486 5891 enini
506 5836 780 5905 juvenem,
820 5836 976 5891 aliter
1007 5837 1204 5901 virum,
1228 5836 1385 5891 aliter
1426 5850 1610 5891 senem
1639 5836 1707 5889 de

1799 5012 1860 5050 ea
1890 4998 2208 5068 scripsisse.
2243 4998 2407 5053 Libro
2429 4999 2661 5068 {quidem
2703 5014 2743 5054 ll
2799 4998 2873 5054 De
2910 4999 3115 5068 placitis
3148 4997 3386 5055 Platonis

1802 5066 2234 5140 et_Hippbcralis,
2263 5070 2343 5140 sic
2368 5066 2560 5140 scribit
2588 5088 2600 5124 :
2634 5071 2696 5122 El
2724 5070 2779 5123 δὲ
2801 5066 3052 5140 καὶπερὶ
3096 5072 3274 5139 ψυχῆς
3296 5071 3385 5121 οὐ·

1806 5136 1947 5210 σίας)
1976 5137 2357 5210 ἀποφήνασθαι
2417 5139 2522 5210 χρὴ
2542 5182 2557 5206 ,
2585 5209 2589 5210 ν
2615 5140 2760 5193 δυοῖν
2807 5136 3035 5209 θάτερον
3086 5136 3386 5205 ἀναγκαῖον

1804 5206 2063 5279 εἰπεῖν,ᾼῆ
2095 5204 2240 5279 τοῦτ’
2268 5204 2811 5275 εἶναι’ξδαὺγοειδές
2848 5226 2907 5261 τε
2936 5204 3037 5279 καὶ
3084 5204 3387 5279 ἀνθερῶδες

1806 5275 1966 5349 σῶμα
1998 5275 2214 5349 λεκτέον
2251 5279 2441 5346 αὑτήν.
2477 5280 2572 5341 Εἰς
2605 5280 2653 5344 ὃ,
2681 5280 2781 5349 κᾶν
2812 5279 2885 5349 μὴ
2921 5275 3236 5348 βούλωνταιζ
3265 5296 3368 5331 κατ

1807 5344 2151 5418 ἀκολουθίαν
2173 5344 2530 5418 ἀφικνοῦνται
2572 5348 2783 5401 Στοῖκοί
2813 5344 2890 5400 ’τέ
2922 5344 3038 5401 ’καὶ
3085 5350 3389 5418 Ἀριστοτέ-

1808 5415 1909 5488 λης
1928 5434 1947 5488 Α·
1973 5416 2005 5486 ἢ
2033 5416 2202 5488 αυτὴν
2227 5417 2327 5485 μὲν
2351 5418 2641 5488 ἁσιὶεματον
2668 5418 2934 5488 ὑπάρχειν
2954 5415 3183 5488 οὐσίανξ
3208 5419 3303 5487 ὖχη
3313 5436 3388 5488 μα

1809 5480 1875 5558 δε
1892 5484 1954 5537 τὸ
1982 5480 2196 5558 πρῶτον
2214 5480 2397 5558 λαὺτῆς
2419 5480 2559 5539 εἶναι
2588 5489 2737 5540 τουτὶ
2758 5480 3003 5557 {Vespa
3031 5488 3099 5541 δι’
3128 5480 3187 5541 οὗ
3221 5480 3388 5558 μέσου

1810 5555 1909 5628 τὴν
1939 5555 2076 5628 πρὸς
2112 5555 2289 5628 τάλλαᾷ
2322 5555 2547 5628 σώματα
2580 5558 2863 5610 κοινωνίαν
2907 5555 3194 5628 λαμδάνει.
3223 5555 3391 5628 Cujus

1809 5624 1914 5679 loci
1965 5627 2218 5679 indicium
2264 5624 2394 5681 fecit
2448 5628 2572 5680 mihi
2626 5624 2993 5682 amicis-simus
3043 5643 3193 5681 meus
3229 5624 3386 5681 Joan.

1809 5694 1979 5750 Cunr.
2010 5693 2352 5759 Rhutnelius,
2396 5699 2628 5751 eximius
2660 5708 2715 5751 et
2749 5697 3100 5767 philosolihus
3126 5708 3180 5751 et
3217 5700 3388 5751 mom-

1809 5780 1928 5830 cns,
1962 5779 2060 5818 nec
2095 5767 2239 5833 potui
2276 5780 2395 5835 ego,
2432 5767 2562 5835 quin
2605 5768 2704 5821 hac
2729 5768 3015 5821 Occasione
3060 5782 3222 5834 porro
3248 5767 3392 5821 fate-

1813 5850 1925 5887 rem
1964 5834 2101 5901 aliis,
2138 5851 2259 5890 cum
2294 5834 2577 5906 girata'viri
2620 5840 2905 5892 mention“.
2940 5836 3103 5891 RITT.
