3886 6420
518 404 653 479 1'199
1734 412 1795 471 s.
1838 410 2096 469 ISIDOR

2198 407 2610 467 ‘ELUSIOTzE
3624 404 3645 475 1‘
3654 414 3745 479 seu

514 525 741 589 addidit,
787 520 1035 593 corporis
1078 528 1565 592 temperamentum
1609 520 1761 590 sequi
1810 520 2096 573 facultates

2205 518 2437 587 σάμενος
2459 532 2471 545 ’
2503 518 2579 580 ὡς
2626 515 2943 586 ἐλέγχεσθαι
2983 516 3145 569 αὐτὸν
3189 518 3364 588 μάτην
3395 520 3496 589 μὲν
3524 521 3581 572 τὸ
3603 523 3750 594 ὄνομα

514 621 956 685 animte:eoque
1012 615 1227 668 tandem
1280 617 1563 684 pervenit,
1620 626 1677 667 ttt
1729 614 1970 677 diceret,
2024 626 2093 666 ne

2198 610 2293 679 τῆς
2318 609 2499 679 ψυχῆς
2526 608 2863 679 θρυλλοῦντα
2881 626 2894 639 ·
2924 609 3026 673 διὰζ
3052 609 3111 661 δὲ
3138 610 3199 661 τὸ
3240 610 3313 680 μὴ
3360 611 3508 677 δόξαι
3564 614 3753 679 mihi;

2210 705 2391 771 σοφοῖς
2420 702 2739 770 ἀντιλέγειν,
2770 702 2929 755 τοῦτο
2954 701 3359 772 συγχωροῦντα,
3393 704 3471 773 τῷ
3493 706 3565 773 (l)
3596 710 3752 776 πράγ-
3796 692 3803 701 ’

512 712 725 778 quidem
750 709 997 777 corporis
1021 720 1299 778 expertem
1332 720 1385 763 et
1425 707 1787 762 immortalem
1814 722 1935 761 esse
1967 706 2093 760 ani-

512 816 674 861 mam.
716 814 841 853 cum
894 797 1079 852 nescio
1123 798 1394 866 quomodo
1440 806 1922 865 temperamentum
1963 796 2095 849 deli-

511 892 671 943 nierit
718 889 988 951 animam,
1060 896 1117 938 ut
1166 884 1239 939 ita
1292 894 1552 956 arguatur
1592 885 1790 940 frustra
1843 898 1909 938 ac
1958 886 2095 939 dicis

511 987 718 1032 tantum
753 991 917 1031 causa
960 990 1156 1029 nomen
1193 975 1416 1044 quidem
1466 975 1661 1030 anima:
1689 976 1902 1030 crebris
1934 990 2092 1029 usur-

510 1086 637 1139 pare
684 1070 1028 1123 sermonibus
1075 1068 1247 1118 :dntn
1310 1078 1489 1121 autem
1547 1068 1651 1122 hoc
1706 1069 1873 1123 verbo
1938 1077 2095 1122 tenus

509 1165 780 1222 concedit,
823 1176 891 1215 ne
922 1162 1178 1217 videlicet
1220 1161 1405 1215 multis
1448 1161 1785 1228 sapientibus
1818 1160 2096 1214 contradi-

510 1270 635 1309 cere
676 1254 965 1315 videatur,
1011 1269 1126 1308 rem
1179 1254 1389 1308 interea
1436 1252 1606 1321 ipsam
1639 1260 1934 1321 nppttgnat.
1989 1250 2094 1306 Sed

513 1361 618 1399 non
670 1356 753 1400 est
798 1345 899 1414 ipsi
944 1346 1050 1399 hac
1102 1345 1154 1397 in
1209 1360 1266 1397 re
1311 1342 1745 1398 auscultandum.
1793 1341 1926 1396 Nam
1969 1343 2093 1396 (lum

512 1438 723 1490 medico
782 1437 1019 1508 dogmati
1083 1453 1143 1491 se
1195 1434 1645 1499 accommodavit,
1698 1449 1961 1504 suamque
2011 1450 2098 1487 ar-

513 1538 619 1581 tem
646 1529 888 1582 stabilire
916 1537 971 1581 et
998 1528 1385 1582 commendare
1412 1528 1606 1591 voluit,
1628 1527 1875 1582 veritatis
1908 1542 2093 1580 curam

511 1621 734 1689 insuper
780 1620 990 1675 habuit.
1038 1620 1113 1674 De
1162 1621 1445 1673 curatione
1494 1633 1728 1686 namque
1781 1634 2092 1688 corporum,

509 1711 670 1783 481
711 1712 967 1780 quoniam
1002 1711 1055 1764 in
1101 1709 1200 1764 hac
1242 1720 1361 1765 arte
1399 1709 1675 1764 excellens
1715 1708 1819 1763 fuit
1872 1709 2093 1771 artifex,

2199 1706 2397 1760 ἑαυτοῦ
2423 1706 2668 1770 κενώσας
2712 1707 2813 1779 τὴν
2866 1707 3104 1771 σύνεσιν,
3153 1710 3284 1781 περὶ
3325 1709 3505 1780 ψυχῆς
3532 1711 3751 1779 δογματι-

511 1805 598 1856 vir
637 1803 761 1865 ille,
802 1802 1055 1871 loquatur
1085 1818 1216 1857 sane
1248 1818 1348 1857 suo
1379 1804 1684 1856 arbitratu:
1730 1817 1908 1872 neque
1948 1803 2092 1857 enim

2201 1796 2361 1862 ζέτω·
2398 1797 2533 1868 μηδὲ
2563 1798 2865 1852 πιστευέτω
2888 1799 2989 1869 (2),
3023 1800 3081 1853 ὲν
3108 1798 3187 1871 τῷ
3232 1802 3651 1865 κατασκευάζειν
3671 1804 3752 1873 τὴν

512 1896 616 1965 ipsi
650 1895 966 1965 dignitatem
1018 1896 1070 1949 in
1118 1896 1203 1950 his
1248 1895 1409 1950 rebus
1452 1910 1605 1950 suam
1658 1895 1963 1949 detraham.
2024 1894 2096 1948 De

2199 1888 2468 1959 ἁρμονίαν
2509 1887 2618 1941 τῶν
2654 1890 2933 1959 στοιχείων
2977 1885 3118 1943 εἶναι
3156 1892 3359 1961 ψυχήν.
3399 1894 3461 1947 Ei
3497 1894 3597 1964 γὰρ
3622 1895 3750 1946 τοῦτο

512 1989 692 2042 anima
726 2002 857 2041 vero
880 1996 1157 2041 certamen
1189 2000 1313 2039 cum
1346 1987 1684 2055 sapientibus
1710 1999 1780 2039 ne
1810 1984 2093 2053 suscipiat,

2198 1979 2321 2031 καθ’
2358 1979 2615 2032 ὑπόθεσιν
2666 1980 2844 2052 δοθείη
2878 1982 2977 2052 (μὴ
3019 1982 3130 2053 γὰρ
3172 1982 3235 2053 δή
3275 2001 3363 2047 τις
3397 1984 3503 2037 τῶν
3550 1988 3751 2039 συνετῶν

514 2095 686 2148 neque
714 2081 1007 2135 descendat
1049 2080 1101 2132 in
1134 2080 1333 2133 luctam
1356 2120 1370 2147 ,
1398 2080 1451 2133 itt
1487 2095 1591 2150 qua
1625 2094 1729 2133 non
1770 2088 1853 2135 est
1880 2081 2096 2134 exerci-

2198 2071 2340 2125 οὕτω
2367 2072 2730 2143 φρονήσειεν),
2763 2074 2950 2146 ἐπειδὴ
3003 2076 3149 2145 μάλα
3183 2075 3418 2145 ἀλήθεια
3448 2077 3609 2141 οὕτως
3634 2080 3745 2148 ἔχει,

514 2181 659 2226 tatus
688 2181 742 2242 et
773 2171 1282 2239 impraemeditatus,
1319 2187 1498 2242 neque
1530 2186 1651 2227 cum
1685 2171 1757 2226 sit
1787 2171 1989 2227 athleta
2015 2172 2096 2241 ju-

2200 2166 2317 2234 μετ’
2358 2163 2546 2230 αὑτοῦ,
2596 2166 2798 2236 μᾶλλον
2830 2166 2888 2220 δὲ
2940 2166 3080 2237 μετὰ
3110 2168 3203 2221 τοῦ
3261 2167 3514 2239 σώματος
3548 2170 3743 2238 66.53%-

512 2240 713 2315 dicium
747 2262 849 2315 sibi
880 2270 1061 2315 sumat
1088 2262 1154 2316 de
1179 2273 1296 2317 arte
1326 2264 1530 2318 musica
1557 2280 1570 2317 :
1600 2277 1829 2331 cumque
1878 2277 2095 2317 omnem

2200 2271 2372 2309 σεται.
2402 2257 2465 2308 Et
2513 2256 2623 2327 γὰρ
2656 2257 2916 2328 ἁρμονία,
2964 2259 3060 2311 καὶ
3105 2258 3400 2312 τελευταία
3449 2261 3745 2323 συνίσταται,

514 2365 666 2403 suam
695 2350 1039 2417 prudentiam
1082 2352 1228 2406 circa
1284 2367 1515 2422 corpora
1547 2354 1950 2420 consumpserit
1974 2392 1990 2416 ,
2030 2352 2096 2407 de

2198 2349 2292 2401 καὶ
2344 2347 2536 2419 πρώτη
2598 2350 2896 2403 ἀπόλλυται
2939 2349 3014 2422 (ἡ
3068 2350 3176 2423 γὰρ
3209 2350 3354 2421 λύρα
3398 2353 3489 2407 καὶ
3519 2355 3570 2405 αἱ
3596 2352 3747 2423 χορδαὶ

2197 2437 2557 2508 ἀρμοσθεῖσαι
2587 2440 2705 2510 μὲν,
2744 2439 2843 2511 τὴν
2881 2440 3150 2512 ἁρμονίαν
3202 2441 3453 2495 τίκτουσι
3474 2458 3489 2474 ο
3515 2442 3738 2495 διαλυθεῖυ

2201 2547 2291 2582 σαι
2339 2529 2395 2583 δὲ
2428 2530 2623 2600 χρόνον
2656 2530 2777 2583 τινὰ
2824 2531 3159 2601 διαμένουσι,
3206 2533 3305 2601 τῆς
3344 2532 3603 2602 ἁρμονίας
3633 2548 3742 2604 προ⁴

2196 2619 2539 2692 απολομένης
2561 2639 2574 2651 ·
2614 2621 2687 2692 (τί
2718 2617 2811 2675 οὖν
2838 2622 2972 2692 φαίη
2992 2625 3020 2676 ὁ
3042 2622 3321 2691 βέλτιστος
3354 2624 3478 2693 περὶ
3504 2624 3601 2676 τῶν
3626 2625 3743 2693 παρὰ

2199 2716 2454 2784 ποιηταῖς
2482 2714 2579 2767 καὶ
2617 2715 2929 2785 φιλοσόφοις
2967 2716 3062 2768 καὶ
3105 2715 3742 2787 λογογράφοιςφιλοσοφη-

2200 810 2330 862 ματι
2385 792 2714 863 μαχόμενος,
2747 791 2984 862 τοῦνομα
3025 796 3317 862 συγχωρεῖ.
3367 794 3504 847 Ἀλλ’
3526 797 3583 848 οὐ
3609 815 3752 865 7:903-

2196 885 2380 938 εκτέον
2405 884 2553 955 αὐτῷ
2572 886 2629 937 ὲν
2652 884 2846 955 τούτῳ.
2875 884 2964 951 Τῷ
2993 885 3102 954 γὰρ
3133 885 3359 956 ἰατρικῷ
3396 886 3614 957 δόγματι
3641 890 3750 940 ἐπό-

2201 991 2380 1045 μενος,
2406 976 2500 1029 καὶ
2519 975 2617 1047 τὴν
2646 974 2780 1028 ἰδίαν
2796 977 2995 1045 τέχνην
3023 977 3287 1047 συστῆναι
3317 977 3643 1048 βουλόμενος,
3665 980 3751 1049 τῆς

2195 1066 2453 1137 ἀληθείας
2485 1068 2588 1121 οὐκ
2626 1068 2934 1139 ἐφρόντισε.
2979 1068 3261 1139 Σωμάτων
3305 1071 3418 1142 γὰρ
3466 1073 3589 1141 περὶ
3608 1071 3749 1141 θερα-

2197 1156 2378 1221 πείας,
2405 1158 2591 1229 ἐπειδὴ
2618 1158 2868 1229 τεχνίτης
2894 1160 2952 1211 ἐν
2978 1159 3152 1232 ταύτῃ
3182 1162 3210 1212 ὁ
3229 1161 3368 1232 ἀνὴρ
3390 1148 3749 1233 περιελαλείτο,

2197 1358 2309 1406 τοις
2339 1343 2497 1407 ἀξίαν
2520 1342 2564 1415 ),
2594 1344 2773 1415 ψυχῆς
2827 1344 2872 1396 δ’
2927 1344 3115 1397 ἕνεκεν
3171 1346 3246 1415 μὴ
3300 1345 3614 1416 ἁμιλλᾶσθαι
3658 1352 3752 1411 τοῖς

2200 1434 2549 1504 σοφωτέροις,
2595 1435 2730 1505 μηδὲ
2782 1435 3165 1489 καταϐαινέτω
3202 1440 3283 1500 είς
3328 1438 3535 1506 ἀγῶνα,
3571 1435 3626 1494 οὗ
3675 1442 3752 1493 καὶ

2197 1522 2501 1594 ἀνάσκητος
2536 1525 2654 1578 ἐστι
2688 1524 2785 1577 καὶ
2822 1525 3192 1595 ἀμελέτητος·
3253 1527 3392 1597 μηδὲ
3440 1527 3661 1598 ἀθλητὴς
3691 1528 3752 1580 ὢν

2196 1612 2295 1685 τὴν
2333 1616 2599 1685 μουσικὴν
2644 1615 2899 1686 κρινέτωσ
2955 1616 3090 1687 μηδὲ
3135 1618 3365 1689 περὶτὰ
3406 1618 3622 1689 σώματι
3647 1622 3752 1690 ὅλην

516 2439 692 2492 anima
729 2454 795 2493 ne
844 2440 1021 2493 tradat
1054 2442 1305 2509 dogmata
1334 2459 1347 2494 :
1402 2454 1577 2511 neque
1606 2441 1828 2505 credat,
1859 2442 2097 2494 animam

513 2533 816 2587 consistere
858 2533 910 2586 in
941 2532 1281 2586 concilianda
1319 2533 1602 2587 harmonia
1636 2543 1692 2587 et
1721 2545 2099 2600 contempera—

517 2624 663 2677 tione
706 2624 1116 2681 elementorum.
1153 2623 1209 2678 Si
1242 2624 1385 2679 enim
1418 2624 1521 2680 hoc
1551 2625 1652 2694 ipsi
1693 2640 1761 2680 ex
1810 2624 2097 2696 hypothcsi

515 2718 673 2769 detur
707 2715 892 2784 (nemo
923 2718 1069 2770 enim
1106 2716 1324 2786 sapiens
1368 2716 1440 2769 ita
1481 2730 1547 2770 ex
1581 2717 1765 2770 animo
1796 2716 2095 2787 Senserit):

514 2808 558 2861 si
592 2808 810 2876 quidem
843 2808 916 2861 ita
959 2822 1018 2861 se
1069 2808 1234 2863 habet
1264 2807 1341 2863 rei
1371 2808 1574 2861 veritas
1595 2846 1610 2872 ,
1657 2822 1782 2862 cum
1810 2808 1927 2876 ipso
1958 2820 2096 2860 tem-

2199 2806 2420 2872 θέντων,
2455 2806 2533 2870 ὡς
2563 2808 2739 2879 πάντη
2787 2824 2849 2861 τε
2885 2808 2981 2861 καὶ
3030 2808 3251 2872 πάντως
3321 2809 3584 2879 ἐσομένων
3616 2809 3665 2861 ἐν
3689 2811 3739 2877 τῇ

515 2915 641 2969 pera
652 2909 852 2964 mento,
873 2899 958 2953 vel
975 2901 1152 2967 potius
1174 2914 1279 2952 uua
1302 2914 1424 2953 cum
1450 2912 1676 2967 corpore
1696 2898 1873 2952 anima
1895 2898 2096 2952 exstin-

2198 2899 2376 2969 κρίσει
2436 2900 2843 2970 κολαστηρίων;
2920 2901 3083 2953 Ποῖον
3146 2901 3206 2955 δὲ
3281 2902 3451 2972 γέρας
3494 2903 3596 2963 τοῖς
3643 2900 3741 2972 τῇδε

514 3000 729 3060 guetur.
767 2988 824 3043 Si
851 2990 998 3044 enim
1023 2990 1203 3044 anima
1239 2999 1321 3044 est
1350 2989 1660 3054 harmonia,
1684 2998 1795 3043 tum
1826 2999 1880 3042 et
1908 2989 2095 3042 ultima

2200 2991 2409 3061 βιοῦσιν
2461 2990 2639 3062 ὀρθῶς
2670 2991 2982 3059 ὲπινοήσει;
3018 2993 3145 3055 Τοῖς
3172 2992 3284 3064 γὰρ
3328 2993 3470 3046 οὕτω
3506 2993 3740 3046 mittim-

514 3082 899 3148 constituetur,
929 3084 1173 3151 etprima
1200 3084 1516 3151 perimetur.
1552 3082 1694 3153 Lyra
1713 3082 1859 3137 enim
1887 3091 1941 3136 et
1964 3082 2096 3136 lides

2203 3082 2407 3151 μένοις,
2445 3082 2522 3145 ὡς
2564 3081 2634 3136 τὰ
2672 3081 2865 3146 πολλὰ,
2911 3077 3049 3135 ἆθλα
3088 3083 3365 3152 μεγίστων
3390 3084 3461 3153 (3)
3492 3085 3644 3138 πόνων
3670 3084 3741 3135 καὶ

516 3172 854 3226 concinnatae
888 3173 1106 3242 quidem
1138 3182 1447 3242 aptataeque
1476 3185 1799 3228 concentum
1837 3173 2093 3243 pariunt:

2203 3172 2444 3244 ἱδρώτων
2485 3174 2682 3243 μεστὰ,
2718 3173 2825 3237 ἓως
2848 3174 2946 3243 τῆς
2986 3174 3175 3227 ἐνθάδε
3212 3176 3473 3249 τελευτῆς
3499 3176 3737 3247 προετέθη.

515 3265 798 3319 dissoluta:
828 3281 957 3320 vero
993 3267 1062 3319 ad
1089 3275 1303 3334 tempus
1336 3266 1555 3334 aliquod
1602 3275 1842 3327 manent,
1871 3266 2090 3319 harmo-

2205 3267 2305 3319 Ποῖ
2330 3265 2388 3317 δὲ
2430 3264 2530 3335 τὴν
2577 3265 2850 3335 τιμωρίαν
2884 3266 3045 3337 ὁριεῖ,
3084 3268 3197 3329 τοῖς
3241 3268 3447 3321 κακίαν
3475 3269 3565 3338 μὲν
3599 3268 3738 3319 πᾶσαν

516 3354 605 3407 nia
641 3354 791 3421 prius
814 3354 1108 3407 exstincta.
1143 3352 1281 3419 Quid
1314 3364 1494 3408 autem
1522 3354 1761 3423 optimus
1796 3353 1885 3407 ille
1918 3351 2096 3424 (Gale-

2209 3353 2642 3424 μεταδιώκουσιν
2676 3354 2783 3419 ἓως
2815 3354 3070 3422 θανάτου,
3125 3358 3221 3410 καί⁵
3244 3357 3480 3411 πλούτου
3507 3357 3589 3411 καὶ
3611 3356 3737 3426 τιμῆς

470 3462 473 3463 ⁷
515 3444 640 3513 nus)
677 3444 921 3499 dicturus
955 3454 1042 3499 est
1070 3444 1138 3500 de
1171 3444 1238 3498 iis
1269 3459 1390 3514 qua:
1435 3445 1575 3513 apud
1607 3454 1797 3514 poetas
1841 3455 1897 3499 et
1925 3444 2096 3513 philo-

2204 3446 2576 3511 ἁπολαύουσις
2641 3446 2767 3509 Πῶς
2816 3447 3198 3518 διερμηνεύσει
3243 3450 3350 3521 τὴν
3403 3449 3526 3520 παρ’
3561 3448 3737 3517 Ὁμήρῳ

514 3539 717 3602 suphos
763 3545 819 3589 et
873 3545 1121 3591 oratores
1147 3537 1420 3606 disputata
1456 3546 1583 3590 sunt
1608 3537 1835 3604 passim,
1871 3537 2013 3606 quod
2045 3538 2096 3591 itt

2205 3537 2302 3590 τοῦ
2332 3534 2645 3605 λογιστικοῦ
2674 3536 2814 3609 πρὸς
2848 3539 2907 3591 τὸ
2934 3539 3166 3611 θυμικὸν
3190 3541 3515 3611 παραίνεσιν
3534 3557 3547 3570 ·

516 3633 765 3680 extremo
792 3625 996 3694 judicio
1021 3628 1223 3697 ubique
1251 3636 1306 3681 et
1344 3627 1567 3682 omnino
1614 3626 1795 3681 l‘utura
1831 3628 1941 3681 sint
1971 3627 2465 3698 supplicia?Quale
2486 3643 2617 3683 vero
2678 3629 2961 3698 praemium
2987 3632 3051 3687 iis
3116 3634 3207 3703 qui
3267 3633 3412 3687 hanc
3454 3632 3601 3685 vitam
3625 3636 3735 3684 recte

517 3718 980 3789 laudabiliterque
1012 3731 1393 3791 transegerunt
1421 3722 1445 3775 ?
1477 3721 1677 3791 quique
1719 3722 1793 3776 ita
1820 3737 1912 3778 res
1978 3724 2329 3792 rationesque
2362 3739 2487 3778 suas
2562 3724 2955 3794 instituerunt,
3005 3736 3064 3781 ιιι
3127 3729 3301 3782 multa
3350 3728 3622 3784 certamina
3648 3741 3733 3779 nta-

516 3809 682 3865 ximis
716 3809 992 3866 laboribus
1026 3827 1090 3866 ac
1132 3814 1423 3868 sudoribus
1451 3813 1607 3884 plena
1634 3815 1700 3870 ad
1736 3815 1897 3870 linem
1931 3831 2106 3887 usque
2141 3816 2300 3885 huius
2331 3818 2463 3872 vitae
2510 3818 2643 3887 ipsis
2684 3817 2892 3875 fuerint
2941 3822 3263 3891 proposita?
3316 3822 3416 3878 Ubi
3475 3836 3588 3876 vero
3641 3833 3735 3885 sup-

516 3902 739 3971 plicium
775 3903 881 3958 illis
912 3902 1135 3957 deliuiet
1158 3944 1173 3969 ,
1204 3905 1293 3973 qui
1334 3919 1553 3959 omnem
1587 3904 1990 3976 improbitatem
2027 3907 2095 3961 ad
2137 3918 2366 3963 mortem
2416 3922 2589 3978 usque
2654 3918 2938 3965 sectantur
2964 3950 2980 3976 ,
3032 3912 3235 3966 interea
3271 3922 3452 3966 tamen
3500 3910 3671 3965 divitiis
3694 3915 3732 3960 σει

518 3998 725 4052 honore
756 3997 1196 4065 lruuntur?Quo
1222 4000 1381 4054 modo
1451 4009 1629 4054 autem
1698 4000 1842 4055 illam
1915 4004 2055 4073 apud
2094 4002 2388 4059 Homerum
2474 4002 2903 4061 admonitionem
2966 4005 3461 4076 interpretabitur,
3509 4019 3600 4074 qua
3639 4015 3733 4071 pm

518 4090 713 4143 animae
742 4090 953 4145 ratione
985 4092 1207 4159 praedita
1241 4092 1409 4145 utitur
1438 4091 1502 4146 ad
1540 4092 1869 4149 irascibilem
1901 4093 2249 4152 facultatem:

659 4204 767 4259 Cor
805 4206 970 4274 διέπειν
1002 4205 1257 4272 patiens?

521 4296 802 4363 Quomodo
842 4298 947 4351 hoc
978 4312 1106 4351 vero
1136 4297 1403 4366 accipiet:

660 4385 846 4441 Manet
876 4403 1037 4457 usque
1070 4388 1279 4452 anima,
1312 4397 1363 4442 et
1402 4388 1542 4441 subit
1581 4392 1801 4444 arcum?

521 4479 802 4547 Quomodo
832 4478 958 4531 item
989 4478 1131 4531 istud
1160 4494 1175 4530 :

665 4568 816 4624 Certe
854 4567 1059 4638 aliquid
1104 4566 1324 4621 restabit
1352 4564 1422 4619 ad
1451 4568 1676 4621 arcum?

2355 4210 2618 4278 Τέτλαθι,
2658 4211 2908 4282 κραδίη;

2208 4301 2333 4365 Πῶς
2360 4303 2438 4365 δὲ,

2352 4392 2526 4462 Ψυχή
2560 4411 2623 4448 τε
2650 4394 2839 4465 μένει,
2868 4395 3137 4452 Ἄϊδόσδε
3159 4397 3445 4466 ,βεϐήκεις

2206 4484 2333 4549 Πῶς
2362 4485 2448 4550 δὲ,

2353 4571 2440 4631 Ἦ
2461 4576 2539 4645 ῥά
2564 4578 2624 4631 τί
2653 4578 2785 4633 ἐστι
2810 4579 2909 4633 καὶ
2939 4581 3032 4633 ειν
3071 4579 3272 4634 Ἀΐδαο
3305 4579 3591 4648 δόμοισινῖ

523 4682 677 4749 Quod
706 4679 842 4735 nihil
867 4689 955 4734 est
980 4678 1150 4745 aliud,
1194 4692 1357 4747 quam
1432 4692 1623 4732 revera
1659 4679 1731 4732 ibi
1767 4692 1983 4747 quoque
2011 4678 2096 4734 ali-

2207 4688 2275 4741 Ὅ
2308 4689 2477 4751 ἐστιν,
2524 4690 2739 4761 ἀληθῶς
2771 4691 2837 4764 δὴ
2893 4691 3011 4746 ἐστι
3061 4712 3115 4747 τι
3159 4694 3343 4750 κάκεῖ.
3374 4694 3493 4758 Πῶς
3518 4693 3569 4748 δὲ
3596 4690 3721 4761 Εὐρε-

523 4773 655 4844 quid
687 4771 973 4841 supererit.
1020 4769 1301 4837 Quomodo
1352 4779 1531 4823 autem
1571 4768 1894 4837 Euripides,
1942 4784 2096 4840 quem

2216 4778 2398 4850 πίδης,
2432 4780 2491 4834 ὃν
2519 4782 2683 4851 σοφὸν
2733 4779 2873 4837 εἶναι
2918 4784 3127 4855 ὁρίζετε
3153 4786 3254 4857 (4),
3286 4786 3413 4857 ἔφη·

524 4866 822 4937 sapientem
856 4878 979 4918 esse
1014 4862 1227 4926 dicitis,
1258 4863 1360 4916 hoc
1389 4861 1759 4930 pronuntiavit
1787 4878 1801 4914 :

664 4955 807 5012 Bene
842 4969 904 5009 ac
934 4955 1083 5009 beate
1108 4957 1164 5009 in
1191 4954 1366 5025 infera
1394 4954 1490 5009 tibi
1522 4955 1591 5009 sit
1623 4955 1778 5007 domo
1800 4954 1826 5007 ?

2356 4951 2441 5011 Εὖ
2483 4972 2584 5011 σοι
2613 4956 2847 5027 γένοιτο
2881 4960 2982 5014 καὶ
3016 4960 3087 5015 ἐν
3113 4962 3285 5031 ἇῖδος
3323 4963 3523 5033 δόμοις
3556 4958 3647 5030 (5);

1627 5105 1866 5161 VARIAE
1907 5104 2302 5163 LECTIONES
2333 5106 2423 5162 ET
2460 5107 2694 5163 NOTAE.

597 5270 673 5341 (Ι)
708 5268 851 5341 Idem
884 5264 1328 5341 σθω-,πράγματι
1358 5264 1509 5341 ponit
1538 5262 1669 5330 γάρ’
1705 5268 1762 5316 et
1785 5274 1932 5315 vers.
1971 5260 2097 5316 inde

522 5341 579 5403 2,
607 5334 723 5413 ’ρὲογ
744 5334 1104 5413 ibim-scribit
1130 5334 1357 5413 οἰκείαν.
1387 5335 1605 5389 Possm.
1635 5402 1646 5413 .

599 5399 673 5482 (:2)
707 5412 837 5464 (20d.
878 5407 1000 5482 Yat.
1056 5404 1362 5482 πιστευέτω
1391 5415 1610 5482 mutat“
1635 5402 1689 5482 in_
1736 5399 2096 5482 πιστευέσθω.

526 5471 688 5535 νεὶ-ἐ.
724 5482 846 5551 inde
876 5480 931 5545 '5,
960 5493 1073 5551 Apro
1096 5475 1250 5551 tth
1279 5475 1431 5545 ponit
1488 5473 1644 5551 μηδὲᾶ
1667 5473 1753 5551 ἡκ
1772 5471 1924 5551 V_ers.
1956 5486 2101 5551 _seq.

524 5560 648 5621 post
679 5549 845 5621 αξιτοῦ
870 5539 1015 5603 addit
1041 5539 1236 5621 viget
1267 5539 1364 5615 pro
1396 5539 1843 5621 perdt:subs'tituit
1864 5539 1992 5621 οπρῤε
2027 5540 2101 5593 lo.

597 5622 674 5689 (5)
718 5619 861 5673 ldctu
896 5621 1016 5689 cod.
1053 5609 1323 5689 μεγίστὼν
1357 5609 1529 5689 mutat
1555 5615 1605 5689 in
1631 5609 1922 5689 μέγιστα(
1948 5609 2105 5689 vers.

526 5675 712 5760 post'b'
744 5692 884 5743 inter
909 5688 1013 5760 ἓως
1042 5675 1096 5741 et
1135 5675 1370 5760 θανάτου
1412 5686 1601 5740 inserit
1627 5675 1704 5735 δ’έ·
1727 5675 1945 5760 ὸιλινετε,
1984 5681 2107 5760 itide
2278 5675 2477 5760 Notum
2514 5692 2730 5760 quoque
2780 5678 2847 5732 de
2897 5678 3155 5760 Euripide
3195 5686 3459 5760 Ciceronis
3492 5683 3721 5760 judicium.

531 5749 693 5812 iertio
723 5774 820 5828 pro
848 5775 907 5810 τε
942 5758 1092 5833 μένει
1147 5758 1360 5833 legit_in_
1396 5765 1648 5833 contextu
1674 5751 2012 5833 cxt'o‘vattévq
2050 5759 2105 5803 ct
2206 5757 2469 5833 quantum
2495 5749 2717 5833 singulis
2740 5762 2876 5816 pene
2903 5749 3150 5833 versibus
3173 5756 3286 5833 ejtts
3319 5749 3719 5833 tribuerinnlltttr.

530 5842 562 5883 e
596 5817 791 5898 regfiu
823 5817 1066 5897 margine
1095 5817 1314 5897 apponit
1348 5825 1638 5895 ἱπταμένη.
1673 5820 1748 5875 Ιυ.
1878 5817 1890 5822 ⁷
2002 5817 2012 5822 ’

2279 5817 2354 5886 κδ)
2386 5817 2471 5871 Εὖ
2503 5833 2601 5871 σοι
2630 5819 2861 5888 γένειτο
2892 5820 2989 5872 καὶ
3018 5821 3089 5874 ἐν
3125 5817 3312 5890 Ἃῗδος
3342 5824 3547 5894 δόμοις.
3570 5819 3715 5873 Ριιῡιοκ

2273 5259 2351 5331 (4)
2386 5261 2751 5330 Εὐριπίδης,
2801 5262 2875 5316 ὃν
2918 5265 3117 5334 σοφὸν
3163 5262 3318 5321 εἶναι
3374 5262 3724 5335 ὀρίζέτεηΝοιί

2208 5402 2492 5471 sapientia:
2531 5402 2584 5456 in
2614 5404 2805 5472 primis
2834 5405 2986 5459 clari.

2282 5514 2860 5594 ξοςρρςοΣοξοκλῆς,
2888 5519 3231 5594 σοφώτερος
3253 5522 3305 5576 δ’
3327 5522 3649 5591 Εὐριπίδης

2296 5586 2558 5653 Ἀνδρῶν
2585 5587 2637 5638 δ’
2666 5586 2948 5641 ἁπάντων
2969 5586 3287 5661 Σωκράὲης
3322 5586 3650 5663 σοέεὼτατος.

2196 1249 2273 1312 ὡς
2300 1249 2547 1319 βούλεται
2582 1252 2665 1322 (οὐ
2695 1250 2805 1322 γὰρ
2825 1252 3203 1323 ἀφαιρήσομαι
3233 1253 3399 1306 αὐτοῦ
3420 1255 3517 1325 τὴν
3545 1256 3629 1307 ἐπὶ
3651 1254 3753 1307 τοὺ-

2205 5343 2333 5413 sunt
2380 5345 2596 5413 versus,
2637 5344 2889 5413 quo_tres
2938 5333 3082 5413 inter
3125 5351 3187 5393 se
3232 5333 3566 5394 conferuntur
3608 5333 3728 5388 laude
3812 5406 3813 5413 γ

3808 5544 3811 5589 l
