3886 6420
211 387 311 444 1W1

1025 386 1564 459 EPISTOLARUM
1603 392 1746 452 LIB.
1791 393 1888 452 IV.
1921 417 1991 426 -
2030 393 2265 453 EPIST.
2306 395 2516 454 CXXV.

3262 389 3396 454 1202

207 487 306 548 Πῶς
328 484 395 546 δὲ,
415 484 458 536 εί
487 483 719 554 ἁρμονία
746 486 820 557 (6)
849 487 956 560 εἴη,
989 492 1068 555 εἰς
1095 493 1468 564 ἀναρμοστίαν
1493 498 1726 562 μεταπί-

1836 501 2113 566 Quomodo
2140 513 2321 557 autem
2349 540 2366 567 ,
2393 503 2439 556 si
2468 503 2745 556 harmonia
2790 503 3033 572 quasdam
3081 509 3166 558 est
3193 503 3394 566 anima,

205 593 323 638 πτει,
339 573 423 628 καὶ
438 573 668 643 ἄμουσον
695 579 790 630 καὶ
815 579 1025 650 ἀπηχὲς
1047 585 1300 637 ἀποτελεῖ
1317 586 1476 655 μέλος
1497 606 1510 652 ;
1541 588 1604 640 'H
1625 590 1725 658 μὲν

205 669 289 735 γὰρ
304 665 450 736 ἀρετὴ
468 666 696 734 ἐμμελές
715 686 769 721 τι
785 671 880 724 καὶ
898 674 1237 744 ἐναρμόνιον·
1254 678 1357 748 ἡδὲ
1379 679 1544 731 κακία
1560 680 1727 749 ἄμου-

210 773 284 808 σον
307 756 389 808 καὶ
420 755 640 826 ἀπηχὲς.
668 759 792 823 Πῶς
825 760 882 813 δὲ
906 762 1147 818 ἐπαινεῖν
1166 767 1335 819 οἴεται
1364 768 1473 821 δεῖν
1489 767 1614 832 τοὺς
1629 771 1727 835 τὰς

203 849 468 918 ἐπιστήμας
485 849 780 918 μετιόντας,
795 853 928 923 εἴγε
948 854 1057 910 ἀπὸ
1083 859 1332 928 κράσεως
1354 855 1462 915 εἶεν
1484 863 1693 917 τοιοῦτο
1711 880 1725 928 ;

207 939 305 1001 Πῶς
319 937 366 990 δὲ
389 937 529 1006 ψέξει
560 941 687 1004 τοὺς
709 942 809 1006 τὰς
849 949 1264 1018 ματαιοτεχνίας
1285 953 1729 1024 μεταχειριζομέ-

202 1045 319 1090 νους,
337 1031 378 1080 εξ
397 1030 493 1082 ὑπὸ
513 1030 728 1098 φύσεως
742 1035 820 1098 είς
837 1036 1008 1089 ταῦτα
1031 1039 1558 1114 ὲπαιδοτριϐήθησαν
1574 1062 1588 1110 ;
1605 1046 1729 1110 Πῶς

202 1117 248 1171 δὲ
276 1119 478 1193 διαϐάλῃ
502 1122 593 1175 τὸν
624 1123 733 1176 ἀπὸ
786 1126 895 1180 τῶν
924 1128 1214 1198 εὐμόρφων
1264 1136 1532 1205 σωμάτων
1572 1154 1728 1207 πορι-

202 1209 330 1277 σμὸν,
354 1211 456 1279 εἴγε
483 1214 514 1282 ή
547 1215 741 1283 κρᾶσις
774 1216 932 1272 τοῦτο
963 1223 1328 1294 προύξένησε;
1362 1225 1484 1290 Πῶς
1513 1227 1568 1280 δὲ
1596 1227 1731 1280 ἀπο-

202 1299 448 1370 λογήσεται
479 1307 603 1375 περὶ
631 1307 739 1359 τῶν
768 1309 888 1363 καθ’
916 1312 1154 1385 ἑκάστην
1188 1316 1405 1387 ἡμέραν
1427 1320 1731 1390 γινομένων

203 1394 501 1460 μεταϐολῶν;
539 1395 732 1452 Πολλοὶ
783 1401 881 1470 μὲν
913 1404 1020 1475 γὰρ
1064 1406 1312 1476 ἀσελγεῖς
1346 1411 1424 1472 είς
1452 1411 1731 1480 σωφροσύ-

200 1499 278 1548 νην
296 1485 585 1555 ἀνέπτησαν
604 1505 619 1520 ·
652 1490 836 1544 πολλοὶ
859 1493 913 1546 δὲ
950 1495 1225 1566 σώφρονες
1253 1498 1331 1569 (7)
1365 1503 1446 1564 είς
1476 1501 1731 1570 λαγνείαν

199 1577 658 1633 καταπεπτώκασιν
683 1599 696 1611 ·
721 1584 783 1635 οὐ
814 1585 921 1655 γὰρ
944 1587 1006 1657 δὴ
1043 1590 1075 1660 ἡ
1105 1591 1302 1660 κρᾶσις
1326 1591 1402 1663 (8)
1439 1594 1750 1662 μετέπεσεν
1797 1600 1801 1603 ’

197 1664 284 1756 vim
304 1665 400 1756 γάρ
427 1667 575 1731 ὄντες
611 1671 756 1734 τινὲς
784 1674 876 1726 καὶ
917 1677 1190 1745 ἀσελγεῖς,
1236 1683 1294 1733 ἐν
1323 1682 1459 1753 αὐτῇ
1486 1686 1549 1754 τῇ
1578 1686 1729 1756 ἀκμῇ

195 1754 276 1821 τῆς
301 1755 499 1826 ήλικίας
526 1761 609 1824 εἰς
631 1765 964 1835 κοσμιότητα
1000 1769 1305 1840 ἐπανῆλθον
1328 1786 1340 1799 ·
1375 1773 1434 1825 οὐ
1469 1775 1569 1843 τῆς
1594 1754 1730 1847 κράλ

198 1861 307 1905 σεως
334 1848 387 1899 ἐν
424 1851 605 1922 ταυτῷ
658 1856 1088 1928 μεταϐληθείσης
1109 1902 1122 1924 ,
1165 1836 1310 1917 ⁷ιίιλλὰ
1341 1868 1439 1935 τῆς
1467 1836 1728 1939 προαιρέ-
1765 1836 1805 1889 Β

197 1955 310 2004 σεως
330 1943 765 2014 κατορθωσάσης.
814 1947 956 2003 Ἀλλ’
987 1951 1074 2005 ἵνα
1114 1953 1188 2025 μὴ
1221 1957 1401 2021 πάσας
1434 1957 1608 2026 λέγων
1629 1959 1729 2024 τὰς

194 2035 527 2124 γεγενημένας
596 2039 902 2106 μεταϐολὰς
964 2043 1192 2112 μηκύνω
1257 2045 1356 2118 τὴν
1415 2049 1726 2124 ἐπιστολὴν,

193 2120 360 2187 vita;
384 2125 559 2194 ἀφεὶς,
601 2129 694 2181 ἐπὶ
723 2130 821 2202 τὴν
851 2131 1078 2196 δόξασαν
1129 2135 1278 2207 αὑτῷ
1329 2139 1557 2209 ἰσχυρὰν
1585 2120 1730 2196 ἀντι-

193 2211 351 2279 λογίαν
378 2219 631 2286 χωρήσω.
675 2221 772 2284 Τίς
810 2218 902 2276 οὖν
940 2224 1086 2278 ἐστιν
1136 2225 1307 2298 aibat};
1343 2230 1403 2282 Ei
1443 2231 1725 2299 ἀθάνατος,

193 2305 576 2379 φησὶνοήψυχὴ,
606 2313 681 2375 ὡς
702 2316 730 2366 ό
760 2309 984 2369 Πλάτων
1015 2315 1286 2386 βούλεται,
1317 2320 1403 2374 διὰ
1424 2322 1475 2373 τί
1503 2323 1731 2392 χωρίζε-

190 2409 263 2448 ται
292 2397 590 2469 ψυχθέντως
626 2402 700 2474 (9)
741 2406 1005 2477 σφοδρῶς,
1035 2407 1068 2477 ἢ
1099 2409 1664 2482 ὑπερξηρα[ν]θέντοςν
1693 2413 1727 2484 ἧ

193 2487 660 2562 ὑπερυγρανθέντος
703 2497 797 2550 τοῦ
830 2500 1170 2569 ὲγκεφάλου;
1211 2503 1355 2574 Πρὸς
1393 2504 1598 2576 ταύτην
1627 2523 1730 2559 τοι·

189 2583 359 2651 γαροῦν
384 2585 481 2654 τὴν
519 2587 813 2659 ἐρώτησιν,
862 2593 1058 2663 παρεὶς
1083 2593 1146 2646 τὸ
1175 2595 1390 2662 ἐλέγξαι
1435 2597 1615 2661 αὐτὸν,
1647 2601 1728 2652 ὅτι

189 2673 413 2740 πολλάκις
441 2680 504 2731 ἐκ
530 2679 625 2733 τοῦ
662 2683 915 2753 σφυγμοῦ
938 2724 953 2749 ,
987 2684 1046 2738 ὃν
1079 2685 1211 2750 ἴσως
1254 2689 1518 2758 ἁρμονίαν
1552 2690 1726 2757 καλεῖ,

187 2762 384 2821 Θάνατόν
404 2786 514 2822 τισι
558 2773 839 2840 προειπὼν
869 2775 964 2828 καὶ
1012 2775 1156 2846 ζωὴν
1194 2777 1374 2840 ἄλλοις
1405 2781 1731 2848 ἐπαγγειλά-

190 2871 340 2922 μενος,
364 2859 651 2930 διήμαρτε,
675 2863 784 2916 τῶν
816 2865 915 2933 μὲν
943 2864 1244 2936 ζησάντων,
1278 2870 1385 2922 τῶν
1410 2871 1467 2923 δὲ
1502 2872 1730 2925 τεθνεώ-

183 2963 300 2999 των·
327 2950 492 3016 οὕτως
531 2954 633 3025 τὴν
680 2954 874 3027 τέχνην
906 2961 1265 3030 στοχαστικὴν
1297 2956 1463 3015 οὖσαν
1498 2963 1730 3034 τάληθὲς

183 3037 461 3109 διαφεύγει·
501 3047 701 3115 παρεὶς
740 3047 798 3100 δὲ
846 3049 1086 3112 κάκεῖνο,
1131 3053 1214 3104 ὅτι
1255 3053 1463 3107 πολλῶν
1493 3055 1729 3127 δηλητη-

1828 594 1894 646 ad
1926 593 2071 646 illam
2101 594 2581 649 inconcinnitatem
2615 595 2886 650 delabitur
2909 633 2925 658 ,
2958 603 3017 649 ut
3064 597 3198 649 rude
3235 605 3396 663 atque

1827 685 2119 739 absurdum
2166 685 2432 754 quoddam
2463 687 2587 741 edat
2617 685 2880 739 carmen?
2921 683 3104 738 Virtus
3140 683 3286 738 enim
3311 694 3398 737 est

1828 777 2153 831 concinnum
2198 776 2452 844 quiddam
2489 784 2654 846 atque
2705 777 2966 844 elegans;
3024 777 3214 830 vitium
3269 790 3396 828 vero

1828 877 2014 922 contra
2051 869 2281 921 absurda
2317 881 2404 922 res
2427 877 2481 922 et
2509 882 2613 922 non
2640 883 2896 923 consona.
2928 867 3208 935 Quomodo
3237 881 3398 936 porro

1832 959 2129 1014 laudandos
2157 960 2437 1014 existimat
2461 975 2577 1023 eos,
2619 961 2711 1031 qui
2742 961 2996 1016 scientias
3021 959 3395 1021 excoluerunt,

1829 1052 1876 1106 si
1901 1051 2084 1106 nescio
2124 1050 2280 1120 cujus
2324 1053 2736 1121 temperamenti
2784 1050 3048 1106 beneﬁcio
3091 1050 3222 1105 tales
3271 1049 3396 1103 facti

1831 1143 1996 1197 sunt?
2032 1142 2148 1210 Qua
2193 1143 2324 1198 item
2359 1143 2570 1198 ratione
2601 1142 2930 1212 vituperabit
2957 1155 3052 1198 eos
3075 1181 3090 1207 ,
3124 1141 3216 1211 qui
3243 1141 3401 1195 vanis

1831 1235 2037 1289 artibus
2073 1235 2237 1290 dediti
2269 1233 2489 1289 fuerunt
2511 1273 2527 1300 ,
2553 1235 2598 1289 si
2632 1248 2662 1287 a
2704 1244 2894 1289 natura
2929 1234 2997 1287 ad
3035 1232 3136 1286 has
3164 1231 3398 1286 instituti

1832 1324 2132 1392 imbutique
2156 1325 2329 1379 sunt?
2377 1324 2660 1391 Quomodo
2702 1324 2831 1378 item
2863 1322 3222 1392 reprehendet
3249 1335 3396 1384 eum,

1831 1415 1922 1484 qui
1953 1430 2016 1470 ex
2067 1414 2322 1471 formosis
2364 1415 2686 1484 corporibus
2717 1412 3013 1484 percipitur
3039 1451 3056 1478 ,
3109 1421 3395 1482 quiestum,

1831 1507 1877 1560 si
1913 1506 2129 1576 quidem
2167 1521 2290 1560 eum
2339 1506 2651 1562 conciliavit
2703 1504 3236 1576 temperamentum?
3284 1501 3402 1569 Quo

1832 1608 2014 1652 autem
2048 1607 2206 1666 pacto
2235 1597 2488 1653 defendet
2505 1611 2598 1653 eas
2616 1613 2738 1668 quae
2759 1597 2998 1666 quotidie
3025 1596 3162 1650 ﬁunt
3191 1608 3400 1648 morum

1835 1685 2204 1740 mutationes?
2228 1684 2378 1740 Multi
2407 1700 2637 1756 namque
2671 1686 2868 1755 impuri
2898 1701 2963 1740 ac
2992 1683 3265 1740 libidinosi
3308 1683 3400 1751 qui

1834 1770 2091 1837 fuerant,
2143 1773 2209 1826 ad
2265 1772 2534 1828 castitatis
2583 1774 2820 1828 studium
2871 1789 2994 1831 sese
3025 1773 3394 1836 contulerunt,

1833 1865 2030 1920 multos
2051 1880 2082 1920 e
2119 1876 2308 1921 contra
2336 1865 2710 1936 temperantiae
2741 1875 3044 1922 sectatores
3071 1863 3402 1933 impuritatis

1831 1957 2053 2012 morbus
2088 1956 2321 2023 invasit;
2371 1971 2547 2026 neque
2571 1972 2700 2014 vero
2743 1957 2811 2013 de
2863 1959 2993 2026 ipsis
3045 1957 3148 2012 dici
3204 1965 3400 2026 potest,

1833 2056 2315 2116 temperamentum
2344 2063 2464 2104 esse
2487 2058 2772 2103 mutatum.
2804 2047 3034 2115 Quidam
3059 2049 3202 2102 enim
3225 2047 3402 2102 adhuc

1831 2138 2205 2195 adolescentes
2227 2149 2280 2194 et
2304 2140 2608 2206 libidinosi,
2657 2140 2712 2195 in
2754 2139 2873 2209 ipso
2903 2138 3088 2210 vigore
3127 2139 3302 2193 relatis
3332 2137 3400 2192 ad

1831 2229 2220 2283 continentiam
2248 2229 2545 2292 redierunt,
2571 2245 2676 2284 non
2710 2236 2917 2283 mutato
2943 2227 3104 2283 simul
3135 2235 3402 2296 tempera-

1831 2331 2037 2380 mento,
2066 2319 2158 2372 sed
2187 2319 2482 2373 voluntatis
2505 2319 2778 2389 proposito
2801 2320 3024 2374 meliore
3050 2318 3100 2374 id
3121 2329 3399 2386 operante.

1829 2405 1994 2480 482
2023 2408 2129 2463 Sed
2154 2423 2240 2475 ne,
2274 2408 2402 2464 dum
2427 2424 2637 2475 omnes,
2659 2425 2778 2479 quae
2813 2425 3046 2479 unquam
3077 2409 3234 2464 facta:
3253 2419 3400 2470 sunt,

1831 2499 2158 2554 mutationes
2190 2514 2579 2564 commemoro,
2622 2501 2674 2554 in
2711 2499 2930 2571 longum
2972 2501 3254 2554 extraham
3287 2499 3402 2566 epi—

1831 2591 2047 2655 stolam,
2072 2591 2180 2646 illis
2203 2591 2446 2657 omissis,
2472 2593 2538 2647 ad
2561 2592 2918 2660 objectionem
2947 2591 3259 2661 quamdam,
3285 2605 3404 2659 qum

1833 2682 1929 2750 ipsi
1965 2679 2335 2738 robustissima
2365 2696 2487 2737 esse
2514 2683 2746 2744 videtur,
2782 2697 2868 2737 me
2899 2681 3195 2736 conferam.
3245 2682 3400 2746 Qua:—

1831 2789 1954 2826 nam
1986 2787 2116 2843 ergo
2152 2772 2267 2826 haec
2297 2772 2419 2827 est?
2443 2773 2498 2826 Si
2522 2814 2537 2838 ,
2571 2773 2784 2840 inquit,
2817 2771 3142 2826 immortalis
3168 2780 3251 2825 est
3282 2772 3402 2823 ani-

1831 2879 1951 2928 ma,
2009 2875 2066 2918 ut
2115 2865 2332 2933 quidem
2366 2863 2481 2918 vult
2510 2864 2698 2931 Plato,
2765 2864 2892 2933 quid
2944 2878 3124 2918 causae
3174 2873 3259 2916 est
3308 2877 3405 2917 cur

1831 2964 2114 3025 separetur
2149 2971 2178 3009 a
2207 2971 2454 3025 corpore,
2484 2957 2575 3010 ubi
2601 2955 2884 3010 cerebrum
2921 2963 3015 3008 aut
3049 2954 3213 3008 nimis
3241 2953 3401 3009 refri-

1831 3055 2093 3115 geratum,
2129 3054 2222 3100 aut
2250 3062 2412 3115 supra
2449 3048 2665 3101 modum
2699 3045 3053 3111 exsiccatum,
3089 3055 3180 3098 aut
3206 3041 3403 3097 hume-

185 3129 297 3227 ρίοις
335 3138 646 3204 φαρμάκοις
694 3142 1238 3208 καταγοητευθέντων
1295 3147 1352 3196 αἱ
1401 3147 1571 3216 ψυχαὶ
1627 3148 1729 3200 οὐκ

1839 3143 2041 3189 ctatum
2073 3135 2272 3189 fuerit?
2293 3135 2375 3189 Ad
2395 3135 2532 3188 hanc
2548 3134 2901 3202 objectionem
2924 3133 3053 3188 dum
3077 3132 3402 3200 respondeo,

182 3219 461 3293 ἀπέστησαν
487 3226 602 3297 (10)
629 3243 644 3258 ⁸
696 3229 869 3295 οὕτως
902 3232 964 3284 οὐ
1009 3232 1227 3298 πάντως
1288 3234 1587 3306 ψυχθέντος
1635 3239 1730 3291 τοῦ

1838 3228 2082 3282 omittam
2116 3227 2286 3297 ipsius
2315 3226 2786 3296 reprehensionem
2814 3264 2830 3288 ,
2864 3225 3005 3294 quod
3040 3238 3406 3292 saepenumero

180 3312 449 3384 ἐγκεφάλου
485 3321 779 3390 χωρίζεται
805 3324 838 3394 ἡ
867 3325 1012 3395 ψυχή
1031 3341 1046 3356 ·
1083 3329 1258 3380 ὲκεῖνο
1279 3329 1467 3398 φαίην,
1486 3329 1567 3382 ὅτι
1590 3330 1732 3394 Θεῖός

181 3405 277 3459 ἐστι
310 3409 494 3481 δεσμὸς
539 3415 776 3469 συνδέων
817 3416 888 3470 τὰ
932 3418 1067 3471 πολὺ
1099 3419 1341 3490 ἀλλήλων
1381 3421 1729 3492 διαφέροντα,

181 3498 254 3548 καὶ
282 3503 522 3556 κοινωνία
553 3505 791 3575 ἄρρητος
826 3507 1123 3578 ἀσωμάτου
1168 3509 1343 3580 ψυχῆς
1374 3511 1510 3583 πρὸς
1546 3512 1728 3583 σῶμα,

182 3589 259 3640 καὶ
276 3593 579 3661 συμπάθεια
603 3594 829 3659 ἄλεκτος
857 3596 1128 3653 ἀθανάτου
1155 3588 1345 3664 οὐσίας
1374 3581 1512 3672 πρδς
1537 3581 1730 3672 θνητὸν

178 3676 396 3748 ὄργανον,
446 3682 523 3748 ὡς
581 3685 678 3737 καὶ
725 3685 878 3757 αὑτῷ
936 3689 1016 3756 τῷ
1074 3689 1322 3742 Πλάτωνι
1372 3689 1537 3744 δοκεῖ.
1582 3691 1641 3744 '0
1671 3692 1728 3745 δὲ
1767 3752 1777 3764 ,

178 3769 384 3839 Γαληνὸς
412 3774 520 3844 (ll)
554 3774 714 3829 τοῦτο
742 3778 862 3830 οὐδὲ
889 3780 1091 3833 ἐννοεῖν
1121 3779 1380 3834 δύνασθαι
1413 3785 1731 3851 προσποιεῖ-

175 3875 264 3912 ται.
293 3863 452 3917 Τοῦτο
489 3865 546 3918 δὲ
567 3865 812 3935 γέγονεν,
845 3868 912 3921 ἵν’
938 3869 970 3939 ἡ
1009 3869 1155 3940 ψυχὴ
1185 3872 1313 3942 περὶ
1340 3871 1536 3924 πολλοῦ
1568 3876 1729 3944 ποιῆ-

175 3955 327 4007 ταιτὸ
367 3956 746 4028 ἐπιμελεῖσθαι
793 3959 887 4012 τοῦ
921 3962 1194 4030 σώματος,
1238 3963 1338 4034 οὐχ
1370 3961 1508 4016 ὥστε
1561 3965 1720 4016 πολυ-

177 4049 351 4119 σαρκίᾳ
376 4050 755 4120 ἐξογκοῦσθαι,
790 4053 906 4106 ἀλλ’
948 4053 1089 4106 ὥστε
1119 4055 1407 4123 ὑγιαίνειν,
1457 4052 1620 4119 ὡςεί
1652 4057 1726 4127 μὴ

173 4139 308 4193 τοῦτο
349 4145 649 4214 ποιήσειεν,
703 4146 1189 4200 συναπολαύσουσα
1235 4147 1337 4217 τῆς
1389 4147 1727 4219 δυσκρασίας

175 4233 294 4284 κατὰ
331 4234 716 4305 συμπάθειαν,
769 4238 818 4290 εἰ
851 4238 945 4292 καὶ
1001 4238 1076 4310 μὴ
1124 4238 1268 4293 κατὰ
1307 4240 1726 4311 προηγουμένην

172 4325 576 4392 καὶίδιὰζουσαν
629 4329 854 4400 βλάϐην.
897 4330 962 4383 Ἦ
1003 4334 1112 4402 γὰρ
1165 4332 1468 4402 δυσκρασία
1496 4331 1590 4385 τοῦ
1624 4331 1727 4385 σώ-

176 4432 318 4483 ματος
364 4421 456 4473 καὶ
509 4423 544 4492 ἠ
595 4421 733 4492 μέθη
780 4423 874 4477 καὶ
918 4425 986 4494 τῇ
1037 4422 1183 4495 ψυχῇ
1243 4424 1609 4494 παραπέμπει
1663 4423 1726 4478 τὸ

1834 3333 1901 3371 ex
1928 3316 2188 3388 singultu,
2211 3332 2372 3386 quem
2397 3315 2646 3371 fortassis
2678 3315 3013 3370 harmoniam
3033 3324 3207 3377 vocat,
3233 3322 3408 3366 morte

1811 3401 2157 3479 quibusdam
2191 3409 2446 3478 prmdicta
2473 3450 2488 3473 ,
2515 3419 2570 3462 et
2601 3408 2712 3462 vita
2739 3407 2858 3462 aliis
2885 3405 3152 3477 promissa
3175 3445 3190 3470 ,
3221 3420 3250 3458 a
3280 3419 3408 3459 vero

1833 3501 2138 3565 aberrarit,
2172 3499 2298 3554 dum
2337 3498 2409 3552 illi
2460 3498 2678 3568 quidem
2729 3498 2933 3553 diutius
2967 3498 3264 3560 vixerunt,
3320 3496 3405 3550 isti

1834 3605 1964 3646 vero
2004 3591 2256 3645 obierunt
2287 3589 2443 3659 (adeo
2481 3589 2626 3643 illam
2658 3597 2829 3643 artem
2863 3629 2879 3654 ,
2909 3597 2971 3643 ut
3007 3603 3125 3656 quae
3167 3601 3312 3641 mere
3337 3587 3409 3641 sit

1833 3683 2242 3752 conjecturalis,
2275 3682 2478 3737 veritas
2507 3680 2672 3750 fugit!
2697 3683 2714 3748 )
2745 3700 2758 3734 :
2788 3681 3035 3735 omittam
3062 3679 3165 3734 hoc
3193 3694 3408 3748 quoque

1833 3775 1975 3844 quod
2011 3773 2305 3828 multorum
2338 3817 2354 3840 ,
2411 3775 2500 3842 qui
2555 3773 2735 3828 noxiis
2790 3772 3096 3841 pharmacis
3148 3770 3406 3825 incantati
3467 3823 3475 3830 ,

1832 3875 1988 3921 erant
2012 3904 2027 3930 ,
2061 3865 2257 3918 anima:
2301 3874 2407 3917 non
2440 3863 2772 3918 excesserint
2797 3873 2977 3917 tamen
3020 3876 3050 3917 e
3089 3861 3407 3932 corporibus

1832 3958 1995 4027 (adeo
2034 3972 2140 4010 non
2185 3969 2400 4024 semper
2433 3955 2761 4022 omninoque
2816 3953 3134 4022 refrigerato
3179 3951 3408 4007 cerebro

1829 4067 2114 4126 separatur
2169 4053 2430 4123 animal)
2477 4053 2608 4107 illud
2651 4053 2924 4106 dixerim:
2975 4051 3225 4106 Divinum
3283 4061 3408 4107 esse

1829 4146 2126 4210 vinculum,
2160 4146 2302 4215 quod
2350 4144 2565 4213 colliget
2595 4159 2654 4198 ea
2689 4158 2809 4213 quae
2840 4141 3129 4212 plurimum
3168 4142 3309 4196 inter
3347 4157 3406 4197 se

1828 4239 2056 4302 distant,
2085 4245 2141 4291 et
2179 4235 2615 4290 communionem
2649 4249 2714 4288 ac
2763 4234 3076 4288 societatem
3115 4236 3405 4302 quamdam

1829 4330 2154 4385 ineffabilem
2186 4343 2306 4383 esse
2329 4328 2524 4382 anima:
2563 4327 2895 4396 incorporea:
2924 4342 3046 4380 cum
3077 4339 3328 4395 corpore,
3353 4335 3408 4378 et

1828 4423 2162 4478 indicibilem
2209 4433 2334 4475 esse
2376 4420 2792 4474 consensionem
2847 4425 3011 4487 atque
3059 4415 3403 4471 affectionem

172 4510 406 4580 πάθημα·
445 4515 479 4584 ἡ
516 4513 600 4579 δὲ,
630 4514 881 4585 καθάπερ
909 4515 1252 4586 κυϐερνήτης
1285 4516 1342 4568 ὲν
1378 4516 1557 4588 πολλῷ
1592 4517 1723 4571 κλύ-

1836 4524 2069 4570 mutuam
2115 4514 2256 4588 inter
2289 4510 2652 4567 immortalem
2691 4508 3048 4564 substantiam
3093 4517 3147 4562 et
3180 4506 3409 4561 mortale

170 4595 300 4662 δωνι,
343 4604 690 4673 ταράττεται,
736 4605 832 4658 καὶ
869 4605 969 4676 τὴν
1019 4605 1227 4660 οἰκείαν
1275 4607 1587 4677 ἐπιστήμην
1618 4608 1720 4660 οὐκ

169 4689 508 4750 ἐπιδείκνυται
547 4696 1024 4768 βυθισθεῖσα(12)·
1063 4698 1253 4771 ὥσπερ
1287 4699 1343 4753 δὲ
1391 4698 1719 4770 ὑποϐρύχιος

169 4787 482 4860 γεγενημένη
506 4830 521 4855 ,
557 4789 754 4857 ἄγεται
784 4792 876 4845 καὶ
918 4791 1145 4860 φέρεται
1185 4784 1464 4858 πολλάκις,
1494 4793 1628 4846 ὅπου
1655 4791 1722 4847 ἂν

1828 4609 2246 4662 instrumentum
2273 4645 2289 4670 ,
2328 4601 2388 4658 u't
2420 4603 2522 4673 ipsi
2555 4617 2772 4672 quoque
2801 4600 3009 4655 Platoni
3033 4599 3264 4655 videtur.
3301 4597 3410 4654 Ga-

1828 4699 1983 4754 lenus
2019 4707 2201 4752 autem
2230 4696 2330 4751 hoc
2366 4710 2396 4750 a
2443 4709 2504 4749 se
2539 4708 2607 4748 ne
2639 4693 2864 4764 intelligi
2895 4693 3111 4762 quidem
3149 4706 3308 4762 posse
3334 4692 3410 4745 si-

1832 4791 2021 4845 mulat.
2055 4790 2179 4845 ideo
2204 4798 2386 4843 autem
2414 4787 2520 4843 hoc
2549 4785 2752 4842 factum
2779 4793 2882 4851 est,
2921 4781 2980 4838 ut
3003 4786 3182 4838 anima
3213 4797 3407 4855 magno

1239 4944 1476 5000 VARME
1517 4940 1904 5001 LECTIONES
1940 4945 2031 4999 ΕΤ
2074 4942 2308 5000 NOTAE.

168 5092 231 5145 ita
264 5098 395 5166 apud
427 5097 740 5170 Euripidem
769 5098 1082 5170 Alcestide:
1113 5099 1286 5170 Χαῖρε
1330 5102 1435 5154 κὰν
1464 5100 1591 5153 ἀδου
1634 5099 1719 5152 δό-

171 5163 387 5240 μοιςς-
413 5163 503 5240 Εὖ
532 5163 632 5240 οἷοι
662 5169 918 5240 γένοιτο.
954 5167 1091 5240 [line
1119 5163 1352 5240 Isidorus
1380 5186 1538 5240 suum
1580 5170 1723 5224 hunc

168 5237 418 5290 senarium
451 5237 746 5292 iambicum
778 5238 1077 5293 confecisse
1107 5238 1338 5294 videtur.
1373 5239 1540 5293 Rt'r'r.

230 5305 299 5374 (6)
329 5307 369 5360 Ε
394 5308 622 5378 regione
651 5308 842 5362 horum
869 5302 1113 5378 εἶ’ἁρμο.
1145 5309 1266 5363 cod.
1295 5307 1470 5362 Vatir.
1501 5307 1605 5363 650
1637 5324 1723 5376 po-

169 5373 238 5426 nit
259 5373 306 5449 m
337 5373 511 5449 marg.
540 5377 592 5430 εἴ
615 5394 681 5446 γε
709 5378 843 5449 αὐτὸ
873 5373 1049 5449 τοῦ-ἑοῄ
1074 5378 1330 5449 ἁρμονία.
1360 5378 1517 5434 Vers.
1552 5373 1671 5449 post
1691 5380 1724 5434 5

169 5445 490 5517 pf0_d1m1ég
526 5449 685 5502 habet
715 5448 871 5517 idem
891 5445 1160 5517 ἐμμελές.
1179 5448 1387 5502 Possm.

153 5555 164 5584 ,
230 5515 300 5585 (7)
334 5515 514 5570 Locus
547 5531 613 5572 ex
660 5517 780 5572 cod.
828 5515 1005 5571 Vatic.
1051 5519 1352 5572 restitutus.
1407 5519 1503 5572 Ed.
1551 5517 1724 5573 Paris.

169 5586 430 5659 omittebat
484 5587 620 5650 haec,
650 5587 1116 5659 εἱς-σωφροσύνην
1156 5587 1500 5659 ἁνὲπτησαν·
1543 5589 1727 5642 πολλοὶ

167 5651 217 5704 δὲ
245 5654 540 5725 σώφρονες,
570 5667 677 5713 etc.
720 5651 878 5710 Eutr.

232 5724 659 5846 ίὲἐέἶιῖὲίδυιὶε..
681 5728 728 5780 εἰ
753 5726 863 5798 γὰρ
889 5726 1009 5799 δὴ’ή
1037 5725 1237 5832 κρίσις.
1261 5727 1414 5785 Corr.
1443 5743 1510 5785 cx
1535 5729 1724 5787 eodem

172 5808 358 5850 conice.
389 5808 465 5848 ID.
1207 5826 1214 5832 -

1897 5097 1975 5168 (9)
2001 5097 2106 5154 Pro
2136 5097 2452 5170 ψυχθέντως
2473 5099 2593 5154 cod.
2628 5097 2752 5170 Vat.
2773 5097 2961 5170 scribit
2977 5095 3400 5170 Quzpwgévmg,

1828 5179 1883 5226 et
1908 5166 2201 5240 mox_post
2214 5166 2478 5240 ’σφοδρῶς
2527 5170 2677 5240 addit
2723 5166 3156 5240 exaggam“.
3189 5166 3402 5221 Possm.

1899 5238 2014 5308 (10)
2045 5237 2150 5292 Pro
2179 5237 2496 5308 ἀπέστησαν
2527 5239 2663 5293 idem
2704 5237 2841 5293 cod.
2860 5238 3024 5293 habet
3050 5237 3399 5306 ἀπέπτησαν.

1829 5307 1985 5364 Vers.
2023 5317 2144 5378 post
2167 5307 2222 5372 2,
2247 5319 2385 5378 ante
2414 5309 2580 5378 φαίην
2611 5309 2779 5364 addit.
2807 5308 2892 5364 ἄν.
2933 5308 3010 5378 lo.

1903 5375 2154 5449 (“)7Pro
2185 5378 2213 5429 ὁ
2238 5377 2300 5449 δὲ
2324 5375 2453 5449 Γαλ.
2487 5375 2625 5440 ἱίίθιιι
2674 5379 2861 5432 scribit
2893 5378 2942 5429 εἰ
2983 5377 3039 5430 δὲ
3081 5375 3398 5449 Γαληνθνε.

1869 5447 1953 5502 oSt
1985 5450 2038 5511 4,
2081 5447 2564 5501 συναπολαύσουσα
2611 5457 2782 5501 mutat
2838 5449 2890 5501 in
2932 5447 3399 5500 συναπολαύουσα.

1882 5533 1989 5588 ers.
2027 5519 2149 5588 inde
2179 5517 2231 5588 ὅ,
2278 5533 2387 5588 pro,
2403 5518 2632 5588 πάθημα
2663 5516 2855 5572 scribit
2888 5516 3186 5588 πάθοςηιη.

1903 5586 2014 5656 (12)
2066 5585 2174 5641 Pro
2210 5585 2716 5656 βυοισΘεῖσαἼιίυιῃ
2765 5587 2913 5655 ponit
2961 5585 3399 5655 συμϐυοισοεῖσα

1829 5654 2021 5727 ὥσπερ
2053 5657 2148 5709 καὶ
2182 5654 2630 5727 ὑίποϐυθισρεῖσα.
2657 5654 2816 5712 Vers.
2851 5657 2978 5711 inde
3010 5654 3064 5718 4,
3099 5667 3218 5726 post
3244 5657 3399 5727 svsp-

1829 5725 2164 5799 ysiag‘addit
2198 5726 2410 5798 μηνύει.
2448 5725 2596 5783 Vers.
2630 5743 2746 5799 seq.
2779 5741 2876 5797 pro
2916 5727 2952 5796 ἦ
2993 5725 3143 5798 ponit
3178 5725 3289 5780 καί.
3320 5725 3396 5780 lo.
