3886 6420
513 417 647 483 1203
1726 423 1787 483 S.
1830 420 2070 483 ISIDOF

2187 422 2594 483 ’ELUSIOTJE
3634 418 3759 483 1204

505 532 609 589 sibi
638 531 817 589 studio
842 532 1041 589 habeat
1068 547 1257 591 curam
1296 533 1544 605 corporis
1576 578 1590 603 ,
1633 548 1739 589 non
1770 535 1989 605 quidem
2022 545 2070 590 ul

2187 535 2217 606 ἡ
2248 535 2483 607 ὑγρότης
2504 537 2538 607 ἡ
2563 535 2625 589 τὸ
2650 535 2936 590 κλυδώνιον
2957 536 3313 607 ἐργασαμένη
3338 531 3756 605 χειραγωγήσῃ.

502 622 835 679 carnositato
866 625 1099 693 quadam
1124 625 1406 696 saginetur
1423 635 1587 696 atque
1614 625 1958 694 intumescat,
1982 628 2070 682 sed

2187 627 2258 681 υύ
2304 628 2415 698 γὰρ
2447 628 2507 680 τὸ
2532 627 2606 698 μὴ
2654 624 2791 681 εἶναι
2839 628 3017 698 ψυχὴν
3060 629 3326 681 ἀθάνατον
3351 625 3515 679 τοῦτο
3545 626 3761 678 δείκνυ-

503 719 713 767 tantum
754 722 814 767 ut
840 722 991 769 recte
1018 715 1220 779 valeat,
1248 729 1372 770 cum
1407 715 1607 779 anima,
1641 716 1685 770 si
1719 730 1839 771 eam
1871 717 2070 772 valetu-

2187 734 2289 781 σιν⁹
2323 717 2458 772 ἀλλὰ
2505 719 2568 772 τὸ
2621 719 3009 788 ἐμποδίζεσθαι
3066 719 3237 788 αὐτῆς
3288 716 3393 780 τὰς
3437 715 3755 785 ἐνεργείαςο

501 802 643 857 dinis
670 802 857 857 curam
885 804 1162 876 negligat,
1198 805 1398 861 luitura
1428 807 1501 861 sit
1543 821 1661 860 eam
1700 810 1948 879 corporis
1996 809 2070 864 iu-

2187 809 2369 879 Επειδὴ
2400 809 2537 880 μήτε
2568 810 2827 881 μουσικὸς
2848 810 3087 880 ἄριστος,
3124 809 3362 881 ἄμουσον
3387 807 3563 878 λύραν
3595 807 3755 875 ἔχων,

503 891 845 959 temperiem,
871 902 926 946 et
957 893 1081 949 inde
1102 893 1501 949 incommodum
1524 904 1867 963 perceptura,
1887 909 2070 965 quam-

2187 899 2214 970 ἢ
2273 901 2363 964 εἰς
2421 900 2649 969 πέλαγος
2705 900 2983 971 ἐμπεσὼν,
3049 900 3372 970 ἐναρμόνιον
3437 896 3760 952 ἀποτελέσει

497 982 580 1036 vis
610 994 717 1036 non
765 986 980 1051 propria
1016 994 1071 1039 et
1116 984 1397 1055 principali
1451 1000 1591 1041 noxa
1621 1022 1639 1050 ,
1694 994 1930 1042 attamen
1978 1001 2070 1057 per

2187 990 2363 1061 μέλος.
2415 991 2529 1045 Καὶ
2573 992 2748 1045 ταῦτα
2807 992 2905 1063 μὲν
2954 991 3065 1053 ἀπὸ
3130 991 3410 1063 λογισμῶν
3479 989 3758 1061 εἰρήσθω·

495 1085 823 1126 consensum
854 1073 1207 1143 Intemperies
1221 1075 1364 1129 enim
1378 1077 1621 1145 corporis
1634 1086 1689 1131 et
1705 1075 2070 1142 ebrietas,ani-

2187 1081 2535 1152 ὲπιφερέσθω
2582 1081 2628 1134 δ’
2660 1083 2763 1155 ἤδη
2796 1083 2830 1152 ἡ
2878 1082 2972 1135 τοῦ
3021 1080 3367 1152 Δημιουργοῦ
3401 1080 3612 1149 ψῆφος,
3647 1080 3757 1131 ἑπι-

498 1177 598 1216 ιιιαι
636 1178 850 1232 quoque
881 1164 1023 1218 illam
1047 1162 1383 1220 aﬂ‘ectionem
1416 1167 1753 1223 transmittit.
1779 1166 1896 1234 lpsa
1925 1183 2070 1235 vero,

2187 1172 2563 1243 σφραγὶζουσα
2590 1172 2652 1226 τὸ
2678 1173 3118 1245 εἰρημένονίίδ).
3160 1174 3253 1227 καὶ
3289 1172 3559 1238 λέγουσαο
3606 1188 3627 1219 ι
3674 1170 3755 1238 Μὴ

497 1252 724 1318 perinde
754 1263 814 1309 ut
846 1257 1177 1324 gubernator
1208 1256 1262 1310 in
1297 1271 1486 1327 magna
1531 1267 1851 1327 tempestate
1885 1260 2070 1329 depre-

2187 1263 2457 1335 ιροϐηθῆτε
2502 1265 2611 1318 ἀπὸ
2662 1265 2771 1319 τῶν
2822 1265 3251 1318 ἀποκτεινόντων
3294 1264 3357 1318 τὸ
3411 1263 3600 1332 σῶμα,
3668 1262 3754 1329 τὴν

499 1340 708 1396 hensus
738 1341 1101 1414 iactatusque,
1132 1346 1500 1414 perturbatur,
1524 1359 1580 1402 et
1607 1362 1760 1402 suam
1789 1349 2070 1405 scientiam

2187 1356 2234 1410 δὲ
2255 1356 2435 1427 ψυχὴν
2463 1358 2537 1430 μὴ
2566 1358 2880 1428 δυναμένων
2911 1358 3255 1412 ἀποκτεῖναι.
3297 1376 3317 1410 ι
3355 1357 3446 1419 Ὦς
3477 1354 3751 1409 ἀθανάτου

495 1445 603 1485 non
638 1432 881 1489 declarat
910 1433 1209 1491 submersa.
1234 1436 1369 1491 Tum
1394 1452 1524 1492 vero
1552 1438 1709 1508 quasi
1740 1439 1900 1495 uvida
1931 1440 2070 1496 facta

2187 1446 2465 1515 τοιγαροῦν
2518 1447 2688 1517 οῦσης
2734 1447 2835 1516 τῆς
2875 1446 3078 1518 ψυχῆς,
3111 1446 3257 1500 οῦτω
3294 1446 3391 1499 καὶ
3432 1444 3753 1514 διαγώμεθα

494 1534 639 1590 εαρο
672 1523 851 1593 agitur
882 1538 947 1578 ac
977 1522 1152 1579 fertur
1179 1540 1503 1595 quocunque
1524 1527 1722 1584 humor
1752 1538 1846 1583 aut
1875 1527 2070 1587 fluctus

2187 1537 2272 1590 καὶ
2301 1537 2786 1610 διαπραττώμεθα.

494 1629 611 1670 eam
649 1615 924 1685 impulerit
960 1618 1429 1687 comprehensam.
1478 1618 1666 1691 Neque
1709 1622 1855 1677 enim
1918 1639 1982 1679 ea
2015 1640 2103 1682 res
2141 1627 2244 1684 hoc
2272 1631 2552 1697 declarat,
2605 1647 2711 1685 non
2778 1645 2897 1686 esse
2936 1628 3300 1685 immortalem
3339 1628 3577 1683 animam
3609 1665 3627 1689 ,
3667 1624 3751 1678 sed

494 1711 737 1765 actiones
769 1712 936 1783 ipsius
970 1713 1215 1781 impediri
1249 1715 1475 1771 indicat.
1524 1715 1658 1772 Nam
1692 1732 1866 1789 neque
1905 1722 2144 1778 musicus
2202 1724 2511 1794 quamlibet
2576 1726 2854 1796 optimus,
2913 1724 3151 1793 ineptam
3187 1722 3393 1778 habens
3427 1721 3631 1792 lyram,
3666 1730 3749 1770 aut

497 1804 550 1858 in
590 1806 811 1876 pelagus
867 1807 1118 1877 delapsus
1146 1848 1164 1874 ,
1212 1809 1535 1865 concinnum
1570 1826 1793 1867 carmen
1828 1829 2067 1883 unquam
2106 1817 2355 1874 ediderit.
2394 1820 2460 1875 Et
2495 1820 2611 1875 hare
2660 1820 2875 1889 quidem
2914 1819 3179 1873 hactenus
3246 1832 3312 1871 ex
3382 1814 3749 1869 ratiocinatio-

496 1895 656 1952 nibus
684 1898 831 1952 dicta
862 1899 992 1955 sint.
1026 1899 1146 1956 Jam
1181 1916 1313 1958 vero
1354 1902 1570 1971 Opificis
1600 1904 1771 1974 ipsius
1811 1917 1868 1961 et
1929 1909 2205 1967 Creatoris
2272 1912 2469 1968 animae
2502 1913 2745 1968 calculus
2803 1910 3133 1981 proferatur,
3164 1909 3459 1977 obsignans
3523 1906 3578 1959 id
3611 1904 3746 1973 quod

1726 423 1787 483 S.
1830 420 2121 483 ISIDORI
2158 422 2594 483 PELUSIOTJE

495 1989 696 2045 dictum
731 2001 836 2059 est,
869 2003 926 2049 et
958 1994 1148 2050 dicens
1178 2013 1192 2050 :
1224 1994 1303 2051 Ne
1333 1998 1519 2053 timete
1548 2000 1616 2053 ab
1658 2000 1724 2054 iis
1753 2002 1847 2070 qui
1868 2017 2065 2071 corpus
2103 2005 2379 2071 occidunt,
2411 2008 2647 2062 animam
2682 2018 2809 2061 vero
2841 2004 3089 2060 occidere
3146 2017 3251 2056 non
3311 2008 3562 2067 possunt.
3594 1995 3745 2062 01³οά

497 2085 667 2137 restat
698 2083 862 2152 igitur
883 2123 901 2150 ,
937 2084 1017 2139 sic
1061 2085 1185 2139 vitae
1220 2095 1418 2140 nostra;
1446 2088 1682 2143 rationes
1730 2092 2078 2164 actionesque
2114 2109 2308 2150 omnes
2369 2095 2735 2159 instituamus,
2769 2102 2827 2148 ut
2895 2090 3151 2148 convenit
3181 2103 3276 2145 eos
3310 2087 3527 2151 facere,
3557 2085 3745 2153 quibus

496 2185 812 2240 persuasum
844 2185 946 2240 est,
985 2175 1220 2230 animam
1251 2176 1612 2233 immortalem
1638 2193 1781 2236 esse.

863 2286 1027 2359 433
1062 2287 1293 2343 cxxw.
1324 2320 1395 2329 —
1420 2289 1714 2346 lSlDORO.

497 2375 561 2433 In
619 2375 755 2432 ιιιαά
797 2381 995 2433 dictum
1029 2379 1233 2435 Psalmi
1265 2397 1285 2434 :
1344 2398 1363 2434 ι
1395 2380 1670 2439 Peccatori
1714 2397 1886 2440 autem
1936 2388 2071 2443 dixit

922 2448 1063 2504 Deus
1084 2466 1104 2505 :
1133 2452 1312 2516 Quare
1343 2460 1399 2505 tu
1421 2453 1500 2519 ⁸⁸,
1523 2471 1543 2505 ι
1574 2464 1679 2509 etc.

570 2562 831 2634 Equidem
871 2562 950 2617 sic
979 2562 1253 2629 existimo,
1291 2579 1385 2619 eos
1421 2580 1635 2622 omnem
1670 2569 1937 2626 excedere
1974 2584 2071 2624 au-

499 2654 729 2719 daciam,
752 2653 847 2725 qui
878 2654 1001 2708 vitae
1028 2656 1244 2724 quidem
1270 2656 1487 2725 optimae
1518 2659 1781 2713 rationem
1810 2669 1862 2716 et
1885 2676 2068 2717 curant

498 2746 699 2800 habent
736 2745 958 2809 nullam,
996 2746 1204 2800 interea
1246 2761 1373 2800 vero
1411 2748 1478 2802 de
1504 2749 1845 2819 dogmatibus
1876 2766 2069 2820 perpe-

499 2845 620 2890 tuas
647 2835 855 2904 agitant
885 2837 1279 2891 contentiones.
1326 2835 1460 2891 Cum
1511 2837 1654 2890 enim
1697 2837 1937 2906 ipsorum
1992 2839 2072 2893 lo-

495 2927 695 2997 quendi
722 2927 936 2983 licentia
970 2927 1184 2983 occlusa
1216 2928 1287 2983 sit
1310 2943 1413 2981 non
1443 2929 1598 2983 ostiis
1625 2937 1680 2983 et
1710 2928 1923 3000 sigillis,
1951 2945 2076 3000 quae

495 3022 619 3091 quis
652 3018 794 3075 forte
820 3034 1114 3076 concutere
1144 3028 1198 3073 et
1230 3019 1443 3074 amoliri
1483 3021 1693 3089 possit,
1746 3021 1842 3077 sed
1874 3022 2071 3077 divinis

494 3110 752 3177 oraculis,
777 3125 896 3180 quas
910 3110 1148 3166 clamant
1171 3128 1186 3166 :
1212 3109 1523 3166 «Peccatori
1551 3121 1728 3166 autem
1748 3112 1883 3168 dixit
1900 3113 2069 3170 Deus:

495 3200 684 3272 Quare
741 3211 794 3256 tu
827 3216 1050 3257 enarras
1075 3201 1321 3271 justitias
1354 3216 1521 3268 meas,
1552 3212 1607 3258 et
1635 3205 1866 3259 assumis
1901 3214 2071 3260 testa-

496 3302 734 3347 mentum
765 3307 943 3348 meum
968 3308 1063 3363 per
1091 3308 1153 3348 os
1175 3304 1325 3349 tuum
1346 3294 1369 3349 ?
1392 3313 1411 3346 ι
1445 3294 1549 3364 ipsi
1576 3310 1641 3351 eo
1669 3306 2073 3366 processerunt,

495 3385 756 3451 audacia},
793 3394 851 3439 ut
884 3399 992 3440 non
1023 3386 1197 3441 solum
1228 3386 1295 3442 de
1318 3386 1565 3456 justitiis,
1605 3403 1742 3457 quas
1790 3388 2071 3459 ejurarunt

496 3476 799 3546 disceptent
853 3476 1071 3548 (minus
1113 3479 1258 3533 enim
1293 3478 1525 3537 fortasse
1554 3480 1680 3534 mali
1713 3481 1815 3535 hoc
1846 3479 2029 3551 foret)
2056 3496 2073 3546 ;

496 3583 683 3623 verum
708 3568 873 3623 etiam
901 3569 969 3626 de
996 3568 1253 3626 inell‘abili
1278 3580 1335 3626 et
1356 3571 1648 3641 purissima
1670 3581 1863 3626 natura
1890 3572 2071 3627 divina

496 3659 877 3716 contentiones
906 3674 972 3715 ac
994 3660 1295 3716 certamina
1350 3662 1667 3733 suscipiant.
1701 3660 1923 3719 Talibus
1960 3662 2067 3718 ita-

496 3765 602 3819 que
635 3764 736 3821 ego
767 3752 1033 3809 suaserim
1055 3795 1078 3821 ,
1106 3768 1174 3811 ne
1213 3755 1481 3814 scelerato
1517 3767 1677 3824 atque
1710 3754 1922 3827 impuro
1949 3769 2066 3821 ore,

496 3850 761 3909 quantum
808 3842 861 3898 in
894 3858 954 3899 se
987 3853 1103 3911 est,
1152 3844 1395 3901 lacerent
1423 3859 1512 3901 res
1549 3845 1799 3911 divinas,
1849 3861 1973 3917 quae
2001 3846 2070 3902 iis

497 3949 714 4004 quoque
744 3935 858 4003 vix,
887 3950 951 3992 ac
977 3951 1045 3992 ne
1068 3936 1156 3992 vix
1197 3938 1414 4006 quidem
1448 3947 1576 3993 sunt
1601 3938 2067 4009 pervestigabiles,

497 4025 592 4096 qui
625 4028 751 4083 vitae
798 4037 927 4084 sunt
964 4029 1206 4100 probata:
1229 4038 1393 4099 atque
1422 4030 1726 4086 innocentis
1752 4047 1767 4085 :
1802 4030 1895 4086 sed
1923 4038 1983 4083 ut
2014 4029 2068 4084 in

498 4130 559 4171 se
590 4116 738 4186 ipsos
787 4128 1108 4175 convertant
1140 4129 1303 4189 atque
1339 4133 1633 4177 exerceant
1669 4120 1800 4176 illud
1839 4132 2067 4175 examen

2094 2277 2143 2338 B

2583 2296 2775 2364 PKQ“.
2802 2327 2872 2338 —
2909 2292 3172 2363 ΙΣΙΔΩΡῼ
3204 2289 3343 2361 (ιι).

2173 2386 2278 2452 Εἰς
2309 2387 2378 2439 τό
2396 2399 2409 2417 ³
2449 2403 2473 2437 ι
2514 2383 2597 2450 Τῷ
2622 2383 2689 2437 δὲ
2713 2379 3038 2470 ἀμαρτωλῷ
3060 2376 3281 2503 efferri
3322 2375 3489 2441 Θεός·
3529 2375 3663 2429 ἰι-α
3685 2372 3739 2427 τι

2731 2469 2837 2503 συ.
2883 2472 2903 2503 ι
2937 2469 2992 2503 κ.
3028 2468 3081 2503 τ.
3161 2487 3176 2502 .

2731 2468 2837 2519 συ,
2883 2472 2903 2504 ι
2937 2469 2992 2505 κ.
3028 2468 3081 2503 τ.
3125 2468 3176 2503 Α.

2242 2568 2431 2640 Πάσης
2459 2567 2634 2637 ἔγωγε
2663 2566 2868 2637 τόλμης
2902 2564 3160 2618 ἐπέκεινα
3189 2562 3395 2632 χωρεῖν
3422 2556 3738 2627 unclade-

2172 2678 2247 2715 νω
2279 2659 2406 2723 τοὺς
2454 2657 2571 2729 βίου
2628 2657 2728 2729 μὲν
2779 2655 3003 2727 ἀρίστου
3064 2651 3337 2723 μηδεμίαν
3388 2648 3737 2718 ποιουμένους

2172 2752 2451 2824 πρόνοιαν,
2472 2750 2603 2823 περὶ
2629 2751 2685 2804 δὲ
2708 2748 2996 2819 δογμάτων
3015 2745 3255 2816 συνεχῶς
3276 2740 3733 2813 ζυγομαχοῦντας.

2172 2842 2580 2913 Κεκλεισμένης
2605 2841 2713 2912 γὰρ
2747 2840 2928 2894 αὐτῶν
2972 2837 3074 2905 τῆς
3117 2835 3434 2908 παρρησίας
3468 2833 3530 2885 οὐ
3562 2830 3736 2901 Θὺραις

2174 2935 2268 2987 καὶ
2309 2933 2662 3003 σημάντροις,
2705 2930 2865 2984 ἆτινα
2897 2928 2963 2983 ἄν
2997 2946 3083 2992 τις
3118 2927 3211 2981 καὶ
3249 2922 3732 2996 παρασαλεύσειιν,

2174 3026 2310 3080 ἀλλὰ
2336 3024 2501 3088 θείοις
2555 3023 2721 3094 βοῶσι
2760 3024 3065 3094 χρησμοῖςο
3134 3036 3154 3071 ι
3207 3017 3299 3088 Τῷ
3335 3016 3394 3070 δὲ
3443 3011 3735 3086 ἁμαρτωλῷ

2174 3115 2329 3173 εἶπεν
2377 3120 2405 3171 ό
2437 3117 2605 3180 Θεός·
2658 3116 2776 3169 Ἵνα
2818 3114 2869 3167 τί
2903 3114 2967 3167 σὺ
3018 3111 3246 3181 ὲκδιηγῇ
3278 3109 3346 3162 τὰ
3404 3103 3729 3175 δικαιώματά

2178 3226 2302 3280 μου,
2331 3208 2423 3261 καὶ
2455 3203 2857 3275 ἀναλαμϐάνεις
2893 3202 2992 3275 τὴν
3047 3200 3313 3271 διαθήκην
3374 3215 3479 3269 μου
3518 3195 3604 3249 διὰ
3632 3193 3733 3247 στό-

2178 3299 2346 3369 ματός
2380 3315 2474 3351 σου
2496 3315 2545 3363 ;»
2582 3296 2745 3350 Αὐτοὶ
2766 3294 3110 3358 εἰςτοσοῦτον
3139 3290 3496 3361 κεχωρήκασι
3527 3285 3727 3354 τόλμης,

2172 3390 2248 3454 ὡς
2275 3390 2350 3461 μὴ
2384 3389 2545 3461 μόνον
2586 3386 2841 3459 περὶτῶν
2865 3383 3275 3453 δικαιωμάτων,
3307 3376 3384 3434 ὧν
3407 3379 3726 3452 ὲξίμνυνται,

2174 3480 2509 3552 λογοκρινεῖν
2540 3478 2652 3551 (15)
2687 3474 2870 3551 (ἦττον
2907 3476 3016 3548 γὰρ
3063 3470 3132 3547 ἦν
3173 3474 3340 3527 κακὸν
3378 3472 3571 3539 ἴσως),
3608 3464 3725 3522 ἀλλὰ

2182 3573 2308 3642 περὶ
2330 3571 2430 3642 τῆς
2448 3571 2688 3641 ἀρῤήτου
2712 3570 2807 3623 καὶ
2834 3568 3103 3638 ἀχράντου
3129 3565 3346 3637 φύσεως
3368 3560 3720 3632 διαφέρεσθαι.

2178 3661 2647 3733 Συμὸουλεύσαιμ’
2727 3659 2794 3715 ἂν
2872 3657 3050 3712 τοίνυν
3134 3658 3249 3719 τοῖς
3335 3653 3617 3716 τοιούτοις,
3665 3649 3726 3719 μὴ

2178 3749 2360 3824 μιαρῷ
2389 3751 2484 3806 καὶ
2514 3750 2702 3819 ἐναγεῖ
2730 3749 2958 3825 στόματι
2992 3749 3127 3817 τόγε
3180 3744 3393 3799 ἑαυτῶν
3425 3743 3587 3813 μέρος
3611 3756 3728 3792 σπα-

2176 3843 2402 3914 ράσσειν
2445 3841 2515 3897 τὰ
2557 3841 2699 3909 θεῖα,
2733 3840 2803 3895 τὰ
2844 3842 2939 3895 καὶ
2975 3841 3088 3903 τοῖς
3122 3838 3245 3893 λίαν
3294 3831 3721 3904 εὐδοκιμωτάτοις

2178 3934 2332 4005 μόλις
2377 3933 2694 4005 εὐθήραταο
2748 3931 2887 3987 ἀλλὰ
2924 3933 3054 4002 περὶ
3100 3930 3327 3993 ἑαυτοὺς
3371 3927 3618 3999 στρέφειν
3645 3922 3724 3991 τὴν

2177 4027 2441 4097 βάσανον*
2476 4026 2619 4096 τάχα
2649 4041 2771 4089 πως
2801 4025 2901 4087 τὰς
2945 4022 3169 4094 κηλῖδας
3216 4018 3626 4092 ἁποτρίψονται,
3668 4012 3724 4075 ἃς

2173 4117 2236 4171 οὐ
2266 4116 2494 4181 δεόντως
2521 4116 2734 4179 ἑαυτοῖς
2758 4113 3209 4187 προσετρίψαντο.

496 4218 553 4264 et
586 4211 911 4267 scrutinium
931 4255 949 4281 ,
986 4212 1061 4268 ita
1087 4212 1336 4271 fortassis
1366 4214 1503 4282 fiet,
1534 4224 1595 4269 ιιι
1616 4214 1858 4273 maculas
1882 4254 1899 4281 ,
1967 4228 2106 4285 quas
2141 4211 2493 4282 sibimetipsis
2528 4218 2721 4267 contra
2795 4208 3037 4265 officium
3086 4213 3474 4278 asperserunt,
3502 4217 3593 4259 eas
3619 4200 3721 4255 abs-

502 4311 736 4374 tergant.

844 4414 1103 4473 CXXVII.
1135 4449 1208 4461 —--
1236 4417 1397 4475 Μιιο
1419 4415 1737 4474 DlACONO.

502 4504 571 4559 In
598 4505 800 4560 dictum
825 4506 982 4571 illud,
1011 4508 1301 4563 «Animalia
1335 4510 1490 4563 homo
1513 4525 1615 4562 non
1636 4506 1853 4575 percipit
1880 4521 1940 4559 ea
1954 4521 2072 4574 qua:

570 4576 931 4649 suntapiritus
944 4578 1041 4631 ἰν.»
1067 4575 1206 4642 Quid
1222 4580 1289 4632 ait
1314 4578 1626 4647 spiritualis,
1652 4578 1777 4649 quid
1801 4577 2071 4643 animalis,

572 4645 701 4710 quid
729 4645 981 4701 carnalis.

576 4750 898 4822 Spirituales
919 4796 935 4822 ,
978 4756 1063 4811 vir
1094 4757 1344 4828 sapiens,
1384 4768 1539 4814 vocat
1573 4757 1770 4813 Paulus
1791 4795 1807 4823 ,
1842 4773 1938 4814 eos
1981 4759 2073 4829 qui

503 4844 774 4912 spirituali
804 4846 948 4903 douo
973 4850 1164 4918 gratia:
1194 4851 1372 4905 ornati
1399 4859 1559 4904 sunt:
1592 4851 1793 4920 quique
1816 4864 1920 4904 non
1956 4860 2075 4904 tan-

505 4946 618 4988 tum
644 4950 803 5005 supra
830 4948 1077 4994 naturam
1104 4955 1161 4994 se
1186 4940 1482 5006 elevarunt,
1499 4941 1591 4996 sed
1615 4941 1775 4995 etiam
1801 4942 2069 4995 rationum

507 5030 955 5097 consequentiam
986 5045 1079 5099 per
1122 5030 1281 5085 fidem
1318 5032 1786 5086 transcenderunt.
1828 5028 2071 5096 Quorum

503 5137 568 5175 ex
618 5136 846 5176 numero
888 5132 1008 5177 erat
1054 5131 1112 5177 et
1155 5123 1272 5192 ipse
1309 5122 1545 5190 Paulus,
1594 5132 1650 5177 et
1686 5122 1761 5175 illi
1813 5122 1881 5176 ad
1940 5134 2077 5192 quos

504 5213 822 5269 scribebat:
857 5212 1006 5268 «Non
1038 5214 1171 5269 estis
1210 5214 1263 5268 iu
1287 5229 1451 5269 carne
1474 5255 1490 5282 ,
1526 5216 1620 5270 sed
1660 5214 1712 5271 in
1757 5214 1971 5285 spiritu,
2001 5213 2078 5268 si-

580 5366 627 5400 ²⁸
657 5366 803 5424 Psal.
833 5382 979 5435 nix,
1009 5366 1092 5422 l6.
1167 5367 1212 5400 ²⁹
1244 5368 1264 5423 l
1297 5367 1425 5423 Cor.
1450 5383 1511 5435 ιι,
1543 5369 1630 5424 ll.

2527 4415 2699 4469 PKZ'.
2723 4445 2796 4457 --
2821 4412 3033 4481 ΝΕΙΛῼ
3080 4411 3405 4482 ΔῙΑΚΟΝῼ.

2182 4509 2287 4573 Εἰς
2332 4507 2420 4561 τό·
2482 4526 2502 4560 ι
2550 4506 2606 4560 '0
2646 4507 2910 4576 ψυχικὸς
2941 4504 3354 4576 ἆνθρωποςλοὺ
3397 4502 3621 4576 δέχεται
3664 4498 3721 4576 τὰ

2251 4571 2360 4631 τοῦ
2384 4571 2748 4646 πνεύματος-ζ
2758 4571 2790 4627 ἰ
2840 4579 2883 4631 Τ
2881 4571 2903 4630 l
2923 4571 3350 4645 πνευματικὸς,
3373 4571 3475 4628 καὶ
3492 4571 3720 4643 ψυχικὸς

2252 4648 2353 4701 καὶ
2386 4649 2694 4715 σαρκικός.

2252 4757 2664 4829 Πνευματικοὺς
2711 4757 2889 4824 καλεῖ,
2944 4752 2992 4813 ὦ
3039 4754 3206 4825 σοφὲ,
3260 4754 3293 4808 ό
3341 4753 3550 4817 Παῦλος
3610 4748 3714 4810 τοὺς

2104 4898 2149 4953 D
2174 4848 2528 4920 πνευματικῷ
2544 4848 2991 4919 κεκοσμημένους
3011 4848 3369 4953 χαρίσματῇ
3388 4841 3717 4953 καιοὺιμόνςν

2176 4940 2276 5010 τῆς
2301 4940 2517 5008 φύσεως
2537 4938 2796 5008 ἀνωτέρω
2834 4939 3212 5010 χωρήσαντας,
3242 4935 3383 4991 ἀλλὰ
3409 4935 3502 4990 καὶ
3522 4933 3613 5004 τὴν
3626 4929 3717 4982 τῶν

2182 5029 2355 5100 λόγων
2366 5028 2685 5084 ἀκολουθίαν
2696 5029 2783 5083 διὰ
2798 5030 2895 5099 τῆς
2907 5029 3141 5092 πίστεως
3152 5026 3589 5100 ὑπερδεσηκότας
3602 5019 3711 5093 (16)-

2187 5115 2287 5177 Ὧν
2312 5117 2392 5186 εἷς
2417 5118 2487 5194 ἦν
2530 5122 2625 5177 καὶ
2667 5121 2829 5185 αὐτὸς
2858 5122 2888 5174 ό
2917 5120 3146 5184 Παῦλος,
3186 5122 3434 5174 κάκεῖνοι
3477 5111 3554 5180 οἷς
3580 5114 3717 5184 ἔγρα-

2188 5232 2288 5285 φεν
2310 5231 2325 5247 ο
2365 5232 2387 5267 ι
2419 5214 2533 5269 Οὐκ
2563 5214 2689 5268 ἐστὲ
2727 5216 2786 5269 ὲν
2822 5213 3008 5285 σαρκὶ,
3042 5211 3158 5267 ἀλλ’
3188 5213 3248 5265 ὲν
3276 5210 3561 5281 πνεύματι,
3585 5205 3717 5269 εἴπερ

1598 5521 1835 5577 VARUE
1873 5520 2260 5580 LECTlONES
2299 5519 2386 5576 ET
2417 5520 2650 5577 NOTAE.

580 5676 869 5748 ('3')_ldem
912 5675 1034 5733 cod.
1064 5676 1125 5729 τὸ
1169 5676 1457 5748 εἰρημένον
1488 5683 1658 5730 mutat
1703 5678 1754 5732 in
1800 5677 1867 5730 τὰ
1915 5676 2068 5747 εἰρη-

513 5748 673 5817 μένα,
707 5746 921 5817 POssut.

579 5816 692 5879 (ll)
715 5816 848 5872 Cod.
880 5815 999 5876 Vat.
1028 5818 1174 5875 addit
1204 5817 1500 5882 ὲπισκόπῳ.
1532 5817 1610 5872 Ιυ.

2238 5676 2360 5761 μῦὶ
2391 5674 2496 5729 Pro
2516 5675 2854 5746 λογοκριντῖν
2881 5674 3003 5729 cod.
3044 5673 3164 5728 Val.
3187 5672 3296 5727 650
3329 5670 3452 5741 legit
3483 5670 3621 5736 λόγον
3640 5684 3703 5719 κεν

2178 5746 2483 5883 ,Μίῒϋῖῡέώ
2519 5812 2717 5878 Paris.
2750 5813 2840 5868 διὰ
2866 5812 2975 5866 τῶν
3004 5810 3282 5883 λογισμῶν
3312 5812 3410 5869 ὑπ’
3444 5810 3588 5865 Eo”.
