3886 6420
240 278 358 342 1205

1053 278 1585 341 EPISTULARUM
1624 281 1768 341 LIB.
1815 283 1913 344 IV.
1952 310 2020 319 -
2064 286 2300 346 EPIST.
2339 287 2599 346 CXXIX.

3325 284 3457 349 1206

236 392 436 463 Πνεῦμα
469 389 603 444 Θεοῦ
643 391 781 442 οἰκεῖ
814 391 872 443 ἐν
906 391 1051 460 ὑμῖν.
1084 410 1101 442 ι
1140 392 1419 460 Ψυχικοὺς
1442 391 1518 455 δὲ,
1542 393 1673 464 περὶ
1698 385 1774 446 ὧν
1805 444 1808 454 ,

1901 396 2095 464 [uident
2120 396 2356 466 Spiritus
2394 396 2489 451 Dei
2523 395 2811 451 habitatin
2839 394 2995 450 vobis
3011 394 3080 450 ”.
3110 413 3131 447 ι
3178 394 3457 453 Animales

234 485 519 555 γέγραπται
544 496 559 510 ⁸
598 501 617 534 ι
658 482 895 551 Ψυχικοὶ
926 481 1146 553 πνεῦμα
1198 482 1271 553 μὴ
1310 482 1526 552 ἔχοντες
1550 498 1567 514 ·
1610 502 1628 534 ι
1654 483 1781 547 τοὺς

232 579 331 637 τοῖς
377 575 653 643 λογισμοῖς
700 574 795 626 καὶ
842 572 1220 642 συλλογισμοῖς
1261 574 1356 626 καὶ
1408 572 1781 643 διαλογισμοῖς

234 666 414 739 μᾶλλον
439 663 907 735 ἐπερειδομένους,
934 664 1027 717 καὶ
1047 665 1108 717 τὸ
1128 664 1335 718 δίκαιον
1360 665 1455 719 καὶ
1483 664 1545 718 τὸ
1572 665 1782 735 συμφέ-

232 776 313 829 ρον
348 759 410 810 ὲκ
454 756 657 809 τούτων
702 754 1022 824 νομίζοντας
1070 756 1345 828 εὑρίσκειν
1372 772 1386 785 ο
1418 750 1522 808 οἷοί
1564 758 1703 809 εἰσιν
1732 757 1782 809 οἱ

190 872 196 880 ·
232 850 347 921 παρ’
371 848 592 919 Ἕλλησι
644 849 814 916 σοφοί.
849 847 1155 918 Σαρκικοὺς
1193 848 1251 901 δὲ
1287 849 1415 912 τοὺς
1442 849 1556 911 τοῖς
1581 848 1780 901 πάθεσι

230 942 318 1011 τῆς
344 940 539 1012 σαρκὸς
565 939 918 1011 ἡττηθέντας,
938 941 1048 994 ἀπὸ
1068 940 1162 993 τοῦ
1191 941 1781 1011 πλειστοδυναμοῦντος

230 1033 406 1095 αὐτοὺς
428 1031 609 1085 καλῶν
633 1048 647 1062 ·
689 1027 790 1085 οἷοι
824 1033 1023 1095 πάντες
1055 1035 1103 1086 οί
1133 1034 1371 1101 ἐναγεῖς,
1407 1033 1499 1085 καὶ
1524 1032 1772 1103 ἀκάθαρ-

232 1142 321 1189 τοι,
350 1123 441 1176 καὶ
493 1122 624 1193 περὶ
670 1123 768 1186 τὰς
810 1123 1094 1187 συνουσίας
1141 1124 1463 1187 λυττῶντες.
1515 1124 1579 1177 Ei
1614 1124 1726 1195 γὰρ
1752 1124 1781 1176 6

234 1213 523 1283 σωματικὸς
560 1213 938 1281 Πνευματικὸς
985 1214 1097 1283 (17)
1126 1213 1286 1283 σῶμα
1314 1214 1427 1284 ἔχει
1461 1216 1553 1267 καὶ
1582 1214 1780 1284 ψυχὴν,

232 1304 313 1358 καὶ
340 1304 369 1356 6
396 1303 625 1375 ψυχικὸς
675 1303 835 1375 σῶμα
890 1304 1024 1375 ἔχει,
1072 1306 1167 1357 καὶ
1214 1307 1243 1357 6
1290 1308 1550 1377 σαρκικὸς
1575 1307 1777 1379 ψυχὴν,

229 1395 329 1447 ἀλλ’
374 1394 479 1448 ἀπὸ
554 1395 648 1448 τοῦ
714 1395 1042 1467 κρατοῦντος
1095 1396 1326 1461 ἕκαστος
1374 1398 1618 1452 καλεῖται
1643 1399 1779 1470 (18).

229 1485 423 1554 Ὠσπερ
450 1484 561 1556 γὰρ
591 1486 781 1556 γήϊνον
805 1485 1022 1554 λέγεται
1050 1485 1113 1538 τὸ
1146 1486 1328 1556 σῶμα,
1355 1488 1530 1542 καίτοι
1553 1488 1778 1543 καὶτῶν

228 1575 384 1631 ἄλλων
411 1576 691 1647 στοιχείων
727 1576 974 1649 μετέχον,
1014 1576 1094 1649 τῷ
1116 1578 1260 1632 κατὰ
1288 1578 1350 1631 τὸ
1395 1579 1648 1633 πλεῖστον
1682 1579 1778 1650 μὲ-

233 1685 311 1738 ρος
334 1668 429 1738 τῆς
456 1668 563 1740 γῆς
595 1670 874 1740 μετέχεινο
908 1669 1050 1724 οὕτω
1078 1670 1352 1735 κάκείνοις
1385 1671 1494 1726 ἀπὸ
1520 1671 1615 1727 τοῦ
1645 1688 1782 1745 κρα-

227 1757 428 1822 τοῦντος
455 1759 738 1831 ἐξενίκησε
765 1759 1022 1833 τοῦνομα.

1886 500 2018 542 vero
2038 486 2292 555 appellat,
2323 488 2390 541 de
2418 486 2615 556 quibus
2658 484 2920 553 scriptum
2960 492 3082 540 est:
3123 484 3451 551 «Animales,

1883 578 2135 646 spiritum
2173 594 2281 634 non
2322 578 2650 633 habentes"
2679 593 2696 642 ;
2725 595 2745 629 ›
2792 590 2887 631 eos
2937 575 3030 645 qui
3081 577 3461 633 ratiocinatio-

1884 670 2064 735 nibus,
2093 678 2149 726 et
2175 670 2501 741 syllogismis
2529 679 2587 725 et
2610 668 3067 736 disputationibus
3097 668 3277 737 potius
3309 667 3460 722 inni-

1890 770 2104 827 tuntur,
2132 768 2188 816 et
2215 776 2281 817 ex
2310 761 2396 816 his
2426 775 2486 816 se
2527 762 2844 816 inventuros
2874 761 3211 816 arbitrantur
3236 759 3289 813 id
3318 761 3462 829 quod

1883 853 2089 921 justum
2136 853 2211 908 sit
2255 860 2312 907 et
2352 851 2531 908 utile:
2583 852 2772 920 quales
2820 860 2953 907 sunt
2998 850 3274 920 sapientes
3321 852 3461 919 apud

1884 943 2126 1000 Graecos.
2155 943 2417 1000 Carnales
2439 943 2677 1013 denique
2707 957 2823 1007 eos,
2849 942 2941 1012 qui
2966 940 3249 997 affectibus
3279 940 3464 995 carnis

1886 1050 1944 1091 se
1970 1035 2114 1090 vinci
2151 1035 2465 1104 patiuntur;
2517 1034 2587 1090 ab
2620 1048 2686 1089 eo
2717 1032 2861 1103 quod
2890 1032 3183 1103 plurimum
3227 1032 3284 1086 iu
3332 1031 3465 1099 ipsis

1884 1127 2071 1196 pollet,
2092 1126 2588 1182 denominationem
2619 1139 2808 1180 eorum
2832 1139 3083 1181 sumens:
3111 1123 3300 1192 quales
3339 1131 3465 1176 sunt

1884 1230 2076 1274 omnes
2108 1217 2377 1283 scelerati,
2405 1224 2461 1272 et
2489 1217 2685 1287 impuri
2710 1257 2725 1283 ,
2751 1226 2808 1272 et
2830 1215 2920 1285 qui
2950 1215 3098 1269 circa
3126 1213 3379 1269 libidines
3406 1223 3464 1268 et

1885 1308 2064 1363 coitus
2091 1308 2392 1364 insaniunt.
2423 1308 2743 1377 Quanquam
2785 1309 2930 1363 enim
2962 1306 3265 1376 spiritualis
3293 1306 3460 1360 etiam

1886 1401 2049 1456 homo
2082 1414 2279 1470 corpus
2317 1401 2480 1456 habet
2523 1409 2578 1455 et
2609 1400 2871 1464 animam,
2900 1406 2956 1454 et
2980 1396 3233 1452 animalis
3261 1411 3461 1467 corpus

1883 1490 2070 1555 habet,
2102 1499 2157 1546 et
2185 1491 2421 1544 carnali:
2448 1491 2631 1545 anima
2660 1489 3142 1546 non'destituitur:
3178 1498 3359 1543 tamen
3391 1488 3461 1542 ab

1884 1596 1950 1637 eo
1983 1581 2125 1650 quod
2155 1580 2500 1651 potissimum
2529 1589 2633 1645 est,
2653 1581 2883 1651 quisque
2900 1579 3222 1651 appellatur.
3255 1579 3459 1647 Quem—

1886 1671 2176 1727 admodum
2243 1671 2389 1727 enim
2435 1685 2631 1741 corpus
2658 1709 2675 1735 ,
2724 1670 2937 1725 tametsi
2980 1670 3210 1725 aliorum
3244 1682 3459 1738 quoque

1817 1758 1861 1814 B
1886 1763 2276 1820 elementorum
2320 1763 2591 1833 particeps
2650 1763 2765 1827 sit,
2802 1762 2924 1817 ideo
2971 1773 3155 1818 tamen
3187 1772 3464 1816 terrenum

229 1849 443 1920 dicitur,
471 1852 619 1922 quod
649 1852 944 1909 maximam
976 1860 1185 1923 partem
1227 1867 1296 1910 ex
1345 1862 1491 1910 terra
1530 1863 1778 1911 constet:
1817 1854 1897 1911 sic
1928 1853 2035 1910 illis
2053 1869 2270 1925 quoque
2297 1869 2363 1910 ex
2389 1868 2456 1910 eo
2487 1854 2630 1925 quod
2674 1851 2949 1923 potentius
3014 1859 3119 1918 est,
3153 1865 3348 1906 nomen
3374 1847 3466 1905 ob-

229 1940 390 1997 tinuit.

600 2033 871 2090 PKH'.-—
898 2036 1233 2109 ΕΥΣΤΕΦΙῼ
1254 2036 1389 2106 (l9).

230 2124 322 2190 Εἰς
345 2124 448 2178 τὸν
466 2124 745 2195 ἀοίδιμον
765 2126 1024 2181 θάνατον
1038 2127 1145 2181 τοῦ
1167 2127 1439 2197 Σωτῆρος
1464 2127 1629 2196 ἡμῶν
1650 2128 1783 2199 (20).

290 2213 473 2281 Πόθεν,
505 2214 664 2286 ἔφης,
706 2216 864 2287 δῆλόν
896 2218 1064 2281 ἐστιν,
1096 2219 1177 2272 ὅτι
1210 2218 1353 2272 ἑκὼν
1380 2220 1474 2272 ἐπὶ
1502 2222 1594 2273 τὸν
1624 2219 1786 2274 θάνα-

231 2323 311 2359 τον
331 2300 490 2376 ἦλθεν
504 2306 533 2359 6
548 2307 786 2377 Χριστός
802 2306 949 2378 (21);
973 2308 1224 2363 Μάλιστα
1245 2308 1342 2379 μὲν
1361 2310 1424 2362 ἐκ
1443 2308 1536 2363 τοῦ
1561 2311 1787 2380 νεκροὺς

235 2399 522 2468 Δεσποτικῇ
566 2397 824 2470 αὐθεντίᾳ
862 2399 1246 2469 ἐγηγερκέναι.
1302 2401 1361 2455 '0
1407 2400 1516 2472 γὰρ
1577 2404 1789 2470 νεκροῖς

233 2488 363 2559 ζωὴν
390 2488 783 2562 χαρισάμενος,
813 2492 912 2545 οὐκ
932 2491 997 2545 ἂν
1021 2493 1193 2562 δήπου
1226 2492 1376 2546 ἄκων
1402 2494 1496 2547 ἐπὶ
1525 2492 1586 2547 τὸ
1619 2493 1790 2557 πάθος
1827 2492 1831 2497 ’

233 2579 380 2652 ἢχθη.
404 2582 468 2634 Ei
487 2581 544 2635 δέ
571 2582 668 2636 καὶ
694 2585 761 2653 τῇ
793 2581 947 2653 θεῖκῇ
977 2582 1195 2653 ἐξουσίᾳ
1219 2584 1318 2636 οὐκ
1353 2583 1511 2654 ἤθελε
1571 2584 1785 2655 χρήσα-

236 2670 366 2734 σθαι,
395 2671 529 2726 ἀλλὰ
576 2689 640 2740 γε
666 2672 793 2741 ἐξῆν
839 2666 1321 2743 ἀπολογησάμενον
1366 2675 1647 2745 ἐκφυγεῖν,
1677 2676 1791 2742 εἴγε

235 2761 397 2833 ῆθελε.
428 2763 540 2816 Καὶ
569 2763 678 2834 γὰρ
705 2760 819 2832 εἶχε
842 2765 937 2817 καὶ
966 2765 1057 2818 τὸν
1085 2765 1315 2818 Πιλᾶτον
1346 2767 1425 2831 είς
1460 2765 1618 2819 τοῦτο
1643 2765 1792 2835 αὐτῷ

238 2856 661 2937 συμπράττοντα,
695 2857 785 2909 καὶ
814 2857 1062 2926 λέγοντα,
1105 2859 1236 2912 ποτὲ
1273 2858 1372 2929 μέν
1394 2876 1410 2891 ⁶
1447 2877 1465 2912 ι
1505 2860 1616 2927 Οὐχ
1646 2859 1793 2930 εὑρί-

236 2963 338 2998 σκω
366 2949 422 3000 ἐν
457 2946 609 3017 αὐτῷ
648 2949 768 3001 οὐδὲ
802 2949 930 3019 μίαν
962 2950 1142 3002 αἰτίαν
1164 2950 1396 3003 θανάτου
1416 2967 1430 2981 ο
1472 2970 1490 3002 ι
1529 2951 1660 3003 ποτὲ
1685 2950 1742 3003 δέ
1773 2966 1785 2979 ’

2180 2037 2346 2110 484
2381 2036 2657 2094 CXXVIII.
2682 2065 2751 2077 —-
2773 2033 3184 2091 EUSTEPHIO.

2102 2128 2169 2183 In
2201 2130 2449 2184 celebrem
2475 2139 2694 2183 mortem
2729 2126 3026 2183 Saluatoris
3065 2126 3251 2181 nostri.

1970 2219 2120 2275 Unde
2167 2228 2419 2283 constat,
2478 2216 2660 2287 inquis
2688 2256 2705 2282 ,
2762 2217 3036 2272 Christum
3091 2216 3234 2271 ultro
3274 2223 3330 2270 et
3368 2229 3466 2270 sua

1895 2322 2086 2381 sponte
2114 2311 2179 2365 ad
2222 2320 2452 2367 mortem
2480 2310 2695 2366 venisse
2716 2310 2739 2349 9
2768 2309 2999 2363 Maxime
3038 2309 3253 2378 quidem
3279 2324 3344 2362 ex
3374 2323 3462 2373 eo,

1897 2406 2039 2473 quod
2079 2414 2320 2458 mortuos
2352 2403 2629 2458 Dominica
2655 2403 2979 2457 auctoritate
3007 2412 3063 2456 et
3096 2401 3338 2471 putentia
3372 2416 3468 2455 ex-

1897 2495 2106 2548 citavit.
2166 2493 2299 2547 Nam
2347 2493 2438 2563 qui
2500 2493 2728 2548 mortuis
2780 2493 2948 2546 vitam
2982 2490 3211 2562 largitus
3253 2500 3377 2558 est,
3423 2492 3469 2546 is

1898 2583 2138 2654 profecto
2188 2600 2291 2638 non
2339 2584 2541 2637 invitus
2573 2584 2639 2636 ad
2675 2582 2980 2652 passionem
3019 2597 3171 2636 suam
3202 2582 3468 2636 abductus

1896 2687 1999 2731 est.
2042 2676 2193 2743 Quod
2227 2676 2273 2731 si
2326 2675 2490 2729 etiam
2547 2676 2725 2729 divina
2760 2673 3003 2743 potentia
3052 2674 3128 2727 uti
3166 2674 3338 2728 noluit
3367 2712 3383 2738 ,
3411 2682 3468 2726 at

1897 2760 2044 2821 certe
2082 2766 2280 2821 licebat
2315 2768 2407 2831 ei,
2468 2766 2513 2822 si
2560 2764 2857 2830 voluisset,
2910 2762 3223 2819 defensione
3269 2763 3469 2818 utendo

1899 2856 2156 2928 en‘ugere.
2211 2858 2457 2913 Habebat
2505 2858 2649 2913 enim
2692 2855 2922 2911 Pilatum
2951 2869 3167 2925 quoque
3216 2854 3321 2909 sibi
3352 2854 3469 2924 ejus

1896 2956 2123 3004 conatus
2154 2948 2382 3015 socium,
2415 2955 2471 3003 et
2499 2947 2768 3004 dicentem
2790 2986 2806 3012 ,
2838 2961 2982 3002 nunc
3005 2945 3224 3015 quidem
3256 2967 3269 3001 :
3305 2964 3324 2997 ι
3351 2944 3470 3001 Non

240 3055 256 3087 ι
304 3038 495 3103 Ἀθῶὸς
522 3042 641 3108 εἰμι
683 3041 791 3093 ἀπὸ
830 3041 923 3094 τοῦ
970 3042 1198 3113 αἵματος
1228 3044 1440 3099 τούτου.
1482 3063 1499 3094 ι
1536 3044 1599 3095 Εἰ
1629 3044 1686 3096 δὲ
1718 3044 1792 3114 μὴ

1901 3040 2117 3096 invenio
2152 3039 2205 3093 in
2244 3039 2360 3109 ipso
2404 3038 2567 3094 ullam
2619 3038 2830 3108 culpam
2866 3046 3039 3091 morte
3086 3037 3300 3106 dignam
3325 3036 3411 3103 ³²ς
3443 3055 3464 3089 ι

234 3133 665 3204 ἀπολογήσασθαι
696 3134 907 3205 ἤθελεν,
941 3134 1349 3188 ἐκκαλέσασθαι
1383 3135 1523 3188 κατὰ
1577 3133 1790 3188 Παῦλον

235 3222 367 3292 ἐξῆν.
416 3225 526 3276 Καὶ
558 3224 669 3295 γὰρ
704 3224 808 3277 ὑπὸ
857 3223 1163 3296 Ῥωμαίους
1212 3220 1375 3295 ἦσαν.
1423 3225 1625 3277 Λοιπὸν
1682 3223 1792 3292 γὰρ

234 3312 534 3380 Αὔγουστος
571 3315 601 3366 ὁ
644 3314 936 3384 Ῥωμαίων
984 3315 1343 3386 αὐτοκράτωρ
1382 3315 1793 3385 χειρωσάμενος

236 3404 484 3467 ἅπαντας,
522 3407 584 3458 ἐν
612 3399 694 3469 οἷς
723 3402 862 3476 ἦσαν
892 3405 986 3459 καὶ
1017 3406 1193 3471 αὐτοὶ,
1230 3405 1513 3457 ἐκέλευσεν
1553 3404 1795 3476 ἀπογρά-

233 3493 421 3563 ψασθαι
460 3497 643 3550 πᾶσαν
674 3494 771 3566 τὴν
799 3495 1148 3566 οἰκουμένην,
1186 3495 1293 3566 πρὸ
1318 3494 1413 3548 τοῦ
1446 3495 1537 3547 τὸν
1566 3493 1795 3563 Σωτῆρα

233 3583 288 3637 τὸ
321 3585 457 3639 κατὰ
485 3586 670 3657 σάρκα
712 3586 1073 3655 γεννηθῆναιο
1118 3587 1213 3639 καὶ
1255 3584 1795 3662 Ῥωμαίωνςῆγεμὼν

234 3667 296 3743 ἦν
324 3675 450 3745 παρ’
488 3676 675 3738 αὐτοῖς
727 3675 756 3728 6
802 3675 1054 3740 Πιλάτος,
1111 3675 1313 3729 διέπων
1345 3675 1416 3729 τὰ
1466 3676 1791 3746 πράγματα,

237 3768 320 3820 καὶ
347 3769 470 3831 τοὺς
490 3769 933 3839 ἐκκαλουμένους
965 3767 1202 3838 πέμπων
1232 3769 1312 3831 είς
1344 3767 1445 3839 τὴν
1478 3766 1792 3839 Ῥωμαίων,

237 3858 321 3911 καὶ
369 3859 553 3931 τηρῶν
608 3860 793 3922 αὐτοῖς
852 3859 915 3912 τὸ
967 3860 1201 3914 ἄσυλονο
1254 3858 1444 3931 ὥσπερ
1494 3854 1588 3914 οῦν
1638 3860 1731 3913 καὶ
1769 3862 1798 3913 ὁ

236 3950 447 4019 Φῆστος,
495 3953 547 4005 εί
575 3952 633 4005 δὲ
684 3951 863 4022 βούλει
883 3992 897 4014 ,
931 3954 959 4005 ὁ
997 3952 1300 4023 χιλίαρχος,
1333 3952 1425 4007 τὸν
1457 3952 1668 4006 Παῦλον
1702 3952 1799 4005 καὶ

238 4040 473 4095 διέσωσεν
504 4044 572 4095 ἐκ
612 4042 709 4113 τῆς
742 4040 989 4113 φονώσης
1023 4042 1266 4105 συνόδου,
1313 4042 1411 4095 καὶ
1448 4042 1529 4105 εἰς
1579 4041 1798 4110 Ῥώμην

240 4130 363 4199 πρὸς
390 4133 649 4201 Καίσαρα
684 4131 1018 4202 ἀνέπεμψεν.
1061 4132 1198 4184 Ἀλλ’
1240 4132 1396 4185 οὐδὲν
1450 4130 1661 4183 τούτων
1697 4147 1797 4183 πε-

240 4221 450 4290 ποίηκεν
484 4224 515 4276 ὁ
569 4221 804 4292 Χριστός
826 4239 842 4253 ο
895 4221 1018 4274 οὗτε
1051 4224 1159 4294 γὰρ
1186 4226 1255 4294 ’τῇ
1290 4221 1531 4294 ἐξουσίᾳ,
1559 4222 1683 4275 οὔτε
1730 4224 1797 4293 τῇ

240 4313 518 4386 ἀπολογίᾳ,
550 4312 674 4367 οὔτε
701 4317 767 4385 τῇ
793 4314 1042 4385 ἐκκλήτῳ
1082 4316 1374 4386 ἐχρήσατο,
1417 4316 1503 4367 ἵνα
1530 4314 1799 4385 λαμπρῶς

242 4401 395 4477 δείξῃ,
424 4406 507 4458 ὅτι
538 4404 629 4457 τὸν
660 4403 889 4458 θάνατον
918 4403 1246 4458 θανατώσων
1271 4404 1418 4475 δεῦρ’
1452 4407 1670 4474 ἀφῖκτο.

1896 3147 2038 3187 nunc
2068 3147 2232 3187 vero:
2269 3150 2288 3184 ι
2322 3131 2584 3188 innocens
2629 3145 2748 3185 sum
2797 3130 2863 3184 ab
2903 3129 3005 3183 hoc
3056 3127 3319 3198 sanguine
3345 3127 3411 3183 ³³.
3444 3146 3463 3178 ι

1895 3223 2047 3290 Quod
2095 3223 2142 3278 si
2188 3238 2289 3277 nec
2330 3222 2646 3277 defensione
2686 3219 3012 3275 innocentia:
3043 3219 3121 3273 uti
3153 3218 3364 3285 voluit,
3414 3228 3473 3273 at

1896 3328 2195 3381 provocare
2223 3312 2473 3384 exemplo
2505 3312 2657 3367 Pauli
2689 3311 2907 3367 licebat.
2952 3309 3125 3364 Erant
3174 3309 3321 3365 enim
3370 3311 3471 3365 sub

1896 3405 2156 3461 Romanis
2183 3405 2373 3461 Judaei.
2420 3404 2555 3460 Nam
2605 3420 2726 3459 cum
2776 3403 3053 3474 Augustus
3097 3403 3470 3457 Romanorum

1897 3496 2191 3565 imperator
2221 3498 2424 3565 ;omnes
2473 3495 2529 3550 in
2577 3510 2730 3550 suam
2779 3494 3075 3564 redegisset
3126 3503 3470 3563 potestatem.

1896 3584 2042 3640 inter
2067 3601 2204 3656 quos
2229 3587 2328 3656 ipsi
2364 3600 2581 3655 quoque
2622 3595 2813 3652 erant,
2839 3585 3007 3656 jussit
3049 3600 3247 3639 census
3278 3583 3471 3655 agendi

1898 3690 2059 3732 causa
2099 3676 2337 3733 describi
2363 3691 2580 3731 omnem
2610 3684 2875 3731 terrarum
2907 3677 3116 3739 orbem,
3148 3675 3474 3745 priusquam

1900 3769 2154 3823 Salvator
2198 3768 2497 3824 secundum
2541 3782 2763 3822 carnem
2826 3776 3184 3822 nasceretur:
3240 3774 3296 3821 et
3356 3773 3477 3821 erat

1899 3859 2041 3929 apud
2073 3859 2219 3928 ipsos
2248 3857 2618 3914 Romanorum
2648 3872 2849 3928 praeses
2880 3856 3105 3924 Pilatus,
3135 3856 3229 3927 qui
3264 3871 3351 3912 res
3379 3855 3477 3911 ad-

1900 3949 2269 4014 ministrabat,
2295 3957 2349 4005 et
2372 3948 2701 4019 appellantes
2722 3948 2950 4004 Romam
2972 3950 3236 4016 mittebat,
3268 3963 3477 4018 eosque

1901 4041 2164 4095 adversus
2190 4040 2298 4094 vim
2337 4049 2481 4095 tutos
2514 4040 2841 4109 praestabat;
2879 4049 2939 4094 ut
2987 4049 3044 4096 et
3101 4039 3293 4095 Festus
3352 4045 3476 4107 post

1901 4146 2046 4199 eum,
2085 4130 2201 4187 sive
2234 4131 2405 4186 mavis
2437 4131 2686 4187 tribunus
2723 4132 2951 4186 militum
2977 4171 2994 4199 ,
3026 4130 3247 4186 Paulum
3273 4138 3329 4185 et
3358 4144 3477 4185 ser-

1902 4224 2048 4279 vavit
2079 4239 2149 4279 ex
2179 4225 2388 4295 synodo
2419 4221 2764 4290 Judteorum,
2809 4239 2933 4293 quae
2959 4225 3099 4279 nihil
3127 4225 3232 4279 nisi
3272 4224 3477 4280 eadem

1904 4316 2168 4385 spirabat,
2199 4325 2255 4370 et
2284 4314 2513 4369 Romam
2547 4315 2616 4370 ad
2636 4314 2909 4371 Caesarem
2940 4317 3169 4383 remisit.
3208 4315 3316 4371 Sed
3344 4315 3476 4372 nihil

1830 4397 1874 4453 D
1904 4406 2134 4461 istorum
2168 4405 2298 4461 fecit
2342 4404 2610 4463 Christus.
2674 4407 2812 4461 Nam
2857 4422 3032 4477 neque
3083 4409 3319 4479 potentia
3356 4423 3476 4473 sua,

243 4511 403 4563 neque
447 4496 784 4558 defensione,
817 4510 992 4563 neque
1037 4495 1400 4565 appellatione
1439 4512 1569 4550 usus
1595 4506 1713 4563 est,
1761 4506 1820 4549 ut
1859 4494 2061 4566 liquido
2127 4498 2463 4566 ostenderet,
2534 4513 2593 4552 se
2635 4498 2739 4553 huc
2790 4509 3074 4569 propterea
3126 4499 3335 4554 venisse
3361 4536 3378 4563 ,
3419 4507 3478 4551 ut

244 4603 452 4646 utortem
482 4602 657 4644 morte
682 4589 933 4645 alliceret.

412 4681 585 4734 PKG'.
640 4710 711 4720 —
768 4681 1148 4751 ΣΤΡΑΤΠΓΙῼ
1198 4682 1623 4737 ΜΟΝΑΖΟΝΤῘ.

244 4774 338 4838 Είς
360 4776 425 4828 τό
446 4789 462 4803 ·
497 4793 517 4827 ι
562 4773 692 4829 Πᾶν
719 4775 1052 4842 ἁμάρτημα,
1090 4776 1121 4828 ὃ
1157 4774 1265 4828 ἐὰν
1310 4775 1452 4845 ποιῇ
1492 4776 1801 4845 ἅνθρωπος

703 4846 876 4910 ἐκτὸς
902 4847 1004 4898 τοῦ
1044 4845 1333 4915 σώματος.
1357 4868 1376 4897 ι

308 4936 529 5003 Πολλὰς,
588 4930 635 4990 ὦ
693 4937 954 5007 μακάριε,
1005 4937 1229 4991 δυνατὸν
1290 4940 1371 5003 είς
1430 4939 1529 4991 τόο
1593 4957 1611 4990 ι
1684 4940 1801 4993 Πᾶν

2116 4682 2352 4740 CXXIX.
2380 4715 2451 4724 —
2479 4682 2874 4739 STRATEGIO
2911 4682 3262 4739 MONACHO.

1907 4776 1975 4832 In
2001 4777 2133 4830 illud
2174 4775 2334 4829 Pauli
2365 4778 2586 4841 dictum,
2624 4795 2643 4828 ι
2684 4776 2849 4831 Omne
2877 4786 3180 4846 peccatum,
3210 4777 3482 4846 quodcun-

2173 4864 2271 4917 que
2300 4846 2477 4915 fecerit
2506 4846 2680 4911 homo,
2706 4856 2856 4900 extra
2879 4863 3067 4915 corpus
3092 4846 3158 4900 “.
3189 4865 3209 4898 ι

1979 4939 2197 5004 Multze,
2230 4953 2263 4993 o
2313 4940 2510 5003 beate,
2566 4937 2712 4991 velut
2744 4939 2924 5008 janua:
2979 4953 3236 4993 sensuum
3281 4940 3482 5009 aperiri

310 5070 352 5102 ³⁸
380 5070 533 5127 Rom.
565 5087 683 5138 νιιι,
711 5071 764 5125 9.
842 5071 1030 5127 ³¹.1ιιι1.
1060 5073 1147 5128 19.
1225 5074 1270 5107 ³³
1301 5073 1433 5130 Luc.
1472 5089 1628 5140 χχιιι,
1653 5075 1709 5130 ι.
1783 5076 1804 5108 ³

1901 5079 2046 5131 Latth.
2084 5093 2255 5140 xxv",
2279 5078 2367 5132 24.
2447 5078 2492 5110 ³⁵
2518 5078 2537 5132 l
2562 5078 2692 5133 Cor.
2719 5094 2795 5143 vr,
2826 5078 2914 5133 18.

1337 5188 1577 5244 VARUE
1614 5188 2002 5245 LECTIONES
2034 5189 2123 5243 ET
2161 5189 2392 5245 NOTAE.

312 5325 417 5397 (Π)
446 5324 545 5378 ΕιΙ.
577 5325 778 5397 Paris,
803 5328 832 5379 ὁ
861 5328 1192 5397 σωματικάς,
1222 5328 1397 5384 male:
1419 5343 1560 5384 corr.
1586 5344 1651 5383 ex
1677 5329 1798 5383 cod.

252 5389 411 5466 ὶέιίῇο.
443 5398 708 5449 sententia
737 5389 1032 5466 ﬂagitante.
1068 5389 1221 5451 Eutr.

299 5462 420 5540 .(AI8)
472 5465 614 5517 Ἀπὸ
662 5462 1178 5540 τοῦ-Ξςραῖοῦντος
1220 5467 1476 5535 ἕκαστος
1515 5468 1802 5525 καλεῖται.

254 5527 374 5581 Vide
403 5527 564 5600 Supra
590 5537 749 5598 epist.
781 5527 904 5590 ιιῖι.
939 5537 1103 5592 Βιττ.

257 5601 568 5725 ΡυὲἒῗὲθΡοει
603 5606 886 5679 saneea?
911 5609 1035 5670 cod.
1065 5607 1185 5664 \iut.
1213 5608 1325 5665 650
1357 5609 1505 5667 addit
1534 5610 1806 5683 ναυάρχῳ.

338 5687 445 5726 ιδιιι.

1981 5327 2092 5399 (20)
2124 5328 2254 5382 Cum
2289 5330 2387 5382 hac
2431 5331 2588 5399 epist.
2631 5328 2819 5384 confer
2858 5327 3018 5398 epist.
3049 5326 3133 5394 .97
3167 5325 3323 5394 hujus
3358 5328 3482 5384 libri

1913 5397 2257 5536 ιγ’(ίέῧᾘότι
2302 5468 2456 5521 ἑκὼν
2503 5468 2600 5521 ἐπὶ
2629 5467 2735 5521 τὸν
2769 5467 3030 5523 θάνατον
3062 5463 3249 5537 ἦλθεν
3283 5470 3316 5520 ὀ
3349 5470 3484 5537 Χρι-

1915 5541 2083 5603 στός.
2132 5536 2437 5593 Bernardus
2470 5554 2482 5591 :
2522 5557 2540 5589 ι
2565 5538 2814 5593 Christus
2854 5540 3113 5606 qnzesitus
3149 5539 3214 5591 ad
3261 5536 3481 5607 regnum

1918 5608 2076 5678 fugit,
2110 5610 2366 5678 quagsitus
2393 5609 2459 5661 ad
2484 5620 2711 5662 mortem
2741 5624 2843 5663 non
2876 5609 3032 5676 fugit,
3056 5609 3149 5661 sed
3176 5623 3294 5661 sese
3331 5610 3483 5661 obtu-

1920 5677 2002 5735 lit.
2043 5698 2060 5731 ι
2095 5677 2308 5749 Optime
2340 5679 2501 5749 igitur
2524 5680 2574 5733 in
2604 5678 2776 5749 ipsum
2812 5681 3041 5750 quadrat
3069 5693 3279 5743 versus,
3319 5693 3490 5749 quem.
