3886 6420
126 411 236 473 1209
958 396 1490 463 EPISTOLARUM
1528 400 1673 459 LIB.
1714 400 1807 461 IV.
1847 427 1915 437 -·
1956 404 2194 465 EPIST.
2235 408 2493 467 CXXIX.
3213 403 3350 467 1:210

123 521 391 586 ἀπαλλάξαι
452 516 755 589 βουλόμεθα
778 534 791 548 ·
840 517 1052 589 μήποτε
1100 515 1197 569 καὶ
1246 516 1276 567 ό
1341 511 1657 573 Ἀπόστολος

1847 535 1954 572 non
2008 522 2344 574 commiserit
2399 529 2618 591 peccata
2673 523 2830 573 venia
2863 520 3090 590 majora,
3120 522 3349 577 dicionis

121 615 197 666 ἐπὶ
218 611 309 679 τῆς
341 608 597 679 πορνείας
626 606 786 661 τοῦτο
823 606 951 677 ἔφη.
991 606 1096 659 Τὸν
1124 605 1234 676 γὰρ
1283 601 1655 673 πορνεύσαντο

1816 612 2156 667 lmonitionis
2208 627 2374 667 causa
2410 630 2423 667 :
2460 612 2691 676 Desiste,
2748 611 2820 665 mi
2882 611 3074 677 frater,
3124 614 3193 666 ab
3250 616 3350 668 hoc

122 702 247 773 παρὰ
293 697 595 768 Κορινθίοις
654 696 990 767 σωφρονίσαι
1043 695 1403 766 βουλόμενος,
1458 693 1656 765 ταύτην

1814 704 1957 757 μοι·ὴο
1987 721 2001 758 :
2036 704 2125 758 hic
2161 705 2385 759 morbus
2416 706 2658 760 omnium
2703 714 2791 759 est
2849 704 3201 769 deterrimus,
3242 721 3348 759 non

122 794 289 865 ἑρῤηξε
335 790 432 858 τὴν
486 790 695 860 φωνήν]
726 790 791 843 Ei
832 790 889 843 δὲ
934 789 1030 843 καὶ
1061 788 1272 859 τρίτην,
1308 787 1480 841 ἐννόει
1510 826 1526 850 ,
1583 789 1656 840 ὅτι

1820 798 1907 850 rod
1940 794 2029 848 hic
2050 810 2241 850 onmes
2264 796 2403 850 alios
2426 805 2667 866 superet,
2708 797 2801 851 sed
2824 796 2968 864 quod
2994 794 3115 865 ipso
3136 810 3353 864 quoque

121 887 282 952 ὥσπερ
317 882 346 933 6
392 883 475 944 είς
508 880 776 935 θάλατταν
820 883 970 933 σῖτον
1014 880 1047 950 ἢ
1107 880 1296 952 ἕτερόν
1337 896 1390 933 τι
1441 879 1655 949 σπέρμα

1819 902 1888 939 tm
1946 885 2181 940 liberare
2239 887 2571 955 cupiamus:
2608 902 2789 941 annon
2838 890 3004 941 etiam
3058 885 3353 953 Apostolus

123 978 298 1048 ῥίπτων
336 976 415 1037 είς
463 973 554 1027 τδν
606 975 812 1044 σπόρον
846 972 1191 1044 ἁμαρτάνει,
1236 970 1462 1025 κωλύων
1496 971 1657 1025 αὐτὸν

1818 976 2018 1032 militer
2080 978 2145 1032 de
2204 977 2567 1034 fornicatione
2601 980 2703 1034 hoc
2754 979 2977 1033 dixerit.
3032 977 3166 1032 Nam
3224 978 3351 1031 dum

121 1072 185 1132 εἰς
220 1067 425 1134 γένεσιν
456 1065 640 1119 ἐλθεῖν
662 1081 676 1094 ·
713 1065 857 1119 οὕτω
885 1064 984 1119 καὶ
1021 1065 1050 1117 6
1098 1065 1178 1126 είς
1206 1063 1430 1133 ἑταίραν
1462 1063 1655 1134 ῥίπτωι

1809 1066 2042 1136 arrigere
2075 1078 2239 1136 atque
2270 1068 2564 1122 emendare
2594 1069 2755 1122 vellet
2781 1082 2904 1122 etnn
2943 1067 3035 1136 qui
3062 1069 3201 1136 apml
3237 1066 3343 1120 Co-

119 1162 169 1214 τὸ
197 1158 380 1214 ἑαυτοῦ
441 1158 691 1229 σπέρμα,
711 1159 794 1218 είς
829 1157 891 1210 τὸ
923 1158 1121 1210 οἰκεῖον
1147 1155 1307 1226 σῶμα
1333 1157 1653 1226 ἁμαρτάνει,

1819 1161 2000 1214 ntbios
2036 1159 2331 1215 fornicatus
2359 1171 2499 1225 erat,
2531 1161 2583 1214 in
2616 1163 2754 1215 hanc
2784 1174 2969 1214 vocem
3002 1160 3204 1229 erupit.
3229 1158 3348 1215 Jam

121 1254 306 1322 ἐκείνης
334 1251 396 1304 ού
444 1250 511 1303 τὸ
556 1249 747 1319 τεχθὲν
796 1248 1127 1319 ἀναιρούσης
1185 1248 1366 1317 μόνον,
1392 1246 1527 1301 άλλὰ
1575 1247 1655 1301 κα)

1878 1252 2093 1305 tertiam
2158 1265 2374 1319 quoque
2424 1253 2507 1306 vis
2562 1252 2656 1304 tibi
2710 1252 2908 1318 aperiri
2961 1250 3206 1317 jauuam,
3250 1253 3351 1305 hoc

121 1344 344 1414 τεχθῆναι
394 1342 712 1410 κωλυούσης
754 1341 889 1413 (27).
924 1342 986 1394 Εἰ
1018 1341 1075 1393 δὲ
1107 1341 1407 1410 τετάρτηνο
1462 1340 1655 1391 ὲννοεῖη

1819 1342 2141 1395 tima’dverte
2172 1358 2186 1394 :
2218 1340 2679 1407 Quemadmodum
2716 1341 2805 1409 qui
2849 1340 2903 1393 in
2929 1355 3079 1395 mare
3109 1339 3353 1393 frumen-

121 1439 227 1506 χρὴ,
252 1438 329 1489 δτι
372 1436 497 1489 καθ’
534 1435 563 1487 ὃ
590 1436 728 1504 δρᾷ,
784 1434 877 1488 καὶ
909 1434 1107 1502 πάσχει
1152 1432 1286 1501 (28).
1325 1431 1387 1484 Et
1433 1431 1542 1501 γὰρ
1594 1430 1655 1501 μ’)

1816 1448 1881 1486 nn
1922 1441 2014 1486 aut
2044 1433 2187 1486 aliud
2221 1434 2512 1501 quodpiam
2564 1448 2749 1488 semen
2798 1432 3033 1502 proiicit,
3063 1434 3115 1486 in
3165 1447 3350 1487 semen

122 1529 321 1591 ἔπαθεν,
347 1528 448 1580 οὐκ
484 1527 548 1580 ἂν
584 1527 845 1598 ἔρῤευσεν
873 1541 886 1556 ·
920 1528 967 1577 εί
998 1525 1054 1577 δὲ
1097 1524 1378 1595 ἕρρευσεν,
1414 1524 1656 1594 ἐφθάρη⁴

1817 1534 1979 1587 secat,
2006 1522 2131 1577 dum
2190 1523 2242 1577 id
2301 1523 2556 1591 prohibet
2599 1522 2667 1575 ad
2702 1522 3110 1591 generationem
3162 1535 3351 1590 perve-

122 1624 162 1672 εί
196 1622 246 1672 δὲ
282 1620 516 1688 ἐφθάρη,
553 1617 808 1688 ὑϐρίσθη.
876 1618 1090 1686 Ἀμέλει
1141 1618 1227 1669 ἐπ’
1261 1616 1488 1686 οὐδεμιᾷ
1535 1615 1656 1685 άλλῖ

1816 1615 1930 1668 ire:
1959 1615 2035 1669 ita
2062 1615 2227 1669 etiam
2254 1614 2302 1667 is
2329 1614 2420 1684 qui
2452 1614 2502 1668 in
2540 1614 2882 1668 meretricem
2920 1612 3138 1681 projieit
3188 1626 3350 1666 suum

122 1712 311 1781 πράξει,
353 1712 387 1781 ἡ
421 1712 515 1763 ἐπὶ
548 1712 681 1780 μόνῃ
712 1712 778 1778 τῇ
812 1709 1004 1780 ἀνδρὸς
1033 1708 1170 1779 πρὸς
1201 1710 1436 1776 γυναῖκα
1470 1706 1656 1775 συνόδη

1821 1722 1981 1771 :men,
2019 1706 2071 1759 in
2106 1706 2383 1774 proprium
2408 1718 2608 1773 corpus
2645 1710 2859 1772 peccat,
2889 1703 3002 1773 ipsa
3036 1719 3141 1756 non
3180 1703 3355 1757 solum

122 1804 311 1871 λέγεται
353 1802 629 1875 ἐφθάρθαι
674 1801 774 1871 τὴν
819 1800 1089 1870 παρθένον
1123 1801 1219 1854 καὶ
1264 1799 1356 1853 τὸν
1387 1799 1656 1854 νεανίσκοι

1823 1801 2075 1856 erimente
2121 1798 2173 1853 id
2219 1799 2364 1868 quod
2414 1807 2597 1851 natum
2643 1796 2832 1859 fuerit,
2869 1796 2964 1850 sed
3000 1797 3147 1850 nasci
3173 1796 3357 1865 probi-

123 1892 472 1964 mtpaeéwac.
529 1894 594 1946 Ei
646 1892 704 1945 δὲ
747 1892 838 1946 καὶ
872 1892 1150 1963 πέμπτην,
1207 1890 1423 1957 ἐννόει,
1484 1889 1657 1959 ὄτιτᾷ

1818 1902 1955 1947 ente.
1985 1892 2156 1947 Porro
2181 1891 2226 1946 si
2253 1901 2504 1960 quartam
2564 1887 2888 1959 (desideras
2943 1888 3352 1957 interpretatio-

123 1985 271 2056 ⁴ιιόρνῃ
302 1984 689 2054 συνερχομένῳ
714 1985 764 2037 εί
787 1983 1005 2053 τεχθείη
1037 1982 1269 2044 παιδίον,
1302 1982 1379 2044 είς
1411 1980 1657 2051 πορνείαι

1818 1985 1935 2054 em)
1980 1984 2221 2051 cogitare
2260 1987 2497 2048 oportet,
2550 1978 2850 2033 secundum
2907 1979 2963 2033 id
3026 1982 3171 2049 quod
3220 1982 3352 2049 agit,

122 2077 385 2145 τρέφεται,
435 2077 535 2130 καὶ
568 2079 599 2130 ό
626 2075 772 2147 ὁρῶν
813 2074 951 2145 μετὰ
982 2074 1158 2127 ταῦτα
1180 2115 1194 2139 ,
1242 2072 1386 2137 λέξει
1408 2088 1423 2103 ’
1465 2074 1656 2134 Ὄντως

1819 2092 1950 2131 psum
1986 2076 2147 2130 etiam
2184 2076 2315 2144 pati.
2345 2075 2481 2129 Nam
2512 2074 2618 2129 nisi
2668 2088 2861 2143 passus
2890 2075 3217 2143 quid-esset,
3249 2089 3353 2127 non

123 2166 285 2220 ἑαυτὸν
304 2167 515 2229 ἐκεῖνος
532 2165 808 2235 ἠδίκησεν·
837 2165 944 2218 ίδοὺ
970 2165 1078 2235 γὰρ
1104 2168 1164 2218 τὸ
1199 2164 1442 2235 σπέρμα,
1474 2163 1657 2234 μᾶλλοι

1822 2172 2043 2225 luisset.
2080 2168 2137 2224 Si
2192 2178 2374 2223 autem
2426 2166 2600 2235 fluxit,
2637 2177 2932 2238 corruptus
2973 2176 3057 2221 est
3086 2185 3099 2220 :
3127 2168 3173 2221 si
3226 2182 3356 2221 vero

122 2256 168 2309 δὲ
197 2256 252 2310 τὸ
277 2257 431 2326 σῶμα
465 2256 631 2313 αὐτοῦ
672 2255 949 2327 πορνεύει.
988 2257 1051 2310 Εἰ
1086 2256 1145 2310 δὲ
1190 2256 1288 2310 καὶ
1327 2256 1517 2326 ἕκτην,
1550 2255 1656 2308 ὲπί‹

1808 2272 2062 2332 orruptns
2091 2270 2196 2325 est,
2240 2260 2565 2315 contumelia
2616 2260 2842 2316 affectus
2889 2270 2995 2314 est.
3020 2258 3150 2324 Quae
3177 2258 3342 2312 etiam

122 2365 309 2419 στηαον,
340 2350 423 2403 ὅτι
457 2350 510 2402 εἰ
544 2348 706 2419 δούλῃ
743 2366 829 2412 τις
877 2350 1252 2419 κοινωνήσειε,
1288 2347 1473 2401 δοῦλον
1522 2348 1652 2401 ἔστα

1826 2370 1936 2409 lusa
1962 2365 2067 2419 est,
2098 2354 2242 2423 quod
2276 2353 2345 2408 de
2375 2353 2518 2407 nulla
2574 2353 2681 2408 alia
2739 2353 2975 2416 actione,
3011 2350 3106 2405 sed
3130 2351 3199 2405 de
3244 2349 3360 2404 solo

121 2440 173 2493 τὺ
194 2441 510 2510 τικτόμενον
539 2456 553 2470 ·
588 2440 707 2502 πῶς
728 2435 824 2492 οὖν
848 2439 951 2492 οὐκ
980 2440 1061 2503 είς
1086 2439 1282 2493 ἑαυτὸν
1330 2439 1637 2510 ἁμαρτάνει

1826 2448 1876 2499 ri
1901 2461 2025 2500 cum
2063 2445 2289 2500 muliere
2324 2460 2620 2515 congressu
2654 2444 2873 2509 dicitur,
2898 2452 3188 2511 corruptos
3236 2456 3360 2497 esse

121 2530 146 2582 6
179 2528 347 2583 δοῦλον
397 2529 721 2593 σπουδάζων
756 2531 979 2593 τεκεῖν;
1033 2529 1095 2581 Εἰ
1150 2527 1209 2580 δὲ
1270 2529 1364 2581 καί
1416 2527 1653 2597 ἑϐδόμην

1815 2538 2042 2611 irgiuem
2072 2546 2129 2591 et
2157 2535 2559 2591 adolescentem
2597 2551 2710 2590 rem
2746 2544 3000 2604 expertos
3030 2548 3345 2589 veneream.

120 2621 204 2691 ὅρα
228 2622 305 2674 ὅτι
332 2620 429 2673 καὶ
459 2620 526 2675 τὸ
548 2620 870 2690 τικτόμενον
903 2620 1192 2685 ἀδικεῖται,
1224 2619 1375 2673 νόθον
1403 2618 1654 2690 καλούμει

1823 2632 1837 2686 i
1894 2641 1947 2686 et
1998 2630 2385 2700 quintam(vis
2443 2627 3015 2698 interpretationem),
3050 2629 3253 2695 cogita,
3310 2625 3356 2679 si

122 2728 215 2777 νον,
242 2714 331 2767 καὶ
355 2713 557 2783 ἄτιμον
582 2712 861 2782 πανταχοῦ
889 2711 1195 2781 γινόμενον,
1228 2710 1335 2765 κᾶν
1366 2712 1425 2766 ὲν
1454 2711 1656 2781 βουλευ·

1821 2725 1945 2793 lqui
1978 2740 2101 2778 cum
2127 2732 2311 2777 scorto
2339 2736 2670 2790 congressus
2724 2731 2833 2785 est,
2858 2730 3020 2774 natus
3050 2717 3220 2773 fuerit
3251 2716 3355 2770 ali-

122 2804 287 2875 τηρίῳ,
320 2804 422 2858 κᾶν
465 2805 525 2857 ὲν
564 2803 903 2874 δικαστηρίῳ
964 2801 1115 2873 (29)
1170 2802 1227 2856 δὲ
1279 2801 1495 2873 εἰσέλθῃ
1522 2842 1537 2867 ,
1580 2804 1656 2856 ὲκ·

1821 2818 1899 2871 uis
1957 2816 2123 2880 ﬁlius,
2156 2816 2202 2871 is
2258 2815 2328 2869 ad
2379 2813 2790 2867 fornicationem
2851 2812 3135 2875 educatur,
3162 2817 3216 2864 et
3262 2809 3355 2878 qui

124 2894 387 2949 6άλλεται³
445 2898 517 2950 δι’
567 2889 627 2949 οὗ
660 2896 753 2948 και
802 2896 831 2947 6
878 2895 1287 2964 φυτευσάμενος
1315 2894 1651 2949 συναπολαύε

1823 2919 1965 2965 estea
1993 2923 2116 2963 eum
2151 2906 2520 2975 conspexerit,
2548 2905 2691 2959 dicet
2728 2922 2741 2956 :
2776 2902 2984 2956 Revera
3019 2902 3071 2955 in
3114 2902 3357 2967 seipsum

123 2990 205 3059 τῆς
226 2989 485 3058 αἰσχύνης
508 3006 523 3020 ο
566 2989 869 3058 ὑπόμνημα
915 2989 1024 3059 γὰρ
1053 2988 1152 3056 τῆς
1186 2987 1393 3051 οἰκείας
1423 2988 1657 3055 λαγνείας

1825 3002 1869 3055 Ie
1913 3000 2014 3054 fuit
2066 2999 2295 3068 injnrius
2338 3016 2353 3052 :
2397 3014 2526 3051 ecce
2572 2998 2717 3051 enim
2778 3011 2986 3062 semen,
3030 2995 3111 3049 vel
3176 2994 3359 3063 potius

123 3083 432 3151 κατέλειψεν.
476 3084 541 3135 Εἰ
581 3082 637 3134 δὲ
674 3083 767 3134 καὶ
803 3082 1019 3151 ὀγδόην,
1058 3080 1447 3149 δοκιμάσωμεν
1486 3080 1581 3133 καὶ
1612 3081 1657 3133 τί

1827 3107 1974 3160 )rpus
2008 3089 2123 3157 ejus
2157 3098 2450 3145 scortntur.
2475 3088 2533 3141 Si
2567 3102 2692 3141 vero
2729 3088 2892 3141 etiam
2947 3096 3185 3147 sextam,
3216 3085 3361 3139 scire

124 3176 468 3247 ῥηθησόμενον
495 3191 509 3205 ⁸
543 3174 735 3245 ἐπειδὴ
768 3177 796 3227 6
826 3172 1129 3245 πορνεύων,
1166 3173 1224 3226 ἒν
1253 3172 1388 3243 πρὸς
1414 3172 1513 3243 τὴν
1540 3190 1658 3244 πορ

1826 3185 1963 3249 abes,
1996 3184 2137 3252 quod
2164 3184 2206 3237 si
2239 3199 2360 3237 cum
2414 3196 2569 3237 serva
2601 3181 2722 3249 quis
2780 3195 2891 3233 rem
2944 3178 3213 3243 habuerit,
3241 3192 3360 3232 ser—

122 3270 388 3339 νευομένην
413 3269 630 3337 γίνεται
654 3306 669 3329 ,
700 3269 776 3330 ὡς
813 3266 883 3320 τὰ
909 3268 1085 3321 οἰκεῖα
1117 3266 1254 3336 μέλη
1275 3264 1444 3318 ποιῶν
1470 3269 1656 3336 πόρνηι

1828 3292 1908 3329 um
1970 3276 2075 3329 erit
2098 3276 2148 3329 id
2180 3278 2323 3344 quod
2371 3289 2437 3328 ex
2488 3288 2551 3327 ca
2606 3281 2879 3327 nascetur.
2901 3270 3180 3337 Quomodo
3231 3285 3362 3339 ergo

124 3360 255 3430 μέλη.
282 3363 359 3423 είς
387 3361 585 3415 ἑαυτὸν
619 3360 697 3429 τῷ
729 3359 845 3412 όντι
889 3358 1217 3429 ἁμαρτάνει.
1246 3359 1394 3427 Φόνῳ
1426 3359 1527 3427 μὲν
1565 3359 1658 3429 γάε

1825 3385 1891 3423 un
1960 3369 2013 3422 in
2065 3369 2305 3436 seipsum
2358 3375 2569 3436 peccat,
2598 3365 2689 3434 qui
2754 3378 2971 3417 servum
3008 3362 3359 3431 satagitpro-

120 3468 240 3516 τινες
261 3448 315 3507 εὖ
345 3454 654 3524 ἐχρήσαντο
685 3452 780 3523 (ὡς
802 3451 1010 3520 Μωσῆς
1033 3451 1127 3503 καὶ
1151 3450 1382 3520 Φινεὲς),
1414 3451 1510 3504 καὶ
1538 3452 1654 3522 ὀργῆ

1828 3460 2015 3515 reare?
2062 3460 2118 3514 Si
2160 3469 2216 3513 et
2263 3459 2576 3527 septimam,
2611 3456 2733 3510 vide
2756 3457 2897 3524 quod
2925 3454 3093 3508 etiam
3131 3454 3182 3507 id
3218 3454 3362 3520 quod

122 3543 163 3614 (6
179 3545 365 3616 Πέτρος
396 3546 494 3600 καὶ
520 3543 775 3613 Παῦλος)⁸
810 3544 1036 3615 πορνεία
1068 3543 1124 3595 δὲ
1159 3543 1334 3605 οὐδεὶς
1371 3542 1592 3595 πώποτε
1617 3540 1656 3596 εἰ

1827 3569 1848 3606 κ
1902 3551 1993 3606 tali
2051 3549 2336 3618 complexu
2397 3549 2661 3614 nascitur,
2721 3545 3051 3603 contumelia
3107 3543 3361 3608 aﬂicitur,

119 3636 377 3706 ἐχρήσατο.
412 3638 509 3689 Διὸ
548 3637 645 3689 καὶ
667 3636 759 3689 τὸν
785 3636 999 3706 δρῶντα
1035 3635 1275 3706 μολύνει.
1314 3636 1513 3689 Σιωπῶ
1544 3634 1653 3707 γὰρ

1827 3643 1977 3712 uippe
2004 3642 2148 3711 quod
2180 3640 2404 3695 nothum
2461 3654 2525 3693 ac
2581 3638 2823 3707 spurium
2855 3644 3098 3700 vocetur,
3122 3644 3176 3689 et
3204 3636 3361 3702 igno-

118 3727 186 3783 ὅτι
209 3730 323 3791 τοὺς
350 3730 406 3781 ὲν
428 3727 655 3798 πολέμῳ
679 3727 1000 3797 φονεύοντας
1032 3729 1126 3781 καὶ
1155 3727 1369 3797 στηλῶν
1390 3728 1485 3780 καὶ
1510 3730 1649 3799 ἀναῤ

1829 3736 1948 3789 linia
1981 3735 2181 3802 ubique
2214 3732 2458 3786 locorum
2493 3740 2714 3784 notetur
2750 3747 2764 3784 :
2800 3737 2857 3782 et
2884 3729 3001 3784 sive
3044 3729 3097 3781 in
3128 3742 3363 3780 senacu-

121 3820 302 3889 ῥήσεων
330 3818 599 3885 ἀξιοῦσιν.
635 3820 699 3872 Ei
745 3820 802 3873 δὲ
855 3821 951 3873 καὶ
992 3820 1268 3890 τραπῆναι
1303 3821 1449 3889 ἡμᾶς
1501 3819 1655 3891 βούλε

1824 3844 1889 3882 tm
1914 3828 2029 3882 sive
2056 3826 2392 3894 injudicium
2439 3822 2799 3893 ingrediatur,
2830 3822 2955 3877 inde
2985 3823 3309 3876 exturbatur
3345 3840 3358 3876 :

117 3913 183 3977 εἰς
215 3913 306 3985 τὴν
336 3914 439 3983 τῆς
487 3913 819 3985 ἀλληγορίας
848 3914 987 3977 ὁδὸν,
1019 3913 1216 3980 ὲννάτη
1245 3912 1386 3967 ἔστω
1411 3914 1446 3983 ἡ
1479 3912 1645 3982 λεχθη

1831 3935 1889 3974 ao
1922 3920 2039 3989 ipso
2090 3918 2255 3973 etiam
2311 3918 2525 3988 genitor
2567 3916 2686 3985 ejus
2744 3914 2927 3985 probri
2957 3922 3012 3967 et
3054 3914 3365 3983 ignominia:

120 4006 318 4076 σομένη.
366 4006 589 4077 Ἐπειδὴ
635 4008 693 4059 ἓν
728 4006 893 4076 σῶμά
919 4008 1069 4059 ἐστιν
1106 4006 1140 4075 ή
1190 4004 1513 4075 Ἐκκλησία,
1548 4005 1597 4058 oi
1621 4006 1654 4059 δ

1830 4012 2055 4080 artieeps
2081 4011 2164 4064 fit.
2197 4009 2604 4064 Monumentum
2637 4007 2782 4060 enim
2852 4021 2966 4061 suae
3021 4005 3260 4059 libidinis
3300 4021 3364 4059 ac

118 4100 280 4162 1102i;
327 4101 579 4171 ἀλλήλων
633 4101 767 4172 μέλη
795 4102 861 4165 ,6
889 4101 948 4157 δὲ
1001 4098 1285 4169 πορνεύων
1337 4101 1417 4163 εἰς
1472 4098 1652 4153 πάντα

1828 4099 2020 4153 ιεείνίεε
2060 4106 2181 4168 post
2235 4112 2298 4153 se
2348 4097 2591 4167 reliquit.
2631 4094 2689 4150 Si
2715 4111 2845 4149 vero
2899 4095 3065 4149 etiam
3116 4105 3362 4148 octavam

118 4192 396 4263 ἁμαρτάνει
425 4212 441 4228 ’
478 4193 770 4263 ἀνατρέχει
800 4193 909 4264 γὰρ
938 4192 1108 4247 αὑτοῦ
1135 4192 1197 4245 τὸ
1228 4192 1453 4262 σφάλμα
1497 4193 1591 4245 ἐπὶ
1618 4209 1648 4244 τ

1832 4189 2055 4257 requiris
2104 4188 2672 4259 interpretationem),
2729 4188 3107 4241 examinemus
3154 4195 3208 4241 et
3263 4188 3366 4240 hoc

118 4281 202 4350 τῆς
238 4284 565 4355 Ἐκκλησοίας
600 4285 878 4355 πλήρωμα
899 4326 915 4350 ,
948 4275 1009 4336 οὗ
1038 4284 1136 4337 καὶ
1174 4284 1480 4353 ἐκκοπῆναι
1516 4283 1649 4336 αὐτὸ

1827 4284 1925 4339 uod
1959 4284 2171 4340 dicetur
2205 4302 2219 4339 :
2248 4284 2383 4350 Quia
2412 4284 2503 4353 qui
2534 4284 2859 4347 fornicatur,
2892 4296 3058 4335 unum
3103 4281 3361 4350 quiddam

119 4377 444 4443 προσέταξεν,
493 4377 598 4440 ἕως
640 4377 711 4430 ἂν
756 4377 1090 4447 μετανοήσῃ.
1136 4376 1203 4431 Εἰ
1234 4376 1293 4429 δὲ
1319 4376 1413 4429 καὶ
1444 4375 1653 4445 δεκάτη

1831 4390 1904 4428 tm
1938 4388 2001 4429 ea
2031 4368 2257 4439 fit,cum
2298 4389 2406 4443 qua
2458 4388 2520 4428 se
2578 4374 2921 4436 commiscet,
2950 4373 3092 4440 quod
3150 4373 3365 4442 propria

122 4461 295 4533 βούλει,
332 4466 560 4538 λεχθείη
590 4468 689 4534 ἂν,
735 4468 819 4521 ὃτι
860 4466 1051 4537 ἐπειδὴ
1086 4466 1139 4519 οί
1174 4466 1326 4537 νόμῳ
1362 4465 1458 4520 τοῦ
1492 4466 1656 4537 τιμίοι

1830 4481 1881 4519 ta
1912 4467 2158 4522 membra
2189 4465 2354 4521 faciat
2399 4467 2566 4522 scorti
2604 4466 2848 4520 membra
2883 4483 2896 4519 :
2928 4466 2981 4520 in
3012 4466 3364 4533 semetipsum

121 4558 273 4626 γάμου
303 4560 583 4622 συνιόντες
606 4558 665 4619 ἐν
691 4558 855 4629 σῶμα
878 4557 1139 4627 γίνονται·
1177 4556 1223 4629 (‹
1262 4558 1517 4611 Ἔσονται
1542 4557 1651 4629 γὰρ

1833 4573 1973 4612 :vera
2028 4568 2237 4627 peccat.
2268 4557 2404 4612 Nam
2470 4559 2619 4614 cazde
2666 4562 2883 4629 quidem
2940 4559 3181 4614 nonnulli
3230 4558 3367 4613 bene

121 4650 280 4717 φησιν,
300 4652 348 4703 οἱ
363 4652 457 4705 δύο
476 4653 556 4715 είς
577 4651 756 4722 σάρκα
780 4652 925 4715 μίαν·
942 4670 960 4703 ι
994 4650 1075 4703 διὸ
1091 4651 1185 4703 καὶ
1213 4651 1246 4721 ἡ
1264 4650 1401 4720 γυνὴ
1420 4650 1515 4703 τοῦ
1542 4650 1655 4703 ίδίοι

1832 4652 1864 4705 si
1907 4660 2074 4705 sunt:
2112 4660 2169 4705 ut
2228 4650 2403 4705 Moses
2450 4662 2504 4705 et
2539 4651 2806 4719 Phinees;
2835 4662 2891 4707 et
2938 4651 3015 4705 ira
3076 4651 3270 4705 Petrus
3312 4661 3366 4704 et

122 4739 341 4809 σώματος
366 4744 470 4795 οὐκ
510 4742 834 4808 ἐξουσιάζει,
872 4742 987 4795 ἀλλ’
1020 4743 1048 4793 6
1092 4741 1230 4811 ἁνήρ
1260 4758 1273 4771 ·
1325 4741 1432 4794 οὐδ’
1475 4742 1504 4793 6
1533 4742 1656 4813 ἀνὴς

1829 4744 2022 4808 aulus;
2058 4743 2418 4797 fornicatione
2465 4753 2646 4797 autem
2711 4759 2872 4799 nemo
2926 4760 3163 4813 unquam
3225 4744 3361 4798 bene

120 4830 197 4883 τοῦ
228 4832 347 4885 ίδίου
380 4834 634 4903 σώματος
662 4834 989 4899 ἐξουσιάζει,
1019 4835 1134 4887 ἀλλ’
1165 4836 1198 4905 ἡ
1230 4834 1415 4906 γυνή)·
1450 4835 1654 4887 εἰκότω‹

1829 4851 1915 4890 sus
1936 4845 2038 4889 est.
2076 4834 2189 4901 Qua
2227 4836 2291 4887 de
2341 4851 2506 4889 causa
2560 4836 2723 4890 etiam
2771 4836 2946 4904 ipsum
2982 4836 3072 4904 qui
3110 4843 3363 4903 stuprum

121 4924 426 4993 6m9vatimv
476 4925 577 4993 μὲν
617 4926 781 4996 ἀνὴρ,
816 4928 894 4989 εἰς
927 4926 1027 4997 τὴν
1072 4926 1351 4997 γαμετὴν,
1398 4926 1655 4981 τουτέστιπ

1956 4968 1978 4990 ,,
2011 4929 2221 4996 polluit.
2248 4927 2416 4999 486
2440 4927 2615 4983 Taceo
2668 4929 2836 4991 enim,
2872 4930 3014 4997 quod
3043 4943 3160 4993 eos,
3183 4927 3277 4997 qui
3312 4927 3367 4981 in
3478 4914 3490 4928 ’

122 5014 187 5076 εἰς
219 5015 274 5067 τὸ
304 5015 431 5070 ἴδιον
481 5016 645 5086 σῶμα
703 5017 816 5086 (30)
877 5017 1179 5088 ἁμαρτάνει
1206 5033 1221 5048 °
1253 5018 1287 5087 ἡ
1316 5017 1373 5069 δὲ
1413 5033 1656 5087 πορνευο-

1832 5018 1924 5074 :llo
1952 5020 2131 5074 credes
2156 5021 2525 5086 committunt,
2555 5021 2721 5076 etiam
2749 5020 3015 5075 columnis
3057 5032 3113 5075 et
3160 5036 3366 5089 praco-

134 5106 274 5178 μένη,
320 5109 400 5172 εἰς
426 5109 489 5162 τὸ
520 5108 652 5163 ίδιον
678 5109 859 5180 σῶμα,
889 5109 1164 5173 τουτέστι,
1193 5109 1284 5164 τὸν
1312 5109 1501 5182 ἄνδρα,
1534 5109 1668 5180 σῶμ‹

1832 5110 1909 5165 iis
1943 5111 2134 5181 dignos
2180 5121 2236 5165 et
2291 5110 2639 5168 honorandos
2665 5123 2912 5169 censent.
2937 5112 3090 5179 Quod
3123 5112 3171 5169 si
3199 5112 3366 5167 etiam

1210 5265 1448 5322 VARI/1'3
1485 5263 1872 5321 LECTIUNES
1914 5264 2002 5320 ET
2033 5263 2265 5320 NOTAE.

184 5402 282 5473 (27)
312 5404 458 5473 “me,
483 5404 545 5456 οὐ
586 5403 813 5474 μόνον..;
860 5402 1179 5472 κωλυούσης
1210 5418 1320 5458 om.
1356 5403 1441 5458 ed.
1485 5402 1657 5458 Paris.

1825 5418 1874 5453 ro
1916 5402 1983 5474 ,ἐν
2046 5411 2276 5474 utroque
2334 5401 2453 5456 loco
2493 5400 2580 5474 hic
2624 5400 2995 5474 reponendum
3042 5412 3242 5454 censeo
3290 5399 3359 5452 εί.

125 5469 518 5540 δυὶιρῐεηιιιίει
550 5469 737 5528 codice
764 5474 936 5527 Vatic.
974 5469 1263 5529 650151)”.
1778 5470 1959 5524 Possis
2008 5469 2435 5541 etiamiiretento
2503 5471 2561 5521 ἐν
2626 5480 2753 5523 ante
2806 5469 3027 5541 εἰσέλθῃ
3102 5484 3366 5540 reponere

184 5544 285 5614 (28)
325 5547 461 5599 Καθ’
499 5544 531 5597 ὃ
563 5542 694 5611 δρᾷ,
724 5544 819 5596 καὶ
865 5542 1107 5611 πάσχει.
1146 5544 1243 5598 Ms.
1281 5544 1403 5596 καθ’
1430 5544 1510 5607 ὃν,
1564 5559 1668 5614 non

739 5544 819 5596 mi
865 5542 1107 5611 πάσχει.
1146 5544 1243 5598 Ms.
1281 5544 1403 5596 καθ’
1430 5544 1510 5607 ὃν,
1564 5559 1668 5614 non
1776 5542 2033 5614 omissum
2073 5542 2156 5594 ἄν.
2200 5540 2273 5594 In.

128 5609 486 5684 recte.'Notum
518 5609 605 5669 est
634 5616 763 5667 illud
809 5609 1088 5672 velum-T6
1108 5614 1322 5684 δρῶντα
1352 5614 1433 5665 δεῖ
1467 5630 1520 5663 τι
1574 5612 1662 5664 καὶ

1848 5612 1957 5679 (50)
1978 5610 2118 5684 Qua:
2162 5619 2470 5684 sequuntur
2513 5620 2632 5684 post
2666 5609 2800 5684 ἴδιον
2846 5610 3032 5684 σῶμα,
3084 5610 3362 5684 nimirum,

126 5684 314 5753 παθεῖν.
344 5683 535 5736 Nolunt
582 5694 638 5737 et
666 5685 1011 5753 physicorum
1061 5680 1407 5738 consentit-us
1447 5685 1660 5752 dogma.

1825 5682 2115 5753 μαρτάνειο
2150 5682 2267 5753 ἡδὲ
2316 5680 2717 5753 πορνευομένη,
2756 5682 2836 5744 είς
2878 5682 2967 5753 τοί
2993 5681 3125 5733 ἴδιον
3180 5680 3359 5750 σῶμα,

127 5752 191 5807 Eo
212 5765 259 5805 et
287 5757 373 5809 hic
404 5751 675 5820 respicere
703 5751 913 5805 videtur
946 5754 1197 5809 Isidorus.
1237 5756 1398 5809 Ιιιττ.
1527 5751 1534 5752 ⁷
1777 5754 1911 5815 lucc,
1942 5751 2185 5819 inquam,
2210 5751 2475 5807 oumiaut
2499 5752 2771 5822 superflua
2797 5752 3049 5808 cod.Vat.
3073 5753 3176 5807 (ίῦι)
3199 5768 3365 5807 emit-

186 5824 287 5894 (29)
322 5825 429 5883 Καὶ
484 5825 1004 5895 (ἒν-βουλευτηρίῳ,
1045 5824 1143 5879 καὶ
1181 5825 1251 5879 ἐν
1280 5825 1659 5892 δικαστηρίῳ.

571 5825 1004 5895 βουλευτηρίῳ,
1045 5824 1143 5879 καὶ
1181 5825 1251 5879 ἐν
1280 5825 1659 5892 δικαστηρίῳ.
1776 5824 1858 5878 tit.
1898 5822 2105 5877 Possm.
