3886 6420
501 379 634 446 1211

1732 382 1793 441 S.
1833 382 2124 442 ISIDORI
2160 377 2598 442 l’ELUSlOT.E

3629 363 3753 428 1212

499 503 553 559 in
586 501 727 556 viam
762 497 1037 569 allegorici
1063 512 1258 554 sensus
1288 512 1389 553 nos
1446 497 1738 554 deﬂectere
1793 499 1899 564 vis,
1934 515 2075 554 nona

2209 499 2356 568 ιὺτῆς
2377 497 2690 565 γενόμενον,
2721 490 3049 561 ἁμαρτάνει.
3085 485 3175 537 Διὸ
3202 484 3268 538 τὰ
3293 484 3392 552 μὲν
3419 483 3555 537 ἄλλα
3584 484 3757 553 ἀμαρ-

496 595 571 648 sit
624 587 1071 660 (interpretatio)
1120 603 1241 658 qua:
1276 587 1389 656 jam
1446 588 1655 643 dicetur
1687 607 1699 643 :
1730 589 1859 658 quia
1904 606 2073 644 unum

497 697 697 751 corpus
731 691 815 736 est
847 680 1108 744 Ecclesia,
1140 691 1196 734 et
1217 680 1414 750 singuli
1445 687 1571 735 sunt
1595 680 1826 736 invicem
1844 681 2075 736 aliorum

500 773 896 840 membra;qui
922 786 1051 825 vero
1076 772 1392 837 fornicatur,
1422 773 1466 826 is
1501 772 1554 824 in
1618 786 1812 827 omnes
1862 780 2073 841 peccat.

2180 593 2401 661 τήματα
2433 588 2592 650 ἐκτὸς
2623 585 2719 639 τοῦ
2764 580 3017 652 σώματος
3053 582 3171 631 ἐστι
3204 575 3300 629 τοῦ
3331 574 3464 628 ἰδίου
3496 574 3588 627 τοῦ
3620 576 3758 628 ἐννόο

2183 700 2283 753 μου
2338 680 2693 750 συναχθέντος
2730 675 2842 745 (51)
2883 674 2963 735 εἰς
3011 671 3094 724 ἓν.
3142 668 3283 721 Οὔτε
3306 666 3418 737 γὰρ
3448 667 3546 719 ἐὰν
3579 668 3757 736 ἐπιορ-

2179 774 2324 845 κήσῃ
2346 770 2418 843 ,ἢ
2453 767 2710 840 φονεύσῃ,
2750 766 2784 835 ἢ
2817 763 3010 834 κλέψῃ,
3040 762 3074 832 ἢ
3106 760 3235 813 ἄλλο
3276 778 3330 812 τι
3360 759 3537 829 δράσῃ
3564 760 3593 810 ὁ
3625 758 3757 828 ἀνὴρ

498 864 905 918 Pertinetenim
940 863 1109 931 ipsius
1142 874 1421 931 peccatum
1451 863 1518 917 ad
1551 862 1811 918 Ecclesiae
1837 863 2077 933 plenitu-

2209 863 2433 933 nam,
2463 863 2543 925 εἰς
2569 860 2666 930 τὴν
2693 859 2929 927 γυναῖκα
2972 854 3165 924 φθάνει
3198 853 3259 906 τὸ
3301 850 3612 920 ἁμάρτημα
3639 867 3652 877 ·
3686 850 3757 911 ὡς

500 953 705 1017 dinem,
730 968 759 1006 a
798 968 904 1023 qua
932 953 1097 1008 etiam
1129 953 1485 1024 ipsum(ejus
1530 962 1811 1009 auctorem
1859 953 2077 1023 delicti)

2209 951 2248 1010 ιῦ
2286 954 2453 1010 πάλιν
2492 952 2615 1007 οὐδὲ
2648 950 2824 1021 γυνὴ,
2862 948 2959 1002 ὲάν
3013 945 3287 1017 φονεύσῃ,
3322 942 3358 1012 ἢ
3414 942 3755 1011 ὲπιορκήσῃ,

500 1044 1267 1114 absci‘ndipraecepitPaulns,
1304 1047 1485 1112 quoad
1538 1060 1709 1115 usque
1763 1046 2075 1114 resipuerit.

502 1137 744 1205 Denique
774 1138 817 1190 si
851 1147 907 1191 et
929 1139 1197 1193 decimam
1224 1138 1302 1193 vis
1330 1138 2082 1207 interpretationem,dicetur

503 1245 637 1284 sane
667 1248 681 1284 :
711 1233 837 1300 quia
866 1229 939 1283 illi
966 1230 1055 1299 qui
1082 1230 1199 1300 lege
1224 1228 1559 1285 honorabilis
1585 1230 1822 1301 conjugii
1855 1245 2083 1300 congre-

504 1319 749 1384 diuntur,
773 1336 941 1374 unum
972 1335 1172 1389 corpus
1224 1321 1360 1373 fiunt
1386 1319 1405 1390 (
1429 1338 1448 1371 ι
1490 1329 1652 1374 erunt
1682 1321 1850 1383 enim,
1882 1321 2079 1388 inquit,

504 1411 611 1464 duo
653 1410 729 1465 illi
784 1412 839 1465 in
898 1425 1117 1465 carnem
1149 1426 1312 1465 unam
1337 1411 1382 1442 ³⁸
1410 1428 1425 1466 ;
1457 1429 1477 1463 ι
1528 1412 1672 1467 unde
1710 1412 1875 1467 etiam
1918 1413 1998 1478 fit,
2026 1423 2085 1466 ut

507 1500 703 1555 mulier
723 1502 925 1571 proprii
958 1502 1206 1571 corporis
1252 1510 1572 1571 potestatem
1602 1519 1708 1559 non
1739 1504 1959 1568 habeat,
1986 1504 2083 1559 sed

509 1592 627 1646 vir:
660 1607 835 1661 neque
863 1594 946 1647 vir
972 1595 1055 1649 sui
1085 1596 1330 1663 corporis
1361 1603 1686 1664 potestatem
1731 1596 1952 1660 habeat,
1983 1596 2079 1650 sed

2182 1049 2262 1111 εἰς
2292 1047 2383 1100 τὸν
2404 1045 2575 1116 ἄνδρα
2600 1043 2891 1114 ἀνατρέχει
2916 1040 2979 1093 τὸ
3006 1037 3316 1108 ἁμάρτημα
3335 1049 3351 1065 ο
3384 1034 3418 1103 ή
3450 1032 3509 1084 δὲ
3540 1030 3757 1101 πορνεία

2186 1138 2320 1209 μόνη
2344 1137 2445 1207 τῆς
2477 1135 2844 1204 συνοικήσεως
2875 1130 2971 1184 καὶ
2996 1129 3097 1198 τῆς
3127 1126 3350 1181 συνόδου
3382 1124 3639 1186 ἅπτεται,
3666 1122 3755 1175 καὶ

2184 1226 2408 1296 θάτερος
2424 1225 2656 1296 θάτερον
2670 1222 2868 1285 ἀδικεῖ,
2890 1223 2939 1273 ει
2958 1218 3162 1287 ταύτην
3178 1215 3418 1286 δράσειε,
3433 1213 3531 1265 καὶ
3547 1213 3642 1279 τὴν
3658 1212 3757 1265 τῶν

2184 1322 2393 1375 τέκνων
2417 1319 2528 1389 (52)
2549 1316 2882 1387 γνησιότητα
2906 1310 3307 1367 ὑποπτεύεσθαι
3331 1304 3753 1376 παρασκευάζει,

2186 1414 2281 1465 καὶ
2327 1411 2506 1464 πάντα
2540 1411 2604 1463 ἐκ
2635 1408 2850 1478 βάθρων
2892 1405 2982 1457 τὸν
3012 1400 3161 1457 οἷκον
3214 1399 3435 1454 σαλεύει
3463 1415 3476 1428 ·
3510 1396 3593 1449 διδ
3618 1397 3704 1447 καὶ
3732 1398 3757 1448 ὁ

2187 1502 2424 1574 Χριστὸς
2455 1501 2634 1555 πάντα
2665 1499 2732 1550 τά
2756 1496 3116 1565 ἐλαττώματα
3149 1492 3220 1547 τὰ
3245 1493 3346 1562 τῆς
3372 1488 3636 1559 γυναικὸς
3665 1504 3756 1540 κα-

2186 1594 2506 1664 ταδέχεσθαι
2537 1592 2629 1645 τὸν
2667 1590 2836 1661 ἄνδρα
2874 1589 3170 1657 ἀναγκαῖον
3207 1580 3347 1639 εἶναι
3389 1584 3499 1654 ἔφη
3520 1600 3536 1613 ⁸
3574 1582 3633 1634 οὐ
3661 1580 3758 1649 γὰρ

508 1681 706 1737 mulier
731 1684 812 1754 ³⁸)
848 1701 863 1738 :
903 1684 1099 1741 merito
1125 1685 1207 1739 vir
1241 1686 1460 1756 quidem
1505 1686 1895 1742 scortationem
1924 1702 2083 1742 exer-

2209 1689 2271 1750 ίῑς
2296 1686 2459 1739 αὐτὸν
2492 1685 2681 1756 βλέπει
2713 1684 2781 1736 τά
2811 1682 3107 1752 γινόμενα’
3136 1679 3233 1732 ἐπὶ
3283 1677 3343 1731 δὲ
3370 1674 3606 1747 πορνείᾳ
3629 1673 3752 1743 μόνῃ

506 1788 659 1840 cens,
725 1775 779 1829 in
842 1792 1087 1842 uxorem,
1153 1777 1256 1832 hoc
1321 1790 1428 1843 est,
1454 1778 1507 1833 in
1555 1778 1830 1849 pr0prium
1888 1794 2086 1848 corpus

2209 1777 2475 1833 ικόάλλειν
2504 1776 2812 1838 ἐκέλευσεν,
2844 1773 2921 1837 ὡς
2953 1773 3052 1843 τῆς
3090 1769 3305 1834 ἀδικίας
3332 1768 3541 1839 ταύτης
3574 1768 3651 1830 εἰς
3677 1765 3758 1819 τὸν

509 1875 735 1933 peccat:
770 1866 963 1923 mulier
984 1876 1166 1923 autem
1220 1871 1539 1935 scortatrix,
1570 1871 1620 1925 in
1651 1872 1927 1941 proprium
1952 1887 2076 1927 cor-

2209 1869 2616 1939 ιυνεζευγμένον
2653 1865 3087 1938 ἀνατρεχούσης.

508 1970 629 2025 pus,
657 1958 757 2014 hoc
786 1968 874 2015 est
903 1960 956 2014 in
985 1960 1183 2028 virum,
1216 1963 1310 2031 qui
1359 1976 1555 2035 corpus
1613 1963 1783 2033 ipsius
1822 1962 2000 2019 factus
2032 1971 2135 2030 est,
2174 1971 2383 2034 peccat.
2425 1962 2556 2029 Qua:
2587 1975 2750 2016 causa
2798 1972 3017 2028 quoque
3074 1964 3182 2024 est,
3210 1953 3356 2025 quod
3406 1951 3518 2006 alia
3555 1949 3754 2020 quidem

511 2065 733 2125 peccata
765 2066 917 2111 extra
950 2072 1147 2127 corpus
1176 2067 1305 2114 sunt
1335 2060 1635 2130 proprium,
1666 2060 1811 2131 quod
1832 2058 2075 2131 legitime
2114 2059 2167 2114 in
2192 2073 2359 2113 unum
2391 2066 2642 2112 coactum
2700 2064 2807 2110 est.
2839 2052 3027 2123 Neque
3092 2051 3263 2115 enim,
3286 2049 3333 2106 si
3359 2047 3624 2119 peierarit
3663 2045 3755 2108 vir,

512 2161 609 2222 aut
667 2149 866 2204 caedem
924 2153 1273 2222 perpetrarit,
1366 2162 1461 2208 aut
1509 2152 1725 2209 furatus
1786 2154 1974 2221 fuerit,
2034 2162 2128 2208 aut
2199 2154 2328 2222 quid
2376 2152 2521 2207 aliud
2577 2150 2932 2214 commiserit,
2983 2146 3128 2217 quod
3175 2144 3527 2200 atrocitatem
3584 2141 3761 2196 habeat

513 2220 794 2308 facinoris,
858 2243 911 2299 in
968 2261 1192 2301 uxorem
1244 2246 1513 2303 redundat
1564 2258 1846 2319 peccatum
1886 2266 1901 2303 :
1949 2249 2092 2303 sicut
2166 2248 2353 2311 etiam,
2419 2246 2539 2301 vice
2582 2258 2764 2307 versa,
2826 2255 3005 2311 neque
3064 2240 3113 2295 si
3180 2237 3375 2293 mulier
3430 2234 3639 2291 eadem
3677 2241 3760 2287 aut

515 2335 814 2407 periurium
842 2340 1201 2407 commiserit,
1234 2342 1286 2396 in
1339 2343 1516 2398 virum
1584 2344 1779 2399 recidit
1848 2352 2152 2413 peccatum.
2192 2340 2317 2395 Sola
2367 2350 2547 2395 autem
2602 2336 2889 2393 fornicatio
2965 2334 3411 2389 consuetudinem
3468 2345 3537 2384 ac
3578 2338 3757 2385 emtum

515 2428 857 2499 coniugalem
906 2431 1125 2501 attingit
1170 2448 1233 2489 ac
1287 2433 1472 2500 violat,
1508 2442 1564 2491 et
1610 2435 1746 2490 alter
1798 2434 2085 2505 conjugum
2125 2432 2270 2487 laedit
2323 2432 2580 2495 alterum,
2652 2430 2697 2485 si
2756 2430 2896 2483 hanc
2953 2425 3302 2496 perpetrarit,
3366 2433 3425 2478 et
3480 2422 3755 2478 liberorum

517 2522 887 2579 sinceritatem
928 2534 1093 2595 atque
1126 2526 1222 2598 (ut
1270 2527 1349 2583 sic
1393 2527 1619 2599 loquar)
1670 2530 2083 2598 germanitatem
2121 2526 2646 2595 redditsuspcctam,
2717 2523 3007 2592 omniaque
3068 2536 3097 2575 a
3131 2517 3515 2574 fundamentis
3541 2516 3758 2585 propriis

517 2616 791 2673 convellit.
853 2617 1215 2684 Quamobrem
1302 2622 1553 2679 Christus
1610 2638 1827 2693 quoque
1914 2623 2303 2693 pronuntiavit,
2366 2629 2621 2690 oportere
2678 2616 2851 2671 virum
2905 2628 3126 2679 cetera,
3221 2628 3343 2683 quae
3394 2612 3450 2666 in
3555 2610 3759 2664 muliere

517 2707 812 2764 desiderari
844 2719 1091 2780 possunt,
1122 2713 1301 2769 omnia
1348 2730 1503 2785 aequo
1551 2716 1737 2771 animo
1767 2716 1913 2772 ferre
1946 2715 2326 2785 (nequeenim
2393 2710 2500 2765 alia
2561 2709 2757 2765 delicta
2821 2724 2943 2779 qua:
3005 2708 3076 2763 ab
3104 2722 3168 2762 ea
3213 2704 3652 2770 committuntur,
3702 2701 3759 2753 ad

519 2802 697 2871 ipsum
747 2814 1078 2874 spectant):
1124 2808 1194 2861 ob
1251 2806 1421 2861 solam
1475 2823 1607 2865 vero
1677 2809 2092 2865 fornicationem
2131 2804 2327 2877 expelli
2374 2804 2656 2876 coniugem
2702 2802 2888 2873 jussit,
2955 2802 3155 2871 quippe
3210 2814 3337 2855 cum
3391 2799 3514 2853 hac
3586 2796 3760 2868 inium

520 2897 575 2952 in
606 2913 895 2969 personam
935 2903 1283 2957 matrimonio
1320 2901 1665 2972 coniunctam
1706 2904 1991 2961 redundet.

973 3013 1189 3070 CXXX.
1212 3047 1281 3060 --
1296 3015 1618 3074 HYPATIO.

2721 3006 2847 3059 PA'.
2885 3034 2954 3046 —
2990 2991 3269 3074 ΥΠΑΤΙῼ.

522 3102 666 3172 Quid
692 3105 780 3181 sit,
811 3122 1136 3181 communem
1171 3124 1224 3162 se
1254 3108 1520 3174 exhibere,
1555 3120 1604 3165 et
1638 3112 1766 3180 quid
1797 3111 2091 3181 wqualem;

2209 3106 2263 3163 Τί
2293 3103 2510 3181 aratro}:
2538 3101 2836 3181 παρέχειν.
2860 3099 3111 3181 ὲιιςηξὸν,Δ
3150 3094 3251 3149 καὶ
3294 3093 3356 3174 ταί
3385 3093 3575 3181 war"

589 3183 639 3230 et
654 3176 779 3248 quid
789 3178 873 3248 sit
893 3176 1175 3248 ambigere,
1201 3188 1251 3231 et
1269 3180 1395 3248 quid
1421 3196 1523 3233 non
1548 3176 1660 3235 esse
1677 3176 2096 3248 conteritiosum,‘

591 3255 643 3300 et
668 3247 796 3315 quid
825 3245 1022 3309 uetari.
1043 3257 1091 3301 et
1114 3250 1241 3317 quid
1274 3245 1549 3305 delectari.

593 3355 746 3413 Multi
770 3358 1049 3424 mortales,
1084 3375 1190 3415 non
1244 3361 1417 3417 solum
1452 3379 1520 3419 ex
1553 3364 1620 3421 iis
1647 3366 1738 3435 qui
1773 3365 1824 3420 in
1859 3367 2101 3422 externis

521 3448 916 3504 certaminibus
944 3453 1301 3519 contendunt,
1325 3455 1419 3509 sed
1472 3470 1537 3510 ex
1581 3457 1647 3511 iis
1692 3458 1783 3526 qui
1830 3465 2100 3511 conantur

520 3554 707 3595 sacras
768 3541 1116 3610 interpretari
1172 3544 1511 3614 Scripturas,
1550 3550 1677 3602 fillnl
1741 3564 1848 3603 non
1906 3550 2099 3604 eodem

528 3632 688 3686 modo
722 3646 781 3687 se
836 3634 1119 3691 auditores
1159 3638 1422 3705 praabent,
1454 3639 1741 3695 multorum
1792 3640 2100 3696 variorum-

528 3738 637 3792 que
668 3724 935 3778 malorum
989 3737 1244 3783 auctores
1292 3732 1582 3785 exsistunt.
1612 3732 1721 3787 Alii
1776 3734 1919 3787 enim
1958 3733 2102 3787 veri-

530 3812 660 3867 tatis
717 3812 919 3868 nullam
974 3830 1162 3872 curam
1223 3819 1504 3887 habentes,
1529 3820 1597 3875 ad
1654 3823 1883 3891 gratiam
1911 3837 2100 3878 eorum

527 3904 619 3971 qui
647 3902 855 3970 dicunt,
894 3909 1139 3974 plausum
1169 3908 1430 3975 excitant,
1456 3911 1679 3980 perinde
1706 3928 1771 3967 ac
1795 3913 1840 3967 si
1882 3914 2104 3983 auriga-

530 4008 650 4049 rum
681 4009 747 4050 ac
808 3996 1128 4054 saltatorum
1180 4011 1364 4055 essent
1409 4012 1680 4058 amatores
1716 4004 1851 4059 :alii
1908 4014 2102 4062 contra

529 4085 642 4140 odii
675 4099 839 4141 causa
869 4087 1083 4143 sibilum
1110 4091 1383 4157 attollunt,
1448 4103 1499 4147 ct
1524 4095 1742 4164 quidem
1773 4111 1914 4166 saepe
1946 4108 2105 4152 ante-

530 4188 695 4243 quam
726 4188 983 4232 accurate
1011 4180 1321 4234 audiverint
1346 4196 1407 4234 ea
1431 4197 1552 4250 quae
1580 4183 1856 4246 dicuntur,
1892 4194 2101 4238 tantum

530 4265 687 4321 abest
713 4276 772 4321 ut
804 4267 1190 4325 intellexerint.
1213 4268 1378 4341 487
1406 4274 1583 4341 Atque
1615 4288 1680 4326 ex
1710 4273 1796 4328 his
1850 4288 2103 4343 saepenu-

532 4372 685 4413 mero
712 4358 875 4427 aliqui
921 4375 1023 4415 nec
1055 4363 1330 4431 sapientes
1366 4374 1424 4418 et
1458 4364 1680 4427 eruditi,
1706 4380 1809 4419 nec
1859 4368 1997 4421 bene
2024 4365 2107 4420 di-

2273 3162 2840 3243 ἀμφισὸητεῗνῖκγαὶ
2868 3169 2983 3243 -μῂ-
3006 3164 3377 3243 φιλονεικεῖν
3398 3180 3413 3196 ·
3456 3162 3559 3217 καὶ
3586 3164 3639 3216 τί
3673 3164 3759 3216 εὑ-

2269 3238 2623 3315 φρὰίνεσθαι
2644 3260 2658 3273 ·
2688 3242 2785 3295 καὶ
2819 3238 2883 3295 τι
2914 3238 3187 3308 ἣδεσθαι.

2270 3357 2466 3411 Πολλοὶ
2487 3357 2597 3410 τῶν
2624 3355 2950 3427 ἀνθρώπων,
2985 3354 3044 3407 οὐ
3083 3352 3244 3421 μόνον
3268 3350 3379 3403 τῶν
3415 3349 3480 3403 ὲν
3518 3349 3627 3410 τοῖς
3644 3345 3758 3409 ἔξω·

2202 3449 2293 3504 θεν
2333 3449 2544 3517 ἀγῶσιν
2583 3446 3001 3519 ἁμιλλωμένων,
3049 3445 3185 3497 ἀλλά
3211 3444 3307 3496 καὶ
3339 3442 3454 3495 τῶν
3489 3442 3588 3505 τὰς
3631 3440 3758 3499 θείας

2203 3544 2526 3616 ἑρμηνεύειν
2570 3541 2929 3613 πειρωμένων
2978 3537 3203 3607 Γραφάς
3252 3535 3391 3601 (55),
3436 3534 3539 3603 οὐχ
3586 3532 3758 3600 ὁμοίως

2202 3637 2477 3707 ἀκροατὰς
2500 3634 2830 3707 παρέχοντες
2863 3631 3109 3693 ἑαυτοὺς,
3146 3627 3360 3680 πολλῶν
3398 3625 3499 3677 καὶ
3532 3622 3758 3676 ποικίλων

2204 3729 2390 3782 κακῶν
2434 3727 2599 3783 αἴτιοι
2648 3727 2915 3796 γίνονται’
2970 3723 3019 3776 οἱ
3066 3721 3165 3791 μὲν
3218 3719 3328 3789 γὰρ
3379 3718 3483 3787 τῆς
3532 3714 3759 3785 ἀληθείας

2208 3822 2375 3893 μηδὲν
2413 3819 2792 3893 φροντίζοντες
2812 3856 2827 3880 ,
2864 3815 3005 3887 πρὸς
3034 3814 3196 3885 χάριν
3218 3810 3332 3865 τῶν
3356 3807 3624 3877 λεγόντων
3653 3820 3759 3875 κρο-

2203 3913 2389 3966 τοῦσιν
2417 3911 2529 3983 (54)
2549 3951 2566 3977 ,
2608 3911 2802 3981 ὥσπερ
2840 3909 3073 3980 ἡνιόχων
3116 3904 3152 3975 ἦ
3182 3902 3471 3975 ὀρχηστῶν
3496 3898 3759 3969 τυγχάνον-

2203 4020 2299 4067 τες
2348 4002 2613 4076 ἐρασταί*
2650 4003 2701 4056 οἱ
2745 4001 2804 4055 δὲ
2841 3999 2981 4071 πρὸς
3028 3996 3233 4069 ἔχθραν
3282 3993 3637 4066 συρίττουσιο
3681 3987 3760 4042 καὶ

2204 4093 2379 4149 ταῦτα
2424 4093 2689 4156 πολλάκις
2739 4090 2865 4163 μηδ’
2915 4088 3162 4161 ἀκριὸὦς
3216 4085 3625 4145 ἐπακούσαντες
3670 4078 3761 4131 τῶν

2215 4185 2546 4256 λεγομένων,
2579 4187 2711 4255 μήτι
2746 4199 2810 4253 γε
2841 4183 3167 4253 νοήσαντες*
3200 4178 3297 4231 καὶ
3334 4178 3401 4230 ὲκ
3439 4175 3641 4229 τούτων
3667 4168 3761 4241 (35)

2208 4275 2468 4339 πολλάκις
2496 4276 2605 4330 τῶν
2623 4276 2685 4329 οὐ
2715 4274 2919 4345 σοφῶν,
2946 4272 3070 4326 οὐδὲ
3106 4270 3291 4334 καλῶς
3315 4268 3587 4338 λεγόντων
3612 4263 3757 4323 τινές*

2206 4367 2369 4438 τυχὸν
2404 4367 2463 4421 δὲ
2485 4366 2581 4421 καὶ
2609 4366 2798 4430 κακῶς
2818 4364 3138 4435 φραζόντων
3156 4379 3171 4395 ·
3207 4362 3271 4415 ού
3300 4361 3405 4432 τήν
3429 4359 3541 4412 τῶν
3563 4353 3760 4411 ἀκουόν-

529 4458 740 4517 centes,
772 4450 953 4507 forsan
1022 4452 1162 4508 male
1212 4468 1428 4524 quoque
1495 4456 1799 4523 loquentes,
1833 4471 1936 4511 non
2008 4472 2092 4512 au-

2209 4477 2316 4515 των
2349 4459 2581 4527 εὔνοιαν,
2609 4461 2672 4515 οὐ
2694 4460 2795 4533 τὴν
2819 4457 2930 4514 τῶν
2966 4456 3103 4530 πρὸς
3127 4455 3327 4520 αὐτοὺς
3359 4451 3569 4524 φιλίαν,
3605 4448 3661 4503 οὐ
3680 4446 3763 4515 τὴν

601 4629 646 4661 ⁸³
678 4628 815 4687 Gen.
852 4644 914 4697 ιι,
947 4628 1038 4685 24.
1116 4630 1163 4663 ³⁸
1188 4631 1210 4686 l
1239 4631 1365 4686 Cor.
1397 4647 1490 4698 vn,
1530 4634 1585 4687 4.

1635 4786 1867 4842 ῩΑΒΙᾹΞ
1904 4788 2286 4846 LECTIONES
2319 4789 2409 4846 ΕΤ
2444 4789 2678 4847 NOTAE.

606 4939 718 5009 (51)
744 4939 867 5012 llaec
898 4941 1059 4993 verba
1086 4958 1100 4995 :
1129 4940 1221 4994 τοῦ
1252 4940 1384 4995 ἰδίου
1414 4941 1509 4994 τοῦ
1548 4941 1775 5012 ἐννόμου
1814 4944 2107 5012 συναχθέν-

541 5027 648 5074 τος,
682 5022 741 5085 In_
765 5011 907 5085 _ha:c
950 5012 1093 5085 idem
1132 5023 1346 5085 rnutat,_
1373 5012 1463 5085 διὰ
1508 5012 1602 5064 τοῦ
1648 5011 1898 5085 ἐννόμου(
1927 5011 2107 5085 γάμου

2214 4946 2557 5013 improbavit.
2591 4954 2649 4998 ut
2685 4961 2753 4999 ex
2811 4945 2930 5013 ejus
2961 4943 3055 4997 lib.
3112 4959 3166 4997 Iv
3213 4943 3290 4996 De
3322 4942 3575 5015 doctrina
3620 4938 3761 5015 Chri-

2213 5011 2411 5078 stiana,
2452 5032 2503 5070 c.
2544 5016 2634 5077 ‘26,
2671 5026 2726 5068 et
2768 5011 2891 5069 aliis
2945 5015 3273 5081 scriptorum
3299 5013 3495 5082 ipsius
3543 5011 3665 5082 locis
3697 5011 3761 5057 Vi-

538 5079 1107 5155 auyacpﬂévroc;_Vers.
1165 5080 1382 5155 post_4._
1411 5082 1552 5153 inter
1599 5082 1691 5135 τόν
1735 5079 1788 5135 et
1817 5079 1986 5155 ἄνδρα
2007 5079 2092 5137 ’ἰιι-

2217 5087 2346 5138 dere
2378 5097 2483 5149 cst,
2528 5094 2706 5139 tamen
2736 5085 2846 5147 alii,
2888 5093 2945 5139 ut
2992 5079 3245 5155 inprimis
3288 5079 3529 5136 Joannes
3556 5080 3759 5155 Chryso-

542 5236 677 5275 σιια.
715 5218 927 5275 Possm.

762 5290 857 5361 Ed.
888 5290 1059 5345 Paris.
1110 5290 1399 5361 τεκόντων,
1432 5300 1489 5345 et
1528 5305 1673 5347 vers.
1720 5307 1836 5361 seq.
1886 5292 1994 5346 τῶν
2038 5294 2116 5346 ol-

544 5360 729 5413 κείων.
767 5360 921 5414 Corr.
945 5364 1066 5414 cod.
1094 5362 1215 5414 Vat.
1244 5360 1401 5415 Enl'r.

618 5430 732 5499 (55)
759 5429 914 5506 llam,
940 5430 1205 5506 ἀλλά-κα)Ἰ
1224 5433 1332 5506 τῶν
1350 5448 1402 5484 τ.
1422 5432 1473 5487 0.
1494 5431 1578 5504 ἐρ.
1600 5450 1749 5505 πειρ.
1775 5433 1871 5506 Γρ.
1892 5434 2111 5487 Omitte-

550 5502 642 5556 bat
673 5501 860 5555 eadem
888 5502 1051 5556 editio
1091 5500 1258 5556 Paris.
1294 5501 1450 5558 Εοιτ.

625 5570 740 5639 (54)
780 5573 1010 5638 Attingit
1041 5572 1129 5625 hic
1160 5587 1362 5625 morem
1406 5574 1640 5641 priscum
1688 5573 1898 5627 favendi
1931 5573 2117 5627 docto-

555 5641 709 5695 ribus
732 5656 830 5712 per
858 5642 1297 5712 acclamationes,
1320 5642 1448 5712 olim
1478 5658 1544 5696 ex
1580 5644 1807 5699 theatris
1832 5654 1887 5699 ct
1914 5652 2122 5712 specta-

540 5151 673 5205 serit
715 5148 871 5223 §6tov.
908 5149 1065 5205 Vers.
1109 5166 1225 5221 seq.
1274 5148 1581 5223 ἁμάρτημα
1630 5160 1805 5206 mutat
1852 5148 2113 5208 ιη’πταί-

2219 5164 2447 5219 stomns,
2482 5155 2722 5223 graviter
2756 5170 2961 5208 morem
2989 5149 3138 5207 ὶΙΙίιιιι
3168 5153 3456 5223 ιυΙοτθ,ίοι
3484 5149 3761 5223 severisre-

2221 5216 2672 5293 prehensionibus
2719 5225 2905 5279 tollere
2943 5232 3070 5277 sunt
3112 5222 3316 5285 conati,
3350 5216 3549 5293 donec
3573 5216 3759 5293 tandem

2221 5285 2275 5348 in
2310 5294 2714 5350 desuetudinem
2740 5295 2827 5348 ille
2859 5295 3011 5348 abiit.
3040 5294 3306 5347 Plurimas
3329 5289 3662 5345 doetissimas
3681 5285 3761 5337 ob-

2221 5367 2559 5417 servationes
2590 5363 2691 5416 hac
2720 5365 2788 5417 de
2814 5378 2872 5417 re
2900 5362 3131 5418 centulit
3170 5361 3390 5415 lsaacus
3418 5359 3757 5430 Casaubonnﬁ.

2218 5432 2280 5487 τὸ
2303 5433 2684 5503 πεπλασμένον
2711 5434 2775 5486 ἐκ
2805 5434 2928 5495 Διὸς
2957 5433 3131 5502 ἔρνος,
3165 5432 3217 5503 in
3242 5446 3372 5484 suas
3388 5439 3555 5503 ρους
3575 5426 3637 5479 ad
3661 5425 3760 5475 Avi-

2224 5504 2367 5559 dium
2396 5498 2643 5571 Cass'ium
2670 5503 2897 5557 Vulcatii
2922 5498 3208 5564 Gallicani,
3240 5498 3563 5571 etc.ﬁRt'rr._
3687 5561 3709 5571 _

2294 5574 2407 5643 (55)
2437 5572 2570 5628 Cod.
2600 5570 2722 5627 Vat.
2753 5573 2880 5637 650,
2898 5573 3015 5626 τοῦ.
3038 5572 3194 5626 Vers.
3214 5583 3331 5639 post
3353 5570 3409 5634 5,
3434 5584 3529 5636 pro
3549 5569 3758 5643 ἐννοοῦν-

2225 5636 2315 5705 ἐεέ
2338 5636 2500 5697 habet
2528 5644 2903 5713 ἐννοήσαντες.
2932 5643 3090 5713 Vers.
3128 5636 3247 5709 seq.
3279 5656 3402 5713 pro_
3422 5636 3756 5713 πτερωθένςτξς

558 5700 905 5782 ωιίείοῑίειιῐι
954 5711 1009 5765 in
1043 5700 1365 5782 iEcclesiant
1414 5711 1777 5768 Christianam
1830 5700 2123 5782 sacrasque
2229 5700 2567 5769 iit-contextu
2592 5700 2710 5768 cod.
2739 5700 2989 5769 Vatinia)
3016 5700 3580 5782 ιεείιιιιδπξτοηθέντέςο
3613 5700 3756 5757 sed“

560 5781 851 5838 conciones
890 5781 1210 5839 translatum
1239 5795 1439 5851 :qucm
1468 5783 1570 5841 etsi
1627 5786 1961 5857 Augustinus
2019 5776 2125 5841 non
2233 5786 2475 5854 margine
2502 5800 2533 5839 c
2564 5783 2780 5854 regione
2810 5776 3474 5854 signatur'mspwﬁéviec-
3504 5776 3696 5831 P055m-
