3886 6420
151 376 273 443 1213

988 383 1525 446 EPISTOLARUM
1565 386 1712 446 LIB.
1753 388 1850 447 IV.
1893 413 1961 423 —
1992 387 2227 447 EPIST.
2267 387 2559 447 CXXXII.

3260 374 3392 441 1214

151 493 248 545 τῶν
268 489 529 544 ἐναντίων
553 490 769 564 ἔχθραν,
790 492 857 547 δι’
877 494 943 566 ἣν
963 494 1359 566 ἐκροτήθησαν,
1387 497 1714 561 ἐννοοῦντες,

1823 499 2055 552 ditornm
2097 497 2544 559 benevolentiam,
2571 509 2675 548 non
2703 490 2997 547 amicitiam
3030 504 3154 559 erga
3182 503 3261 554 se,
3286 506 3391 544 non

152 586 207 639 οὐ
252 585 410 654 μόνον
444 584 556 638 ὑπὸ
588 586 697 638 τῶν
744 586 957 657 κρότων
1000 588 1410 658 πτερωθέντες,
1456 590 1592 644 ἀλλά
1621 592 1719 645 καὶ

150 675 243 729 ὐπδ
272 675 565 743 φιλαυτίας
595 676 907 747 μεθύοντες,
934 679 994 732 οὐ
1026 681 1134 750 μὴν
1158 680 1294 734 ἀλλά
1319 682 1412 735 καὶ
1446 681 1552 735 ὑπὸ
1586 700 1720 754 προ-

147 767 344 838 λήψεως
382 770 805 842 κεχειρωμένοι,
839 770 1227 842 δογματίζουσι
1256 772 1523 837 πολλάκις
1555 773 1719 839 ἀδοξά

146 875 252 911 τινα
294 858 389 909 καὶ
421 858 814 927 καταγέλαστα
844 861 1129 931 δόγματα·
1175 862 1369 916 ἔπειτα
1390 905 1405 930 ,
1434 864 1552 918 δέον
1581 864 1717 936 μηδέ

146 948 222 1001 διά
275 946 530 1018 γλώττης
582 950 997 1023 προφέρεσθαι,
1041 955 1337 1023 κρατύνειν
1392 957 1715 1027 πειρῶνται.

147 1039 251 1109 Χρὴ
279 1039 578 1110 τοιγαροῦν
602 1043 731 1105 τοὺς
759 1042 819 1095 ἐν
849 1045 963 1107 τοῖς
1002 1045 1230 1098 τοιοῖσδε
1276 1046 1455 1115 λόγοις
1488 1046 1718 1116 φοιτῶν-

146 1147 250 1194 τας,
285 1127 660 1197 γινώσκοντας
680 1172 694 1191 .
723 1132 804 1185 ὅτι
833 1132 965 1203 περὶ
993 1132 1175 1205 ψυχῆς
1202 1136 1350 1189 ἐστιν
1382 1137 1411 1189 ὁ
1440 1136 1713 1203 κίνδυνος,

146 1220 229 1273 καὶ
254 1220 333 1273 ’ότι
365 1221 468 1291 τῆς
508 1222 769 1292 ἀληθείας
798 1224 952 1278 οὐδὲν
980 1227 1435 1299 προύργιαίτερον
1456 1244 1469 1256 ·
1514 1228 1575 1281 οὐ
1610 1228 1715 1300 μὴν

146 1309 194 1364 δὲ
215 1310 344 1365 ἀλλά
363 1313 461 1363 καὶ
500 1313 823 1378 ἐννοοῦντας
860 1315 931 1369 τά
964 1317 1143 1382 κακὰ,
1174 1318 1245 1372 τά
1274 1319 1339 1373 ἐκ
1385 1322 1486 1390 τῆς
1514 1319 1717 1391 ἔχθρας

148 1402 347 1466 καὶτῆς
382 1402 717 1473 προλήψεως
741 1406 1068 1478 τικτόμενα,
1098 1410 1316 1473 κοινοὺς
1356 1410 1454 1480 μὲν
1490 1411 1715 1475 ἑαυτοὺς

149 1492 399 1564 παρέχειν
449 1497 569 1548 τοῖν
616 1495 891 1566 λεγόντοιν
940 1500 1251 1572 ἀκροατὰς,
1282 1501 1343 1554 οὐ
1390 1501 1495 1572 μὴν
1530 1503 1711 1566 ἴσους’

145 1583 315 1636 ἔστιδ’
356 1583 419 1636 οὐ
461 1586 695 1647 ταυτὸν,
734 1585 811 1650 ὡς
837 1587 1039 1640 οἴονταί
1076 1606 1243 1652 τινες.
1268 1590 1436 1660 Κοινῇ
1473 1590 1573 1659 μὲν
1604 1589 1713 1660 γὰρ

145 1673 239 1743 χρὴ
261 1672 572 1742 ἀκροᾶσθαι
604 1676 932 1747 ἀμφοτέρων
952 1694 966 1707 ⁸
998 1680 1061 1731 οὐ
1095 1680 1201 1749 μὴν
1240 1679 1490 1750 ἐκατέρῳ
1524 1680 1714 1748 νέμειν

146 1764 199 1817 τὺ
235 1761 379 1818 ἴσον·
420 1765 567 1819 ἀλλά
607 1767 687 1837 τῷ
737 1768 837 1838 μὲν
871 1771 1225 1842 συνετωτέρῳ
1276 1772 1499 1842 μᾶλλον,
1547 1772 1626 1842 τῷ
1654 1773 1712 1825 δὲ

1818 588 2251 642 adversariorum
2282 584 2491 648 odium,
2526 595 2663 651 quas
2693 581 2761 634 ob
2811 595 2897 634 res
2952 578 3169 648 plausus
3214 585 3269 628 et
3306 585 3390 627 tn-

1820 677 2018 731 multus
2052 676 2267 731 excitati
2304 686 2449 736 sunt,
2484 673 2806 742 cogitantes,
2827 684 2932 724 non
2969 668 3145 722 solum
3169 665 3395 735 applau-

1818 769 1968 824 sibus
1994 766 2299 822 istiusmodi
2330 765 2482 829 elati,
2516 762 2610 818 sed
2641 762 2807 818 etiam
2838 774 3024 814 amore
3046 756 3129 811 sui
3157 755 3396 810 inebria-

1819 860 1882 924 ti,
1913 860 2042 930 quin
2075 867 2129 914 et
2188 856 2256 911 ab
2299 856 2593 924 anticipata
2635 853 2814 922 aliqua
2867 849 3127 919 opinione
3169 846 3391 909 devicti,

1817 965 1959 1020 εωρο
1980 949 2213 1003 absurda
2241 956 2403 1016 atque
2441 943 2666 1000 ridicula
2723 943 2967 1011 quaedam
3018 938 3268 1008 dogmata
3300 949 3396 987 ex-

1816 1043 2057 1114 cogitant
2094 1053 2148 1097 et
2183 1041 2436 1105 tradunt;
2470 1039 2663 1093 deinde
2706 1050 2828 1091 cum
2863 1048 2930 1088 ne
2964 1032 3180 1102 quidem
3207 1031 3389 1098 lingua

1818 1134 2047 1205 proferri
2076 1148 2139 1187 ea
2170 1129 2761 1201 oportuerit,obtinere
2794 1126 2960 1182 etiam
3019 1124 3109 1178 illa
3162 1130 3395 1177 conten-

1816 1229 1972 1283 dunt.
2006 1225 2137 1293 Qua:
2168 1240 2289 1281 cum
2320 1225 2391 1278 ita
2444 1224 2576 1284 sint,
2606 1229 2823 1291 oportet
2870 1215 3137 1289 ejusmodi
3195 1213 3398 1268 doctri-

1818 1333 2008 1371 narum
2034 1316 2329 1378 studiosos,
2347 1328 2470 1367 cum
2500 1312 2703 1376 sciant,
2730 1310 2968 1363 animam
2991 1306 3082 1361 hic
3106 1306 3158 1359 in
3197 1303 3396 1359 discri-

1817 1409 1963 1463 mine
2020 1405 2251 1470 versari,
2305 1413 2361 1459 et
2417 1403 2648 1457 veritate
2710 1399 2844 1453 nihil
2893 1394 3253 1467 przestabilius
3300 1401 3397 1446 aut

1817 1498 2097 1570 antiquius
2121 1512 2264 1561 esse,
2302 1505 2571 1566 pmterea
2596 1493 2758 1546 etiam
2808 1488 3110 1559 cogitantes
3134 1501 3196 1541 ea
3231 1484 3394 1546 mala,

1816 1608 1936 1663 quze
1961 1606 2025 1647 ex
2043 1591 2168 1646 odio
2220 1598 2275 1644 et
2312 1587 2609 1655 anticipata
2644 1584 2902 1654 opinione
2928 1581 3209 1641 oriuntur,
3239 1592 3393 1631 com-

1817 1695 2006 1735 munes
2052 1679 2269 1748 quidem
2320 1691 2380 1732 se
2441 1676 2682 1745 praebere
2747 1672 3042 1727 dicentium
3087 1668 3392 1731 auditores;

1817 1786 1924 1827 non
1952 1780 2131 1825 tamen
2162 1768 2420 1836 aequales.
2464 1765 2580 1819 Non
2616 1774 2697 1820 est
2728 1772 2908 1818 autem
2937 1776 3101 1815 unum
3140 1769 3195 1815 et
3226 1759 3394 1821 idem,

144 1855 498 1927 ἀμαθεστέρῳ
537 1852 705 1930 ἧττον
729 1876 742 1890 ο
778 1860 875 1913 καὶ
902 1860 980 1929 τῷ
1013 1862 1112 1930 μὲν
1150 1862 1300 1933 σοφῷ
1326 1864 1604 1926 ἐπαίνους,
1633 1864 1712 1933 τῷ

1819 1873 1874 1918 ut
1903 1861 2122 1932 quidam
2161 1861 2517 1915 arbitrantur.
2542 1856 2681 1910 Nam
2710 1863 2925 1923 Oportet
2945 1854 3161 1923 quidem
3187 1859 3395 1904 utrum-

145 1948 193 2000 δὲ
218 1949 537 2020 ἀπαιδεύτῳ
562 1991 577 2015 ,
603 1952 653 2004 εί
684 1953 784 2022 μὲν
810 1953 914 2006 ὑπὸ
934 1952 1120 2023 ψόγων
1151 1950 1267 2015 οἷός
1294 1973 1354 2007 τε
1383 1955 1468 2027 εἴη
1498 1972 1713 2025 σωφρο-

146 2039 379 2109 ποθῆναι
400 2078 417 2104 ,
445 2041 690 2111 ψόγουςυ
724 2044 773 2096 εί
808 2044 867 2098 δὲ
906 2045 1006 2116 μὴ,
1041 2046 1224 2117 σιγήν.
1267 2046 1457 2100 Ταῦτα
1489 2046 1588 2118 μὲν
1619 2042 1714 2099 οὖν

146 2132 258 2202 περὶ
289 2132 399 2185 τῶν
428 2134 805 2204 ἀκροωμένων
851 2136 1113 2207 εἰρήσθω.
1144 2138 1285 2202 Τοὺς
1322 2138 1380 2192 δὲ
1414 2120 1671 2205 λέγοντας
1697 2178 1712 2203 ν

145 2222 589 2294 πρεπωδέστερον
610 2220 750 2279 εἶναί
767 2241 931 2296 φημι,
957 2226 1327 2298 ἀμφισϐητεῖν
1350 2228 1470 2298 μὲν,
1494 2226 1570 2299 μὴ
1588 2228 1714 2297 ἐρε-

147 2310 297 2377 θίζειν
318 2313 432 2384 (36)
463 2314 542 2368 δέ.
586 2316 640 2368 Ἀ
652 2315 1021 2388 μφισϐητοῦσι
1044 2316 1143 2388 μὲν
1158 2318 1267 2389 γὰρ
1294 2318 1554 2381 πολλάκις
1582 2319 1717 2392 πρὸς

145 2405 343 2474 φίλους·
378 2409 753 2477 φιλονεικοῦσι
785 2410 841 2464 δέ
862 2413 910 2464 οἱ
938 2411 1245 2482 δυσμενεῖς.
1279 2410 1435 2465 Οὕτω
1452 2412 1559 2481 γὰρ
1584 2413 1716 2465 καλ-

145 2496 283 2568 λίστη
305 2499 398 2553 καὶ
413 2499 821 2571 ὠφελιμωτάτη
841 2502 874 2570 ἡ
903 2501 1161 2555 συνουσία
1187 2503 1301 2562 τοῖς
1320 2517 1381 2553 τε
1414 2502 1711 2571 φράζουσι,

142 2592 240 2650 τοί.
274 2591 322 2644 τ’
366 2592 635 2646 ἀκούουσι
684 2584 999 2663 γενήσεται.
1051 2592 1119 2645 Οἵ
1159 2609 1220 2645 τε
1261 2592 1368 2663 γάρ
1418 2591 1710 2659 λέγοντες,

149 2679 366 2751 μάλιστα
408 2681 479 2736 ἂν
534 2684 593 2734 ἐν
629 2685 745 2746 τοῖς
791 2682 1167 2753 ἀκροωμένοις
1215 2681 1390 2747 οὕτως
1437 2682 1715 2753 εῦδόκμμοι

143 2766 270 2842 ἦσαν
308 2773 434 2843 μὲν,
478 2773 585 2828 οὐκ
631 2774 942 2828 ἐπαινοῖντο
990 2773 1069 2830 δέ.
1116 2774 1406 2846 Εὐδόκιμοι
1462 2775 1561 2845 μὲν
1606 2774 1716 2846 γάρ

144 2862 247 2916 ἐστι
283 2864 494 2936 κυρίως
525 2865 590 2918 τὸ
632 2864 905 2936 ἀποδοχῆς
945 2864 1231 2932 ἀξιοῦσθαι
1269 2867 1329 2918 ἐν
1354 2867 1476 2929 ταῖς
1518 2864 1717 2935 ψυχαῖς

145 2955 240 3008 τῶν
268 2957 602 3023 ἀκουόντων,
637 2960 763 3019 ταῖς
806 2957 936 3012 ἄνευ
986 2957 1207 3027 ἀπάτης
1250 2957 1567 3020 ἀδεκάστως
1610 2957 1713 3020 τὰς

144 3045 337 3114 ψήφους
368 3047 693 3118 φερούσαις*
716 3045 1164 3118 ἐγκωμιάζεσθαι
1188 3047 1246 3099 ἐν
1286 3045 1429 3117 λόγῳ
1456 3044 1718 3109 πολλάκις

146 3136 420 3191 κολακείαν
466 3138 728 3202 πνέοντι,
769 3139 865 3191 καὶ
913 3138 1080 3209 μηδὲν
1133 3136 1475 3208 ἀληθεύοντι.
1537 3136 1606 3189 Οἵ
1655 3153 1716 3188 τε

145 3228 419 3294 ἀκούοντες
443 3231 686 3301 μάλιστα
708 3201 1086 3302 εὐφραίνοιντο
1112 3201 1237 3302 μὲν,
1262 3230 1360 3299 οὐχ
1387 3229 1605 3301 ἥδοιντο
1633 3227 1712 3282 δέ.
1744 3201 1789 3263 c

146 3321 537 3394 Εὐφραίνεσθαι
579 3322 682 3393 μὲν
719 3322 831 3392 γάρ
870 3323 1009 3388 ἐστι,
1037 3323 1098 3376 τὸ
1126 3322 1318 3394 μαθεῖν
1345 3340 1398 3375 τι
1441 3324 1549 3375 τῶν
1584 3323 1716 3375 καλ·

146 3412 348 3481 λίστων,
383 3416 481 3469 καὶ
508 3415 613 3486 τὴν
644 3415 910 3485 φρόνησιν
931 3414 1025 3467 ἐπὶ¹
1047 3415 1109 3468 τὸ
1146 3414 1369 3485 ἄμεινον
1406 3415 1676 3485 ἀκονῆσαι
1696 3431 1710 3445 ⁸

149 3506 353 3577 ἥδεσθαι
386 3508 479 3574 δὲ,
512 3507 770 3561 ἐσθίοντα
806 3508 841 3579 ἡ
873 3525 928 3561 τι
964 3506 1206 3561 τοιοῦτον
1247 3508 1715 3579 διαπραττόμενον

144 3598 223 3652 διὰ
248 3598 341 3653 τοῦ
375 3598 659 3671 σώματος.
687 3598 878 3653 Ταῦτα
910 3599 1190 3671 κεκρίσθω
1210 3614 1225 3629 '
1260 3599 1433 3653 ταῦτα
1459 3599 1708 3670 ὡρίσθω*

143 3690 299 3746 ταῦτα
319 3691 660 3763 πεφυλάχθω
680 3708 695 3723 ·
731 3692 826 3746 καὶ
862 3691 1032 3764 πολλὴ
1071 3692 1310 3756 ἐπίδοσις
1348 3691 1501 3745 ἐσται
1529 3692 1591 3746 οὐ
1615 3691 1715 3763 μό-

146 3800 223 3838 νον
252 3786 309 3839 ἐν
346 3788 466 3849 τοῖς
502 3784 885 3856 ἀκροωμένοις
918 3785 999 3850 είς
1029 3784 1255 3856 ἀρετὴν,
1288 3784 1428 3840 ἀλλά
1475 3784 1571 3839 καὶ
1599 3786 1713 3849 τοῖς

145 3873 306 3947 λέγειν
334 3877 707 3949 πειρωμένοις
733 3880 815 3941 είς
839 3877 1180 3947 φιλοσοφίαν.

1815 1970 1920 2024 que
1943 1953 2309 2010 communiter
2339 1950 2568 2017 audire;
2602 1964 2707 2003 non
2745 1957 2923 2001 tamen
2979 1944 3193 2014 utrique
3213 1958 3396 2010 aequa-

1816 2046 2025 2101 litatem
2070 2045 2330 2108 tribuere,
2362 2043 2456 2097 sed
2484 2039 2822 2110 prudentiori
2877 2034 3069 2106 magis,
3106 2030 3394 2087 indoctiori

1814 2152 1945 2193 vero
1968 2137 2188 2201 minus;
2233 2144 2289 2191 et
2338 2132 2575 2204 sapienti
2626 2129 2846 2201 quidem
2897 2125 3106 2189 laudes,
3130 2126 3248 2180 rudi
3270 2138 3397 2179 vero

1816 2238 1983 2297 atque
2016 2227 2291 2294 imperito,
2317 2227 2363 2280 si
2399 2226 2616 2293 quidem
2655 2222 3166 2295 reprehensionibus
3196 2220 3396 2288 corrigi

1816 2319 2202 2388 emendarique
2259 2318 2453 2388 possit,
2518 2318 2971 2388 reprehensiones
3006 2333 3020 2370 :
3054 2315 3138 2370 sin
3195 2314 3395 2379 minus,

1817 2411 2088 2465 silentium
2121 2410 2399 2465 adhibere.
2435 2410 2560 2464 Haec
2585 2410 2749 2480 igitur
2782 2410 2849 2465 de
2873 2407 3214 2463 auditoribus
3242 2407 3387 2461 dicta

1816 2512 1997 2559 sunto.
2034 2503 2208 2558 Porro
2264 2505 2408 2573 quod
2461 2505 2526 2557 ad
2582 2517 2677 2557 eos
2708 2502 2800 2571 qui
2838 2502 3029 2556 dicunt
3061 2501 3279 2565 attinet,
3309 2498 3396 2551 aio

1818 2596 1962 2664 ipsos
1995 2598 2233 2649 maxime
2261 2595 2456 2650 decere
2505 2596 2804 2650 modestam
2852 2592 3396 2653 dubitationem,non

1816 2693 1997 2739 autem
2030 2684 2268 2738 rixosam
2299 2685 2731 2739 contentionem.
2769 2684 2925 2752 Saepe
2971 2683 3116 2738 enim
3147 2681 3215 2735 ad
3245 2681 3388 2736 ami-

1819 2792 1913 2833 cus
1941 2776 2218 2847 ambigere
2247 2777 2423 2831 solent
2472 2776 2721 2833 homines
2747 2794 2760 2832 :
2796 2774 3241 2833 contentionibus
3267 2787 3397 2827 vero

1817 2870 1947 2924 dant
1977 2884 2197 2938 operam
2228 2869 2454 2924 inimici.
2478 2869 2604 2924 Haec
2628 2869 2792 2939 igitur
2842 2867 3207 2938 pulcherrima
3230 2875 3398 2935 atque

1816 2961 2108 3014 utilissima
2136 2961 2240 3015 erit
2277 2963 2640 3029 conversatio,
2677 2970 2730 3015 et
2754 2960 2821 3016 iis
2854 2960 2945 3030 qui
3000 2959 3209 3024 dicunt,
3238 2968 3294 3013 et
3330 2957 3400 3013 iis

1818 3051 1910 3121 qui
1941 3053 2187 3106 audiunt.
2221 3051 2355 3106 Nam
2385 3062 2441 3107 et
2477 3053 2570 3123 qui
2613 3053 2819 3117 dicunt,
2856 3054 2928 3107 ita
2981 3051 3217 3106 maxime
3255 3049 3400 3121 apud

1820 3158 1917 3198 eos
1946 3143 2038 3213 qui
2067 3142 2298 3197 audiunt
2325 3142 2636 3213 probabiles
2669 3154 2723 3199 et
2754 3144 2894 3215 grati
2935 3150 3114 3207 erunt,
3151 3157 3261 3196 non
3295 3157 3398 3195 au-

1821 3241 1928 3288 tem
1958 3233 2697 3290 laudabuntur.Probahilem
2730 3235 2873 3289 enim
2902 3233 3149 3289 essehoc
3177 3231 3397 3301 praprie

1821 3325 1984 3391 est,si
2018 3324 2139 3395 quis
2163 3325 2217 3379 in
2277 3327 2472 3382 animis
2516 3326 2850 3381 audientium
2896 3325 3289 3395 approbatione
3315 3324 3399 3378 di-

1821 3431 1961 3485 gnus
2019 3427 2330 3482 censeatur,
2389 3419 2484 3489 qui
2548 3419 2667 3475 sine
2727 3417 2918 3473 fraude
2962 3432 3027 3473 ac
3082 3417 3401 3487 deceptione

1820 3508 2138 3580 incorrupte
2163 3509 2399 3566 calculos
2460 3511 2660 3566 ferunt.
2681 3510 2915 3565 Laudari
2965 3525 3094 3565 vero
3147 3501 3440 3566 consistit'

1819 3599 1877 3655 in
1906 3600 2173 3665 oratione,
2213 3615 2333 3671 quae
2358 3614 2730 3672 saepenumero
2756 3602 3179 3655 assentationem
3205 3600 3400 3669 spirat,

1819 3692 2064 3763 nihilque
2122 3695 2239 3748 veri
2294 3694 2346 3748 in
2396 3708 2455 3749 se
2503 3694 2768 3749 continet.
2824 3691 2892 3747 Et
2940 3707 3070 3748 vero
3126 3690 3401 3746 auditores

1821 3787 2057 3841 maxime
2088 3786 2304 3856 quidem
2336 3784 2681 3851 laetabuntur,
2702 3800 2808 3840 nou
2845 3793 3023 3840 autem
3048 3782 3399 3839 delectabun-

1820 3885 1928 3932 tur.
1979 3876 2075 3931 Est
2127 3878 2270 3933 enim
2311 3877 2510 3943 laetari,
2541 3878 2752 3933 discere
2797 3877 3001 3947 aliquid
3062 3891 3243 3932 rerum
3280 3872 3403 3944 pul-

144 3969 525 4025 cherrimarum
573 3980 630 4029 et
681 3972 1191 4029 honestissimarum
1229 3990 1244 4027 :
1275 3970 1551 4040 [delectari
1580 3984 1710 4026 vero
1745 3971 2098 4041 suaviterque
2158 3970 2299 4027 allici
2333 3980 2437 4039 est,
2470 3971 2599 4027 dum
2648 3972 2769 4041 quis
2836 3970 3095 4035 comedit,
3130 3979 3225 4024 aut
3250 3969 3407 4038 quid-

147 4060 271 4130 piam
296 4062 478 4120 simile
502 4077 605 4135 per
637 4078 835 4134 corpus
864 4065 994 4136 agit.
1028 4061 1155 4119 lizee
1197 4063 1273 4118 ita
1305 4062 1543 4133 iudicata
1571 4064 1706 4129 sint,
1746 4063 1862 4118 haec
1897 4062 2143 4127 deﬁnita,
2172 4063 2290 4119 haec
2355 4062 2751 4119 observentur:
2811 4063 2893 4120 sic
2929 4062 3171 4117 futurum
3201 4072 3306 4123 est,
3344 4070 3403 4113 ut

146 4166 318 4223 magna
345 4169 455 4210 non
511 4155 693 4211 solum
728 4157 783 4212 in
828 4152 1171 4214 auditoribus
1211 4158 1280 4212 ad
1309 4157 1587 4225 virtutem,
1611 4158 1709 4214 sed
1744 4157 1913 4215 etiam
1944 4158 1998 4213 in
2057 4157 2128 4214 iis
2155 4157 2247 4229 qui
2275 4157 2491 4213 dicendi
2557 4157 2740 4214 studio
2782 4164 3057 4223 tenentur,
3086 4154 3154 4210 ad
3174 4154 3397 4224 sapien-

148 4244 282 4316 tiam,
310 4248 405 4306 ὕει
432 4252 706 4308 accessio.

626 4369 798 4424 PAB'.
837 4399 908 4411 —
944 4371 1203 4443 ΠΑΥΛῼ.

149 4456 263 4514 Ὀτι
290 4461 402 4516 οὐκ
425 4456 509 4533 ἦν
534 4453 991 4603 συμφέρονήἷιῷν
1017 4462 1261 4518 πάντων
1284 4461 1513 4535 γνῶσιν
1545 4462 1710 4533 ἔχειν

914 4550 1007 4601 ας.

914 4550 1007 4601 ας.

210 4644 420 4701 Πολλῶν
466 4645 878 4718 προϐλημάτων
916 4645 1085 4718 ἐσμὸν
1129 4646 1408 4718 συντόμως
1452 4646 1707 4700 ἐπιλῦσαι

150 4736 494 4809 πειράσομαι.
525 4737 674 4808 Φημὶ
718 4735 918 4803 τοίνυν,
950 4737 1033 4790 ὅτι
1079 4737 1114 4807 ἠ
1152 4736 1297 4808 θήρα
1326 4739 1425 4808 τῆς
1452 4736 1709 4807 γνώσεως

147 4828 244 4882 τῶν
277 4828 585 4900 μελλόντων
617 4828 750 4898 ἡμῖν
778 4830 924 4882 κατὰ
964 4828 1118 4881 τόνδε
1140 4829 1231 4882 τὸν
1259 4828 1373 4899 βίον
1403 4829 1437 4900 ἦ
1474 4831 1708 4900 πράττε-

148 4919 257 4973 σθαι
299 4920 334 4991 ἢ
381 4919 726 4993 συμϐαίνειν,
762 4918 866 4974 κᾶν
910 4921 961 4973 εἰ
1015 4918 1156 4990 (57),
1185 4919 1261 4983 ὡς
1307 4919 1476 4991 ἔφης,
1509 4922 1706 4991 ἐφικτὴ

147 5010 228 5063 καὶ
256 5012 553 5085 ἁλώσιμος,
584 5011 868 5077 παντελῶς
892 5012 989 5066 καὶ
1024 5012 1306 5085 ἀνωφελὴς
1341 5015 1433 5066 καὶ
1464 5014 1708 5085 σφαλερά

148 5102 408 5171 τυγχάνει.
444 5102 510 5157 Ei
537 5101 636 5173 μὲν
664 5101 772 5174 γὰρ
794 5102 895 5155 οὐκ
926 5100 1043 5155 ἐστι
1076 5101 1436 5170 φυλάξασθαι,
1462 5103 1710 5174 ἀφαιρεῖ-

151 5208 230 5246 ται
277 5193 434 5265 ἡμῶν
486 5194 588 5265 τὴν
627 5193 766 5267 πρὸς
812 5192 885 5248 τὰ
933 5194 1313 5265 συμπίπτοντα
1365 5212 1715 5265 παρασκευα-

155 5284 329 5355 σθῆναι
357 5286 681 5358 ὀφείλουσαν
720 5288 943 5359 ἀρετήν.
974 5286 1082 5341 Τοῦ
1126 5286 1234 5359 γάρ
1284 5287 1717 5359 προσπίπτοντος

154 5376 449 5451 ἀδοκήτως,
494 5379 666 5449 οὐδὲν⁸
696 5377 867 5444 οὕτως
898 5378 998 5451 τὴν
1041 5378 1421 5451 εὐθημοσύνην
1468 5379 1715 5450 πορίζειν

2304 4369 2565 4427 CXXXII.
2603 4401 2670 4415 αι-
2697 4368 2946 4426 PAULO.

1820 4462 1946 4520 Non
1979 4463 2145 4534 fuisse
2177 4481 2243 4520 ex
2271 4481 2371 4519 usu
2418 4473 2622 4534 nostra,
2649 4474 2704 4515 ut
2742 4463 2977 4516 omnium
3019 4474 3199 4514 rerum
3227 4459 3408 4527 cogni-

2284 4536 2425 4589 tione
2458 4533 2670 4603 praediti
2694 4541 2946 4587 extentus.

1916 4649 2205 4705 Multarum
2279 4646 2638 4719 quaestionum
2721 4645 2939 4701 turbam
3021 4643 3405 4712 compendiose

1813 4736 1982 4810 488
2009 4739 2220 4794 solvere
2253 4738 2513 4793 conabor.
2550 4734 2655 4790 Aio
2707 4734 2895 4805 igitur,
2928 4733 3403 4801 investigationem

1812 4835 2141 4905 cognitionis
2158 4849 2345 4889 earum
2381 4848 2586 4899 rerum,
2618 4846 2738 4903 quae
2770 4832 2927 4887 nobis
2956 4831 3007 4887 in
3040 4832 3139 4885 hac
3172 4829 3278 4883 vita
3314 4836 3408 4882 aut

1813 4926 2056 4997 agendae,
2090 4936 2185 4981 aut
2230 4936 2506 4981 eventura:
2552 4935 2783 4989 restant,
2818 4924 3200 4994 quantumvis,
3235 4930 3295 4976 ut
3324 4921 3407 4975 in-

1812 5016 2062 5085 quiebas,
2098 5030 2220 5070 eam
2247 5016 2462 5087 assequi
2495 5024 2659 5085 atque
2710 5015 3175 5086 comprehendere
3210 5028 3399 5084 posse-

1812 5123 1953 5175 mus,
1980 5115 2035 5163 et
2059 5108 2301 5162 inutilem
2331 5117 2508 5162 tamen
2543 5109 2766 5164 omnino
2787 5120 2839 5163 et
2863 5106 3221 5176 periculosam
3246 5118 3394 5158 esse.

1814 5198 1947 5253 Nam
1981 5199 2025 5252 si
2062 5199 2224 5253 vitari
2255 5208 2554 5268 nequeunt,
2597 5199 2936 5270 przescientia
2967 5199 3056 5253 illa
3093 5197 3272 5251 aul'ert
3302 5211 3398 5250 no-

1825 5288 1907 5343 bis
1930 5303 2072 5353 eam,
2104 5302 2225 5356 quae
2275 5289 2539 5343 adversus
2592 5302 2773 5352 casus,
2800 5286 2893 5356 qui
2940 5285 3096 5341 nobis
3126 5283 3401 5345 accidunt,

1823 5379 2040 5435 fortiter
2072 5378 2328 5435 ferendos
2387 5378 2583 5435 instrui
2634 5378 2814 5444 debet,
2848 5378 3127 5433 virtutem.
3153 5372 3301 5430 Nihil
3321 5380 3405 5428 est

1222 5560 1458 5617 VARLE
1491 5558 1875 5616 LECTIONES
1908 5557 1996 5615 ET
2036 5555 2270 5614 NOTAE.

230 5721 340 5795 (36)?
365 5719 475 5795 Pro
497 5722 771 5795 ἐρεθίζειν,
794 5723 1077 5795 Ῑάοηιῄεοό.
1111 5722 1270 5795 habet
1303 5719 1524 5795 ἐρίζεινῗ
1555 5722 1709 5777 Vcrs.

164 5798 211 5842 et
242 5794 400 5850 verbo
428 5792 653 5863 ult.'ep.
697 5793 1014 5864 φιλοσοφίαν
1064 5794 1204 5851 idem
1251 5792 1464 5868 breviat
1512 5792 1566 5848 in
1619 5809 1706 5847 σο·

1825 5720 1973 5789 φίαν.
2008 5718 2221 5789 Possm.

1893 5789 2007 5862 (37)
2034 5788 2139 5846 Pro
2162 5789 2263 5845 xiv
2293 5790 2340 5843 εί
2362 5789 2485 5861 legit
2520 5788 2622 5843 κᾶν
2722 5790 2839 5845 cod.
2878 5787 2997 5843 Vat.
3030 5786 3151 5842 650.
3189 5784 3266 5839 In.
