3886 6420
508 354 643 417 1215

1720 362 1781 420 S.
1825 363 2115 423 ISIDORI
2157 364 2593 425 PELUSIOTE

3624 362 3746 430 1216

504 473 649 529 enim
706 485 883 527 rerum
947 472 1213 540 omnium,
1247 475 1387 543 quod
1449 484 1557 529 tam
1606 477 1746 532 bene
1794 481 2080 548 disp‘onere

2190 482 2398 548 ειωθεν,
2450 482 2524 544 ὼς
2573 484 2606 552 ἡ
2656 480 2756 551 τῆς
2786 483 2989 552 ἀρετῆς
3026 483 3279 551 ἄσκησις.
3311 484 3377 535 Οἰ
3423 478 3537 553 γὰρ
3580 486 3749 540 πᾶσαν

505 561 675 616 soleat
706 572 799 616 aut
853 563 1026 631 possit
1078 562 1388 633 inopinatos
1440 581 1618 630 casus,
1654 583 1817 636 quam
1862 571 2080 625 virtutis

503 653 843 707 exercitatio.
886 652 1018 707 Nam
1042 656 1134 724 qui
1158 669 1372 709 omnem
1409 671 1559 726 spem
1590 658 1783 712 bonam
1808 674 1870 713 ex
1900 662 2080 716 animo

504 759 602 798 suo
663 745 989 814 expulerint,
1028 745 1164 800 nihil
1221 762 1413 802 eorum
1473 763 1593 817 qua:
1656 762 1871 818 oportet
1916 768 2080 823 agere

511 838 684 903 parati
732 845 912 905 erunt,
941 837 1011 894 ob
1043 839 1518 910 praecognitionem
1553 841 1857 897 futurorum
1910 860 2077 900 even-

505 939 677 985 tuum.

731 1044 1020 1106 CXXXIII.
1037 1077 1107 1088 —
1124 1047 1426 1104 LEONTIO
1474 1048 1836 1107 'EPISCOPO.

570 1159 722 1225 Quod
767 1160 929 1216 lectio
991 1174 1270 1217 sacrarum
1315 1161 1650 1218 Litterarum
1687 1165 1967 1219 deStructa
1992 1171 2081 1219 est

501 1260 557 1305 et
611 1262 888 1321 corrupta,
943 1262 997 1308 et
1036 1254 1179 1324 quod
1219 1256 1593 1325 unusquisque
1665 1270 1794 1310 suos
1857 1258 2081 1313 allectus

503 1343 700 1397 divinis
730 1344 968 1399 oraculis
1028 1344 1269 1413 praefert,
1291 1360 1355 1401 ea
1391 1361 1483 1401 res
1549 1356 1826 1402 tantarum
1878 1360 2079 1419 tragus-

502 1434 711 1487 diarum
740 1443 792 1490 et
818 1436 1189 1491 calamitatum
1234 1452 1403 1492 causa
1435 1439 1665 1494 exstitit.
1690 1438 1823 1494 Nam
1878 1442 2079 1496 bellum

504 1523 955 1581 irreconciliahile
1006 1535 1063 1580 et
1122 1543 1230 1582 non
1269 1528 1532 1583 indictum
1597 1529 1838 1597 legitime
1896 1532 2083 1586 incidit

503 1615 645 1668 inter
665 1630 778 1680 eos,
819 1617 911 1685 qui
963 1619 1115 1686 pacis
1169 1618 1550 1676 conciliatores
1574 1635 1697 1676 esse
1731 1622 2077 1679 debuerunt:

502 1706 591 1774 qni
625 1706 937 1762 avidissime
970 1722 1091 1763 sese
1147 1719 1355 1774 mutuo,
1396 1711 1662 1781 siquidem
1724 1713 1954 1781 possint,
1986 1729 2083 1768 vo-

2183 574 2374 628 ὲλπίδα
2425 573 2636 645 ἀγαθὴν
2668 576 2733 627 ὲκ
2782 575 2884 643 τῆς
2917 574 3125 627 ἑαυτῶν
3156 574 3507 645 ὲξορίσαντες
3561 576 3747 646 ψυχῆς,

2181 666 2335 719 οὐδὲν
2370 665 2480 718 τῶν
2504 665 2734 719 δεόντων
2766 665 2970 736 πρᾶξαι
2998 668 3064 719 ἐκ
3091 664 3187 719 τοῦ
3214 665 3524 737 προμαθεῖν
3557 667 3747 738 προθυο

2185 758 2542 831 μηθήσονται.

2461 1047 2629 1103 ΡΛΓ.
2662 1076 2734 1091 -
2771 1047 3071 1117 ΛΕΟΝΤΙῼ
3108 1044 3485 1116 ΕΠῘΣΚΟΠῼ.

2256 1157 2328 1211 Τὸ
2354 1156 2453 1229 τὴν
2479 1157 2785 1226 ἀνάγνωσιν
2814 1156 3300 1227 κατεῤῥυθμῆσθαι
3325 1156 3445 1227 (58)
3467 1157 3578 1209 τῶν
3598 1157 3739 1212 θειων

2182 1248 2435 1320 Γραφῶν,
2473 1248 2568 1301 καὶ
2602 1248 2664 1300 τὸ
2693 1247 2921 1300 ἕκαστον
2953 1248 3022 1299 τὰ
3048 1248 3225 1300 οἰκεῖα
3261 1246 3411 1315 πάθη
3444 1246 3561 1299 τῶν
3593 1248 3739 1300 Θεεων

2181 1341 2494 1412 προκρίνειν
2526 1339 2810 1411 χρησμῶν,
2860 1338 2969 1392 τῶν
2999 1338 3271 1392 τοσούτων
3315 1338 3637 1409 τραγῳδιῶν
3664 1340 3740 1392 αῖ-

2179 1450 2295 1487 τιον
2322 1434 2533 1501 γέγονε.
2567 1432 2811 1501 Πόλεμος
2853 1431 2963 1500 γὰρ
2996 1430 3259 1493 ἄσπονδος
3308 1430 3403 1483 καὶ
3445 1431 3739 1499 ἀκήρυκτος

2182 1524 2512 1595 ἐμπέπτωκε
2544 1525 2657 1586 τοῖς
2689 1522 2793 1592 τῆς
2834 1522 3057 1592 εἰρήνης
3092 1521 3443 1602 βροβευταῖς·
3472 1522 3645 1591 ἥδιστ’
3682 1524 3740 1576 ἂν

2182 1616 2450 1687 ἀλλήλων,
2502 1616 2551 1667 εἰ
2584 1614 2850 1683 ἠδύναντο
2876 1652 2891 1675 ,
2926 1613 3208 1682 γεύσοιντο
3234 1631 3247 1646 ·
3282 1614 3412 1685 περί
3455 1616 3655 1678 παντὸς
3692 1616 3741 1668 δὲ

2183 1709 2526 1779 ποιήσαιντο,
2575 1706 2788 1769 ζῶντας
2837 1706 2938 1774 μὲν
2970 1707 3329 1760 ἀποκτεῖναι·
3381 1707 3650 1775 ταφέντας
3691 1707 3742 1759 δὲ

502 1806 624 1851 rent
657 1814 671 1853 :
711 1807 765 1853 et
819 1800 1264 1869 antiquissimum
1324 1802 1427 1857 hoc
1484 1805 1707 1867 ducant,
1733 1814 1790 1860 et
1831 1806 2080 1862 omnibus

2190 1798 2526 1870 ἀποκηρῦξαι
2559 1797 2668 1869 (59)
2697 1813 2713 1827 °
2761 1798 2858 1861 τὰς
2887 1797 2932 1850 δ’
2985 1797 3165 1860 οἰκίας
3206 1796 3565 1865 ἀνασκάψαιο
3618 1814 3739 1867 μνηο

502 1890 664 1946 rebus
701 1900 1047 1960 anteponant,
1083 1894 1234 1948 vivos
1257 1894 1475 1963 quidem
1533 1896 1803 1963 cecidere,
1836 1898 2076 1967 sepultos

505 1992 685 2038 autem
722 1983 991 2048 refodere,
1021 1992 1076 2040 et
1117 1985 1307 2040 domos
1348 1997 1616 2051 evertere,
1651 1997 1706 2042 et
1754 2004 2075 2044 monumen-

504 2084 615 2129 tum
646 2089 806 2130 omne
834 2076 1072 2131 abolere.
1105 2074 1184 2131 Ita
1221 2078 1272 2132 in
1307 2093 1367 2134 se
1415 2078 1645 2132 invicem
1688 2090 1988 2147 armantur,
2024 2091 2079 2137 et

505 2166 748 2221 fallacias
770 2176 959 2222 texunt
984 2186 997 2222 :
1026 2185 1150 2224 cum
1198 2171 1415 2239 quidem
1463 2169 1772 2237 didicerint,
1800 2169 2075 2228 Christum

503 2273 608 2311 non
637 2260 804 2328 signis
828 2273 882 2314 et
906 2260 1202 2326 miraculis,
1233 2261 1329 2315 sed
1377 2261 1669 2318 dilectione
1694 2262 2070 2333 charitateque

504 2366 631 2407 suos
666 2362 883 2407 notasse
905 2352 1196 2417 discipulos
1224 2354 1290 2408 ⁸⁷.
1329 2353 1453 2410 Ilaec
1505 2354 1671 2424 igitur
1692 2355 1826 2410 mihi
1849 2355 2069 2425 quidem

504 2455 669 2495 causa
706 2455 827 2496 esse
882 2442 1114 2507 videtur,
1151 2458 1320 2512 quare
1378 2445 1541 2500 etiam
1593 2446 1799 2502 subditi
1843 2446 2077 2502 oﬂicium

503 2547 659 2587 suum
694 2547 799 2587 non
828 2532 1049 2589 faciant.
1079 2532 1196 2589 Non
1221 2536 1366 2590 enim
1393 2537 1625 2609 amplius
1653 2546 1907 2608 tanquam
1948 2552 2077 2608 erga

504 2624 752 2678 doctores
782 2624 1050 2696 discipuli,
1072 2628 1169 2681 sed
1206 2634 1463 2697 tanquam
1519 2630 1783 2686 adversus
1813 2631 2074 2686 condem-

505 2720 664 2769 natos
711 2715 925 2785 judices
981 2716 1159 2773 aﬂ‘ecti
1220 2729 1366 2785 sunt,
1423 2720 1793 2777 defensionem
1854 2737 2077 2777 suorum

502 2813 748 2875 {apsuum
777 2807 1045 2877 ignaviam
1080 2809 1387 2875 doctorum,
1412 2810 1704 2867 infeliciter
1733 2813 1809 2867 illi
1856 2812 2075 2882 quidem

2184 1895 2332 1962 μεῖον
2361 1892 2418 1944 δὲ
2448 1890 2595 1944 ἅπαν
2632 1889 2916 1959 ἀφανίσαι.
2946 1887 3131 1951 Οὕτως
3167 1891 3290 1942 κατ’
3330 1888 3576 1958 ἀλλήλων
3604 1890 3740 1942 bali-

2178 1984 2400 2049 ξονται,
2435 1984 2531 2036 καὶ
2578 1980 2827 2052 μηχανὰς
2886 1980 3198 2045 πλέκουσιν,
3240 1982 3290 2034 οἰ
3353 1981 3738 2051 μεμαθηκότες,

2177 2076 2259 2128 ὅτι
2290 2073 2391 2127 οὐκ
2416 2073 2524 2125 ἀπὸ
2547 2072 2793 2142 σημείων
2823 2073 2852 2125 ὀ
2882 2072 3120 2142 Χριστὸς
3143 2112 3159 2137 ,
3187 2072 3303 2125 ἀλλ’
3347 2073 3459 2127 ἀπὸ
3487 2073 3586 2142 τῆς
3620 2073 3741 2140 ἀγά-

2178 2185 2287 2237 πης
2314 2166 2440 2229 τοὺς
2473 2164 2709 2227 οἰκείους
2739 2163 3143 2234 ὲχαρακτήρισε
3174 2166 3454 2234 φοιτητὰς.
3480 2164 3578 2217 Διὰ
3594 2164 3736 2216 τοῦτο

2181 2254 2295 2323 οὖν,
2322 2255 2497 2328 οἶμαι,
2547 2256 2642 2308 καὶ
2683 2254 2752 2308 τά
2786 2253 2938 2324 παρά
2970 2254 3079 2307 τῶν
3108 2254 3367 2326 ὑπηκόων
3412 2255 3516 2323 οὐχ
3548 2254 3737 2307 ἕπεται.

2184 2350 2298 2403 Ούκ
2331 2347 2411 2401 ἔτι
2445 2346 2553 2417 γὰρ
2595 2346 2671 2409 ὡς
2720 2343 2858 2417 πρὸς
2888 2345 3172 2416 ύφηγητάς
3221 2346 3478 2414 φοιτηταὶ
3498 2384 3513 2403 ,
3547 2344 3654 2397 ἀλλ’
3676 2344 3741 2407 ὡς

2185 2443 2322 2514 πρὸς
2353 2440 2718 2511 κατακρίτους
2767 2438 3025 2492 δικασταὶ
3081 2438 3403 2500 διάκεινται,
3459 2436 3738 2505 ἀπολογίαν

2182 2534 2292 2588 τῶν
2317 2532 2531 2587 οἰκείων
2567 2530 2926 2601 πταισμάτων
2960 2530 3059 2600 τὴν
3087 2530 3197 2583 τῶν
3220 2529 3563 2584 διδασκάλων
3588 2528 3739 2599 ρᾳθυ-

2188 2626 2338 2696 μίαν,
2385 2624 2583 2686 ἀθλίως
2626 2623 2727 2692 μὲν
2775 2623 2873 2676 καὶ
2920 2621 3284 2693 ταλαιπώρως
3313 2663 3328 2687 ,
3378 2623 3531 2692 ὅμως
3580 2621 3622 2674 δ’
3656 2615 3739 2673 οὖν

2184 2716 2330 2787 ἔχειν
2359 2715 2616 2784 οἰόμενοι.
2651 2713 2717 2766 Τί
2750 2710 2843 2767 οὖν
2879 2712 3169 2782 ποιητέον;
3207 2714 3335 2783 φής.
3368 2714 3435 2765 Εἰ
3466 2712 3566 2783 μὲν
3596 2712 3737 2764 δυνα-

2181 2808 2294 2872 τὸν,
2323 2804 2640 2876 διορθωτέον
2664 2820 2679 2834 ο
2709 2804 2759 2856 εί
2792 2803 2850 2857 δὲ
2879 2802 2973 2875 μὴ,
3004 2803 3371 2872 ήσυχαστέον.

504 2914 570 2953 ac
602 2901 820 2967 misere,
849 2903 945 2957 sed
970 2909 1149 2957 tamen
1185 2917 1244 2957 se
1286 2903 1488 2959 habere
1527 2904 1922 2959 existimantes.
1948 2904 2088 2969 Quid
2131 2901 2294 2973 igitur
2322 2898 2627 2953 faciendum
2668 2895 2792 2951 est?
2853 2894 3056 2965 inquis.
3087 2894 3145 2949 Si
3187 2894 3408 2964 quidem
3437 2896 3491 2950 id
3519 2895 3627 2951 ﬁeri
3654 2907 3739 2962 po-

504 2990 843 3059 test,malum
875 2992 978 3047 hoc
1003 2993 1381 3062 corrigendum
1407 3011 1423 3049 :
1459 2994 1541 3049 sin
1576 2997 1773 3062 minus,
1800 2994 2193 3064 quiescenduin
2220 3001 2324 3046 est.

703 3103 989 3162 CXXXIV.
1006 3137 1075 3147 —
1094 3105 1375 3163 IIIERACI
1435 3107 1873 3166 CLARISSIMO.

575 3218 801 3288 Legales
851 3228 908 3274 et
952 3221 1281 3290 pr0pheticze
1353 3222 1615 3278 doctrina:
1677 3226 2079 3293 praeparatorite

506 3320 633 3364 sunt
666 3312 729 3364 ad
758 3325 950 3365 novam
1004 3321 1058 3365 et
1108 3314 1474 3383 evangelicam
1517 3296 1935 3383 philosophiam.
1976 3316 2081 3369 Illae

508 3402 648 3455 enim
685 3402 887 3468 manui,
923 3403 1036 3458 haec
1065 3418 1192 3459 vero
1222 3406 1405 3460 animo
1463 3406 1607 3475 leges
1654 3408 1851 3461 sancit.
1890 3408 1953 3461 Et
1976 3409 2081 3462 illae

505 3492 723 3560 quidem
769 3493 1057 3557 actionem,
1097 3495 1198 3548 ista
1230 3505 1409 3550 autem
1462 3498 1841 3566 cogitationem
1897 3499 2083 3566 dirigit

508 3593 561 3635 ct
594 3584 875 3651 gubernat.
911 3583 1015 3637 Illae
1036 3600 1270 3654 namque
1298 3588 1685 3654 grammatista:
1745 3604 1839 3643 seu
1875 3586 2081 3642 littera-

510 3673 761 3737 tori,hacc
789 3690 918 3729 vero
942 3689 1196 3744 supremo
1224 3676 1725 3747 perfectissinmque
1755 3680 2078 3748 philosopho

508 3767 785 3819 convenit.

803 3877 1065 3936 CXXXV.
1087 3878 1428 3936 —JACOBO
1471 3880 1786 3939 LECTORI.

512 3991 577 4045 In
602 3991 738 4045 illud
769 3990 965 4046 Christi
1014 3993 1237 4053 dictum,
1280 4010 1300 4043 ι
1344 3993 1447 4058 Qui
1474 3994 1657 4061 recipit
1700 3996 2004 4061 prophetam
2027 3997 2084 4050 in

579 4079 764 4116 nomen
780 4063 1065 4131 prop/181w,
1080 4064 1365 4117 mercedem
1382 4064 1648 4131 prapltetaz
1661 4067 1876 4133 accipiet
1898 4064 1965 4119 ³⁸.
1988 4085 2007 4119 ι

578 4174 732 4239 Illud,
752 4190 771 4225 ‹
797 4172 899 4239 Qui
924 4172 1113 4242 recipit
1139 4174 1455 4243 prophetam
1482 4174 1535 4228 in
1569 4190 1762 4232 nomen
1787 4177 2082 4245 prophetae,

509 4267 811 4321 mercedem
846 4266 1126 4335 prppheta:
1159 4266 1411 4335 accipiet,
1444 4284 1462 4317 ι
1513 4276 1572 4319 ut
1604 4267 1788 4335 paucis
1845 4267 2085 4336 comple-

510 4369 645 4419 ctar.
693 4358 797 4411 tale
826 4366 909 4411 est
935 4372 1040 4411 non
1076 4357 1123 4411 si
1150 4357 1292 4426 quis,
1311 4374 1341 4410 ο
1364 4357 1522 4424 bone,
1551 4357 1774 4413 alterius
1804 4359 2085 4428 cujusdam

2430 3103 2596 3160 PAA'.
2638 3132 2707 3144 ——
2745 3100 2982 3154 IEPAKI
3007 3098 3498 3170 ΛΑΜΠΡΟΤΑΤῼ.

2249 3221 2293 3273 Τ
2298 3219 2332 3274 ἀ
2362 3218 2564 3290 νομικὰ
2612 3217 2708 3271 καὶ
2738 3214 3055 3286 προφητικά
3096 3215 3397 3285 μαθήματα
3428 3210 3733 3283 προπαιδεύ⁴

2186 3313 2335 3383 ματὰ
2362 3313 2468 3364 εἱσι
2514 3309 2627 3378 (40)
2686 3310 2785 3379 τῆς
2824 3308 2951 3369 νέας
2986 3306 3083 3360 καὶ
3130 3304 3495 3373 εύαγγελικῆς
3546 3303 3735 3372 φιλοσο-

2181 3406 2330 3474 φίας.
2362 3404 2443 3457 Τὰ
2472 3403 2572 3473 μὲν
2603 3402 2710 3473 γὰρ
2734 3403 2799 3471 τῇ
2836 3400 3004 3470 χειρὶ,
3042 3401 3076 3469 ή
3106 3399 3164 3452 δὲ
3188 3402 3254 3468 τῇ
3286 3398 3432 3469 ψυχῇ
3462 3396 3732 3465 νομοθετεῖ.

2185 3499 2296 3550 Καὶ
2324 3496 2392 3552 τὰ
2422 3495 2522 3565 μὲν
2550 3493 2649 3565 τὴν
2680 3491 2902 3564 πρᾶξιν,
2935 3493 2968 3561 ή
2990 3491 3046 3544 δὲ
3075 3490 3174 3562 τὴν
3194 3489 3407 3543 ἔννοιαν
3430 3488 3623 3541 εὐθύνει
3649 3486 3733 3539 καὶ

2180 3587 2411 3650 οἰακίζει
2436 3603 2449 3616 ·
2482 3586 2550 3639 τὰ
2599 3585 2698 3656 μὲν
2751 3584 2861 3655 γὰρ
2903 3585 3298 3655 γραμματιστῇ
3328 3622 3343 3647 ,
3375 3581 3447 3636 τὰ
3481 3581 3536 3635 δὲ
3570 3582 3733 3650 ἀκρως

2182 3680 2457 3749 φιλοσόφῳ
2489 3679 2690 3733 ἔοικεν.

2395 3874 2564 3929 mea
2589 3904 2658 3915 -
2682 3875 2933 3946 ΙΑΚΩΒῼ
2963 3871 3380 3945 ΔΝΑΓΝΩΣΤῌ
3410 3874 3539 3941 (ιι).

2179 3988 2282 4051 Εἰς
2303 3986 2372 4039 τό
2391 4005 2402 4017 ·
2443 4007 2461 4037 ι
2507 3987 2561 4039 Ὁ
2587 3987 2913 4053 δεχόμενος
2946 3984 3265 4053 προφήτην
3285 3988 3373 4049 εἰς
3405 3985 3581 4053 ὄνομα
3609 4000 3728 4050 ,τρο-

2392 4056 2609 4126 φήτου,
2631 4057 2853 4126 μισθὸν
2872 4055 3185 4124 προφήτου
3210 4055 3492 4123 λήψεται.
3524 4074 3542 4105 ι

2255 4170 2352 4235 Τὸ,
2386 4188 2405 4222 ι
2454 4169 2513 4222 Ὀ
2534 4168 2821 4239 δεχόμενος
2841 4170 3131 4240 προφήτην
3157 4170 3237 4231 εἰς
3259 4168 3433 4237 ὄνομα
3460 4168 3727 4238 προφήτου,

2191 4260 2381 4333 μισθὸν
2413 4261 2692 4330 προφήτου
2729 4259 2997 4331 λήψεται,
3036 4279 3054 4311 ι
3089 4259 3165 4322 ὼς
3193 4261 3252 4313 ὲν
3285 4259 3551 4330 βραχέσι,
3578 4256 3727 4311 τοιοῦ-

2189 4354 2278 4406 τόν
2303 4354 2451 4406 ἐστιν
2470 4369 2483 4383 ·
2526 4353 2642 4405 Ούκ
2671 4351 2724 4404 εί
2748 4369 2852 4416 τις,
2881 4346 2926 4405 ὧ
2963 4351 3226 4421 βέλτιστε,
3254 4351 3379 4405 καθ’
3414 4351 3596 4421 ἑτέραν
3628 4348 3728 4401 τινά

511 4448 759 4503 utilitatis
788 4455 880 4501 aut
911 4456 1201 4517 praetextas
1232 4464 1395 4503 causa
1440 4448 1781 4504 honestatem
1829 4450 2080 4519 dignatur

2190 4443 2378 4514 χρείαν
2404 4442 2436 4513 ἢ
2458 4441 2732 4512 πρόφασιν
2754 4440 2922 4511 τιμῆς
2944 4439 3087 4504 ἀξιοῖ
3115 4439 3174 4492 τὸ
3208 4439 3393 4505 καλὸν,
3410 4441 3509 4511 ήδη
3538 4437 3621 4491 καὶ
3647 4437 3728 4505 τῆς

513 4543 717 4596 honore
736 4548 791 4595 et
819 4538 986 4605 cultu,
1008 4538 1119 4607 jam
1148 4540 1329 4594 statim
1374 4540 1539 4595 etiam
1573 4542 1758 4611 glori:e
1787 4542 1907 4611 ejus
1943 4558 2071 4612 par-

515 4633 685 4699 ticeps
720 4630 837 4695 ﬁet,
878 4645 999 4700 quae
1047 4629 1323 4684 honestati
1358 4631 1586 4686 debetur
1619 4647 1634 4686 :
1667 4634 1762 4688 sed
1793 4633 1840 4688 is
1869 4634 2088 4688 denmm

511 4723 678 4794 489
708 4721 920 4777 honesti
952 4720 1123 4792 gloria
1174 4721 1545 4786 decorabitur,
1574 4724 1664 4793 qui
1710 4726 1882 4794 ipsum
1918 4724 2087 4778 hune-

513 4822 656 4866 stutn
688 4821 906 4881 propter
939 4811 1115 4880 ipsum
1145 4811 1394 4866 coluerit.
1425 4814 1579 4869 Multi
1617 4815 1764 4871 enim
1795 4817 2085 4886 prophetas

515 4912 610 4959 aut
655 4903 833 4973 justus
894 4903 1104 4957 honore
1151 4900 1411 4969 alliciunt,
1447 4915 1541 4961 aut
1591 4917 1810 4977 propter
1862 4908 2087 4978 gloriam

586 5083 629 5116 "
662 5079 818 5137 Joan.
853 5096 975 5146 xm,
1005 5080 1096 5137 '55.
1174 5080 1221 5115 ⁸⁸
1255 5080 1449 5136 Matth.
1485 5080 1676 5147 $1,“.

2191 4534 2284 4588 τοῦ
2312 4533 2478 4588 καλοῦ
2513 4530 2727 4604 μεθέξει
2758 4530 2935 4603 δόξης·
2974 4532 3089 4585 ἀλλ’
3112 4534 3320 4594 ἐκεῖνος
3340 4529 3611 4601 τῷιάγαθῷ
3624 4543 3726 4580 owe

2192 4632 2624 4704 δοξασθήσεται,
2672 4630 2700 4683 ὀ
2750 4630 2912 4692 αὐτὸς
2960 4630 3021 4682 τὸ
3065 4629 3266 4697 ἀγαθὸν
3319 4628 3388 4681 δι’
3427 4626 3553 4680 αὐτὸ
3596 4621 3727 4676 τοῦτο

2190 4725 2443 4797 τιμήσας.
2477 4722 2667 4775 Πολλοὶ
2694 4720 2804 4793 γὰρ
2833 4721 3119 4793 προφήτας
3149 4720 3182 4790 ἢ
3233 4719 3479 4781 δικαίους
3506 4715 3726 4787 τιμῶσιν,

2191 4817 2225 4888 ἢ
2272 4815 2362 4870 διὰ
2401 4814 2560 4879 δόξαν
2605 4812 2977 4885 ἀνθρωπίνην,
3034 4812 3190 4883 ήδιά
3237 4810 3431 4882 κέρδος
3484 4804 3723 4878 βιωτικόν.

2192 4908 2313 4961 Εἰσὶ
2345 4906 2454 4980 γὰρ
2482 4906 2531 4960 οἳ
2555 4908 2666 4971 τοῖς
2700 4905 2769 4959 τὰ
2811 4903 3036 4959 τοιαῦτα
3066 4903 3469 4973 ἐπιτηδεύουσι,
3502 4898 3585 4953 καὶ
3612 4895 3725 4967 191';-

1615 5236 1845 5293 ἻΑΒΙᾹΞ
1880 5237 2266 5295 LECTIONES
2299 5234 2387 5293 ET
2426 5236 2661 5295 NOTAE.

591 5400 1437 5475 (58)-Κατερῤυθμῆσθαι-ιηιιωι
1462 5398 1516 5451 in
1558 5396 2092 5475 κατερρᾳθυμεῖσθαι

591 5420 705 5475 tam
737 5420 881 5456 λατε
927 5420 1021 5472 put)
1070 5420 1234 5471 ησυαι
1263 5420 1434 5454 mutat
1463 5420 1516 5451 In
1558 5420 1685 5451 κατε

522 5478 648 5529 rod.
680 5473 798 5527 Vat.
852 5420 977 5527 ego.
1024 5420 1177 5524 vers.
1226 5469 1261 5522 4
1310 5484 1396 5538 ep.
1423 5468 1565 5524 inter
1616 5468 1685 5521 πό

524 5546 665 5599 Idem
699 5545 888 5596 inserit
930 5543 1048 5612 μέν.
1082 5540 1305 5612 Possm.

600 5613 710 5683 (59)
750 5612 853 5667 Pro
892 5606 1235 5683 ἀποκηρῦξαι
1286 5608 1414 5683 legit
1454 5606 1594 5660 idem
1645 5607 1765 5683 cod.
1814 5607 2090 5683 ἀνορύξαι.

529 5676 829 5745 νει-είεειι.
864 5676 1173 5749 ἀνασκάψαι
1202 5689 1382 5749 mutat
1401 5678 1454 5730 in
1481 5676 1848 5749 κατασκᾲψαι.
1876 5676 1948 5749 In.

601 5732 727 5821 (id),
750 5732 989 5809 bibas;
1017 5732 1156 5806 idem
1186 5732 1308 5804 cod.
1344 5745 1465 5802 Vat.
1503 5748 1649 5817 legit,
1694 5732 1829 5800 ἐστι.
1876 5747 2029 5805 Vcrs.
2062 5748 2095 5800 5

2197 5398 2340 5469 χειρί
2374 5406 2544 5469 mutat
2574 5398 2627 5453 in
2660 5397 2847 5469 σαρκί,
2873 5406 2928 5452 et
2955 5412 3008 5453 ν.
3050 5397 3085 5452 5
3110 5410 3197 5466 ep.
3228 5396 3442 5450 εὐθύνει
3476 5388 3728 5469 breviatin

1719 5466 1849 5537 εμος
1876 5466 1942 5521 ἐι
1984 5468 2080 5537 γάρ

2199 5466 2386 5521 ἰθύνει.
2416 5466 2584 5539 γει-ε.
2632 5466 2835 5537 ρειιίιίι.
2882 5484 2968 5538 ep.
3001 5479 3122 5535 post
3164 5466 3555 5539 γραμματιστῇ
3587 5468 3729 5515 mutat

2195 5539 2334 5593 idem
2364 5538 2433 5590 τά
2473 5539 2523 5591 in
2636 5540 2709 5592 ID.

2268 5606 2380 5676 (Η)
2421 5596 2585 5662 Deest
2627 5606 2911 5677 inscriptio
2936 5608 2992 5664 in
3033 5607 3236 5675 Paris.,
3274 5608 3505 5663 sumitur
3526 5617 3586 5660 ex
3624 5596 3724 5653 cod.

2198 5677 2376 5735 Vatic.
2408 5678 2568 5734 Eon.
