3886 6420
134 400 241 466 1917
881 389 1419 453 EPISTOLARUM
1456 391 1603 451 LIB.
1646 390 1742 451 IV.

132 529 251 587 ματα
278 506 625 577 παρέχοντες,
658 501 752 566 οὓς
783 502 885 556 οὐκ
913 502 979 555 ἀν
1020 520 1105 566 τις
1134 501 1270 572 φαίη
1311 500 1502 572 μισθὸν
1532 518 1673 569 προσ.
1694 508 1739 561 Α

130 608 265 674 φήτου
296 597 605 667 λαμϐάνειν.
638 595 703 646 Εἰ
732 594 791 646 δέ
819 610 902 655 τις
930 595 1058 647 ἄνευ
1094 592 1206 645 τῶν
1240 590 1500 644 τοιούτων
1535 591 1663 642 ἐπι-

128 692 458 761 καλυμμάτων
485 688 661 757 γυμνῇ
696 687 763 756 τῇ
792 684 940 755 ψυχῇ
966 684 1102 754 πρὸς
1125 684 1186 737 τὸ
1216 683 1421 753 ἀγαθὸν
1450 681 1665 751 βλέπων

124 786 337 857 τιμήσεις.
364 782 490 843 τοὺς
533 779 759 847 ἁγίους,
809 778 839 831 ὁ
870 776 1116 842 τοιοῦτος
1166 777 1307 849 μετὰ
1338 777 1450 831 τῶν
1492 774 1664 845 ἁγίων

125 877 313 937 εἰκότως
341 869 856 941 συνδοξασθήσεται.

572 1152 761 1220 ΡΛς’.
795 1183 861 1193 -
883 1152 1163 1223 ΑΛΥΠΙῼ.

233 1244 355 1312 Πῶς
390 1243 430 1311 ἡ
458 1245 752 1310 ,βασιλεία
789 1244 907 1298 τῶν
932 1244 1207 1312 οὐρανῶν
1233 1242 1519 1308 βιάζεται.

173 1360 243 1414 Τὰ
264 1358 469 1413 ἔπαθλα
496 1358 721 1429 μείζονα
745 1358 874 1411 ὄντα
900 1358 1083 1429 πάσης
1110 1358 1460 1431 ἀνθρωπίνης
1486 1359 1663 1426 ἀξίας,

121 1455 199 1509 καὶ
222 1455 279 1506 ὲκ
304 1451 498 1506 πολλοῦ
537 1450 633 1505 τοῦ
666 1451 947 1523 περιόντος
981 1450 1080 1521 τὴν
1104 1452 1219 1514 τοῖς
1268 1451 1452 1515 πόνοις
1494 1469 1663 1523 χρεω-

121 1544 387 1617 στουμένην
407 1543 646 1615 ἀμοιϐὴν
668 1541 1067 1615 ὑπερϐαίνοντα
1090 1559 1102 1570 ·
1140 1543 1241 1596 οὐκ
1286 1542 1414 1607 ἄξια
1454 1542 1563 1614 γὰρ
1595 1543 1666 1597 τά

118 1640 380 1709 παθήματα
405 1637 503 1690 τοῦ
536 1636 633 1691 νῦν
664 1636 862 1707 καιροῦ
887 1636 1025 1709 πρὸς
1051 1638 1149 1707 τὴν
1181 1636 1484 1707 μέλλουσαν
1504 1636 1664 1702 δόξαν

116 1732 531 1802 ἀποκαλυφθῆναι
554 1733 633 1794 εἰς
656 1732 828 1801 ἡμᾶς,
849 1729 953 1801 ἔφη
984 1730 1045 1783 τὸ
1070 1730 1263 1794 σκεῦος
1279 1731 1377 1802 τῆς
1400 1730 1661 1801 ἐκλογῆςο

117 1824 191 1875 καὶ
212 1822 299 1892 τὴν
328 1820 623 1874 ἀσθένειαν
660 1819 763 1889 τῆς
792 1819 1010 1889 φύσεως
1058 1819 1395 1883 ἐκϐιάζεται.
1444 1820 1537 1874 Διὸ
1570 1820 1663 1873 καὶ
1694 1863 1737 1918 Β

116 1913 314 1985 appear
348 1933 367 1965 ι
415 1912 483 1966 Ἢ
510 1912 759 1983 βασιλεία
798 1913 908 1966 τῶν
949 1913 1192 1984 οὐρανῶν
1243 1913 1489 1985 βιάζεται
1523 1915 1660 1985 (ιῖ),

115 2004 190 2058 καὶ
212 2003 425 2074 βιασταὶ
467 2004 810 2076 ἁρπάζουσιν
842 2004 1036 2075 αὐτήν.
1078 2023 1097 2057 ι
1132 2005 1284 2057 Ποῖοι
1313 2004 1565 2073 βιασταί;
1598 2005 1662 2058 Ol

114 2094 162 2147 τὸ
183 2097 367 2147 οἰκεῖον
398 2095 563 2166 σῶμα
593 2095 894 2166 νηστείαις,
938 2095 1035 2148 καὶ
1078 2096 1424 2168 σωφροσύνῃ,
1460 2096 1556 2150 καὶ
1592 2098 1661 2167 τῇ

114 2188 225 2261 ἄλλῃ
248 2189 410 2259 ἀρετῇ
444 2186 832 2259 ἐκϐιαζόμενοι
862 2188 999 2259 (45),
1027 2190 1121 2242 καὶ
1146 2191 1259 2252 τοῖς
1282 2188 1376 2242 τοῦ
1413 2188 1660 2260 πνεύμα-

112 2298 185 2344 τος
214 2282 392 2351 νόμοις
419 2281 814 2346 ὑποτάξαντες,
850 2282 944 2335 καὶ
966 2282 1181 2353 εὐήνιον
1202 2282 1298 2336 καὶ
1322 2282 1662 2353 ὁρμητήριον

113 2375 285 2446 ἀρετῆς
305 2375 709 2445 ἀποφήναντες.

296 2488 460 2542 ΡΛΖ¹.
491 2518 559 2527 -
592 2488 823 2541 oPIoNt
860 2488 970 2559 (tt)
1006 2486 1437 2543 MUNAZONTI.

110 2580 197 2646 Είς
220 2578 280 2631 τὸ
307 2577 722 2649 γεγραμμένον
742 2595 757 2609 ·
801 2598 819 2629 ‹
852 2579 1129 2647 Φρόνιμοι
1158 2580 1239 2643 ὡς
1259 2581 1311 2631 οἱ
1341 2576 1528 2645 ὄφεις,
1564 2578 1663 2631 καί

414 2650 687 2718 ἀκέραιοι
711 2650 791 2714 ὡς
817 2653 876 2703 al
900 2653 1265 2719 περιστεραί.
1297 2667 1316 2700 ι

168 2759 237 2813 Τά
268 2759 691 2830 παραδείγματα
749 2761 848 2831 οὐχ
880 2760 1097 2815 ἅπαντα
1128 2761 1501 2832 λαμϐάνεται·
1539 2762 1663 2815 ἐπεὶ

109 2852 190 2904 οὐκ
218 2851 278 2905 ἂν
318 2852 403 2923 εἴη
453 2852 902 2923 παραδείγματα,
948 2854 1085 2909 ἀλλά
1134 2855 1419 2925 ταυτότης.
1457 2857 1519 2909 Ei
1554 2856 1663 2926 γὰρ

109 2947 185 3001 καὶ
208 2946 266 2999 τὸ
285 2947 551 3019 ἀκέραιον
580 2945 675 2998 καὶ
696 2946 1009 3015 ἁκακόηθες
1036 2946 1341 3019 προσέταξε
1376 2948 1663 3019 μιμεῖσθαι

110 3037 190 3107 τῆς
210 3040 564 3108 περιστερᾶς,
588 3037 726 3091 ἀλλά
744 3038 808 3091 τὸ
822 3037 1050 3108 ἀνόητον
1070 3040 1341 3094 ἐκκλίνειν
1357 3042 1497 3111 χρή·
1524 3041 1663 3112 ὅπερ

112 3132 211 3185 ἐστὶ
237 3130 296 3184 τὸ
321 3134 403 3196 είς
438 3130 689 3194 ἐκείνους
712 3131 1103 3201 καταφεύγειν,
1131 3132 1259 3195 τοὺς
1291 3132 1462 3203 θηρᾷν
1493 3149 1663 3186 σπου-

108 3221 359 3287 δάζοντας.
398 3224 465 3277 Ei
501 3223 616 3294 γὰρ
654 3223 750 3276 και
807 3222 883 3293 μὴ
923 3222 1185 3292 βλάπτειν
1218 3202 1509 3294 mam
1539 3222 1661 3275 οὐδὲ
1690 3202 1734 3260 C

106 3316 172 3377 εἰς
196 3316 301 3387 (45)
336 3316 407 3370 τά
452 3315 651 3386 καίρια
692 3315 1030 3385 βλάπτεσθαι
1064 3316 1368 3386 προσήκει·
1420 3315 1542 3367 οὐδὲ
1579 3315 1662 3381 είς

105 3406 318 3469 ἐκείνους
347 3407 591 3478 τρέχειν,
632 3401 707 3461 ὧν
742 3408 931 3480 κέρδος
979 3407 1237 3478 μέγιστον
1273 3410 1307 3478 ή
1348 3408 1660 3480 ἀπαλλαγή.

103 3499 155 3552 El
172 3500 221 3552 δὲ
248 3503 338 3555 καὶ
374 3499 688 3571 μαρτυρίαν
720 3499 895 3564 θέλεις
924 3500 1135 3571 ἐναργῆ
1161 3500 1345 3554 λαϐεῖν
1364 3500 1473 3554 τῶν
1504 3501 1663 3570 λεγο-

106 3590 279 3658 μένων,
326 3592 498 3646 ἄκουε
531 3590 629 3644 τοῦ
679 3593 961 3662 προφήτου
1020 3590 1305 3659 λέγοντος·
1355 3611 1375 3642 ι
1433 3592 1544 3644 Καὶ
1594 3586 1664 3662 ἦν

114 3682 331 3755 Ἐφραϊμ
357 3684 437 3748 ὡς
460 3683 766 3755 περιστερά
791 3684 969 3747 ἄνους,
998 3683 1098 3735 οὐκ
1137 3680 1336 3752 ἔχουσα
1373 3682 1657 3752 καρδίαν.»

105 3774 153 3826 Εἰ
179 3775 229 3827 δὲ
259 3776 353 3828 καὶ
406 3777 510 3845 τὴν
544 3775 725 3828 αἰτίαν
754 3773 967 3844 ζητεῖς,
1000 3774 1163 3840 εὐθὺς
1213 3774 1400 3837 αὐτὸς.
1432 3775 1663 3843 ἐπάγεισ

106 3883 122 3914 t
172 3865 440 3933 Αἴγυπτον
494 3864 855 3917 ἐπεκαλεῖτο·
905 3865 998 3917 καὶ
1047 3866 1126 3929 είς
1170 3864 1490 3936 Ἀσσυρίους
1535 3866 1666 3918 ἐπο-

104 3955 289 4023 ρεύετο.
327 3976 347 4007 ι
385 3956 515 4023 Δύο,
564 3957 752 4026 φησὶν,
786 3955 976 4023 ἐθνῶν,
1008 3956 1301 4028 τυραννίδα
1346 3956 1440 4011 καὶ
1489 3959 1666 4027 μῖσος,

103 4049 181 4099 ,ιαί
201 4049 437 4119 ἀρχαίαν
464 4051 768 4106 νοσούντων
788 4048 1122 4115 πλεονεξίαν,
1145 4049 1207 4103 τὸ
1235 4049 1332 4119 μὲν
1349 4050 1669 4103 ἐπεκαλεῖτο

102 4137 166 4199 είς
187 4136 457 4208 βοήθειαν·
479 4139 618 4210 πρὸς
633 4140 689 4194 δέ
705 4141 764 4192 τὸ
777 4140 1139 4209 καταφεύγων
1167 4138 1280 4211 (46)
1299 4140 1375 4203 ὡς
1392 4140 1667 4211 σωτηρίας

104 4229 423 4301 τευξόμενος.
451 4233 553 4297 Τίς
570 4228 683 4299 οὖν,
707 4234 861 4304 φησὶ,
879 4232 1071 4287 τούτου
1094 4233 1447 4304 ἁνοητότερος
1462 4233 1658 4301 γένοιτ’

102 4322 176 4388 ἂν,
198 4324 288 4378 τοῦ
318 4326 460 4398 πρὸς
488 4327 734 4390 ἐκείνους
774 4326 1054 4399 ὁρμῶντος
1092 4325 1221 4389 τοὺς
1249 4327 1347 4398 μὲν
1375 4326 1471 4398 τὴν
1506 4328 1672 4398 αἰχμ-

102 4414 321 4473 αλωσίαν
354 4418 527 4473 αὐτοῦ
555 4419 649 4473 καὶ
668 4419 769 4491 τήν
803 4419 1049 4474 δουλείαν
1075 4419 1551 4491 ὀνειροπολοῦντας
1574 4436 1589 4486 ;

1783 417 1850 425 -
1887 389 2125 450 EPIST.
2164 391 2539 451 CXXXVIII.
3216 390 3353 467 l218

1772 501 2081 565 humanam,
2104 510 2198 554 aut
2234 501 2366 555 lucri
2394 500 2623 569 alicujus
2653 498 2827 569 gratia
2882 499 2947 553 ad
2986 500 3128 554 hanc
3183 501 3348 557 vitam

1766 592 2142 647 redundantis.
2182 593 2320 647 Sunt
2347 593 2489 648 enim
2524 591 2615 662 qui
2645 592 2771 645 talia
2788 600 3065 657 exercent,
3093 603 3149 646 et
3186 608 3355 663 pecu-

1766 679 1886 735 nias
1941 681 2297 751 elargiuntur,
2341 696 2478 750 quos
2536 696 2695 735 nemo
2775 681 2992 745 dixerit,
3044 683 3350 737 mercedem

1764 772 2040 842 prophetae
2067 775 2334 842 accipere.
2372 772 2427 828 Si
2456 772 2579 843 quis
2609 784 2788 827 autem
2808 773 3014 843 absque
3040 773 3349 841 hujusmodi

1764 861 2084 917 velamentis
2112 864 2254 919 nuda
2277 864 2459 918 anima
2493 864 2561 918 ad
2589 865 2790 920 bonum
2821 865 2995 934 ipsum
3038 865 3351 933 respiciens

1766 964 1983 1011 sanctos
2002 956 2206 1012 honore
2229 954 2491 1023 all‘ecerit,
2522 956 2645 1013 talis
2696 972 2803 1012 una
2837 973 2959 1013 cum
2991 959 3197 1014 sanctis
3223 972 3341 1013 me-

1766 1044 1872 1100 rito
1906 1045 2077 1117 gloria
2105 1048 2437 1117 perfruetur.

2206 1157 2492 1214 CXXXVI.
2523 1159 2881 1218 —ALYPIO.

1908 1248 2184 1316 Quomodo
2206 1266 2423 1321 regnum
2453 1251 2703 1306 caelorum
2736 1255 2838 1307 vim
2872 1248 3113 1324 patiatur
3139 1256 3205 1309 ³³.
3264 1304 3267 1305 ν

1838 1360 2067 1417 Ρταειηία
2100 1362 2343 1433 (alterius
2375 1367 2519 1430 vitae,
2552 1369 2655 1436 piis
2696 1384 2724 1421 a
2754 1369 2862 1423 Deo
2893 1370 3191 1441 proposita)
3221 1386 3344 1426 cum

1766 1450 1876 1505 sint
1904 1453 2053 1505 omni
2091 1453 2322 1508 humana
2370 1456 2632 1526 dignitate
2664 1460 2892 1530 majora,
2924 1461 3347 1531 longissimeque

1766 1556 1982 1598 omnem
2033 1545 2315 1602 laboribus
2366 1549 2602 1603 debitam
2656 1554 3148 1609 remunerationem
3183 1569 3347 1610 exce-

1766 1637 1897 1699 dant
1921 1636 1969 1707 (ι
2006 1634 2121 1691 Non
2158 1639 2302 1693 enim
2334 1648 2462 1694 sunt
2500 1655 2659 1710 pares
2685 1644 2968 1712 passiones
3001 1643 3159 1713 hujus
3204 1654 3345 1700 tem-

1767 1727 1917 1797 poris
1965 1730 2036 1783 ad
2082 1729 2320 1785 futuram
2368 1732 2618 1801 gloriam,
2669 1748 2789 1803 qum
2840 1737 3172 1792 revelabitur
3217 1754 3345 1808 erga

1769 1834 1868 1874 nos
1889 1819 1958 1887 ⁸ο,
1988 1838 2010 1873 ι
2043 1820 2219 1891 inquit
2237 1838 2331 1877 vas
2354 1824 2653 1893 electionis)
2682 1844 2695 1881 :
2727 1828 2891 1881 etiam
2919 1828 3344 1884 imbecillitatem

1767 1920 1975 1967 natura:
2000 1922 2219 1983 cogunt.
2256 1914 2380 1969 Ideo
2417 1915 2680 1984 scriptum
2722 1926 2808 1972 est
2842 1935 2856 1971 :
2892 1937 2911 1970 ι
2954 1918 3197 1988 Regnum
3237 1934 3347 1975 cre-

1766 2002 1938 2059 lorum
1964 2004 2073 2059 vim
2095 2006 2300 2075 patitur
2322 2014 2376 2063 et
2403 2007 2622 2063 violenti
2651 2010 2869 2077 rapiunt
2901 2010 3048 2065 illud.
3086 2030 3106 2063 ι
3147 2012 3348 2078 Quales

1763 2095 2034 2152 violenti?
2068 2095 2170 2164 Qui
2216 2098 2495 2169 proprium
2526 2114 2726 2170 corpus
2757 2100 2982 2171 jejuniis
3035 2114 3091 2158 et
3140 2112 3347 2174 tempe-

1765 2190 1942 2243 rantia
1974 2190 2414 2260 abstinentiaque
2457 2201 2513 2248 et
2554 2194 2676 2248 aliis
2722 2195 3013 2251 virtutibus
3041 2207 3261 2266 cogunt,
3291 2207 3344 2252 et

1764 2276 1971 2348 legibus
2000 2279 2226 2350 spiritus
2250 2283 2618 2352 subjecerunt,
2658 2294 2710 2337 et
2752 2300 2979 2351 pronum
3021 2297 3184 2357 atque
3225 2289 3349 2343 obc-

1764 2369 1916 2426 diens
1944 2372 2264 2427 exercenda:
2294 2374 2473 2429 virtuti
2504 2375 2555 2429 id
2588 2378 2955 2431 reddiderunt.

2020 2484 2328 2540 CXXXVII.
2359 2517 2430 2527 —
2460 2486 2697 2543 ORIONI
2731 2488 3061 2545 MONACIIO
3084 2508 3096 2516 “

1766 2577 1835 2632 In
1867 2578 1925 2632 id
1952 2579 2092 2647 quod
2125 2580 2379 2648 scriptum
2420 2589 2497 2633 est
2546 2595 2567 2633 :
2619 2598 2639 2632 t
2703 2580 2993 2635 Prudenles
3044 2585 3181 2638 sicut
3228 2603 3341 2640 ser-

1967 2658 2172 2719 pentes,
2201 2662 2248 2704 et
2283 2652 2542 2719 simplices
2566 2652 2699 2704 sicut
2730 2654 2981 2707 columba:
3015 2654 3080 2708 “.
3126 2673 3144 2725 ι

1835 2760 2095 2831 Exempla
2124 2775 2232 2814 non
2255 2776 2351 2830 per
2370 2762 2551 2815 omnia
2582 2763 2906 2831 capiuntur:
2934 2764 3170 2835 alioquin
3198 2768 3343 2821 enim

1765 2870 1872 2910 non
1902 2864 2085 2909 essent
2107 2854 2351 2923 exempla
2371 2864 2424 2908 et
2449 2854 2854 2921 similitudines,
2879 2857 2972 2910 sed
3009 2871 3097 2912 res
3126 2860 3341 2914 eadem.

1764 2948 1875 3002 Etsi
1903 2948 2049 3002 enim
2089 2946 2490 3016 simplicitatem
2530 2957 2585 3002 ct
2614 2963 2824 3003 morum
2849 2949 3195 3017 probitatem,
3223 2967 3347 3021 qua:

1766 3041 1819 3096 in
1850 3038 2100 3095 columba
2132 3048 2234 3105 est,
2262 3038 2462 3093 imitari
2513 3054 2612 3095 nos
2658 3039 2820 3109 jussit
2856 3057 2869 3093 :
2909 3050 3085 3097 tamen
3131 3043 3344 3097 stolidi-

1769 3142 1931 3186 tatem
1986 3130 2229 3201 ejusdem
2282 3129 2466 3201 fttgere
2516 3141 2731 3200 oportet
2764 3153 2776 3186 :
2808 3132 2985 3201 qualis
3031 3143 3136 3199 est,
3189 3135 3344 3190 verbi

1766 3226 1959 3297 gratia,
2014 3221 2306 3293 confugere
2362 3223 2428 3276 ad
2500 3236 2615 3288 eos,
2665 3222 2757 3292 qtti
2814 3238 3009 3293 capere
3069 3235 3344 3294 satagunt.

1765 3314 2087 3383 Quanquam
2135 3313 2280 3368 enim
2337 3312 2532 3367 laedere
2583 3313 2854 3367 nemiuem
2886 3323 3123 3384 oportet,
3166 3324 3345 3371 tamen

1765 3422 1941 3478 neque
1988 3404 2175 3461 letales
2231 3405 2478 3475 accipere
2521 3404 2705 3475 plagas
2761 3405 2829 3459 ab
2882 3405 3003 3461 aliis
3050 3407 3344 3463 convenit:

1764 3513 1942 3569 neque
1989 3497 2056 3552 ad
2105 3510 2201 3551 eos
2242 3509 2483 3561 currere,
2523 3495 2720 3564 quibus
2776 3494 2995 3549 liberari
3048 3497 3347 3551 maximum

1764 3600 1847 3647 est
1897 3591 2128 3644 lucrum.
2187 3586 2340 3655 Quod
2393 3588 2438 3643 si
2496 3590 2659 3642 etiam
2717 3588 3090 3642 testimonium
3126 3590 3352 3644 evidens

1767 3700 1953 3739 eorum
1986 3697 2107 3753 quae
2139 3681 2274 3746 dixi,
2309 3682 2556 3749 accipere
2607 3680 2708 3744 vis,
2741 3682 2863 3735 audi
2894 3682 3236 3750 pr0phetam,
3270 3683 3352 3736 di-

1768 3784 1983 3830 centem
2010 3792 2023 3829 :
2053 3791 2073 3826 ι
2112 3773 2180 3828 Et
2203 3783 2322 3829 erat
2350 3772 2608 3843 Ephraim
2640 3783 2700 3827 ut
2734 3772 2984 3827 columba
3013 3787 3225 3838 amens,
3243 3789 3350 3829 non

1769 3868 1975 3923 habens
2005 3880 2100 3922 cor
2126 3864 2193 3920 δ’.
2243 3883 2263 3918 ι
2302 3864 2361 3919 Si
2392 3878 2523 3921 vero
2570 3878 2794 3919 causam
2832 3878 3047 3934 quoque
3093 3865 3351 3933 requiris,

1770 3959 1888 4028 ipse
1917 3973 2036 4013 eam
2064 3957 2247 4012 statim
2271 3954 2427 4011 allen
2455 3973 2470 4009 :
2500 3973 2520 4007 ‹
2550 3954 2841 4025 Egyptum
2869 3954 3179 4020 invocabat,
3202 3966 3256 4010 et
3284 3956 3353 4010 ad

1771 4050 2024 4122 Assyrios
2056 4048 2503 4118 proficiscebatur
2531 4045 2597 4101 “.
2632 4071 2653 4098 ι
2689 4046 2925 4100 Duarum
2971 4049 3235 4115 gentium,
3272 4057 3354 4116 ty-

1773 4144 2002 4198 rannide
2044 4150 2098 4196 et
2145 4140 2271 4196 odio
2305 4149 2362 4195 et
2393 4141 2615 4208 antiqua
2672 4138 2901 4192 avaritia
2955 4139 3357 4207 iniquitateque

1774 4234 2158 4295 laborantium,
2195 4232 2421 4287 alteram
2472 4232 2691 4301 quidem
2723 4230 2774 4283 in
2808 4228 3066 4283 auxilium
3117 4233 3354 4285 advoca-

1773 4329 1868 4383 hat
1899 4343 1913 4392 ;
1946 4324 2015 4380 ad
2048 4325 2274 4377 alteram
2305 4336 2431 4377 vero
2473 4320 2839 4389 confugiebat,
2875 4320 3032 4389 quasi
3070 4320 3245 4373 salute
3279 4320 3353 4374 ibi

1774 4418 2040 4488 potitura.
2070 4416 2204 4482 Quis
2258 4429 2411 4484 ergo,
2469 4413 2663 4482 inquit,
2725 4412 2827 4465 hoc
2878 4411 3183 4465 dementior
3236 4425 3359 4468 esse

1703 4539 1749 4595 ι)
1778 4509 1967 4579 possit,
1992 4508 2083 4575 qui
2111 4506 2175 4559 ad
2209 4520 2303 4560 eos
2335 4502 2598 4571 confugit,
2634 4503 2726 4573 qui
2781 4502 2945 4595 etiam
2976 4503 3354 4595 captivitatem

592 4707 770 4762 PAH'.
814 4736 870 4747 -
897 4705 1174 4778 ΑΛΥΠΙῼ.

240 4806 346 4871 Εις
372 4804 447 4858 τό
463 4818 478 4834 ’
519 4820 538 4854 ι
578 4802 677 4856 Ἐν
703 4798 783 4865 τῷ
805 4801 1012 4868 κόσμῳ
1034 4800 1245 4868 θλίψιν
1272 4797 1457 4863 ἕξετε.
1490 4816 1508 4849 ι

159 4918 237 4990 Τῇ
267 4918 450 4972 ἐλπίδι
472 4916 582 4970 τῶν
620 4915 921 4987 μελλόντων
944 4914 1181 4968 δίδοσθαι
1215 4913 1433 4982 ἀγαθῶν
1470 4914 1582 4975 τοῖς
1604 4910 1673 4965 τὰ

99 5010 324 5078 τρόπαια
366 5010 603 5080 στήσασι
632 5008 773 5060 κατά
800 5006 900 5076 τῆς
934 5005 1133 5068 κακίας
1174 5005 1400 5075 λαμπρά
1437 5002 1674 5067 ὁπλίζων

101 5102 307 5165 σαυτὸν,
348 5102 450 5155 καὶ
492 5098 883 5170 περιφράττων
915 5096 1099 5160 καλῶς
1130 5096 1418 5160 πάντοθεν,
1460 5096 1554 5150 καί⁵
1582 5095 1673 5148 εὑ-

99 5196 209 5260 χαίς
246 5193 412 5246 τοῦτο
453 5192 516 5246 τὸ
545 5192 725 5262 τεῖχος
779 5188 997 5260 ἰσχυρὸν
1042 5188 1493 5251 κατασκευάζων,
1530 5188 1669 5241 ἀπο-

1779 4610 1835 4656 et
1867 4599 2183 4655 servitutem
2228 4597 2397 4667 ipsius
2430 4595 2646 4650 assidue
2684 4593 3055 4649 meditantur?

2108 4710 2274 4784 (.90
2298 4706 2627 4765 cxxxvm.
2649 4738 2722 4749 —
2744 4706 3014 4762 ALYPIO.

1780 4805 1847 4862 In
1886 4806 2108 4871 dictum,
2161 4822 2181 4855 ι
2225 4802 2290 4856 In
2340 4802 2536 4854 mundo
2578 4800 2913 4870 aﬂlictioncm
2943 4799 3196 4853 habebitis
3227 4799 3293 4856 ⁸⁵.
3334 4820 3356 4852 ι

1854 4918 1964 4988 Spe
1989 4916 2255 4971 bonorum
2292 4912 2529 4977 illorum,
2564 4928 2685 4982 qua:
2719 4913 2992 4967 dabuntur
3019 4912 3106 4978 iis,
3134 4913 3223 4981 qui
3256 4922 3359 4966 tro-

1780 5025 1892 5081 paea
1926 5008 2204 5078 splendida
2244 5015 2434 5060 contra
2483 5006 2613 5060 vitia
2659 5005 2970 5071 statuerint,
3000 5004 3229 5074 teipsum
3266 5020 3358 5057 ar-

1784 5113 1960 5163 mans,
2010 5106 2064 5153 et
2117 5096 2357 5165 undique
2398 5096 2567 5167 probe
2608 5106 2660 5151 te
2709 5096 2982 5163 muniens,
3022 5104 3078 5149 et
3106 5094 3361 5165 precibus

1783 5189 1929 5243 hunc
1963 5202 2178 5241 murum
2212 5186 2426 5241 firmum
2471 5185 2735 5251 elliciens,
2773 5185 2972 5257 repelle
3005 5184 3238 5240 tristitia:
3270 5199 3355 5240 as-

165 5348 206 5379 "
232 5347 428 5403 Matth.
470 5362 548 5414 ιι,
585 5346 670 5401 12.
745 5343 792 5377 “
823 5342 981 5398 Rom.
1006 5358 1126 5407 vttt,
1164 5342 1253 5397 18.
1330 5343 1373 5373 δι
1408 5341 1596 5396 Matth.
1633 5358 1686 5405 κ,
1718 5340 1803 5396 l6.
1881 5340 1926 5373 δ’
1961 5339 2100 5396 Osee
2128 5356 2182 5407 v,
2206 5343 2259 5396 7.
2336 5341 2381 5373 "
2406 5341 2537 5397 ibid.
2613 5342 2661 5375 “
2678 5340 2838 5399 Joan.
2872 5357 2984 5407 XVI,
3015 5341 3107 5397 '55.

1232 5474 1467 5531 VARI.’E
1508 5472 1892 5530 LECTIONES
1923 5472 2011 5527 ET
2044 5464 2283 5528 NOTAE.

167 5624 279 5698 (42)
314 5623 467 5698 Haec,
494 5624 583 5677 Διὸ
620 5624 715 5678 καί
745 5638 917 5698 usque
962 5623 1029 5677 ad
1090 5619 1356 5698 βιάζεται,
1394 5620 1680 5698 omittebat

106 5692 187 5752 ed.
216 5696 421 5759 Paris.,
454 5698 623 5763 lapsu,
675 5704 736 5749 ut
763 5696 997 5759 videtur,
1038 5692 1356 5764 typographi
1386 5706 1547 5761 quem
1578 5692 1674 5747 dc-

106 5768 241 5834 cepit
276 5766 746 5820 homaeotcleuton.
783 5765 941 5819 Εοιτ.

173 5837 283 5903 (45)
314 5837 455 5892 Cod.
494 5836 632 5903 \"at.,
670 5835 1079 5903 ἐκϐιασάμενοι.
1101 5836 1317 5891 Possm.

1860 5618 1969 5689 (4'4)
2004 5620 2232 5689 ίἩρωνι,
2264 5618 2485 5683 Neroni,
2517 5622 2640 5675 cod.
2667 5620 2787 5675 Val.
2821 5619 2949 5675 650.
2972 5619 3054 5677 In.

1855 5690 1968 5761 (45)
2002 5688 2105 5761 Pro
2129 5691 2206 5761 είς
2236 5691 2373 5744 idem
2403 5689 2525 5761 cod.
2557 5691 2713 5761 πρός.
2732 5692 2828 5761 γΙι).

1856 5757 1967 5831 (46)
1992 5760 2123 5816 Cod.
2155 5757 2302 5828 Vah,
2329 5757 2679 5829 κατέφευγεν.
2726 5760 2932 5817 Possm.
