3886 6420
498 352 635 423 1219
1714 356 1775 417 S.
1816 357 2111 419 ISIDORI
2149 357 2589 420 PELUSIOT/E

3618 354 3743 422 1220

494 474 720 527 saltum.
746 468 883 525 Nam
938 469 1024 525 vel
1067 482 1389 540 generosum
1420 470 1660 526 animum
1702 474 1953 542 subigere
1981 489 2077 527 va-

2222 474 2378 545 ροὺου
2402 475 2503 543 τῆς
2518 474 2759 545 ἀθυμίας
2784 473 2918 547 (ιϐ’)
2947 474 3047 545 τὴν
3074 472 3284 544 ἔφοδον.
3320 472 3483 543 Δεινὴ
3513 473 3622 545 γάρ
3637 478 3746 531 ἐστι

494 564 590 630 let,
623 561 727 617 nisi
758 560 976 617 assidue
1000 560 1087 616 ille
1112 561 1164 615 in
1194 561 1523 632 cogitatione
1550 577 1875 620 coronarum
1907 580 2069 621 oecu-

2222 565 2268 616 ιὶ
2305 565 2561 632 γενναίαν
2585 563 2766 633 ψυχὴν
2797 562 3191 635 χειρώσασθαι,
3214 562 3280 615 ἂν
3324 562 3399 634 μὴ
3433 563 3525 615 διὰ
3557 566 3745 630 παντὸς

495 664 674 726 palus,
710 652 1025 709 toleraverit
1056 654 1281 709 adversa
1313 669 1379 708 ae
1408 654 1608 709 tristia.

2222 653 2353 723 ιείνη
2390 655 2516 718 τοὺς
2564 655 2866 724 στεφάνους
2917 654 3361 725 ὀνειροπολοῦσα,
3410 656 3661 728 ὑποφέρῃ
3686 661 3748 712 τὰ

2172 744 2411 815 λυπηρά.

849 853 1134 910 CXXXIX.
1146 854 1221 920 ξ-
1240 852 1328 907 ΤΗ
1339 850 1719 907 EOGNOSTO.

2603 858 2776 911 mea
2816 890 2882 899 —-
2911 859 3334 932 ΘΕΟΓΝΩΣΤῼ.

492 946 731 1022 Ιιιᾼίίιιιά
756 944 1070 1018 (Ezechielis
1104 945 1348 1022 dictum),
1377 963 1396 994 ι
1424 944 1511 1022 -Ει
1531 955 1634 1022 t‘u,_
1658 945 1703 1022 s_i
1743 943 2071 1022 prohibueris

2226 948 2279 1011 ίς
2302 950 2391 1022 ,τά
2408 966 2425 982 ο
2454 969 2471 1000 ι
2511 951 2623 1022 Καί
2654 951 2736 1004 σὺ
2767 952 2878 1004 ἐὰν
2905 950 3257 1022 διαστείιὶῃς
3286 951 3367 1017 τῷ
3397 953 3621 1022 ἀνόμῳ.
3658 954 3750 1006 καὶ

565 1014 972 1089 iniquum,_ne_c
1011 1031 1252 1089 reversus
1298 1014 1457 1082 fuerit
1501 1014 1565 1089 alr
1617 1014 1896 1083 iniquitate
1949 1030 2070 1089 sua,

2241 1017 2329 1087 μὴ
2360 1019 2715 1089 ἀναστρέψῃ
2741 1022 2857 1075 ἀπὸ
2888 1021 2997 1089 τῆς
3023 1014 3278 1089 ἀνομίας
3307 1014 3528 1087 αὐτοῦ,
3559 1014 3589 1075 ὀ
3621 1023 3751 1074 ἄνο-

565 1083 775 1156 iuiquus
798 1084 886 1138 ille
910 1086 975 1158 in
1003 1085 1280 1158 iniquitate
1310 1100 1406 1137 sua
1430 1083 1681 1137 morietur
1716 1097 1735 1137 :
1771 1094 1825 1137 at
1864 1093 1921 1137 tu
1950 1083 2066 1137 ani-

2241 1083 2357 1158 μσς
2381 1088 2451 1141 ἐν
2484 1083 2567 1155 τῇ
2602 1083 2824 1158 ἀνομίᾳ
2867 1083 3056 1145 αὑτοῦ
3088 1083 3516 1146 ἀᾶτοθὰνεῖταιέ
3570 1095 3646 1145 σὺ
3689 1092 3751 1144 δὲ

568 1152 708 1209 mam
732 1167 878 1209 tuam
900 1154 1145 1207 liberabis
1171 1152 1238 1204 ‘5.
1272 1171 1293 1205 ι

2242 1152 2364 1224 τὴν·
2400 1152 2614 1227 ψυχήν
2634 1152 2753 1213 σοι)
2774 1152 2960 1228 ῥύσῃ.
3008 1180 3025 1212 s

568 1266 1012 1336 Reprehensores
1043 1264 1301 1320 vitiorqu
1334 1279 1710 1332 saepenumero
1751 1264 1929 1320 solent
1972 1265 2073 1319 im~

2249 1269 2390 1334 Τοὺς
2435 1273 2763 1343 ὲπιτιμητὰς
2795 1274 2907 1343 (47)
2948 1274 3059 1328 τῶν
3106 1275 3317 1328 κακιῶν
3362 1292 3410 1329 οι
3477 1274 3747 1345 μοχθηροὶ,

498 1357 675 1427 probi,
708 1369 830 1410 eum
860 1364 987 1408 sunt
1015 1354 1219 1422 plures,
1244 1361 1300 1407 et
1326 1353 1465 1406 male
1493 1354 1561 1407 ab
1596 1355 1727 1423 ipsis
1767 1356 2073 1423 dissonent,

2222 1360 2402 1425 λείους
2432 1362 2602 1427 ὄντες,
2646 1365 2743 1417 καὶ
2769 1364 3083 1436 διηχοῦντες
3128 1368 3338 1430 κακῶς,
3379 1369 3749 1437 ἀποναρκῆσαι

502 1449 817 1517 languentes
851 1460 920 1499 ae
966 1445 1189 1515 ignavos
1236 1444 1464 1498 reddere
1492 1447 1783 1513 quominus
1824 1446 1992 1501 libere
2022 1448 2074 1500 iu

2222 1451 2449 1517 τολλάκις
2480 1457 2816 1525 πεποιήκασι
2840 1457 2979 1527 πρὸς
3012 1458 3073 1510 τὸ
3107 1458 3182 1529 μὴ
3210 1443 3277 1529 τῇ
3308 1460 3599 1529 παρρησίᾳ
3630 1458 3748 1510 ἀνα-

502 1540 632 1592 vitia
657 1538 981 1591 invehantur
1007 1550 1181 1603 caque
1209 1544 1575 1604 compescant.
1613 1534 1884 1591 Miscenda
1915 1537 2079 1606 igitur

2222 1542 2423 1597 τέλλειν
2448 1545 2519 1597 τὰ
2551 1546 2897 1617 πταίσματα.
2928 1549 3050 1619 Χρὴ
3081 1548 3372 1620 τοιγαροῦν
3409 1548 3666 1617 μιγνύναι
3690 1549 3747 1617 τῇ

501 1638 586 1682 est
604 1627 860 1681 comitate
883 1626 1111 1679 libertas
1136 1627 1640 1694 reprehensionum,
1665 1637 1718 1680 et
1753 1628 2075 1696 vituperium

2222 1634 2470 1704 ταρρησία
2501 1634 2601 1706 τὴν
2647 1638 3005 1708 προσήνειαν,
3044 1639 3138 1691 καὶ
3188 1637 3266 1707 τῷ
3320 1638 3534 1707 ἐλέγχῳ
3576 1638 3749 1705 κιρνᾷν

502 1718 769 1773 eharitate
843 1716 1273 1785 temperandum,
1333 1726 1495 1785 atque
1547 1716 1620 1769 ita
1680 1718 2079 1774 admonitiones

2222 1723 2279 1792 ὴν
2311 1724 2556 1795 ἀγάπην,
2589 1728 2683 1780 καὶ
2730 1728 2873 1781 οὕτω
2914 1728 3209 1784 νουθετεῖν.
3250 1729 3313 1781 Ei
3338 1728 3395 1781 δὲ
3425 1728 3555 1798 μηδ’
3590 1726 3746 1789 οὕτως

505 1808 821 1863 adhibenda:
851 1816 996 1861 sunt.
1020 1806 1175 1874 Quod
1226 1808 1270 1861 si
1312 1822 1379 1862 ne
1411 1808 1489 1861 sic
1522 1808 1740 1877 quidem
1771 1809 1845 1862 illi
1875 1812 2079 1865 utilita-

2222 1812 2528 1882 »φελοῦνται
2594 1817 2835 1881 ἐκεῖνοι,
2877 1817 3016 1872 ἀλλά
3073 1819 3169 1872 καὶ
3220 1818 3405 1881 κακῶς
3457 1814 3749 1887 ἀπαγορεὺ-

506 1908 611 1953 tem
648 1898 806 1951 ullam
850 1898 973 1952 inde
1005 1897 1331 1967 percipiunt,
1363 1896 1457 1951 sed
1498 1898 1721 1967 insuper
1745 1900 1909 1953 etiam
1934 1903 2079 1956 male

2222 1922 2338 1960 ειαν
2358 1905 2473 1976 (48)
2501 1909 2631 1972 τοὺς
2662 1910 2937 1979 μεγίστων
2968 1911 3248 1979 στεφάνων
3275 1909 3483 1975 ἀξίους,
3511 1910 3605 1960 καὶ
3634 1908 3750 1960 πάν-

506 1992 794 2061 repudiant
821 2005 885 2044 ae
927 1990 1217 2043 traducunt
1258 2004 1375 2054 eos,
1411 1989 1501 2057 qui
1556 1990 1805 2044 maximis
1863 1994 2080 2047 coronis

2222 2016 2294 2062 ως
2325 1999 2420 2053 καὶ
2453 2001 2606 2071 παρὰ
2631 2001 2768 2055 Θεοῦ
2796 2002 3312 2074 κηρυχθησομένους
3339 2005 3433 2056 καὶ
3461 2002 3613 2072 παρά
3651 2018 3749 2063 τοις

505 2085 650 2152 digni
686 2091 832 2146 sunt,
865 2081 1192 2150 omninoque
1219 2080 1382 2134 etiam
1412 2094 1442 2133 a
1475 2080 1582 2133 Deo
1604 2082 1892 2149 praeconiis
1927 2092 2079 2138 recte

2222 2095 2427 2156 υνετοῖς
2478 2095 2750 2166 ἀποδοχῆς
2780 2096 3256 2167 ἀξιωθησομένους
3311 2096 3463 2164 (49),
3508 2095 3749 2164 γενναίως

507 2175 777 2230 factorum
816 2172 1157 2227 oruabuutur
1215 2180 1272 2225 et
1324 2186 1353 2224 ει
1399 2170 1756 2241 prudentibus
1808 2188 2084 2229 commen-

2222 2184 2507 2254 >ερέτωσαν
2538 2189 2586 2240 oi
2638 2190 3010 2258 σωφρονισταὶ
3038 2188 3149 2241 τῶν
3194 2188 3403 2250 κακῶν,
3454 2187 3551 2238 καὶ
3578 2186 3749 2237 λυπεί-

504 2264 723 2318 datioue
779 2263 922 2331 digni
996 2261 1383 2328 iudicabuntur
1440 2281 1453 2316 :
1524 2275 1792 2330 generoso
1857 2279 2081 2333 magno-

2222 2273 2426 2339 θωσαν,
2467 2276 2542 2346 μὴ
2574 2277 2642 2330 τὰ
2670 2275 2797 2330 καθ’
2837 2278 3064 2340 ἑαυτοὺς
3104 2275 3437 2337 ἐννοοῦντες,
3473 2273 3553 2326 ὅτι
3606 2272 3749 2341 μηδὲν

503 2370 611 2425 que
640 2355 822 2407 animo
856 2353 907 2406 id
941 2351 1117 2406 ferant
1147 2352 1403 2405 vitiorum
1428 2351 1849 2419 reprehensores
1872 2365 1927 2408 et
1955 2369 2080 2410 eor-

2222 2379 2396 2434 τερον,
2424 2364 2456 2435 ἢ
2490 2366 2551 2418 τὸ
2577 2366 2757 2421 δοκεῖν
2804 2368 3031 2439 μιαροὺς
3071 2368 3445 2438 περιγέγονεν,
3484 2363 3598 2416 ἀλλ’
3627 2363 3749 2432 ὑπὲρ

506 2456 771 2509 rectores,
821 2456 886 2496 ac
940 2441 1181 2504 doleant,
1228 2458 1333 2497 non
1383 2442 1601 2512 quidem
1632 2457 1852 2496 suarum
1904 2459 2083 2499 rerum

2225 2453 2290 2523 ἦς
2310 2455 2535 2508 ἐκείνων
2560 2457 2890 2529 διαστροφῆς
2909 2458 3003 2512 καὶ
3032 2458 3249 2529 μανίας,
3268 2457 3351 2508 ὃτι
3379 2454 3577 2507 ἀνίατα
3598 2452 3749 2512 οὕτως

508 2533 947 2590 consideratione
972 2528 1132 2601 (nihil
1163 2530 1308 2585 enim
1337 2531 1481 2586 aliud
1519 2532 1652 2601 ipsis
1675 2532 1896 2597 accidit,
1922 2550 2082 2603 quam

2222 2545 2462 2611 οσοῦσιν,
2500 2548 2576 2611 ὡς
2605 2550 2700 2602 καὶ
2727 2551 2854 2612 τοὺς
2881 2551 3098 2621 ἰατροὺς
3124 2549 3484 2619 κακηγορεῖν.

504 2628 649 2699 quod
699 2627 950 2684 scelerati
981 2641 1046 2681 ac
1080 2622 1425 2679 detestabiles
1472 2624 1569 2678 visi
1611 2623 1738 2689 sint,
1768 2638 1891 2678 cum
1946 2625 2081 2682 tales

2222 2651 2308 2690 era
2339 2639 2561 2693 minime
2594 2641 2746 2707 sint),
2774 2642 2867 2696 sed
2898 2657 3061 2709 super
3135 2641 3347 2693 illorum
3413 2639 3749 2707 perversitate

504 2729 563 2777 et
600 2719 833 2786 insania,
859 2720 1002 2788 quod
1037 2718 1110 2772 ita
1146 2715 1538 2771 incurabilibus
1575 2716 1781 2770 morbis
1849 2716 2115 2787 laborent,
2155 2736 2214 2782 ιιι
2257 2732 2422 2785 etiam
2490 2734 2718 2788 medicis
2769 2735 2966 2803 probra
3018 2742 3179 2802 alque
3218 2731 3463 2785 εοηγίείε.
3500 2730 3743 2797 ingeram,

722 2832 879 2891 CXL.
901 2861 973 2875 —
996 2831 1387 2888 HARPOCBAS
1451 2829 1832 2887 SOPHIS’UE.

510 2928 585 2983 De
622 2928 843 2983 lectione
876 2942 1150 2982 sacrarum
1177 2923 1495 2979 Litterarum
1539 2924 1788 2994 adversus
1825 2941 2081 2994 paganos.

575 2999 655 3053 De
706 2999 881 3068 gratia
928 2997 1193 3068 divinitus
1228 2995 1609 3068 inspiratarum
1659 2993 2082 3065 Scripturarum,

576 3065 742 3139 deque
772 3067 1005 3121 utilitate
1030 3081 1095 3119 ea:
1114 3066 1220 3119 illis
1254 3065 1532 3131 capienda.

578 3178 777 3236 Eorum
801 3179 1043 3248 quidem,
1093 3177 1182 3246 qui
1226 3189 1354 3233 sunt
1393 3188 1543 3233 extra
1575 3178 1897 3245 Ecclesiam,
1928 3182 2083 3236 multi

509 3271 675 3327 multa
697 3269 989 3340 scripsere,
1023 3283 1143 3339 qua:
1178 3282 1277 3323 nec
1308 3267 1472 3322 ullum
1516 3269 1582 3323 iis
1627 3271 1718 3339 qui
1762 3284 1825 3324 ea
1855 3272 2088 3341 amplexi

508 3360 713 3417 fuerint
759 3357 1128 3422 commodum,
1164 3370 1339 3426 neque
1378 3356 1543 3410 ullum
1597 3372 1660 3412 ea
1712 3360 2090 3427 reSpuentibus

507 3455 763 3507 damnum
784 3448 1037 3504 aderunt.
1058 3448 1263 3503 Divina:
1281 3457 1456 3502 autem
1476 3448 1769 3518 Scriptura:
1785 3450 1851 3505 iis
1870 3452 2089 3521 quidem

508 3544 601 3614 qui
625 3542 788 3598 ﬁdem
824 3540 956 3610 ipsis
986 3538 1356 3605 adhibuerint,
1392 3538 1689 3593 maximqu
1722 3539 1970 3606 lucrum;
2004 3542 2089 3597 iu-

510 3633 748 3690 eredulis
785 3646 915 3688 vero
973 3645 1081 3686 non
1124 3629 1377 3701 exiguum
1413 3630 1631 3699 pariunt
1680 3633 2087 3690 detrimentum.

511 3726 592 3782 llli
613 3739 846 3796 namque
866 3721 1094 3794 gloriam
1119 3730 1400 3792 captantes
1426 3723 1728 3792 propriam,
1764 3723 1832 3779 ad
1851 3724 2090 3780 scriben-

513 3820 641 3875 dum
689 3830 809 3874 sese
846 3815 1197 3871 contulerunt
1245 3830 1261 3869 :
1302 3814 1385 3869 ha:
1423 3829 1555 3870 vero
1598 3815 1829 3872 salutem
1864 3818 2090 3873 audien-

515 3913 650 3967 tium
676 3918 801 3966 ante
837 3908 1026 3965 oculos
1061 3908 1284 3964 habent.

825 4021 1011 4078 CXLI.
1032 4050 1105 4064 -—
1124 4020 1423 4079 LEONTIO
1454 4021 1770 4080 DIACONO.

517 4116 695 4185 Quare
721 4113 806 4170 (ea:
832 4130 921 4169 eos
948 4115 1039 4185 qui
1065 4114 1212 4185 lepra
1238 4125 1328 4168 aut
1357 4115 1478 4168 aliis
1509 4117 1701 4169 morbis
1722 4115 2093 4170 involantariis

582 4186 916 4256 (aborabant,
955 4193 1107 4241 extra
1158 4199 1314 4240 sacra
1358 4194 1537 4239 castra
1606 4189 1926 4241 commorari
1953 4187 2092 4256 jus-

584 4256 716 4312 serit
743 4255 813 4311 “.

584 4371 781 4427 Malam
832 4369 1052 4441 quidem
1110 4377 1534 4440 temperaturam
1590 4384 1901 4443 corporum,
1929 4384 1985 4429 et
2024 4374 2092 4427 ad

515 4472 799 4534 aspectum
824 4462 1096 4518 deformes
1124 4461 1389 4525 morbosa
1410 4460 1623 4516 luxuria
1639 4471 1923 4531 parentum
1956 4463 2093 4516 mul-

517 4556 587 4609 tis
624 4554 915 4624 provenire
938 4553 1201 4609 credibile
1225 4564 1346 4619 est;
1382 4563 1439 4608 at
1472 4570 1577 4609 non
1604 4554 1764 4627 49],
1800 4554 1917 4610 vice
1941 4568 2097 4610 versa

518 4646 786 4701 luxuriam
821 4645 1104 4701 libidinum
1139 4646 1365 4700 omnino
1414 4661 1446 4701 a
1495 4646 1638 4702 malo
1676 4656 2102 4716 temperamento

518 4736 804 4794 exsistere.
835 4735 991 4807 (Nam
1028 4744 1211 4790 utrum
1240 4734 1486 4805 leprosos
1525 4746 1774 4806 procreet
1806 4736 2100 4805 leprosum,

518 4838 575 4883 et
599 4826 742 4881 lluxu
771 4825 1023 4881 laborans
1048 4826 1274 4881 seminis
1308 4827 1491 4896 gignat
1518 4827 1683 4881 etiam
1711 4824 2103 4889 seminilluum,

521 4928 675 4976 certo
703 4916 974 4972 allirmare
1007 4934 1113 4974 non
1144 4933 1368 4988 possum
1404 4934 1421 4984 ;
1466 4919 1609 4987 quod
1642 4928 1820 4973 autem
1851 4916 2103 4986 podagri-

594 5098 641 5131 “
666 5096 867 5154 Ezech.
888 5111 970 5164 ut,
1004 5096 1092 5152 l9.
1168 5096 1214 5128 “
1242 5094 1414 5152 Levii.
1446 5112 1567 5160 xm,
1599 5095 1687 5149 46.

2508 2850 2642 2903 PM’.
2670 2881 2739 2891 —
2774 2848 3102 2919 ΑΡΠΟΚΡᾼ
3143 2846 3452 2915 ΣΟΦΙΣΤῌ.

2190 2940 2334 3011 Περί
2383 2941 2817 3011 ἀναγνώσεως,
2876 2941 3027 2995 κατὰ
3081 2938 3415 3011 Ἑλλήνων.
3474 2932 3745 3011 Περι-τῆς

2261 3005 2651 3081 ἀάριτοςὶῶν
2688 3005 3108 3067 θεοπνεύστων
3126 3007 3404 3078 Γραφῶν,
3440 3007 3539 3060 καὶ
3567 3005 3669 3075 τῆς
3684 3006 3743 3067 ἐξ

2260 3080 2462 3135 αὐτῶν
2495 3082 2808 3151 ὠφελείας.

2265 3198 2389 3252 Τῶν
2441 3199 2541 3268 μὲν
2610 3197 2809 3265 ἔξωθεν
2865 3196 3050 3250 πολλοὶ
3103 3196 3274 3251 πολλὰ
3328 3197 3672 3267 γεγράφασιν,
3712 3191 3744 3246 ἃ.

2200 3292 2336 3360 μήτε
2370 3292 2484 3353 τοῖς
2512 3290 2816 3343 πεισθεῖσιν
2857 3290 3145 3359 ὠφέλειαν,
3179 3290 3318 3359 μήτε
3366 3290 3479 3350 τοῖς
3519 3286 3744 3357 ἀνηκόοις

2198 3380 2404 3451 ζημίαν
2433 3382 2590 3451 φέρει
2613 3397 2627 3411 ·
2655 3382 2711 3434 ai
2736 3380 2793 3434 δὲ
2816 3381 2957 3435 θεῖαι
2986 3383 3199 3454 Γραφαὶ
3224 3384 3339 3444 τοῖς
3375 3380 3473 3451 μὲν
3505 3377 3742 3431 πεισθεῖσι

2201 3471 2463 3541 μέγιστον
2497 3472 2709 3543 κέρδος,
2742 3475 2855 3536 τοῖς
2882 3474 2928 3526 δ’
2953 3474 3317 3543 ἀπειθήσασιν
3341 3472 3453 3543 (50)
3474 3472 3532 3524 οὐ
3563 3471 3742 3540 μικρὰν

2197 3562 2450 3615 ὠδίνουσι
2485 3563 2710 3634 βλάϐην.
2746 3565 2810 3617 Ol
2847 3564 2947 3635 μὲν
2987 3566 3097 3635 γὰρ
3133 3565 3291 3628 δόξαν
3326 3564 3618 3635 θηρώμενοι
3656 3578 3741 3629 γε·

2197 3652 2509 3723 γράφασιν⁹
2575 3655 2633 3709 αἱ
2674 3654 2732 3708 δὲ
2791 3654 2928 3725 πρὸς
2973 3654 3247 3726 σωτηρίαν
3301 3652 3416 3707 τῶν
3467 3652 3741 3706 ἀκουόντων

2197 3744 2414 3816 ὁρῶσιν.

2661 4029 2842 4081 PMA’.
2882 4056 2953 4068 —
2986 4027 3303 4097 ΛΕΟΝΤΙῼ.

2200 4116 2303 4171 Διὰ
2325 4117 2382 4169 τί
2407 4120 2439 4170 ό
2460 4118 2646 4186 νόμος
2678 4118 2821 4183 τοὺς
2860 4119 3212 4184 λεπρῶντας
3248 4118 3285 4182 ἢ
3311 4116 3555 4186 λέτέρους
3580 4112 3739 4186 νοσή-

2264 4202 2424 4255 ματα
2454 4182 2713 4241 ἀκούσια
2758 4182 3101 4253 νοσοῦιὲτας
3131 4187 3248 4251 ἔξω
3275 4182 3428 4240 εἶναι
3462 4186 3574 4239 τῶν
3596 4182 3741 4252 ιερῶν

2269 4257 2600 4325 περιϐόλων
2621 4257 3016 4325 προσέταξεν.

2270 4370 2384 4442 Τὴν
2416 4369 2515 4440 μὲν
2534 4369 2869 4440 δυσκρασίαν
2894 4371 3002 4422 τῶν
3028 4369 3318 4439 σωμάτων,
3350 4369 3445 4423 καὶ
3468 4372 3535 4423 τὰ
3559 4364 3741 4436 εἰδεχθῆ

2203 4463 2486 4531 νοσήματα
2532 4461 2641 4515 ἀπὸ
2683 4461 2957 4532 ἀκρασίας
2996 4461 3106 4514 τῶν
3156 4464 3360 4529 γονέων
3413 4462 3615 4523 πολλοῖς
3650 4458 3741 4525 (5i)

2203 4552 2523 4622 συμϐαίνειν
2555 4552 2702 4616 εἰκός
2724 4568 2737 4581 ·
2770 4553 2833 4605 οὐ
2864 4553 2971 4624 μὴν
3000 4553 3097 4624 τὴν
3129 4552 3400 4623 ἀκρασίαν
3435 4553 3639 4615 πάντως
3654 4551 3743 4601 ἀπὸ

2203 4643 2540 4715 δυσκρασίας
2576 4645 2645 4715 (εἰ
2691 4644 2791 4715 μὲν
2831 4644 2941 4715 γὰρ
2968 4644 3167 4716 λεπρὸς
3208 4645 3409 4715 λεπρὸν
3445 4644 3627 4705 τίκτει,
3668 4642 3744 4695 καὶ

2211 4736 2514 4808 γονορῤύης
2549 4737 2871 4808 γονορρύην,
2912 4737 3154 4807 ἀκριϐῶς
3183 4738 3285 4790 οὐκ
3320 4737 3431 4807 ἔχω
3462 4737 3656 4805 λέγειν·
3680 4736 3744 4786 ὅτι

2203 4830 2261 4884 δὲ
2289 4829 2553 4896 ποδαλγὸς
2582 4829 2849 4897 ποδαλγὸν
2873 4829 3047 4881 τίκτει
3067 4828 3266 4890 πάντες
3286 4827 3354 4880 ἂν
3385 4828 3745 4898 συμφήσαιενΓ

2206 4922 2283 4993 τῷ
2312 4922 2410 4992 μὲν
2440 4918 2533 4975 οὖν
2561 4919 2849 4991 νομοθέτῃ,
2884 4920 2960 4983 ὡς
2984 4915 3137 4988 οἶμαι
3168 4920 3253 4991 (οὐ
3281 4920 3393 4990 γὰρ
3424 4920 3528 4990 χρὴ
3548 4917 3749 4985 armeni-

1666 5245 1903 5302 VARUE
1944 5244 2333 5301 LECTIONES
2371 5244 2460 5313 ET
2497 5242 2725 5299 ΝΟΤᾸΕ.

592 5417 726 5488 (46⁸)
760 5415 1023 5487 Ἀθυμίας
1049 5414 1289 5488 augetiu
1340 5412 1620 5488 ῥᾳθυμίας
1652 5411 1773 5488 cod.
1822 5408 1946 5488 v.13.
1976 5408 2101 5473 630,

524 5478 755 5544 el‘ver's.
787 5478 1020 5551 ull.'pro
1060 5478 1306 5555 ὐτῖοφέρῃ
1341 5478 1540 5538 scribit
1591 5482 1859 5555 διαφέρῃ..
1890 5478 2100 5555 Possm.

596 5558 708 5628 (47)
738 5556 871 5628 Cod.
906 5550 1029 5611 Vat.
1054 5550 1639 5627 65οῘιὼὶπιτιμητάς
1697 5550 1888 5606 Scribit
1932 5551 2107 5601 ἐπιτι-

528 5626 817 5700 μηθέντας.
846 5626 922 5679 ln.
1188 5626 1197 5627 ’

534 5695 882 5819 “stitia-P120.
920 5694 1357 5768 ἀπαγορεύσειαν
1413 5694 1553 5750 idem
1610 5691 1729 5749 cod.
1788 5689 1915 5761 legit
1979 5691 2108 5761 ἀγο-

533 5784 762 5835 ρευοιεν.
804 5782 882 5822 ιι).

2283 5406 2407 5479 μθλ
2424 5405 2565 5479 Haec,
2594 5406 2690 5459 καὶ
2720 5407 2941 5479 παρὰ...
2971 5406 3449 5479 ἀξιωθησομένους
3482 5411 3687 5465 deerant
3712 5407 3756 5460 in

2210 5479 2341 5532 edit.
2379 5476 2579 5546 Paris.,
2602 5479 2697 5531 sed
2733 5476 2983 5546 leguntur
3014 5483 3066 5533 in
3098 5476 3285 5534 codice
3322 5479 3600 5535 Vaticano.
3623 5480 3755 5531 Eutr.

2281 5548 2392 5615 (50)
2428 5545 2533 5599 Pro
2559 5545 2925 5617 ἀπειθήσασιν
2959 5550 3078 5603 cod.
3114 5548 3234 5605 Vat.
3273 5550 3382 5604 650
3428 5553 3581 5605 habet
3624 5552 3756 5602 ἀπεε·

2211 5616 2380 5670 θέσιν.
2409 5616 2619 5670 Possm.

2286 5687 2398 5757 (51)
2424 5685 2556 5742 Cod.
2591 5686 2712 5741 Vat.
2742 5686 2848 5745 650
2876 5688 3091 5754 πολλοῖς
3114 5700 3287 5746 mutat
3320 5690 3375 5747 in
3398 5690 3660 5752 πολλάκις.
3690 5685 3751 5739 ID.

2153 5881 2275 5905 Ald“
