3886 6420
143 347 255 419 1221

972 345 1510 410 EPISTOLARUM
1546 349 1691 411 LIB.
1729 350 1828 414 IV.
1871 375 1939 386 -
1965 352 2204 414 EPIST.
2246 350 2444 413 CXLI.

3230 357 3366 422 1222

138 464 300 520 νεσθαι
343 460 473 532 περὶ
524 459 630 514 τῶν
670 458 908 530 ἀδήλων,
954 459 1091 513 ἀλλά
1139 461 1255 524 τοῖς
1298 461 1691 533 ἀκουσομένοις

1793 476 1890 519 cus
1918 465 2263 536 podagricum
2286 470 2561 536 procreet,
2584 477 2774 521 omnes
2798 467 3195 536 consentiunt.)
3219 470 3364 536 Quu-

139 555 432 625 ἐπιτρέπειν
473 552 570 623 τὴν
609 551 852 622 κρίσιν),
904 552 1033 620 περὶ
1075 551 1175 618 τῆς
1220 552 1490 622 ἀκρασίας
1544 549 1612 625 ἦν
1659 557 1689 609 ό

136 647 289 711 λόγος,
329 645 478 704 ὅπως
509 642 582 711 μὴ
606 642 663 692 ἐν
694 641 859 693 παντὶ
888 639 1067 710 καιρῷ
1090 639 1459 709 συνέρχοιντο,
1489 640 1564 704 ὡς
1588 642 1687 712 τῆς

140 733 319 805 βλάϐης
342 735 420 795 εἰς
446 734 517 786 τά
543 731 602 798 ἐξ
645 730 825 785 αὐτῶν
850 731 1230 801 τεχθησόμενα
1268 731 1684 803 διαϐησομένης.

139 831 242 880 Ὀτι
275 827 328 879 δὲ
349 826 452 879 οὐκ
481 825 594 880 ἔστι
631 824 791 878 τοῦτο
817 824 925 877 ἀπὸ
949 824 1175 887 σκοποῦ,
1203 825 1508 895 τεκμήριον
1548 825 1686 892 (52),

134 922 183 973 τὸ
214 920 331 981 τοὺς
376 918 679 986 ποδαλγοὺς
716 916 878 986 ἱερῶν
920 915 1224 986 περιϐόλων
1261 915 1338 987 μὴ
1381 915 1683 987 εἱρχθῆναι.

133 1014 185 1065 Ol
211 1013 300 1083 μὲν
327 1011 436 1083 γὰρ
464 1010 523 1077 ἐξ
552 1012 727 1081 ἀρχῆς
746 1008 904 1062 τοῦτο
933 1008 1261 1078 νοσήσαντες
1284 1008 1344 1060 τὸ
1370 1008 1562 1075 πάθος,
1587 1009 1686 1062 ούκ

135 1106 226 1159 ἀπὸ
249 1103 600 1174 δυσκρασίας,
630 1101 745 1155 ἀλλ’
774 1100 883 1154 ἀπὸ
912 1102 1158 1170 πονηρᾶς
1183 1099 1415 1171 διαίτης,
1441 1101 1535 1153 καὶ
1557 1118 1688 1170 τρυ-

134 1192 240 1261 φῆς,
279 1191 370 1242 καὶ
398 1188 679 1259 βλακείας,
708 1189 803 1241 καὶ
826 1188 1024 1257 ἀργίας
1049 1186 1197 1239 τοῦτ’
1233 1188 1531 1257 ἐσχήκασι⁶
1564 1187 1631 1241 δι’
1657 1188 1687 1242 ὃ

133 1284 212 1337 καὶ
233 1284 293 1335 δι’
322 1281 489 1335 αὐτοῦ
514 1280 891 1351 ἐκολάσθησαν
913 1295 928 1309 ο
947 1280 997 1333 oi.
1025 1279 1069 1331 δ’
1093 1279 1151 1345 ἐξ
1173 1279 1353 1332 αὐτῶν
1377 1280 1683 1349 τεχθέντες,

130 1378 213 1429 οὐκ
235 1373 582 1445 ἐκωλύθησαν
618 1372 779 1444 ἱερῶν
798 1372 1127 1442 κοινωνῆσαι
1154 1372 1409 1425 συνόδων.
1437 1372 1548 1442 Τῆς
1574 1372 1685 1443 γάρ

130 1465 456 1536 δυσκρασίας,
490 1464 608 1517 ἀλλ’
641 1464 705 1517 οὐ
739 1463 837 1533 τῆς
862 1463 1135 1532 ἀκρασίας
1166 1462 1274 1515 τῶν
1300 1464 1503 1531 γονέων
1527 1464 1686 1532 γεγό-

130 1574 262 1612 νασιν
300 1555 620 1624 ἀναγκαίως
664 1554 995 1625 κληρονόμοι
1016 1570 1030 1582 ’
1075 1555 1125 1607 οί
1169 1553 1226 1606 δὲ
1257 1553 1356 1623 τὴν
1390 1554 1685 1609 ἀκολασίαν

128 1650 219 1703 τῶν
244 1647 442 1716 γονέων
473 1647 533 1699 ἐν
565 1648 680 1709 τοῖς
710 1644 959 1715 σώμασιν
986 1643 1421 1715 ἀπομαξάμενοι,
1443 1643 1544 1697 ούκ
1566 1645 1687 1697 ἐκο-

128 1740 376 1809 λάσθησαν
399 1737 502 1807 μὲν
529 1736 626 1807 (ού
658 1736 765 1806 γὰρ
791 1735 1078 1788 ἐκέλευσεν
1100 1734 1296 1798 αὐτοὺς
1316 1734 1687 1803 καταλευσθῆ-

1792 558 1937 611 circa
1969 555 2263 627 legislator,
2294 566 2354 611 ut
2388 558 2519 611 mihi
2549 557 2766 627 quidem
2808 559 3023 614 videtur
3051 559 3182 631 (non
3216 563 3363 617 enim

1791 648 1858 702 de
1897 647 2060 702 rebus
2093 648 2342 703 obscuris
2368 651 2591 719 praecise
2621 648 2820 718 aliquid
2850 663 3167 706 asseverare
3199 666 3362 721 Opor-

1792 744 1890 802 tet,
1923 738 2017 793 sed
2052 737 2321 793 audituris
2351 739 2669 806 permittere
2692 738 2978 809 judicium)
3009 739 3238 796 sollicite
3268 757 3364 795 cu-

1791 830 1949 883 rabat
1972 829 2039 883 de
2065 827 2456 883 incontinentia
2484 827 2791 895 libidinum,
2814 843 2882 884 ne
2903 829 3096 898 quovis
3116 840 3362 899 tempore

1789 917 1843 970 in
1896 926 2094 971 caelum
2151 917 2502 972 convenirent
2557 916 2836 988 conjuges,
2877 929 2936 974 ut
2990 920 3081 989 qui
3139 921 3362 985 scirent,

1789 1023 1985 1062 noxam
2034 1010 2084 1062 in
2132 1024 2260 1064 suos
2296 1010 2493 1065 liberos
2554 1011 2928 1066 transituram.
2977 1011 3130 1079 Quod
3179 1020 3361 1069 autem

1789 1115 1894 1153 non
1927 1099 2150 1165 sithoc,
2202 1101 2345 1170 quod
2396 1100 2529 1167 dixi,
2582 1102 2958 1173 impertinens,
3003 1111 3098 1158 aut
3129 1118 3161 1159 a
3197 1119 3361 1176 scopo

1786 1190 2021 1254 aberret.
2054 1199 2376 1261 argumento
2424 1203 2529 1259 est,
2576 1194 2719 1262 quod
2768 1194 3044 1265 podagrici
3095 1210 3128 1249 a
3187 1199 3360 1253 sacris

1786 1284 1981 1338 castris
2023 1290 2079 1337 et
2126 1285 2484 1339 conventibus
2527 1300 2634 1340 non
2692 1296 3003 1343 arceantur.
3055 1287 3191 1343 Nam
3257 1290 3361 1359 ipsi

1785 1372 2023 1438 quidem,
2045 1375 2134 1440 qui
2165 1372 2233 1426 ab
2259 1372 2415 1428 initio
2445 1372 2520 1445 (et
2551 1375 2709 1444 primi
2756 1376 2811 1431 in
2857 1390 2955 1431 sua
3001 1376 3230 1449 familia)
3258 1379 3363 1435 hoc

1784 1464 1926 1515 malo
1957 1462 2205 1518 laborare
2228 1474 2531 1533 cmperunt,
2561 1481 2665 1519 non
2710 1468 2780 1521 ab
2836 1465 3039 1523 infelici
3089 1480 3362 1542 tempera-

1785 1560 1969 1606 mento
1995 1552 2161 1621 (quod
2191 1554 2329 1609 male
2357 1556 2468 1609 nati
2511 1554 2739 1627 essent),
2772 1557 2867 1612 sed
2917 1572 2949 1613 a
2991 1574 3156 1629 prava
3188 1562 3363 1619 victus

1784 1641 2018 1708 ratione,
2064 1653 2120 1699 et
2163 1643 2390 1711 deliciis,
2431 1655 2487 1701 et
2528 1645 2721 1702 inertia
2771 1658 2936 1720 atque
2992 1651 3205 1722 ignavia
3259 1656 3363 1712 hoc

1786 1741 2184 1787 contraxerunt
2226 1734 2413 1789 :unde
2453 1737 2616 1790 etiam
2661 1751 2756 1807 per
2785 1738 2839 1794 id
2876 1742 3051 1809 puniti
3082 1752 3228 1799 sunt.
3260 1744 3363 1812 Qui

127 1846 231 1883 ναι·
266 1828 562 1896 ἀϐούλητον
589 1827 698 1896 γὰρ
723 1822 792 1896 ἦν
829 1824 891 1878 τό
923 1824 1153 1894 πάθος),
1180 1824 1535 1894 ὴτιμώθησαν
1570 1824 1681 1897 (55)

1787 1835 1914 1875 vero
1929 1836 1995 1876 ex
2025 1822 2153 1893 ipsis
2172 1823 2284 1878 nati
2312 1834 2441 1879 sunt
2465 1825 2808 1896 (podagrici),
2834 1828 2871 1884 ii
2895 1832 3068 1887 sacris
3092 1832 3361 1891 interesse

127 1922 190 1985 δὲ,
210 1921 336 1991 πρὸς
363 1917 747 1999 σωφρονισμὸν
766 1916 875 1969 τῶν
897 1915 1188 1983 τεκόντων.
1217 1916 1280 1969 Et
1298 1915 1355 1969 δέ
1381 1932 1468 1979 τις
1486 1915 1679 1981 οἴεται,

127 2014 260 2066 τοῦτο
283 2017 356 2085 μὴ
385 2013 628 2081 εὐλόγως
655 2008 1133 2081 νενομοθετῆσθαι,
1162 2009 1216 2062 τί
1247 2009 1382 2081 φαίη
1415 2011 1543 2082 περὶ
1583 2010 1677 2064 τοῦ

129 2105 353 2170 θανάτου,
379 2104 470 2157 ὅτι
494 2103 625 2173 μιᾶς
646 2100 1046 2172 ἁμαρτησάσης
1078 2099 1245 2169 (φημὶ
1271 2099 1337 2170 δὴ
1361 2100 1459 2170 τῆς
1489 2099 1678 2170 Εὔας),

126 2195 227 2250 ὂλον
242 2195 299 2248 τὸ
324 2194 483 2264 γένος
502 2192 721 2262 θανάτῳ
740 2190 1065 2262 κατεκρίθη,
1099 2190 1276 2243 καίτοι
1302 2189 1514 2245 πολλῶν
1542 2190 1683 2243 εὐδο-

126 2285 479 2357 κιμησάντων,
498 2282 733 2345 καὶτοῖς
761 2280 1068 2351 πταίσμασι
1097 2281 1211 2344 τοῖς
1233 2282 1575 2351 προγονικοῖς
1604 2279 1680 2353 μὴ

124 2376 615 2446 ἁκολουθησάντωνς
657 2374 721 2427 Εί
851 2374 969 2426 ἐκεῖ
1008 2371 1110 2441 τῆς
1168 2372 1326 2444 ῥίζης
1376 2371 1682 2444 τεθνεώσης

125 2470 407 2537 ἀναγκαίως
430 2467 531 2520 καὶ
561 2468 611 2519 οἱ
641 2464 855 2525 κλάδοι,
886 2463 962 2526 ὡς
990 2463 1314 2535 κληρονόμοι
1337 2463 1436 2535 τῆς
1459 2463 1672 2532 ἀποφά-

126 2579 259 2628 σεως,
297 2559 727 2630 συναπήλαυσαν
754 2555 849 2609 τοῦ
890 2555 1128 2618 πάθως’
1173 2556 1226 2608 τί
1255 2555 1586 2625 θαυμαστὸν,
1632 2556 1680 2608 εί

125 2652 374 2706 κάνταῦθα
401 2650 492 2703 διὰ
519 2647 620 2720 τὴν
651 2645 808 2719 ῥίζαν
826 2647 855 2699 ό
875 2645 1070 2709 κλάδος
1090 2645 1363 2716 ἠτιμώθη,
1387 2645 1681 2717 παραπέμ-

126 2761 222 2796 πων
244 2740 555 2809 ἀναγκαίως
582 2739 676 2792 καὶ
705 2739 786 2801 είς
807 2737 905 2809 τὴν
932 2736 1090 2808 ῥίζαν
1112 2738 1172 2790 τὸ
1193 2737 1365 2801 πάθος
1388 2754 1403 2804 ;
1435 2736 1541 2790 Τοῦ
1571 2738 1679 2808 γὰρ

124 2833 468 2904 ἁτιμωθέντος
512 2831 710 2885 κλάδου
744 2832 809 2901 τῇ
857 2830 979 2900 ῥίζῃ
1031 2829 1133 2882 οὐκ
1161 2828 1398 2882 ἐλάττων
1427 2830 1460 2899 ἡ
1492 2828 1675 2898 ὀδύνη.

134 2927 185 2979 Ἦ
212 2926 311 2997 γάρ
364 2923 638 2995 εὐχομένη
690 2922 779 2974 τὸν
832 2921 1023 2975 κλάδον
1081 2921 1301 2991 ἄριστον
1357 2920 1504 2982 ἰδεῖν,
1553 2921 1680 2974 ὅταν

125 3017 376 3087 αἴσθηται,
412 3016 498 3068 ὃτι
545 3016 610 3066 ἐκ
646 3013 745 3083 τῆς
788 3011 958 3081 αὐτῆς
988 3009 1285 3073 ἀκολασίας
1314 3009 1374 3062 τὸ
1404 3008 1574 3072 πάθος
1602 3010 1683 3071 είς

126 3113 305 3164 ἐκεῖνον
338 3107 520 3178 διέϐη,
570 3104 808 3159 ἐνταῦθα
847 3103 945 3174 μὲν
976 3105 1091 3166 τοῖς
1134 3101 1354 3166 οἰκείοις
1398 3102 1682 3173 λογισμοῖς

124 3200 591 3270 καταικισθήσεται
610 3213 625 3227 ο
658 3197 838 3249 ἐκεῖσε
868 3194 925 3247 δὲ
954 3194 1049 3248 καὶ
1082 3196 1149 3266 τῇ
1182 3194 1383 3266 κρίσει.
1411 3194 1474 3247 Εἰ
1498 3193 1555 3247 δὲ
1586 3195 1681 3248 καὶ

125 3294 491 3364 προγινώσκων
551 3289 751 3351 αὐτοὺς
800 3288 828 3341 ὁ
880 3287 1012 3350 Θεὸς
1063 3288 1333 3357 πονηροὺς
1391 3286 1683 3357 ἐσομένους

124 3384 437 3454 προκατέσχε
469 3380 682 3443 τούτοις
708 3380 813 3442 τοῖς
843 3378 1083 3448 δεσμοῖς,
1129 3379 1223 3431 καὶ
1252 3376 1547 3447 ἐχαλίνωσε
1570 3380 1682 3441 τοῖς

126 3475 345 3536 πάθεσιν,
376 3472 623 3545 ἀκριϐῶς
653 3472 752 3525 οὐκ
778 3471 886 3541 ἔχω
919 3470 1096 3537 λέγειν
1115 3486 1128 3499 ’
1163 3471 1244 3524 ὅτι
1270 3471 1326 3523 δὲ
1357 3470 1449 3524 καὶ
1478 3471 1681 3539 στεφά-

125 3585 215 3619 νων
256 3567 470 3629 πολλοῖς
505 3566 621 3637 (54)
660 3564 810 3619 αἴτια
852 3563 1045 3632 γέγονε
1077 3562 1251 3615 ταῦτα
1282 3562 1353 3615 τὰ
1376 3566 1682 3634 νοσήματα,

126 3656 446 3729 θαρρούντως
476 3654 945 3726 διισχυρισαίμην.
978 3653 1041 3705 Ei
1075 3652 1132 3706 δέ
1170 3652 1329 3704 σκιάν
1358 3646 1502 3722 εἶχεν
1528 3654 1555 3705 ὁ
1594 3653 1683 3705 νό-

128 3767 210 3818 μος
254 3749 357 3803 τῶν
404 3748 713 3820 μελλόντων
743 3745 985 3815 ἀγαθῶν,
1019 3743 1114 3797 καὶ
1145 3744 1245 3797 οὐκ
1276 3744 1448 3812 αὐτὴν
1501 3746 1685 3799 εἰκόνα

124 3839 216 3891 τῶν
238 3839 601 3912 πραγμάτων,
645 3834 820 3907 οἶμαι,
854 3836 937 3890 ὅτι
974 3836 1073 3906 μὲν
1100 3834 1190 3887 διὰ
1220 3833 1315 3887 τοῦ
1347 3834 1550 3907 λεπροῦ
1592 3838 1684 3889 τὸν

124 3932 338 3985 ποικίλον
371 3931 469 3986 καὶ
501 3929 833 4000 κακοῦργον,
876 3927 966 3981 διὰ
1002 3928 1060 3980 δὲ
1090 3925 1185 3980 τοῦ
1213 3927 1558 3999 γονορῤυοῦς,
1591 3927 1685 3981 τὸν

124 4024 296 4093 πόρνον
325 4026 420 4077 καὶ
468 4023 564 4077 τὸν
591 4022 798 4093 ἀσελγῆ
818 4037 835 4054 ⁶
888 4020 978 4075 διὰ
1001 4021 1058 4074 δὲ
1096 4020 1191 4074 τοῦ
1224 4021 1555 4092 ἀκαθάρτου
1590 4020 1684 4074 ἐπὶ

121 4111 247 4182 ψυχῇ
273 4112 587 4184 ἀνθρώπου,
614 4111 860 4163 τουτέστι
888 4109 974 4162 διά
1003 4108 1099 4161 τοῦ
1140 4109 1449 4179 ἁπτομένου
1485 4108 1682 4181 νεκροῦ

1784 1912 2017 1968 coetibus
2048 1914 2274 1969 minime
2313 1916 2693 1985 prohibentur.
2730 1917 2865 1975 Nam
2921 1933 3206 1991 parentum
3234 1940 3366 1982 suo-

1787 2019 1908 2059 rum
1958 2004 2084 2060 mali
2127 2009 2567 2076 temperamenti,
2601 2024 2708 2064 non
2741 2021 2922 2067 autem
2954 2013 3365 2071 incontinentiae

1784 2083 2093 2166 libidinum,
2142 2103 2453 2157 necessario
2508 2105 2836 2161 exstiterunt
2894 2098 3159 2165 baeredés.
3194 2110 3364 2169 Alteri

1781 2203 1912 2245 vero
1960 2188 2076 2261 (qui
2127 2205 2193 2246 ex
2242 2201 2530 2261 parentum
2579 2194 2857 2252 luxurioso
2901 2202 3191 2256 concubitu
3250 2206 3364 2258 nati

1782 2282 1929 2350 sunt)
1984 2281 2223 2339 libidinis
2271 2293 2765 2364 parentummotas
2798 2288 2853 2342 in
2903 2291 3017 2346 suis
3046 2292 3368 2362 corporibus

1785 2374 2080 2444 impressas
2111 2375 2396 2443 habentes,
2428 2390 2534 2431 non
2560 2378 2778 2448 quidem
2815 2380 2988 2450 puniti
3013 2393 3141 2437 sunt
3163 2382 3368 2454 (neque

1781 2466 1925 2520 enim
1949 2465 2097 2535 ipsos
2122 2467 2391 2536 lapidibus
2416 2469 2572 2525 obrui
2610 2470 2796 2541 jussit,
2832 2473 2959 2542 quia
2993 2473 3194 2529 malum
3226 2474 3367 2545 ipsis

1782 2555 2093 2613 nolentibus
2162 2558 2514 2630 contigerat),
2575 2561 2869 2631 ignominia
2933 2573 3111 2621 tamen
3183 2565 3366 2622 allecti

1783 2658 1932 2712 sunt,
1964 2647 2128 2718 idque
2168 2648 2239 2704 ad
2279 2651 2717 2707 emendationem
2759 2665 3064 2724 parentum.
3106 2654 3261 2724 Quod
3318 2657 3366 2712 si

1782 2740 1904 2808 quis
1927 2749 2012 2794 est
2054 2740 2148 2809 qui
2201 2739 2284 2796 sic
2332 2742 2636 2809 existimat,
2670 2746 2775 2799 hoc
2803 2745 2949 2801 nulla
2982 2748 3119 2802 bona
3155 2749 3368 2804 ratione

1785 2828 2054 2883 sancitum
2098 2828 2288 2895 fuisse,
2319 2832 2449 2901 quid
2486 2832 2575 2889 ille
2609 2834 2809 2891 dixerit
2857 2837 2925 2892 de
2976 2848 3175 2905 morte,
3220 2840 3365 2909 quod

1782 2936 1907 2975 cum
1958 2936 2063 2975 una
2117 2923 2357 2992 peccarit
2409 2924 2611 2980 femina
2657 2926 2848 2999 (Evam
2897 2928 3162 3001 intelligo)
3195 2939 3366 2985 totum

1783 3028 1955 3084 genus
1985 3012 2308 3081 humanum,
2330 3016 2473 3086 quod
2500 3016 2568 3072 ab
2598 3031 2661 3072 ea
2686 3018 2982 3084 descendit,
3015 3029 3189 3077 morte
3214 3023 3366 3076 dam-

1787 3113 1971 3159 natum
2001 3114 2085 3160 est
2111 3145 2128 3173 ,
2164 3122 2289 3161 cum
2323 3117 2505 3164 tamen
2538 3109 2692 3163 multi
2737 3109 3079 3167 laudabiliter
3108 3114 3363 3175 vixerint,

1785 3209 1840 3255 et
1876 3206 2095 3270 peccata
2130 3200 2428 3270 primorum
2465 3212 2747 3270 parentum
2781 3218 2887 3258 non
2923 3202 3126 3260 fuerint
3154 3206 3369 3263 secuti?

1788 3289 1845 3345 Si
1880 3304 2009 3344 vero
2041 3289 2113 3344 ibi
2159 3289 2344 3343 radice
2385 3300 2597 3343 mortua
2632 3293 2941 3347 necessario
2991 3294 3157 3349 etiam
3206 3297 3364 3363 rami,

1788 3391 2042 3451 tanquam
2098 3381 2306 3436 scilicet
2353 3380 2596 3437 haeredes
2645 3384 2929 3438 sententiae
2987 3387 3363 3454 damnatoriaz,

1784 3474 2025 3542 ejusdem
2061 3473 2192 3528 mali
2229 3473 2521 3543 participes
2575 3476 2703 3530 facti
2752 3486 2879 3531 sunt
2912 3495 2925 3531 :
2961 3478 3089 3548 quid
3112 3488 3197 3534 est
3223 3481 3367 3551 quod

1787 3566 1921 3620 adeo
1942 3564 2221 3630 miremur,
2247 3563 2291 3619 si
2322 3564 2410 3619 hic
2433 3579 2648 3635 quoque
2670 3576 2891 3637 propter
2918 3569 3153 3624 radicem
3180 3585 3369 3627 ramus

1786 3655 2080 3726 ignominia
2118 3663 2335 3711 notatus
2383 3666 2488 3719 est,
2523 3657 2833 3712 necessario
2886 3660 3049 3714 etiam
3096 3660 3149 3714 in
3192 3662 3364 3731 ipsam

1786 3748 2022 3804 radicem
2054 3746 2110 3801 itl
2139 3747 2339 3800 malum
2388 3748 2803 3804 transmittens?
2836 3748 2971 3805 Nam
3011 3768 3164 3807 ramo
3197 3753 3366 3823 igno-

1785 3836 1949 3891 minia
1982 3833 2175 3890 affecto
2201 3849 2308 3889 non
2343 3837 2521 3890 minor
2563 3838 2805 3892 radicent
2848 3840 3124 3896 cruciatus
3156 3841 3364 3912 affligit.

1786 3930 1961 3985 Radix
1991 3928 2159 3995 enim,
2182 3944 2301 3999 quae
2324 3929 2375 3982 in
2398 3928 2541 3983 votis
2567 3929 2751 3995 habet,
2784 3946 2994 3985 ramum
3034 3947 3194 4001 quam
3223 3938 3367 4001 npti-

1787 4037 1933 4075 mum
1969 4019 2180 4084 videre,
2214 4019 2304 4073 ubi
2353 4019 2824 4085 animadverterit,
2852 4034 2918 4074 ex
2962 4036 3061 4077 sua
3103 4023 3367 4093 intempe-

1785 4112 1961 4166 rantia
1994 4111 2097 4167 hoc
2139 4110 2341 4165 malum
2373 4110 2426 4164 in
2458 4109 2633 4180 ipsum
2661 4112 2946 4167 transiisse
2988 4127 3052 4167 ac
3097 4129 3365 4184 propaga-

125 4203 372 4275 σώματος,
407 4204 501 4257 τὸν
526 4203 675 4274 ψυχῇ
718 4201 1109 4274 ἁμαρτανούσῃ
1139 4202 1560 4271 συμπράττοντα
1587 4202 1685 4254 καὶ⁹

129 4295 495 4366 συναιρόμενον
514 4310 531 4326 ’
563 4293 653 4347 διὰ
692 4293 750 4346 δὲ
779 4292 877 4345 τοῦ
926 4292 1274 4356 πενθοῦντος,
1305 4292 1398 4346 τὸν
1443 4294 1537 4345 ἐπὶ
1561 4297 1684 4358 ταῖς

1788 4215 1897 4258 tum
1934 4217 2074 4269 esse,
2113 4203 2165 4257 in
2219 4202 2473 4272 praesenti
2502 4202 2719 4271 quidem
2772 4204 2881 4257 vita
2937 4206 3175 4275 propriis
3222 4208 3369 4277 cogi-

1787 4294 2083 4348 tationibus
2120 4293 2307 4365 (animi
2346 4293 2487 4349 male
2517 4293 2621 4349 sibi
2651 4296 2880 4366 conscii)
2906 4296 3268 4363 lacerabitur;
3313 4305 3365 4354 in

129 4390 409 4458 συμφοραῖς
443 4385 694 4456 πενθήρη
723 4386 819 4440 καὶ
849 4385 1122 4457 θρηνώδη,
1155 4385 1256 4455 τῆς
1293 4385 1403 4438 τῶν
1434 4385 1683 4456 ἀμώμων

1787 4387 1957 4440 altero
2012 4394 2192 4440 autem
2235 4384 2433 4439 saeculo
2473 4384 2638 4440 etiam
2685 4385 2893 4451 judicio
2944 4387 3232 4457 allligetur.
3282 4393 3364 4446 An

127 4478 258 4549 ἱερᾶς
286 4480 508 4533 συνόδου
540 4479 639 4531 καὶ
682 4479 1015 4551 Ἐκκλησίας
1041 4476 1534 4548 ἐξοστρακισθῆναι
1564 4478 1685 4532 ἐθέ-

1789 4486 1969 4532 autem
2020 4477 2163 4533 Deus
2215 4478 2381 4531 etiant
2435 4479 2719 4548 praescius,
2748 4480 2895 4550 ipsos
2938 4480 3110 4537 malos
3157 4482 3370 4539 futuros

124 4584 312 4628 οπισεν.
1790 4584 1933 4633 esse,
1965 4569 2115 4623 hisce
2148 4569 2294 4624 velut
2327 4568 2559 4625 vinculis
2588 4570 2909 4640 quibusdam
2954 4584 3080 4628 ante
3108 4576 3371 4630 cohibue-

123 4664 199 4731 rit,
218 4682 276 4722 ac
299 4666 594 4722 refrenarit
642 4665 730 4721 his
772 4665 959 4731 malis,
987 4667 1054 4721 de
1083 4679 1150 4721 eo
1184 4665 1319 4722 nihil
1349 4666 1484 4722 certi
1544 4665 1717 4722 habeo
1788 4665 1990 4721 dicere.
2019 4664 2153 4719 Illud
2187 4676 2367 4719 autem
2419 4666 2757 4722 confidenter
2800 4669 3195 4735 contenderim,
3239 4671 3371 4725 tales

121 4759 319 4814 morbos
364 4763 555 4815 multis
586 4760 751 4816 etiam
784 4772 1108 4814 coronarum
1177 4772 1375 4812 causas
1422 4766 1513 4812 aut
1559 4757 1874 4811 occasiones
1905 4756 2233 4812 vexstitisse.
2259 4756 2412 4823 Quod
2467 4758 2512 4813 si
2553 4758 2639 4813 lex
2672 4758 2858 4830 (Paulo
2889 4763 3050 4831 teste)
3123 4762 3369 4816 umbram

122 4848 285 4907 habuit
310 4852 621 4908 futui-orum
647 4853 937 4916 bonorum,
966 4862 1022 4906 et
1051 4865 1157 4904 non
1202 4851 1376 4919 ipsam
1419 4850 1707 4918 imaginem
1751 4864 1952 4911 rerum,
1993 4856 2148 4917 puto,
2181 4848 2323 4917 quod
2364 4848 2463 4903 sub
2505 4864 2736 4918 persona
2786 4851 2983 4918 leprosi
3023 4853 3369 4921 designatum

123 4944 375 5003 hominem
406 4949 618 5003 vat-inm
650 4957 705 5002 et
765 4947 980 5000 vafrum
1032 4955 1195 5013 atque
1244 4945 1567 5007 malelicum,
1620 4959 1718 5013 per
1788 4943 2172 5009 seminil’luum,
2236 4953 2591 4999 scortatorem
2656 4956 2711 5000 et
2766 4948 3067 5016 impurum;
3123 4965 3219 5019 per
3271 4951 3373 5004 im-

123 5042 357 5093 mundum
409 5041 464 5093 in
503 5040 685 5093 anima
716 5038 976 5103 hominis,
1002 5036 1166 5108 492
1198 5038 1299 5092 hoc
1324 5046 1409 5091 est
1441 5052 1538 5105 per
1567 5051 1688 5090 eum
1728 5039 1817 5104 qui
1852 5037 2026 5105 tetigit
2053 5050 2252 5106 corpus
2314 5046 2611 5103 mortuum,
2640 5052 2763 5092 eum
2809 5041 2898 5108 qui
2950 5043 3185 5097 animam
3250 5058 3372 5113 pec-

124 5130 361 5184 catricem
405 5146 510 5197 ope
563 5140 619 5185 et
665 5130 870 5185 auxilio
903 5131 1162 5198 adjuvat;
1196 5132 1429 5199 denique
1464 5145 1558 5200 per
1604 5129 1896 5198 lugentem,
1963 5144 2084 5183 eum
2157 5128 2248 5199 qui
2293 5130 2359 5185 de
2398 5130 2800 5187 calamitatibus
2867 5135 2982 5188 suis
3014 5136 3269 5204 querulus
3316 5146 3373 5192 et

123 5216 439 5290 lacrytnosus
462 5231 570 5291 est,
600 5237 667 5277 ex
698 5238 857 5278 sacro
882 5232 1025 5278 caatu
1056 5223 1456 5294 inculpatorum
1512 5222 1814 5286 hominum,
1845 5233 1898 5276 et
1926 5221 1995 5276 ab
2025 5222 2265 5278 Ecclesia
2294 5224 2647 5280 exterminari
2681 5228 3021 5297 praeceperit.

1238 5421 1475 5478 VARLE
1512 5421 1895 5478 LECTIONES
1931 5422 2019 5476 ET
2055 5421 2291 5480 NOTZE.

184 5621 422 5698 (52)7Pro
468 5625 765 5698 τεκμήριον
807 5624 948 5681 idem
1001 5625 1124 5683 eod.
1155 5624 1280 5683 Vat.
1330 5628 1525 5690 scribit
1577 5646 1670 5683 τε-

126 5694 582 5779 κμηρίοιΡοδειηζ
1023 5768 1035 5780 ⁸

182 5762 284 5833 (οό)
320 5766 594 5839 Ἠτιμὼθη
633 5767 772 5824 Idem
806 5776 979 5824 mutat
1023 5784 1076 5823 tn
1114 5768 1456 5839 ἐτιμωρήθη.
1492 5767 1567 5822 lo.

1856 5631 1969 5703 (54)
2006 5632 2111 5687 Pro
2142 5631 2358 5695 πολλοῖς
2387 5632 2580 5686 iterum
2634 5631 2791 5702 ponit
2836 5632 3116 5701 πολλάκις,
3144 5642 3197 5690 et
3223 5647 3365 5691 vers.

1786 5702 1909 5759 inde
1938 5705 1972 5757 5
2007 5706 2147 5761 inter
2180 5704 2349 5775 αὑτήν
2384 5714 2439 5759 et
2466 5703 2647 5758 εἰκόνα
2682 5704 2869 5759 inserit
2898 5706 3017 5774 τήν.
