3886 6420
477 345 614 413 12:23
1706 354 1770 414 s.
1814 345 2107 414 iSIDORI
2145 341 2584 412 PELUSIOTE
3608 330 3725 423 1225.

791 458 998 516 CXLII.
1049 491 1116 498 ——
1161 452 1391 515 llELl/E
1427 460 1748 518 DlAC‘ONO.
2100 472 2144 529 Α

2100 472 2144 529 Α
2563 459 2748 514 PMB’.
2785 489 2854 498 —
2878 460 3047 531 ΗΛΙᾼ
3080 462 3404 534 ΔΙΑΚΟΝῼ.

650 569 715 623 In
747 571 900 635 illud,
929 592 948 621 ι
981 570 1043 623 In
1071 573 1328 640 principio
1358 584 1467 625 erat
1512 571 1733 626 Verbum
1760 574 1827 627 ιτ.
1869 593 1886 625 I

2432 573 2539 640 Εἰς
2566 574 2634 627 τό
2657 589 2670 602 ·
2710 592 2729 624 ι
2773 572 2877 627 Ἐν
2896 574 3054 643 ἀρχῇ
3083 570 3163 645 ἦν
3204 578 3239 629 ό
3276 576 3487 646 Λόγος.
3520 597 3538 632 I

543 682 731 738 Sacra:
780 681 1003 737 Littera:
1052 684 1313 753 temporis
1367 691 1649 752 expertem
1702 693 1758 739 et
1809 694 2067 740 aeternam

2241 686 2353 757 Τὴν
2375 686 2601 757 ἄχρονον
2629 683 2724 737 καὶ
2752 684 2926 737 ἀΐδιον
2956 685 3054 738 καὶ
3086 686 3467 756 ἀμεσίτευτον,
3496 691 3589 744 καὶ
3607 710 3727 749 παν-

472 785 637 843 atque
689 774 1086 841 immediatam,
1117 775 1376 845 omnique
1405 786 1461 828 et
1493 774 1741 829 oratione
1782 785 1838 830 et
1887 789 2006 829 men

2204 776 2260 840 ὸς
2292 776 2454 844 λόγου
2474 776 2567 829 καὶ
2594 774 2688 827 νοῦ
2720 775 3009 847 κρείττονα
3029 776 3256 845 πρόοδον
3277 777 3371 831 τοῦ
3394 780 3621 850 Χριστοῦ
3637 784 3734 854 (55)

477 866 817 934 superiorem
845 864 1050 921 Christi
1094 882 1124 919 a
1156 864 1322 921 Patre
1375 866 1817 936 progressionem
1878 881 2007 922 voca

2203 867 2280 920 ,πδ
2315 867 2551 938 Πατρὸς,
2591 866 2845 935 γέννησιν
2879 864 3138 918 καλοῦσιν
3172 867 3229 918 αἱ
3282 867 3519 938 Γραφαὶ,
3550 873 3640 942 οὐχ
3664 875 3737 928 ἵνα

471 959 906 1026 generationem,
938 974 1047 1015 non
1079 967 1135 1012 ut
1167 961 1572 1029 perpessionem
1610 958 1846 1028 aliquam
1876 960 2000 1013 adut

2203 959 2346 1022 πάθος
2376 957 2793 1030 ὑπογράψωσιν,
2824 957 2939 1009 ἀλλ’
2962 958 3050 1011 ἵνα
3067 958 3129 1010 τὸ
3148 959 3438 1028 ὀμοούσιον
3468 964 3737 1035 στήσωσιν.

470 1053 652 1116 brent,
698 1053 792 1107 sed
825 1062 883 1107 ut
934 1054 1209 1117 essentiae,
1264 1061 1323 1107 ut
1360 1053 1440 1108 sic
1489 1052 1703 1122 loquar,
1732 1053 2004 1109 identitate

2204 1050 2488 1122 Ομοούσια
2533 1050 2641 1123 γὰρ
2672 1049 2751 1121 τῷ
2790 1050 2905 1103 ὄντι
2931 1050 3000 1103 τὰ
3032 1052 3336 1123 τικτόμενα
3384 1058 3499 1119 τοῖς
3543 1058 3738 1111 τίκτου-

472 1151 741 1199 statuant.
772 1143 907 1199 Nam
941 1160 1065 1213 qua:
1094 1147 1390 1214 gignuntur
1440 1158 1635 1199 revera
1660 1145 1906 1199 eamdem
1947 1160 2006 1200 cu

2214 1161 2260 1195 ιν
2301 1142 2439 1212 (56).
2488 1142 2608 1195 Ἵνα
2641 1141 2701 1194 δέ
2752 1143 2827 1212 μὴ
2873 1142 3140 1215 νεώτερον
3182 1145 3545 1218 ἐπινοηθείη,
3593 1168 3610 1201 ι
3664 1152 3739 1204 Ἐν

477 1233 827 1303 gignentibus
852 1238 1146 1290 essentiam
1184 1236 1408 1291 habent.
1440 1236 1547 1292 Sed
1580 1252 1647 1291 ne
1679 1238 1950 1293 recentius
1981 1254 2008 1291 a

2206 1238 2315 1307 ρχῇ
2346 1229 2414 1306 ἦν
2474 1235 2503 1287 ὁ
2541 1234 2747 1302 Λόγος,
2788 1254 2807 1285 ο
2855 1235 3041 1303 φασίν.
3092 1231 3229 1288 Εἶτα
3283 1240 3380 1291 καὶ
3432 1239 3530 1309 τὴν
3576 1242 3740 1310 σχέσιν

471 1330 747 1398 posterius
791 1329 920 1399 quid
962 1329 1105 1385 forte
1144 1331 1417 1400 cogitetur
1449 1348 1463 1385 :
1504 1348 1523 1381 σ
1560 1330 1616 1384 ln
1650 1330 1957 1401 'principio,
1987 1331 2000 1385 i

2205 1325 2511 1397 ;ηρύττουσι
2535 1324 2636 1395 τὴν
2669 1324 2808 1395 πρὸς
2834 1325 2927 1379 τὸν
2960 1326 3208 1399 Hart-Spw
3246 1347 3265 1379 ι
3312 1330 3410 1381 καὶ
3439 1330 3467 1382 ὁ
3502 1331 3659 1399 Λόγος
3681 1328 3739 1403 ἦν

472 1424 694 1492 quiunt,
725 1434 842 1478 erat
892 1422 1153 1479 Verbum.
1195 1441 1213 1473 ›
1254 1422 1462 1477 Deinde
1511 1424 1676 1476 etiam
1718 1424 1959 1493 ejusdem
1997 1438 2006 1474 ε

2206 1419 2315 1490 ;ρὸς
2344 1417 2435 1472 τὸν
2456 1418 2612 1472 Θεόν.
2652 1436 2669 1469 I
2696 1414 2830 1473 Εἶτα
2858 1420 2952 1473 καὶ
2976 1419 3075 1491 τὴν
3106 1421 3296 1486 ἀξίαν
3344 1442 3364 1474 ι
3398 1425 3510 1476 Καὶ
3543 1425 3663 1488 Θεὸς
3683 1422 3740 1496 ἦν

471 1514 687 1570 Patrem
731 1515 1101 1571 habitudinem
1138 1515 1457 1582 praedicant,
1505 1530 1628 1569 cum
1679 1515 1876 1568 aiunt:
1931 1531 1952 1565 ι

2237 1513 2429 1580 Λόγοςι
2470 1530 2489 1563 I
2542 1511 2639 1565 Ἐκ
2684 1510 2783 1581 μὲν
2810 1512 2906 1564 τοῦ
2954 1512 3083 1567 Υἱοῦ
3130 1514 3193 1567 τὸ
3232 1516 3555 1586 ὁμοούσιον·
3598 1520 3657 1571 ἐκ
3692 1520 3739 1572 δὲ

480 1606 717 1661 Verbum
751 1619 869 1662 erat
899 1611 1037 1676 apud
1067 1606 1258 1660 Deum.
1291 1626 1311 1657 ι
1349 1606 1598 1660 Pes-Iliam
1630 1618 1685 1661 et
1712 1606 2014 1676 dignitatem

2206 1603 2267 1657 οῦ
2308 1603 2487 1671 Λόγου
2515 1601 2578 1656 τὸ
2616 1594 2865 1666 ἀπαθές·
2897 1604 2962 1657 ἐκ
2988 1604 3049 1657 δὲ
3086 1604 3182 1657 τοῦ
3226 1608 3284 1659 ἐν
3340 1608 3485 1679 ἀρχῇ
3518 1602 3665 1673 εἶναι,
3690 1613 3740 1664 τὸ

480 1719 498 1749 ε
538 1699 603 1753 Et
633 1698 775 1753 Deus
826 1707 949 1753 erat
980 1696 1240 1754 Verbum.
1292 1717 1311 1749 ι
1367 1697 1548 1763 Quare
1595 1712 1661 1751 cx
1716 1697 2014 1767 appellalim

2203 1697 2452 1750 τυναῖδιον
2471 1713 2483 1726 ·
2516 1699 2582 1749 ἐκ
2618 1695 2677 1749 δὲ
2713 1695 2809 1749 τοῦ
2839 1696 2976 1767 πρὸς
2999 1698 3092 1751 τὸν
3125 1698 3260 1752 Θεὸν
3288 1695 3455 1766 εἶναι,
3500 1702 3597 1772 τὴν
3618 1704 3737 1773 πρὸς

476 1787 596 1842 Filii
632 1790 875 1843 eamdem
929 1790 1218 1843 essentiam
1255 1806 1270 1845 :
1314 1804 1381 1843 ex
1441 1788 1623 1843 Verbo
1668 1788 2010 1857 generatione

2207 1791 2265 1843 ον
2301 1788 2523 1859 Πατέρα
2555 1787 2896 1859 οἱκειότητα’
2931 1789 3020 1843 διὰ
3060 1790 3120 1843 δέ
3161 1790 3257 1844 τοῦ
3297 1791 3435 1845 Θεὸν
3479 1787 3628 1855 εἶναι,
3656 1795 3740 1865 τὴν

476 1879 841 1947 perpessionis
887 1889 1219 1948 expertem;
1252 1895 1315 1934 ex
1346 1896 1411 1934 eo
1443 1896 1607 1951 porro
1632 1880 1776 1949 quod
1818 1879 1986 1935 fuerit

2203 1878 2336 1942 ιξίαν
2363 1851 2529 1929 αὑτοῦ
2558 1851 3001 1946 καταμαθόντες·
3030 1878 3126 1931 καὶ
3149 1879 3209 1945 ἐξ
3236 1880 3476 1934 ἑκάστου

473 1972 763 2041 principio,
792 1974 1038 2027 eamdem
1098 1974 1460 2027 azternitatem
1503 1990 1518 2039 ;
1581 1973 1814 2041 denique
1864 1987 1932 2026 ex
1981 1987 2007 2024 e

2202 1970 2237 2023 ’ὸ
2264 1968 2539 2039 ἐφορμοῦν
2565 1968 2813 2040 ἀπρεπὲς
2836 1969 3299 2041 ἀποπεμψάμενοι
3320 1990 3334 2004 ·
3354 1968 3491 2037 οἷον,
3523 1973 3624 2027 ἀπὸ
3652 1974 3736 2044 μὲν

474 2065 618 2133 quod
648 2064 818 2121 fuerit
841 2068 980 2135 apud
1011 2068 1201 2132 Deum,
1234 2067 1676 2136 conjunctionem
1702 2081 1823 2119 cum
1856 2062 2008 2118 Patre

2202 2059 2271 2114 of:
2311 2060 2445 2113 Υἱοῦ
2471 2061 2533 2113 τὸ
2571 2060 2859 2133 νεώτερον,
2886 2062 2995 2115 ἀπὸ
3032 2063 3091 2116 δὲ
3118 2063 3213 2116 τοῦ
3267 2064 3451 2133 Λόγου
3478 2066 3539 2117 τὸ
3561 2067 3736 2118 ἀνυπό-

473 2173 543 2211 ex
583 2173 648 2213 eo
694 2174 826 2214 vero
860 2159 1004 2227 quod
1039 2159 1177 2213 Deus
1213 2160 1303 2222 sit,
1341 2159 1659 2228 dignitatem
1706 2167 1871 2226 atque
1890 2171 2007 2210 exet

2203 2169 2393 2215 πατον,
2426 2151 2560 2204 Θεὸν
2582 2151 2776 2216 ἀΐδιον,
2802 2152 3110 2222 ὁμοούσιον,
3145 2154 3379 2218 ἀπαθῶς
3410 2155 3503 2208 καὶ
3522 2156 3737 2226 ἀχρόνως

476 2249 704 2304 lentiam
746 2251 915 2320 ipsius
959 2251 1231 2306 discentes
1249 2268 1283 2331 ς.
1311 2266 1379 2305 ex
1404 2258 1739 2319 ‘unoquoque
1758 2258 1941 2303 autem
1969 2263 2010 2301 nt

2205 2263 2240 2298 κ
2264 2245 2358 2298 τοῦ
2382 2245 2599 2316 Πατρὸς
2637 2245 2985 2317 προελθόντα
3001 2246 3273 2318 εἰδείημέν
3297 2264 3362 2300 τε
3389 2249 3485 2301 καὶ
3523 2265 3735 2317 προσκυ-

476 2330 625 2395 mine
674 2352 1021 2397 removentes
1070 2343 1459 2398 inconveniens
1484 2353 1537 2395 et
1566 2343 1881 2395 indecorum
1919 2338 2067 2406 illud,
2174 2339 2461 2409 νήσαιμεν.
3048 2413 3058 2422 .

480 2436 775 2506 quodinde
807 2453 867 2493 se
899 2437 1039 2493 forte
1075 2439 1126 2492 in
1166 2438 1377 2492 animos
1412 2446 1626 2491 nostros
1669 2436 1911 2490 insinuat
1958 2444 2123 2503 atque
2160 2432 2381 2503 ingerit,
2442 2432 2592 2487 verbi
2640 2432 2835 2502 gratia,
2866 2447 2897 2487 a
2953 2432 3073 2486 Filii
3107 2435 3348 2499 nomine,
3404 2436 3459 2490 id
3502 2437 3635 2506 quod
3667 2432 3736 2490 esl

416 2519 418 2521 ’
477 2529 757 2584 recentius
808 2531 925 2585 sive
976 2531 1283 2599 posterius;
1314 2545 1344 2584 ιι
1398 2528 1559 2584 Verbi
1594 2528 1976 2599 appellatione,
2012 2527 2063 2581 id
2103 2528 2243 2595 quod
2280 2524 2481 2578 nullam
2547 2523 2712 2578 habet
2756 2524 3186 2591 subsistentiam,
3228 2527 3403 2581 Deum
3470 2536 3736 2591 atteram.

476 2620 1018 2688 consubstantialem,
1104 2622 1311 2691 absque
1387 2620 1759 2690 perpessione,
1806 2630 1863 2675 et
1945 2626 2099 2674 extra
2140 2626 2354 2687 tempus
2390 2630 2461 2671 ex
2512 2614 2674 2669 Patre
2720 2631 3068 2686 progressum
3137 2633 3505 2687 agnoscamus
3545 2633 3597 2675 et
3651 2625 3735 2674 ad-

476 2723 717 2766 oremus.

852 2822 1080 2880 CXLIII.
1115 2854 1185 2864 -
1215 2823 1306 2896 AD
1334 2823 1682 2880 BASILlUM.

2506 2819 2685 2874 PMF'.
2720 2848 2789 2860 —-
2818 2820 3001 2874 ΠΡΟΣ
3030 2819 3424 2876 ΒΑΣΙΛΕΙΟΝ.

549 2957 759 3025 Quibus
812 2957 1103 3029 imperium
1154 2958 1381 3028 contigit
1430 2958 1755 3029 legitimum,
1790 2957 1869 3011 iis.
1900 2958 2067 3014 etiam

2240 2950 2340 3023 Οἷς
2365 2958 2427 3011 τὸ
2450 2956 2640 3028 ἄρχειν
2683 2956 3027 3026 καθέστηκεν
3072 2957 3319 3028 ἔννομον,
3352 2960 3562 3023 τούτοις
3588 2960 3732 3031 δήπου

476 3051 614 3107 bene
644 3053 918 3120 procedet.
944 3051 1089 3107 Bene
1118 3061 1301 3106 autem
1340 3061 1469 3107 tunc
1517 3054 1734 3108 demum
1786 3054 2010 3110 succede

2199 3050 2263 3103 αὶ
2295 3044 2355 3103 εὖ
2388 3049 2625 3120 ὑπάρξει
2654 3049 2954 3103 ἀκόλουθον
2973 3066 2988 3080 ·
3022 3044 3081 3103 εὖ
3108 3050 3165 3102 δέ
3186 3050 3463 3120 πράσσειν
3489 3052 3733 3122 ita-copem-

479 3144 569 3199 ubi
593 3144 889 3199 obtinuerit
916 3145 1110 3213 pietas,
1136 3158 1257 3214 quae
1287 3152 1372 3198 est.
1403 3145 1647 3199 omnium
1681 3144 1947 3200 bonorum
1973 3162 2013 3199 δι

2204 3143 2419 3213 ήσεται,
2454 3142 2619 3212 ἡνίκα
2642 3141 2981 3213 κρατύνηται
3016 3142 3050 3212 ἡ
3080 3142 3357 3205 εὐσέϐεια,
3401 3144 3510 3197 τῶν
3542 3145 3733 3211 ἀγαθῶν

478 3250 748 3305 promum,
807 3245 863 3291 et
931 3238 1235 3293 divinorum
1308 3236 1691 3292 mandatorum
1759 3247 1922 3307 caput
2001 3251 2012 3289 :

2196 3233 2234 3286 τὸ
2257 3233 2583 3305 ἀκρότατον,
2635 3232 2731 3287 καὶ
2759 3234 2869 3287 τῶν
2909 3232 3068 3286 θείων
3099 3236 3547 3306 προσταγμάτων
3585 3236 3730 3304 κεφά-

477 3343 690 3383 summa
726 3346 740 3383 :
778 3343 943 3397 quam
981 3329 1265 3385 constituit
1315 3337 1465 3383 recta
1522 3329 1589 3383 de
1633 3327 1819 3382 divino
1846 3327 2011 3381 numiI

2202 3344 2344 3391 αιον,
2378 3326 2446 3397 ἢν
2477 3325 2794 3396 συνίστησιν
2825 3327 2858 3397 ἡ
2889 3326 3024 3398 ὀρθὴ
3054 3327 3185 3400 περὶ
3213 3327 3275 3380 τὸ
3307 3328 3468 3380 Θείον
3498 3326 3633 3391 δόξα,
3655 3329 3732 3379 καὶ

476 3420 686 3489 opinio,
718 3429 774 3474 et
813 3421 1028 3475 sincera
1052 3422 1474 3492 incorruptaque
1493 3420 1788 3489 confessio,
1809 3432 1865 3477 et
1884 3431 2010 3477 oste:

2203 3417 2470 3489 ἰλικρινὴς
2505 3416 2791 3489 ὁμολογία,
2821 3418 2986 3486 φόϐος
3010 3435 3070 3471 τε
3106 3419 3135 3470 ὁ
3165 3418 3260 3472 τοῦ
3299 3418 3442 3471 Θεοῦ
3475 3418 3730 3487 ἐμφανίζει

477 3512 559 3566 dit
583 3514 745 3566 timor
767 3522 932 3581 atque
956 3512 1178 3568 dilectio
1206 3513 1327 3582 Dei,
1348 3525 1404 3569 et
1428 3529 1556 3584 erga
1576 3524 1865 3583 cognatum
1893 3530 2011 3582 gent

2196 3510 2265 3563 :at‘t
2292 3510 2596 3578 ἀγάπησις,
2630 3510 2726 3562 καὶ
2773 3511 2809 3577 ἡ
2851 3508 2989 3579 πρὸς
3036 3508 3098 3562 τὸ
3151 3510 3433 3580 ὁμόφυλον
3464 3512 3640 3579 ἀγάπη
3680 3524 3730 3562 τε

476 3604 715 3658 charitas
747 3613 912 3673 atque
954 3602 1173 3659 atl‘ectio
1215 3623 1231 3661 :
1281 3607 1480 3675 quibus
1517 3622 1583 3661 ex
1615 3607 1787 3662 rebus,
1833 3616 1942 3663 tota
1979 3606 2010 3661 lt

2196 3599 2263 3652 ιαὶ
2295 3597 2609 3667 συμπάθεια
2628 3613 2642 3629 ο
2674 3598 2733 3650 ἐν
2765 3592 2848 3661 οἷς
2892 3597 3041 3662 ἄπας
3075 3600 3104 3652 ὁ
3134 3599 3299 3671 νόμος
3341 3602 3440 3653 καὶ
3468 3601 3517 3652 οἱ
3546 3600 3730 3670 προφῆ-

476 3703 534 3751 et
574 3696 852 3763 propheta)
904 3711 1094 3751 omnes
1145 3697 1403 3765 pendent.
1432 3698 1584 3764 Quod
1619 3698 1785 3752 etiam
1817 3698 1871 3752 in
1896 3714 2010 3769 mag

2200 3708 2256 3742 at
2288 3691 2620 3761 κρέμανται.
2643 3691 2716 3745 Τὸ
2737 3690 2836 3744 καὶ
2861 3692 2919 3744 ἐν
2951 3694 3151 3763 ἀρχαῖς
3191 3710 3245 3746 τι
3274 3693 3661 3765 ὑπερκόσμιον,
3682 3692 3730 3744 τὴ

478 3786 745 3839 stratibus
768 3792 852 3839 est
885 3786 1386 3853 supranumdanum
1423 3787 1686 3856 quiddam
1718 3796 1774 3841 et
1795 3786 2012 3842 excellet

2195 3779 2404 3854 προῦχον
2424 3785 2518 3837 καὶ
2534 3784 2849 3855 κράτιστον.
2872 3785 3003 3839 Ἤδε
3022 3788 3171 3839 ἐστὶν
3189 3786 3493 3842 ἐπιστασία
3513 3786 3729 3856 ἔννομος,

477 3886 532 3931 et
566 3878 1095 3944 prmstantissiumm.
1147 3877 1273 3933 Haec
1326 3878 1565 3949 legitima
1613 3888 1697 3933 est
1724 3880 2009 3947 praefectur

2197 3876 2259 3928 ιαὶ
2283 3874 2380 3928 τοῦ
2416 3877 2617 3940 παντὸς
2650 3877 2896 3947 ὑπηκόου
2941 3877 3080 3948 πρὸς
3124 3878 3187 3931 τὸ
3236 3878 3525 3942 λυσιτελὲς
3565 3876 3731 3947 ἐπιμέ-

476 3976 531 4021 et
570 3966 818 4020 onmium
852 3967 1191 4021 subditorum
1243 3967 1496 4023 utilitatis
1540 3970 1851 4035 procuratio
1881 3986 1896 4023 :
1924 3970 2010 4024 sict

2198 3982 2285 4018 εια
2311 3983 2325 3996 ·
2354 3966 2543 4038 ὥσπερ
2577 3968 2643 4039 δὴ
2672 3968 2738 4022 ἐκ
2768 3969 2863 4022 τοῦ
2898 3970 3167 4036 ἐναντίου,
3200 3970 3464 4041 τυραννίς
3508 3971 3618 4023 ἐστι
3654 3969 3731 4021 δυσ

476 4074 509 4112 e
575 4059 852 4111 contrario
878 4058 1123 4128 tyrannis
1147 4069 1231 4113 est
1264 4059 1563 4115 dominatio
1614 4076 1735 4130 qua:
1788 4060 1906 4131 ipsa
1959 4063 2004 4116 si

2198 4057 2393 4110 ἀστεία
2422 4058 2723 4128 αὐτόνομος
2752 4060 2890 4131 (57),
2924 4061 3021 4115 ἐπὶ
3044 4062 3107 4115 τὺ
3128 4064 3329 4115 οίκεῖον
3352 4064 3517 4131 μόνον
3548 4061 3731 4132 συμφὲ-

476 4148 562 4203 lex
609 4158 716 4214 est,
750 4164 980 4219 qumque
1013 4149 1145 4204 nihil
1179 4152 1286 4206 nisi
1330 4154 1606 4223 propriam
1659 4154 1874 4223 tyranni
1911 4155 2009 4209 util

2199 4166 2259 4201 ον
2278 4149 2357 4220 τῷ
2370 4150 2722 4220 τυραννοῦντι
2740 4152 3138 4224 μετερχομένη.
3165 4152 3324 4207 Ὅσοι
3346 4155 3531 4207 τοίνυν
3557 4154 3733 4222 ταύτην

480 4249 646 4294 tatem
676 4248 1044 4294 consectatur.
1082 4240 1512 4313 Quibuscnnque
1542 4244 1707 4315 igitur
1744 4245 1851 4300 hoc
1896 4247 2014 4316 impt

2200 4244 2371 4296 ιέπειν
2421 4243 2523 4314 τὴν
2575 4244 2752 4315 ἀρχὴν
2817 4245 3338 4316 ἀποκεκλήρωνται,
3401 4244 3732 4314 ἀναδούμενοι

483 4332 620 4384 rium
653 4339 801 4385 sorte
836 4331 1032 4400 obtigit
1080 4334 1592 4403 administrandum,
1616 4337 1691 4392 illi
1719 4339 1873 4408 quasi
1902 4353 2017 4394 corc

2196 4331 2355 4404 ὅσπερ
2399 4333 2673 4403 στέφανον
2699 4336 2905 4407 χρυσοῦ
2933 4338 2999 4390 ἐκ
3027 4336 3191 4389 λίθων
3226 4337 3435 4407 τιμίων
3479 4352 3730 4406 συνηρμο-

480 4436 607 4475 nam
635 4436 859 4477 auream
903 4437 973 4478 ex
1014 4422 1280 4494 lapidibus
1310 4429 1562 4496 pretiosis
1590 4426 1930 4500 compactam
1958 4431 2014 4485 sil

2195 4428 2395 4499 πμένον,
2419 4430 2518 4502 τὴν
2544 4430 3204 4502 εὐσέϐειανεδικαιοσύνην
3236 4448 3300 4483 τε
3338 4430 3533 4503 ὥσπερ
3558 4430 3729 4496 ἁλουρ-

482 4514 792 4584 impositam
829 4493 1093 4571 habentes
1124 4493 1404 4587 pietatem,
1442 4529 1498 4575 et
1537 4493 1749 4592 iustitia
1801 4532 2016 4592 tanquat

2199 4493 2293 4575 ’ίδα
2318 4493 2775 4592 ἐνδιδῦσκόμενοι,
2808 4493 2867 4576 ἐν
2907 4522 3028 4593 Θεῷ
3072 4540 3133 4575 τε
3160 4493 3373 4592 ἀρχειν,
3410 4493 3513 4574 καί
3536 4493 3733 4591 κρατεῖν

483 4620 722 4675 purpura
761 4606 955 4671 induti,
1000 4608 1051 4662 iIt
1101 4609 1213 4665 Deo
1256 4610 1546 4681 imperare,
1597 4625 1653 4669 et
1700 4614 2017 4683 principatut

2201 4615 2385 4668 ικαίαν
2418 4614 2564 4685 μάλα
2614 4615 2790 4687 ἀρχὴν
2836 4615 3281 4687 φιλοτιμήσονται
3306 4630 3318 4642 ·
3356 4612 3599 4667 δεικνῦσι
3641 4610 3730 4677 γὰρ

481 4699 771 4753 admodum
810 4698 1017 4768 justum
1045 4701 1294 4758 obtinere
1325 4706 1639 4764 studehunt.
1672 4706 1836 4780 493
1875 4707 2015 4764 Ostet

2202 4708 2258 4777 φ’
2289 4709 2501 4771 ἑαυτοῖς
2531 4707 2589 4762 τὸ
2621 4710 2765 4780 ἱερὸν
2791 4708 3162 4778 ἀληθέστατον
3187 4708 3393 4775 λόγιον,
3425 4707 3489 4760 τὸ
3516 4706 3729 4775 φάσκον·

479 4792 615 4847 dunt
641 4790 787 4844 enim
819 4789 874 4842 in
900 4792 1211 4862 semetipsis
1235 4797 1578 4853 verissimum
1612 4812 1830 4853 sacrum
1860 4812 2013 4853 oram

2236 4801 2315 4853 Δι’
2345 4799 2481 4871 ἐμοῦ
2518 4799 2759 4871 βασιλεῖς
2790 4801 3154 4872 βασιλεύουσι,
3186 4801 3283 4854 καὶ
3311 4799 3575 4854 δυνάσται
3618 4795 3732 4865 γρά-

551 4970 596 5004 "
634 4971 791 5031 Joan.
829 4991 869 5041 I,
902 4976 953 5030 l.

1611 5128 1855 5184 VARle
1892 5128 2284 5187 LECTIONES
2321 5130 2412 5188 ΕΤ
2448 5129 2684 5188 NOTAE.

554 5288 667 5363 (55)
690 5286 795 5363 Pro
822 5284 1207 5363 Xptceoﬁcod.
1226 5283 1352 5338 Vat.
1373 5282 1479 5363 θεὲ-0
1505 5284 1634 5351 legit
1657 5282 1810 5363 110?),
1838 5293 1894 5339 et
1920 5300 2068 5343 vers.
2179 5286 2545 5363 differentiam
2569 5288 2881 5363 _tyrann_idis
2910 5303 2940 5343 a
2982 5304 3171 5360 regno.
3216 5288 3422 5363 Confer
3453 5285 3734 5363 epistthN

478 5362 514 5418 5
548 5354 945 5430 ρηίστήσωσιν
974 5354 1165 5410 scribit
1201 5358 1622 5430 παραστήσωσι.
1660 5354 1875 5430 Possm.

2201 5359 2271 5430 ib.
2311 5374 2373 5423 II,
2409 5370 2467 5414 et
2490 5354 2910 5430 Aristot.Polit.
2935 5354 3060 5423 ,nec
3083 5377 3187 5414 non
3223 5354 3731 5430 Ainmianumllar-

552 5425 665 5503 (56)
692 5425 832 5482 Inter
859 5428 1134 5503 τίκτουσιν
1155 5436 1207 5480 et
1226 5427 1369 5503 ἀρχῇ
1398 5426 1510 5503 haec
1538 5425 1718 5503 omnia
1760 5426 1899 5503 idem
1933 5427 2055 5503 cod.
2164 5428 2443 5503 cellinum,
2478 5430 2570 5503 qui
2607 5429 2913 5503 saepissime
2941 5434 3043 5484 hoc
3090 5429 3327 5503 inculcat
3356 5431 3407 5484 in
3436 5431 3552 5485 suis
3582 5428 3731 5503 histo-

484 5494 699 5562 inseri't,
732 5498 949 5553 extritis
996 5497 1062 5550 iis
1096 5511 1218 5570 qua;
1267 5494 1523 5570 inmedito
1564 5495 1835 5570 leguntur,
1873 5494 1961 5548 ἵνα
1997 5496 2058 5548 δὲ
2166 5498 2284 5562 riis,
2309 5498 2443 5552 nihil
2477 5494 2621 5553 aliud
2654 5494 2995 5570 essejustum
3028 5516 3093 5555 ac
3111 5501 3406 5570 legitimum
3439 5500 3729 5570 imperium,

481 5573 619 5644 μ’ὴὴ
657 5569 862 5644 πάθοιζς
893 5564 1162 5644 φῆγτασία
1202 5566 1532 5644 ἐπικῳμάσῃ
1565 5564 1737 5644 Λλόγον
1763 5581 2015 5644 ’ξηροσαιμ

2191 5584 2329 5644 luam
2358 5583 2590 5644 _curam_
2626 5564 2845 5644 salutis
2882 5570 3093 5644 alienae.
3134 5564 3229 5626 Sic
3263 5572 3416 5644 apud
3476 5564 3725 5644 lgnatium

483 5633 763 5713 ρεῦοῦσιν·
816 5633 915 5713 ’ίναή
946 5637 1005 5690 δὲ
1052 5638 1315 5713 νεώτερος
1355 5633 1709 5713 ιρι-ιονςξηθηιείηἰ
1763 5633 1915 5690 νοτε.
1964 5650 2017 5705 pt

2195 5633 2328 5713 ipist.
2358 5638 2412 5703 7,
2450 5639 2689 5713 officium
2720 5639 2845 5693 boni
2895 5640 3041 5710 regis
3070 5650 3172 5713 est,
3221 5633 3455 5713 εἰρηνην
3485 5633 3579 5694 καὶ
3602 5638 3729 5692 ἐννο-

482 5704 799 5782 ἱιυιιζίιιῑεν
824 5707 979 5782 λόγος
1004 5714 1058 5782 e_t
1086 5709 1150 5759 ἐκ
1180 5708 1319 5782 idem
1363 5707 1555 5782 inserit
1582 5704 1767 5782 't'v‘._ln.
1920 5773 1965 5782 υ

1920 5773 1965 5782 υ
2171 5704 2299 5779 μίαν
2327 5713 2438 5774 τοῖς
2465 5709 2788 5782 ἀρχομένοις
2812 5704 3192 5781 πρυτανεύειν.
3218 5704 3384 5767 Rt'ri'.

554 5779 669 5849 (57)
702 5773 992 5846 Tvparir'lc
1018 5777 1149 5830 ἐστι
1174 5776 1503 5832 δυναστεία
1531 5776 1885 5845 αὐτόνομος.
1920 5773 2056 5831 Nota
