3886 6420
188 406 308 472 Ῐῇὃ

1076 390 1610 460 EPISTOLARUM
1647 390 1795 454 LIB.
1837 390 1939 457 IV.
1976 416 2045 428 -
2076 393 2311 454 EPIST.
2352 395 2563 455 CXLV.

3264 393 3398 457 1226

186 536 326 588 φουσι
384 513 750 581 δικαιοσύνην.
785 532 805 565 ›
847 512 1024 566 ’ῐσασι
1072 513 1202 582 γὰρ,
1251 513 1331 565 ὅτι
1400 510 1571 581 Ἀρχὴ
1607 509 1763 566 όδοῦ,

1838 506 1961 571 lum,
1984 508 2125 577 quod
2149 508 2226 561 sic
2248 508 2360 561 ait:
2397 526 2416 559 ε
2472 507 2577 562 Per
2632 522 2717 563 me
2762 524 2915 575 reges
2947 516 3192 577 regnant,
3217 518 3271 563 et
3298 524 3398 578 po-

182 610 375 681 ἁγαθῆς
405 611 576 662 ποιεῖν
604 607 810 661 δίκαια.

559 810 735 863 PMA’.
770 840 837 849 —
868 809 1321 877 ‘Arszlypagaoc.

241 942 341 1012 Τὴν
367 941 553 1011 τιμίαν
587 941 834 993 κέλευσιν
864 940 957 994 τοῦ
988 938 1242 1003 εὐσεϐοῦς
1271 940 1367 993 καὶ¹
1399 938 1728 1008 θεοπροϐλή-

180 1052 260 1087 του
289 1034 440 1102 ἡμῶν
474 1032 709 1103 μεγάλου
760 1032 1055 1102 βασιλέως,
1105 1032 1318 1103 πρῶτον
1371 1032 1469 1102 μὲν
1514 1032 1604 1085 διά
1633 1030 1727 1085 τοῦ

182 1125 437 1194 βασιλικοῦ
460 1124 875 1196 ἀποκρισιαρίου
905 1124 1187 1195 μαθόντες,
1218 1125 1312 1177 καὶ
1339 1124 1436 1193 τὴν
1459 1125 1516 1176 ἐν
1540 1122 1729 1193 Κυρίῳ

180 1219 347 1284 ὑγείαν
378 1219 473 1270 καὶ
513 1218 786 1289 σωτηρίαν
821 1218 918 1287 τῆς
955 1216 1212 1279 εὐσεϐοῦς
1250 1217 1402 1285 ὑμῶν
1433 1215 1727 1285 βασιλείας,

180 1310 261 1362 καὶ
288 1309 457 1378 χαρᾶς
500 1308 759 1378 μεγίστης
800 1306 1131 1377 πλησθέντες
1149 1348 1163 1371 ,
1195 1307 1353 1372 δόξαν
1380 1307 1475 1360 καὶ
1504 1306 1728 1376 εὐχαρι-

181 1402 315 1454 στίαν
344 1401 421 1468 τῷ
462 1401 580 1471 Θεῷ
610 1401 767 1471 ἡμῶν
811 1401 1042 1463 ὲκτενῶς
1070 1399 1461 1471 ἀνεπέμψαμεν
1482 1440 1496 1463 ,
1531 1400 1625 1454 καὶ
1667 1402 1731 1453 ὲκ

178 1494 264 1561 τῆς
288 1493 597 1563 ἀρρωστίας
622 1492 779 1563 ήμῶν
814 1490 1239 1562 ἀνεῤῥὼσθημεν
1258 1534 1271 1555 ,
1303 1493 1398 1544 καὶ
1426 1492 1731 1563 προθυμίας

182 1582 360 1651 πολλῆς
399 1583 830 1653 ἐνεπλήσθημεν.
871 1580 1138 1650 Ἐντυχὼν
1166 1581 1222 1634 δὲ
1248 1585 1315 1653 τῇ
1355 1583 1513 1653 τιμία
1548 1584 1731 1636 κελεύ-

182 1692 280 1737 σει,
307 1667 495 1744 εὗρον,
523 1676 669 1738 ὅπως
692 1677 720 1727 ό
750 1675 879 1745 περὶ
903 1675 1002 1745 τῆς
1036 1675 1260 1747 εἰρήνης
1289 1674 1443 1742 λόγος
1484 1692 1729 1747 παρηκοο

180 1764 418 1835 λούθησεν
458 1766 551 1817 ἐπὶ
591 1765 700 1817 τῶν
733 1769 923 1837 πρώην
953 1765 1250 1836 ἀρξάντων.
1287 1764 1397 1819 Καὶ
1425 1767 1584 1837 ἡμεῖς
1632 1766 1731 1836 μὲν

1830 608 2008 655 tentes
2061 598 2376 654 describunt
2407 598 2674 667 justitiam
2702 599 2770 655 ⁸⁸.
2810 621 2829 654 ι
2862 601 3054 656 Sciunt
3086 601 3255 666 enim,
3302 602 3397 656 ini-

1832 690 1963 744 tium
1985 704 2105 746 esse
2130 690 2404 746 viae‘bonze
2427 690 2573 760 justa
2596 706 2757 763 agere
2784 694 2851 748 δ’.

2147 801 2376 856 CXLIV.
2413 833 2483 843 —
2535 802 2689 857 Caret
2722 805 3079 873 inscriptione.

1896 934 2034 992 Cum
2069 940 2431 993 venerandum
2480 939 2790 993 mandatum
2836 942 2907 1011 pii
2939 952 2995 997 et
3028 958 3057 997 a
3087 943 3199 1000 Deo
3242 946 3397 1002 nobis

1830 1029 2073 1096 praefecti
2113 1030 2288 1100 magni
2336 1030 2678 1099 imperatoris
2707 1034 2875 1088 nostri
2920 1036 3151 1103 primum
3181 1037 3397 1105 quidem

1829 1134 1928 1188 per
1945 1120 2346 1190 imperatorium
2371 1124 2775 1191 apocrisiarium
2795 1128 3255 1194 cognovissemus,
3272 1146 3401 1184 nec-

1833 1226 1940 1263 non
1986 1213 2274 1267 sanitatem
2310 1221 2365 1266 et
2401 1214 2629 1268 salutem
2684 1215 2758 1284 pii
2811 1218 2977 1271 vestri
3030 1218 3286 1287 imperii:
3344 1228 3403 1275 et

1832 1303 2065 1356 maxima
2112 1304 2298 1372 repleti
2346 1304 2563 1369 laetitia,
2612 1306 2841 1376 gloriam
2888 1316 3049 1378 atque
3099 1312 3396 1379 gratiarum

1832 1394 2099 1448 actionem
2131 1396 2196 1447 ad
2228 1395 2394 1450 Deum
2432 1406 2671 1451 nostrum
2688 1398 2939 1455 omnibus
2971 1400 3190 1456 intentis
3221 1404 3402 1457 nervis

1831 1484 2135 1549 eﬂ'udimus,
2166 1495 2219 1541 et
2247 1502 2312 1541 ex
2346 1488 2660 1545 infirmitate
2694 1500 2875 1547 nostra
2919 1494 3309 1560 convaluimus,
3345 1507 3403 1553 et

1834 1576 1999 1629 multa
2033 1578 2195 1631 animi
2226 1578 2503 1635 alacritate
2545 1581 2746 1651 impleti
2776 1598 2984 1642 sumus.
3043 1585 3177 1640 Cum
3218 1598 3399 1643 autem

1810 1672 2199 1723 .veneraudum
2230 1670 2478 1739 legissem
2514 1675 2848 1739 mandatum,
2877 1677 3079 1745 inveni,
3102 1694 3209 1747 quo
3243 1689 3401 1747 pacto

1835 1763 1973 1813 ratio
1998 1762 2062 1815 de
2094 1776 2228 1829 pace
2254 1763 2592 1818 concilianda
2620 1775 2802 1820 secuta
2832 1768 2900 1821 sit
2932 1771 3263 1824 anteriorum
3295 1773 3401 1826 im-

179 1857 263 1924 ήδη
302 1858 394 1909 καὶ
443 1857 551 1928 πρὸ
605 1857 804 1928 μικροῦ
852 1859 1043 1929 χρόνου
1096 1857 1226 1928 περὶ
1254 1858 1444 1911 τούτου
1490 1848 1763 1929 μερικῶς

1838 1863 2141 1919 peratorum
2168 1856 2427 1910 rationes.
2446 1859 2524 1909 Ac
2538 1871 2637 1912 nos
2656 1874 2785 1913 sane
2804 1858 2912 1928 jam
2942 1862 3099 1930 paulo
3120 1873 3246 1915 aute
3264 1878 3402 1918 uon-

180 1948 508 2017 ἀκηκόαμεν
544 1949 602 2000 ἐν
639 1948 842 2020 ἀπορίᾳ.
883 1950 939 2002 δὲ
978 1950 1283 2020 γεγόναμεν
1311 1948 1406 2001 τοῦ
1456 1966 1729 2017 συγκατα-

178 2038 343 2090 θέσθαι
372 2038 448 2105 τῷ
475 2038 743 2108 λογισμῷ,
778 2039 976 2101 εἰδότες
1004 2038 1166 2093 ὅτιτὸ
1195 2039 1467 2110 τόλμημα,
1498 2039 1526 2091 ὃ
1558 2040 1732 2102 οὐδεὶς

179 2129 272 2181 τῶν
306 2130 648 2200 Χριστιανῶν
695 2131 1082 2201 ἐπετήδευσεν,
1118 2131 1239 2183 οὐδὲ
1272 2132 1353 2193 εἰς
1386 2130 1511 2183 νοῦν
1556 2132 1732 2201 ήγαγε

178 2222 273 2273 τῶν
307 2222 720 2293 προλαϐόντων,
758 2224 1068 2294 ἐθάρσησαν
1105 2227 1347 2293 ποιῆσαι.
1378 2225 1633 2278 Φαίνεται
1674 2226 1731 2279 δὲ

178 2314 323 2382 ἡμῖν,
365 2313 398 2383 ἦ
440 2317 506 2367 ἐκ
542 2314 743 2386 πολλῆς
772 2315 1027 2384 ἀπειρίας
1057 2315 1151 2368 καὶ
1180 2315 1418 2385 ἀμαθίας
1455 2316 1565 2369 τῶν
1597 2318 1733 2387 Χρι-

180 2403 390 2457 στιανῶν
435 2405 760 2476 δογμάτων,
802 2406 932 2477 ήὲκ
960 2406 1161 2474 πολλῆς
1204 2407 1463 2469 ἀπιστίας
1505 2408 1599 2460 καὶ
1628 2425 1733 2461 κα-

178 2495 542 2564 ταφρονήσεως
580 2496 687 2549 τῶν
719 2496 811 2548 τοῦ
838 2496 970 2549 Θεοῦ
1006 2497 1235 2549 ἐντολῶν
1268 2498 1502 2565 ἐγένετο.
1535 2500 1597 2550 El
1625 2498 1733 2569 γὰρ

180 2583 319 2636 θείων
341 2585 535 2652 λογίων
569 2588 824 2657 κατήκοοι
864 2588 1131 2655 ἐγένοντο,
1158 2588 1217 2640 τὸ
1247 2588 1346 2657 τῆς
1379 2588 1610 2656 εὐαγοῦς
1638 2592 1734 2643 καὶ

179 2674 459 2745 ἀμωμήτου
507 2675 665 2745 ήμῶν
710 2676 1003 2746 θρησκείας
1056 2678 1351 2748 σεϐάσμιον
1399 2678 1730 2747 ἐφύλαττον,

181 2764 256 2815 καὶ
280 2765 402 2826 τοὺς
443 2764 690 2829 ἐθνικοὺς
730 2766 821 2817 καὶ
850 2766 1078 2833 ἀλόγους
1104 2767 1211 2818 τῶν
1241 2767 1371 2837 παρ’
1397 2769 1527 2838 ἡμῖν
1563 2768 1735 2835 ἁγίων

180 2854 259 2906 καὶ
286 2854 599 2925 σεϐασμίων
639 2855 876 2926 ἅψασθαι
918 2858 978 2910 οὐ
1013 2856 1349 2927 συνεχώρουν
1370 2874 1383 2888 ⁸
1417 2858 1540 2911 οὔτε
1584 2859 1737 2912 αὐτοὶ

176 2948 273 3008 τοῖς
312 2947 586 3017 μιάσμασι
630 2952 723 3001 καὶ
775 2949 1110 3019 βδελύγμασι
1158 2951 1276 3003 τῶν
1325 2952 1550 3006 ἐθνικῶν
1597 2953 1736 3007 κατὰ

177 3038 289 3099 τοὺς
311 3038 506 3108 ὅρκους
530 3040 711 3093 αὐτῶν
740 3041 865 3101 τοὺς
890 3043 1102 3108 ἐναγεῖς
1128 3042 1224 3093 καὶ
1248 3042 1569 3105 ἀλλοκότους
1594 3040 1739 3096 ἐκοι-

1832 1942 1967 1996 nihil
1998 1944 2111 1997 hac'
2129 1945 2197 1998 de
2230 1958 2289 1999 re
2322 1947 2654 2013 audivimus;
2688 1964 2873 2004 verum
2904 1952 3288 2021 dubitavimus,
3324 1969 3395 2009 an

1831 2053 2112 2092 assensum
2149 2038 2273 2093 huic
2299 2038 2698 2094 ratiocinationi
2736 2044 3122 2109 praeberemus,
3144 2060 3267 2099 cum
3295 2048 3403 2101 sci-

1833 2144 2033 2195 remus,
2061 2133 2203 2199 quod
2232 2130 2497 2201 ejusmodi
2530 2131 2761 2198 facinus,
2794 2135 2957 2202 quale
2975 2148 3212 2191 veterum
3240 2137 3403 2193 Chri-

1831 2221 2130 2273 stianorum
2172 2235 2332 2275 nemo
2375 2236 2611 2290 unquam
2646 2237 2929 2293 aggressus
2958 2225 3079 2291 fuit,
3129 2241 3304 2298 neque
3344 2229 3400 2283 iu

1833 2311 2074 2365 animum
2125 2313 2335 2367 induxit
2361 2328 2544 2378 suum,
2581 2316 2697 2368 ausi
2734 2316 2843 2370 sint
2876 2319 3174 2387 suscipere.
3239 2320 3404 2377 Nobis

1832 2416 2013 2460 autem
2043 2406 2121 2460 sic
2137 2406 2369 2469 videtur,
2394 2405 2480 2461 vel
2513 2420 2580 2461 ex
2611 2421 2803 2476 magna
2837 2409 3105 2479 imperitia
3135 2414 3403 2467 ruditate-

1833 2513 1940 2567 que
1979 2498 2467 2552 Christianicorum
2518 2500 2898 2566 decretorum,
2955 2502 3039 2556 vel
3088 2519 3153 2557 ex
3210 2520 3405 2576 magna

1833 2589 2125 2642 diffidentia
2187 2600 2351 2657 atque
2400 2591 2804 2657 contemptione
2867 2593 3240 2647 mandatorum
3310 2596 3407 2651 Dei

1836 2684 1937 2736 hoc
1981 2696 2145 2736 omne
2197 2682 2491 2751 proficisci.
2558 2682 2692 2736 Nam
2749 2684 2798 2738 si
2844 2684 3025 2738 divina
3070 2686 3409 2743 audivissent

1833 2773 2081 2836 oracula,
2140 2782 2251 2826 tum
2281 2788 2410 2827 vero
2456 2784 2644 2828 sancte
2697 2774 3081 2845 inculpateque
3127 2778 3408 2847 religionis

1837 2875 2038 2918 nostra:
2086 2867 2449 2919 venerandum
2516 2876 2683 2933 atque
2735 2875 3023 2934 augustum
3088 2872 3404 2939 mysterium

1836 2955 2289 3019 custodivissent,
2332 2969 2504 3023 neque
2549 2956 2955 3023 permisissent,
3000 2960 3320 3014 utetlinicis
3351 2970 3407 3015 et

1840 3045 2063 3099 rationis
2088 3044 2397 3113 expertibus
2429 3044 2738 3100 hominibus
2768 3044 2849 3099 fas
2870 3056 3016 3101 esset
3044 3058 3223 3102 nostra
3249 3064 3406 3103 sacra

1839 3144 1894 3188 et
1927 3132 2233 3188 veneranda
2261 3148 2461 3185 arcana
2500 3133 2802 3201 attingere;
2855 3150 3027 3203 neque
3054 3137 3151 3206 ipsi
3181 3138 3408 3193 nefariis

177 3129 379 3184 νώνουν.
412 3130 478 3183 Τί
507 3129 617 3200 γὰρ
636 3130 697 3182 τὸ
730 3131 1013 3202 διάφορον,
1046 3134 1094 3185 εί
1124 3134 1449 3206 Χριστιανὸς
1475 3135 1569 3187 καὶ
1595 3133 1736 3187 ὲθνι-
1763 3179 1806 3235 C

179 3223 278 3287 κὸς,
301 3223 482 3287 αὐτοῖς
513 3240 577 3275 τε
617 3225 799 3294 ὅρκοις
833 3224 1069 3287 καὶτοῖς
1120 3226 1303 3288 αὐτοῖς
1346 3226 1523 3279 ἔθεσιν
1566 3228 1734 3297 ἐμπι-

1842 3233 2003 3294 atque
2024 3222 2399 3277 abominandis
2425 3238 2757 3293 paganorum
2781 3225 2952 3279 sacris
2978 3241 3075 3293 per
3100 3226 3408 3294 iuramenta

180 3315 480 3379 στεύοντες,
528 3314 791 3384 ἀλλήλους
850 3315 1101 3386 βεϐαιοῦν
1160 3317 1447 3381 δοκοῦσιν,
1510 3318 1596 3387 ἐφ’
1652 3314 1735 3383 οἷς

1840 3317 2078 3386 ipsorum
2122 3314 2385 3369 scelerata
2431 3324 2593 3383 atque
2629 3315 2859 3370 absurda
2896 3319 3409 3375 communicassent.

179 3403 509 3471 χαλεπαίνειν
551 3405 649 3457 καὶ
688 3404 1001 3474 ὀργίζεσθαι
1033 3405 1126 3458 τὸν
1180 3406 1312 3461 Θεὸν
1356 3407 1735 3477 ἐπιστάμεθα;

1838 3407 1978 3473 Quid
1994 3407 2136 3461 enim
2152 3405 2395 3469 interest,
2413 3405 2457 3460 si
2474 3406 2815 3461 Christianus
2827 3417 2879 3461 et
2892 3423 3132 3477 paganus
3148 3410 3336 3464 iisdem
3357 3420 3413 3465 et.

191 3493 520 3548 Ἐντέταλται
548 3494 659 3565 γὰρ
698 3497 728 3547 ὁ
757 3495 866 3549 τῶν
891 3497 1027 3549 ὅλων
1054 3496 1184 3560 Θεὸς
1219 3498 1314 3551 καὶ
1340 3499 1617 3567 Δεσπότης
1650 3496 1739 3551 διὰ

1840 3494 2194 3550 sacramentis
2211 3502 2266 3548 et
2297 3495 2534 3549 moribus
2566 3494 2722 3549 fidem
2742 3495 2841 3549 sibi
2876 3497 3104 3553 invicem
3132 3497 3409 3566 facientes,

179 3586 392 3657 Γραφῶν
427 3587 603 3657 ἁγίων
630 3588 797 3643 αὑτοῦ
818 3605 830 3618 ·
878 3609 899 3641 ι
934 3589 1025 3661 Μή
1057 3590 1335 3644 ἐκκλίνετε
1366 3592 1474 3644 ἀπὸ
1509 3591 1609 3661 τῆς
1646 3607 1743 3657 γε-

1844 3585 1999 3640 alteri
2035 3584 2235 3638 alteros
2269 3600 2491 3638 securos
2528 3587 2751 3640 reddere
2778 3597 2941 3656 atque
2975 3589 3302 3645 confirmare
3332 3590 3415 3645 vi—

180 3681 515 3752 τραμμένης,
549 3683 629 3745 είς
656 3681 865 3748 δεξιὰν,
894 3683 928 3753 ῆ
964 3684 1044 3747 εἰς
1071 3685 1371 3753 εὐώνυμον.
1409 3702 1429 3736 ι
1570 3710 1574 3715 ι

1846 3681 2096 3745 deantur,
2142 3678 2336 3746 quibus
2386 3679 2554 3732 Deum
2602 3679 2767 3734 irasci
2817 3681 3069 3737 novimus
3119 3692 3279 3751 atque
3335 3684 3417 3737 in-

179 3774 414 3843 dignari?
480 3776 750 3846 Praecepit
778 3779 922 3832 enim
954 3780 1329 3835 universarum
1368 3795 1547 3835 rerum
1585 3779 1727 3833 Deus
1762 3791 1826 3831 ac
1851 3776 2107 3829 Dominus
2139 3790 2235 3842 per
2288 3790 2477 3830 sacras
2520 3775 2832 3845 Scripturas
2883 3792 3047 3834 suas:
3092 3797 3112 3829 ι
3144 3776 3223 3832 Ne
3250 3779 3418 3835 decli-

181 3877 293 3920 nate
317 3880 347 3920 a
375 3868 697 3937 praescripta
722 3868 876 3923 vobis
902 3869 1007 3937 via,
1035 3886 1211 3941 neque
1239 3872 1302 3925 ad
1335 3874 1601 3938 dextram,
1634 3886 1809 3940 neque
1842 3869 1910 3923 ad
1943 3868 2216 3922 sinistram
2240 3869 2340 3922 ⁸ο.»

418 3982 599 4035 PME'.
641 4011 712 4023 —
746 3983 1075 4056 ΘΕΟΔΟΣΙῼ
1111 3986 1479 4058 ΕΠΙΣΚΟΠῼ.

2071 3980 2280 4035 CXLV.
2320 4012 2391 4021 -—
2429 3982 2819 4041 TIIEODUSIO
2852 3986 3205 4046 EPISCOPO.

178 4092 267 4159 Εἰς
294 4093 382 4161 τὸ,
445 4111 467 4145 ι
522 4095 632 4172 Τίς.
666 4095 778 4163 ἄρα
825 4095 996 4172 ἐστὶν
1041 4098 1076 4149 ό
1127 4096 1344 4172 πιστὸς
1370 4097 1589 4164 δοῦλος
1642 4097 1744 4152 καὶ

1845 4095 1913 4148 In
1953 4095 2117 4155 illud,
2170 4114 2187 4146 ι
2217 4095 2346 4158 Quis
2392 4106 2468 4149 est
2518 4098 2691 4165 ﬁdelis
2734 4099 2825 4153 ille
2868 4117 3044 4172 servus
3080 4110 3130 4154 et
3167 4104 3417 4172 prudens,

513 4162 824 4235 φρόνιμος,
850 4166 924 4219 ὃν
951 4162 1365 4233 καταστήσεις
1402 4187 1421 4219 ι
1567 4162 1578 4164 ἡ

2330 4183 2480 4232 quem
2511 4162 2786 4223 constituet
2810 4172 2850 4201 ⁵¹
2869 4162 2892 4213 ?
2913 4189 2932 4221 ι

242 4274 347 4345 Τὴν
374 4275 583 4341 ἄνοιαν,
622 4275 825 4346 μᾶλλον
851 4277 908 4330 δὲ
939 4277 1039 4349 τὴν
1068 4276 1351 4341 ἀπόνοιαν,
1390 4273 1435 4330 ὧ
1478 4279 1740 4351 μακάριε,

182 4364 278 4419 τῶν
295 4368 519 4431 ἑαυτοὺς
541 4368 975 4439 ὲπιρῤιπτόντων
1002 4370 1270 4441 ἀμηχάνῳ
1296 4371 1581 4441 πράγματι
1606 4371 1742 4441 (58),

1918 4278 2275 4341 Dementiam,
2301 4277 2382 4332 vel
2414 4279 2597 4347 potius
2619 4279 2944 4347 vecordiam,
2966 4297 3000 4337 ο
3026 4283 3203 4349 beate,
3229 4300 3417 4341 eorum

1845 4370 1939 4438 qui
1972 4368 2292 4437 semetipsos
2322 4369 2617 4438 conjiciunt
2670 4372 2723 4424 in
2756 4374 3025 4442 negotium
3056 4374 3288 4439 dillicile,
3326 4385 3421 4431 aut

182 4457 212 4527 ἢ
240 4460 428 4531 ῥᾳδίως
459 4461 595 4515 αὐτὸ
618 4460 1087 4532 καταδεχομένων,
1110 4464 1473 4535 κωμῳδήσας,
1505 4465 1605 4518 οὐκ
1630 4461 1751 4518 οῖδα

1853 4471 2003 4517 certe
2043 4463 2097 4515 id
2152 4461 2315 4517 facile
2357 4464 2656 4533 recipiunt,
2708 4466 3031 4531 insectatus,
3080 4469 3267 4521 nescio
3311 4484 3420 4537 quo

182 4550 314 4616 ὅπως
349 4556 526 4607 ἐκεῖνο
594 4553 1035 4626 παραλέλοιπας,
1083 4554 1112 4607 ὃ
1152 4556 1384 4625 μάλιστα
1414 4556 1585 4626 αὐτὴν
1634 4556 1745 4608 δεί-

1850 4561 2011 4622 pacto
2040 4552 2168 4606 illud
2214 4554 2635 4621 praetermisisti,
2674 4554 2818 4624 quod
2854 4566 3034 4611 tamen
3065 4558 3147 4611 vel
3184 4560 3421 4615 maxime

184 4655 344 4695 κνυσι.
378 4642 443 4695 Τί
477 4640 573 4696 οὖν
604 4645 720 4696 ἐστι
743 4642 935 4709 τοῦτο;
979 4645 1053 4696 Οὐ
1082 4646 1282 4708 πάντες
1315 4646 1590 4716 ἄνθρωποι
1637 4649 1750 4710 τοῖς

1854 4659 1972 4699 eam
2001 4644 2255 4699 ostendit.
2304 4642 2569 4710 Quidnam
2600 4661 2729 4715 ergo
2760 4646 2889 4703 illud
2922 4650 3039 4704 eSt?
3084 4648 3201 4704 Non
3232 4666 3424 4707 omnes

184 4731 351 4795 αὐτοῖς
395 4735 704 4804 νοσήμασιν
749 4735 1031 4789 ἑάλωσανο
1085 4737 1207 4790 οὐδὲ
1250 4738 1449 4800 πάντες
1487 4740 1552 4808 τῇ
1605 4739 1743 4810 αὐτῇ

1853 4735 2102 4790 homines
2166 4735 2356 4790 iisdem
2406 4739 2609 4791 morbis
2662 4740 2953 4794 laborant:
3025 4740 3191 4814 494
3250 4759 3426 4813 neque

185 4821 434 4895 θεραπείᾳ
466 4827 705 4879 είκουσιν
729 4843 743 4857 °
774 4828 909 4881 ἀλλὰ
930 4828 1139 4881 πολλῶν
1162 4828 1331 4881 ὄντων
1360 4829 1455 4881 καὶ
1485 4828 1745 4881 ποικίλων

1851 4841 2043 4881 omnes
2075 4828 2250 4883 eidem
2279 4830 2549 4885 curationi
2581 4830 2801 4896 cedunt,
2832 4835 2927 4887 sed
2948 4849 3069 4888 cum
3103 4836 3213 4889 sint
3241 4836 3426 4891 multa:

185 4916 269 4967 καὶ
300 4919 652 4972 παντοδαπῶν
679 4919 787 4971 τῶν
816 4921 1033 4985 παθῶν,
1070 4921 1137 4973 τὰ
1169 4920 1490 4991 βοηθήματα
1524 4919 1743 4973 πλείονα

1853 4935 1918 4975 ac
1943 4922 2109 4975 varia:
2152 4922 2443 4991 omnisque
2490 4923 2704 4992 generis
2748 4921 3081 4992 affectiones,
3118 4927 3317 4981 auxilia
3362 4940 3429 4981 ac

248 5079 289 5109 “
324 5077 484 5133 Prov.
518 5094 634 5145 vm,
668 5077 755 5134 16.
829 5079 876 5110 ’⁵³
905 5077 1063 5133 Prov.
1093 5093 1209 5141 xvt,
1243 5077 1298 5130 5.
1377 5077 1422 5109 ⁵ο
1454 5076 1609 5130 Deut.
1642 5091 1694 5141 v,
1725 5077 1763 5130 '5'

1890 5078 1933 5109 ⁸³
1963 5079 2158 5133 Matth.
2189 5093 2341 5145 xxxv,
2374 5078 2466 5135 45.

1290 5232 1522 5287 νΑῐὶΙᾸΕ
1562 5230 1944 5289 LECTIONES
1978 5231 2068 5287 ET
2107 5231 2347 5290 NOTAE.

250 5395 356 5464 (58)
395 5393 697 5462 Ἀμηχὰνῳ
716 5389 1306 5464 πράγματι-..Ιιιιοιιίςίι
1335 5388 1738 5464 sacerdotium,

1838 5396 2014 5464 e_t_erts
2062 5388 2331 5443 sacerdos.
2380 5374 2628 5464 Non_'_ita_
2671 5389 2939 5454 Basilius,
2996 5403 3100 5442 non
3139 5390 3226 5464 _ita
3266 5388 3425 5464 Joan.

187 5457 291 5519 sive
324 5457 717 5534 episcopatum,
749 5457 920 5534 cujus:
938 5457 1311 5534 difﬁcultatem
1333 5460 1580 5534 muneris
1611 5459 1738 5534 alibi
1841 5460 2447 5534 glirysostomus,___non
2483 5457 2911 5534 _Nazi_anzenus_,
2967 5474 3075 5512 non
3129 5460 3434 5529 Gregorius

186 5527 386 5606 quoque
414 5527 553 5600 saepe
575 5527 854 5606 describit.
883 5531 959 5583 Eo
988 5540 1164 5606 tamen
1197 5529 1356 5606 multi
1373 5528 1506 5599 nihil
1532 5529 1743 5606 facilius
1840 5527 2089 5606 Magnus,
2124 5528 2373 5606 nonjalii,
2407 5528 2771 5606 qui__re_gimei_i
2800 5531 3107 5606 animarum
3136 5527 3306 5606 artem
3354 5547 3436 5606 ar-

186 5596 537 5672 esse'putan't,
590 5602 789 5670 φαῦλόν
814 5618 865 5672 τι
897 5600 1015 5672 Δκαὶ
1066 5596 1496 5672 πεπατημένοιζΔ
1513 5599 1747 5672 πρᾶγμα

1844 5596 1974 5672 tium
2012 5596 2460 5672 pronuntiarunt.
2490 5596 2644 5672 Unde
2663 5608 2720 5672 et
2754 5597 2995 5672 lguatius
3026 5600 3186 5672 epist.
3216 5600 3246 5652 7
3288 5603 3435 5672 scri-

186 5666 493 5745 ήγούμενοι,
524 5684 579 5726 ut
603 5666 687 5725 est
715 5670 855 5739 apud
882 5668 1088 5745 Isidor.
1134 5666 1354 5745 epistol.
1400 5667 1504 5745 122
1548 5678 1619 5745 et_
1644 5667 1745 5729 199

1844 5668 1953 5745 psit
1979 5666 2329 5745 adspersam
2358 5668 2474 5745 ἐστὶ
2505 5668 2567 5721 τὸ
2601 5666 2820 5722 πάντων
2848 5669 2908 5722 ὲν
2948 5666 3261 5740 ἀνθρώποις
3296 5671 3435 5740 ἁγα-

189 5724 824 5811 iliitix'ﬁﬁimim
882 5740 1008 5811 illud
1046 5724 1397 5811 proverbium
1422 5740 1533 5791 sive
1572 5724 1745 5811 dicte-

1847 5724 1956 5791 θῶν
1996 5724 2358 5807 avulsaeque.
2385 5737 2550 5793 um.

193 5820 317 5869 rium
354 5816 491 5883 vulgi
516 5806 688 5881 'quod
718 5811 885 5863 refert
932 5806 1193 5875 Agathias
1223 5825 1237 5860 :
1288 5806 1481 5861 Pedem
1520 5808 1745 5875 porrige,

490 5905 772 5966 ΡΑτιιοι.
808 5904 922 5964 Gn.
953 5900 1299 5962 LXXVIII.

3006 5895 3079 5955 39
