3886 6420
483 331 614 396 1227

1679 331 1736 388 S.
1782 326 2069 388 ISIDORI
2108 325 2543 386 PELUSIOTAE

3596 325 3722 386 1228

483 443 722 498 remedia
765 441 916 510 plura
949 440 1108 494 etiam
1155 456 1215 494 ac
1262 441 1431 511 magis
1473 440 1618 492 varia
1660 457 1779 495 esse
1803 449 2038 510 uportct.

2153 432 2284 488 εἶναι
2325 437 2527 504 ὀφείλει
2563 437 2656 488 καὶ
2697 435 3082 504 ποικιλώτερα.
3118 436 3180 487 Ei
3212 434 3270 486 δὲ
3297 434 3391 487 καὶ
3416 433 3637 502 θορυϐεῖ
3666 452 3721 486 σε

484 533 642 599 Quod
676 532 719 586 si
756 531 1029 601 perturbat
1061 539 1112 583 te
1147 531 1196 584 id
1228 535 1369 600 quod
1399 532 1598 584 dictum
1632 539 1734 592 est,
1774 529 2043 599 paulisper

482 623 712 686 sustine,
759 622 834 674 ita
877 619 1003 685 fiet,
1048 621 1220 686 utqui
1262 637 1404 674 nunc
1436 631 1487 673 te
1517 621 1718 674 detinet
1749 621 1913 673 animi
1959 629 2042 672 tu-

476 712 697 775 multus,
725 725 789 765 eo
809 719 995 781 vergat
1035 711 1270 772 tandem,
1303 721 1358 763 ut
1393 713 1560 780 magis
1589 712 1747 763 etiam
1784 712 2042 763 miseran-

488 805 587 857 dos
633 802 750 854 illos
777 817 898 856 esse
923 801 1216 854 existimet.
1283 800 1416 854 Cum
1455 802 1597 854 enim
1627 801 1774 854 multi
1816 816 1877 855 ac
1910 801 2042 852 varii

483 896 593 950 sint
637 891 984 962 (animorum)
1034 891 1236 958 morbi,
1294 892 1525 960 primum
1567 893 1783 960 quidem
1843 892 2043 945 homini

475 994 601 1038 nato
634 982 949 1052 perdiﬂicile
983 991 1147 1050 atque
1171 984 1398 1035 arduum
1435 991 1551 1047 est,
1601 997 1693 1037 eos
1737 992 2046 1050 perspectos

474 1085 529 1131 et
550 1075 796 1146 cognitos
827 1075 1053 1128 habere:
1085 1073 1278 1127 deinde
1304 1073 1515 1127 etiamsi
1547 1074 1793 1142 cognitos
1825 1074 2043 1136 habeat,

472 1180 634 1220 nosse
677 1165 837 1233 quale
874 1166 954 1218 eis
995 1161 1281 1217 conveniat
1331 1163 1652 1217 remedium.
1725 1162 1842 1216 Non
1897 1163 2041 1216 enim

472 1256 724 1310 omnibus
752 1255 940 1308 eadem
983 1265 1116 1323 apta,
1141 1254 1622 1321 convenientiaqne
1663 1265 1790 1308 sunt
1820 1254 2042 1315 auxilia,

472 1360 649 1416 neque
678 1360 867 1398 omnes
899 1345 1087 1398 iisdem
1114 1352 1370 1398 curantur
1422 1345 1696 1396 remediis.
1742 1343 1870 1396 Nam
1905 1343 2044 1410 quod

469 1441 615 1492 hunc
641 1437 804 1506 juvit,
842 1435 997 1488 alteri
1036 1435 1254 1489 nocuit:
1292 1442 1348 1488 et
1379 1435 1522 1501 quod
1557 1433 1712 1487 alteri
1752 1435 1886 1487 bene
1913 1449 2044 1486 suc-

469 1529 658 1594 cessit,
697 1530 798 1584 hoc
827 1527 1056 1581 alterum
1081 1528 1305 1582 evertit.
1367 1525 1445 1578 Ac
1474 1541 1540 1579 ne
1577 1526 1671 1579 tibi
1711 1526 1848 1580 forte
1883 1542 2044 1594 para-

471 1622 610 1675 doxa
655 1629 712 1674 et.
752 1621 986 1675 absurda
1033 1621 1276 1686 quaedam
1325 1617 1571 1686 proferre
1619 1617 1845 1682 videar,
1899 1619 2041 1686 quod

470 1713 677 1766 dictum
711 1724 815 1779 est,
846 1712 1005 1765 latius
1030 1711 1333 1780 explicabo.
1392 1710 1509 1764 Non
1543 1710 1636 1779 qui
1665 1709 1914 1763 oratione
1942 1709 2042 1762 du-

2143 527 2202 580 τὸ
2241 527 2550 598 εἰρημένον,
2594 527 2785 597 μικρὸν
2829 528 3140 596 ἀνάμεινον,
3169 528 3263 578 καὶ
3305 529 3334 578 ὁ
3367 525 3462 578 νῦν
3505 542 3564 576 σε
3595 543 3722 577 κατ-

2145 618 2285 688 έχων
2319 618 2547 689 θόρυϐος
2577 619 2655 681 εἰς
2684 619 2744 670 τὸ
2782 619 3023 680 ἐκείνους
3049 619 3208 670 πλέον
3241 617 3529 670 ταλανίσαι
3569 635 3726 687 μετα-

2145 714 2410 764 πεσεῖται.
2463 710 2681 763 Πολλῶν
2721 711 2829 780 γὰρ
2880 711 2973 762 καὶ
3014 709 3372 762 παντοδαπῶν
3405 709 3579 761 ὄντων
3624 710 3724 760 τῶν

2145 802 2625 872 ἀρρωστημάτων,
2667 802 2879 870 πρῶτον
2926 801 3024 872 μὲν
3086 802 3372 870 ἄνθρωπον
3413 801 3544 852 δντα
3577 801 3725 868 χαλε-

2154 895 2254 947 πὸν
2298 895 2550 954 συνιδεῖν,
2587 894 2777 946 ἔπειτα
2824 893 2880 946 δὲ
2946 895 3041 946 καὶ
3083 894 3354 962 μαθόντα,
3391 892 3454 944 τὸ
3498 893 3722 954 εἰδέναι,

2147 986 2295 1036 ποῖον
2325 983 2581 1054 ἁρμόττει
2611 983 2922 1054 φάρμακον.
2955 985 3030 1035 υὺ
3063 983 3174 1053 γὰρ
3201 985 3333 1035 πᾶσι
3368 982 3438 1034 τὰ
3462 981 3604 1034 αὐτὰ
3632 984 3722 1049 ἀρ·

2149 1076 2332 1144 μόττει
2375 1074 2711 1144 βοηθήματα,
2755 1075 2875 1127 οὐδὲ
2925 1075 3125 1137 πάντες
3177 1077 3286 1136 τοῖς
3337 1075 3527 1135 αὐτοῖς
3570 1073 3722 1142 θερα-

2150 1163 2402 1216 πεύονται
2428 1179 2440 1192 ·
2477 1165 2504 1216 ὃ
2551 1153 2660 1233 γάρ
2705 1163 2893 1217 τοῦτον
2941 1163 3263 1235 ὠφέλησεν,
3296 1165 3458 1218 ἄλλον
3493 1164 3686 1232 ἔϐλαψε
3708 1182 3719 1191 ·

2146 1259 2239 1309 καὶ
2273 1259 2332 1308 τὸ
2363 1257 2506 1325 ἄλλῳ
2554 1255 2892 1324 κατάλληλον
2917 1295 2932 1320 ,
2963 1256 3149 1324 ἓτερον
3183 1254 3446 1322 ἐπέτριψε
3475 1270 3489 1282 °
3525 1255 3615 1304 καὶ
3646 1255 3723 1304 ἵνα

2150 1349 2224 1418 μὴ
2249 1349 2462 1418 δόξαιμί
2491 1365 2573 1400 σοι
2602 1346 2881 1418 παράδοξά
2908 1365 3029 1400 τινα
3064 1346 3263 1413 λέγειν,
3305 1346 3648 1413 ἁπαμφιάσω
3672 1346 3724 1398 τὸ

2148 1441 2453 1510 λεγόμενον.
2489 1439 2600 1509 Οὐχ
2627 1441 2673 1491 οἱ
2705 1439 2847 1508 λόγῳ
2880 1439 3162 1508 ἀγόμενοι,
3198 1439 3291 1492 καὶ
3323 1440 3722 1508 παραδείγματι

2149 1531 2572 1602 σωφρονίζονται
2595 1549 2610 1564 ο
2643 1530 2780 1584 ἀλλὰ
2814 1529 2928 1600 (59)
2955 1530 2985 1581 ὁ
3018 1529 3118 1599 μὲν
3142 1530 3336 1600 τούτῳ,
3369 1533 3396 1582 ὁ
3430 1529 3487 1581 δέ
3520 1529 3720 1596 ἐκείνῳ,

2147 1627 2226 1686 εἰς
2275 1622 2519 1694 βελτίονα
2553 1624 2886 1676 κατάστασιν
2920 1610 3165 1690 ἄγονται.
3213 1622 3348 1674 Οὐδὲ
3398 1623 3448 1673 oi
3494 1620 3722 1688 κέντρων

2147 1713 2409 1782 δεόμενοι,
2442 1706 2586 1766 οὗτοι
2629 1712 2723 1764 καὶ
2766 1709 2998 1780 χαλινῶν
3030 1710 3309 1779 ἀνέχονται
3338 1726 3352 1740 ’
3391 1707 3509 1760 ἀλλ’
3545 1707 3592 1758 οἱ
3628 1706 3718 1775 μὲν

472 1812 698 1870 cuntur,
738 1803 901 1856 iidem
945 1812 1012 1866 et.
1047 1802 1292 1872 exemplo
1321 1801 1683 1856 emendantur
1731 1811 1786 1854 et
1825 1801 1891 1854 ad
1931 1816 2046 1853 mo-

2159 1777 2355 1876 νωθροὶ⁸
2374 1803 2486 1874 (60)
2509 1803 2603 1856 καὶ
2619 1777 2924 1872 δυσκίνητοι
2949 1803 3011 1854 τὸ
3037 1777 3218 1866 καλδν,
3249 1802 3314 1869 τῇ
3335 1800 3529 1868 λογικῇ
3554 1798 3720 1867 πληγῇ

484 1893 715 1947 destiam
745 1892 1072 1956 ﬂectuntur;
1115 1892 1209 1946 sed
1240 1890 1376 1945 alius
1408 1890 1532 1956 hoc,
1564 1889 1699 1944 alius
1735 1889 1824 1943 illo
1847 1890 1898 1943 in
1932 1903 2048 1944 me-

476 1985 670 2041 liorem
706 1993 913 2039 statum
950 1984 1328 2038 traducuntur.
1367 1981 1554 2050 Neque
1582 1981 1654 2036 illi
1695 1985 1784 2050 qui
1818 1981 2050 2036 stimulis

475 2075 742 2144 indigent,
782 2075 942 2128 iidem
972 2075 1133 2128 etiam
1179 2073 1363 2126 frenos
1401 2073 1724 2143 patiuntur:
1778 2073 1872 2126 sed
1910 2072 2049 2142 pigri

471 2165 690 2236 quidem
723 2175 881 2235 atque
908 2165 1107 2236 ignavi,
1142 2164 1232 2232 qui
1270 2165 1338 2218 ad
1371 2165 1710 2219 honestatem
1743 2177 2041 2232 capessen-

471 2257 596 2311 dam
621 2255 902 2310 diﬂiculter
932 2266 1336 2326 permoventur,
1371 2256 1596 2309 rationis
1620 2253 1772 2324 plaga
1800 2256 2046 2309 excitan-

480 2356 606 2414 tur;
644 2347 735 2417 qui
773 2357 950 2402 autem
996 2346 1143 2415 justo
1185 2347 1542 2403 ferventiores
1570 2357 1720 2412 sunt,
1753 2361 1851 2401 nec
1891 2348 2050 2402 facile

480 2439 804 2502 retinentur,
847 2453 911 2492 ac
956 2448 1208 2508 tanquam
1265 2439 1396 2508 pulli
1450 2439 1743 2509 (indomiti)
1798 2442 2046 2508 procula

477 2529 622 2583 linea
680 2530 950 2594 feruntur,
993 2529 1028 2583 ii
1068 2531 1488 2599 constringendo
1523 2533 1916 2602 retinendoque
1962 2535 2052 2602 ju-

479 2633 695 2674 vantnr.
763 2620 867 2674 Alii
919 2620 1204 2684 laudibus,
1245 2623 1335 2675 alii
1380 2625 1894 2690 reprehensionibus
1929 2640 2050 2678 cor-

473 2711 747 2781 riguntur,
803 2711 850 2766 si
900 2722 1128 2778 utraque
1177 2713 1494 2780 tempestive
1539 2714 1920 2783 adhibeantur.
1992 2716 2048 2770 ltt

475 2803 809 2856 contrariam
845 2817 974 2856 vero
1003 2803 1196 2857 cadent
1239 2813 1452 2871 partem
1483 2844 1497 2867 ,
1543 2807 1587 2859 si
1619 2817 1769 2860 extra
1817 2808 1960 2876 jnsta
1996 2820 2052 2862 et

473 2891 852 2948 convenientia
900 2901 1146 2962 tempora
1177 2904 1490 2964 evagentur.
1551 2896 1655 2950 Alii
1704 2914 1935 2969 namque
1959 2915 2051 2954 co-

475 2985 767 3040 hortationi
797 2985 1018 3050 cedunt,
1083 2985 1174 3039 alii
1207 2985 1603 3056 objurgationi;
1635 2989 1728 3043 alii
1752 2991 1966 3060 quidem
1999 2992 2052 3046 in

2147 1897 2501 1968 διεγείρονται
2527 1913 2541 1927 °
2593 1897 2642 1948 οἱ
2673 1896 2730 1949 δὲ
2761 1896 3083 1965 θερμότεροι
3119 1893 3214 1946 τοῦ
3245 1893 3461 1956 δέοντος
3489 1893 3582 1947 καὶ
3605 1893 3722 1946 δυσ-

2156 1989 2430 2050 κάθεκτοι,
2471 1990 2565 2041 καὶ
2607 1988 2859 2058 καθάπερ
2907 1986 3075 2039 πῶλοι
3129 1986 3318 2055 πόρρω
3380 1989 3484 2054 τῆς
3535 1984 3721 2054 νύσσης

2147 2083 2425 2153 ὁρμῶντες
2446 2123 2460 2147 ,
2489 2082 2567 2151 τῷ
2593 2081 2856 2151 ἄγχεσθαι
2889 2079 2981 2132 καὶ
3021 2078 3424 2132 ἀνακόπτεσθαι
3455 2077 3716 2146 ὠφελοῦν-

2147 2192 2256 2228 ται.
2285 2177 2347 2227 Οἱ
2377 2174 2474 2244 μὲν
2504 2174 2744 2235 ἐπαίνοις
2763 2215 2776 2237 ,
2805 2173 2854 2224 οἱ
2881 2171 2937 2224 δὲ
2962 2171 3149 2246 ψόγοις
3176 2169 3598 2240 σωφρονίζονται
3617 2211 3630 2233 ,
3660 2170 3718 2238 ἦν

2150 2267 2437 2337 ἀμφότερα
2460 2266 2690 2336 καιρίως
2722 2265 2962 2333 γένοιντο
2987 2282 3000 2294 ο
3031 2266 3110 2326 εἰς
3131 2263 3443 2317 τούναντίον
3473 2263 3530 2315 δὲ
3566 2279 3716 2333 μετα-

2150 2361 2431 2422 πεσεῖται,
2461 2359 2509 2410 εί
2557 2357 2660 2423 ἔξω
2693 2356 2799 2408 τῶν
2831 2357 3038 2426 καιρῶν
3069 2355 3340 2425 φέροιντο.
3385 2356 3451 2406 Οἱ
3494 2353 3589 2424 μὲν
3621 2355 3716 2422 γὰρ

2151 2451 2497 2521 παρακλήσει
2516 2450 2775 2512 εἴκουσιν,
2803 2450 2849 2502 οἱ
2873 2447 2928 2500 δὲ
2955 2449 3301 2518 ἐπιτιμήσει·
3327 2449 3377 2500 οἱ
3403 2447 3506 2517 μὲν
3529 2450 3582 2499 ἐν
3610 2446 3718 2498 συλο

2151 2545 2330 2613 λόγοις
2363 2544 2729 2614 ἐλεγχόμενοι,
2755 2543 2808 2595 οἱ
2833 2542 2888 2594 δὲ
2923 2545 2982 2594 ἐν
3013 2540 3351 2614 παραϐύστῳ
3381 2539 3717 2608 νουθετούμες

2151 2651 2230 2687 νοι
2269 2633 2653 2704 ἀποτρίϐονται
2713 2631 2782 2704 τά
2829 2630 3213 2695 ἐλαττώματαο
3269 2630 3485 2699 φιλοῦσι
3531 2631 3632 2700 γὰρ
3671 2629 3716 2681 οἱ

2155 2723 2252 2794 μὲν
2291 2701 2651 2794 καταφρονεῖν
2693 2701 2801 2775 τῶν
2850 2721 3247 2790 διαλεγομένων
3285 2721 3439 2789 (61),
3493 2720 3710 2790 δημοσία

2151 2815 2464 2885 ἐπιτιμήσει
2504 2811 2993 2883 σωφρονιζόμενοι·
3031 2814 3079 2864 οἱ
3121 2811 3176 2862 δὲ
3224 2811 3362 2878 πρὸς
3404 2813 3529 2874 τοὺς
3562 2811 3714 2879 δημο-

2155 2904 2301 2966 σίους
2332 2904 2588 2973 ἐλέγχους
2620 2902 2818 2972 μᾶλλον
2839 2901 3192 2970 ἀποδυόμενοι
3225 2901 3320 2952 καὶ
3341 2901 3440 2970 τὴν
3470 2899 3712 2968 αἰσχύνην

2154 2995 2538 3058 ἀποσείεσθαι,
2567 2992 2645 3063 τῷ
2675 2993 2773 3064 τῆς
2824 2993 3193 3062 ἐπιτιμήσεως
3243 2990 3601 3062 μυστηριώδει
3631 2991 3712 3042 καὶ

473 3076 827 3130 conventibus
862 3090 925 3130 ac
958 3075 1190 3131 canibus
1243 3077 1525 3133 hominum
1559 3081 1910 3150 reprehensi,
1956 3083 2046 3138 alii

2155 3091 2220 3160 τῇ
2278 3086 2588 3157 συμπαθείᾳ
2645 3085 2780 3155 πρὸς
2831 3083 3142 3137 εὐπείθειαν
3205 3082 3709 3153 παιδοτριῶὺμενοι.

472 3182 605 3222 vero
637 3168 690 3220 in
733 3167 992 3235 penetrali
1036 3168 1229 3222 domus
1265 3169 1524 3224 admoniti
1561 3186 1691 3226 suos
1726 3188 1907 3228 naevos
1950 3174 2042 3229 de-

473 3267 704 3328 tergent.
773 3257 963 3311 Solent
996 3257 1141 3310 enim
1189 3259 1280 3313 alii
1329 3263 1589 3329 quidem,
1639 3279 1760 3317 cum
1810 3265 2046 3334 alioquin

472 3354 886 3403 contemnerent
917 3361 1011 3402 eos
1041 3350 1132 3418 qui
1173 3351 1240 3402 ad
1289 3350 1434 3419 ipsos
1466 3353 1631 3406 verba
1662 3351 1864 3408 faciunt
1889 3394 1905 3421 ,
1947 3371 2048 3424 pu-

471 3440 617 3496 blica
679 3439 1053 3509 increpatione
1102 3441 1352 3512 corrigi;
1426 3442 1518 3496 alii
1571 3453 1753 3496 autem
1805 3459 1927 3497 cum
1982 3445 2048 3498 ad

475 3550 717 3620 publicas
739 3548 1191 3617 reprehensiones
1219 3549 1398 3619 petius
1426 3549 1860 3621 impudentiores
1894 3552 2046 3619 ﬁant,

471 3651 798 3706 omnemque
829 3637 1089 3705 pudorem
1129 3637 1448 3703 excutiant,
1507 3638 1716 3706 privata
1763 3649 1817 3694 et
1845 3656 2049 3696 arcana

473 3728 848 3798 objurgatione
904 3728 1128 3782 remotis
1201 3728 1428 3784 arbitris
1499 3729 1644 3784 facta
1675 3773 1690 3798 ,
1737 3745 1948 3786 necnon
2002 3735 2047 3788 si

473 3824 839 3889 ostendamus,
872 3836 969 3876 nos
1005 3821 1244 3890 ipsorum
1264 3821 1438 3876 vicem
1468 3823 1674 3887 dolere,
1703 3827 1769 3878 ad
1796 3825 2049 3882 obedien-

478 3917 604 3968 tiam
637 3914 992 3967 instituuntur
1019 3921 1074 3967 et
1105 3912 1424 3967 assueﬁunt.
1465 3911 1635 3968 Porro
1661 3915 1796 3970 alios
1830 3917 2046 3984 quidem

477 4022 575 4078 per
617 4007 801 4060 omnia
839 4005 1130 4060 observare
1162 4004 1450 4070 convenit,
1501 4019 1636 4074 quos
1672 4007 1925 4061 nimirum
1959 4009 2048 4064 illa

476 4097 683 4165 epinio,
719 4094 866 4166 quod
922 4103 1109 4164 putant
1148 4109 1206 4149 se
1234 4094 1426 4159 latere,
1460 4097 1586 4156 dum
1636 4097 1688 4150 id
1727 4099 2042 4166 moliuntur,

476 4202 731 4260 tanquam
763 4187 1118 4257 sapientiores
1152 4186 1435 4241 inﬂaverit.
1474 4187 1715 4242 Aliorum
1751 4203 1879 4244 vero
1915 4207 2049 4244 non-

476 4280 640 4334 nullae
670 4289 796 4334 sunt
825 4280 1067 4332 actiones
1102 4277 1324 4340 vitiosae,
1355 4293 1490 4346 quas
1516 4280 1677 4333 etiam
1705 4281 2049 4336 dissimulare

475 4379 758 4439 oporteat,
793 4385 859 4424 ne
892 4371 960 4423 ad
1004 4369 1355 4424 indolentiam
1389 4369 1692 4433 irritentur,
1726 4369 2050 4441 tandemque

2154 3180 2292 3242 Τοὺς
2315 3179 2412 3249 μὲν
2443 3178 2580 3231 κατά
2604 3177 2780 3232 πάντα
2803 3178 3146 3248 παρατηρεῖν
3173 3177 3464 3246 προσήκει,
3486 3177 3634 3238 ὅσους
3657 3173 3711 3226 τὸ

2153 3271 2356 3324 οἴεσθαι
2406 3269 2722 3332 λανθάνειν,
2775 3269 2963 3340 ἐπειδὴ
3010 3268 3169 3321 τοῦτο
3215 3269 3592 3339 μηχανῶνται,
3643 3269 3709 3329 ὡς

2156 3359 2493 3431 σοφωτέρους
2530 3359 2772 3430 ὲφύσησε
2795 3374 2808 3388 ·
2860 3359 2971 3412 τῶν
3008 3359 3053 3412 δ’
3091 3359 3237 3412 ἐστιν
3271 3359 3306 3412 ἃ
3349 3360 3443 3414 καὶ
3483 3360 3708 3428 παρορᾷν

2155 3452 2350 3523 χρεὼν,
2378 3453 2464 3506 ἵνα
2494 3452 2568 3522 μή
2598 3451 2733 3522 πρὸς
2759 3451 3095 3522 ἀναλγησίαν
3123 3450 3492 3521 ἐρεθίζωνται,
3514 3450 3604 3502 καὶ
3627 3465 3706 3500 τε-

2155 3543 2399 3598 λευταῖον
2431 3542 2544 3614 (62)
2589 3543 2724 3613 πρὸς
2769 3542 2981 3596 ἅπαντα
3006 3543 3272 3610 γένωνται
3307 3541 3616 3602 ἀκάθεκτοι,
3654 3539 3708 3592 τὸ

2158 3635 2413 3704 μέγιστον
2447 3635 2526 3698 εἰς
2551 3633 2724 3687 πειθὼ
2755 3636 3046 3705 φάρμακον
3072 3634 3172 3706 τὴν
3206 3633 3340 3686 αἰδῶ
3361 3631 3708 3703 ἀποτριψάμεο

2155 3745 2256 3781 νοι.
2288 3729 2396 3782 Καὶ
2431 3727 2742 3798 ὀργίζεσθαι
2771 3727 2814 3780 δ’
2841 3727 2920 3780 ἔτι
2958 3729 3038 3790 εἰς
3076 3727 3104 3780 ὃ
3135 3727 3240 3798 χρὴ
3261 3765 3277 3790 ,
3309 3727 3409 3780 οὐκ
3439 3724 3706 3797 ὀργιζομέ-

2154 3837 2298 3885 νους,
2331 3822 2424 3874 καὶ
2450 3821 2722 3891 ὑπερορᾷν
2749 3820 2847 3890 οὐχ
2882 3820 3262 3891 ὑπερορῶντας
3281 3861 3295 3886 ,
3335 3821 3428 3873 καὶ
3460 3817 3706 3887 ἀπογινώ-

2157 3929 2309 3966 σκειν
2342 3913 2441 3966 οὐκ
2485 3912 2993 3980 ἀπογινώσκονταςο
3042 3913 3135 3966 καὶ
3178 3912 3371 3974 ἄλλους
3425 3913 3516 3982 μὲν
3551 3912 3705 3962 ἐπιει-

2155 4010 2279 4078 κείᾳ
2312 4007 2654 4080 θεραπεύειν,
2696 4006 2889 4070 ἀλλους
2924 4006 2982 4059 δὲ
3019 4003 3318 4076 χωρισμῴ·
3356 4003 3586 4065 καὶτοὺς
3615 4001 3703 4070 μὲν

2155 4102 2342 4171 νικᾷν,
2392 4100 2499 4154 τῶν
2551 4099 2607 4152 δὲ
2659 4099 2754 4152 καὶ
2807 4098 3072 4168 ἡττᾶσθαι
3133 4097 3339 4162 δοκεῖν,
3382 4099 3522 4158 ὅσοις
3563 4091 3703 4146 τοῦτο

2155 4194 2438 4247 λυσιτελεῖ.
2476 4192 2758 4245 Τοσούτων
2809 4186 2902 4244 οὖν
2934 4189 3102 4242 ὄντων
3156 4190 3248 4243 καὶ
3291 4189 3400 4241 τῶν
3441 4189 3702 4257 ἀρρωστη-

2160 4289 2345 4358 μάτων
2375 4287 2469 4340 καὶ
2498 4286 2604 4337 τῶν
2653 4283 3042 4354 βοηθημάτων,
3080 4282 3176 4334 καὶ
3219 4281 3435 4334 πάντων
3489 4279 3558 4348 μὴ
3604 4277 3700 4336 τοῖς

2159 4381 2340 4441 αὐτοῖς
2391 4377 2676 4441 εἰκόντων,
2723 4376 2856 4429 ἀλλὰ
2902 4376 2997 4427 καὶ
3045 4373 3352 4426 τούναντίον
3393 4374 3470 4433 εἰς
3510 4369 3699 4438 χείρονα

477 4478 572 4531 per
606 4462 787 4516 omnia
823 4458 958 4514 tales
988 4459 1242 4526 evadant,
1265 4459 1358 4529 qui
1389 4459 1535 4514 nulla
1566 4462 1773 4515 ratione
1804 4463 1856 4517 in
1878 4463 2046 4520 cilicio

2156 4467 2600 4538 πλημμελήματα
2639 4463 3028 4536 ἐρεθιζομένων
3067 4462 3199 4532 (65),
3242 4461 3324 4524 τίς
3375 4461 3449 4531 μὴ
3495 4458 3565 4527 τῷ
3591 4455 3700 4522 θείῳ

477 4561 677 4620 queant
707 4551 1017 4615 contineri,
1051 4551 1250 4620 quippe
1283 4551 1376 4618 qui
1408 4553 1663 4620 pudorem
1697 4569 1760 4606 ac
1786 4569 2051 4610 verecun-

475 4644 662 4707 diam,
713 4643 1008 4696 maximum
1053 4643 1183 4696 illud
1213 4641 1536 4698 obedientize
1583 4646 1920 4711 remedium,
1957 4649 2050 4702 de-

479 4733 728 4786 triverint
758 4741 922 4802 atque
955 4733 1336 4792 absterserint.
1387 4731 1656 4788 Prmterea
1691 4736 1851 4789 etiam
1890 4737 2048 4794 irasci

477 4824 750 4878 nonnullis
797 4825 849 4878 in
879 4826 1115 4892 speciem
1149 4833 1382 4894 oportet,
1416 4827 1665 4893 quamvis
1701 4843 1890 4882 revera
1925 4830 2049 4886 irati

2157 4559 2435 4628 Πνεύματι
2462 4557 2560 4627 τὴν
2587 4556 2763 4626 ψυχὴν
2787 4553 3078 4625 φωτισθεὶς
3097 4595 3112 4620 ,
3140 4553 3338 4606 εἰδέναι
3367 4552 3401 4620 ἧ
3429 4547 3696 4619 ἐπαρκέσαι

2155 4652 2472 4720 δυνήσεται;
2502 4648 2614 4701 ἀλλ’
2639 4646 2821 4716 ἐπειδὴ
2842 4646 3050 4718 ἄρχειν,
3081 4646 3129 4697 εἰ
3159 4645 3255 4697 καὶ
3279 4643 3458 4714 ἀρχὴν
3488 4637 3698 4710 νομίζου-

2159 4762 2243 4797 σιν
2274 4740 2578 4810 ἐπιτηδείαν
2599 4738 2802 4802 αὑτοῖς,
2832 4735 3091 4806 τολμῶσι,
3129 4736 3265 4805 μήτε
3287 4734 3390 4804 τὴν
3418 4731 3698 4800 δυσχέρειαν

2159 4830 2484 4893 ἐννοοῦντες,
2516 4831 2651 4899 μήτε
2680 4828 2779 4898 τῆς
2825 4825 3158 4895 Δεσποτικῆς
3195 4824 3381 4893 φωνῆς
3424 4820 3695 4878 ἀκούοντες,

1584 4960 1818 5016 νΑΒΙιλΕ
1859 4963 2247 5024 LECTIONES
2284 4965 2374 5021 ET
2411 4963 2641 5020 NOTAE.

547 5125 661 5196 (59)
699 5121 833 5196 Post
862 5121 999 5176 ἀλλὰ
1028 5120 1163 5196 cod.
1197 5119 1319 5174 Vat.
1342 5120 1606 5196 _(i50_pro
1642 5121 1671 5172 6
1707 5121 1803 5190 μὲν
1844 5121 1970 5193 legit
1999 5128 2048 5178 οἱ

479 5188 596 5267 μὲν,
623 5188 866 5267 ct_paulo
894 5200 1012 5267 post
1043 5193 1091 5267 οἱ
1119 5191 1176 5267 δὲ
1207 5204 1303 5258 pro
1322 5191 1359 5267 _6
1382 5190 1467 5267 δέ.
1489 5188 1700 5267 Possm.

551 5266 660 5335 (60)
692 5258 798 5319 Pro
825 5258 1020 5335 νωθροὶ
1045 5261 1204 5335 habet
1241 5259 1453 5335 νωθεῖς.
1489 5258 1569 5335 lu.

548 5321 660 5405 (et)
696 5336 798 5390 Pro
819 5321 1229 5405 διαλεγομένων-
1251 5321 1438 5382 scribit
1495 5331 1636 5405 idem
1682 5330 1787 5405 ἰδίᾳ
1812 5332 2048 5405 λεγογμέ-

475 5399 600 5463 νων.
622 5399 776 5461 Vers.
809 5414 925 5472 post
945 5402 1000 5467 2,
1030 5399 1386 5468 ἀποδυόμενοι
1416 5409 1586 5452 mutat
1617 5402 1667 5452 in
1698 5399 2046 5457 ἀποδύεσθαι.

479 5478 791 5550 Vers._seq._
812 5471 931 5542 post
979 5471 1347 5550 ἐπιτιμήσεως
1391 5485 1510 5550 qua:
1549 5481 1846 5550 sequuntur
1879 5488 2050 5550 usque

478 5548 545 5600 ad
574 5546 699 5608 τοὺς
739 5540 836 5613 μὲν
882 5540 1156 5613 exclusive
1200 5541 1280 5594 sic
1323 5540 1544 5613 exhibet
1590 5541 1709 5613 cod.
1753 5541 1873 5593 Vat.
1923 5543 2050 5606 650,

482 5608 764 5700 μυστηρίῴ
797 5611 1300 5682 παιδοτριὸούμενοι
1333 5610 1425 5661 καὶ
1473 5608 1824 5679 ἀμειϐόμενοι
1867 5615 1932 5682 τῇ
1962 5614 2051 5664 εὑ-

482 5685 694 5733 πειθεια
723 5683 820 5733 τὴν
853 5681 1214 5733 συμπάθειαν.
1245 5680 1318 5733 ID.

481 5681 694 5754 πειθείᾲ
723 5681 820 5754 τὴν
853 5681 1214 5752 συμπάθειαν.
1245 5681 1318 5733 ID.

551 5755 662 5812 (62)
691 5752 830 5810 Idem
851 5753 1154 5804 τελευταῖον
1190 5761 1363 5806 mutat
1395 5751 1446 5806 in
1479 5749 1854 5815 τελευτῶντες.
1891 5750 2041 5807 Vers.

2154 5143 2271 5191 seq.
2296 5141 2393 5195 pro
2413 5124 2473 5178 τὸ
2507 5123 2762 5195 μέγιστον
2784 5123 2864 5184 εἰς
2891 5116 3066 5195 πειθὼ
3087 5118 3411 5195 φάρμακον,
3450 5116 3565 5169 cod.
3598 5113 3695 5167 Vat.

2154 5188 2258 5253 650
2291 5188 2469 5260 habet,
2499 5188 2560 5246 τὸ
2591 5188 2830 5262 ’μέγεθος
2854 5191 2954 5260 τῆς
2990 5188 3207 5262 πιθοῦς
3241 5189 3549 5262 φάρμακον.

2224 5252 2334 5336 (ϋὸ)
2357 5252 2497 5336 Idem
2516 5252 3098 5336 ἐρέθιζομένωνιῃμῑαι
3121 5259 3173 5336 in
3191 5252 3694 5336 ἐρεθίζοντωνΝετε.

2153 5326 2268 5404 seq.
2295 5326 2418 5402 post
2448 5326 2565 5387 an"
2595 5326 2748 5404 addit
2769 5331 2918 5389 ἴσως.
2956 5329 3108 5404 Vers.
3142 5327 3194 5404 β,
3223 5326 3372 5404 post
3397 5326 3576 5404 ἄρχειν
3601 5337 3695 5400 qua:

2159 5395 2460 5474 scqttitntttr
2495 5405 2545 5456 in
2583 5403 2726 5455 edito
2766 5414 2937 5469 usque
2979 5401 3042 5451 ad
3082 5397 3322 5465 τολμῶσι
3361 5395 3606 5449 inclusive
3635 5395 3695 5444 sic

2159 5478 2323 5528 codex
2359 5473 2479 5525 Vat.
2527 5471 2632 5526 650
2675 5470 2914 5530 exhibet,
2959 5468 3146 5530 ἁπλῶς
3191 5466 3362 5536 αὐτὴν
3404 5459 3542 5536 εἶναι
3568 5459 3694 5536 νομί·

2154 5483 2323 5528 codex
2364 5483 2479 5525 Vat.
2527 5483 2632 5526 650
2675 5483 2914 5530 exntbet,
2959 5483 3146 5530 arrch
3191 5483 3362 5530 αυτην
3411 5483 3542 5518 ειναι
3568 5483 3694 5529 νομι-

2152 5543 2359 5609 ζουσιν,
2390 5541 2608 5595 ἐπειδὰν
2651 5540 2805 5593 αὑτοὶ
2859 5537 3118 5609 τολμῶσι.
3159 5533 3329 5609 νοτε(
3363 5535 3459 5588 υΙι.
3496 5547 3576 5609 ep.
3603 5533 3692 5584 lucc

2161 5602 2356 5676 verba,
2369 5611 2464 5665 τοῦ
2502 5611 2703 5664 διδόναι
2747 5609 2932 5672 αὐτοῖς
2958 5602 3031 5661 ’τὸ
3059 5604 3425 5677 σιτομέτριον,
3451 5602 3641 5674 ;absunt
3665 5615 3690 5650 ι

2161 5689 2274 5736 cod.
2309 5682 2429 5736 Vat.
2472 5681 2595 5736 650.
2624 5679 2700 5733 ID.

2156 5689 2274 5740 cod.
2312 5689 2429 5736 Vat.
2472 5689 2595 5736 ϋὸυ.
2624 5689 2700 5733 lu.
