3886 6420
196 422 314 484 Ῑὲθ
1040 419 1574 481 EPISTOLARUM
1611 418 1751 478 LIB.

1859 420 1889 476 '.
1929 443 1995 451 -
2031 418 2270 478 EPIST.
2313 419 2558 480 CXLVI.
3272 411 3406 474 1230

193 532 319 585 οὕτω
342 532 399 583 τὸ
430 531 649 584 σπάνιον
679 533 1114 604 ἐνδεικνυμένης,
1136 536 1212 596 ὡς
1233 536 1327 587 καὶ
1358 532 1740 602 ἐπαπορητικῇ

1859 542 1949 581 ion
1985 528 2177 594 simus,
2208 539 2261 583 et
2290 530 2564 599 uegiigerc
2592 526 2770 596 aliqua
2792 564 2808 591 ,
2840 523 3054 577 tametsi
3097 536 3202 575 non
3236 525 3409 591 negli-

194 621 477 694 χρήσασθαι
504 622 640 687 λέξει
664 640 677 652 ·
715 642 736 674 ί
796 623 890 686 Τίς
928 625 1039 693 ἄρα
1071 624 1217 676 ἐστὶν
1258 624 1287 674 ὁ
1334 621 1525 684 πιστὸς
1556 618 1741 681 δοῦλος

1859 636 2073 686 gamus:
2127 630 2181 673 et
2226 621 2355 676 alios
2382 623 2599 691 quidem
2650 618 3021 675 moderatione
3064 623 3117 667 et
3159 615 3414 683 a-quitate

194 716 276 768 καὶ
297 714 571 784 φρόνιμος,
604 714 664 767 ὃν
693 718 1023 786 καταστήσει
1051 718 1079 768 ὁ
1102 718 1302 787 Κύριος
1324 716 1415 766 ἐπὶ
1438 714 1537 783 τῆς
1564 712 1739 772 οίκίας

1859 712 2013 764 mimi
2044 728 2270 778 sanare;
2304 714 2440 767 alios
2467 728 2595 767 vero
2627 711 3001 780 separatione:
3037 724 3093 767 et
3127 713 3261 766 alios
3289 708 3411 776 Qui-

191 802 337 857 αύτοῦ
355 844 368 867 ,
397 803 489 856 τοῦ
519 804 714 856 διδόναι
745 806 923 867 αὐτοῖς
953 806 1013 857 τὸ
1038 806 1414 875 σιτομέτριον;
1454 822 1471 853 ι

1859 804 1966 856 lem
2002 806 2217 859 vincere
2247 823 2260 869 ;
2315 806 2381 858 ab
2414 805 2535 859 aliis
2576 816 2754 859 autem
2784 808 2921 861 vinci
2975 822 3188 877 quoque
3218 806 3411 868 videri,

193 898 368 963 quibus
394 897 642 952 videlicet
680 901 780 955 hoc
806 901 1038 969 expedit.
1076 900 1239 971 495
1293 901 1426 953 Cum
1460 898 1622 965 igitur
1687 906 1764 950 tot
1805 907 2021 966 tamque
2099 900 2409 968 multiplicia
2456 902 2567 954 siut
2612 918 2814 969 genera
2880 914 2936 956 ct
3003 902 3312 955 morborum
3361 910 3418 954 et

193 988 518 1055 auxiliorum,
547 1006 724 1061 neque
757 1007 946 1047 omnes
983 992 1172 1046 iisdem
1202 993 1414 1055 cedant,
1444 990 1537 1044 sed
1581 990 1745 1044 etiam
1786 1002 1970 1044 contra
2010 993 2075 1045 ad
2108 994 2371 1046 deteriora
2410 1009 2791 1061 nonnumquam
2830 1005 3045 1062 peccata
3087 995 3415 1047 admittenda

195 1081 491 1135 irritentur:
547 1086 701 1150 quis,
748 1098 952 1152 qumso,
1005 1094 1097 1137 aut
1130 1084 1307 1136 omnia
1339 1084 1505 1145 scire,
1552 1092 1645 1135 aut
1684 1082 1808 1135 huic
1850 1093 2000 1136 tanto
2034 1085 2241 1136 muneri
2298 1100 2390 1151 par
2420 1101 2538 1139 esse
2564 1096 2755 1154 queat,
2801 1088 2901 1139 nisi
2940 1088 3151 1141 divinus
3184 1087 3418 1155 Spiritus

196 1173 414 1226 animum
451 1174 622 1241 ipsius
649 1174 979 1229 illustrarit?
1026 1176 1131 1228 Sed
1158 1175 1284 1243 quia
1328 1174 1612 1243 imperium
1643 1173 1743 1227 sibi
1783 1174 1949 1241 probe
2013 1176 2303 1229 convenire
2372 1176 2713 1241 existimant,
2776 1176 2897 1231 ideo
2944 1187 3145 1230 tantum
3196 1187 3417 1231 sumunt

196 1265 412 1319 audacia:
438 1265 915 1336 (utepiscopatum
948 1265 1248 1336 invadant),
1285 1282 1457 1334 neque
1488 1266 1605 1334 ejus
1638 1265 2010 1320 difﬁcultatem
2039 1268 2276 1321 muneris
2339 1268 2477 1336 apud
2547 1269 2787 1321 animum
2859 1271 3273 1338 perpendentes,
3327 1284 3418 1323 ne-

194 1370 288 1425 que
315 1370 496 1412 vocem
528 1356 865 1413 Dominicam
901 1359 1204 1421 audientes,
1243 1373 1363 1426 qua:
1394 1358 1530 1412 adeo
1560 1372 1742 1411 rarum
1785 1359 2059 1427 negotium
2086 1373 2205 1412 esse
2234 1360 2571 1413 demonstrat
2634 1360 2716 1427 (ut
2741 1360 2862 1427 quis
2929 1360 3066 1414 bene
3100 1362 3147 1414 ei
3191 1361 3412 1430 praesit),

196 1458 245 1501 ut
266 1448 421 1501 etiam
454 1448 819 1503 dubitabunda
847 1450 1096 1503 oratione
1134 1464 1261 1502 usus
1294 1448 1478 1513 fuerit,
1511 1450 1731 1502 dicens:
1781 1467 1798 1498 ι
1824 1448 1977 1514 Quis,
2028 1460 2206 1517 putas,
2257 1459 2341 1503 est
2389 1449 2561 1504 ﬁdelis
2625 1465 2813 1504 servus
2841 1459 2897 1505 et
2966 1452 3223 1520 prudens,
3256 1466 3416 1522 quem

184 1542 463 1596 constituet
503 1540 762 1596 Dominus
796 1557 960 1612 super
997 1544 1253 1597 familiam
1296 1559 1450 1598 suam
1476 1583 1493 1607 ,
1555 1552 1613 1596 ut
1640 1544 1732 1598 det
1779 1543 1884 1599 illis
1917 1545 2315 1599 demensum?»

458 1661 654 1728 ΡΜΕΤ.
692 1693 761 1702 -
798 1662 1058 1734 ΙΣΙΔΩΡῼ
1094 1664 1461 1734 ΕΠῙΣΚΟΠῼ.

514 1767 536 1801 ι
571 1750 682 1804 Καὶ
712 1752 1036 1821 ἀπαλλάξῃ
1067 1755 1336 1821 τούτους.
1376 1775 1396 1807 ι

255 1860 315 1912 Τί
357 1860 525 1924 ἐστιν,
580 1861 737 1932 ἔφης,
797 1881 815 1913 ι
848 1862 956 1916 Καὶ
1011 1863 1295 1934 ἀπαλλάξῃ
1344 1864 1593 1927 τούτους,
1635 1865 1748 1916 ὅσοι

195 1950 325 2021 φόῦῳ
363 1951 596 2004 θανάτου
640 1952 727 2005 διὰ
774 1952 1087 2023 σύμπαντος
1126 1956 1235 2023 (64)
1293 1955 1389 2008 τοῦ
1426 1957 1526 2025 ζῇν
1572 1955 1746 2025 ἔνοχοι

192 2038 315 2112 ἦσαν
356 2043 631 2109 δουλείας;
674 2064 693 2095 ι
742 2046 943 2098 Ἀκουε
972 2046 1169 2100 τοίνυν.
1208 2048 1317 2117 υὺχ
1352 2049 1381 2099 ὁ
1418 2047 1666 2111 θάνατος,
1701 2043 1747 2101 ὦ

192 2135 436 2204 βέλτιστε,
479 2136 617 2189 ἀλλὰ
644 2137 703 2190 τὸ
736 2136 1085 2208 δικαστήριον
1114 2138 1174 2191 τὸ
1206 2139 1346 2209 μετὰ
1374 2139 1463 2191 τὸν
1498 2139 1744 2206 Θάνατον,

193 2228 469 2300 ἀποτρέπει
496 2228 605 2281 τῶν
640 2231 1074 2305 ἁμαρτημάτων.
1103 2232 1164 2283 Οί
1186 2231 1292 2302 γὰρ
1320 2232 1559 2295 ἀσεϐεῖς,
1596 2250 1749 2285 σπιν-

194 2320 317 2391 θῆρα
346 2321 668 2391 νομίσαντες
714 2318 850 2375 εἶναι
898 2322 996 2394 τὴν
1030 2323 1237 2394 ψυχὴν,
1277 2317 1338 2376 οὗ
1386 2324 1751 2378 ἀποσϐεσθέν-

192 2429 269 2474 τος
295 2412 399 2482 (65)
421 2452 437 2477 ,
467 2414 545 2476 ὠς
580 2413 820 2481 ἔφασαν,
862 2413 1037 2487 τέφρα
1059 2415 1395 2485 ἀποϐήσεται
1424 2415 1506 2479 τὸ,
1552 2415 1746 2484 σῶμα,

196 2507 337 2576 μόνον
369 2506 624 2561 τεθνᾶναι
655 2505 997 2575 νομίζοντες,
1041 2508 1115 2577 μὴ
1147 2507 1424 2577 κρίνεσθαι
1460 2508 1515 2560 δὲ
1546 2507 1751 2578 (ταῦτα

192 2599 287 2670 γὰρ
323 2601 378 2652 ἐν
412 2603 480 2670 τῆ
511 2599 969 2668 ἐπιγεγραμμένη
1014 2598 1181 2669 Σοφίᾳ
1222 2599 1568 2669 Σολομῶντος
1602 2601 1752 2670 εἰρή-

195 2706 364 2751 κασιν,
395 2690 471 2752 ὼς
514 2687 701 2743 οἶσθα·
739 2690 788 2741 εί
819 2688 863 2742 δ’
896 2690 1141 2756 ἀγνοεῖς,
1178 2688 1359 2742 λαϐὼν
1392 2691 1529 2761 μετά
1562 2693 1751 2761 χεῖρας

194 2781 246 2834 τὺ
285 2782 520 2852 βιϐλίον,
585 2783 782 2852 εἴση),
835 2781 987 2834 οὐδὲν
1050 2782 1329 2853 ἄπρακτον
1391 2785 1611 2837 εῐασαν·
1675 2783 1751 2847 ὡς

194 2871 287 2942 γὰρ
331 2872 528 2942 μηκέτι
577 2872 730 2935 ὄντες
784 2871 921 2942 μετὰ
966 2871 1227 2938 θάνατον,
1281 2873 1459 2927 πάντα
1504 2873 1635 2944 δρᾷν
1684 2875 1752 2928 τὲ

194 2964 436 3034 αἰσχύνης
464 2964 562 3015 καὶ
592 2963 841 3016 Θανάτων
886 2966 998 3033 (66)
1040 2965 1135 3017 καὶ
1165 2964 1443 3027 κολάσεως
1470 2965 1595 3029 ἄξια
1648 2967 1749 3018 ἐπ-

194 3056 447 3126 εχείρουν,
491 3055 777 3122 λέγοντες·
817 3076 835 3107 ι
876 3054 1024 3125 Αὕτη
1057 3057 1091 3126 ἡ
1145 3057 1302 3124 μερὶς
1350 3055 1541 3126 ἡμῶν,
1578 3058 1673 3109 καὶ
1722 3057 1752 3110 ὁ

194 3147 373 3217 κλῆρος
424 3143 602 3209 οὗτος.
664 3166 684 3199 ι
721 3145 866 3199 Ἧκε
906 3146 1082 3199 τοίνυν
1125 3149 1152 3198 ὁ
1204 3147 1431 3218 Σωτὴρ,
1480 3148 1616 3217 μετὰ
1643 3148 1749 3201 τῶν
1778 3158 1825 3220 ιζ

194 3238 369 3304 ἄλλων,
399 3232 473 3292 ὧν
511 3237 866 3309 κατώρθωσε,
898 3239 993 3290 καὶ
1037 3237 1240 3306 ταύτης
1273 3238 1597 3301 ἀπαλλάξων
1627 3240 1754 3301 τοὺς

195 3330 494 3402 ἀνθρώπους
539 3332 638 3401 τῆς
676 3331 948 3393 ὑπονοίας.
984 3329 1094 3399 Τὴν
1122 3330 1230 3399 γάρ
1269 3330 1366 3399 τῆς
1405 3330 1583 3398 ψυχῆς
1620 3329 1754 3382 ἁΟα-

196 3422 365 3473 vasin
406 3420 767 3492 ὁρισάμενος,
802 3422 859 3472 ἐν
896 3419 974 3489 τῷ
1017 3420 1218 3490 φάναι·
1270 3440 1286 3468 ι
1333 3420 1443 3487 Τὴν
1490 3420 1544 3471 δὲ
1578 3419 1755 3490 ψυχὴν

198 3513 263 3582 μὴ
301 3513 610 3583 δυναμένων
655 3512 1007 3565 ἀποκτεῖναι·
1054 3512 1148 3563 καὶ
1195 3510 1292 3581 τὴν
1333 3511 1442 3563 τῶν
1486 3512 1755 3580 σωμάτων

198 3606 471 3658 ἀνάστασιν
501 3602 996 3673 εὐαγγελισάμενος
1022 3603 1110 3655 διὰ
1149 3602 1245 3655 τοῦ
1275 3604 1468 3654 εἰπεῖν·
1506 3622 1523 3655 ‹
1566 3603 1654 3655 Ἐν
1686 3605 1753 3673 τῇ

194 3698 469 3751 ἀναστάσει
505 3696 615 3748 τῶν
649 3695 858 3766 νεκρῶν
888 3696 1010 3749 οὔτε
1040 3695 1310 3765 γαμοῦσιν
1340 3695 1463 3748 οὔτε
1488 3696 1754 3766 γαμίζον-

197 3806 304 3851 ται,
348 3790 459 3843 ἀλλ’
492 3789 707 3842 ἔσονται
739 3788 813 3853 ὡς
844 3790 957 3857 (67)
1000 3788 1242 3856 ἄγγελοι·
1281 3807 1299 3838 ι
1342 3788 1442 3857 τήν
1470 3805 1529 3839 τε
1575 3788 1757 3858 κρίσιν

201 3881 425 3951 μηνύσας
459 3880 554 3935 διὰ
591 3880 798 3934 πολλῶν
833 3882 930 3950 μὲν
960 3880 1135 3934 ἄλλων
1160 3920 1174 3940 ,
1212 3882 1305 3933 καὶ
1343 3883 1401 3932 ἐν
1437 3880 1515 3951 τῷ
1550 3881 1756 3951 φρᾶσαι

195 3972 275 4024 δέ·
309 3992 326 4023 ι
369 3973 650 4043 Φοϐηθῆτε
679 3971 769 4025 τὸν
800 3972 1095 4042 δυνάμενον
1134 3976 1228 4024 καὶ
1257 3972 1433 4042 ψυχὴν
1476 3972 1569 4024 καὶ
1598 3971 1755 4041 σῶμα

197 4064 437 4118 ἀπολέσαι
471 4067 530 4117 ἐν
581 4065 771 4134 γεέννῃ
796 4081 811 4095 ο
859 4083 877 4115 ι
922 4065 1102 4133 πάσης
1131 4065 1346 4129 ἐκείνης
1388 4063 1757 4137 ἠλευθέρωσεν

196 4154 425 4219 ἅπαντας
456 4154 562 4225 τῆς
592 4153 873 4217 ύπονοίους
906 4154 1045 4224 (68)⁹
1082 4153 1283 4223 μᾶλλον
1313 4153 1357 4205 δ’
1394 4152 1755 4222 ἀληθέστερον

199 4247 384 4310 εἰπεῖν,
429 4248 534 4315 τῆς
566 4245 829 4307 δουλείας.
878 4246 952 4297 Τὸ
981 4246 1089 4316 γὰρ
1129 4244 1271 4297 Θεῖον
1314 4244 1665 4314 δικαστήριον
1698 4245 1756 4294 ἐν

200 4338 265 4406 νῷ
288 4338 649 4409 λαμϐάνοντες
670 4380 684 4403 ,
718 4341 813 4391 καὶ
856 4338 934 4400 ὡς
978 4337 1115 4407 πρὸς
1145 4337 1344 4389 σκοπὸν
1381 4336 1442 4387 τὸ
1467 4334 1623 4405 ὄμμα
1648 4335 1758 4387 τεί-

200 4445 381 4493 νοντες,
417 4432 511 4484 καὶ
546 4430 698 4483 οὐδὲν
726 4430 928 4498 φαῦλον
952 4430 1157 4500 πρᾶξαι
1192 4428 1542 4498 τολμήσειαν.
1584 4422 1752 4496 υἷμαι

2097 1657 2327 1715 CXLVI.
2370 1690 2437 1700 —
2487 1660 2760 1717 lSlDORO
2806 1661 3158 1719 EPISCOPO.

2241 1771 2260 1803 ι
2297 1750 2364 1806 Ει
2399 1753 2641 1807 liberaret
2671 1771 2757 1809 eos
2781 1757 2849 1819 δ’,
2888 1775 2907 1809 ι
2945 1766 3050 1810 etc.

1925 1863 2233 1929 Quaasivisti
2274 1864 2401 1935 qttid
2438 1865 2508 1918 sit
2540 1866 2706 1920 illud;
2757 1886 2775 1918 ι
2801 1866 2865 1920 Ει
2892 1866 3149 1922 liberaret
3181 1883 3294 1928 eos,
3323 1870 3419 1938 qui

1857 1952 2049 2007 timore
2080 1954 2270 2007 mortis
2299 1969 2395 2023 per
2425 1964 2591 2007 totam
2624 1956 2787 2007 vitam
2819 1956 3037 2009 obnoxii
3070 1965 3225 2009 erant
3252 1956 3426 2009 servi-

1856 2044 2010 2097 tuti.»
2052 2046 2309 2099 Ausculta
2338 2046 2519 2113 igitur.
2582 2045 2693 2098 Non
2728 2061 2875 2099 mors
2905 2046 3044 2113 ipsa,
3066 2062 3098 2100 ο
3131 2046 3291 2109 bone,
3328 2048 3422 2101 sed

1849 2134 2154 2203 judicium,
2182 2135 2328 2203 'quod
2370 2146 2493 2205 post
2530 2146 2755 2190 mortem
2792 2136 3034 2189 futurum
3061 2149 3177 2203 est,
3211 2139 3414 2192 avertit

1853 2242 1883 2278 a
1911 2227 2167 2293 peccatis.
2236 2227 2387 2297 |ntpii
2417 2227 2560 2281 enim
2600 2244 2724 2281 cum
2759 2229 3133 2283 existimarent
3179 2231 3421 2283 animum

1853 2331 1976 2371 csse
2000 2317 2289 2371 scintillam
2312 2319 2623 2387 quamdam,
2657 2334 2760 2389 qua
2780 2321 3073 2385 exstincta,
3098 2331 3158 2373 ut
3180 2321 3418 2387 aiebant,

1854 2424 2051 2478 corpus
2107 2410 2158 2463 in
2193 2412 2431 2465 cinerem
2473 2409 2680 2476 abibit,
2734 2411 2870 2465 mori
2909 2426 2968 2466 se
3000 2420 3206 2466 tantum
3243 2413 3423 2482 (more

1853 2501 2160 2571 brutorum)
2196 2512 2466 2571 putantes,
2500 2518 2605 2557 non
2628 2514 2818 2558 autem
2850 2504 2997 2573 (post
3034 2506 3286 2574 mortem)
3335 2506 3426 2574 ju-

1855 2592 2024 2645 dicari
2048 2612 2061 2646 :
2093 2592 2232 2662 (hac
2258 2593 2400 2645 enim
2436 2592 2561 2645 talia
2594 2594 2645 2646 in
2674 2593 2813 2648 libro
2841 2593 2936 2663 qui
2964 2592 3241 2662 Sapientia
3270 2594 3428 2650 Salo-

1856 2684 2032 2737 monis
2076 2683 2480 2749 iuscribitur”,
2523 2684 2796 2747 dixerunt,
2844 2694 2901 2738 ut
2945 2684 3133 2741 nosti:
3178 2689 3321 2754 quod
3372 2688 3416 2741 si

1856 2776 2058 2840 nescis,
2090 2791 2243 2830 sume
2279 2778 2332 2829 in
2370 2790 2560 2830 manus
2588 2790 2712 2831 eum
2754 2775 2980 2841 librum,
3009 2787 3063 2832 et
3092 2779 3250 2847 scies)
3295 2779 3427 2832 ttihtl

1855 2871 2176 2923 intentatum
2208 2868 2317 2924 vel'
2352 2871 2598 2923 inausum
2636 2870 3037 2940 relinquebant.
3106 2870 3222 2925 Non
3268 2872 3428 2926 aliter

1854 2962 1999 3015 enim
2026 2977 2089 3016 ac
2115 2962 2160 3015 si
2191 2972 2310 3031 post
2333 2973 2561 3016 mortem
2592 2978 2694 3016 non
2715 2963 2944 3031 amplius
2971 2963 3138 3019 futuri
3157 2965 3205 2995 “
3222 2975 3421 3027 essent,

1855 3054 2038 3109 omnia
2087 3054 2287 3122 probro
2337 3069 2401 3107 ac
2457 3054 2661 3121 pudore
2712 3062 2767 3107 et
2821 3054 3005 3109 multis
3054 3054 3321 3110 mortibus
3372 3066 3428 3111 et

1856 3146 2120 3215 supplicio
2181 3145 2343 3215 digna
2398 3160 2558 3214 agere
2615 3146 2855 3216 aggressi
2922 3156 3072 3213 sunt,
3132 3147 3422 3203 dicentes:

1861 3239 2017 3292 «Haec
2031 3248 2115 3293 est
2141 3254 2266 3305 pars
2293 3248 2476 3292 nostra
2499 3248 2552 3292 et
2582 3239 2867 3293 litereditas
2884 3250 3067 3295 nostra
3091 3250 3175 3295 est
3197 3241 3303 3295 ista
3320 3241 3384 3295 “.
3400 3260 3420 3293 ι

1856 3330 2034 3396 Quare
2083 3330 2231 3382 venit
2282 3328 2555 3394 Salvator,
2625 3339 2822 3398 prznter
2870 3330 2975 3384 alia
3038 3331 3251 3403 (multa)
3308 3347 3427 3400 qua:

1855 3418 2115 3485 praaclare
2149 3419 2321 3487 gessit
2364 3435 2427 3471 ac
2459 3420 2728 3485 restituit,
2781 3421 2882 3473 hac
2921 3421 3083 3475 etiam
3117 3422 3427 3490 suspicione

1858 3509 2103 3564 homines
2124 3509 2467 3566 liberaturus.
2504 3508 2638 3563 Nam
2671 3526 2794 3565 cum
2816 3512 3007 3567 animae
3044 3513 3423 3567 immortalita-

1856 3611 1963 3657 tetn
1996 3601 2327 3656 definivisset
2359 3618 2453 3671 per
2480 3604 2532 3656 id
2560 3604 2701 3671 quod
2716 3604 2887 3657 dixit:
2930 3606 3213 3659 «Animam
3240 3617 3424 3660 autem

1856 3693 2103 3747 occidere
2146 3708 2251 3745 non
2292 3693 2618 3761 possunt";
2646 3714 2662 3745 ο
2699 3709 2818 3748 cum
2853 3695 2979 3749 item
3015 3709 3302 3764 corporum
3336 3710 3424 3749 re-

1857 3785 2251 3839 surrectionem
2294 3786 2679 3840 annuntiasset
2712 3800 2806 3855 per
2857 3785 2909 3840 id
2944 3786 3085 3854 quod
3115 3787 3290 3842 dixit:
3326 3806 3345 3838 ‹
3369 3786 3425 3840 ιιι

1859 3873 2257 3927 resurrectione
2284 3884 2620 3927 mortuorum
2652 3888 2824 3942 neque
2850 3873 3053 3927 ducunt
3089 3890 3308 3939 uxores,
3338 3891 3430 3928 nc-

1858 3982 1964 4034 que
1996 3974 2220 4034 nuptum
2251 3965 2469 4028 dantur,
2504 3965 2595 4018 sed
2626 3977 2786 4020 erunt
2820 3974 3076 4034 tanquam
3107 3968 3281 4036 angeli
3306 3968 3351 4002 ⁸⁸
3373 3984 3422 4033 ;ι

1858 4072 2091 4127 cumque
2139 4056 2401 4125 judicium
2450 4070 2763 4124 supremum
2816 4059 3177 4127 signiﬁcasset
3228 4060 3425 4125 partim

1859 4148 1980 4202 aliis
2022 4147 2206 4201 multis
2237 4147 2437 4211 verbis,
2480 4148 2672 4215 partim
2703 4163 2768 4202 eo
2802 4148 2927 4202 dum
2959 4149 3093 4203 dixit
3121 4168 3134 4203 :
3187 4149 3428 4205 «Timete

1857 4256 1979 4295 eum
2020 4240 2113 4309 qui
2163 4247 2343 4307 potest
2388 4248 2443 4293 et
2483 4240 2719 4294 animam
2768 4251 2823 4295 et
2857 4256 3053 4311 corpus
3098 4244 3325 4310 perdere
3374 4242 3425 4295 in

1858 4334 2098 4401 gehenna
2117 4332 2220 4391 5"»;
2256 4345 2446 4384 omnes
2473 4331 2620 4383 omni
2654 4331 2741 4385 illa
2778 4334 3105 4401 suspicione,
3133 4334 3214 4387 vel
3250 4336 3428 4404 potius

1858 4425 1940 4487 (ut
1968 4423 2148 4476 verius
2176 4421 2376 4491 dicam)
2410 4422 2693 4487 servitute,
2747 4424 2962 4491 penitus
3006 4424 3275 4481 liberavit.
3333 4428 3425 4480 Di-

202 4519 288 4587 μὲν
334 4517 422 4575 οὖν
474 4520 867 4591 σεσαφηνίσϐαι
912 4520 972 4573 τὸ
1009 4520 1191 4591 ῥητόν.
1232 4521 1294 4571 Et
1342 4519 1398 4571 δὲ
1445 4521 1539 4571 καὶ
1583 4535 1751 4589 μετα-

1860 4516 2041 4569 vinum
2072 4529 2305 4584 namque
2331 4514 2592 4582 judicium
2611 4518 2752 4583 apud
2780 4520 3020 4571 animum
3050 4518 3339 4587 agitantes,
3372 4529 3428 4573 et

200 4613 480 4682 φρασθῆναι
522 4612 653 4666 αὐτὸ
686 4612 892 4681 βούλει,
948 4613 1219 4680 φήσαιμν
1263 4609 1476 4679 Ἐπειδὴ
1506 4608 1581 4671 ὼς
1620 4608 1747 4678 μέλ-

200 4699 360 4765 λοντες
389 4704 775 4773 ἀποθνήσκειν,
808 4702 1126 4755 ἐδούλευσαν
1148 4702 1380 4769 ἀφειδῶς
1418 4703 1537 4762 ταῖς
1567 4702 1747 4769 ἁμαρ-

199 4793 323 4855 τίαις
374 4794 433 4863 (ὁ
474 4796 583 4865 γάρ
624 4794 716 4847 τοῦ
749 4795 978 4847 θανάτου
1028 4794 1209 4862 φόϐος,
1266 4794 1524 4862 βλοσυρὸν
1568 4792 1750 4854 αὐτοῖς

200 4884 400 4953 ἐνορῶν,
434 4888 531 4939 καὶ
554 4887 651 4956 τὴν
672 4886 764 4939 τοῦ
799 4884 995 4956 μηκέτι
1025 4882 1166 4936 εἶναι
1196 4885 1402 4937 ἔννοιαν
1425 4883 1645 4946 τίκτων,
1671 4885 1750 4945 εἰς

200 4978 362 5029 πᾶσαν
398 4978 596 5039 αὐτοὺς
628 4978 872 5030 δουλείαν
904 4976 1181 5048 ἁμαρτίας
1220 4976 1621 5046 παρέπεμπε),
1667 4974 1756 5027 διὰ

201 5133 239 5163 ⁸²
272 5133 426 5191 Hebr.
453 5152 515 5201 tt,
549 5136 635 5191 15.
711 5136 755 5167 ⁵³
793 5134 923 5205 Sap.
966 5150 1027 5199 ιι,
1058 5134 1083 5187 1
1124 5149 1278 5203 seqq.
1355 5135 1403 5165 ⁸⁵
1436 5133 1566 5187 ibid.
1591 5132 1645 5186 9.

1731 5132 1778 5164 "
1805 5133 1995 5187 Matth.
2027 5150 2082 5197 ιι,
2109 5132 2199 5188 28.
2274 5133 2321 5163 ⁸⁸
2347 5134 2544 5188 Matth.
2583 5150 2716 5199 χχιι,
2751 5133 2839 5187 50.

1857 4621 1922 4660 eo
1952 4616 2206 4675 tanquam
2254 4606 2322 4659 ad
2374 4621 2597 4674 scopum
2629 4608 2925 4677 dirigentes
2952 4610 3171 4665 oculum
3209 4614 3426 4679 mentis,

1860 4698 1994 4751 nihil
2028 4713 2266 4766 unquam
2302 4698 2424 4751 mali
2457 4697 2633 4753 facere
2663 4699 2956 4754 audebunt.
2993 4704 3174 4772 Atque
3202 4702 3288 4758 his
3306 4706 3428 4772 qui-

1859 4792 1980 4845 dem
2030 4793 2291 4845 hactenus
2342 4800 2471 4858 puto
2502 4806 2532 4843 a
2572 4806 2657 4845 me
2686 4792 2889 4847 dictum
2942 4792 3077 4847 illud
3119 4794 3423 4863 expositum

1861 4900 1984 4938 esse
2033 4885 2187 4938 satis.
2253 4883 2405 4949 Quod
2454 4886 2501 4939 si
2535 4884 2700 4937 etiam
2743 4900 2773 4937 a
2822 4900 2908 4939 me
2962 4885 3224 4953 postulas,
3274 4895 3330 4937 ut
3372 4885 3423 4937 id

1862 4974 2195 5044 metaphrasi
2237 4975 2472 5045 quadam
2518 4975 2788 5029 illustrem
2835 4974 2979 5044 (aliis
3010 4978 3191 5030 verbis
3239 4977 3428 5030 eadem

2933 5135 2978 5166 "
3016 5134 3207 5190 Matth.
3242 5152 3295 5201 χ,
3335 5137 3427 5189 28.

1293 5268 1529 5323 VARIAE
1563 5267 1947 5325 LECTIONES
1976 5266 2063 5321 ET
2096 5267 2329 5324 NOTAE.

178 5392 189 5407 ’
260 5402 365 5469 (64)
397 5402 500 5458 Pro
534 5404 846 5473 σύμπαντος
890 5404 1010 5459 cod.
1055 5402 1231 5459 Vatic.
1284 5402 1390 5457 650
1433 5403 1626 5457 scribit
1663 5403 1751 5457 διὰ

203 5476 400 5534 παντὸς.
435 5474 639 5528 Ροεδικ.

263 5542 367 5609 (63)
422 5544 873 5607 ’Δποσόεσθέντος
923 5554 1097 5599 mutat
1156 5545 1296 5596 idem
1347 5544 1466 5597 cod.
1518 5544 1571 5595 in
1617 5542 1748 5594 ἀπο-

203 5612 589 5677 σκευασθέντος,
622 5616 797 5667 minus
826 5616 1126 5678 commode,
1171 5624 1228 5666 ut
1264 5616 1491 5667 videtur.
1526 5614 1600 5666 In.

226 5682 366 5801 ταὶἶῆ
396 5682 564 5737 Verba
582 5686 668 5738 illa
702 5685 797 5737 καὶ
819 5684 1063 5738 θανάτων
1095 5687 1233 5739 idem
1264 5685 1383 5738 cod.
1416 5695 1561 5738 recte
1588 5684 1748 5737 omit-

226 5763 235 5800 ι
263 5788 274 5801 .
330 5767 379 5801 ι).

205 5757 274 5801 ιιι.
310 5757 379 5804 ΙΙ).

268 5821 373 5890 (67)
402 5823 541 5880 Inter
576 5826 653 5889 ὡς
699 5834 755 5880 et
790 5824 1015 5892 ἄγγελοι
1053 5826 1195 5880 idem
1265 5824 1386 5880 cod.
1433 5822 1627 5879 inserit
1669 5824 1739 5877 oi.

1860 5404 1979 5459 Mox
2012 5415 2131 5481 post
2160 5406 2347 5481 κρίσιν
2378 5410 2599 5481 verbum
2623 5408 2881 5481 pip/23m;
2928 5419 3086 5480 auget
3139 5414 3429 5481 prazposito

1858 5493 1985 5598 ἓτρο.
2041 5475 2193 5598 nam.
2259 5479 2382 5531 inde
2430 5478 2486 5544 2,
2538 5475 2811 5549 φοϐηθῆτε
2864 5475 3116 5536 emendat
3139 5475 3212 5535 iin
3253 5475 3429 5554 ’φοϐήο

1889 5562 2009 5598 me.
2114 5588 2125 5598 .

1889 5562 2397 5689 nféd)"')i‘_novoloug
2434 5619 2689 5689 mutat‘in
2716 5620 2972 5689 ὑποψίας,
3005 5630 3061 5675 et
3098 5635 3243 5675 vers.
3308 5632 3429 5689 post

1854 5688 1887 5740 5
1915 5697 2038 5740 ante
2066 5686 2218 5757 οὐδὲν
2248 5688 2407 5757 tollit
2446 5688 2561 5757 καί.
2612 5686 2769 5746 Vers'.
2822 5686 2946 5746 inde
2994 5692 3048 5757 5,
3105 5686 3427 5747 ἐδούλευσαν

1854 5766 2027 5811 mutat
2062 5758 2113 5811 in
2141 5756 2436 5810 ἐδούλευον.
2462 5756 2537 5813 ID.
