3886 6420
450 386 581 455 1231

1654 394 1714 455 S.
1767 390 2059 453 ISIDORI
2098 390 2536 452 PELUSIOTE

3574 390 3702 457 123?.

440 516 697 571 expressa
742 500 1034 571 sententia)
1089 500 1171 557 sic
1215 501 1485 558 dixerim:
1549 503 1816 571 Quoniam
1867 506 1997 560 vehn

2115 505 2274 557 τοῦτο
2305 500 2437 574 ἧκεν
2468 502 2579 572 (69)
2608 503 2635 555 ὁ
2664 502 2915 573 Χριστὸς,
2944 502 3037 556 καὶ
3070 500 3271 573 ταύτης
3300 504 3501 566 αὐτοὺς
3531 505 3702 557 ἀπαλ-

442 595 724 659 morituri,
768 596 888 648 sine
928 593 1133 663 pudore
1162 591 1369 649 aﬂ'atiut
1412 596 1723 651 servierunt
1774 596 2015 666 peccatis

438 689 835 762 596(mortis
864 702 1098 757 namque
1122 699 1319 753 metus,
1341 687 1646 743 truculento
1675 704 1773 745 suo
1792 696 2014 757 aspectu

439 797 535 837 eos
569 779 844 845 territans,
875 786 930 832 et
961 778 1342 849 cogitationem
1375 778 1495 848 ejus
1540 788 1733 844 status,
1764 796 1873 850 quo
1904 798 2010 836 non

438 870 671 940 amplius
722 876 925 935 erunt,
980 869 1034 922 in
1087 869 1326 938 ipsorum
1376 868 1575 923 animis
1635 871 1896 940 gignens,
1956 872 2009 928 in

436 975 653 1017 omnem
702 959 908 1031 peccati
951 960 1265 1014 servitutem
1298 960 1443 1027 ipsos
1474 961 1766 1031 detrusit),
1810 964 2011 1018 idcirco

436 1052 585 1107 venit
610 1049 881 1114 Christus,
910 1058 966 1105 et
1003 1050 1105 1104 hac
1145 1066 1241 1105 eos
1273 1051 1537 1107 servitute
1566 1052 1821 1107 liberavit
1852 1064 2012 1124 atque

404 1141 657 1197 'exemit.
724 1140 880 1208 Quod
931 1140 973 1195 si
1022 1155 1088 1195 ne
1135 1141 1215 1195 sic
1258 1140 1481 1210 quidem
1517 1142 1653 1197 satis
1691 1143 2011 1212 intelligitur

434 1232 684 1306 (dictum)
714 1233 926 1287 dicetur
958 1232 1179 1287 clarius.
1229 1233 1276 1286 A
1307 1233 1494 1288 multis
1526 1234 1669 1288 enim
1695 1250 1800 1289 non
1832 1244 2009 1302 potest

421 1326 552 1393 capi
606 1341 798 1380 sensus
824 1325 1172 1396 apostolicus.
1234 1322 1307 1380 Ut
1357 1326 1635 1392 liberaret,
1689 1327 1883 1396 inquit,
1914 1341 2008 1381 eos

431 1428 574 1471 metu
610 1418 820 1480 mortis,
873 1432 996 1487 qua:
1044 1416 1096 1471 in
1128 1418 1360 1472 nihilum
1414 1419 1559 1487 ipsos
1614 1420 1917 1489 redigeret,
1954 1428 2007 1472 et

431 1509 723 1562 adduceret
771 1508 824 1561 in
856 1509 1237 1577 cogitationem
1293 1510 1589 1579 incorrupti
1643 1510 1809 1571 illius,
1862 1510 2005 1579 quod

431 1609 551 1667 post
579 1600 782 1655 exitum
818 1613 885 1653 ex
920 1600 1023 1653 hac
1051 1600 1160 1654 vita
1201 1600 1440 1654 futurum
1470 1610 1593 1663 est,
1645 1600 1862 1666 judicii.
1937 1600 2000 1653 Ili

426 1691 573 1745 enim
624 1690 809 1745 libenti
844 1691 1027 1744 animo
1063 1690 1117 1745 in
1148 1691 1233 1743 via
1268 1691 1333 1745 ad
1362 1691 1615 1745 virtutem
1649 1693 1879 1745 ducente
1908 1692 2004 1745 de-

426 1792 752 1846 currerunt,
784 1782 929 1850 quod
983 1796 1080 1851 spe
1130 1798 1453 1837 coronarunt
1485 1783 1637 1851 quasi
1679 1783 1999 1850 quibusdam

2118 594 2295 659 λάξων
2320 596 2423 664 τῆς
2450 595 2712 657 δουλείας.
2751 594 2813 646 Εἰ
2838 595 2895 647 δὲ
2930 594 3053 664 μηδ’
3083 594 3258 657 οὕτως
3296 595 3573 665 νενόηται,
3606 613 3697 658 σας
3732 600 3739 633 ῖ

2118 686 2380 757 φέστερον
2407 687 2687 756 εἰρήσεται
2713 701 2727 715 ·
2758 685 2973 749 πολλοῖς
3001 686 3111 755 γὰρ
3140 685 3418 755 ἁλώσιμον
3449 687 3554 740 οὐκ
3588 688 3701 740 ἐστι

2114 777 2175 830 τὸ
2196 778 2374 847 νόημα
2399 777 2459 829 τὸ
2482 776 2858 831 ἁποστολικόν.
2904 777 3257 843 Ἀπαλλάξει,
3287 778 3446 848 φησὶ,
3477 778 3701 842 τούτους

2113 868 2208 920 τοῦ
2235 869 2400 935 φόϐου
2434 868 2528 921 τοῦ
2565 867 2820 929 Θανάτου,
2849 867 2942 921 τοῦ
2972 868 3315 939 ἀνυπαρξίαν
3345 871 3534 931 αὐτοῖς
3569 871 3702 923 ἀπο-

2112 960 2428 1023 τελοῦντος,
2467 959 2563 1013 καὶ
2620 960 2821 1027 ἀγάγοι
2874 961 2955 1023 είς
2993 960 3203 1013 ἔννοιαν
3248 959 3344 1013 τοῦ
3404 962 3549 1031 μετὰ
3595 961 3692 1030 τὴν

2112 1053 2365 1107 ἐντεῦθεν
2435 1053 2693 1123 τελευτὴν
2795 1054 3091 1107 ἀδεκάστου
3161 1054 3536 1124 δικαστηρίου.
3602 1050 3700 1107 Οὖ-

2110 1162 2190 1197 τοι
2220 1144 2331 1213 (70)
2372 1144 2481 1215 γὰρ
2524 1146 2749 1213 ἄσμενοι
2784 1145 2882 1215 τὴν
2926 1146 3019 1196 ἐπὶ
3050 1146 3149 1215 τὴν
3182 1146 3384 1214 ἀρετὴν
3426 1148 3699 1214 φέρουσαν

2110 1236 2226 1288 ὁδὸν
2258 1235 2499 1307 ἔτρεχον,
2529 1239 2596 1306 τῇ
2642 1235 2818 1288 ἐλπίδι
2848 1237 2957 1288 τῶν
2994 1236 3275 1303 στεφάνων
3307 1236 3699 1305 πτερούμενοι,

2109 1327 2203 1380 καὶ
2231 1327 2329 1397 τὴν
2364 1327 2637 1398 ἁμαρτίαν
2675 1326 2925 1395 ἔφευγον,
2961 1326 3041 1397 τῷ
3071 1326 3223 1396 φόϐῳ
3264 1326 3374 1377 τῶν
3419 1329 3699 1397 ἐσομένων

2108 1416 2407 1488 τιμωριῶν.
2452 1419 2514 1470 EI
2576 1418 2631 1470 δὲ
2671 1419 2767 1471 καὶ
2821 1419 2900 1481 είς
2935 1418 3063 1471 ἄλλο
3112 1419 3410 1487 ἐνθύμημα
3447 1418 3642 1488 βλέπει
3673 1420 3699 1470 δ

2106 1507 2228 1571 νοῦς
2258 1510 2284 1559 ὁ
2318 1506 2695 1569 ἁποστολικδς,
2731 1507 2830 1576 τῆς
2862 1508 3132 1569 συνέσεως
3161 1508 3260 1575 τῆς
3294 1509 3394 1578 σῆς
3432 1512 3555 1560 ἐστι
3583 1508 3698 1575 κρῖ-

2106 1616 2213 1651 ναι.
2269 1598 2428 1660 Εἰκὸς
2464 1597 2573 1668 γὰρ
2625 1598 2718 1650 καί
2767 1615 2818 1650 τι
2868 1598 3113 1651 τοιοῦτον
3166 1599 3331 1652 αὐτὸν
3380 1600 3692 1669 ἐμφαίνειν*

2117 1689 2334 1761 Ἐπειδὴ
2365 1690 2549 1742 πολλοὶ
2574 1691 2665 1743 τὸν
2695 1689 2925 1745 θάνατον
2947 1691 3196 1754 δεδιότες,
3230 1692 3307 1754 ὡς
3330 1694 3413 1753 είς
3445 1694 3693 1761 ὰνυπαρ-

2106 1780 2222 1845 ξίαν
2263 1781 2738 1851 παραπέμποντα,
2798 1782 2967 1835 πολλὰ
3018 1783 3112 1836 καὶ
3148 1784 3300 1854 παρὰ
3332 1783 3570 1853 γνώμην
3607 1784 3695 1835 καὶ

426 1870 527 1925 alis
558 1870 710 1925 fuere
742 1871 1008 1937 subvecti,
1038 1879 1094 1926 et
1121 1880 1404 1941 peceatum
1439 1871 1713 1941 fugerunt,
1748 1883 1890 1926 ιιιειιι
1926 1872 1997 1925 fu-

2100 1873 2297 1942 δρέὶσαι
2335 1873 2426 1923 καὶ
2457 1871 2649 1925 παθεῖν
2676 1872 2879 1940 αἰσχρὰ
2914 1873 3211 1942 ὑπέμενον,
3244 1874 3332 1924 ἵνα
3362 1873 3479 1942 (Ἡ)
3509 1873 3588 1942 μὴ
3615 1890 3691 1923 τι-

429 1970 675 2015 turorunt
711 1961 1118 2031 suppliciorum.
1162 1962 1313 2028 Quod
1339 1963 1382 2016 si
1415 1964 1578 2017 etiam
1612 1964 1776 2017 aliam
1806 1980 2000 2031 quain-

428 2054 548 2105 dam
596 2051 981 2121 cogitationem
1036 2052 1256 2120 respicit
1306 2067 1460 2107 mens
1503 2053 1839 2121 apostolica,
1895 2064 2001 2108 tua:

425 2144 726 2213 prudentiae
758 2145 864 2197 erit
900 2142 1164 2213 judicare.
1205 2142 1293 2197 Fit
1325 2144 1469 2197 enim
1503 2144 1821 2209 verisimile,
1852 2146 1997 2213 quod

425 2234 533 2288 tale
565 2235 727 2288 etiant
758 2234 1013 2303 quiddam
1044 2235 1308 2304 significet
1338 2253 1352 2289 :
1393 2235 1530 2302 Quia
1560 2235 1712 2289 multi
1744 2247 1996 2298 mortem,

423 2336 621 2395 utquze
650 2326 701 2379 in
731 2324 961 2379 nihilum
989 2340 1218 2395 prorsus
1235 2340 1328 2380 eos
1348 2327 1635 2395 redigeret,
1671 2335 1996 2390 metuentes,

425 2416 589 2471 multa
605 2417 768 2471 etiam
788 2426 974 2471 contra
993 2417 1155 2470 animi
1177 2419 1498 2471 sententiam
1517 2428 1623 2471 tam
1646 2418 1820 2472 facere
1835 2435 1996 2488 quam

422 2509 533 2576 pati
570 2508 743 2576 turpia
772 2508 1165 2572 sustinuerunt,
1192 2524 1257 2561 ne
1277 2508 1526 2563 videlicet
1545 2526 1572 2561 a
1603 2510 1998 2578 potentioribus

424 2600 746 2668 punirentur
769 2600 1039 2669 (amantes
1068 2600 1235 2663 enim,
1255 2610 1310 2653 et
1341 2615 1561 2669 scopum
1597 2616 1701 2654 non
1735 2602 1995 2667 assecuti,

420 2691 572 2746 dolos
604 2701 767 2761 atque
799 2691 1024 2746 insidias
1059 2698 1288 2745 mortem
1328 2694 1602 2762 parientes
1637 2701 1994 2771 struxerunt;

2102 1963 2411 2033 μωρηοεῖεν
2464 1964 2614 2033 παρὰ
2657 1965 2765 2016 τῶν
2808 1965 3193 2034 δυνατωτέρων
3243 1964 3522 2034 (ἐρῶντες
3565 1963 3688 2034 γὰρ,

2098 2055 2194 2106 καὶ
2235 2056 2308 2125 μὴ
2337 2058 2703 2124 τυγχάνοντες
2730 2057 2825 2109 τοῦ
2858 2056 3087 2121 σκοποῦ,
3120 2057 3306 2119 δόλους
3338 2058 3437 2109 καὶ
3466 2056 3687 2109 ἐπιϐου-

2096 2146 2193 2208 λὰς
2222 2145 2449 2200 θάνατον
2476 2148 2761 2210 τίκτοντας
2788 2148 3214 2212 κατεσκεύαζον,
3246 2148 3325 2210 ὡς
3365 2146 3595 2216 δηλοῦσι
3622 2147 3687 2200 τὰ

2098 2238 2239 2291 κατὰ
2265 2239 2357 2291 τὸν
2396 2240 2614 2309 Ἰωσὴφ,
2642 2241 2676 2310 ἥ
2706 2257 2766 2292 τε
2789 2240 2931 2293 κατὰ
2959 2242 3057 2310 τὴν
3082 2242 3370 2293 Σωσάνναν
3400 2240 3650 2309 ἱστορία)
3673 2255 3686 2267 ·

2094 2324 2196 2401 ἧκε
2234 2330 2539 2384 παιδεύσων
2568 2332 2693 2394 τοὺς
2722 2332 3064 2402 ἀνθρώπους,
3093 2335 3175 2385 ὅτι
3203 2333 3231 2384 ὁ
3261 2333 3501 2394 θάνατος
3546 2334 3685 2401 αξρεο

2092 2420 2330 2492 τὼτερός
2358 2424 2476 2475 ἐστι
2509 2424 2610 2493 τῆς
2636 2424 2856 2487 κακίας,
2887 2424 2981 2477 καὶ
3008 2425 3113 2494 χρὴ
3144 2424 3347 2493 μᾶλλον
3370 2423 3569 2476 τοῦτον
3594 2441 3686 2475 κα-

2092 2513 2433 2583 ταδέχεσθαι,
2470 2515 2502 2584 ἦ
2545 2531 2597 2565 τι
2627 2515 2739 2566 τῶν
2781 2517 3079 2584 αἰσχίστων
3121 2516 3321 2583 δρᾶσαί
3358 2532 3422 2567 τε
3454 2516 3551 2566 καὶ
3584 2532 3683 2567 πα-

2094 2604 2225 2657 θεῖν.
2265 2606 2323 2657 Ὀ
2365 2605 2466 2675 μὲν
2491 2608 2600 2677 γὰρ
2628 2606 2734 2659 ὑπὸ
2762 2607 2861 2675 τῆς
2890 2606 3245 2669 ἀναστάσεως
3276 2605 3642 2675 σϐεσθήσεται
3665 2620 3680 2633 ·

2092 2694 2160 2747 τὰ
2190 2694 2247 2748 δὲ
2272 2696 2353 2757 εἰς
2381 2696 2632 2759 κολάσεις
2663 2694 3081 2765 καταλήξουσιν.

422 2793 481 2838 ιιι
510 2785 804 2839 ostendunt
834 2793 983 2853 gesta
1018 2782 1234 2853 Iosephi
1259 2823 1274 2847 ,
1315 2793 1369 2837 et
1416 2784 1641 2839 historia
1681 2784 1996 2854 Susannae),
2046 2786 2526 2856 venit(Christus),
2594 2789 2942 2843 instituturus
3005 2788 3252 2860 homines
3299 2796 3535 2842 mortem
3564 2802 3681 2842 esse

421 2877 594 2946 magis
626 2876 961 2946 eligendam,
1006 2892 1166 2945 quam
1207 2886 1266 2929 ut
1294 2877 1483 2930 vitium
1518 2868 1744 2944 aliquod
1800 2878 1851 2931 in
1888 2892 1985 2932 nos
2026 2878 2396 2947 admittamus,
2429 2890 2483 2935 et
2513 2879 2657 2933 illam
2725 2879 2907 2949 potius
2935 2878 3122 2933 libenti
3193 2878 3376 2933 animo
3409 2891 3669 2948 appeten-

421 2968 568 3027 dam,

416 3058 759 3115 surrectioue
806 3057 1227 3124 exstinguetur;

813 3166 1063 3222 CXLVII.
1097 3197 1169 3208 —
1210 3166 1584 3222 MARCIANO.

421 3286 490 3343 1η
522 3290 576 3343 id
607 3285 746 3358 quod
775 3288 1032 3352 scriptum
1064 3297 1161 3349 est,
1196 3283 1378 3358 «Nam
1404 3285 1453 3339 si
1477 3285 1552 3339 eis
1573 3283 1730 3340 Iesus
1762 3287 1993 3355 requiem

976 3359 1309 3422 pra'stitiuet
1336 3355 1402 3410 ⁸⁸.
1419 3376 1437 3406 ι

490 3496 605 3550 Νοη
631 3497 698 3550 de
721 3494 907 3563 requie
930 3492 1302 3557 Hebraeorum,
1321 3506 1440 3560 quae
1469 3490 1601 3561 ipsis
1627 3491 1680 3546 in
1705 3490 1991 3547 Palestina

417 3588 662 3657 contigit,
701 3596 856 3656 parta
887 3600 984 3655 per
1018 3585 1265 3639 militiam
1299 3582 1427 3639 Jesu
1463 3584 1557 3639 lilii
1589 3584 1757 3649 Nave,
1810 3584 1993 3640 divino

416 3677 585 3734 Paulo
626 3679 726 3732 fuit
768 3692 952 3733 sermo
990 3676 1173 3747 (hujus
1216 3677 1363 3731 enim
1413 3676 1614 3730 nullam
1669 3677 1856 3730 habuit
1906 3692 1995 3731 ra-

416 3773 664 3840 tionem),
710 3771 802 3825 sed
830 3770 896 3822 ad
923 3782 1044 3823 eam
1074 3782 1195 3837 quae
1227 3766 1404 3821 futura
1443 3777 1527 3822 est
1556 3768 1794 3835 respicit,
1821 3778 1875 3822 et
1924 3770 1991 3823 ad

415 3879 537 3919 eam
589 3877 785 3932 scopus
838 3858 1233 3914 sententiarum
1279 3859 1446 3928 ipsius
1495 3859 1791 3913 contendit.
1877 3858 1991 3914 Hoc

416 3964 597 4009 autem
620 3968 804 4009 verum
823 3966 966 4016 esse,
1001 3951 1119 4022 ipse
1147 3960 1318 4006 semet
1345 3952 1751 4020 interpretatur,
1772 3951 1987 4006 dicens:

435 4065 454 4097 ι
479 4045 614 4099 Nam
658 4046 701 4099 si
738 4044 818 4098 eis
846 4043 1004 4099 Jesns
1054 4042 1327 4111 (videlicet
1368 4041 1510 4096 lilius
1540 4040 1689 4096 Nave
1722 4056 1814 4097 seu
1844 4041 1989 4111 Non)

414 4138 659 4206 requiem
706 4134 1093 4205 praestitisset,
1124 4147 1400 4201 nunquam
1430 4133 1496 4187 de
1535 4131 1639 4185 alia
1676 4132 1991 4202 loqueretur

414 4229 641 4297 posthac
669 4226 775 4282 die.
832 4225 1021 4295 Itaque
1043 4224 1370 4294 relinquitur
1400 4223 1764 4279 sabbatismus
1792 4224 1989 4293 p0pnlo

362 4368 373 4387 ,λ
412 4321 507 4375 Dei
524 4320 625 4373 δ’.»
668 4346 739 4358 --
762 4336 781 4369 ι
808 4315 866 4371 Si
889 4317 1033 4371 enim
1063 4316 1216 4384 ipsis,
1244 4315 1439 4384 inquit,
1464 4314 1553 4368 ille
1577 4315 1821 4384 requiem
1855 4329 1987 4369 con-

417 4413 680 4472 ciliasset,
707 4424 814 4465 non
841 4416 989 4463 certe
1017 4407 1183 4461 David
1225 4414 1350 4476 post
1380 4406 1579 4460 multas
1608 4406 1988 4473 generationes

658 2981 821 3033 quam
874 2964 1076 3032 aliquid
1130 2980 1310 3044 rerum
1382 2965 1815 3033 turpissimarum
1858 2965 1944 3020 vel
1992 2964 2253 3022 faciamus
2304 2968 2392 3022 vel
2478 2968 2768 3037 patiamur.
2852 2968 2986 3022 Nam
3058 2983 3207 3023 mors
3249 2970 3473 3038 quidem
3514 2986 3548 3025 a
3594 2987 3678 3024 re-

1310 3055 1507 3123 probra
1554 3063 1736 3109 autem
1788 3054 1883 3110 illa
1933 3057 1988 3110 in
2025 3057 2289 3127 supplicia
2320 3058 2589 3115 desinent.

2529 3171 2709 3224 PMZ'.
2744 3198 2817 3210 —
2850 3168 3236 3239 ΜΑΡΚΙΑΝῼ.

2093 3284 2200 3350 Εἰς
2238 3284 2305 3337 τὸ
2342 3283 2785 3354 γεγραμμένον,
2836 3302 2855 3334 ι
2891 3284 2959 3335 El
3003 3284 3115 3350 τὰρ
3171 3281 3396 3348 αὐτοὺς
3440 3282 3675 3351 Ἰησοῦς

2648 3353 3051 3407 κατέπαυσεν.
3092 3371 3109 3402 ι

2163 3484 2240 3539 Οὐ
2268 3483 2400 3556 περὶ
2431 3485 2529 3555 τῆς
2561 3484 2963 3547 καταπαύσεως
2994 3482 3107 3536 τῶν
3141 3482 3432 3553 Ἐϐραίων,
3463 3484 3566 3555 τῆς
3593 3501 3675 3551 γε⁴

2091 3580 2321 3650 νομένης
2354 3581 2413 3632 ὲν
2444 3581 2510 3649 τῇ
2551 3577 2884 3649 Παλαιστίνῃ
2926 3576 3015 3629 διὰ
3042 3578 3141 3646 τῆς
3198 3576 3369 3646 Ἰησοῦ
3411 3575 3503 3628 τοῦ
3539 3577 3660 3629 υίοῦ

2089 3670 2185 3723 τοῦ
2210 3671 2363 3740 Ναυῆ
2404 3670 2759 3739 στρατηγίας,
2789 3668 2867 3739 τῷ
2901 3667 3175 3738 θεσπεσίῳ
3202 3667 3401 3737 Παύλῳ
3431 3670 3458 3720 ὁ
3479 3669 3635 3735 λόγος
3659 3682 3674 3697 ⁸

2090 3762 2305 3832 ἐκείνης
2349 3761 2457 3832 γὰρ
2486 3762 2661 3824 οὐδεὶς
2687 3761 2843 3829 λόγος
2872 3759 3021 3829 αὐτῷ
3045 3774 3059 3787 ·
3107 3761 3188 3822 είς
3223 3759 3280 3811 δὲ
3308 3760 3411 3828 τὴν
3446 3760 3672 3829 προσδο-

2090 3856 2346 3926 κωμένην
2402 3855 2622 3910 ἔσεσθαι
2660 3856 2867 3926 βλέπει,
2908 3856 3005 3909 καὶ
3058 3858 3179 3909 κατ’
3234 3856 3452 3925 ἐκείνης
3485 3858 3515 3908 ὁ
3563 3856 3672 3908 τῶν

2090 3948 2378 4017 νοημάτων
2429 3947 2630 4011 σκοπὸς
2667 3947 3024 4001 συντείνεται.
3081 3948 3206 4000 Ὅτι
3248 3948 3304 4000 δὲ
3346 3948 3491 4001 τοῦτ’
3526 3948 3673 4000 ἔστιν

2090 4041 2308 4110 ἀληθὲς,
2356 4041 2518 4111 αὐτὸς
2550 4040 2742 4093 ἑαυτὸν
2789 4039 3085 4110 ὲρμηνεύει
3121 4039 3298 4107 λέγων
3323 4055 3337 4069 ·
3394 4059 3414 4091 ι
3470 4040 3535 4091 Εἰ
3563 4039 3671 4109 γὰρ

2088 4131 2284 4193 αὐτοὺς
2345 4130 2552 4201 Ἰησοῦς
2600 4130 2794 4203 (δῆλον
2839 4131 2884 4184 δ’
2957 4132 3041 4184 ὅτι
3084 4132 3113 4183 ὁ
3158 4130 3252 4183 τοῦ
3308 4131 3507 4203 Ναυῆᾲ)
3543 4147 3672 4184 κατ-

2089 4220 2327 4274 έπαυσεν
2350 4258 2367 4286 ,
2396 4220 2496 4273 οὐκ
2524 4220 2591 4273 ἂν
2613 4201 2754 4290 Ὕπερὶ
2780 4219 2946 4291 ἄλλης
2968 4218 3146 4272 ἐλάλει
3174 4219 3311 4289 μετὰ
3335 4201 3506 4271 ταῦέι
3540 4220 3672 4289 ἠμέ-

2090 4330 2210 4383 ρας.
2250 4315 2394 4385 ’Ἄρα
2445 4313 2800 4366 ὑπολείπεται
2855 4311 3227 4381 σαϐϐατισμὸς
3279 4311 3358 4380 τῷ
3406 4310 3521 4381 λαῷ
3574 4310 3669 4363 τοῦ

2087 4406 2246 4459 Θεοῦ.
2279 4425 2298 4458 ι
2335 4436 2403 4448 -—
2429 4423 2448 4457 ι
2484 4406 2549 4458 Ei
2603 4405 2711 4475 γὰρ
2754 4406 2982 4469 αὐτοὺς,
3033 4406 3198 4474 φησὶν
3223 4445 3237 4464 ,
3273 4405 3480 4467 ἐκεῖνος
3544 4419 3671 4455 κατ-

368 4558 371 4561 .
415 4508 481 4560 de
507 4505 691 4573 requie
720 4503 997 4558 disserens
1043 4502 1312 4555 dixisset:
1354 4499 1526 4554 Hodie
1568 4500 1613 4554 si
1645 4513 1832 4553 vocem
1866 4499 1983 4568 ejus

2100 4498 2349 4559 ἔπαυσεν.
2383 4499 2483 4551 οὑκ
2518 4498 2585 4551 ἂν
2627 4500 2655 4550 ὁ
2704 4498 2869 4550 Δαϐὶδ
2905 4496 3042 4567 μετὰ
3076 4496 3275 4558 πολλὰς
3303 4495 3494 4562 γενεὰς
3542 4496 3669 4563 περὶ

412 4593 716 4658 audieritis,
769 4593 939 4648 nolite
975 4592 1246 4647 obdurare
1288 4592 1449 4645 corda
1482 4599 1682 4655 vestra,
1737 4591 1880 4645 sicut
1927 4590 1981 4642 in

364 4714 365 4719 π
412 4686 948 4741 εχοοοτὺθιίοηοθοΛ
1014 4684 1177 4756 497
1222 4703 1241 4736 ι
1270 4684 1565 4751 Quocirca,
1610 4683 1827 4753 inquit,
1856 4698 1984 4737 vera

411 4778 628 4846 requies
651 4777 846 4847 populo
871 4777 1000 4841 Del;
1023 4795 1043 4829 ι
1078 4780 1179 4830 hoc
1205 4785 1289 4830 est
1316 4776 1422 4830 illis
1441 4777 1532 4844 qui
1558 4785 1841 4844 postquam
1872 4789 1987 4829 cre-

387 4852 688 4933 diderunt,
704 4869 869 4923 vitam
892 4883 1106 4938 quoque
1133 4866 1457 4921 laudabilem
1480 4866 1870 4937 adiunxerunt,
1901 4882 1987 4922 re-

407 4960 585 5029 posita
611 4968 718 5023 est,
743 4974 863 5029 qua:
895 4974 999 5013 non
1033 4959 1083 5013 in
1110 4958 1394 5012 Palaestina
1421 5000 1437 5024 ,
1468 4958 1562 5014 sed
1602 4958 1655 5011 in
1679 4956 1983 5013 Jerusalem

408 5051 849 5121 supramundana
879 5060 963 5106 est
990 5050 1277 5105 adornata.

482 5317 530 5351 ⁸⁸
562 5316 725 5373 IIebr.
761 5332 837 5384 tv,
865 5315 921 5382 8,
951 5316 1007 5373 9.
1083 5315 1131 5349 ”
1159 5315 1291 5372 ibid.
1321 5317 1366 5349 ⁶⁶
1402 5314 1533 5372 ibid.
1560 5315 1615 5383 6,
1645 5315 1698 5371 7.

2092 4590 2486 4653 καταπαύσεως
2523 4590 2902 4660 διαλεγόμενος
2942 4588 3130 4655 ἔλεγέο
3163 4590 3413 4658 Σήμερον
3440 4589 3537 4640 ἐὰν
3569 4590 3669 4657 τῆς

2088 4681 2274 4751 φωνῆς
2321 4681 2484 4733 αὑτοῦ
2528 4682 2798 4750 ἀκούσητε
2825 4718 2839 4743 ,
2881 4679 2955 4750 μὴ
3006 4679 3343 4749 σκληρύνητε
3384 4679 3485 4741 τὰς
3535 4694 3667 4748 καρ·

2085 4772 2204 4834 δίας
2256 4772 2429 4843 ὑμῶν,
2464 4772 2540 4835 ὡς
2588 4774 2645 4824 ὲν
2677 4772 2755 4841 τῷ
2807 4770 3286 4842 παραπικρασμῷ.
3328 4790 3347 4823 ι
3396 4799 3465 4811 η-
3505 4789 3523 4822 σ
3568 4770 3668 4822 Οὖ-

2094 4863 2260 4929 κοῦν,
2312 4864 2513 4933 φησὶν,
2560 4865 2594 4933 ἡ
2649 4862 2877 4933 ἀληθινὴ
2929 4864 3231 4925 ἀνάπαυσις
3283 4860 3361 4931 τῷ
3406 4861 3523 4930 λαῷ
3570 4860 3665 4913 τοῦ

2093 4952 2253 5017 Θεοῦ,
2288 4972 2307 5005 ι
2339 4952 2487 5007 τοῦτ’
2518 4954 2656 5017 ἐστι,
2686 4957 2798 5018 τοῖς
2838 4954 3143 5023 εὐδοκίμως
3178 4953 3323 5024 μετὰ
3345 4953 3448 5025 τὴν
3477 4955 3658 5005 πίστιν

2093 5044 2593 5117 πολιτευσαμένοις,
2632 5048 2946 5110 ἀπόκειται,
2980 5047 3080 5100 οὑκ
3124 5049 3182 5099 ὲν
3214 5051 3283 5117 τῇ
3313 5046 3661 5115 Παλαιστίνῃ,

2093 5136 2208 5190 ἀλλ’
2242 5138 2300 5189 ὲν
2330 5140 2397 5207 τῇ
2431 5139 2789 5210 ὑπερκοσμίῳ
2843 5138 3198 5209 Ἰερουσαλὴμ
3226 5138 3659 5209 εὐτρεπισοεῖσα.

1510 5470 1745 5527 VARIAS
1783 5469 2171 5529 LECTIONES
2210 5471 2298 5526 ET
2334 5470 2567 5528 NOTIE.

478 5658 594 5793 (69;
618 5658 723 5713 Pro
744 5677 880 5733 ηκεν
909 5659 1051 5716 idem
1082 5661 1203 5715 eod.
1239 5660 1432 5716 scribit
1461 5655 1643 5733 ἦλθεν.
1682 5660 1891 5717 Possm.

478 5730 574 5793 (70
618 5724 763 5784 οὗτοι
812 5731 951 5784 idem
989 5741 1160 5785 mutat
1216 5730 1268 5785 in
1315 5730 1477 5786 οὓτω.
1522 5730 1680 5789 Vers.
1710 5747 1825 5793 seq.
1881 5751 1891 5793 ι

478 5724 1160 5804 (Ἰωοῦτοιίὶιιρῐη-ιηιιιαι
1216 5730 1268 5785 in
1315 5724 1680 5789 067w.'Vcrs.
1710 5747 1825 5801 seq.
1879 5747 1978 5804 pro

406 5796 506 5869 τὴν
537 5800 728 5856 scribit
758 5800 937 5870 τήνδε.
965 5798 1042 5854 Io.

2157 5659 2269 5731 (71)
2294 5658 2441 5715 Inter
2459 5661 2548 5714 ἵνα
2572 5670 2628 5736 et
2654 5663 2729 5736 μὴ
2757 5662 2896 5736 idem
2926 5660 3117 5717 inserit
3149 5662 3335 5736 μόνον.
3360 5659 3656 5736 Vers.__inde

2084 5732 2140 5791 5.
2189 5745 2284 5799 pro
2335 5731 2740 5796 κατεσκεύαζον
2796 5733 2959 5786 habet
3006 5731 3442 5785 κατεσκεύασαν.
3508 5731 3651 5782 \‘ers.

2086 5802 2185 5854 ult.
2219 5816 2305 5871 ep.
2336 5801 2585 5865 κολάσεις
2620 5802 2964 5873 singulariter
2995 5802 3173 5867 effert,
3206 5802 3448 5856 κόλασιν.
3478 5800 3546 5853 In.
