3886 6420
158 429 277 493 1233

375 538 555 591 PMH'.
598 567 668 577 —
696 538 953 609 ΙΣΙΔΩΡῼ
990 539 1287 609 ΔΙΑΚΟΝῼ
1310 539 1444 609 (7s).

297 631 399 695 Εἰς
421 630 506 693 τὸ,
546 646 565 680 ι
600 628 710 683 Kal
734 631 766 682 ό
797 627 1019 683 ἀδικῶν
1047 629 1468 699 ὲνευλογεῐται.
1501 650 1519 681 ι

209 739 271 791 Τί
285 741 446 801 ἐστιν,
463 737 533 811 [ὃ]
561 738 716 810 ἔφης,
736 737 819 802 τὸ,
841 756 859 789 ι
882 738 992 792 Καὶ
1012 740 1041 790 6
1058 738 1257 791 ἀδικῶν
1283 740 1698 809 ὲνευλογεῖταις»

154 830 337 884 ’Δκουε
366 832 564 883 τοίνυν.
599 827 759 899 Παρὰ
804 828 865 881 τὸ
902 824 962 881 εὖ
1002 828 1253 897 λέγεσθαι
1287 830 1518 883 ἐνταῦθα
1550 831 1703 901 εἴρη-

152 939 232 976 ται
257 918 317 973 τὸ
348 920 677 992 εὐλογεῖται,
712 920 855 972 τοῦτ’
890 918 1038 971 ἐστιν
1066 921 1390 983 ἐπαινεῖται,
1420 920 1705 990 ἐγκωμιά-

154 1012 289 1076 ζεται
316 1010 465 1083 παρὰ
490 1010 598 1063 τῶν
631 1010 1032 1065 κολακευόντων
1057 1010 1239 1074 αὐτὸν,
1271 1010 1365 1063 καὶ
1394 1011 1703 1081 ἐπιτριϐόν-

152 1121 248 1158 των
282 1103 442 1157 αὐτοῦ
475 1102 571 1172 τὴν
602 1103 820 1164 κακίαν,
868 1102 962 1155 καὶ
1008 1101 1083 1173 μὴ
1124 1102 1376 1172 αἴσθησιν
1414 1102 1513 1172 τῆς
1550 1103 1704 1155 νόσου

152 1193 230 1248 διὰ
253 1193 348 1263 τῆς
381 1192 593 1260 σιωπῆς
625 1193 921 1262 ἐμποιῆσαι
953 1191 1326 1261 ἀνεχομένων·
1375 1192 1455 1244 διὸ
1484 1192 1579 1245 καὶ
1616 1195 1710 1246 άν-

152 1286 361 1355 ήκεστος
391 1285 421 1337 6
444 1283 684 1347 τοιοῦτος
710 1283 1038 1354 εὑρίσκεται.
1068 1284 1158 1353 Τῷ
1185 1284 1292 1354 γὰρ
1321 1284 1441 1353 μηδ’
1461 1284 1709 1353 αἴσθησιν

151 1375 234 1429 τοῦ
258 1375 457 1438 πάθους
484 1374 652 1444 ἔχειν,
680 1373 975 1445 θεραπείαν
1008 1373 1130 1426 οὔτε
1160 1373 1312 1445 ζητεῖ
1337 1373 1461 1427 οὔτε
1490 1376 1710 1445 προσίε-

150 1484 249 1521 ται.
298 1466 408 1519 Καὶ
437 1464 597 1518 τοῦτό
640 1466 758 1517 ἐστι
794 1464 856 1517 τὸ
900 1465 1118 1518 πάντων
1155 1464 1477 1529 δεινότατον,
1522 1466 1649 1517 ὅταν
1676 1467 1711 1536 ἡ

153 1559 305 1615 κακία
334 1559 655 1625 ἐπαινῆται,
689 1558 781 1609 καὶ
822 1557 959 1627 μηδὲ
1000 1557 1169 1610 κακία
1214 1553 1353 1609 εἶναι
1401 1556 1711 1626 νομίζηται.

152 1650 231 1703 Διὸ
260 1650 362 1719 χρὴ
402 1649 639 1719 μάλιστα
663 1648 781 1717 μὲν,
809 1649 857 1699 εί
880 1647 1125 1712 δυνατὸν,
1154 1646 1398 1715 διορθοῦν
1427 1647 1518 1699 τὸν
1542 1647 1716 1699 τοιοῦ-

151 1757 248 1793 τον.
274 1738 335 1792 Et
373 1738 431 1791 δὲ
461 1739 573 1809 μὴ,
613 1737 746 1808 μηδὲ
777 1737 1116 1801 κολακεύειν,
1156 1738 1276 1807 μηδ’
1319 1738 1618 1806 ὲπιτρίὸειν
1655 1738 1714 1790 τὸ

152 1830 325 1893 πάθος·
350 1828 490 1882 ἀλλὰ
526 1831 593 1898 τῇ
646 1830 827 1900 σιωπῇ
862 1828 1115 1895 αἴσθησιν
1145 1828 1293 1898 αὐτῷ
1326 1828 1425 1897 τῆς
1452 1828 1715 1899 πονηρίας

153 1922 402 1990 ἐμποιεῖν.
434 1920 573 1973 Εἱδὲ
602 1920 736 1989 μηδὲ
781 1920 939 1972 τοῦτο
968 1919 1212 1989 βούλοιτό
1242 1936 1324 1981 τις
1353 1921 1547 1983 ποιεῖν,
1578 1920 1710 1988 φεύ-

152 2028 255 2081 γειν
285 2012 689 2082 προτροπάδην·
728 2011 814 2064 ἵνα
848 2012 922 2081 μὴ
952 2012 1205 2074 κοινωνὸς
1239 2013 1338 2082 τῆς
1384 2012 1595 2075 ἀδικίας
1625 2012 1715 2065 διὰ¹

152 2106 237 2172 τῆς
259 2103 546 2166 κολακείας
578 2102 763 2173 ὀφθεὶς
786 2141 801 2166 ,
846 2104 1100 2165 κοινωνὸς
1137 2102 1284 2172 αὑτῷ
1330 2103 1433 2156 κάν
1470 2105 1589 2166 ταῖς
1631 2121 1713 2155 τι-

156 2194 372 2264 μωρίαις
402 2194 635 2265 εὑρεθῇ.
669 2195 879 2263 Ὥσπερ
913 2194 1022 2263 γὰρ
1076 2193 1186 2262 (75)
1216 2195 1245 2247 6
1275 2194 1354 2256 εἰς
1384 2193 1585 2264 ἀρετὴν
1632 2196 1718 2246 ὲν-

153 2283 286 2350 ἁγων
319 2281 714 2350 στεφανοῦται,
748 2281 851 2335 κᾶν
880 2280 1041 2350 μηδὲν
1070 2279 1241 2352 ἀνύσῃ
1277 2279 1359 2349 (τὸ
1381 2279 1490 2347 γάρ
1523 2278 1717 2331 ἑαυτοῦ

153 2374 542 2445 πεπλήρωκεν)·
563 2373 704 2428 οὕτω
732 2374 823 2427 καὶ
846 2376 875 2427 6
901 2374 980 2436 είς
1008 2372 1216 2425 ἀδικίαν
1234 2370 1469 2439 ἀλείφων
1495 2369 1718 2432 κολάζε-

153 2484 264 2532 ται,
308 2466 413 2521 κᾶν
460 2466 627 2537 μηδὲν
677 2465 906 2538 ἰσχύσῃ·
956 2465 1018 2519 τὸ
1046 2465 1153 2537 γὰρ
1197 2462 1392 2517 ἑαυτοῦ
1434 2464 1527 2518 καὶ
1564 2457 1720 2523 οὗτος

155 2557 419 2628 ἐποίησεν.

156 2652 353 2704 modum
391 2650 539 2704 enim
568 2648 640 2716 is,
669 2647 761 2718 qui
811 2646 966 2702 alteri
1000 2648 1066 2701 ad
1126 2647 1382 2702 virtutem
1428 2646 1816 2716 capessendam
1880 2661 2001 2701 sese
2090 2646 2280 2700 ducem
2365 2645 2694 2713 przcbuerit,

952 428 1485 488 EPISTOLARUM
1524 429 1667 487 LIB.
1711 430 1808 491 Ν.
1848 458 1916 467 --
1953 433 2188 492 EPIST.
2229 432 2478 491 CXLIX.

1729 547 1776 602 Δ

3229 424 3365 487 ιεδι

2070 541 2347 598 CXLVIII.
2383 569 2451 579 —
2482 537 2753 592 ISIDORO
2778 534 3093 591 DIACONO.

1875 629 1943 685 In
1968 631 2123 697 illud,
2153 649 2171 683 ι
2212 630 2277 684 Ει
2306 630 2501 699 injuste
2528 627 2755 697 agenst'n
2787 642 2847 681 eo
2871 624 3124 678 laudatur
3150 624 3217 677 ⁸⁸.
3254 642 3281 675 ι

1875 744 2188 812 Quaerebas,
2250 742 2380 812 quid
2424 739 2529 795 sibi
2568 739 2729 794 vellet
2759 736 2913 802 illud,
2945 738 3088 808 quod
3128 738 3366 792 dicitur:

1812 856 1832 889 ι
1884 836 1950 891 Et
1973 837 2170 905 injuste
2218 848 2385 904 agens
2432 834 2485 887 in
2539 848 2603 887 eo
2638 832 2997 885 benedicitur.
3039 848 3057 880 ι
3115 829 3388 884 Ausculta.

1807 928 1993 999 igitur.
2040 926 2387 981 Benedicitur
2435 924 2536 979 hoc
2577 922 2695 977 loco
2728 924 3014 976 deductum
3064 931 3147 974 est
3189 921 3256 975 ab
3307 934 3372 973 eo

1808 1020 1948 1089 quod
1975 1028 2057 1072 est
2088 1019 2224 1072 bene
2252 1017 2454 1081 dicere,
2485 1024 2542 1069 et
2575 1013 2716 1067 valet
2745 1012 2884 1067 idem
2923 1014 3062 1081 quod
3102 1012 3383 1076 laudatur,

1809 1108 2069 1164 encnmiis
2095 1117 2322 1162 ornatur
2373 1106 2441 1160 ab
2472 1104 2900 1160 assentatoribus
2947 1105 3098 1168 suis,
3145 1101 3237 1171 qui
3274 1101 3384 1154 im-‘

1810 1200 2133 1269 probitatem
2168 1199 2335 1267 ipsius
2360 1196 2687 1257 demulcent,
2723 1210 2786 1249 ac
2814 1209 2881 1249 ne
2910 1209 3125 1248 sensum
3152 1192 3371 1262 quidem

1811 1290 1983 1343 morbi
2033 1303 2129 1343 suo
2175 1288 2393 1341 silentio
2440 1286 2489 1339 ci
2534 1286 2851 1353 ingenerare
2896 1284 3187 1337 sustinent.
3248 1281 3377 1347 Qua:

1811 1394 1969 1433 causa
2001 1392 2213 1448 quoque
2238 1389 2357 1441 est,
2388 1391 2483 1429 cur
2525 1376 2644 1428 talis
2680 1375 2982 1427 inveniatur
3039 1372 3375 1426 incurabilis.

1813 1470 1943 1524 Nam
1976 1469 2099 1537 quia
2137 1484 2201 1521 ne
2235 1483 2450 1521 sensum
2484 1468 2700 1535 quidem
2740 1466 2863 1518 tnali
2914 1466 3094 1526 habet,
3150 1463 3380 1516 curatio-

1814 1577 1932 1616 nem
1963 1576 2062 1614 nec
2095 1560 2308 1626 quaerit,
2345 1573 2441 1611 nec
2476 1559 2732 1610 admittit.
2778 1559 2953 1624 Atque
2994 1556 3095 1607 hoc
3138 1554 3381 1607 omnium

1813 1664 1893 1707 est
1919 1653 2320 1721 gravissimum,
2356 1651 2571 1719 quando
2621 1648 2937 1714 improbitas
2989 1646 3260 1706 laudatur,
3320 1658 3383 1698 ac

1815 1760 1882 1798 nc
1934 1743 2149 1812 quidem
2211 1755 2311 1810 pro
2380 1739 2724 1809 improbitate
2793 1739 3042 1791 habetur.
3117 1735 3383 1803 Quocirca

1817 1835 2050 1887 maxime
2077 1832 2294 1902 quidem
2322 1833 2373 1885 in
2403 1833 2453 1885 id
2485 1830 2902 1885 incumbcndum
2923 1838 3024 1894 est,
3059 1838 3138 1892 ut,
3191 1827 3234 1882 si
3262 1825 3380 1880 ﬁeri

1820 1936 2014 1996 potest,
2061 1924 2221 1979 talem
2270 1924 2627 1991 corrigamus.
2688 1921 2782 1975 Sin
2832 1921 3031 1985 minus,
3086 1919 3383 1973 cavendum

1823 2027 2001 2071 tamen
2040 2016 2184 2072 omni
2212 2016 2411 2079 studio,
2460 2030 2526 2069 ne
2566 2014 2651 2068 vel
2702 2012 3011 2066 adulatione
3058 2011 3141 2064 vel
3181 2010 3387 2063 demul-

1820 2106 1991 2162 cendn
2018 2105 2211 2158 malunt
2250 2103 2527 2158 faveamus
2562 2119 2577 2157 :
2612 2103 2707 2157 sed
2730 2103 2947 2156 silentio
2973 2100 3159 2155 saltem
3186 2100 3386 2168 impro-

1822 2196 2007 2275 bitatis
2062 2209 2281 2249 sensum
2336 2194 2435 2261 ipsi
2479 2191 2803 2257 injiciantus.
2862 2190 3016 2256 Quod
3062 2188 3105 2242 si
3151 2203 3249 2242 nec
3285 2188 3385 2241 hoc

1821 2280 2038 2357 quidem
2073 2286 2303 2339 voluerit
2358 2285 2481 2353 quis
2522 2285 2725 2348 facere,
2772 2290 3025 2337 contento
3072 2295 3231 2334 cursu
3270 2278 3389 2332 uui-

1813 2380 2009 2445 cniqne
2039 2377 2347 2445 fugiendum
2400 2384 2505 2439 est,
2536 2390 2605 2429 ne
2660 2372 2935 2442 iniustitia:
2972 2370 3242 2439 particeps
3276 2367 3392 2421 ﬁeri

1815 2480 1912 2534 per
1942 2464 2364 2518 assentationem
2419 2462 2788 2531 deprehensus
2843 2461 3017 2514 eidem
3081 2471 3296 2528 quoque
3339 2457 3394 2512 itt

1818 2554 2102 2625 suppliciis
2152 2552 2493 2623 perferendis
2539 2553 2719 2608 socius
2774 2551 3066 2606 efﬁciatur.
3123 2548 3393 2616 Quemad-

2776 2650 3101 2707 CUronntur,
3182 2636 3401 2692 tametsi

160 2740 279 2795 nihil
304 2741 449 2811 apud
472 2757 596 2797 eum
622 2740 913 2809 profecerit
941 2742 1089 2807 (nam
1120 2749 1381 2809 quantum
1428 2741 1479 2794 in
1507 2755 1565 2794 se
1597 2741 1718 2805 fuit,
1794 2740 2087 2810 implevit):
2115 2740 2185 2794 ita
2215 2739 2380 2794 etiam
2439 2739 2656 2806 punitur
2698 2739 2766 2803 is,
2799 2737 2888 2805 qui
2938 2736 3165 2789 alterum
3197 2733 3261 2786 ad
3306 2731 3394 2785 in-

155 2828 401 2898 iustitiam
452 2832 697 2901 instigat,
750 2831 965 2885 tametsi
1017 2832 1150 2884 nihil
1192 2832 1445 2887 valuerit.
1495 2830 1627 2885 Nam
1667 2843 1723 2887 et
1762 2833 1849 2887 hic
1874 2832 2014 2901 quod
2041 2846 2195 2886 suum
2228 2839 2366 2895 erat,
2406 2828 2552 2883 fecit.

504 2944 687 2998 ΡΜΘι.
724 2974 797 2983 -
833 2944 999 3016 Ima
1034 2945 1355 3017 ΔΙΑΚΟΝῼ.

157 3032 251 3100 Eli;
279 3034 370 3101 τὸ,
408 3050 431 3087 ι
462 3034 664 3099 Ἀπαξ
687 3034 1072 3175 Magaw;
1103 3035 1268 3103 Θεὸς,
1308 3055 1327 3089 ι
1373 3039 1461 3105 εις
1501 3038 1607 3093 τόν
1633 3038 1723 3105 Ea’

949 3124 993 3175 μ
1029 3123 1088 3160 ν.

949 3123 1088 3175 μον.

221 3216 291 3271 Τὸ
329 3217 590 3289 θήραμα,
619 3210 664 3271 ὦ
706 3217 979 3287 βέλτιστε,
1013 3217 1042 3271 ὃ
1085 3217 1349 3289 θηρεῦσαι
1376 3219 1583 3284 ποθεῖς,
1618 3223 1731 3283 τοῖς

2125 2944 2353 3002 CXLIX.
2392 2975 2460 2985 —
2500 2944 2727 2999 IIELIIE
2766 2941 3085 2999 DIACONO.

1828 3038 1894 3093 In
1919 3038 2073 3095 illud.
2098 3056 2117 3091 ι
2144 3038 2315 3094 Semel
2337 3036 2542 3091 locutus
2572 3046 2647 3090 est
2673 3036 2834 3097 Deus.
2862 3053 2880 3087 ι
2919 3035 2971 3088 in
2999 3033 3261 3104 psalmum
3285 3048 3396 3089 ut.

1901 3218 2172 3273 Venatura
2205 3216 2320 3283 illa,
2366 3232 2399 3272 ο
2429 3217 2596 3282 bone,
2630 3230 2795 3286 quam
2850 3215 3039 3269 venari
3089 3215 3264 3284 cupis,
3297 3213 3405 3268 illis

164 3306 251 3377 μὲν
279 3307 669 3375 συνετωτέροις
701 3305 820 3358 ἐστὶ
857 3305 1222 3376 δυσθήρατον·
1256 3308 1370 3369 τοῖς
1400 3306 1456 3360 δὲ
1485 3308 1727 3377 παχυτέο

1831 3311 2047 3380 quidem
2070 3312 2161 3380 qui
2185 3320 2311 3364 sunt
2336 3310 2696 3373 cordatiores,
2717 3316 2877 3377 captu
2908 3306 3238 3376 perdifﬁcilis
3268 3314 3389 3369 est;

164 3414 263 3466 ροις
282 3398 580 3469 ἀθήρατον.
616 3398 793 3468 Ἔφης
840 3397 972 3469 γάρ·
1016 3397 1081 3450 Τί
1122 3400 1302 3450 ἐστιν’
1335 3416 1353 3449 ι
1392 3399 1576 3465 Ἀπαξ
1612 3400 1730 3454 ἐλάο

160 3489 306 3558 λησεν
342 3492 372 3542 6
404 3491 572 3553 Θεόςο
613 3489 707 3542 δύο
751 3488 924 3542 ταῦτα
973 3489 1217 3559 ἧκουσα;
1270 3508 1289 3541 ι
1337 3486 1507 3561 Οἶμαι
1551 3492 1729 3546 τοίνυν

160 3582 372 3653 (ἐπειδὴ
411 3580 509 3634 τοῦ
543 3585 813 3649 νοήματος
844 3578 952 3650 χρὴ
995 3578 1204 3643 ἀνοῖξαι
1252 3579 1351 3643 τὰς
1385 3581 1586 3650 θύρας,
1635 3584 1730 3637 καὶ

160 3675 259 3734 τοῖς
290 3672 682 3742 συνετωτέροις
717 3673 921 3740 ἐφεῖναι
960 3672 1021 3722 τὸ
1061 3670 1129 3724 τά
1162 3671 1398 3727 ἀδύνατα
1431 3673 1524 3727 τοῦ
1558 3674 1723 3745 ῥητοῦ

162 3764 559 3833 κατοπτεῦσαι)
591 3762 765 3825 οὕτως
811 3762 1098 3833 εἰρῆσθαι,
1138 3763 1214 3827 ὡς
1244 3766 1307 3819 ἄν
1337 3782 1418 3829 τις
1452 3766 1630 3819 εἴποι·
1672 3768 1732 3821 '0

161 3856 293 3909 δεῖνα
313 3856 463 3922 ἅπαξ
495 3854 598 3925 μέν
630 3872 720 3926 μοι
752 3857 1006 3924 συνέτυχε
1028 3871 1041 3884 ·
1076 3858 1204 3926 περὶ
1242 3856 1299 3909 δὲ
1353 3857 1625 3929 διαφόρων
1655 3859 1734 3912 δι-

165 3945 347 4015 ελέχθη
383 3962 540 4016 πραγ
552 3944 756 4015 μάτων.
786 3939 951 4008 Οὗτος
985 3943 1081 4015 μὲν
1103 3943 1194 3998 οὖν
1213 3949 1241 4000 6
1268 3948 1559 4020 πρόχειρος
1587 3949 1730 4013 νοῦς.

172 4038 225 4089 '0
248 4039 302 4091 δὲ
343 4037 650 4108 βαθύτερος
691 4038 784 4090 καὶ
814 4036 1268 4109 είλικρινέστερος
1312 4042 1369 4093 ὲν
1402 4042 1602 4105 πάσαις
1635 4042 1734 4113 μὲν

166 4127 476 4201 διέσπαρται
514 4131 637 4193 ταῖς
678 4130 939 4199 Γραφαῖς·
970 4127 1027 4181 ἓν
1060 4128 1116 4181 δὲ
1141 4131 1173 4200 ἢ
1197 4131 1449 4204 δεύτερον
1480 4152 1734 4206 μεταχει-

171 4220 450 4291 ρισάμενος
481 4221 679 4290 φράσω
699 4261 713 4284 ,
752 4222 801 4273 εί
847 4221 942 4274 καὶ
974 4219 1066 4273 ὲπὶ
1097 4223 1297 4286 πολλάς
1342 4225 1487 4279 ἐστιν
1512 4227 1737 4298 ἐκδοχὰς

167 4310 349 4381 τρέψαι
376 4311 479 4382 τὴν
504 4311 763 4376 διάνοιαν,
795 4313 1059 4381 ἐχομένας
1088 4313 1185 4382 τῆς
1214 4313 1308 4366 τοῦ
1346 4314 1603 4384 Μελῳδοῦ
1638 4334 1735 4387 με-

168 4400 457 4468 ¹γαλονοίας.
482 4399 598 4472 (74)
638 4401 856 4472 Ἐπειδὴ
885 4400 1078 4455 εἷπενό
1102 4401 1233 4465 Θεὸς
1264 4404 1341 4474 τῷ
1380 4404 1569 4475 ’Λδάμο
1610 4425 1628 4457 ‹
1662 4408 1735 4477 Γῆ

169 4486 232 4557 εἴ,
252 4492 441 4555 καὶείς
466 4492 573 4562 γῆν
599 4491 892 4562 ἀπελεύσῃ·
925 4512 944 4545 ι
975 4492 1035 4545 οὐ
1061 4492 1365 4564 προσέθηκε
1397 4495 1474 4561 δὲ,
1518 4496 1738 4566 ’Λφανιυ

170 4583 353 4659 σθήσῃ,
378 4586 507 4638 οὐδὲ
543 4584 618 4655 μὴ
656 4584 1011 4656 ὲπανελεύσῃ·
1044 4584 1153 4653 ἐγὼ
1186 4585 1273 4639 διά
1300 4585 1396 4639 τοῦ
1435 4588 1608 4641 ταῦτα
1635 4606 1734 4642 πα-

171 4678 639 4749 ρασεσιωπῆσθαι,
666 4678 763 4747 τὴν
793 4676 1087 4729 ἀνάστασιν
1123 4678 1572 4747 προσυπήκουσα.
1621 4680 1737 4733 Ἐλο
1775 4660 1814 4712 ί)

167 4768 284 4821 itan
325 4769 439 4840 γὰρ
481 4769 743 4821 ἐπανόδου
796 4766 874 4837 τῷ
925 4767 1187 4838 ὲξορίστῳ
1233 4767 1454 4823 ἔδωκεν.
1518 4768 1584 4822 Ἦ
1628 4771 1737 4843 γὰρ

168 4859 454 4927 ἀπόφασις,
506 4862 835 4930 μονότροπος
875 4853 1012 4911 εἶναι
1042 4857 1271 4911 δοκοῦσα
1294 4859 1443 4929 (75),
1484 4860 1739 4930 ἐμφαίνει

172 4951 449 5022 βασιλικὴν
474 4951 906 5022 φιλανθρωπίαν,
932 4949 1027 5003 καὶ
1048 4950 1307 5003 ἐπανόδου
1328 4952 1501 5005 τίκτει
1525 4953 1737 5009 ἐλπίδα.

172 5040 578 5096 ΚαῐΝινευῗται
607 5042 662 5095 δὲ
692 5041 968 5113 ἄνθρωποι
996 5040 1282 5111 βάρϐαροι,
1310 5043 1495 5112 σχεδὸν
1523 5044 1738 5112 ἀπόφα-

173 5149 248 5186 σιν
273 5134 527 5205 καθαρὰν
552 5133 856 5204 δεξάμενοι,
884 5133 1040 5187 οὐδὲν
1072 5132 1343 5204 βάρϐαρον
1371 5130 1593 5197 ἔπαθον,
1622 5132 1739 5186 ἀλλ’

1834 3402 2191 3456 craSsioribus
2244 3412 2423 3456 autem
2466 3415 2531 3454 ac
2588 3400 2961 3470 pinguioribus
2985 3406 3144 3466 captu
3199 3397 3404 3466 impos~

1834 3494 2027 3549 sibilis.
2081 3493 2372 3558 Quaerebas
2420 3491 2587 3559 enim,
2628 3491 2758 3560 quid
2814 3489 2886 3544 sit
2936 3489 3065 3542 illud
3103 3506 3117 3543 :
3159 3505 3178 3539 ι
3223 3486 3407 3541 Semel

1836 3586 2051 3641 locutus
2096 3593 2182 3641 est
2228 3584 2391 3651 Deus,
2449 3585 2554 3638 duo
2609 3583 2723 3637 haec
2773 3580 2952 3635 audivi
2973 3580 3039 3634 ⁶¹.
3095 3597 3115 3631 ι
3160 3578 3407 3633 Arbitror

1838 3678 2003 3747 igitur
2026 3677 2303 3746 (quoniam
2356 3674 2663 3731 intellectus
2707 3674 2887 3743 ianua:
2918 3672 3222 3743 aperienda:
3260 3678 3406 3731 sunt,

1838 3776 1894 3821 et
1930 3764 2448 3835 intelligentioribus
2477 3764 2918 3835 permittendum,
2954 3772 3014 3817 ut
3054 3760 3410 3832 impossibilia

1841 3857 2042 3928 (vulgo)
2082 3856 2242 3925 hujus
2278 3858 2405 3911 dicti
2444 3854 2906 3925 contemplemur)
2941 3855 3018 3909 ita
3061 3854 3163 3909 hoc
3206 3852 3409 3907 dictum

1838 3964 1980 4015 esse,
2026 3956 2083 4002 nt
2137 3949 2182 4001 si
2231 3949 2352 4018 quis
2386 3949 2534 4003 dicat
2588 3964 2601 4001 :
2648 3946 2743 4002 Ille
2782 3945 2965 4001 semel
3009 3945 3227 4014 quidem
3278 3942 3412 3997 mihi

1840 4039 2226 4106 occurrit;,de
2280 4038 2511 4094 diversis
2551 4047 2731 4093 autem
2768 4036 3036 4107 capitibus
3091 4038 3253 4088 verba
3296 4047 3408 4086 me-

1842 4146 1966 4186 cum
2007 4130 2447 4187 communicavit.
2502 4130 2602 4184 IIic
2661 4144 2790 4184 sane
2834 4128 3026 4183 obvius
3086 4134 3171 4182 est
3219 4140 3409 4179 sensus

1842 4222 1959 4289 ejus
2004 4223 2152 4278 dicti.
2207 4221 2536 4277 Profundior
2590 4231 2769 4276 autem
2826 4230 2988 4289 atque
3037 4218 3299 4273 sincerior
3355 4216 3409 4269 in

1842 4315 2094 4370 omnibus
2128 4313 2347 4384 quidem
2388 4312 2688 4382 Scripturis
2736 4311 2936 4380 passim
2966 4309 3246 4378 dispersus
3270 4317 3353 4361 est
3390 4325 3406 4362 :

1846 4421 2011 4459 unum
2042 4415 2221 4460 tamen
2271 4406 2532 4459 duntaxat
2578 4405 2875 4458 alterumve
2921 4404 2973 4456 in
3021 4415 3214 4454 manus
3265 4415 3415 4453 sunt-

1844 4504 1993 4565 pttttn
2024 4496 2479 4559 commemorabo,
2526 4496 2773 4564 quamvis
2798 4495 2851 4547 in
2887 4492 3083 4547 multos
3136 4507 3201 4547 ac
3231 4491 3413 4545 varios

1848 4588 2155 4642 intellectus
2206 4585 2365 4641 liceat
2418 4595 2630 4640 vertere
2684 4585 3111 4654 cogitationem,
3167 4582 3259 4652 qui
3304 4582 3416 4635 sint

1844 4676 2194 4732 consentanei
2267 4676 2588 4731 sublimibus
2648 4674 3055 4745 Psaltnograplti
3133 4674 3409 4731 sensibus.

1842 4767 2010 4839 498
2036 4766 2299 4835 Quoniam
2330 4768 2537 4823 Adamo
2568 4766 2705 4822 dixit
2736 4768 2877 4823 Deus
2914 4785 2928 4821 :
2970 4785 2991 4819 ι
3023 4765 3193 4821 Terra
3231 4781 3315 4833 es,
3349 4775 3404 4821 et

1846 4862 1899 4915 in
1931 4872 2131 4915 terram
2171 4859 2460 4916 reverteris
2484 4860 2566 4927 ⁶³;
2607 4878 2627 4912 ι
2658 4875 2763 4913 non
2822 4860 3029 4915 addidit
3061 4871 3243 4914 autem
3287 4877 3301 4912 :
3358 4858 3415 4912 In

1847 4952 2073 5007 nihilum
2108 4952 2392 5019 redigeris,
2437 4965 2611 5020 neque
2651 4951 2846 5005 iterum
2900 4950 3142 5015 redibis;
3182 4964 3282 5018 ego
3323 4965 3419 5018 per

1848 5045 1922 5107 id,
1957 5044 2097 5113 quod
2139 5044 2241 5098 ista
2287 5043 2504 5098 silentio
2549 5042 2822 5113 praeterita
2857 5052 3015 5108 sunt,
3072 5039 3416 5098 subinteliexi

1846 5134 2321 5189 resurrectionem.
2352 5132 2518 5203 Spem
2539 5131 2682 5187 enim
2712 5130 3039 5186 reversionis
3055 5125 3413 5186 deditexsuli.

238 5292 278 5321 “
307 5289 473 5348 Prov.
507 5304 660 5356 utv,
691 5288 783 5345 25.
858 5289 904 5322 ⁶¹
939 5287 1081 5343 Psal.
1116 5288 1336 5353 μηνὶ.
1396 5286 1441 5319 ⁸³
1467 5287 1603 5343 Gen.
1640 5302 1723 5353 ili,
1760 5286 1849 5342 I9.

1275 5438 1511 5494 VARI/13
1553 5438 1933 5497 LEC'I‘IOkES
1961 5438 2052 5493 ET
2091 5437 2323 5496 NOTAS.

244 5606 355 5668 (Ἡ)
396 5604 461 5660 in
490 5603 575 5660 tit.
599 5603 829 5672 διακόνῳ
850 5611 1020 5656 mutat
1042 5601 1107 5672 in,
1122 5600 1405 5672 ἐπισκόπω
1424 5601 1592 5655 codex
1614 5598 1736 5672 vat.

180 5675 298 5731 650.
339 5676 506 5731 Vers.
550 5676 584 5730 5
620 5690 706 5742 ep.
754 5670 851 5744 pro
889 5672 986 5744 μὴῌ
1012 5671 1135 5726 cod.
1170 5672 1324 5744 idem
1376 5671 1539 5744 I_ia_bet
1580 5670 1735 5743 μηδὲ.

179 5744 328 5814 Vers,
363 5760 488 5814 seq.
520 5739 668 5800 idem
693 5739 770 5799 ei
792 5739 1088 5814 ἐμποιῇσαι
1113 5740 1251 5813 tollit
1276 5739 1404 5813 ἐμ..
1426 5739 1637 5798 Possim.

246 5806 358 5888 (τε)
384 5806 525 5872 Cdd.
554 5815 675 5871 Vat.
708 5806 857 5869 addit
882 5806 997 5868 καίξ
1019 5808 1120 5891 1ο.ς

1854 5600 2032 5724 δτρέἐ
2070 5600 2208 5711 Aqte
2232 5599 2423 5671 ἐπειδὴ
2475 5594 2630 5653 εἶπεν
2691 5596 2903 5668 supplet
2930 5595 3052 5651 cod.
3091 5591 3270 5651 Vatic.
3296 5593 3421 5661 δεῖ),

1859 5670 2056 5864 Εἶτ’(ξῆ
2093 5685 2202 5799 1³)έο
2243 5738 2384 5795 εἶναι
2433 5738 2670 5794 δοκοῦσα
2726 5738 2866 5795 idem
2916 5735 3241 5808 simpliciter
3279 5733 3429 5805 ponit
3541 5782 3547 5789 .

1859 5827 2012 5865 ουσα.
2062 5826 2112 5865 D.

1889 5828 2112 5865 υσα.1υ.
