3886 6420
388 386 527 450 1235
1576 387 1636 446 S.
1681 386 1972 446 ISI'DOBI
2010 385 2457 447 PELUSIOTE'
3509 374 3657 439 1-238

387 498 665 554 Sententia
714 500 858 554 enim
908 514 1028 569 quae
1077 501 1383 556 uniusmodi
1435 515 1554 556 esse
1602 501 1950 566 videtur,re-

2088 502 2402 572 ννοήσαντες
2451 501 2534 563 τὸ,
2595 519 2614 551 t
2668 501 2790 553 Ἔτι
2832 500 2980 570 τρεῖς
3012 497 3253 568 ἡμέραι,
3303 491 3401 545 καὶ
3452 489 3647 543 Νινευῒ

385 591 530 660 giam
561 591 717 644 simul
750 590 955 646 indicat.
987 592 1334 646 clementiam
1367 603 1422 647 et
1456 593 1876 658 humanitatem,
1897 602 1951 646 et

2088 593 2596 662 αταστραφήσεται,
2651 610 2670 643 ›
2712 592 2795 644 ὅτι
2825 591 3081 660 ἐμφαίνει
3131 588 3280 641 θείαν
3327 583 3641 653 φιλανθρω-

383 685 591 738 reditus
620 683 788 753 gignit
809 699 991 753 spem-
1013 684 1118 739 Sed
1149 696 1203 738 et
1230 683 1502 751 Ninivitae,
1545 686 1794 753 quamvis
1824 687 1950 739 bar—

2088 683 2188 736 τίαν
2225 685 2297 753 (ἡ
2345 684 2453 753 γὰρ
2497 684 2795 753 ἀπόφασις,
2825 682 3059 751 ἀπειλῆς
3103 678 3486 749 ἀπαραιτήτου
3553 673 3653 741 γέ-

385 774 525 838 hari,
564 775 696 827 nihil
726 783 902 829 tamen
943 775 1157 829 barbari
1186 785 1510 842 senserunt,
1547 791 1680 845 pura
1714 790 1777 830 ac
1813 791 1952 844 prae-

2088 791 2228 828 ουσα
2259 776 2370 845 ('76)
2394 817 2408 840 ,
2455 776 2668 846 αἵρεσιν
2717 774 3086 828 λανθάνουσαν
3127 769 3243 842 εἶχε
3281 773 3350 840 τῇ
3387 766 3649 832 συνεζευ-

386 865 496 917 cisa
534 864 704 920 ferme
741 865 1007 921 sententia
1039 876 1255 936 accepta
1287 884 1304 933 ;
1332 868 1424 922 sed
1453 882 1575 921 cum
1625 867 1954 936 cogitassent

2094 869 2232 939 μένῃ
2283 869 2586 941 ὑπερθέσει
2628 871 3038 942 κεκρυμμένην.
3094 869 3171 921 Οὐ
3220 868 3330 938 γὰρ
3368 867 3645 934 περιεῖχε.

388 953 516 1007 illud
550 973 564 1008 :
609 974 627 1005 ι
663 955 851 1010 Adhuc
898 965 1008 1010 tres
1040 957 1180 1022 dies,
1215 967 1268 1010 et
1299 957 1495 1011 Ninive
1526 956 1882 1019 evertetur“,
1928 975 1949 1008 ι

2088 958 2204 1012 [ετά
2254 963 2400 1030 τρεῖς
2445 962 2678 1032 ἡμέρας
2718 962 2856 1016 ἀλλὰ
2907 961 3149 1014 τοιοῦτόν
3183 960 3235 1012 τί
3282 960 3426 1010 ἐστι’
3483 957 3646 1024 Τρεῖς

386 1045 671 1098 ostendere
693 1047 924 1100 divinam
953 1047 1241 1102 bonitatem
1261 1066 1276 1111 ;
1299 1048 1496 1116 quippe
1522 1048 1809 1109 sententia,
1834 1062 1954 1113 qua:

2096 1051 2265 1120 μέρας
2293 1052 2560 1122 ἀνέχομαι
2601 1054 2796 1124 ὑμῶν),
2825 1053 2921 1106 καὶ
2953 1051 3502 1120 γνωσιμαχήσαντες,
3549 1047 3658 1114 τὴν¹

386 1138 809 1192 οοπιητῑηοιίοιιθ
834 1138 1128 1192 inevitabili
1154 1141 1304 1207 plena
1331 1139 1950 1202 videbatur,tacitam.in

2088 1142 2158 1195 μὲν
2185 1143 2458 1196 ἀπώλειαν
2488 1145 2892 1216 διεκρούσαντο,
2925 1144 3023 1213 τὴν
3045 1144 3100 1195 δὲ
3169 1140 3450 1211 σωτηρίαν
3481 1139 3649 1205 ὲκαρο

387 1238 445 1278 se
460 1235 513 1277 et
532 1225 782 1280 latentem
808 1227 1168 1281 conditionem
1188 1228 1519 1288 continebat,
1542 1235 1599 1278 et
1623 1227 1840 1295 quidem
1865 1227 1954 1278 ad-

2088 1230 2326 1285 ;ώσαντο.
2352 1235 2426 1285 Οὐ
2454 1233 2563 1304 γὰρ
2583 1235 2642 1286 έν
2665 1251 2721 1285 τι
2748 1233 2892 1304 ἔχειν
2921 1233 3094 1285 ἐδόκει
3119 1233 3153 1298 ἡ
3183 1231 3481 1294 ἀπόφασιςο
3510 1225 3658 1278 ἀλλὰ·

381 1315 564 1382 juncta
590 1314 848 1370 dilatione
870 1316 1194 1370 occultatam
1220 1335 1234 1371 :
1258 1317 1494 1384 alioquin
1520 1318 1660 1372 enim
1694 1327 1815 1387 post
1839 1327 1956 1372 tres

2088 1319 2165 1382 ὑο,
2192 1321 2227 1390 ἢ
2269 1323 2657 1391 ἀμετανοήτοις
2694 1322 2986 1392 τιμωρίαν,
3021 1323 3054 1390 ἢ
3093 1317 3418 1389 μετανοοῦσι
3466 1331 3652 1382 σωτη-

385 1404 501 1458 dies
533 1419 638 1458 non
694 1406 1010 1462 distulisset.
1051 1406 1246 1461 Verum
1293 1408 1396 1462 tale
1429 1409 1686 1478 quiddam
1717 1408 1893 1462 innuit
1930 1426 1946 1463 :

2091 1411 2196 1464 ίαν.
2232 1413 2412 1482 Ὅπερ
2460 1410 2552 1467 οὖν
2586 1415 2679 1468 καὶ
2721 1415 2782 1467 τὸ
2813 1413 2966 1476 τέλος
3011 1413 3216 1478 ἔδειξε,
3258 1413 3328 1481 τῇ
3370 1407 3651 1478 ἑρμηνείᾳ

386 1493 520 1551 Tres
571 1497 688 1552 dies
716 1500 1039 1566 exspectabo
1079 1515 1175 1554 vos
1228 1500 1384 1566 (num
1420 1501 1537 1554 sitis
1570 1501 1948 1570 paenitentiam

2088 1502 2258 1556 ,ἄλλον
2287 1504 2387 1572 τῆς
2411 1507 2735 1573 ἀποφάσεως
2769 1505 3171 1575 ἀκολουθῆσαν.

385 1590 604 1661 acturi),
637 1594 948 1661 pmnitentia
978 1604 1104 1648 acta-
1133 1596 1424 1663 perniciem
1454 1596 1672 1664 quidem
1718 1597 2174 1663 impendentema
2245 1614 2305 1653 se
2337 1601 2704 1668 depulerunt;
2763 1602 2959 1654 salutis
3019 1614 3150 1653 vero
3203 1597 3441 1651 fructum
3515 1601 3654 1645 sunt.

384 1682 589 1750 adepti.
620 1682 734 1738 Non
758 1685 901 1738 enim
936 1702 1097 1740 unum
1125 1687 1381 1755 quiddam
1419 1688 1687 1758 (prtecise)
1719 1688 1998 1741 videbatur
2023 1689 2076 1741 in
2137 1691 2500 1750 secontinere
2563 1692 2856 1754 sententia,
2913 1690 3008 1745 sed
3056 1693 3163 1743 duo
3207 1687 3386 1753 capita
3419 1700 3434 1735 :
3502 1681 3650 1734 vide»

386 1775 536 1841 licet,
587 1784 686 1831 aut
723 1779 1045 1848 supplicium
1087 1781 1580 1848 imptenitentibus,
1623 1790 1714 1834 aut
1770 1780 2145 1849 ptenitentiam
2203 1784 2493 1849 agentibus
2562 1785 2816 1838 salutem.
2855 1783 3010 1849 Quod
3081 1782 3300 1851 quidem
3376 1778 3455 1830 ita
3484 1786 3652 1834 esse,

387 1865 502 1936 ipse
551 1868 786 1922 ostendit
845 1870 1044 1936 exitus,
1109 1870 1198 1938 qui
1268 1872 1702 1939 interpretationi
1769 1871 1947 1939 potius
1985 1887 2148 1938 utram
2182 1875 2365 1928 verbis
2429 1877 2718 1928 sententia:
2781 1885 3180 1929 consentaneus
3219 1871 3338 1923 fuit.

847 1983 953 2038 CL.
986 2013 1055 2023 -
1090 1982 1497 2039 NILAMMONI.

390 2071 477 2127 Ea:
519 2075 695 2143 priore
725 2074 809 2128 'ad
859 2075 1179 2130 Corinthios.
1249 2076 1426 2141 Quare
1470 2077 1658 2130 dixerit
1731 2076 1964 2141 Paniue,

465 2162 485 2194 t
521 2144 643 2214 Non
679 2146 820 2197 enim
847 2145 1083 2213 judicavi
1119 2163 1199 2198 me
1225 2150 1357 2199 scire
1413 2148 1614 2214 aliquid
1662 2148 1797 2200 inter
1846 2163 1960 2210 vos,

462 2214 562 2266 nisi
587 2213 874 2279 Christum,
900 2225 948 2268 et
975 2217 1112 2269 Itum:
1165 2217 1475 2284 cruciﬁxum
1500 2213 1575 2270 7“.
1615 2235 1633 2268 ι
1801 2234 1870 2258 ν-

463 2326 696 2394 Quaaris,
727 2344 823 2382 cur
855 2327 1073 2389 Paulus,
1111 2329 1317 2384 relictis
1352 2330 1458 2384 illis
1484 2327 1786 2398 splendidis
1800 2337 1962 2394 atque

394 2420 814 2490 augustis,.qnze
861 2421 927 2475 de
969 2419 1190 2476 Christo
1236 2422 1624 2483 annuntiabat,
1678 2421 1964 2489 scripserit

394 2509 693 2564 Corinthiis
728 2527 742 2567 :
782 2529 800 2560 ι
844 2509 958 2565 Non
1000 2511 1238 2578 iudicavi
1281 2527 1366 2565 me
1398 2512 1542 2566 seire
1587 2512 1786 2579 aliquid
1824 2513 1965 2564 inter

393 2616 514 2664 vos,
568 2603 672 2655 nisi
710 2601 892 2657 Jesum
924 2602 1226 2668 Christum,
1269 2613 1324 2656 et
1373 2605 1517 2656 hunc
1563 2606 1907 2658 cruciﬁxum.
1940 2624 1958 2656 ι

394 2692 642 2746 Arbitror
672 2694 877 2760 itaque,
896 2694 1023 2763 quia
1055 2693 1168 2762 ipsa
1202 2709 1417 2763 quoque
1453 2695 1564 2760 illa,
1598 2711 1719 2763 quae
1745 2695 1961 2764 probris

395 2783 548 2852 plena
585 2783 856 2848 videntur,
886 2784 1122 2838 maximo
1148 2793 1200 2838 et
1245 2785 1436 2839 robore
1476 2794 1531 2838 et
1583 2785 1788 2840 honore
1841 2801 1964 2841 sca-

399 2885 532 2940 tent,
569 2875 773 2930 idcirco
811 2891 931 2930 eum
975 2877 1075 2930 ista
1127 2877 1353 2940 dixisse,
1395 2886 1598 2930 tantum
1652 2893 1758 2931 non
1821 2879 1964 2932 edita

397 2981 527 3021 voce
586 2968 1008 3035 proclamamem
1061 2985 1076 3022 :
1123 2966 1387 3023 Vinctum
1435 2968 1693 3023 athletam
1751 2983 1880 3023 ecce
1911 2969 1965 3022 in

397 3057 637 3113 medium
685 3060 947 3127 produco,
977 3067 1042 3113 ut‘
1077 3069 1431 3129 posteaquam
1463 3061 1708 3132 Olympia
1753 3061 1965 3124 vicerit,

396 3148 612 3205 clariori
643 3163 762 3202 eum
796 3151 1065 3216 praeconio
1087 3164 1306 3203 ornem:
1344 3151 1657 3204 vilissimam
1690 3159 1747 3205 et
1770 3161 1967 3206 contu-

398 3237 557 3292 melia
607 3237 820 3306 plenam
871 3250 1202 3294 armaturam
1250 3241 1370 3294 d'uci
1417 3240 1624 3295 militia:
1667 3241 1966 3307 circumdo,

350 3353 352 3356 ν
398 3336 459 3381 ut
512 3337 664 3383 t‘anto
726 3330 901 3397 magis
952 3340 1166 3398 gemat,
1219 3331 1310 3400 qui
1367 3332 1555 3386 inorbo
1608 3331 1970 3386 multitudinis

343 3426 348 3432 '
399 3421 626 3474 deorum
658 3419 896 3486 laborat,
916 3421 1004 3475 ubi
1045 3429 1163 3475 tam
1203 3422 1413 3477 vilibus
1449 3423 1629 3478 armis
1671 3423 1966 3478 sevictum

400 3509 656 3566 senserit.

964 3625 1099 3682 CLI.
1126 3657 1196 3668 —
1225 3627 1406 3683 NILO.

403 3714 549 3782 Quid
591 3715 660 3770 sit
709 3714 884 3783 illud,
941 3737 962 3770 ο
1035 3719 1138 3783 Qui
1200 3720 1255 3772 in
1319 3719 1443 3772 altis
1494 3718 1734 3782 habitat,
1805 3733 1982 3772 nonne-

1041 3790 1176 3844 videt
1203 3789 1285 3842 6"?
1317 3808 1336 3840 ›

477 3897 630 3964 Quod
659 3899 918 3967 scriptum
949 3911 1033 3956 est
1070 3926 1084 3956 :
1131 3921 1160 3953 ‹-
1191 3903 1272 3955 An
1321 3903 1411 3970 qui
1447 3901 1554 3955 alta
1603 3901 1813 3963 incolit,
1866 3914 1974 3954 non

407 3990 590 4043 videt?
621 4008 639 4040 ι
671 3992 912 4043 discendi
945 3992 1238 4060 cupiditate
1265 3993 1529 4046 adductus
1561 4008 1654 4061 per
1676 3992 1883 4046 litteras
1907 4007 1974 4044 ex

407 4098 496 4138 me
535 4083 831 4152 quaesivisti
857 4084 986 4154 quid
1019 4085 1306 4152 signiticet.
1342 4085 1599 4137 Ausculta
1644 4085 1824 4154 igitur.
1874 4083 1975 4149 Qui

407 4175 623 4230 excelsa
651 4175 858 4228 habitat
881 4178 1006 4246 (hoc
1033 4177 1176 4230 enim
1202 4175 1474 4245 signiﬁcat
1492 4175 1676 4235 ναίων,
1699 4174 1976 4229 incolens:

409 4267 553 4322 unde
602 4278 656 4321 et
707 4267 863 4330 νεὼς,
903 4268 1006 4322 hoc
1059 4277 1144 4323 est
1187 4268 1340 4330 ναὸς,
1390 4269 1689 4329 derivatur,
1749 4281 1977 4334 quorum

409 4369 702 4428 utrumque
756 4359 1012 4427 templum
1045 4361 1286 4424 denotat,
1319 4359 1772 4428 quemadmodum
1806 4359 1872 4410 ah
1898 4356 1981 4408 οῖ-

411 4467 534 4511 κου,
590 4451 734 4520 quod
788 4460 878 4504 est
927 4450 1143 4519 tlomus,
1167 4450 1446 4504 descendit
1520 4447 1684 4518 499
1759 4447 1981 4500 verbum

411 4542 601 4604 οἰκεῖν,
657 4541 726 4592 ita
785 4541 945 4594 etiam
1000 4555 1031 4594 a
1079 4542 1298 4594 nomine
1350 4539 1478 4602 ναὸς
1516 4539 1741 4592 verbum
1788 4535 1980 4604 ναίειν)

415 4637 506 4690 hic
540 4635 732 4689 omnia,
757 4636 1020 4695 intuetur,
1075 4650 1175 4690 nec
1221 4635 1394 4704 ipsum
1429 4633 1721 4703 quidquam
1766 4631 1990 4698 effugit-
2015 4650 2060 4703 ι)

414 4724 497 4777 An
528 4725 691 4792 igitur
722 4739 829 4777 non
858 4725 1023 4790 videt,
1066 4724 1268 4791 inquit,
1309 4724 1356 4774 is
1393 4723 1483 4790 qui
1524 4721 1736 4776 excelsa
1773 4717 1984 4770 inhabi-

415 4816 531 4870 tat?
563 4831 658 4884 pro
688 4830 754 4868 eo
797 4817 946 4879 quod
967 4827 1068 4876 est,
1096 4825 1246 4868 certe
1275 4815 1438 4868 videt.
1465 4812 1618 4878 Quod
1643 4810 1982 4863 Psalmorum

419 4919 608 4961 auctor
635 4907 837 4960 clarius
861 4907 997 4959 dixit
1027 4924 1040 4958 :
1075 4926 1093 4956 ι
1123 4906 1225 4972 Qui
1269 4906 1322 4958 in
1370 4905 1493 4958 altis
1527 4903 1756 4967 habitat,
1801 4909 1857 4954 et
1891 4899 1990 4951 htt-

419 4998 567 5051 tnilia
598 4997 906 5066 respicit".
952 5015 970 5047 ι
1006 4994 1143 5050 Tres
1178 5005 1358 5050 autem
1402 4995 1553 5062 pueri
1588 4989 1830 5045 omnium
1871 4987 1985 5041 cia-

1997 3304 2040 3360 C
2073 3304 2140 3374 λέ

2410 1984 2541 2037 PN".
2571 2014 2642 2024 -
2679 1983 3124 2038 ΝΕΙΛΑΜΜΩΝΙ
3165 1982 3298 2049 (77).

2061 2074 2216 2143 Πρὸς
2247 2077 2601 2142 Κορινθίους
2622 2083 2695 2130 a’.
2732 2075 2835 2129 Διά
2863 2077 2920 2128 τί
2947 2072 3117 2129 εῖπεν·
3145 2077 3178 2127 ό
3208 2072 3472 2143 Παῦλος·
3508 2087 3529 2119 ι
3562 2068 3644 2143 οὐ

2131 2149 2242 2214 γὰρ
2285 2141 2490 2211 ἔκρινά
2530 2164 2591 2198 τι
2611 2146 2830 2199 ειδέναι
2870 2147 2940 2198 ἐν
2972 2145 3137 2214 ὑμῖν,
3183 2146 3233 2196 εὶ
3259 2142 3348 2212 μὴ
3382 2141 3656 2208 Χριστόν

2132 2215 2233 2268 καὶ
2256 2215 2470 2268 τοῦτον
2492 2216 2973 2286 ἐσταυρωμένον.
3017 2235 3036 2266 ι

2133 2330 2288 2394 Τίνος
2324 2331 2531 2391 ἕνεκεν,
2565 2329 2691 2399 φὴς,
2725 2327 2795 2380 τὰ
2824 2327 2996 2397 σεμνὰ
3033 2327 3228 2386 ἐκεῖναί
3249 2323 3342 2376 καὶ
3373 2317 3642 2390 λαμπρὰ.

2063 2423 2098 2476 ἃ
2136 2425 2264 2494 περὶ
2296 2424 2391 2475 τοῦ
2425 2422 2662 2493 Χριστοῦ
2710 2421 3073 2490 ἀνεκήρυττεν
3106 2420 3135 2470 6
3170 2415 3380 2476 Παῦλος
3415 2412 3646 2480 παρεὶς,

2065 2515 2269 2586 ἔγραψε
2309 2513 2634 2584 Κορινθίοις*
2675 2532 2694 2564 ‹
2733 2512 2844 2564 Οὐκ
2877 2510 3066 2578 ἔκρινά
3096 2526 3147 2560 τι
3175 2507 3373 2559 εἰδέναι
3401 2506 3464 2555 ὲν
3498 2503 3640 2571 ὑμῖν,

2065 2609 2112 2657 εἰ
2154 2605 2226 2674 μὴ
2271 2603 2481 2672 Ἰησοῦν
2503 2602 2755 2672 Χριστὸν,
2800 2602 2893 2654 καὶ
2923 2601 3112 2653 τοῦτον
3143 2594 3586 2667 ἐσταυρωμένον;
3620 2611 3648 2643 »-

2066 2691 2233 2765 οἷμαι
2258 2696 2461 2756 τοίνυν,
2491 2695 2573 2745 ὅτι
2618 2693 2710 2745 καὶ
2740 2691 2877 2744 αὐτὰ
2907 2691 2977 2743 τὰ
3005 2688 3350 2741 ἐπονείδιστα
3377 2684 3646 2754 μεγίστης

2066 2787 2260 2856 ἔϐρυον
2295 2785 2484 2856 ῥώμης
2525 2801 2582 2836 τε
2621 2785 2716 2836 καὶ
2756 2783 2957 2851 τιμῆς⁶
2985 2780 3072 2833 διὰ
3109 2779 3269 2831 τοῦτο
3297 2778 3403 2846 ἔφη
3435 2774 3647 2836 ταῦτα,

2071 2876 2354 2948 μονονουχὶ
2384 2875 2540 2946 βοῶν·
2571 2873 2866 2942 Δεδεμένον
2893 2873 2972 2933 εἰς
3001 2870 3163 2940 μέσον
3192 2868 3344 2937 φέρω
3367 2866 3462 2918 τὸν
3486 2864 3645 2932 ἀθλη-

2065 2969 2192 3039 τὴν,
2220 2968 2284 3021 ἵν’
2323 2965 2745 3036 Ὀλυμπιονίκην
2783 2963 3075 3031 γενόμενον
3121 2957 3484 3028 σφοδρότερον
3521 2955 3642 3007 ἀναν

2069 3059 2309 3130 κηρύξας
2335 3099 2349 3123 ,
2400 3056 2788 3124 εὐτελεστάτην
2829 3056 2923 3106 καὶ
2964 3051 3172 3120 ὕϐρεως
3216 3048 3423 3118 μεστὴν
3467 3043 3646 3098 ἀνατί-

2070 3151 2206 3220 θημι
2230 3149 2308 3219 τῷ
2336 3146 2627 3220 στρατηγῷ
2655 3143 2976 3206 πανοπλίαν,
3008 3143 3096 3194 ἵνα
3130 3138 3362 3208 στενάξῃ
3397 3136 3647 3189 πυκνότε-

2073 3260 2162 3314 ρον
2190 3243 2219 3295 6
2246 3242 2346 3311 τὴν
2387 3239 2673 3293 πολυθεῖαν
2703 3235 2894 3303 νοσῶν,
2930 3235 3115 3296 ὅπλοις
3148 3229 3394 3285 εὐτελέσι
3437 3241 3649 3293 νενικττ-

2073 3351 2252 3408 μενος.

2585 3615 2762 3668 PNA'.
2798 3643 2866 3655 -
2904 3610 3131 3682 ΝΕΙΛῼ.

2110 3709 2172 3763 Τι
2196 3707 2388 3769 ἐστιν,
2423 3723 2441 3756 ι
2466 3699 2540 3758 Ἦ
2560 3707 2596 3758 ὁ
2622 3703 2696 3756 τὰ
2722 3701 2933 3770 ὑψηλὰ
2961 3700 3170 3761 ναίων,
3203 3697 3320 3750 οὐκ
3343 3689 3561 3763 ἐφορᾷς
3584 3709 3611 3742 ν

2147 3883 2222 3937 T6
2270 3878 2672 3951 γεγραμμένον,
2709 3895 2726 3927 ι
2759 3872 2838 3929 Ἦ
2885 3877 2915 3928 6
2949 3874 3018 3928 τὰ
3075 3871 3253 3944 ὑψηλὰ
3313 3871 3496 3935 ναίων,
3551 3867 3646 3920 οὐκ

2081 3975 2285 4045 ἐφορᾷς
2335 3991 2353 4023 ι
2405 3972 2596 4041 μαθεῖν
2643 3968 2841 4021 ἐθέλων
2875 3968 3178 4035 γέγραφας.
3217 3965 3421 4017 Ἀκουε
3452 3959 3635 4014 τοίνυν.

2093 4066 2152 4118 '0
2181 4065 2247 4118 τὰ
2279 4063 2456 4133 ὑψηλὰ
2485 4059 2650 4113 οἰκῶν
2706 4057 2900 4126 (τοῦτο
2933 4058 3042 4126 γάρ
3086 4057 3202 4107 ἐστι
3235 4053 3297 4104 τὸ
3325 4051 3526 4110 ναίων,
3552 4047 3635 4112 ἀφ’

2080 4150 2142 4209 οὗ
2174 4156 2269 4208 καὶ⁸
2295 4157 2322 4207 ὁ
2360 4152 2491 4214 νεὼς
2514 4191 2529 4214 ,
2562 4150 2702 4202 τοῦτ’
2734 4149 2881 4200 ἐστιν
2921 4149 2949 4199 6
2976 4146 3103 4208 ναός
3125 4163 3138 4176 ·
3175 4144 3367 4213 ὥσπερ
3395 4141 3498 4208 γὰρ
3540 4137 3647 4190 ἀπὸ

2082 4244 2177 4297 τοῦ
2208 4243 2358 4296 οἴκου
2385 4241 2444 4293 τὸ
2467 4241 2656 4300 οἰκεῖν,
2679 4235 2822 4289 οὕτω
2843 4237 2934 4288 καὶ
2953 4233 3062 4287 ἀπὺ
3078 4231 3172 4285 τοῦ
3200 4231 3331 4284 ναοῦ
3357 4230 3416 4282 τὸ
3435 4225 3640 4293 ναίειν),

2086 4331 2237 4398 οὗτος
2267 4333 2437 4404 ἐφορᾷ
2466 4331 2662 4391 πάντα,
2689 4329 2784 4381 xui.
2813 4327 2962 4380 οὐδὲν
2991 4324 3149 4378 αὐτὸν
3181 4312 3640 4392 διαδιδράσκει.Ἦ

2086 4424 2177 4482 οὖν
2205 4427 2304 4479 οὐκ
2332 4423 2504 4492 ἐφορᾷ
2523 4461 2537 4482 .
2561 4421 2747 4491 φησὶν,
2772 4421 2800 4472 ὁ
2844 4418 2913 4470 τά
2948 4416 3129 4486 ὑψηλὰ
3165 4414 3366 4478 οἰκῶν;
3394 4411 3512 4465 ἀντὶ
3534 4408 3638 4470 τοῦ,

2085 4521 2216 4584 Ναὶ,
2237 4518 2428 4588 ἐφορᾷ.
2459 4516 2635 4583 Ὅπερ
2660 4513 2688 4564 6
2709 4510 2960 4581 Μελῳδὺς
2984 4510 3317 4578 σαφέστερον
3341 4501 3506 4558 εἶπεν·
3535 4521 3552 4553 t
3587 4501 3644 4552 '0

2087 4616 2144 4666 ἐν
2174 4611 2396 4680 ὑψηλοῖς
2421 4606 2708 4670 κατοικῶν,
2739 4607 2835 4658 καὶ
2852 4604 2920 4657 τά
2946 4600 3176 4656 ταπεινά
3207 4599 3440 4670 ἐφορῶν.
3465 4616 3482 4648 ι
3512 4595 3568 4648 Οί
3587 4592 3644 4644 δὲ

2094 4703 2280 4765 παῖδες
2308 4703 2358 4754 οἱ
2384 4703 2530 4772 τρεῖς
2552 4698 2880 4766 σαφέστατα·
2913 4714 2934 4746 ι
2956 4695 3257 4761 Εὐλογητὸς
3287 4687 3336 4743 εἷ
3355 4733 3371 4756 ,
3403 4693 3430 4742 ὁ
3452 4688 3642 4758 βλέπων

2093 4797 2395 4858 ἀϐύσσους,
2448 4791 2754 4859 καθήμενος
2793 4788 2884 4839 ἐπὶ
2923 4787 3033 4840 τῶν
3064 4784 3364 4855 Χερουῧίμ.
3408 4802 3426 4834 ι
3469 4783 3519 4832 '0
3545 4778 3640 4846 γὰρ

2092 4887 2511 4957 ὑπερκείμενος,
2530 4884 2686 4953 φησὶ,
2713 4881 2823 4933 τῶν
2845 4881 2955 4933 ἀνω
2975 4879 3182 4948 δήμων,
3209 4877 3273 4928 οὐ
3300 4874 3532 4945 παρορᾷς
3553 4871 3644 4938 τὴν

2087 4982 2362 5052 ἡμετέραν
2392 4976 2687 5035 εὐτέλειαν,
2717 4973 2853 5026 ἀλλά
2879 4970 3102 5024 καὶτῶν
3121 4969 3372 5038 ἀοράτων
3392 4963 3642 5026 δεσπόζων

418 5089 636 5143 tissime
696 5089 834 5142 idem
888 5087 1250 5157 protulerunt.
1310 5106 1329 5136 ι
1382 5083 1706 5138 Benedictus
1754 5094 1847 5142 es,
1892 5079 1973 5147 qui

2088 5073 2388 5142 δυνάμεων,
2427 5067 2690 5136 νεύμασιν
2715 5062 3089 5135 ἡμερωτάτοις
3121 5061 3216 5113 καὶ
3244 5059 3322 5113 τὰ.
3343 5061 3402 5111 ὲν
3436 5059 3538 5118 toi;
3562 5053 3643 5122 3a-

421 5180 651 5234 intucris
685 5181 909 5250 abyssos
952 5196 965 5232 :
995 5181 1188 5233 sedens
1218 5192 1380 5244 super
1402 5175 1664 5230 cherubin
1691 5172 1754 5228 ⁸³.
1797 5190 1816 5221 ι
1848 5168 1973 5223 Nam

2088 5170 2194 5232 θοῖς
2219 5165 2457 5225 διοικεῖς.

493 5344 542 5378 ⁸⁸
573 5341 697 5399 Jon.
734 5357 816 5406 Ill,
854 5340 908 5397 4.
987 5341 1036 5371 ⁸⁵
1067 5339 1083 5391 Ι
1120 5338 1246 5392 Cor.
1285 5335 1421 5401 μθ..
1498 5336 1543 5366 ⁸⁵
1577 5334 1742 5388 Eccli.
1779 5349 1932 5397 χχιιι,
1964 5331 1973 5384 ε

2088 5329 2159 5382 Π.
2238 5329 2278 5356 ⁶“
2299 5326 2440 5380 Psal.
2466 5342 2595 5390 cxu,
2637 5327 2691 5390 5,
2723 5325 2777 5378 6.
2847 5322 2893 5352 ⁵⁸
2917 5321 3058 5376 Dan.
3091 5335 3174 5382 ut,
3202 5317 3286 5371 55.

1545 5488 1774 5543 VARUE
1813 5484 2195 5540 LECTIONES
2232 5483 2321 5539 ET
2355 5482 2585 5538 NOTAE.

493 5652 604 5726 (76)
635 5654 738 5726 Pro
768 5651 1010 5726 γέμουσα
1033 5648 1182 5726 legit,
1213 5646 1465 5726 gzvéouaa.
1495 5644 1649 5699 Vers.
1679 5643 1996 5726 itidequ‘i‘u‘o

426 5711 598 5775 tu‘o'b'
625 5723 732 5793 γὰρ
780 5711 940 5793 vertit
969 5721 1023 5772 in
1070 5711 1131 5793 εἷ
1163 5718 1290 5786 γάρ.
1340 5717 1488 5772 Vens.
1538 5730 1652 5784 seq.
1701 5721 1820 5784 post
1852 5711 1990 5770 ἀλλὰ

425 5793 521 5846 δύο
551 5789 757 5861 supplet
789 5789 1063 5860 ἐνέφηνεν.
1103 5789 1309 5842 Possm.

2171 5641 2283 5710 (-77)
2317 5641 2370 5695 In
2398 5642 2551 5696 titulo
2589 5641 2954 5709 Νειλάμμωνε
2980 5638 3284 5710 γερρωιίίηι·
3312 5633 3505 5710 ῘἩῈΪΜ·
3531 5626 3632 5710 Y3,"

2097 5698 2223 5772 ϐὅὸ.
2265 5698 2516 5776 διακόνῳ.
2559 5713 2708 5765 Vers.
2744 5698 2774 5762 ’ῗ
2809 5698 2935 5762 ante
3131 5709 3271 5758 idem
3319 5706 3456 5776 addit
3501 5698 3629 5776 αὑτὸν

2095 5795 2148 5836 et
2183 5766 2318 5837 vers.
2361 5785 2393 5836 9
2422 5766 2769 5850 ἀνακηρύξας
2801 5789 2970 5833 mutat
3006 5766 3078 5831 ἱί(
3101 5773 3469 5845 ἀνακηρύξῃς.
3501 5770 3564 5819 ID-
