3886 6420
194 378 294 439 I237

968 372 1503 434 EPISTOL'ARUM
1540 372 1686 430 LIB.
1730 371 1831 433 ιν.
1864 395 1934 406 -
1957 370 2191 429 EPIST.
2232 369 2437 430 CLIII.

3239 357 3377 425 1238

190 497 246 542 ltt,
276 476 438 546 inquit,
469 474 715 545 quamvis
761 477 1057 544 przesidens
1104 477 1474 546 superioribus
1528 475 1840 545 angelorum
1909 475 2140 543 pOpulis,
2214 491 2318 528 non
2382 485 2560 530 tamen
2624 472 2947 537 contemnis,
3004 479 3095 525 aut
3148 470 3370 541 negligis

188 582 375 626 nostram
403 564 677 630 vilitatem,
709 569 802 621 sed
826 568 1036 622 etiamsi
1064 568 1426 623 invisibilibus
1450 568 1725 633 imperites
1762 568 2077 633 virtutibus,
2121 576 2299 621 tamen
2354 566 2575 621 nutibus
2612 564 3017 635 benignissimis
3052 578 3114 617 ea
3160 577 3373 633 quoque

186 662 416 732 gubernas,
437 671 549 724 qum
576 657 630 711 in
662 659 941 726 profundis
972 663 1074 713 sita
1107 670 1253 714 sunt.

385 769 543 823 PNB'.
571 799 644 809 —-
682 772 935 842 ΔΙΔΥΜῼ.
973 774 1429 842 ΣΧΟΛΑΣΤΙΚῼ.

190 864 267 928 Εἰς
289 860 361 926 τὸ,
400 879 416 911 ι
443 863 828 931 Μακρόθυμος
850 863 1004 932 ἀνὴρ
1030 865 1222 929 πολὺς
1243 864 1311 917 ἑν
1331 863 1639 932 φρονήσει.
1672 882 1690 913 ι

234 975 304 1046 Τῷ
336 975 436 1028 ὄντι
466 976 814 1046 μακρόθυμος
848 978 988 1048 ἀνὴρ
1016 977 1184 1041 πολὺς
1216 980 1272 1029 ὲν
1303 978 1579 1047 φρονήσει.
1612 977 1699 1029 Εἴ-

184 1084 306 1137 ρηται
330 1071 425 1135 γάρ
456 1067 606 1137 παρὰ
635 1069 696 1120 τὸ
731 1070 950 1138 μακράν
980 1086 1102 1122 τινα
1144 1070 1237 1123 καὶ
1272 1069 1514 1140 μεγάλην
1555 1069 1697 1139 ἔχειν

179 1156 332 1226 ψυχὴν,
361 1158 443 1209 καὶ
473 1156 576 1209 ὑπὸ
607 1157 832 1227 μηδενὸς
875 1158 1257 1229 ἐλεγχομένηνι
1307 1161 1445 1212 ἀλλὰ
1484 1161 1577 1213 καὶ
1608 1159 1697 1213 τὸν

180 1248 328 1317 θυμὸν,
354 1247 433 1300 τὸν
454 1249 667 1302 πάντων
693 1249 878 1303 παθῶν
902 1249 1154 1320 ὀξύτερον
1191 1251 1325 1322 (78),
1361 1253 1451 1304 τὸν
1484 1254 1574 1305 καὶ
1602 1254 1699 1317 τὰς

179 1336 342 1399 ἑννοίας
364 1336 466 1405 (79)
493 1337 821 1390 λανθάνοντα
841 1380 855 1398 ,
888 1339 979 1391 καὶ
1005 1340 1133 1402 τοὺς
1165 1340 1456 1411 λογισμοὺς
1482 1358 1697 1412 προπη-

177 1428 339 1491 δῶντα,
363 1427 625 1496 χαλινοῦν,
665 1430 760 1482 καὶ
802 1430 933 1481 εἵσω
980 1430 1087 1483 τῶν
1119 1432 1335 1485 οἰκείων
1379 1433 1521 1503 ὅρων
1566 1449 1697 1499 συγ-

178 1520 337 1573 κλείειν
361 1520 482 1592 (80)·
512 1513 573 1573 οῦ
603 1522 981 1593 μεγαλοψύχου
1008 1524 1148 1578 κατὰ
1177 1525 1578 1593 ἀντιδιαστολὴν
1607 1526 1701 1579 καὶ

174 1612 243 1666 τὸν
279 1613 586 1684 μικρόψυχον
630 1615 837 1680 ἔταξεν,
873 1614 1086 1677 εἰπών,’
1124 1634 1142 1667 t
1191 1617 1249 1671 '0
1296 1618 1352 1670 δὲ
1382 1616 1699 1687 ὀλιγόψυχος

176 1705 366 1776 ἰσχυρῶς
392 1704 596 1774 ἄφρων.
635 1725 653 1758 ι
698 1707 759 1759 '0
783 1708 889 1780 γὰρ
925 1708 1031 1761 ὑπὸ
1061 1708 1274 1762 πάντων
1300 1709 1389 1764 διὰ
1431 1709 1698 1780 μικροψυ-

171 1794 265 1862 χίαν
288 1792 629 1865 σαλευόμενος
653 1795 763 1850 τῶν
791 1796 1003 1862 παθῶν,
1034 1797 1229 1868 κομιδῇ
1269 1800 1415 1851 ἐστιν
1447 1799 1630 1860 ἄνους.

380 2079 548 2137 ΡΝΓ’.
588 2110 659 2121 -
696 2082 956 2157 ΙΣΙΔΩΡῼ
1002 2085 1302 2157 ΔΙΔΚΟΝῼ
1328 2085 1462 2155 (81).

164 2169 245 2234 Εἰς
280 2168 340 2222 τὸ
364 2173 790 2295 τεᾶραμμένον,
852 2196 872 2229 ‹
926 2177 1073 2247 Ἐγὼ
1112 2177 1263 2232 πᾶσι
1304 2178 1431 2244 τοῖς
1457 2177 1702 2246 ἄστροις

216 2239 414 2295 ἐνετειλ
456 2260 595 2295 μην·
632 2262 650 2294 ι
685 2247 786 2295 καὶ
806 2249 893 2295 alr
918 2248 1007 2295 τὸ-
1042 2266 1062 2295 ι
1103 2249 1179 2295 Τὰ
1201 2248 1392 2295 (fama
1418 2247 1485 2295 δὲ
1500 2251 1572 2295 οὐ
1602 2266 1702 2295 κα-

216 2239 595 2327 έιςεξειξλάμηὶθῖ
632 2262 650 2294 ι
685 2247 893 2327 καλεῖς
918 2239 1062 2327 ad}
1103 2249 1179 2327 Τζι
1201 2239 1485 2327 ᾅρςτραδὲ
1500 2239 1704 2302 offam;

212 2309 338 2377 θαρὰ
365 2309 637 2366 ἐνώπιον-⁸
670 2333 689 2367 ι
732 2309 880 2384 ὅστερ
903 2309 1034 2371 ἐστὶ
1064 2318 1172 2372 τοῦ
1212 2309 1350 2373 Ἰὼϐ.

212 2422 311 2487 Τὸ,
346 2442 364 2475 ‹
409 2425 550 2493 Ἐγὼ
575 2428 687 2490 τοῖς
709 2426 933 2498 ἄστροις
963 2428 1341 2499 ἐνετειλάμην,
1381 2447 1402 2482 ι
1432 2427 1701 2482 συναπτό-

158 2527 289 2580 μενον
313 2512 407 2582 τῷ,
446 2532 464 2565 t
501 2516 599 2578 Εἰς
620 2514 713 2569 τὸν
742 2517 935 2583 αἰῶνα,
960 2518 1155 2588 Κύριε,
1199 2521 1227 2571 ὁ
1274 2519 1431 2587 λόγος
1467 2536 1559 2573 σου
1586 2520 1701 2573 δια-

156 2602 277 2670 μένει
298 2604 351 2656 ὲν
395 2605 471 2677 τῷ
491 2606 734 2677 οὐρανῷ,
778 2626 797 2659 ι
824 2608 1078 2679 οὐδεμίαν
1107 2611 1312 2682 μέμψιν
1335 2612 1368 2683 ἢ
1393 2612 1705 2680 παράϐασιν

157 2693 460 2764 παρίστησιν.
503 2696 569 2749 Εἰ
602 2695 703 2766 μὲν
736 2696 845 2767 γὰρ
876 2699 1004 2769 περὶ
1036 2700 1127 2753 τοῦ
1166 2700 1301 2753 Θεοῦ
1336 2701 1511 2769 Λόγου
1548 2703 1703 2770 φαῖεν

149 2782 363 2853 λελέχθαι
419 2786 503 2853 τὸ,
561 2805 579 2839 ι
616 2789 712 2850 El;
763 2789 853 2841 τὸν
884 2790 1055 2854 αἰῶνα
1077 2831 1091 2856 ,
1124 2790 1294 2862 Κύριε
1316 2830 1331 2857 ,
1374 2792 1401 2844 ὁ
1424 2791 1579 2860 λόγος
1608 2808 1702 2844 σου

150 2874 355 2944 διαμένει
384 2880 440 2933 ἐν
472 2879 551 2949 τῷ
590 2880 825 2952 οὐρανῷ,
877 2899 897 2933 ι
942 2882 1259 2952 πευσόμεθα
1311 2884 1511 2948 αὐτῶν,
1558 2883 1702 2947 τίνος

148 2966 302 3021 ἕνεκεν
344 2970 403 3023 οὐ
450 2972 734 3043 πανταχοῦ
788 2972 1042 3044 εἷρηται;
1092 2974 1265 3037 Αὐτὸς
1312 2975 1423 3045 γάρ
1485 2977 1630 3028 ἐστιν
1676 2977 1705 3028 ὁ

151 3062 299 3116 πάντα
342 3067 586 3136 συνέχων
635 3066 733 3121 καὶ
772 3065 1113 3138 συγκροτῶν.
1156 3067 1220 3118 EI
1260 3066 1307 3119 δ’
1354 3064 1702 3136 ἐλεγχόμενοι

147 3154 369 3225 φήσουσι,
399 3158 492 3212 τὸν
523 3159 950 3229 διατεταγμένον
994 3158 1177 3222 αὐτοῖς
1216 3158 1400 3229 νόμον,
1428 3159 1575 3221 ὅπως
1598 3158 1702 3229 χρὴ

145 3244 282 3311 θέειν,
326 3250 564 3304 ἐνταῦθα
606 3251 920 3320 δηλοῦσθαι,
967 3251 1270 3321 ἐπειδήπερ
1311 3252 1369 3302 ὲν
1442 3252 1513 3320 γῇ
1560 3267 1705 3319 παρ-

142 3336 304 3409 εϐάθη,
321 3341 499 3411 φαμέν
516 3343 650 3414 (εεγ
668 3342 824 3406 Τίνος
849 3338 941 3396 οῦν
962 3342 1124 3395 ἕνεκα
1152 3340 1381 3395 ἐνταῦθα
1398 3341 1703 3410 παράγεται

2044 768 2201 823 CLII.
2233 799 2300 807 —
2327 766 2587 823 DYDIMO
2630 765 3127 824 SCHOLASTICO.

1804 861 1867 915 In
1899 860 2055 927 illud,
2087 880 2105 913 ι
2140 860 2481 930 Longanimis
2504 864 2582 915 vir
2613 860 2809 915 multus
2843 862 2899 915 in
2938 860 3200 931 sapientia
3230 860 3297 914 ‘9.
3349 878 3390 911 ιΔ

1874 972 2081 1027 Revera
2146 974 2227 1027 vir
2284 972 2613 1043 ionganimis
2686 973 2886 1027 multus
2950 973 3000 1026 in
3062 971 3374 1042 prudentia.

1802 1064 1984 1118 Dictus
2020 1065 2163 1118 enim
2196 1074 2277 1120 est
2308 1080 2373 1118 ex
2432 1079 2517 1130 eo,
2549 1064 2693 1133 quod
2740 1063 2975 1133 amplum
3006 1063 3289 1133 quemdam
3326 1070 3395 1116 et—

1802 1172 2053 1227 magnum
2084 1159 2283 1212 habeat
2312 1157 2577 1224 animum,
2608 1157 2807 1227 quique
2860 1172 2889 1210 a
2925 1157 3140 1211 nemine
3186 1156 3374 1209 redar-

1803 1250 1892 1319 gui
1928 1249 2130 1318 possit;
2188 1250 2315 1319 quin
2364 1250 2526 1305 etiam
2582 1249 2739 1313 iram,
2782 1248 3036 1303 omnibus
3090 1244 3377 1301 affectibus

1800 1354 1863 1393 ac
1898 1340 2395 1409 perturbationibus
2437 1340 2704 1395 acriorem
2762 1339 3369 1407 vehementioremque,

1801 1440 1854 1484 et
1902 1446 2022 1500 quae
2079 1432 2435 1499 cogitationes
2484 1446 2699 1501 quoque
2752 1431 2935 1494 lateat,
2987 1439 3039 1483 et
3079 1429 3377 1484 ratiocina-

1810 1523 1985 1577 tiones
2011 1523 2148 1577 saltu
2174 1531 2497 1586 antevertat,
2541 1521 2695 1576 freno
2733 1534 3099 1591 compescere,
3126 1520 3379 1589 intraque

1801 1629 1927 1669 suos
1952 1614 2215 1669 terminos
2243 1613 2567 1669 concludere
2595 1616 2759 1669 norit.
2811 1612 2907 1667 Cui
2940 1613 3285 1680 magnanimo
3311 1625 3374 1665 ex

1802 1708 2028 1761 adverso
2096 1707 2262 1762 etiam
2317 1706 2569 1776 opposuit
2635 1706 3075 1776 pusillanimum,
3134 1704 3373 1768 dicens:

1807 1818 1825 1851 ι
1863 1798 2250 1855 Pusillanimus
2284 1810 2462 1854 autem
2515 1799 2673 1853 valde
2728 1798 2997 1867 insipiens
3028 1805 3134 1851 est.
3178 1814 3197 1848 ›
3240 1793 3392 1849 Νίιιη¹

1801 1893 1889 1962 qui
1914 1893 1982 1947 ob
2013 1892 2177 1946 animi
2215 1892 2536 1961 parvitatem
2565 1892 2633 1945 ab
2662 1890 2913 1944 omnibus
2956 1888 3119 1942 animi
3160 1894 3376 1957 pertur-

1802 1982 2111 2038 bationibus
2140 1982 2393 2051 agitatur,
2425 1983 2779 2036 vehementer
2816 1994 3009 2035 excors
3044 1989 3146 2033 est.

2087 2094 2269 2150 CLIII.
2332 2125 2401 2133 —
2449 2091 2727 2149 ISIDORO
2774 2091 3093 2148 DIACONO.

1807 2183 1874 2238 In
1907 2185 1959 2237 id
1982 2186 2118 2253 quod
2148 2185 2399 2244 scriptum
2429 2195 2524 2249 est,
2557 2202 2575 2233 (
2612 2182 2725 2253 Ego
2762 2184 3004 2236 omnibus
3031 2181 3195 2235 stellis
3239 2198 3377 2249 pra:-

1874 2252 2074 2319 cepi".
2120 2273 2137 2304 ι
2172 2254 2238 2308 Et
2263 2256 2316 2306 in
2341 2254 2512 2315 illud,
2594 2271 2613 2302 ι
2672 2252 2851 2307 Stella:
2900 2265 3070 2305 autem
3121 2268 3222 2304 non
3255 2260 3375 2305 sunt

1875 2340 2025 2390 pura:
2054 2326 2109 2377 in
2142 2334 2418 2391 conspectu
2451 2323 2562 2391 ejus
2584 2324 2653 2387 ⁷¹,
2687 2343 2705 2375 ι
2743 2325 2884 2393 quod
2912 2331 2987 2376 est
3013 2338 3076 2376 ea:
3099 2321 3255 2374 Jobo.

1877 2437 2088 2492 Dictum
2122 2436 2292 2491 illud:
2333 2453 2352 2487 ι
2393 2435 2508 2506 Ego
2552 2436 2714 2491 astris
2745 2435 3016 2500 mandavi,
3078 2453 3097 2485 ι
3149 2432 3390 2503 conjun-

1804 2538 1949 2584 ctum
1987 2542 2108 2582 cum
2131 2528 2322 2591 altero,
2366 2545 2383 2577 ι
2446 2525 2503 2579 1η
2541 2526 2818 2591 saeculum,
2856 2524 3103 2591 Domine,
3152 2523 3372 2578 verbum

1806 2630 1955 2675 tuum
2000 2626 2283 2689 permanet
2317 2618 2368 2671 in
2393 2616 2631 2681 cmlo";
2679 2634 2698 2667 ι
2739 2616 2938 2671 nullam
2990 2615 3374 2684 reprehensio-

1808 2726 1931 2765 nem
1964 2719 2058 2765 aut
2094 2708 2581 2777 transgressionem
2636 2706 2843 2762 statuit.
2882 2704 3018 2759 Nam
3055 2706 3101 2760 si
3150 2705 3216 2760 de
3257 2704 3369 2758 Deo

1804 2802 1983 2858 Verbo
2017 2802 2153 2874 (sive
2176 2800 2309 2856 Filio
2356 2799 2473 2866 Dei)
2504 2800 2688 2855 dicant
2739 2800 3005 2869 prolatum
3059 2810 3181 2853 esse
3222 2797 3375 2862 illud,

1811 2914 1828 2947 α
1878 2895 1936 2949 In
1961 2904 2247 2961 aeternum,
2312 2891 2561 2956 Domine,
2628 2892 2851 2945 verbum
2918 2900 3065 2944 tuum
3095 2899 3381 2961 permanet

1806 2989 1859 3043 in
1894 2987 2067 3053 caelo;
2130 3005 2149 3039 ι
2206 2999 2515 3054 quaeremus
2576 2999 2641 3038 ex
2685 2984 2838 3052 ipsis,
2894 2999 2991 3038 cur
3038 2997 3145 3039 non
3195 2982 3375 3053 potius

1806 3080 2009 3136 dictum
2046 3080 2117 3134 sit
2155 3097 2168 3133 :
2198 3077 2411 3147 Ubique
2442 3078 2558 3146 ipse
2584 3075 2730 3129 enim
2754 3084 2859 3137 est.
2894 3075 2985 3142 qui
3026 3073 3212 3128 omnia
3240 3087 3375 3128 con-

1806 3168 1941 3221 tinet
1969 3176 2131 3235 atque
2183 3165 2492 3220 conﬁrmat.
2540 3163 2637 3218 Sin
2672 3173 2854 3218 autem
2905 3162 3139 3218 convicti
3170 3162 3375 3224 dicent,

1806 3258 2154 3312 constitutam
2207 3256 2337 3325 ipsis
2396 3256 2592 3326 legem,
2646 3253 2919 3325 quomodo
2975 3263 3225 3323 oporteat
3253 3267 3378 3306 cur-

1808 3364 1951 3412 rere,
1978 3350 2081 3404 hoc
2108 3349 2229 3404 loco
2259 3347 2582 3417 signiﬁcari,
2615 3346 2742 3417 quia
2767 3346 2823 3399 in
2855 3355 2999 3399 terra
3030 3344 3141 3416 (lex
3172 3344 3374 3414 divina)

141 3428 207 3491 τὸν
260 3449 277 3482 ι
311 3434 521 3506 Ἀστρα
549 3435 607 3487 δὲ
635 3435 697 3487 οὐ
747 3433 965 3504 καθαρὰ
995 3434 1225 3487 ἐνώπιον
1250 3431 1449 3498 αὐτοῦ;
1505 3452 1523 3484 ι
1578 3433 1696 3484 Δεί-

1810 3441 2001 3495 violata
2038 3448 2141 3507 est,
2190 3440 2551 3504 instabimus;
2586 3452 2754 3509 quare
2800 3451 2932 3506 ergo
2964 3437 3054 3491 hic
3108 3436 3329 3489 additur
3360 3452 3374 3488 :

140 3536 303 3575 κνυται
324 3523 432 3597 γὰρ
456 3526 537 3595 τῷ
561 3525 705 3596 λόγῳ
730 3527 891 3580 αὐτοῦ
918 3525 1336 3591 ἀκολουθοῦντα,
1376 3526 1470 3578 καὶ
1502 3525 1563 3576 οὐ
1590 3542 1695 3578 πα-

142 3611 439 3677 ραϐαίνοντα
468 3617 735 3684 διάταξιν.
776 3618 839 3670 Ei
883 3617 940 3670 δὲ
978 3617 1183 3671 τούτων
1206 3616 1348 3670 οὔτω
1385 3616 1694 3687 λεγομένων

137 3699 215 3753 καὶ
233 3702 672 3777 ἀποδειχθέντων,
695 3708 1024 3779 άπαιτηθείη
1035 3726 1133 3778 μεν
1154 3709 1336 3778 ἡμεῖς.
1360 3709 1426 3761 Τί
1453 3707 1496 3760 δ’
1524 3709 1694 3771 ἐστὶν,

142 3805 157 3836 ι
183 3790 374 3864 Ἀστρα
408 3797 471 3849 οὐ
492 3798 716 3869 καθαρὰ
756 3797 986 3851 ἐνώπιον
1026 3797 1214 3864 αὐτοῦ;
1248 3817 1266 3849 ›
1324 3799 1584 3869 φαίημεν,
1617 3799 1697 3851 ὅτι

138 3878 275 3934 Κατὰ
304 3884 401 3955 μὲν
435 3886 540 3958 τὴν
579 3888 784 3941 ἑαυτῶν
820 3887 979 3956 φύσιν
998 3888 1067 3940 τὰ
1091 3887 1267 3958 ἄστρα
1290 3888 1508 3959 καθαρά
1528 3890 1696 3955 ἐστιν,

135 3969 297 4045 ὥσπερ
325 3978 419 4031 καὶ
448 3980 744 4049 γεγένηται
779 3980 930 4050 παρὰ
976 3978 1070 4031 τοῦ
1113 3978 1480 4049 Δημιουργοῦ.
1531 3979 1692 4049 Λύτῷ

133 4062 180 4118 δὲ
205 4067 274 4138 τῷ
302 4075 500 4143 ποιητῇ
539 4072 994 4143 παραϐαλλόμενα
1026 4070 1276 4125 τοσοῦτον
1315 4071 1536 4141 ἀπέχει,
1570 4072 1695 4124 ὅσον

135 4158 333 4231 μύρμηξ
377 4165 615 4235 οὐρανοῦ
656 4164 802 4235 (85),
840 4164 1052 4235 ἢήλίου
1078 4205 1093 4231 ,
1124 4165 1157 4234 ἦ
1190 4181 1333 4226 τινος
1370 4163 1478 4216 τῶν
1518 4162 1693 4217 ἄλλων

132 4256 419 4322 κτισμάτων
453 4258 523 4310 δι’
560 4257 587 4309 ὅ
619 4257 729 4310 οὐδ’
773 4256 1194 4327 ἀπολελυμένως
1232 4252 1409 4319 εἶπεν,
1444 4273 1465 4307 ι
1506 4256 1565 4307 οὐ
1594 4273 1697 4309 κα-

131 4340 268 4413 θαρά·
308 4366 327 4399 ι
367 4349 535 4403 τοῦτο
576 4349 686 4420 γὰρ
716 4345 784 4421 ἦν
838 4348 1006 4413 δεῖξαι
1056 4347 1197 4401 αὐτὰ
1237 4349 1527 4401 πταίοντα’
1563 4347 1700 4402 ἀλλὰ

132 4439 475 4512 προσέθηκεν,
526 4459 547 4493 ι
582 4442 809 4495 ἐνώπιον
842 4440 1033 4495 αὑτοῦ.
1075 4458 1093 4493 ι
1150 4442 1263 4496 Καὶ
1309 4440 1368 4493 οὐ
1414 4440 1701 4510 σύγκρισιν

127 4531 294 4585 νοείτω
324 4534 437 4605 (84)
497 4534 561 4587 τὸ
616 4533 928 4605 εἰρημένον,
965 4532 1108 4586 κατὰ
1134 4532 1195 4585 τὸ
1226 4530 1459 4601 ἀλλαχοῦ
1514 4532 1697 4602 ῥηθὲν,

181 4680 225 4714 ⁸⁸
251 4683 413 4743 Prov.
450 4704 565 4755 xvr,
593 4687 683 4743 52.
762 4689 807 4719 ⁷ο
829 4686 929 4744 Job
967 4704 1042 4755 Ix,
1074 4688 1127 4740 7.
1201 4688 1245 4718 τί
1272 4685 1373 4741 Job
1403 4700 1531 4753 xxv,
1564 4687 1616 4740 5.

1804 3550 1823 3580 ι
1860 3531 2019 3586 Astra
2046 3541 2226 3585 autem
2250 3545 2359 3585 non
2382 3540 2509 3585 sunt
2538 3529 2814 3584 mundain
2846 3537 3136 3598 conspectu
3161 3525 3317 3593 ejus?
3352 3542 3371 3575 ι

1798 3621 2170 3678 Ostenduntur
2224 3622 2369 3677 enim
2422 3621 2589 3677 verbo
2622 3622 2791 3690 ipsius
2847 3617 3224 3688 obsequentia,
3273 3631 3373 3669 nec

1801 3713 2251 3783 transgredientia
2284 3712 2727 3769 constitutionem
2763 3711 2864 3765 sibi
2898 3710 3197 3780 praefixam.
3222 3707 3374 3773 Quod

1798 3807 1840 3858 si
1880 3806 1962 3858 his
1992 3805 2064 3859 ita
2119 3805 2278 3859 dictis
2322 3820 2387 3859 ac
2419 3802 2826 3869 demonstratis,
2874 3817 2904 3854 a
2942 3800 3096 3855 nobis
3126 3800 3375 3868 exigatur

1799 3895 2198 3963 interpretatio,
2231 3896 2574 3961 utdicamus,
2597 3895 2853 3964 quidnam
2904 3893 3008 3947 sibi
3050 3891 3179 3945 velit
3206 3889 3374 3944 illud:

1808 4005 1827 4037 ι
1865 3987 2024 4042 Astra
2059 4001 2164 4041 non
2197 3995 2322 4042 sunt
2348 3987 2545 4041 munda
2586 3986 2638 4039 in
2690 3994 2979 4054 conspectu
3010 3982 3122 4050 ejus
3171 4000 3190 4031 ι
3230 3982 3378 4034 dice-

1800 4094 1920 4131 mus
1946 4095 1961 4133 :
1994 4077 2155 4147 500
2183 4078 2304 4133 Suae
2324 4078 2541 4147 quidem
2573 4086 2776 4130 naturae
2796 4074 3006 4128 ratione
3032 4088 3094 4126 ac
3126 4080 3371 4140 respectu

1803 4178 1947 4222 astra
2006 4179 2132 4222 sunt
2177 4170 2395 4233 munda,
2432 4168 2614 4237 qualia
2666 4166 2831 4219 etiam
2887 4180 2916 4217 a
2966 4179 3148 4219 rerum
3182 4161 3375 4233 opiﬁce

1800 4258 1908 4314 Deo
1944 4259 2082 4313 facta
2139 4270 2283 4312 sunt.
2320 4258 2375 4312 Si
2421 4274 2551 4313 vero
2604 4273 2727 4313 cum
2767 4257 2885 4328 ipso
2921 4255 3205 4310 conditore
3239 4267 3373 4307 con-

1798 4350 2066 4416 ferantur,
2093 4359 2297 4404 tantum
2337 4350 2429 4420 (ab
2455 4350 2572 4420 ejus
2627 4349 2862 4419 puritate
2894 4340 3391 4419 perfectioneque).

1798 4442 2017 4506 absunt,
2065 4450 2325 4509 quantum
2378 4442 2603 4496 formica
2660 4456 2688 4495 a
2731 4440 2891 4507 ctelo,
2949 4449 3042 4495 aut
3093 4438 3229 4503 sole,
3280 4444 3373 4491 aut

1803 4532 1905 4585 alia
1960 4534 2213 4602 quapiam
2262 4542 2535 4589 creatura.
2599 4532 2728 4599 Qua:
2780 4547 2942 4588 causa
3005 4544 3220 4602 quoque
3266 4538 3371 4593 esu

1697 4687 1742 4717 τ’
1772 4685 1910 4741 Psal.
1941 4702 2127 4755 cxvm,
2162 4688 2250 4741 89.

1229 4840 1463 4896 VARIIE
1498 4839 1878 4897 LECTIONES
1907 4841 1995 4895 ΕΤ
2027 4842 2257 4901 NOTAE.

182 4997 289 5069 (78)
326 5000 443 5071 Ἰξρν
483 5001 696 5068 θυμὸν,
745 5000 852 5071 τὸν
886 4999 1128 5071 πάντων
1147 4996 1353 5053 παθῶν
1379 4999 1685 5071 ὀξύτερον.

1818 5000 2111 5071 nscrihitnr
2144 5000 2196 5071 in
2227 4999 2347 5053 cod.
2376 4999 2499 5053 Vat.
2531 4998 2657 5055 650.
2688 5001 2848 5071 γει-ε.
2880 5003 2913 5057 4
2936 5015 3020 5069 ep.
3046 5001 3187 5056 inter
3213 5003 3374 5071 φαῖεν

118 5063 242 5123 Ilinc
269 5063 322 5122 et
354 5063 671 5125 Heraclitus
717 5080 771 5122 et
820 5070 1176 5134 Democritus,
1238 5063 1676 5136 praestantissimi

118 5138 211 5191 duo
248 5139 583 5208 philosophi,
620 5154 849 5208 quorum
876 5140 1013 5192 alter
1038 5140 1200 5191 vitam
1247 5143 1533 5191 humanam
1559 5154 1684 5206 per-

120 5211 283 5278 petuis
310 5209 598 5278 lacrymis,
631 5210 767 5262 alter
796 5209 1027 5262 assiduis
1068 5209 1348 5261 cachinnis
1387 5222 1684 5278 proseque-

116 5276 284 5347 batur,
338 5276 592 5333 unanimi
627 5294 723 5333 ore
774 5278 1212 5347 pronuntiarunt,
1253 5277 1488 5347 χαλεπὸν
1528 5276 1686 5347 θυμῷ

118 5346 394 5417 μάχεσθαι.
423 5349 596 5403 Arist.
623 5349 714 5402 lib.
746 5364 806 5413 ll,
837 5348 1015 5400 Etltic.
1044 5347 1279 5410 Nicom.,
1315 5362 1433 5415 cap.
1462 5348 1515 5409 ’5,
1534 5358 1595 5417 et
1617 5346 1681 5399 ad

115 5416 349 5471 etttndem
378 5420 478 5473 lib.
510 5435 574 5480 ll,
608 5436 656 5472 c.
689 5419 741 5482 7,
772 5428 826 5472 et
861 5417 1022 5471 Polit.
1058 5418 1148 5473 lib.
1183 5434 1236 5483 v,
1256 5433 1375 5486 cap.
1423 5417 1504 5471 II.
1527 5416 1683 5471 Stoh.

113 5488 187 5540 tit.
228 5490 367 5556 Περὶ
391 5487 602 5558 ὀργῆς.
629 5488 795 5542 Βιττ.

139 5624 151 5633 ⁹
178 5558 429 5633 (79)}?er
461 5560 977 5633 ewoiag,_qnze_nou
1032 5559 1167 5613 mala
1226 5567 1310 5613 est
1345 5558 1528 5623 lectio,
1559 5558 1680 5612 cod.

114 5624 221 5681 Vat.
251 5628 359 5683 650
387 5631 557 5683 habet
578 5624 809 5690 εὐνοίας.
839 5627 1050 5682 Possm.

174 5700 282 5769 (80)
315 5701 700 5769 Σργνκλείειν.
734 5706 891 5753 Deest
921 5698 1044 5751 fort.
1080 5700 1299 5753 εἰδέναι.
1357 5697 1518 5751 Βιττ.

176 5768 287 5841 (81)
328 5768 455 5823 Non
504 5768 755 5839 Ἰσιδώρῳ
788 5770 879 5823 scd
922 5769 1140 5837 Ἰωάννῃ
1172 5769 1401 5839 διακόνῳ
1439 5770 1553 5823 btet:
1594 5783 1680 5838 ep.

1793 5079 1846 5122 et
1875 5069 2122 5137 λελέχθαι
2158 5069 2350 5124 inserit
2387 5071 2527 5125 idem
2552 5070 2805 5126 ἐνταῦθα.
2840 5071 3050 5126 Possm.

1866 5138 1977 5211 (82)
2006 5139 2360 5211 @agévidem
2398 5150 2570 5193 mutat
2599 5142 2649 5194 in
2682 5141 2940 5211 φαίημεν.
2967 5138 3125 5196 Vers.
3158 5140 3280 5196 inde
3311 5139 3367 5206 4,

1791 5218 1914 5261 ante
1939 5209 2177 5272 διάταξιν
2203 5209 2339 5264 idem
2367 5211 2516 5277 ponit
2540 5212 2654 5278 τήν.
2690 5212 2764 5265 In.

1865 5279 1974 5347 (85)
2012 5279 2115 5349 Pro
2135 5273 2509 5349 οὐρανοῦόοό.
2549 5273 2730 5333 νἠιίυ.
2766 5280 2871 5334 650
2896 5280 3053 5333 habet
3076 5273 3227 5344 σποῦ,
3270 5281 3371 5335 hoc

1793 5358 1875 5401 est
1907 5347 2215 5471 depltbt-zou,
2238 5351 2379 5418 quod
2412 5366 2542 5404 sane
2568 5351 2887 5404 crediderim
2922 5351 3215 5418 archetypo
3241 5365 3367 5403 eon-

1793 5434 2006 5471 arucre.
2058 5434 2110 5470 ο.
3258 5451 3272 5465 .

1810 5434 2006 5473 trucre.
2032 5434 2110 5471 ID.
3258 5451 3272 5465 .

1792 5436 1842 5487 BI
2149 5491 2221 5542 οὐ
2248 5490 2573 5557 σύγκρισιν
2594 5489 2819 5541 νοείτω.
2855 5489 2912 5541 F.
2945 5489 3045 5555 leg.
3073 5488 3237 5558 Kurd:
3258 5451 3369 5542 ὀῦν

1796 5557 2111 5629 σύγκρισιν.
2129 5558 2240 5623 Vel,
2270 5560 2377 5612 Καὶ
2423 5558 2883 5629 οῦτωνσΰγκρισις
2918 5557 3160 5629 νοείσθω.
3203 5560 3365 5613 Ιὶιττ.

1809 5659 1879 5667 —
1911 5628 2043 5699 God.
2072 5628 2244 5682 Vatie.
2273 5631 2353 5682 sic
2395 5629 2541 5695 legit,
2575 5628 2660 5679 ἵνα
2692 5628 2825 5698 πρὸς
2856 5628 3166 5699 παραϐολὴν
3202 5631 3364 5681 αὐτοῦ

1793 5700 1887 5752 καὶ
1921 5698 2204 5769 σύγκρισιν
2232 5702 2443 5751 νοεῖται.
2474 5699 2680 5753 Possm.
