3886 6420
238 335 349 404 1241

578 455 764 523 PNG‘.
793 487 863 497 —
899 461 1413 539 amararum).

237 547 288 602 Τί
331 545 476 610 ἐστι,
530 563 549 598 ι
589 548 661 601 Τὸ
710 551 997 628 aenipin
1035 552 1154 628 pic
1182 560 1501 628 πτώσεως,
1558 564 1656 618 καί
1711 567 1780 620 τὸ

650 619 836 673 κόνδυ
874 623 977 675 τοῦ
1017 619 1228 694 θυμοῦ.
1275 648 1293 677 ι

286 728 352 780 Th
385 728 635 800 ποτήριον
674 733 934 798 πτώσεως
986 737 1079 789 καὶ⁸
1114 739 1271 794 κόνδυ
1302 742 1474 814 ουμοῦ
1507 749 1780 820 τιμωρίας

227 823 322 884 τοῖς
346 820 632 875 πταίσασιν
661 824 876 877 ἀπειλεῖ
909 827 1040 890 Θεὸς
1062 831 1141 892 είς
1171 831 1476 903 διόρθωσιν,
1511 840 1641 892 ποτὲ
1675 841 1776 911 μὲν

227 911 583 978 Βαϐυλωνίοις,
627 916 755 967 ποτὲ
798 917 854 969 δὲ
889 920 1192 990 Ἀσσυρίοις
1247 927 1589 1000 ἐγχειρίζων·
1633 933 1777 1004 ἅπερ

225 1003 497 1056 ὲκποθὲντα
543 1004 646 1058 ὑπὸ
713 1006 1002 1077 Ἐϐραίων,
1061 1013 1260 1078 αὐτοὺς
1330 1018 1432 1086 μὲν
1514 1003 1772 1091 ὲμέθυσε,

225 1096 464 1166 βελτίονος
496 1097 551 1151 δὲ
580 1099 724 1170 ζωῆς
757 1103 858 1156 οὐκ
895 1104 1143 1174 ἠξίωσεν.
1183 1109 1242 1161 ’0
1291 1111 1346 1164 δὲ
1392 1114 1647 1184 Χριστὸς,
1681 1119 1776 1172 ἐπὶ

223 1188 362 1253 ξύλου
420 1193 677 1262 ποτήριον
739 1193 899 1248 πιὼν;
955 1199 1050 1250 καὶ
1098 1202 1325 1271 πικρίαν
1375 1207 1644 1279 ίάτρευσε,
1681 1213 1775 1266 καὶ

223 1281 534 1353 εὐφροσύνην
565 1285 864 1356 ἐπήγαγεν.

473 1476 643 1532 PNZ'.
671 1510 740 1521 -
769 1480 1116 1556 ΑΝΑΤΟΛΙῼ
1148 1489 1484 1560 ,ΔῐΑκοΝςι

225 1583 276 1641 Τί
296 1582 414 1638 ἐστι
435 1585 500 1640 τὸ
521 1589 858 1670 εἰρημένςον,
880 1611 914 1670 ἰ
953 1594 1082 1670 Ἐπὶ
1113 1598 1281 1666 πάσῃ
1305 1602 1432 1668 ψυχ
1447 1600 1479 1670 ᾗ
1503 1607 1776 1661 τετελευ-

582 1660 798 1725 τηκυίᾳ
830 1664 940 1715 οὺχ
963 1660 1328 1735 cicada-dari}:
1360 1691 1378 1720 ι

277 1764 360 1827 Τὸ,
395 1785 414 1817 ι
465 1767 589 1822 Ἐπὶ
617 1767 762 1838 ψυχῇ
801 1771 1222 1847 τετελευτηκυίᾳ
1255 1779 1354 1831 οὐκ
1405 1781 1710 1856 εἰσελεύσῃ,
1747 1804 1770 1838 ι

219 1856 514 1927 βουλόμενος
567 1861 696 1924 ἴσως
744 1864 936 1933 μαθεῖν
982 1867 1287 1937 γέγραφας.
1329 1872 1526 1926 Ἄκουε
1571 1876 1770 1931 τοίνυν.

217 1945 354 2016 Ψυχῇ
384 1949 747 2022 ἁμαρτησὰσῃ
770 1954 842 2022 μὴ
868 1960 1226 2028 κοινωνήσῃς.
1244 1959 1366 2013 Ὅτι
1390 1962 1587 2032 γὰρτὸ,
1616 1984 1633 2015 ι
1659 1966 1774 2019 Οὐκ

215 2037 492 2110 είσελεύσῃ,
517 2059 535 2090 ι
569 2043 660 2111 Μὴ
695 2049 1052 2117 κοινωνήσῃς,
1079 2050 1247 2113 ἐστὶν,
1271 2052 1502 2105 ἄκουσον
1524 2054 1575 2106 τί
1609 2072 1773 2124 φησιν

217 2130 441 2202 ἠΣάρρα
476 2133 556 2203 τῷ
595 2135 872 2208 Ἀϐραάμ·
926 2157 944 2190 ι
997 2140 1224 2193 Εἰσελοε
1254 2146 1334 2206 είς
1364 2144 1474 2214 (91)
1511 2145 1608 2216 τὴν
1646 2165 1773 2199 παι-

215 2219 382 2290 δίσκην
413 2241 541 2290 μου,
578 2229 676 2278 καὶ
720 2229 1108 2299 τεκνοποίησον
1161 2232 1219 2296 ἐξ
1255 2235 1443 2304 αὐτῆς.
1488 2255 1506 2285 ι
1567 2238 1688 2290 Ὅτι
1715 2237 1772 2290 δὲ

215 2315 382 2384 νεκρὸν
417 2315 577 2386 σῶμα
606 2319 668 2370 οὐ
719 2319 922 2389 μιαίνει
973 2322 1064 2391 (τὰ
1095 2323 1203 2392 γὰρ
1241 2327 1446 2394 φυσικὰ
1501 2328 1768 2399 ἀναίτια),

216 2405 336 2474 μάθε
381 2411 509 2478 παρ’
554 2409 716 2462 αὐτοῦ
770 2412 1252 2481 νομοθετήσαντος.
1310 2418 1552 2480 Μωσέως
1603 2420 1768 2490 φημὶ,

213 2497 292 2552 τοῦ
317 2499 399 2552 διὰ
425 2501 594 2553 σκιῶν
625 2504 719 2556 καὶ
758 2505 1044 2574 συμϐόλων
1087 2507 1188 2576 τὴν
1231 2509 1492 2580 ἀλήθειαν
1522 2512 1769 2583 ὑπογρά-

209 2589 405 2656 ψαντος.
454 2594 691 2658 Ἐκεῖνος
713 2597 822 2666 γὰρ
844 2596 870 2647 ὁ
895 2597 1068 2651 ταῦτα
1089 2599 1504 2671 διαταξάμενος,
1535 2605 1604 2656 τὰ
1633 2607 1770 2658 ὀστᾶ

210 2681 290 2734 τοῦ
325 2683 514 2754 Ἰωσὴφ
547 2687 861 2759 περιέφερε.
897 2691 1038 2760 Πρὸς
1059 2691 1116 2744 ὃν
1139 2692 1362 2758 δικαίως
1389 2697 1453 2750 ἄν
1471 2715 1553 2760 τις
1584 2700 1760 2751 εἴποι·

210 2774 265 2826 Τί
291 2780 489 2844 ποιεῖς,
523 2773 568 2830 ὦ
626 2781 835 2852 Μωσῆ;
885 2783 950 2834 Τί
989 2785 1278 2853 πράττεις,
1322 2787 1358 2840 ἃ
1403 2789 1662 2856 κωλύεις;
1701 2791 1766 2844 Τί

208 2865 473 2938 ὲγγειρεῖς,
520 2866 605 2933 οἷς
647 2873 1051 2942 ἀπαγορεύειςς
1113 2878 1314 2948 μᾶλλον
1363 2880 1440 2942 δὲ,
1497 2882 1550 2932 τί
1600 2883 1766 2953 πράτ.

206 2973 304 3020 τεις
325 2958 358 3012 ἃ
386 2961 535 3031 νόμῳ
576 2964 924 3035 ἀπεκήρυξας
949 2984 962 3028 ;
991 2971 1209 3040 γραφήν
1240 2971 1302 3022 σέ
1338 2989 1441 3035 τις,
1490 2973 1566 3036 ὡς
1595 2974 1763 3038 ἔοικε,

207 3051 450 3120 γράψαιτο
469 3055 606 3123 (92),
628 3056 700 3119 ὡς
725 3059 941 3128 πρῶτον
969 3061 1164 3115 λύοντα
1186 3064 1276 3116 τὸν
1308 3064 1492 3134 νόμον.
1523 3069 1598 3119 Οὐ
1625 3068 1760 3132 λύω,

206 3145 368 3213 φησὶν,
386 3146 521 3199 ἀλλὰ
537 3148 625 3201 διὰ
649 3149 839 3203 τούτου
859 3153 1110 3222 ὲμφαίνω
1126 3155 1187 3206 τὸ
1207 3155 1534 3226 δηλούμενον
1554 3158 1643 3212 διὰ
1669 3159 1762 3212 τοῦ

204 3238 505 3308 γράμματος
534 3244 768 3313 πρᾶγμα
818 3246 1301 3317 περιεργάζεσθαι.
1357 3249 1497 3317 Ἐγὼ
1537 3251 1648 3322 γὰρ
1683 3269 1762 3304 νε.

204 3329 317 3398 κρὸν
346 3329 595 3403 σώφρονα
620 3335 718 3387 οὐκ
740 3330 890 3388 οἶδα·
941 3337 1052 3406 ἐγὼ
1095 3339 1290 3409 νεκρὸν
1324 3341 1416 3392 τὸν
1461 3343 1588 3405 τοὺς
1642 3345 1763 3394 ἐπι-

204 3419 578 3486 σουλεύσαντας
634 3427 1075 3498 εὐεργετήσαντα
1137 3432 1238 3483 οὐκ
1288 3433 1634 3502 ὲπίσταμαι’
1691 3432 1758 3504 ζῇ

202 3510 270 3581 τῷ
304 3513 436 3584 Θεῷ,
470 3518 578 3569 κᾶν
621 3519 754 3586 ἡμῖν
785 3521 924 3584 τέως
954 3522 1146 3592 νεκρὸς
1187 3523 1294 3595 (95)
1334 3527 1606 3595 φαίνηται.
1652 3529 1762 3580 Καὶ

201 3604 312 3673 ὑμῖν
349 3607 404 3660 δὲ
456 3609 735 3678 παραινῶ,
787 3612 862 3682 μὴ
917 3614 1077 3682 μόνον
1131 3615 1229 3686 τὴν
1279 3618 1478 3687 νεκρὰν
1535 3619 1759 3688 φεύγειν

199 3693 470 3765 ἁμαρτίαν,
529 3699 666 3753 ἀλλὰ
717 3703 852 3772 μηδὲ
879 3706 990 3767 τοῖς
1035 3706 1410 3776 ἁμαρτάνουσι
1457 3714 1756 3766 κοινωνεῖν.

199 3784 268 3839 Τὰ
319 3789 414 3857 μὲν
441 3789 573 3861 ’γὰρ
623 3794 828 3859 φυσικὰ
886 3794 1244 3866 ἐλαττώματα
1267 3800 1402 3868 (94),
1427 3801 1609 3864 αἰτίας
1655 3800 1760 3866 ἔξω

200 3876 481 3948 ἐσκήνωται
502 3898 514 3912 ³
561 3883 630 3934 τὰ
651 3883 707 3936 δὲ
730 3885 795 3937 ἐκ
851 3889 1246 3958 προαιρέσεως,
1292 3893 1627 3962 κατηγορίας
1660 3895 1758 3947 καὶ

197 3975 442 4044 τιμωρίας
471 3976 619 4040 ἄξια.
663 3979 773 4031 Καὶ
819 3981 866 4032 εί
908 3981 1232 4049 βασανίσετε
1269 3983 1368 4054 τὴν
1397 3984 1561 4048 λέξιν,
1608 3989 1755 4040 τοῦθ’

196 4063 454 4133 εὑρήσετε.
491 4068 566 4119 Οὑ
598 4069 704 4138 γὰρ
734 4064 921 4122 εἷπον·
977 4071 1093 4123 Ἐπ’
1139 4072 1490 4145 ἀνθρὼπῳ,ἢ
1542 4074 1754 4144 σώματι

194 4155 604 4228 τετελευτηκότι,
655 4161 769 4213 ἀλλ’
821 4161 920 4215 ἐπὶ
979 4161 1175 4230 ψυχῇ.
1230 4165 1390 4235 Ψυχὴ
1427 4167 1536 4234 γὰρ
1567 4173 1749 4238 ἁμαρ-

195 4244 425 4310 τάνουσα,
448 4250 822 4306 ἀποθανεῖται.
859 4253 921 4304 Εἰ
947 4256 1053 4323 γὰρ
1083 4255 1144 4306 τὸ
1169 4256 1363 4322 νεκρὸν
1394 4257 1554 4326 σῶμα
1581 4257 1749 4326 μολυ-

195 4336 329 4403 σμὸς,
363 4341 481 4402 πῶς
513 4343 608 4393 καὶ
628 4343 876 4412 Σολομῶν
920 4345 1046 4414 (χρὴ
1069 4347 1178 4415 γὰρ
1198 4349 1293 4400 καὶ
1325 4349 1472 4417 ἡμᾶς
1500 4351 1753 4417 προσθεῖ-

192 4441 265 4478 ναι
310 4432 373 4500 τῇ
428 4433 677 4496 Μωσέως
727 4431 1024 4508 ἀπολογίᾳ)
1076 4438 1282 4506 ἔλεγεν·
1332 4459 1351 4490 ι
1417 4441 1645 4509 Ἀγαθὸν
1689 4444 1752 4496 τὸ

1116 351 1650 420 EPISTOLARUM
1683 361 1831 424 LIB.
1874 363 1972 428 IV.
1994 395 2061 405 —
2081 372 2317 436 EPIST.
2358 379 2580 440 CLVII.

1803 483 1852 542 Α

3327 393 3461 457 1249

2321 491 2502 546 CLVI.
2537 524 2608 534 —
2641 494 3003 554 EPICTETO.

1883 577 2026 644 Quid
2041 581 2109 634 sit
2129 581 2284 646 illud.
2315 603 2334 635 ς
2358 584 2588 640 Calicem
2615 589 2804 653 ruinae,
2822 601 2870 644 et
2888 593 3102 646 calicem
3123 593 3318 663 furoris
3335 599 3401 654 ⁷⁸.
3432 618 3452 652 ο

1953 760 2090 812 Dens
2121 763 2466 828 peccantibus
2501 765 2750 832 poculum
2792 766 2960 821 ruinae
3009 779 3064 822 et
3101 770 3326 826 calicem
3373 773 3457 827 in-

1879 852 2209 920 dignationis
2252 868 2315 908 ac
2364 855 2585 910 ultionis
2641 858 2708 911 ad
2756 859 3148 914 correctionem
3211 861 3455 930 ipsorum

1883 944 2431 1008 comminatur,alias
2490 946 2708 1015 quidem
2759 948 3087 1020 Babyloniis,
3149 952 3280 1007 alias
3331 970 3458 1007 vero

1876 1034 2112 1104 Assyriis
2138 1035 2189 1087 in
2230 1052 2423 1090 manus
2474 1040 2714 1105 tradens,
2761 1057 2881 1109 qua:
2925 1043 2994 1095 ab
3032 1043 3271 1098 llebraais
3297 1057 3456 1112 epota

1879 1127 2025 1193 ipsos
2052 1129 2266 1195 quidem
2324 1130 2698 1195 inebriarunt;
2735 1141 2787 1184 at
2837 1134 3062 1187 meliore
3107 1136 3213 1188 vita
3264 1135 3456 1206 dignos

1877 1234 1982 1270 non
2014 1218 2326 1272 cll'ecerunt.
2357 1220 2611 1274 Christus
2649 1233 2828 1276 autem
2864 1241 2982 1277 cunt
3010 1226 3061 1276 in
3095 1225 3238 1293 ligno
3274 1241 3445 1294 pocu-

1877 1307 1987 1358 lum
2031 1307 2185 1373 bibit,
2238 1318 2294 1362 et
2338 1311 2756 1364 amaritudinem
2802 1314 3038 1376 sanavit,
3100 1325 3155 1368 ct
3210 1315 3454 1370 lictitiam

1875 1397 2120 1452 adduxit.

2152 1506 2353 1561 CLVII.
2379 1538 2450 1547 —
2475 1508 2817 1565 ANATOLlO
2854 1511 3169 1568 DMCONO.

1875 1614 2018 1680 Quid
2042 1616 2138 1668 sibi
2169 1618 2286 1668 velit
2319 1619 2456 1681 quod
2484 1620 2677 1670 dictum
2703 1629 2800 1682 est,
2838 1639 2856 1670 ι
2889 1619 3060 1678 Super
3084 1624 3228 1676 omni
3265 1625 3448 1678 anima

2226 1697 2436 1739 mortua
2484 1705 2584 1740 non
2620 1691 2927 1757 ingrediaris
2968 1693 3035 1748 ⁷⁹.
3074 1713 3092 1742 ι

1947 1792 2158 1848 Dictum
2197 1795 2326 1849 illud
2361 1814 2374 1850 :
2421 1816 2436 1847 ι
2470 1797 2549 1850 Ad
2580 1801 2815 1852 animant
2844 1814 3110 1856 mortuam
3142 1822 3245 1858 non
3280 1806 3450 1859 intra-

1877 1885 1981 1948 bis,
2022 1904 2040 1936 ι
2077 1887 2142 1939 ad
2201 1904 2283 1940 tne
2319 1888 2586 1951 discendi,
2621 1891 2720 1944 nisi
2774 1891 2951 1955 fallor,
3004 1896 3182 1948 studio
3215 1899 3454 1964 perscri-

1876 1979 2050 2047 psisli.
2087 1981 2342 2032 Ausculta
2369 1983 2552 2050 igitur.
2580 1980 2691 2037 lloc
2717 1985 2827 2036 vnlt
2850 1987 3029 2039 dicere
3062 1987 3234 2042 :Cnm
3269 1990 3447 2042 anima

1879 2081 2090 2122 lttul‘ltla
2128 2072 2259 2124 nihil
2286 2073 2380 2125 tibi
2411 2084 2530 2127 esto
2580 2078 2916 2132 commercii.
2947 2078 3078 2129 Nam
3113 2083 3254 2146 quod
3290 2079 3443 2143 illud,

1879 2179 1897 2211 ι
1935 2158 2051 2212 Non
2087 2161 2339 2225 intrabis,
2390 2182 2408 2213 ι
2449 2165 2626 2218 valeat
2660 2167 2800 2218 idem
2861 2170 3025 2237 quod,
3060 2169 3174 2222 Non
3199 2185 3445 2222 commn-

1875 2253 2084 2306 nicabis
2131 2253 2254 2319 (vel,
2288 2252 2432 2308 Nihil
2465 2257 2539 2308 rei
2569 2257 2794 2311 habebis
2829 2275 2950 2312 cnm
2987 2259 3072 2329 ea)
3095 2301 3111 2326 ,
3151 2263 3270 2313 andi
3318 2261 3448 2328 quid

1874 2341 2036 2396 Sarra
2082 2343 2215 2396 dicit
2260 2343 2610 2399 Abraliatno:
2647 2365 2665 2397 ι
2724 2346 3012 2417 Ingredere
3067 2351 3132 2401 ad
3195 2350 3447 2403 ancillam

1874 2448 2072 2496 ineant,
2103 2443 2158 2487 et
2185 2435 2385 2489 liberos
2428 2451 2492 2488 ex
2541 2452 2603 2491 ea
2640 2451 2862 2505 procrea
2897 2439 2962 2490 ⁸ο.
3007 2457 3026 2489 ι
3071 2439 3222 2504 Quod
3269 2447 3448 2492 autem

1873 2539 2071 2592 corpus
2098 2535 2368 2578 mortuum
2419 2526 2691 2581 neminem
2729 2528 2928 2595 polluat
2971 2530 3271 2598 (naturales
3301 2531 3447 2583 enim

1874 2629 1960 2666 res
2011 2623 2164 2667 extra
2213 2614 2422 2682 culpam
2455 2619 2633 2678 sunt),
2671 2616 2822 2671 disce
2872 2636 2900 2670 a
2948 2619 3256 2687 legislatore
3307 2620 3446 2689 ipso,

1872 2704 2042 2768 Mose,
2071 2706 2312 2772 inquam,
2344 2707 2433 2773 qni
2462 2721 2557 2773 per
2579 2707 2795 2761 umbras
2821 2721 2874 2761 et
2896 2697 3138 2778 syinbola
3169 2711 3448 2766 veritatem

1871 2797 2236 2852 adumbravit.
2273 2796 2405 2848 Nam
2437 2798 2523 2851 ille
2557 2797 2696 2866 ipse,
2727 2801 2822 2868 qui
2872 2803 2985 2854 lucc
3023 2803 3295 2870 praecepit,
3325 2818 3448 2856 ossa

1868 2885 2086 2957 Joscphi
2145 2888 2230 2958 (ex
2301 2887 2541 2958 Aigypto
2587 2889 2802 2960 ablata)
2849 2894 3312 2948 circnmvcctavit.
3366 2897 3446 2947 Ad

1868 2994 2027 3048 quem
2055 2997 2159 3034 non
2198 2982 2392 3051 injuria
2418 2984 2539 3051 quis
2568 2983 2768 3038 dixerit
2798 3002 2811 3039 :
2841 2982 2979 3051 Quid
3013 2986 3147 3056 agis,
3171 3001 3201 3039 ο
3229 2985 3452 3057 Moyse?

1869 3069 2012 3136 Quid
2046 3073 2117 3125 ita
2153 3071 2289 3126 facis
2317 3075 2430 3142 ipse
2461 3090 2582 3142 qua:
2611 3076 2865 3145 prohibes
2899 3078 3054 3131 aliis?
3087 3079 3224 3144 Quid
3257 3095 3318 3134 ea
3353 3097 3448 3150 ag-

1875 3164 2142 3231 grederis,
2178 3165 2377 3234 quibus
2430 3167 2746 3221 interdicis?
2777 3167 2890 3223 lino
2924 3171 3090 3224 etiam
3131 3171 3259 3240 quid
3308 3169 3448 3225 facis

1870 3272 1931 3309 ea
1958 3272 2080 3325 quae
2116 3256 2228 3326 lege
2255 3256 2358 3308 lata
2388 3257 2636 3311 vetuisti?
2671 3259 2852 3313 Dicam
2880 3262 2973 3316 tibi
3012 3264 3278 3331 quispiam
3305 3264 3445 3317 scri-

1868 3357 2058 3416 pturus
2111 3349 2345 3410 videtur,
2400 3357 2654 3418 tanquam
2697 3351 2745 3403 ei
2809 3351 2900 3420 qui
2959 3354 3166 3421 primus
3201 3353 3443 3406 omnium

1868 3441 2036 3494 violes
2064 3441 2256 3510 legem.
2293 3439 2408 3493 Non
2438 3441 2602 3504 violo,
2635 3457 2737 3495 non
2781 3445 2954 3508 solvo,
2985 3445 3179 3512 inquit,
3212 3445 3382 3515 legem
3411 3462 3443 3498 a

1868 3547 1954 3584 me
1988 3531 2184 3596 latam;
2220 3533 2314 3584 sed
2373 3546 2470 3600 per
2513 3533 2614 3586 hoc
2665 3534 2916 3597 ostendo,
2952 3551 3063 3587 rem
3107 3535 3296 3604 ipsam,
3325 3552 3449 3604 qua:

1865 3638 1963 3690 per
1988 3619 2323 3690 Scripturam
2353 3637 2416 3674 ac
2449 3622 2611 3676 verba
2650 3622 2779 3692 legis
2816 3624 3173 3693 signiﬁcatur,
3215 3626 3445 3696 diligen-

1866 3725 1948 3768 ter
1974 3729 2093 3767 esse
2126 3715 2530 3768 atlcndemlam.
2569 3715 2678 3784 Ego
2721 3718 2864 3768 enim
2913 3731 3034 3768 cum
3093 3718 3182 3786 qui
3221 3719 3444 3771 castita-

1868 3817 1974 3859 tem
1999 3807 2186 3870 coluit,
2220 3821 2318 3874 pro
2357 3817 2572 3859 mortuo
2613 3822 2718 3860 non
2765 3808 2937 3860 habeo
2975 3825 2989 3861 :
3036 3808 3144 3877 Ego
3167 3825 3315 3870 emn.
3350 3810 3444 3877 qui

1876 3895 2097 3958 fratres,
2130 3913 2157 3949 a
2182 3897 2378 3966 quibus
2402 3897 2612 3951 insidize
2647 3898 2747 3953 sibi
2776 3909 2995 3951 structa}
3019 3899 3256 3961 fuerant,
3291 3900 3448 3952 bene-

1866 3988 2005 4042 ﬁciis
2034 3987 2237 4048 aﬂ‘ecit,
2271 3987 2583 4041 defunctum
2617 3991 2820 4042 nescio.
2865 3987 3010 4042 Vivit
3043 3991 3168 4053 Deo,
3204 4002 3260 4042 ut
3291 3992 3444 4045 nobis

1863 4079 2079 4130 interim
2122 4079 2186 4130 ad
2243 4087 2454 4145 tempus
2500 4079 2746 4132 videatur
2769 4095 2889 4133 esse
2937 4092 3202 4133 mortuus.
3250 4081 3352 4134 Sed
3388 4091 3444 4134 ct

1862 4171 2012 4221 vobis
2052 4173 2299 4222 hortator
2332 4185 2450 4222 sum
2502 4186 2704 4238 vosque
2736 4171 2923 4224 sedulo
2980 4188 3193 4236 moneo,
3240 4182 3438 4225 tit-nun

1858 4260 2030 4313 solum
2063 4261 2283 4328 fugiatis
2308 4270 2614 4328 peccatum,
2648 4276 2760 4314 rem
2798 4262 3046 4314 videlicet
3074 4273 3342 4314 mortuam
3380 4271 3438 4314 et

1861 4352 2053 4404 mortis
2083 4351 2531 4414 conciliatricem,
2570 4367 2759 4406 verum
2791 4354 2953 4405 etiam
2985 4361 3041 4404 ut
3070 4367 3135 4406 ne
3162 4367 3283 4406 cum
3315 4368 3439 4418 pec-

1859 4444 2107 4496 cantibus
2137 4437 2353 4510 quidem
2387 4444 2550 4497 ullum
2583 4445 2828 4498 habeatis
2852 4444 3258 4497 commercium.
3301 4443 3434 4495 Nam

192 4521 504 4592 πορευθῆναι
532 4526 610 4586 εἰς
647 4521 795 4579 οἷκον
832 4527 1084 4592 πένθους,
1115 4529 1148 4599 ἢ
1189 4532 1270 4593 είς
1309 4528 1454 4584 οἷκον
1483 4533 1744 4600 γέλωτος

1877 4537 2131 4589 naturales
2152 4536 2369 4604 quidem
2407 4537 2648 4590 defectus
2673 4550 2826 4590 extra
2887 4537 3100 4605 culpam
3146 4547 3200 4591 et
3232 4538 3441 4589 crimen

192 4609 302 4673 Πῶς
338 4614 393 4666 δὲ
445 4619 771 4688 περιστολῆς
840 4620 936 4673 καὶ
999 4621 1610 4694 ὲκκομιδῆς,ὲτύγχανε
1673 4627 1744 4680 τὰ

193 4703 432 4774 σώματας
463 4708 591 4770 Πῶς
633 4710 689 4762 δὲ
729 4713 795 4782 τῇ
823 4712 970 4783 οἰκίᾳ
1005 4713 1140 4784 (94⁶)
1182 4714 1518 4784 παρεδίδοτο,
1545 4719 1593 4769 εί
1623 4718 1743 4772 οὐδὲ

248 4883 289 4916 ’⁸
315 4885 510 4942 Ezech.
545 4905 702 4955 χχιιι,
732 4891 822 4946 55.
897 4891 945 4923 '9
973 4891 1128 4946 Nam.
1172 4911 1243 4957 γι,
1273 4895 1328 4953 6.

1855 4637 2147 4682 versantur
2172 4643 2187 4680 :
2222 4630 2373 4697 atqui
2404 4645 2467 4683 ex
2495 4630 2663 4684 libera
2691 4630 2984 4683 voluntatis
3015 4631 3278 4684 electione
3306 4645 3436 4698 pro-

1861 4720 2200 4789 ﬁciscuntur,
2225 4722 2300 4775 illi
2327 4724 2542 4777 demum
2578 4723 2982 4776 accusationem
3009 4732 3063 4777 et
3095 4721 3440 4776 animadver-

1406 4895 1451 4927 ⁸ο
1491 4897 1625 4952 Gen.
1654 4914 1766 4960 xvr,
1793 4898 1848 4952 2.

1261 5047 1500 5103 νΑῐιιίΕ
1536 5049 1921 5105 LECTIONES
1957 5051 2045 5105 ΕΤ
2086 5050 2324 5107 NOT/E.

253 5197 355 5264 (90)
387 5198 515 5254 Haec
559 5202 784 5270 epistola
828 5202 918 5256 hic
961 5203 1259 5256 omittenda
1301 5203 1509 5266 fuerat;
1567 5213 1750 5258 exstat

189 5269 786 5342 fuimsuperiusposita
826 5288 1053 5325 numero
1093 5273 1366 5335 CCXLIX,
1408 5275 1498 5326 lib.
1536 5289 1574 5333 l,
1621 5291 1744 5342 pag.

187 5334 266 5456 ξιξ),
284 5339 364 5391 ubi
388 5334 565 5394 varias
592 5334 708 5408 eius
742 5343 1004 5396 lectiones
1029 5359 1094 5396 ex
1114 5348 1233 5397 cod.
1259 5334 1368 5396 Alt.
1389 5334 1740 5399 reddidimus.

226 5422 376 5461 ossm.

226 5423 518 5553 uigilidjod.
547 5479 675 5553 Vat.
700 5481 790 5534 hic
825 5492 879 5535 et
913 5483 1052 5535 infra
1073 5523 1088 5547 ,
1122 5482 1277 5553 πρὸς,
1308 5482 1387 5536 In.

187 5547 352 5666 ll'(92)
392 5549 497 5604 Pro
538 5551 815 5622 γράψαιτο
857 5553 998 5606 idem
1064 5547 1184 5606 cod.
1239 5554 1401 5607 habet
1447 5555 1740 5626 γράψεται.

242 5654 353 5764 193)
388 5687 497 5764 P_ro_
523 5690 628 5757 bis,
678 5691 784 5764 κᾶν
826 5692 956 5761 ἡμῖν
991 5693 1129 5752 τέως
1175 5691 1384 5764 νεκρὸς,
1447 5698 1566 5752 cod.
1617 5695 1738 5752 Vm,

189 5752 281 5811 6.50
307 5752 385 5813 sic
416 5760 576 5816 habet
587 5752 625 5829 ,’
648 5762 750 5816 κᾶν
781 5752 909 5834 ἡμῖν
935 5779 993 5815 τε
1024 5764 1097 5828 ὡς
1133 5752 1454 5835 νεκρύςίἸιλ.

1925 5206 2038 5276 (94)
2067 5209 2169 5290 Pro
2198 5209 2556 5290 ἐλαττώματα
2616 5215 2758 5290 idem
2821 5216 2943 5290 cod.
2988 5217 3143 5285 ponit
3172 5219 3433 5290 ἁμαρτή-

1853 5293 2018 5364 μάτα,
2058 5289 2113 5332 et
2157 5296 2297 5335 vers.
2343 5295 2465 5349 post
2492 5285 2546 5347 '2,
2577 5300 2676 5352 pro
2718 5285 3038 5356 βασανίσετε
3069 5285 3225 5356 ponit
3261 5285 3432 5343 ϐασα-

1850 5364 2057 5414 νισητε.

1922 5417 2057 5496 ςθίΐλ
2079 5419 2310 5496 Q‘mnino
2336 5421 2614 5496 legendum
2647 5427 2711 5494 τῇ
2742 5427 2887 5496 ὁσία,
2936 5437 2993 5479 ut
3040 5443 3202 5495 supra
3237 5430 3332 5484 lib.
3362 5447 3430 5496 ιι,

1847 5488 2008 5551 epist.
2038 5489 2160 5567 iis,
2190 5491 2279 5567 ubi
2308 5488 2453 5567 male
2483 5495 2533 5546 in
2566 5488 2888 5567 editi-Paris.
2911 5488 3189 5566 legebaiur
3216 5488 3427 5567 abduc,

1850 5572 1951 5636 nec
1982 5561 2178 5636 inclitis
2218 5561 2271 5612 in
2303 5559 2498 5636 Bavar.
2525 5566 2668 5636 ‘cod.
2724 5565 2892 5636 Θείας,
2941 5559 3064 5620 (ιύιιι
3113 5582 3300 5623 verum
3332 5559 3428 5636 ειὶ,

1850 5627 1919 5706 τὰ
1947 5631 2043 5698 τῆς
2069 5629 2220 5692 ὁσίας
2254 5631 2428 5706 αὐτῆς
2459 5632 2780 5706 διέφθαρται
2827 5627 3034 5690 δίκαια.
3069 5638 3338 5706 lntegrnm
3373 5627 3428 5694 ei

1851 5699 2220 5768 incorruptum
2252 5702 2452 5754 mansit
2481 5699 2582 5755 hoc
2637 5699 2829 5758 nomen
2875 5709 3015 5770 apttd
3047 5699 3294 5762 enmtietn
3325 5711 3425 5764 Isi-

1849 5770 2037 5824 dorunt
2071 5771 2163 5825 lib.
2199 5784 2241 5824 tt
2265 5776 2424 5840 epist.
2478 5774 2605 5840 253,
2643 5775 2761 5828 οὐδὲ
2790 5775 2889 5847 τὴν
2924 5777 3078 5830 ὁσίαν
3127 5778 3296 5851 αὐτὴν
3338 5785 3426 5834 αἰ-
