3886 6420
428 336 567 401 1243
1628 334 1689 395 S.
1728 334 2020 394 ISIDORI
2061 334 2503 399 PELUSIOT/E
3572 331 3701 395 1‘2“

431 448 638 501 sionem
668 454 966 507 merentur.
1007 444 1188 517 Atque
1226 447 1368 502 hanc
1402 461 1580 501 meam
1634 445 1800 500 fuisse
1857 462 2007 500 meu-

2132 446 2386 517 τδὸσιοῦν
2416 449 2485 501 τὰ
2510 447 2739 518 σώματα
2788 448 2933 501 ὅσιον
2974 442 3114 501 εἶναι
3172 445 3439 516 ἐνὸ¹μιζε;
3483 446 3612 508 Πῶς
3649 446 3701 498 δὲ

433 548 562 602 tem,
595 538 882 593 invenietis
922 537 1102 605 facile,
1144 538 1187 593 si
1221 539 1413 606 verba,
1469 538 1666 608 quibus
1707 553 1837 591 usus
1864 552 2006 599 sum,

2132 538 2176 590 τὸ
2207 538 2366 609 σῶμα
2402 541 2730 607 Ἐλισσαίου,
2780 542 2973 611 νεκρὸν
3019 540 3100 604 ὃν,
3143 539 3338 609 νεκρὸν
3377 535 3697 607 avt-famosa;

430 632 599 701 probe
631 633 1095 687 examinaveritis.
1130 633 1244 687 Non
1281 635 1425 689 enim
1456 634 1585 700 dixi,
1615 632 1774 702 502
1803 634 1881 687 Ad
1913 634 2209 696 hominem,
2236 637 2318 689 vel
2342 636 2405 689 ad
2464 650 2661 705 corpus
2725 648 3023 702 mortuum,
3084 639 3181 692 sed
3222 636 3479 690 animum.
3508 633 3699 687 Anima

430 741 665 795 namque
694 740 924 795 peccans
962 727 1244 781 morietur.
1276 725 1409 780 Nam
1432 727 1475 781 si
1501 737 1771 780 mortuum
1807 741 2004 795 corpus
2044 727 2159 781 sive
2197 727 2434 783 cadaver
2495 730 2667 797 ipsum
2701 745 2798 797 per
2827 745 2885 784 se
2918 729 3146 799 pollutio
3213 738 3268 783 et
3321 727 3702 796 inquinamen-

433 827 543 871 tum
579 828 682 881 est,
737 821 1030 889 quomodo,
1070 836 1277 890 quaeso,
1326 831 1380 877 et
1438 821 1690 876 Salomon
1754 832 1901 892 (nam
1948 833 2004 875 et
2042 823 2188 877 hunc
2217 835 2433 892 oportet
2457 842 2557 879 nos
2591 828 2654 879 ad
2720 825 2885 880 Mosis
2955 824 3335 879 defensionem
3381 822 3700 891 adiungere)

431 908 569 963 dixit
606 928 619 963 :
650 928 668 961 ι
708 911 897 965 Melius
922 920 1004 965 est
1043 914 1247 980 ingredi
1279 913 1331 966 in
1367 913 1582 967 domum
1621 913 1814 976 luctus,
1843 928 2006 981 quam
2050 914 2101 967 in
2157 914 2376 967 domum
2451 916 2595 970 risus
2619 917 2708 969 3‘?
2738 916 2840 980 Qui
2891 916 2946 969 fit
2994 930 3213 983 quoque
3282 913 3427 984 quod
3474 926 3701 981 corpora

430 1002 807 1059 defunctorum
841 1020 1026 1060 curam
1054 1016 1108 1063 et
1139 1007 1475 1077 sepulturam
1506 1015 1667 1076 atque
1716 1008 2008 1077 exsequias
2042 1021 2447 1079 consequantur
2503 1026 2533 1064 a
2597 1012 2944 1066 viventibus?
2985 1009 3271 1076 Quomodo
3356 1009 3485 1062 item
3560 1008 3700 1076 jusu

430 1101 659 1155 mortuis
690 1100 803 1156 ﬁeri
852 1104 1095 1169 tradidit,
1138 1103 1181 1159 si
1222 1103 1373 1159 nefas
1413 1118 1535 1159 esse
1575 1103 1911 1158 existimavit
1938 1114 1999 1158 ut
2033 1104 2180 1171 justu
2210 1107 2528 1175 corporibus
2552 1107 2973 1177 persolvantur?
3040 1108 3277 1174 Denique
3315 1106 3406 1174 qui
3474 1103 3707 1167 factum,

430 1197 572 1263 quod
606 1194 785 1249 Elismi
820 1206 1093 1251 mortuum
1126 1211 1329 1266 corpus
1366 1204 1636 1249 mortuum
1676 1196 1841 1250 alium
1873 1198 2135 1251 excitavit
2165 1197 2230 1259 °‘,
2264 1198 2309 1252 si
2343 1199 2608 1253 cadavera
2635 1200 2859 1253 omnino
2892 1208 3018 1252 sunt
3062 1198 3365 1267 inquinata.

954 1308 1179 1364 CLVIII.
1212 1338 1283 1351 -—
1313 1308 1491 1368 NlLO.

433 1395 498 1452 In
551 1398 683 1451 illud
728 1398 1123 1469 (Salomonis):
1170 1419 1188 1451 ι
1232 1400 1439 1471 Septies
1467 1402 1614 1456 cadet
1650 1402 1832 1471 justus
1871 1404 1938 1457 ⁸³.
1984 1424 2003 1457 ι

502 1510 683 1574 ΙΙΙΙΙ(Ι,«
713 1511 923 1581 Septies
944 1513 1098 1567 cadet
1120 1514 1352 1582 justus”
1376 1530 1479 1569 non
1501 1516 1819 1585 simpliciter
1850 1529 2011 1587 atque

431 1601 677 1656 absolute
711 1602 912 1656 dictum
962 1615 1083 1669 est;
1115 1605 1207 1659 sed
1256 1605 1398 1667 ideo,
1442 1606 1564 1674 quia
1624 1608 1713 1673 qui
1769 1608 2007 1678 legitime

2644 1312 2820 1364 PNH'.
2848 1342 2914 1351 —
2938 1308 3168 1378 ΝΕΙΛῼ.

2260 1402 2364 1467 Εὶς
2389 1401 2476 1467 τὸ,
2507 1419 2527 1452 ι
2565 1402 2848 1467 Ἐπτάκις
2873 1400 3145 1455 πεσεῖται
3169 1403 3204 1454 ό
3248 1400 3504 1466 δίκαιος.
3544 1421 3565 1450 ›

2189 1514 2284 1578 Τὸ,
2320 1533 2338 1565 ι
2382 1513 2643 1577 Ἐπτάκις
2697 1515 3002 1567 πεσεῖταιὸ
3043 1513 3271 1578 δίκαιος,
3309 1532 3328 1565 ι
3364 1514 3589 1583 εἴρηται
3616 1515 3703 1583 οὐχ

2112 1604 2459 1669 ἁπλῶς,ἁλλ’
2494 1606 2679 1676 ἐπειδὴ
2708 1608 2735 1659 ὁ
2778 1606 3026 1677 νομίμως
3074 1604 3342 1669 παλαίων,
3390 1606 3703 1672 ἀναγκαίως

432 1703 631 1757 certat,
666 1696 976 1749 necessario
1007 1696 1171 1749 etiam
1200 1697 1452 1750 athletice
1480 1698 1644 1752 cadit.
1678 1698 1791 1752 lloe
1830 1710 2008 1752 autem

2132 1697 2207 1749 cal.
2252 1696 2558 1766 ἀθλητικῶς
2604 1698 2813 1749 πίπτει.
2865 1696 3037 1749 Τοῦτο
3063 1696 3121 1749 δέ
3179 1697 3239 1748 ού
3274 1696 3495 1757 πάντως
3538 1698 3701 1765 ἣττης

432 1800 538 1837 non
568 1786 792 1839 omnino
820 1796 984 1857 atque
1019 1788 1336 1843 indistincte
1386 1788 1566 1853 ciiicit,
1608 1799 1665 1843 ut
1710 1794 1832 1859 quis
1883 1807 2007 1845 suc-

430 1876 653 1930 cumbat
692 1887 745 1931 et
772 1879 1055 1933 victoriam
1085 1881 1401 1935 adversario
1428 1882 1622 1945 tradat,
1668 1885 1762 1937 sed
1818 1894 2009 1938 contra

432 1983 574 2035 saepe
606 1969 890 2023 victoriam
921 1971 1084 2040 parit.
1117 1971 1265 2026 Multi
1303 1989 1536 2042 namque
1565 1983 1848 2043 postquam
1876 1976 2012 2029 cet-i-

430 2061 643 2123 derant,
669 2077 857 2117 eorum
916 2063 1084 2127 vires,
1133 2065 1225 2133 qui
1275 2076 1421 2119 stare
1462 2066 1811 2130 videbantur,
1848 2083 2010 2121 euer-

430 2162 649 2217 varunt,
702 2163 873 2207 totum
917 2155 1153 2223 ipsorum
1187 2172 1383 2226 corpus
1445 2161 1578 2226 pede
1612 2159 2008 2226 supplantatum

430 2244 579 2297 humi
610 2255 1040 2314 prosternentes,
1068 2255 1229 2316 atque
1261 2247 1333 2300 ita
1361 2256 1600 2316 ereptam
1628 2248 1705 2301 eis
1727 2249 2009 2302 victoriam

431 2333 484 2386 in
509 2349 567 2387 se
602 2335 1016 2390 transferentes.
1050 2336 1283 2406 Ideoque
1308 2352 1411 2391 non
1442 2338 1614 2392 solum
1645 2337 2006 2405 dixitjustum

430 2424 644 2491 cadere,
694 2427 787 2481 sed
814 2427 1045 2493 addidit,
1083 2428 1258 2498 ipsum
1289 2430 1453 2483 etiam
1502 2443 1809 2497 resurgere,
1843 2431 2008 2484 nimi-

2116 1788 2263 1839 ἐστὶν
2295 1790 2499 1841 αἴτιον·
2534 1787 2669 1841 ἀλλὰ
2701 1788 2966 1849 πολλάκις
3009 1788 3103 1840 καὶ
3149 1786 3325 1856 νίκης.
3365 1785 3565 1838 Πολλοὶ
3600 1786 3699 1855 γὰρ

2116 1879 2489 1942 πεπτωκότες,
2522 1879 2629 1931 τῶν
2667 1878 2971 1931 δοκούντων
3032 1878 3256 1931 ἑστάναι
3312 1877 3416 1949 τὴν
3472 1876 3697 1945 δύναμιν

2116 1966 2481 2038 ἐξενεύρισαν,
2513 1968 2603 2021 διὰ
2631 1968 2726 2021 τοῦ
2768 1967 2928 2031 ποδὸς
2968 1968 3115 2022 ἅπαν
3166 1966 3229 2019 τὸ
3268 1966 3432 2035 σῶμα
3460 1968 3545 2028 εἰς
3580 1965 3697 2019 τοῦ-

2115 2058 2281 2125 δαφος
2317 2058 2591 2128 ῥίψαντες,
2622 2062 2718 2111 καὶ
2767 2058 2867 2128 τὴν
2898 2057 3055 2127 νίκην
3100 2056 3474 2127 ἁρπάσαντες.
3527 2054 3619 2106 Διὸ
3641 2056 3698 2107 οὐ

2120 2150 2279 2217 μόνον
2308 2150 2389 2201 ὃτι
2437 2151 2686 2202 πεσεῖται
2717 2143 2890 2212 εἶπεν,
2926 2148 3041 2201 ἀλλ’
3072 2148 3155 2201 ὅτι
3193 2146 3290 2200 καὶ
3334 2147 3701 2215 ἀναστήσεται

2117 2243 2505 2312 προστέθεικεν
2536 2241 2671 2312 (95),
2717 2242 2806 2294 ἴνα
2855 2240 2947 2294 τὸν
2986 2240 3250 2310 στέφανον
3281 2238 3526 2311 μηνύσῃ.
3554 2240 3618 2292 Ei
3647 2239 3698 2292 δὲ

2116 2337 2210 2389 καὶ
2242 2336 2328 2388 ὅτε
2364 2334 2579 2388 πταίσει
2624 2334 2655 2386 ὁ
2703 2332 3012 2403 ἄνθρωπος,
3048 2332 3245 2387 θᾶττον
3292 2332 3594 2403 ἀνανήψει,
3633 2332 3703 2396 ὡς

2115 2431 2335 2500 ἄριστος
2365 2426 2682 2497 ἐπίστησον.

430 2531 548 2571 rum
581 2526 640 2571 ut
686 2532 941 2572 coronam
987 2532 1016 2571 a
1062 2520 1269 2573 victore
1318 2528 1646 2589 reportatam
1676 2519 1835 2573 simul
1874 2520 2160 2575 indicaret.
2194 2520 2347 2586 Quod
2378 2518 2424 2574 si
2470 2518 2634 2573 etiam
2661 2515 2754 2572 ubi
2818 2516 3020 2573 cecidit
3073 2516 3261 2584 homo,
3324 2516 3589 2573 celeriter
3615 2529 3698 2571 re-

431 2610 647 2679 sipiscit
681 2620 843 2681 atque
892 2612 961 2666 ad
996 2628 1184 2668 sanam
1224 2626 1459 2668 mentem
1489 2614 1651 2677 redit,
1682 2614 1826 2670 hunc
1870 2616 2133 2685 optimum
2160 2631 2280 2671 esse
2302 2615 2540 2670 noveris.

741 2731 923 2787 CLIX.
956 2764 1021 2774 -—
1052 2733 1353 2790 EUTONIO
1382 2734 1700 2792 DIACONO.

430 2842 497 2897 In
532 2844 665 2898 illud
700 2845 919 2913 (Christi
951 2848 1171 2909 dictum)
1208 2864 1225 2901 :
1261 2866 1280 2898 ι
1340 2847 1534 2901 Luceat
1569 2848 1661 2901 lux
1690 2859 1855 2902 vestra
1890 2845 1955 2900 3".
1989 2864 2008 2898 ι

501 2913 571 2967 Et
604 2920 739 2985 quod
810 2917 906 2969 hoc
958 2934 1060 2970 non
1115 2919 1185 2971 sit
1236 2920 1562 2972 contrarium
1615 2920 1766 2972 alteri
1804 2916 1947 2969 dicto
1993 2932 2013 2968 :

506 3004 526 3037 ι
564 2987 828 3040 Attendite
861 2986 1243 3057 eleemosynam
1274 2999 1499 3043 vestram
1539 2988 1585 3021 ⁸³
1628 3008 1649 3042 ι
1683 3002 1729 3043 et
1766 3002 1884 3060 qua?
1928 3003 2013 3040 se-

498 3067 752 3125 quuutur.

501 3186 604 3254 Qui
642 3188 800 3243 bonis
828 3189 1079 3257 operibus
1113 3190 1362 3254 student,
1397 3192 1483 3247 his
1513 3209 1642 3250 sane
1666 3195 1817 3251 lucro
1848 3199 2015 3265 cedit,

432 3280 477 3334 si
508 3281 559 3334 id
585 3278 844 3335 facientes
871 3280 1159 3335 manifesto
1185 3294 1481 3351 appareant
1503 3286 1675 3340 oculis
1700 3289 2015 3358 hominum;

433 3374 575 3427 unde
610 3382 665 3427 et
703 3372 953 3427 Salvator
982 3373 1055 3426 ait
1091 3391 1105 3427 :
1150 3394 1169 3425 ‹
1237 3374 1441 3429 Luceat
1498 3376 1585 3431 lux
1620 3388 1799 3434 vestra
1835 3397 2015 3436 coram

434 3462 765 3523 hominibus,
799 3473 858 3517 ut
888 3465 1110 3519 videant
1146 3473 1325 3520 vestra
1352 3467 1488 3521 bona
1526 3483 1711 3536 opera,
1748 3481 1803 3525 et
1848 3471 2016 3541 glori-

436 3555 599 3610 ficent
654 3555 870 3610 Patrem
919 3568 1159 3613 vestrum
1201 3559 1292 3627 qui
1339 3560 1389 3611 in
1443 3560 1597 3615 coelis
1647 3573 1751 3616 est.
1810 3582 1829 3614 ι
1878 3563 2014 3631 Quia

434 3658 562 3698 vero
594 3644 835 3697 nonnulli
868 3660 972 3697 non
1008 3647 1074 3699 ad
1109 3646 1441 3701 Dominicam
1478 3649 1776 3718 respiciunt
1808 3668 2015 3717 vocem,

436 3735 528 3791 sed
563 3736 630 3789 ad
673 3751 824 3789 suam
856 3736 1108 3806 gloriam,
1165 3738 1370 3793 idcirco
1404 3740 1542 3795 hanc
1584 3742 1788 3795 addidit
1833 3744 2020 3797 admo-

434 3826 693 3880 nitionem
721 3845 734 3880 :
778 3845 796 3878 ι
828 3827 1026 3881 Cavete
1064 3844 1128 3882 ne
1155 3830 1554 3901 eleemosynam
1584 3844 1818 3887 vestram
1849 3835 2017 3889 facia-

436 3919 506 3973 tis
558 3934 742 3973 coram
791 3919 1119 3974 hominibus.
1168 3922 1264 3976 Sin
1328 3934 1506 3978 autem
1558 3925 1737 3989 aliter,
1807 3942 2018 3981 merce-

436 4011 556 4065 dem
589 4027 691 4064 non
713 4011 923 4066 habetis
960 4030 1015 4065 ι»
1060 4013 1333 4082 prioribus
1364 4016 1580 4084 quidem
1631 4019 1813 4073 verbis
1866 4021 2019 4074 heni-

435 4103 699 4171 gnitatem
734 4113 789 4157 et
814 4104 1032 4158 virtutis
1055 4121 1294 4159 amorem
1324 4108 1657 4177 signiﬁcans,
1691 4125 1813 4179 quae
1844 4128 1930 4166 res
1956 4128 2021 4167 ne

435 4194 654 4261 quidem
704 4194 748 4247 si
780 4193 949 4248 velint
1003 4195 1076 4248 illi
1140 4198 1229 4264 qui
1268 4208 1456 4266 agunt.
1503 4199 1764 4253 occultari
1819 4210 2018 4269 potest.

437 4285 544 4339 Per
570 4287 872 4354 posteriora
908 4296 1088 4340 autem
1122 4288 1304 4357 gloria:
1330 4289 1568 4343 studium
1605 4291 1933 4360 reprimens;
1967 4302 2023 4347 et

438 4390 537 4444 per
560 4376 647 4429 illa
680 4377 900 4445 quidem
940 4377 1229 4440 malitiam,
1264 4394 1358 4446 per
1401 4379 1501 4433 ista
1535 4395 1662 4433 vero
1705 4381 2021 4434 ostentatio—

2421 2732 2595 2786 PNB’.
2627 2761 2697 2773 -——
2724 2730 3029 2803 ΕΥΤΟΝΙῼ
3075 2729 3402 2799 ΔῙΑΚΟΝῼ.

2119 2847 2225 2912 ea;
2257 2846 2355 2909 τὸ,
2393 2862 2412 2896 ι
2452 2844 2758 2915 Λαμψάτω
2789 2844 2858 2898 τὸ
2887 2842 3015 2915 φῶς
3037 2842 3225 2912 ὑμῶν.
3264 2861 3284 2894 ι
3328 2840 3442 2915 Κᾳὶ
3476 2842 3564 2894 ὅτι
3596 2842 3699 2915 of»:

2188 2910 2322 2970 ἐστι
2371 2910 2567 2983 τοῦτο,
2594 2910 2902 2968 ἐναντίον
2932 2913 3013 2979 τῷ
3035 2952 3051 2978 ,
3076 2910 3088 2912 ’
3108 2932 3138 2983 γε
3196 2912 3539 2983 Προσέχετε
3594 2910 3699 2978 τὴν

2188 2982 2616 3055 ἐλεημοσύνην
2646 2984 2836 3055 ὑμῶν,
2868 3003 2887 3036 ι
2923 2985 3023 3038 καὶ
3054 2982 3129 3037 τὰ
3159 2982 3330 3051 ἑξῆς.

2190 3189 2317 3251 Τοῖς
2365 3188 2463 3257 μὲν
2507 3188 2737 3242 ἐπὶτῶν
2790 3185 3047 3259 χρηστῶν
3100 3184 3446 3255 διατρίϐουσι
3508 3183 3697 3255 ἔργων,

2118 3280 2181 3333 τὺ
2215 3281 2486 3351 φανεροὺς
2543 3276 2684 3334 εἶναι
2736 3279 2897 3334 τοῦτο
2932 3279 3241 3344 ποιοῦντας,
3283 3280 3364 3341 εἰς
3399 3277 3588 3348 κέρδος
3616 3292 3695 3327 τε·

2118 3373 2202 3426 λεῖ
2228 3393 2240 3405 ·
2265 3374 2346 3427 διὸ
2376 3376 2470 3427 καὶ
2501 3376 2530 3427 ὁ
2565 3373 2755 3445 Σωτὴρ
2776 3373 2883 3445 ἔφη
2907 3389 2921 3401 ’
2951 3392 2969 3424 ι
3001 3373 3289 3443 Λαμψάτω
3328 3373 3390 3424 τὸ
3418 3371 3533 3439 φῶς
3556 3369 3697 3438 ὑμῶν

2120 3464 2429 3535 ἔμπροσθεν
2477 3464 2586 3518 τῶν
2630 3463 2961 3535 ἀνθρώπων,
3003 3464 3153 3527 ὅπως
3203 3466 3390 3517 ἴδωσιν
3440 3461 3595 3532 ὑμῶν
3637 3461 3699 3512 τὰ

2120 3557 2263 3610 καλά
2296 3557 2454 3628 ἔργα,
2490 3558 2586 3611 καὶ
2610 3557 2877 3623 δοξάσωσι
2901 3559 2992 3611 τὸν
3022 3557 3246 3627 Πατέρα
3298 3556 3456 3626 ὑμῶν
3507 3555 3597 3607 τὸν
3645 3554 3696 3604 ἐν

2118 3652 2232 3712 τοῖς
2274 3650 2543 3719 οὐρανοῖς.
2596 3669 2614 3700 ι
2669 3650 2887 3720 Ἐπειδὴ
2938 3650 2995 3701 δέ
3036 3666 3179 3711 τινες
3210 3650 3271 3701 οὐ
3318 3648 3458 3718 πρὸς
3490 3646 3697 3715 τὴνΔε-

2123 3739 2386 3809 σποτικὴν
2410 3740 2656 3811 ἀφορῶσι
2679 3740 2884 3811 φωνὴν,
2906 3740 3043 3793 ἀλλά
3069 3739 3207 3810 πρὸς
3224 3738 3324 3809 τὴν
3347 3737 3553 3790 ἑαυτῶν
3587 3735 3698 3801 (96)

2123 3830 2482 3898 παραίνεσιν’
2542 3848 2560 3880 ι
2601 3830 2907 3901 Προσέχετε
2962 3833 3061 3900 τὴν
3095 3830 3470 3901 ἐλεημοσύνην
3528 3826 3697 3896 ὑμῶν,

2125 3920 2198 3990 μὴ
2230 3923 2404 3972 ποιεῖν
2433 3921 2744 3993 ἔμπροσθεν
2811 3923 2919 3976 τῶν
2953 3921 3277 3991 ἀνθρώπων.
3330 3922 3394 3974 Ei
3448 3920 3504 3973 δέ
3539 3920 3697 3989 μήγε,

2125 4012 2314 4083 μισθὸν
2334 4015 2434 4065 οὐκ
2480 4014 2633 4083 ἔχετε
2656 4032 2670 4047 ο
2692 4033 2710 4063 ›
2748 4014 2837 4067 διὰ
2866 4014 2962 4083 μὲν
2988 4014 3097 4067 τῶν
3126 4013 3411 4085 προτέρων
3441 4012 3500 4065 τὸ
3531 4014 3699 4063 ἐπιει-

2122 4104 2217 4166 κὲς
2243 4105 2338 4156 καὶ
2368 4105 2665 4174 φιλάγαθον
2714 4107 3016 4176 ἐμφαίνων,
3047 4107 3187 4176 ὅπερ
3219 4106 3340 4159 οὐδὲ
3370 4105 3698 4175 βουλομένων

2122 4198 2229 4250 τῶν
2281 4198 2627 4269 πραττόντων
2682 4198 3024 4269 κρύπτεσθαι
3059 4197 3318 4250 δύναται·
3374 4198 3465 4251 διά
3512 4198 3568 4249 δέ.
3593 4198 3698 4249 τῶν

2122 4290 2390 4362 δευτέρων
2424 4291 2523 4362 τὴν
2568 4290 2871 4359 φιλοδοξίαν
2908 4290 3273 4344 ἀναστέλλων.
3310 4292 3424 4343 Καὶ
3453 4291 3519 4343 δι’
3573 4288 3703 4342 ὲκεί-

2125 4400 2231 4437 νων
2256 4384 2375 4452 μὲν,
2406 4383 2503 4454 τὴν
2536 4384 2758 4449 κακίαν,
2804 4383 2893 4437 διὰ
2931 4383 2988 4437 δὲ
3017 4382 3248 4446 τούτων,
3305 4383 3405 4453 τὴν
3452 4381 3700 4445 ἐπίδειξιν

440 4484 564 4521 nem
594 4470 912 4536 prohibens.
951 4469 1136 4538 Neque
1164 4472 1309 4523 enim
1337 4471 1437 4525 hoc
1468 4472 1538 4522 illi
1563 4480 1643 4526 est
1665 4473 2017 4536 contrarium,

2132 4474 2369 4529 κωλύων.
2403 4476 2476 4528 Οὐ
2530 4476 2640 4545 γὰρ
2688 4475 2931 4530 ἐναντίον
2984 4476 3101 4528 ἐστὶ
3132 4475 3276 4528 τοῦτ’
3317 4475 3540 4544 ἐκείνῳ·
3573 4473 3703 4528 ἀλλὰ

441 4558 536 4611 sed
561 4558 689 4612 vitia
729 4575 849 4628 qua:
879 4560 1170 4615 virtutibus
1212 4562 1364 4629 quasi
1416 4560 1577 4614 afﬁxa
1623 4572 1749 4615 sunt
1782 4573 1835 4616 et
1888 4563 2021 4618 insi-

442 4648 681 4711 diantur,
714 4650 982 4717 prohibet.
1019 4648 1205 4705 Virtus
1243 4651 1386 4705 enim
1420 4652 1597 4706 omnis
1633 4668 1694 4706 ea
1730 4652 1887 4722 503
1930 4654 2023 4708 tle-

446 4755 593 4794 nium
626 4756 746 4810 qua:
776 4744 979 4811 absque
1011 4744 1377 4798 ostentatione
1409 4742 1547 4797 facta
1575 4752 1678 4807 est,
1704 4745 1874 4797 virtus
1900 4760 2019 4812 pro-

444 4833 565 4901 prie
596 4842 649 4887 et
671 4832 873 4887 dicitur
904 4842 957 4887 et
989 4844 1093 4888 est.
1128 4832 1184 4888 Si
1214 4850 1343 4889 vero
1386 4835 1551 4890 etiam
1591 4834 1659 4888 ad
1702 4834 1885 4904 gloria:
1908 4846 2024 4911 pstu-

516 5015 563 5047 ⁸¹
592 5015 772 5072 Eccle.
806 5030 901 5080 vn,
931 5014 987 5068 3.
1066 5016 1111 5047 θ’
1146 5012 1211 5069 IV
1242 5012 1376 5084 Reg.
1410 5030 1484 5080 IV,
1515 5014 1607 5078 55,
1640 5012 1727 5068 ⁸56.

1809 5008 1854 5041 ⁸³
1881 5008 2041 5063 Prov.
2081 5029 2230 5076 xxw,
2262 5014 2348 5066 16.

2130 4563 2225 4627 τὰς
2259 4564 2725 4635 παραπεπηγυίας
2763 4565 2855 4617 καὶ
2886 4563 3149 4634 ἐφέδρους
3180 4562 3383 4624 κακίας
3418 4564 3536 4623 ταῖς
3578 4560 3700 4630 ἀρε-

2128 4657 2250 4716 ταῖς
2290 4653 2512 4708 κωλύει.
2576 4653 2774 4725 Ἀρετὴ
2842 4652 2952 4724 γὰρ
3016 4653 3167 4707 πᾶσα
3220 4651 3350 4703 ἄνευ
3402 4648 3702 4715 ἐπιδείξεως

2130 4746 2412 4814 γινομένη,
2443 4745 2611 4815 ἀρετὴ
2641 4744 2708 4798 ἂν
2738 4744 2946 4816 κυρίως
2978 4742 3196 4796 καλοῖτο
3237 4744 3331 4794 καὶ
3381 4744 3495 4813 είη.
3551 4739 3607 4793 Εἰ
3645 4738 3702 4789 δέ

2132 4836 2225 4889 καὶ
2254 4837 2390 4907 πρὸς
2424 4836 2728 4906 φιλοδοξίαν
2762 4835 3074 4905 ἐλκυσθείη,
3102 4836 3194 4887 καὶ
3227 4835 3288 4887 τὸ
3315 4833 3454 4889 εἶναι
3500 4835 3703 4904 εἰλικρι-

2426 5014 2471 5044 si
2495 5012 2687 5068 Matth.
2723 5028 2773 5080 v,
2804 5014 2892 5068 l6.
2967 5013 3013 5045 ει
3039 5012 3233 5068 Matth.
3262 5029 3343 5081 νι,
3377 5014 3439 5068 2.

1515 5170 1749 5224 VARIIE
1788 5168 2176 5228 LECTIONES
2213 5166 2300 5222 ET
2342 5166 2573 5224 NOTAE.

446 5332 642 5389 δεῖται.
678 5328 914 5385 Suidas:
956 5328 1127 5387 Ὁσία.
1151 5331 1184 5398 ἡ
1220 5328 1312 5381 ἐπὶ
1335 5327 1547 5398 θανάτῳ
1580 5326 1732 5398 τιμὴ,
1766 5327 1799 5394 ἡ
1852 5324 2035 5398 ἡμέρα

450 5381 1027 5474 τὴν
1058 5381 1383 5474 ἐπὶίνεκροῖς
1410 5381 1598 5468 τιμῆν.
1756 5381 1838 5449 his
1875 5381 2036 5474 igitur

453 5472 736 5527 verissima
770 5474 1028 5539 probatur
1057 5473 1367 5535 conjectura
1413 5480 1596 5539 nostra
1630 5483 1642 5517 :
1680 5472 2031 5539 quaiuetiam

451 5536 943 5609 confirmantIcod.
985 5538 1101 5593 Vat.
1137 5541 1240 5594 650
1283 5553 1369 5606 ap.
1408 5536 1573 5609 post_.]
1619 5538 1896 5609 sequentia
1932 5553 1942 5586 :
1986 5536 2035 5609 ei

455 5612 579 5664 οὐδὲ
602 5611 662 5663 τὸ
694 5604 873 5662 ὁσιοῦν
919 5609 989 5661 τὰ
1030 5612 1257 5679 σώματα
1287 5604 1435 5662 ὅσιον
1497 5604 1638 5661 εἶναι
1678 5604 1919 5676 ἐνόμιζε,
1946 5605 2035 5659 ubi

460 5681 757 5735 notandum
786 5680 1155 5734 πολ-πτυστον.
1198 5681 1361 5734 RITT.

532 5750 646 5816 (95)
698 5750 1085 5819 Προστέθεικεν
1161 5762 1334 5806 mutat
1400 5751 1452 5805 in
1512 5747 1851 5817 προσέθηκεν
1910 5745 2029 5801 cod.

2146 5324 2323 5376 Vatie.
2360 5323 2465 5375 650
2502 5330 2555 5375 et
2584 5336 2727 5376 vers.
2771 5323 2804 5374 ἲί
2833 5324 2921 5376 ὅτε
2963 5324 3014 5376 ἰη
3049 5324 3152 5377 ὅτι.
3182 5323 3395 5378 Possm.

2216 5394 2326 5461 (96)
2358 5394 2513 5468 Πρὸς
2544 5392 2659 5459 τὴν
2680 5392 2930 5468 ἑαυτῶν.
2965 5394 3192 5468 _\’idetur
3216 5394 3322 5468 tale
3343 5394 3471 5468 quid
3509 5394 3701 5468 deesse.

2135 5465 2311 5529 δόξαν,
2351 5464 2556 5533 ταύτην
2587 5464 2896 5533 προσέθηκε
2928 5464 3023 5533 τὴν
3062 5465 3317 5532 παραίν.,
3347 5463 3508 5532 atque
3538 5465 3599 5516 ita
3624 5463 3705 5513 in~

2142 5542 2472 5600 terpretatus
2499 5548 2615 5585 smn
2653 5536 2805 5601 quasi
2853 5534 2965 5586 hrec
3006 5534 3277 5595 adessent,
3311 5543 3560 5602 poscente
3584 5546 3701 5585 sen-

2143 5605 2320 5656 tentia:
2368 5604 2699 5663 integritate.
2744 5602 2908 5657 Βιττ.
2952 5634 3019 5642 -
3060 5603 3193 5656 Cod.
3247 5602 3367 5656 Vat.
3402 5604 3501 5656 650
3539 5610 3697 5655 mutat

2140 5672 2324 5743 φωνὴν
2357 5674 2407 5743 in
2440 5673 2597 5738 δόξαν
2632 5685 2684 5727 et
2722 5674 3043 5742 παραίνεσιν
3069 5674 3119 5743 in
3149 5673 3445 5743 παρῄνεσε.
3476 5673 3577 5726 Mox
3604 5685 3703 5738 pro

2136 5742 2508 5813 ἐλεημοσύνην
2532 5743 2655 5813 legit
2682 5743 3047 5813 δικαιοσύνην.
3084 5742 3291 5799 l’OSstN.
