  <div class='ocr_page' id='page_1' title='image "/cluster/home/n/w/nwhite01/storage/ocr_20150623/78/nnc1.0046980008/678.png"; bbox 0 0 3886 6420; ppageno 0'>
   <div class='ocr_carea' id='block_1_1' title="bbox 170 385 277 450">
    <p class='ocr_par' dir='ltr' id='par_1_1' title="bbox 170 385 277 450">
     <span class='ocr_line' id='line_1_1' title="bbox 170 385 277 450; baseline -0.009 0"><span class='ocrx_word' id='word_1_1' title='bbox 170 385 277 450; x_wconf 67' lang='grc'><strong>1245</strong></span> 
     </span>
    </p>
   </div>
   <div class='ocr_carea' id='block_1_2' title="bbox 1005 381 2486 444">
    <p class='ocr_par' dir='ltr' id='par_1_2' title="bbox 1005 381 2486 444">
     <span class='ocr_line' id='line_1_2' title="bbox 1005 381 2486 444; baseline 0.001 -2"><span class='ocrx_word' id='word_1_2' title='bbox 1005 382 1538 443; x_wconf 76' lang='lat' dir='ltr'><strong>EPISTOLARUM</strong></span> <span class='ocrx_word' id='word_1_3' title='bbox 1577 382 1724 442; x_wconf 88' lang='lat' dir='ltr'><strong>LIB.</strong></span> <span class='ocrx_word' id='word_1_4' title='bbox 1765 381 1862 441; x_wconf 80' lang='lat' dir='ltr'><strong>IV.</strong></span> <span class='ocrx_word' id='word_1_5' title='bbox 1903 407 1975 419; x_wconf 92' lang='grc'><strong><em>-</em></strong></span> <span class='ocrx_word' id='word_1_6' title='bbox 2010 381 2249 442; x_wconf 87' lang='lat' dir='ltr'><strong>EPIST.</strong></span> <span class='ocrx_word' id='word_1_7' title='bbox 2288 381 2486 444; x_wconf 80' lang='lat' dir='ltr'><strong>CLXI.</strong></span> 
     </span>
    </p>
   </div>
   <div class='ocr_carea' id='block_1_3' title="bbox 3233 373 3371 440">
    <p class='ocr_par' dir='ltr' id='par_1_3' title="bbox 3233 373 3371 440">
     <span class='ocr_line' id='line_1_3' title="bbox 3233 373 3371 440; baseline 0.022 -3"><span class='ocrx_word' id='word_1_8' title='bbox 3233 373 3371 440; x_wconf 74' lang='grc'><strong>1216</strong></span> 
     </span>
    </p>
   </div>
   <div class='ocr_carea' id='block_1_4' title="bbox 167 493 1705 579">
    <p class='ocr_par' dir='ltr' id='par_1_4' title="bbox 167 496 1683 579">
     <span class='ocr_line' id='line_1_4' title="bbox 167 496 1683 579; baseline -0.003 -24"><span class='ocrx_word' id='word_1_9' title='bbox 167 509 243 579; x_wconf 72' lang='grc' dir='ltr'>νὴς</span> <span class='ocrx_word' id='word_1_10' title='bbox 264 498 412 571; x_wconf 84' lang='grc' dir='ltr'>ἀρετὴ</span> <span class='ocrx_word' id='word_1_11' title='bbox 441 497 717 551; x_wconf 82' lang='grc' dir='ltr'>ἀπόλλυσι.</span> <span class='ocrx_word' id='word_1_12' title='bbox 745 496 943 551; x_wconf 88' lang='grc' dir='ltr'>Σιωπῶ</span> <span class='ocrx_word' id='word_1_13' title='bbox 964 498 1093 570; x_wconf 89' lang='grc' dir='ltr'><strong>γάρ,</strong></span> <span class='ocrx_word' id='word_1_14' title='bbox 1123 500 1204 552; x_wconf 83' lang='grc' dir='ltr'>ὅτι</span> <span class='ocrx_word' id='word_1_15' title='bbox 1245 500 1295 551; x_wconf 87' lang='grc' dir='ltr'>οἱ</span> <span class='ocrx_word' id='word_1_16' title='bbox 1330 500 1447 569; x_wconf 81' lang='grc' dir='ltr'>μετ’</span> <span class='ocrx_word' id='word_1_17' title='bbox 1481 500 1683 551; x_wconf 77' lang='grc' dir='ltr'>ἐπιδεί-</span> 
     </span>
    </p>
   </div>
   <div class='ocr_carea' id='block_1_5' title="bbox 1796 493 3369 579">
    <p class='ocr_par' dir='ltr' id='par_1_5' title="bbox 1796 493 3369 565">
     <span class='ocr_line' id='line_1_5' title="bbox 1796 493 3369 565; baseline -0.002 -15"><span class='ocrx_word' id='word_1_18' title='bbox 1796 499 1938 551; x_wconf 80' lang='lat' dir='ltr'><strong>tlium</strong></span> <span class='ocrx_word' id='word_1_19' title='bbox 1989 499 2256 561; x_wconf 87' lang='lat' dir='ltr'><strong>trahatur,</strong></span> <span class='ocrx_word' id='word_1_20' title='bbox 2304 499 2468 551; x_wconf 89' lang='lat' dir='ltr'><strong>etiam</strong></span> <span class='ocrx_word' id='word_1_21' title='bbox 2500 497 2603 550; x_wconf 91' lang='lat' dir='ltr'><strong>hoc</strong></span> <span class='ocrx_word' id='word_1_22' title='bbox 2651 495 2825 565; x_wconf 87' lang='lat' dir='ltr'><strong>ipsum</strong></span> <span class='ocrx_word' id='word_1_23' title='bbox 2859 493 3059 563; x_wconf 81' lang='lat' dir='ltr'><strong>perdit,</strong></span> <span class='ocrx_word' id='word_1_24' title='bbox 3116 496 3256 562; x_wconf 90' lang='lat' dir='ltr'><strong>quod</strong></span> <span class='ocrx_word' id='word_1_25' title='bbox 3298 497 3369 547; x_wconf 91' lang='lat' dir='ltr'><strong>sit</strong></span> 
     </span>
    </p>
   </div>
   <div class='ocr_carea' id='block_1_6' title="bbox 167 590 1688 663">
    <p class='ocr_par' dir='ltr' id='par_1_6' title="bbox 167 590 1688 663">
     <span class='ocr_line' id='line_1_6' title="bbox 167 590 1688 663; baseline -0.004 -14"><span class='ocrx_word' id='word_1_26' title='bbox 167 598 272 663; x_wconf 84' lang='grc' dir='ltr'>ξεων</span> <span class='ocrx_word' id='word_1_27' title='bbox 307 591 582 653; x_wconf 78' lang='grc' dir='ltr'>ἐλεοῦντες,</span> <span class='ocrx_word' id='word_1_28' title='bbox 628 591 690 642; x_wconf 83' lang='grc' dir='ltr'><strong>οὐ</strong></span> <span class='ocrx_word' id='word_1_29' title='bbox 722 590 1099 661; x_wconf 76' lang='grc' dir='ltr'>καλοκάγαθία</span> <span class='ocrx_word' id='word_1_30' title='bbox 1126 592 1283 643; x_wconf 80' lang='grc' dir='ltr'>τοῦτο</span> <span class='ocrx_word' id='word_1_31' title='bbox 1304 592 1521 661; x_wconf 81' lang='grc' dir='ltr'>δρῶσιν,</span> <span class='ocrx_word' id='word_1_32' title='bbox 1552 590 1688 643; x_wconf 84' lang='grc' dir='ltr'><strong>ἀλλά</strong></span> 
     </span>
    </p>
   </div>
   <div class='ocr_carea' id='block_1_7' title="bbox 164 681 1689 753">
    <p class='ocr_par' dir='ltr' id='par_1_7' title="bbox 164 681 1689 753">
     <span class='ocr_line' id='line_1_7' title="bbox 164 681 1689 753; baseline -0.003 -15"><span class='ocrx_word' id='word_1_33' title='bbox 164 687 241 748; x_wconf 71' lang='grc' dir='ltr'>τὰς</span> <span class='ocrx_word' id='word_1_34' title='bbox 262 682 526 753; x_wconf 74' lang='grc' dir='ltr'><strong>ἀλλοτρίας</strong></span> <span class='ocrx_word' id='word_1_35' title='bbox 571 681 1009 750; x_wconf 78' lang='grc' dir='ltr'>ὲκπομπεύοντες</span> <span class='ocrx_word' id='word_1_36' title='bbox 1055 682 1361 751; x_wconf 86' lang='grc' dir='ltr'>συμφοράς.</span> <span class='ocrx_word' id='word_1_37' title='bbox 1432 682 1689 751; x_wconf 78' lang='grc' dir='ltr'>Ἐλεήμοο</span> 
     </span>
    </p>
   </div>
   <div class='ocr_carea' id='block_1_8' title="bbox 170 771 1686 844">
    <p class='ocr_par' dir='ltr' id='par_1_8' title="bbox 170 771 1686 844">
     <span class='ocr_line' id='line_1_8' title="bbox 170 771 1686 844; baseline -0.003 -15"><span class='ocrx_word' id='word_1_38' title='bbox 170 792 237 837; x_wconf 82' lang='grc' dir='ltr'><strong>νες</strong></span> <span class='ocrx_word' id='word_1_39' title='bbox 255 775 348 844; x_wconf 81' lang='grc' dir='ltr'>γὰρ</span> <span class='ocrx_word' id='word_1_40' title='bbox 372 771 644 827; x_wconf 86' lang='grc' dir='ltr'>καλεῖσθαι</span> <span class='ocrx_word' id='word_1_41' title='bbox 667 772 995 842; x_wconf 84' lang='grc' dir='ltr'><strong>γλιχόμενοι,</strong></span> <span class='ocrx_word' id='word_1_42' title='bbox 1022 772 1119 836; x_wconf 79' lang='grc' dir='ltr'>τὰς</span> <span class='ocrx_word' id='word_1_43' title='bbox 1146 772 1428 843; x_wconf 77' lang='grc' dir='ltr'><strong>ἀλλοτρίας</strong></span> <span class='ocrx_word' id='word_1_44' title='bbox 1457 772 1519 823; x_wconf 81' lang='grc' dir='ltr'><strong>οὐ</strong></span> <span class='ocrx_word' id='word_1_45' title='bbox 1548 789 1686 842; x_wconf 84' lang='grc' dir='ltr'>παρ-</span> 
     </span>
    </p>
   </div>
   <div class='ocr_carea' id='block_1_9' title="bbox 164 863 1685 934">
    <p class='ocr_par' dir='ltr' id='par_1_9' title="bbox 164 863 1685 934">
     <span class='ocr_line' id='line_1_9' title="bbox 164 863 1685 934; baseline -0.002 -16"><span class='ocrx_word' id='word_1_46' title='bbox 164 865 391 919; x_wconf 75' lang='grc' dir='ltr'>αιτοῦνται</span> <span class='ocrx_word' id='word_1_47' title='bbox 481 865 846 934; x_wconf 83' lang='grc' dir='ltr'>ὲκτραγῳδεῖν</span> <span class='ocrx_word' id='word_1_48' title='bbox 924 865 1283 933; x_wconf 76' lang='grc' dir='ltr'><strong>δυσημερίας.</strong></span> <span class='ocrx_word' id='word_1_49' title='bbox 1384 863 1457 915; x_wconf 80' lang='grc' dir='ltr'><strong>Τὸ</strong></span> <span class='ocrx_word' id='word_1_50' title='bbox 1539 863 1685 931; x_wconf 82' lang='grc' dir='ltr'>γὰρ,</span> 
     </span>
    </p>
   </div>
   <div class='ocr_carea' id='block_1_10' title="bbox 167 954 1686 1027">
    <p class='ocr_par' dir='ltr' id='par_1_10' title="bbox 167 954 1686 1027">
     <span class='ocr_line' id='line_1_10' title="bbox 167 954 1686 1027; baseline -0.004 -17"><span class='ocrx_word' id='word_1_51' title='bbox 167 956 456 1027; x_wconf 71' lang='grc' dir='ltr'>ιΛαμψάτω</span> <span class='ocrx_word' id='word_1_52' title='bbox 485 956 545 1007; x_wconf 89' lang='grc' dir='ltr'><strong>τὸ</strong></span> <span class='ocrx_word' id='word_1_53' title='bbox 574 956 689 1022; x_wconf 77' lang='grc' dir='ltr'><strong>φῶς</strong></span> <span class='ocrx_word' id='word_1_54' title='bbox 725 955 901 1023; x_wconf 84' lang='grc' dir='ltr'>ὑμῶν,</span> <span class='ocrx_word' id='word_1_55' title='bbox 955 974 973 1005; x_wconf 69' lang='grc' dir='ltr'><strong>ι</strong></span> <span class='ocrx_word' id='word_1_56' title='bbox 1009 956 1244 1023; x_wconf 79' lang='grc' dir='ltr'>εἴρηται,</span> <span class='ocrx_word' id='word_1_57' title='bbox 1281 954 1379 1022; x_wconf 81' lang='grc' dir='ltr'><strong>οὐχ</strong></span> <span class='ocrx_word' id='word_1_58' title='bbox 1426 954 1490 1005; x_wconf 78' lang='grc' dir='ltr'><strong>ἵν’</strong></span> <span class='ocrx_word' id='word_1_59' title='bbox 1528 956 1686 1023; x_wconf 79' lang='grc' dir='ltr'>ἡμεῖς</span> 
     </span>
    </p>
   </div>
   <div class='ocr_carea' id='block_1_11' title="bbox 164 1046 1682 1117">
    <p class='ocr_par' dir='ltr' id='par_1_11' title="bbox 164 1046 1682 1117">
     <span class='ocr_line' id='line_1_11' title="bbox 164 1046 1682 1117; baseline -0.003 -14"><span class='ocrx_word' id='word_1_60' title='bbox 164 1046 556 1116; x_wconf 73' lang='grc' dir='ltr'>ὶναϐρυνὼμεθα,</span> <span class='ocrx_word' id='word_1_61' title='bbox 590 1047 706 1099; x_wconf 86' lang='grc' dir='ltr'>ἀλλ’</span> <span class='ocrx_word' id='word_1_62' title='bbox 740 1048 816 1110; x_wconf 84' lang='grc' dir='ltr'>ὼς</span> <span class='ocrx_word' id='word_1_63' title='bbox 844 1047 947 1100; x_wconf 83' lang='grc' dir='ltr'>τοῦ·</span> <span class='ocrx_word' id='word_1_64' title='bbox 962 1049 1165 1114; x_wconf 78' lang='grc' dir='ltr'>ἀγαθοῦ</span> <span class='ocrx_word' id='word_1_65' title='bbox 1195 1048 1357 1117; x_wconf 75' lang='grc' dir='ltr'>ἔργου</span> <span class='ocrx_word' id='word_1_66' title='bbox 1390 1046 1682 1116; x_wconf 80' lang='grc' dir='ltr'>σιγηθῆναι</span> 
     </span>
    </p>
   </div>
   <div class='ocr_carea' id='block_1_12' title="bbox 164 1138 1684 1209">
    <p class='ocr_par' dir='ltr' id='par_1_12' title="bbox 164 1138 1684 1209">
     <span class='ocr_line' id='line_1_12' title="bbox 164 1138 1684 1209; baseline -0.003 -18"><span class='ocrx_word' id='word_1_67' title='bbox 164 1140 223 1209; x_wconf 81' lang='grc' dir='ltr'>μὴ</span> <span class='ocrx_word' id='word_1_68' title='bbox 239 1138 561 1207; x_wconf 80' lang='grc' dir='ltr'><strong>ἀνεχομένου,</strong></span> <span class='ocrx_word' id='word_1_69' title='bbox 586 1138 687 1190; x_wconf 80' lang='grc' dir='ltr'>κᾶν</span> <span class='ocrx_word' id='word_1_70' title='bbox 716 1140 765 1191; x_wconf 90' lang='grc' dir='ltr'><strong>οί</strong></span> <span class='ocrx_word' id='word_1_71' title='bbox 793 1138 1068 1199; x_wconf 77' lang='grc' dir='ltr'>ποιοῦντες</span> <span class='ocrx_word' id='word_1_72' title='bbox 1104 1140 1437 1207; x_wconf 77' lang='grc' dir='ltr'>κρύπτωσιν.</span> <span class='ocrx_word' id='word_1_73' title='bbox 1477 1138 1684 1205; x_wconf 81' lang='grc' dir='ltr'>Ὅνπερ</span> 
     </span>
    </p>
   </div>
   <div class='ocr_carea' id='block_1_13' title="bbox 162 1230 1684 1301">
    <p class='ocr_par' dir='ltr' id='par_1_13' title="bbox 162 1230 1684 1301">
     <span class='ocr_line' id='line_1_13' title="bbox 162 1230 1684 1301; baseline -0.003 -18"><span class='ocrx_word' id='word_1_74' title='bbox 162 1232 245 1299; x_wconf 72' lang='grc' dir='ltr'><strong>γὰρ</strong></span> <span class='ocrx_word' id='word_1_75' title='bbox 277 1232 458 1301; x_wconf 81' lang='grc' dir='ltr'>τρόπον</span> <span class='ocrx_word' id='word_1_76' title='bbox 482 1230 701 1299; x_wconf 80' lang='grc' dir='ltr'>λαμπάς</span> <span class='ocrx_word' id='word_1_77' title='bbox 728 1233 785 1282; x_wconf 78' lang='grc' dir='ltr'>ἐν</span> <span class='ocrx_word' id='word_1_78' title='bbox 832 1231 1076 1300; x_wconf 77' lang='grc' dir='ltr'><strong>ἀσελήνῳ</strong></span> <span class='ocrx_word' id='word_1_79' title='bbox 1102 1231 1255 1282; x_wconf 81' lang='grc' dir='ltr'>νυκτὶ</span> <span class='ocrx_word' id='word_1_80' title='bbox 1302 1232 1550 1298; x_wconf 73' lang='grc' dir='ltr'>φανεῖσα,</span> <span class='ocrx_word' id='word_1_81' title='bbox 1584 1230 1684 1280; x_wconf 81' lang='grc' dir='ltr'>αὑ-</span> 
     </span>
    </p>
   </div>
   <div class='ocr_carea' id='block_1_14' title="bbox 161 1321 1686 1393">
    <p class='ocr_par' dir='ltr' id='par_1_14' title="bbox 161 1321 1686 1393">
     <span class='ocr_line' id='line_1_14' title="bbox 161 1321 1686 1393; baseline -0.001 -19"><span class='ocrx_word' id='word_1_82' title='bbox 161 1321 369 1391; x_wconf 82' lang='grc' dir='ltr'>τομάτως</span> <span class='ocrx_word' id='word_1_83' title='bbox 388 1322 481 1385; x_wconf 84' lang='grc' dir='ltr'><strong>τάς</strong></span> <span class='ocrx_word' id='word_1_84' title='bbox 506 1322 660 1390; x_wconf 77' lang='grc' dir='ltr'>ὄψεις</span> <span class='ocrx_word' id='word_1_85' title='bbox 684 1323 977 1389; x_wconf 82' lang='grc' dir='ltr'>ἐπάγεται·</span> <span class='ocrx_word' id='word_1_86' title='bbox 1008 1323 1151 1375; x_wconf 70' lang='grc' dir='ltr'>οὕτω</span> <span class='ocrx_word' id='word_1_87' title='bbox 1183 1322 1276 1375; x_wconf 75' lang='grc' dir='ltr'>καὶ</span> <span class='ocrx_word' id='word_1_88' title='bbox 1303 1325 1335 1393; x_wconf 85' lang='grc' dir='ltr'>ἡ</span> <span class='ocrx_word' id='word_1_89' title='bbox 1373 1322 1540 1393; x_wconf 82' lang='grc' dir='ltr'>ἀρετὴ</span> <span class='ocrx_word' id='word_1_90' title='bbox 1592 1322 1686 1373; x_wconf 68' lang='grc' dir='ltr'>καὶ</span> 
     </span>
    </p>
   </div>
   <div class='ocr_carea' id='block_1_15' title="bbox 162 1412 1682 1483">
    <p class='ocr_par' dir='ltr' id='par_1_15' title="bbox 162 1412 1682 1483">
     <span class='ocr_line' id='line_1_15' title="bbox 162 1412 1682 1483; baseline -0.001 -17"><span class='ocrx_word' id='word_1_91' title='bbox 162 1413 362 1466; x_wconf 83' lang='grc' dir='ltr'>ἀκόντων</span> <span class='ocrx_word' id='word_1_92' title='bbox 389 1413 495 1464; x_wconf 82' lang='grc' dir='ltr'><strong>τῶν</strong></span> <span class='ocrx_word' id='word_1_93' title='bbox 525 1414 879 1483; x_wconf 78' lang='grc' dir='ltr'><strong>κεκτημένων</strong></span> <span class='ocrx_word' id='word_1_94' title='bbox 905 1413 1111 1475; x_wconf 82' lang='grc' dir='ltr'>πάντας</span> <span class='ocrx_word' id='word_1_95' title='bbox 1142 1412 1400 1480; x_wconf 76' lang='grc' dir='ltr'>φωτίζειν</span> <span class='ocrx_word' id='word_1_96' title='bbox 1419 1413 1682 1481; x_wconf 73' lang='grc' dir='ltr'>πέφυκεν.</span> 
     </span>
    </p>
   </div>
   <div class='ocr_carea' id='block_1_16' title="bbox 362 1692 1439 1766">
    <p class='ocr_par' dir='ltr' id='par_1_16' title="bbox 362 1692 1439 1766">
     <span class='ocr_line' id='line_1_16' title="bbox 362 1692 1439 1766; baseline 0.003 -20"><span class='ocrx_word' id='word_1_97' title='bbox 362 1692 475 1747; x_wconf 79' lang='grc' dir='ltr'><strong>ΡΞ’.</strong></span> <span class='ocrx_word' id='word_1_98' title='bbox 520 1726 588 1734; x_wconf 94' lang='grc'><strong>-</strong></span> <span class='ocrx_word' id='word_1_99' title='bbox 617 1694 942 1765; x_wconf 79' lang='grc' dir='ltr'><strong>ΘΕΟΔΟΣῙῼ</strong></span> <span class='ocrx_word' id='word_1_100' title='bbox 972 1696 1439 1766; x_wconf 75' lang='grc' dir='ltr'><strong>ΠΡΕΣΒΥΤΕΡῼ.</strong></span> 
     </span>
    </p>
   </div>
   <div class='ocr_carea' id='block_1_17' title="bbox 165 1779 1685 1849">
    <p class='ocr_par' dir='ltr' id='par_1_17' title="bbox 165 1779 1685 1849">
     <span class='ocr_line' id='line_1_17' title="bbox 165 1779 1685 1849; baseline 0.004 -18"><span class='ocrx_word' id='word_1_101' title='bbox 165 1779 336 1833; x_wconf 78' lang='grc' dir='ltr'>Τίέστι</span> <span class='ocrx_word' id='word_1_102' title='bbox 359 1797 371 1809; x_wconf 90' lang='grc'><strong>·</strong></span> <span class='ocrx_word' id='word_1_103' title='bbox 401 1799 417 1830; x_wconf 81' lang='grc' dir='ltr'><strong>ι</strong></span> <span class='ocrx_word' id='word_1_104' title='bbox 448 1782 555 1834; x_wconf 81' lang='grc' dir='ltr'><strong>Καὶ</strong></span> <span class='ocrx_word' id='word_1_105' title='bbox 581 1781 874 1834; x_wconf 62' lang='grc' dir='ltr'>ἐπεσπάσω</span> <span class='ocrx_word' id='word_1_106' title='bbox 909 1782 976 1844; x_wconf 82' lang='grc' dir='ltr'><strong>ἐξ</strong></span> <span class='ocrx_word' id='word_1_107' title='bbox 1012 1783 1210 1835; x_wconf 79' lang='grc' dir='ltr'>αὐτῶν</span> <span class='ocrx_word' id='word_1_108' title='bbox 1232 1783 1486 1849; x_wconf 72' lang='grc' dir='ltr'>καρδίαν</span> <span class='ocrx_word' id='word_1_109' title='bbox 1537 1786 1685 1838; x_wconf 76' lang='grc' dir='ltr'>λιθί-</span> 
     </span>
    </p>
   </div>
   <div class='ocr_carea' id='block_1_18' title="bbox 211 1851 1609 1920">
    <p class='ocr_par' dir='ltr' id='par_1_18' title="bbox 211 1851 1609 1920">
     <span class='ocr_line' id='line_1_18' title="bbox 211 1851 1609 1920; baseline 0.005 -20"><span class='ocrx_word' id='word_1_110' title='bbox 211 1866 329 1916; x_wconf 72' lang='grc' dir='ltr'>νην,</span> <span class='ocrx_word' id='word_1_111' title='bbox 367 1851 458 1903; x_wconf 81' lang='grc' dir='ltr'><strong>καί</strong></span> <span class='ocrx_word' id='word_1_112' title='bbox 498 1851 671 1903; x_wconf 81' lang='grc' dir='ltr'>δώσω</span> <span class='ocrx_word' id='word_1_113' title='bbox 702 1851 906 1917; x_wconf 84' lang='grc' dir='ltr'>αὐτοῖς</span> <span class='ocrx_word' id='word_1_114' title='bbox 936 1853 1187 1919; x_wconf 73' lang='grc' dir='ltr'>καρδίαν</span> <span class='ocrx_word' id='word_1_115' title='bbox 1213 1854 1532 1920; x_wconf 55' lang='grc' dir='ltr'>σαρκίνηιν.</span> <span class='ocrx_word' id='word_1_116' title='bbox 1591 1876 1609 1906; x_wconf 76' lang='grc' dir='ltr'><strong>ι</strong></span> 
     </span>
    </p>
   </div>
   <div class='ocr_carea' id='block_1_19' title="bbox 209 1960 1688 2033">
    <p class='ocr_par' dir='ltr' id='par_1_19' title="bbox 209 1960 1688 2033">
     <span class='ocr_line' id='line_1_19' title="bbox 209 1960 1688 2033; baseline 0.005 -21"><span class='ocrx_word' id='word_1_117' title='bbox 209 1960 270 2012; x_wconf 74' lang='grc' dir='ltr'>Τὸ</span> <span class='ocrx_word' id='word_1_118' title='bbox 300 1961 418 2030; x_wconf 79' lang='grc' dir='ltr'>μὲν,</span> <span class='ocrx_word' id='word_1_119' title='bbox 451 1980 468 2012; x_wconf 83' lang='grc' dir='ltr'><strong>ι</strong></span> <span class='ocrx_word' id='word_1_120' title='bbox 494 1964 785 2016; x_wconf 83' lang='grc' dir='ltr'>Ἐκσπάσω</span> <span class='ocrx_word' id='word_1_121' title='bbox 816 1965 871 2030; x_wconf 78' lang='grc' dir='ltr'>ἐξ</span> <span class='ocrx_word' id='word_1_122' title='bbox 907 1966 1113 2016; x_wconf 70' lang='grc' dir='ltr'>αὐτῶν»</span> <span class='ocrx_word' id='word_1_123' title='bbox 1148 1966 1325 2033; x_wconf 76' lang='grc' dir='ltr'>(δῆλον</span> <span class='ocrx_word' id='word_1_124' title='bbox 1378 1966 1433 2018; x_wconf 79' lang='grc' dir='ltr'>δὲ</span> <span class='ocrx_word' id='word_1_125' title='bbox 1473 1966 1688 2019; x_wconf 81' lang='grc' dir='ltr'>ὅτιτῶν</span> 
     </span>
    </p>
   </div>
   <div class='ocr_carea' id='block_1_20' title="bbox 156 2044 1688 2128">
    <p class='ocr_par' dir='ltr' id='par_1_20' title="bbox 156 2044 1688 2128">
     <span class='ocr_line' id='line_1_20' title="bbox 156 2044 1688 2128; baseline 0.005 -26"><span class='ocrx_word' id='word_1_126' title='bbox 156 2052 377 2114; x_wconf 73' lang='grc' dir='ltr'>ἑκουσίως</span> <span class='ocrx_word' id='word_1_127' title='bbox 400 2055 734 2122; x_wconf 79' lang='grc' dir='ltr'>προσιόντων</span> <span class='ocrx_word' id='word_1_128' title='bbox 762 2058 828 2125; x_wconf 80' lang='grc' dir='ltr'>τῇ</span> <span class='ocrx_word' id='word_1_129' title='bbox 847 2056 967 2125; x_wconf 80' lang='grc' dir='ltr'>θείᾳ</span> <span class='ocrx_word' id='word_1_130' title='bbox 996 2056 1295 2126; x_wconf 77' lang='grc' dir='ltr'>παιδεύσει)</span> <span class='ocrx_word' id='word_1_131' title='bbox 1318 2075 1336 2107; x_wconf 79' lang='grc' dir='ltr'><strong>ι</strong></span> <span class='ocrx_word' id='word_1_132' title='bbox 1363 2057 1460 2128; x_wconf 85' lang='grc' dir='ltr'>τὴν</span> <span class='ocrx_word' id='word_1_133' title='bbox 1484 2044 1688 2125; x_wconf 83' lang='grc' dir='ltr'>λιθίνην</span> 
     </span>
    </p>
   </div>
   <div class='ocr_carea' id='block_1_21' title="bbox 156 2144 1687 2218">
    <p class='ocr_par' dir='ltr' id='par_1_21' title="bbox 156 2144 1687 2218">
     <span class='ocr_line' id='line_1_21' title="bbox 156 2144 1687 2218; baseline 0.004 -24"><span class='ocrx_word' id='word_1_134' title='bbox 156 2144 361 2213; x_wconf 78' lang='grc' dir='ltr'>καρδίαν,</span> <span class='ocrx_word' id='word_1_135' title='bbox 394 2163 411 2194; x_wconf 71' lang='grc' dir='ltr'><strong>ι</strong></span> <span class='ocrx_word' id='word_1_136' title='bbox 441 2145 541 2216; x_wconf 82' lang='grc' dir='ltr'>τὴν</span> <span class='ocrx_word' id='word_1_137' title='bbox 562 2146 889 2216; x_wconf 85' lang='grc' dir='ltr'>ἀναίσθητον</span> <span class='ocrx_word' id='word_1_138' title='bbox 918 2148 1014 2199; x_wconf 79' lang='grc' dir='ltr'>καὶ</span> <span class='ocrx_word' id='word_1_139' title='bbox 1041 2149 1346 2217; x_wconf 81' lang='grc' dir='ltr'>ἀνάλγητον</span> <span class='ocrx_word' id='word_1_140' title='bbox 1378 2149 1477 2218; x_wconf 86' lang='grc' dir='ltr'>τῆς</span> <span class='ocrx_word' id='word_1_141' title='bbox 1509 2147 1687 2217; x_wconf 70' lang='grc' dir='ltr'>ψυχῆς</span> 
     </span>
    </p>
   </div>
   <div class='ocr_carea' id='block_1_22' title="bbox 156 2236 1682 2310">
    <p class='ocr_par' dir='ltr' id='par_1_22' title="bbox 156 2236 1682 2310">
     <span class='ocr_line' id='line_1_22' title="bbox 156 2236 1682 2310; baseline 0.004 -23"><span class='ocrx_word' id='word_1_142' title='bbox 156 2236 313 2304; x_wconf 76' lang='grc' dir='ltr'>μηνύει</span> <span class='ocrx_word' id='word_1_143' title='bbox 332 2236 457 2301; x_wconf 76' lang='grc' dir='ltr'>ἕξιν,</span> <span class='ocrx_word' id='word_1_144' title='bbox 481 2238 582 2308; x_wconf 82' lang='grc' dir='ltr'>τὴν</span> <span class='ocrx_word' id='word_1_145' title='bbox 603 2240 715 2301; x_wconf 88' lang='grc' dir='ltr'>τοῖς</span> <span class='ocrx_word' id='word_1_146' title='bbox 747 2238 911 2303; x_wconf 80' lang='grc' dir='ltr'>θείοις</span> <span class='ocrx_word' id='word_1_147' title='bbox 941 2240 1413 2309; x_wconf 84' lang='grc' dir='ltr'>ἀντιπράττουσαν</span> <span class='ocrx_word' id='word_1_148' title='bbox 1461 2241 1647 2310; x_wconf 86' lang='grc' dir='ltr'>νόμοις</span> <span class='ocrx_word' id='word_1_149' title='bbox 1665 2256 1682 2271; x_wconf 85' lang='grc'>⁶</span> 
     </span>
    </p>
   </div>
   <div class='ocr_carea' id='block_1_23' title="bbox 151 2326 1687 2405">
    <p class='ocr_par' dir='ltr' id='par_1_23' title="bbox 151 2326 1687 2405">
     <span class='ocr_line' id='line_1_23' title="bbox 151 2326 1687 2405; baseline 0.005 -27"><span class='ocrx_word' id='word_1_150' title='bbox 151 2328 198 2378; x_wconf 78' lang='grc' dir='ltr'>τὸ</span> <span class='ocrx_word' id='word_1_151' title='bbox 225 2326 301 2392; x_wconf 84' lang='grc' dir='ltr'>δὲ,</span> <span class='ocrx_word' id='word_1_152' title='bbox 333 2345 350 2378; x_wconf 84' lang='grc' dir='ltr'><strong>ι</strong></span> <span class='ocrx_word' id='word_1_153' title='bbox 390 2329 496 2381; x_wconf 74' lang='grc' dir='ltr'>Καὶ</span> <span class='ocrx_word' id='word_1_154' title='bbox 522 2329 679 2381; x_wconf 82' lang='grc' dir='ltr'>δώσω</span> <span class='ocrx_word' id='word_1_155' title='bbox 708 2330 891 2393; x_wconf 85' lang='grc' dir='ltr'>αὐτοῖς</span> <span class='ocrx_word' id='word_1_156' title='bbox 927 2330 1157 2401; x_wconf 75' lang='grc' dir='ltr'>καρδίαν</span> <span class='ocrx_word' id='word_1_157' title='bbox 1186 2332 1477 2401; x_wconf 84' lang='grc' dir='ltr'>σαρκίνην,</span> <span class='ocrx_word' id='word_1_158' title='bbox 1521 2351 1540 2383; x_wconf 83' lang='grc'><strong><em>›</em></strong></span> <span class='ocrx_word' id='word_1_159' title='bbox 1586 2334 1687 2405; x_wconf 82' lang='grc' dir='ltr'><strong>τὴν</strong></span> 
     </span>
    </p>
   </div>
   <div class='ocr_carea' id='block_1_24' title="bbox 152 2416 1687 2495">
    <p class='ocr_par' dir='ltr' id='par_1_24' title="bbox 152 2416 1687 2495">
     <span class='ocr_line' id='line_1_24' title="bbox 152 2416 1687 2495; baseline 0.005 -25"><span class='ocrx_word' id='word_1_160' title='bbox 152 2416 356 2472; x_wconf 78' lang='grc' dir='ltr'>εὖεικτον</span> <span class='ocrx_word' id='word_1_161' title='bbox 383 2420 493 2491; x_wconf 77' lang='grc'>(97)</span> <span class='ocrx_word' id='word_1_162' title='bbox 524 2422 619 2474; x_wconf 75' lang='grc' dir='ltr'><strong>καὶ</strong></span> <span class='ocrx_word' id='word_1_163' title='bbox 662 2421 960 2490; x_wconf 84' lang='grc' dir='ltr'>πειθήνιον,</span> <span class='ocrx_word' id='word_1_164' title='bbox 1006 2424 1099 2475; x_wconf 74' lang='grc' dir='ltr'><strong>καὶ</strong></span> <span class='ocrx_word' id='word_1_165' title='bbox 1141 2426 1251 2487; x_wconf 88' lang='grc' dir='ltr'>τοῖς</span> <span class='ocrx_word' id='word_1_166' title='bbox 1298 2429 1687 2495; x_wconf 81' lang='grc' dir='ltr'>πνευματικοῖς</span> 
     </span>
    </p>
   </div>
   <div class='ocr_carea' id='block_1_25' title="bbox 150 2506 1687 2585">
    <p class='ocr_par' dir='ltr' id='par_1_25' title="bbox 150 2506 1687 2585">
     <span class='ocr_line' id='line_1_25' title="bbox 150 2506 1687 2585; baseline 0.005 -24"><span class='ocrx_word' id='word_1_167' title='bbox 150 2510 691 2582; x_wconf 69' lang='grc' dir='ltr'><strong>είκουτανίθε·.σμοῖς⁸</strong></span> <span class='ocrx_word' id='word_1_168' title='bbox 744 2512 802 2578; x_wconf 81' lang='grc' dir='ltr'>ἐξ</span> <span class='ocrx_word' id='word_1_169' title='bbox 848 2506 923 2566; x_wconf 85' lang='grc' dir='ltr'>ὧν</span> <span class='ocrx_word' id='word_1_170' title='bbox 974 2513 1068 2567; x_wconf 79' lang='grc' dir='ltr'><strong>καὶ</strong></span> <span class='ocrx_word' id='word_1_171' title='bbox 1119 2516 1148 2567; x_wconf 85' lang='grc' dir='ltr'><strong>ὁ</strong></span> <span class='ocrx_word' id='word_1_172' title='bbox 1199 2514 1539 2585; x_wconf 81' lang='grc' dir='ltr'>περιώνυμος</span> <span class='ocrx_word' id='word_1_173' title='bbox 1590 2518 1687 2585; x_wconf 83' lang='grc' dir='ltr'><strong>τῆς</strong></span> 
     </span>
    </p>
   </div>
   <div class='ocr_carea' id='block_1_26' title="bbox 151 2602 1687 2677">
    <p class='ocr_par' dir='ltr' id='par_1_26' title="bbox 151 2602 1687 2677">
     <span class='ocr_line' id='line_1_26' title="bbox 151 2602 1687 2677; baseline 0.004 -24"><span class='ocrx_word' id='word_1_174' title='bbox 151 2602 316 2671; x_wconf 82' lang='grc' dir='ltr'>ἀρετῆς</span> <span class='ocrx_word' id='word_1_175' title='bbox 373 2603 588 2672; x_wconf 76' lang='grc' dir='ltr'>πέφυκε</span> <span class='ocrx_word' id='word_1_176' title='bbox 648 2603 929 2657; x_wconf 85' lang='grc' dir='ltr'>τίκτεσθαι</span> <span class='ocrx_word' id='word_1_177' title='bbox 979 2606 1161 2677; x_wconf 76' lang='grc' dir='ltr'>χορός.</span> <span class='ocrx_word' id='word_1_178' title='bbox 1217 2607 1280 2659; x_wconf 83' lang='lat' dir='ltr'><strong>Ei</strong></span> <span class='ocrx_word' id='word_1_179' title='bbox 1337 2607 1394 2659; x_wconf 87' lang='grc' dir='ltr'>δὲ</span> <span class='ocrx_word' id='word_1_180' title='bbox 1456 2607 1550 2661; x_wconf 76' lang='grc' dir='ltr'>καὶ</span> <span class='ocrx_word' id='word_1_181' title='bbox 1599 2608 1687 2660; x_wconf 70' lang='grc' dir='ltr'><strong>διὰ</strong></span> 
     </span>
    </p>
   </div>
   <div class='ocr_carea' id='block_1_27' title="bbox 151 2693 1686 2767">
    <p class='ocr_par' dir='ltr' id='par_1_27' title="bbox 151 2693 1686 2767">
     <span class='ocr_line' id='line_1_27' title="bbox 151 2693 1686 2767; baseline 0.004 -22"><span class='ocrx_word' id='word_1_182' title='bbox 151 2693 578 2764; x_wconf 73' lang='grc' dir='ltr'>παραδειγμάτων</span> <span class='ocrx_word' id='word_1_183' title='bbox 617 2694 796 2765; x_wconf 86' lang='grc' dir='ltr'>βούλει</span> <span class='ocrx_word' id='word_1_184' title='bbox 850 2696 1013 2750; x_wconf 77' lang='grc' dir='ltr'>τοῦτο</span> <span class='ocrx_word' id='word_1_185' title='bbox 1065 2697 1279 2767; x_wconf 84' lang='grc' dir='ltr'>μαθεῖν,</span> <span class='ocrx_word' id='word_1_186' title='bbox 1332 2699 1538 2751; x_wconf 79' lang='grc' dir='ltr'>ἄκουε·</span> <span class='ocrx_word' id='word_1_187' title='bbox 1604 2700 1686 2751; x_wconf 82' lang='grc' dir='ltr'><strong>ὅτι</strong></span> 
     </span>
    </p>
   </div>
   <div class='ocr_carea' id='block_1_28' title="bbox 147 2779 1689 2858">
    <p class='ocr_par' dir='ltr' id='par_1_28' title="bbox 147 2779 1689 2858">
     <span class='ocr_line' id='line_1_28' title="bbox 147 2779 1689 2858; baseline 0.006 -26"><span class='ocrx_word' id='word_1_188' title='bbox 147 2779 303 2853; x_wconf 80' lang='grc' dir='ltr'>ὥσπερ</span> <span class='ocrx_word' id='word_1_189' title='bbox 330 2786 710 2854; x_wconf 75' lang='grc' dir='ltr'>γραμματικοὶ</span> <span class='ocrx_word' id='word_1_190' title='bbox 738 2788 831 2839; x_wconf 77' lang='grc' dir='ltr'><strong>καὶ</strong></span> <span class='ocrx_word' id='word_1_191' title='bbox 864 2790 1137 2856; x_wconf 81' lang='grc' dir='ltr'>σοφισταὶ,</span> <span class='ocrx_word' id='word_1_192' title='bbox 1169 2791 1294 2852; x_wconf 78' lang='grc' dir='ltr'>τοὺς</span> <span class='ocrx_word' id='word_1_193' title='bbox 1318 2790 1516 2851; x_wconf 88' lang='grc' dir='ltr'>παῖδας</span> <span class='ocrx_word' id='word_1_194' title='bbox 1538 2789 1689 2858; x_wconf 85' lang='grc' dir='ltr'>δεχό-</span> 
     </span>
    </p>
   </div>
   <div class='ocr_carea' id='block_1_29' title="bbox 149 2876 1686 2950">
    <p class='ocr_par' dir='ltr' id='par_1_29' title="bbox 149 2876 1686 2950">
     <span class='ocr_line' id='line_1_29' title="bbox 149 2876 1686 2950; baseline 0.008 -27"><span class='ocrx_word' id='word_1_195' title='bbox 149 2888 275 2940; x_wconf 80' lang='grc' dir='ltr'>μενοι</span> <span class='ocrx_word' id='word_1_196' title='bbox 305 2876 608 2943; x_wconf 75' lang='grc' dir='ltr'>ῥυπῶντας,</span> <span class='ocrx_word' id='word_1_197' title='bbox 642 2878 981 2948; x_wconf 82' lang='grc' dir='ltr'>καθάραντες</span> <span class='ocrx_word' id='word_1_198' title='bbox 1018 2882 1462 2950; x_wconf 77' lang='grc' dir='ltr'>ἀποπέμπουσιν,</span> <span class='ocrx_word' id='word_1_199' title='bbox 1492 2882 1553 2935; x_wconf 82' lang='grc' dir='ltr'><strong>οὐ</strong></span> <span class='ocrx_word' id='word_1_200' title='bbox 1585 2882 1686 2945; x_wconf 89' lang='grc' dir='ltr'><strong>τάς</strong></span> 
     </span>
    </p>
   </div>
   <div class='ocr_carea' id='block_1_30' title="bbox 146 2962 1688 3043">
    <p class='ocr_par' dir='ltr' id='par_1_30' title="bbox 146 2962 1688 3043">
     <span class='ocr_line' id='line_1_30' title="bbox 146 2962 1688 3043; baseline 0.007 -27"><span class='ocrx_word' id='word_1_201' title='bbox 146 2962 358 3031; x_wconf 77' lang='grc' dir='ltr'>γλώττας</span> <span class='ocrx_word' id='word_1_202' title='bbox 395 2969 707 3039; x_wconf 79' lang='grc' dir='ltr'>ἀνηϐὦντες</span> <span class='ocrx_word' id='word_1_203' title='bbox 759 2972 873 3039; x_wconf 85' lang='lat'><strong>(98)</strong></span> <span class='ocrx_word' id='word_1_204' title='bbox 920 2972 1002 3041; x_wconf 78' lang='grc' dir='ltr'>(οὐ</span> <span class='ocrx_word' id='word_1_205' title='bbox 1060 2971 1169 3041; x_wconf 78' lang='grc' dir='ltr'><strong>γὰρ</strong></span> <span class='ocrx_word' id='word_1_206' title='bbox 1229 2968 1339 3024; x_wconf 72' lang='grc' dir='ltr'>οἶόν</span> <span class='ocrx_word' id='word_1_207' title='bbox 1389 2973 1494 3043; x_wconf 87' lang='grc' dir='ltr'>τε),</span> <span class='ocrx_word' id='word_1_208' title='bbox 1551 2974 1688 3028; x_wconf 90' lang='grc' dir='ltr'><strong>ἀλλά</strong></span> 
     </span>
    </p>
   </div>
   <div class='ocr_carea' id='block_1_31' title="bbox 146 3053 1684 3135">
    <p class='ocr_par' dir='ltr' id='par_1_31' title="bbox 146 3053 1684 3135">
     <span class='ocr_line' id='line_1_31' title="bbox 146 3053 1684 3135; baseline 0.005 -29"><span class='ocrx_word' id='word_1_209' title='bbox 146 3053 307 3125; x_wconf 73' lang='grc' dir='ltr'>τέχνην</span> <span class='ocrx_word' id='word_1_210' title='bbox 327 3057 626 3123; x_wconf 79' lang='grc' dir='ltr'>ἐντιθέντες</span> <span class='ocrx_word' id='word_1_211' title='bbox 648 3077 663 3092; x_wconf 77' lang='grc' dir='ltr'><strong>ο</strong></span> <span class='ocrx_word' id='word_1_212' title='bbox 688 3061 809 3114; x_wconf 82' lang='grc' dir='ltr'>οὐδὲ</span> <span class='ocrx_word' id='word_1_213' title='bbox 838 3062 938 3123; x_wconf 84' lang='grc' dir='ltr'><strong>τάς</strong></span> <span class='ocrx_word' id='word_1_214' title='bbox 975 3063 1153 3132; x_wconf 71' lang='grc' dir='ltr'>ψυχὰς</span> <span class='ocrx_word' id='word_1_215' title='bbox 1184 3063 1561 3129; x_wconf 75' lang='grc' dir='ltr'>ἀλλάττοντες,</span> <span class='ocrx_word' id='word_1_216' title='bbox 1585 3064 1684 3135; x_wconf 81' lang='grc' dir='ltr'>τὴν</span> 
     </span>
    </p>
   </div>
   <div class='ocr_carea' id='block_1_32' title="bbox 1790 586 3367 657">
    <p class='ocr_par' dir='ltr' id='par_1_32' title="bbox 1790 586 3367 657">
     <span class='ocr_line' id='line_1_32' title="bbox 1790 586 3367 657; baseline -0.003 -16"><span class='ocrx_word' id='word_1_217' title='bbox 1790 591 1962 643; x_wconf 83' lang='lat' dir='ltr'><strong>virtus</strong></span> <span class='ocrx_word' id='word_1_218' title='bbox 2030 592 2264 644; x_wconf 89' lang='lat' dir='ltr'><strong>sincera.</strong></span> <span class='ocrx_word' id='word_1_219' title='bbox 2320 591 2496 644; x_wconf 85' lang='lat' dir='ltr'><strong>Taceo</strong></span> <span class='ocrx_word' id='word_1_220' title='bbox 2551 589 2720 652; x_wconf 92' lang='lat' dir='ltr'><strong>enim,</strong></span> <span class='ocrx_word' id='word_1_221' title='bbox 2766 587 2908 657; x_wconf 91' lang='lat' dir='ltr'><strong>quod</strong></span> <span class='ocrx_word' id='word_1_222' title='bbox 2965 586 3061 649; x_wconf 85' lang='lat' dir='ltr'><strong>illi,</strong></span> <span class='ocrx_word' id='word_1_223' title='bbox 3093 586 3185 655; x_wconf 86' lang='lat' dir='ltr'><strong>qui</strong></span> <span class='ocrx_word' id='word_1_224' title='bbox 3245 601 3367 638; x_wconf 86' lang='lat' dir='ltr'><strong>eum</strong></span> 
     </span>
    </p>
   </div>
   <div class='ocr_carea' id='block_1_33' title="bbox 1789 679 3371 753">
    <p class='ocr_par' dir='ltr' id='par_1_33' title="bbox 1789 679 3371 753">
     <span class='ocr_line' id='line_1_33' title="bbox 1789 679 3371 753; baseline -0.003 -18"><span class='ocrx_word' id='word_1_225' title='bbox 1789 685 2147 737; x_wconf 76' lang='lat' dir='ltr'><strong>ostentatione</strong></span> <span class='ocrx_word' id='word_1_226' title='bbox 2182 698 2347 753; x_wconf 86' lang='lat' dir='ltr'><strong>opera</strong></span> <span class='ocrx_word' id='word_1_227' title='bbox 2380 679 2769 736; x_wconf 67' lang='lat' dir='ltr'><strong>misericordiae</strong></span> <span class='ocrx_word' id='word_1_228' title='bbox 2814 688 3090 741; x_wconf 80' lang='lat' dir='ltr'><strong>exercent,</strong></span> <span class='ocrx_word' id='word_1_229' title='bbox 3122 692 3227 731; x_wconf 92' lang='lat' dir='ltr'><strong>non</strong></span> <span class='ocrx_word' id='word_1_230' title='bbox 3256 688 3371 731; x_wconf 84' lang='lat' dir='ltr'><strong>tam</strong></span> 
     </span>
    </p>
   </div>
   <div class='ocr_carea' id='block_1_34' title="bbox 1789 771 3370 839">
    <p class='ocr_par' dir='ltr' id='par_1_34' title="bbox 1789 771 3370 839">
     <span class='ocr_line' id='line_1_34' title="bbox 1789 771 3370 839; baseline 0 -16"><span class='ocrx_word' id='word_1_231' title='bbox 1789 774 2007 827; x_wconf 87' lang='lat' dir='ltr'><strong>virtutis</strong></span> <span class='ocrx_word' id='word_1_232' title='bbox 2038 790 2100 827; x_wconf 91' lang='lat' dir='ltr'><strong>ac</strong></span> <span class='ocrx_word' id='word_1_233' title='bbox 2136 775 2349 828; x_wconf 86' lang='lat' dir='ltr'><strong>honesti</strong></span> <span class='ocrx_word' id='word_1_234' title='bbox 2387 788 2571 827; x_wconf 91' lang='lat' dir='ltr'><strong>amore</strong></span> <span class='ocrx_word' id='word_1_235' title='bbox 2600 773 2654 827; x_wconf 88' lang='lat' dir='ltr'><strong>id</strong></span> <span class='ocrx_word' id='word_1_236' title='bbox 2694 772 2924 835; x_wconf 76' lang='lat' dir='ltr'><strong>faciunt,</strong></span> <span class='ocrx_word' id='word_1_237' title='bbox 2960 785 3120 839; x_wconf 91' lang='lat' dir='ltr'><strong>quam</strong></span> <span class='ocrx_word' id='word_1_238' title='bbox 3164 771 3370 824; x_wconf 88' lang='lat' dir='ltr'><strong>alienas</strong></span> 
     </span>
    </p>
   </div>
   <div class='ocr_carea' id='block_1_35' title="bbox 1790 860 3368 933">
    <p class='ocr_par' dir='ltr' id='par_1_35' title="bbox 1790 860 3368 933">
     <span class='ocr_line' id='line_1_35' title="bbox 1790 860 3368 933; baseline -0.001 -17"><span class='ocrx_word' id='word_1_239' title='bbox 1790 863 2068 933; x_wconf 79' lang='lat' dir='ltr'><strong>divulgant</strong></span> <span class='ocrx_word' id='word_1_240' title='bbox 2102 865 2463 917; x_wconf 83' lang='lat' dir='ltr'><strong>calamitates.</strong></span> <span class='ocrx_word' id='word_1_241' title='bbox 2503 864 2637 915; x_wconf 90' lang='lat' dir='ltr'><strong>Dum</strong></span> <span class='ocrx_word' id='word_1_242' title='bbox 2668 863 2811 915; x_wconf 91' lang='lat' dir='ltr'><strong>enim</strong></span> <span class='ocrx_word' id='word_1_243' title='bbox 2859 860 3239 915; x_wconf 87' lang='lat' dir='ltr'><strong>misericordes</strong></span> <span class='ocrx_word' id='word_1_244' title='bbox 3269 875 3368 914; x_wconf 78' lang='lat' dir='ltr'><strong>vo-</strong></span> 
     </span>
    </p>
   </div>
   <div class='ocr_carea' id='block_1_36' title="bbox 1790 951 3370 1021">
    <p class='ocr_par' dir='ltr' id='par_1_36' title="bbox 1790 951 3370 1021">
     <span class='ocr_line' id='line_1_36' title="bbox 1790 951 3370 1021; baseline -0.003 -16"><span class='ocrx_word' id='word_1_245' title='bbox 1790 954 1902 1006; x_wconf 81' lang='lat' dir='ltr'><strong>cari</strong></span> <span class='ocrx_word' id='word_1_246' title='bbox 1939 954 2185 1021; x_wconf 87' lang='lat' dir='ltr'><strong>cupiunt,</strong></span> <span class='ocrx_word' id='word_1_247' title='bbox 2215 954 2420 1007; x_wconf 88' lang='lat' dir='ltr'><strong>alienas</strong></span> <span class='ocrx_word' id='word_1_248' title='bbox 2454 952 2702 1005; x_wconf 85' lang='lat' dir='ltr'><strong>miserias</strong></span> <span class='ocrx_word' id='word_1_249' title='bbox 2726 951 3015 1019; x_wconf 76' lang='lat' dir='ltr'><strong>propalare</strong></span> <span class='ocrx_word' id='word_1_250' title='bbox 3043 966 3146 1003; x_wconf 88' lang='lat' dir='ltr'><strong>nun</strong></span> <span class='ocrx_word' id='word_1_251' title='bbox 3180 964 3370 1003; x_wconf 74' lang='lat' dir='ltr'><strong>veren-</strong></span> 
     </span>
    </p>
   </div>
   <div class='ocr_carea' id='block_1_37' title="bbox 1792 1042 3365 1111">
    <p class='ocr_par' dir='ltr' id='par_1_37' title="bbox 1792 1042 3365 1111">
     <span class='ocr_line' id='line_1_37' title="bbox 1792 1042 3365 1111; baseline -0.002 -15"><span class='ocrx_word' id='word_1_252' title='bbox 1792 1054 1897 1109; x_wconf 85' lang='lat' dir='ltr'><strong>tur,</strong></span> <span class='ocrx_word' id='word_1_253' title='bbox 1940 1045 2071 1097; x_wconf 88' lang='lat' dir='ltr'><strong>Illud</strong></span> <span class='ocrx_word' id='word_1_254' title='bbox 2103 1048 2269 1111; x_wconf 91' lang='lat' dir='ltr'><strong>enim,</strong></span> <span class='ocrx_word' id='word_1_255' title='bbox 2310 1064 2328 1095; x_wconf 82' lang='grc' dir='ltr'><strong>ι</strong></span> <span class='ocrx_word' id='word_1_256' title='bbox 2378 1044 2579 1097; x_wconf 86' lang='lat' dir='ltr'><strong>Luceat</strong></span> <span class='ocrx_word' id='word_1_257' title='bbox 2608 1043 2694 1095; x_wconf 79' lang='lat' dir='ltr'><strong>lux</strong></span> <span class='ocrx_word' id='word_1_258' title='bbox 2726 1054 2927 1105; x_wconf 85' lang='lat' dir='ltr'><strong>vestra,</strong></span> <span class='ocrx_word' id='word_1_259' title='bbox 2978 1061 2997 1094; x_wconf 69' lang='grc' dir='ltr'><strong>ι</strong></span> <span class='ocrx_word' id='word_1_260' title='bbox 3028 1042 3227 1095; x_wconf 89' lang='lat' dir='ltr'><strong>dictum</strong></span> <span class='ocrx_word' id='word_1_261' title='bbox 3256 1053 3365 1106; x_wconf 89' lang='lat' dir='ltr'><strong>est,</strong></span> 
     </span>
    </p>
   </div>
   <div class='ocr_carea' id='block_1_38' title="bbox 1792 1134 3369 1204">
    <p class='ocr_par' dir='ltr' id='par_1_38' title="bbox 1792 1134 3369 1204">
     <span class='ocr_line' id='line_1_38' title="bbox 1792 1134 3369 1204; baseline -0.001 -16"><span class='ocrx_word' id='word_1_262' title='bbox 1792 1152 1895 1188; x_wconf 91' lang='lat' dir='ltr'><strong>non</strong></span> <span class='ocrx_word' id='word_1_263' title='bbox 1929 1146 1987 1187; x_wconf 92' lang='lat' dir='ltr'><strong>ut</strong></span> <span class='ocrx_word' id='word_1_264' title='bbox 2012 1138 2376 1204; x_wconf 85' lang='lat' dir='ltr'><strong>nosmetipsos</strong></span> <span class='ocrx_word' id='word_1_265' title='bbox 2417 1135 2705 1202; x_wconf 83' lang='lat' dir='ltr'><strong>jactemns,</strong></span> <span class='ocrx_word' id='word_1_266' title='bbox 2740 1134 2833 1188; x_wconf 87' lang='lat' dir='ltr'><strong>sed</strong></span> <span class='ocrx_word' id='word_1_267' title='bbox 2864 1134 2989 1203; x_wconf 85' lang='lat' dir='ltr'><strong>quia</strong></span> <span class='ocrx_word' id='word_1_268' title='bbox 3017 1135 3210 1187; x_wconf 92' lang='lat' dir='ltr'><strong>bonum</strong></span> <span class='ocrx_word' id='word_1_269' title='bbox 3234 1148 3369 1202; x_wconf 82' lang='lat' dir='ltr'><strong>Opus</strong></span> 
     </span>
    </p>
   </div>
   <div class='ocr_carea' id='block_1_39' title="bbox 1792 1223 3367 1295">
    <p class='ocr_par' dir='ltr' id='par_1_39' title="bbox 1792 1223 3367 1295">
     <span class='ocr_line' id='line_1_39' title="bbox 1792 1223 3367 1295; baseline -0.003 -16"><span class='ocrx_word' id='word_1_270' title='bbox 1792 1227 1958 1280; x_wconf 86' lang='lat' dir='ltr'><strong>taceri</strong></span> <span class='ocrx_word' id='word_1_271' title='bbox 2014 1242 2073 1281; x_wconf 92' lang='lat' dir='ltr'><strong>se</strong></span> <span class='ocrx_word' id='word_1_272' title='bbox 2111 1243 2213 1280; x_wconf 91' lang='lat' dir='ltr'><strong>non</strong></span> <span class='ocrx_word' id='word_1_273' title='bbox 2250 1229 2504 1295; x_wconf 87' lang='lat' dir='ltr'><strong>patiatur,</strong></span> <span class='ocrx_word' id='word_1_274' title='bbox 2565 1226 2774 1279; x_wconf 87' lang='lat' dir='ltr'><strong>etiamsi</strong></span> <span class='ocrx_word' id='word_1_275' title='bbox 2810 1227 2860 1279; x_wconf 91' lang='lat' dir='ltr'><strong>id</strong></span> <span class='ocrx_word' id='word_1_276' title='bbox 2908 1224 3174 1278; x_wconf 86' lang='lat' dir='ltr'><strong>occultent</strong></span> <span class='ocrx_word' id='word_1_277' title='bbox 3216 1223 3251 1277; x_wconf 92' lang='lat' dir='ltr'><strong>ii</strong></span> <span class='ocrx_word' id='word_1_278' title='bbox 3276 1223 3367 1291; x_wconf 91' lang='lat' dir='ltr'><strong>qui</strong></span> 
     </span>
    </p>
   </div>
   <div class='ocr_carea' id='block_1_40' title="bbox 1789 1315 3368 1386">
    <p class='ocr_par' dir='ltr' id='par_1_40' title="bbox 1789 1315 3368 1386">
     <span class='ocr_line' id='line_1_40' title="bbox 1789 1315 3368 1386; baseline -0.004 -15"><span class='ocrx_word' id='word_1_279' title='bbox 1789 1320 2019 1374; x_wconf 72' lang='lat' dir='ltr'><strong>faciunt.</strong></span> <span class='ocrx_word' id='word_1_280' title='bbox 2064 1320 2526 1386; x_wconf 83' lang='lat' dir='ltr'><strong>Quemadmodum</strong></span> <span class='ocrx_word' id='word_1_281' title='bbox 2581 1318 2723 1371; x_wconf 90' lang='lat' dir='ltr'><strong>enim</strong></span> <span class='ocrx_word' id='word_1_282' title='bbox 2783 1316 2869 1369; x_wconf 77' lang='lat' dir='ltr'><strong>fax</strong></span> <span class='ocrx_word' id='word_1_283' title='bbox 2917 1317 2970 1368; x_wconf 91' lang='lat' dir='ltr'><strong>in</strong></span> <span class='ocrx_word' id='word_1_284' title='bbox 3023 1315 3171 1368; x_wconf 87' lang='lat' dir='ltr'><strong>illttni</strong></span> <span class='ocrx_word' id='word_1_285' title='bbox 3209 1326 3368 1368; x_wconf 89' lang='lat' dir='ltr'><strong>nocte</strong></span> 
     </span>
    </p>
   </div>
   <div class='ocr_carea' id='block_1_41' title="bbox 1790 1406 3366 1480">
    <p class='ocr_par' dir='ltr' id='par_1_41' title="bbox 1790 1406 3366 1480">
     <span class='ocr_line' id='line_1_41' title="bbox 1790 1406 3366 1480; baseline -0.005 -15"><span class='ocrx_word' id='word_1_286' title='bbox 1790 1426 2079 1480; x_wconf 82' lang='lat' dir='ltr'><strong>apparens,</strong></span> <span class='ocrx_word' id='word_1_287' title='bbox 2116 1427 2212 1465; x_wconf 83' lang='lat' dir='ltr'><strong>sua</strong></span> <span class='ocrx_word' id='word_1_288' title='bbox 2258 1422 2449 1480; x_wconf 83' lang='lat' dir='ltr'><strong>sponte</strong></span> <span class='ocrx_word' id='word_1_289' title='bbox 2503 1410 2688 1463; x_wconf 88' lang='lat' dir='ltr'><strong>oculos</strong></span> <span class='ocrx_word' id='word_1_290' title='bbox 2724 1410 2788 1460; x_wconf 93' lang='lat' dir='ltr'><strong>ad</strong></span> <span class='ocrx_word' id='word_1_291' title='bbox 2828 1424 2883 1462; x_wconf 91' lang='lat' dir='ltr'><strong>se</strong></span> <span class='ocrx_word' id='word_1_292' title='bbox 2928 1409 3097 1461; x_wconf 86' lang='lat' dir='ltr'><strong>allicit</strong></span> <span class='ocrx_word' id='word_1_293' title='bbox 3147 1425 3160 1460; x_wconf 91' lang='lat'><strong>:</strong></span> <span class='ocrx_word' id='word_1_294' title='bbox 3206 1406 3284 1459; x_wconf 92' lang='lat' dir='ltr'><strong>sic</strong></span> <span class='ocrx_word' id='word_1_295' title='bbox 3312 1414 3366 1457; x_wconf 89' lang='lat' dir='ltr'><strong>et</strong></span> 
     </span>
    </p>
   </div>
   <div class='ocr_carea' id='block_1_42' title="bbox 1790 1500 3367 1572">
    <p class='ocr_par' dir='ltr' id='par_1_42' title="bbox 1790 1500 3367 1572">
     <span class='ocr_line' id='line_1_42' title="bbox 1790 1500 3367 1572; baseline -0.003 -20"><span class='ocrx_word' id='word_1_296' title='bbox 1790 1505 1962 1556; x_wconf 81' lang='lat' dir='ltr'><strong>virtus</strong></span> <span class='ocrx_word' id='word_1_297' title='bbox 1986 1505 2233 1572; x_wconf 80' lang='lat' dir='ltr'><strong>quamvis</strong></span> <span class='ocrx_word' id='word_1_298' title='bbox 2270 1503 2453 1556; x_wconf 83' lang='lat' dir='ltr'><strong>invitis</strong></span> <span class='ocrx_word' id='word_1_299' title='bbox 2489 1516 2553 1555; x_wconf 88' lang='lat' dir='ltr'><strong>ac</strong></span> <span class='ocrx_word' id='word_1_300' title='bbox 2590 1500 2903 1553; x_wconf 81' lang='lat' dir='ltr'><strong>uolentibus</strong></span> <span class='ocrx_word' id='word_1_301' title='bbox 2946 1502 3057 1553; x_wconf 90' lang='lat' dir='ltr'><strong>suis</strong></span> <span class='ocrx_word' id='word_1_302' title='bbox 3094 1512 3367 1566; x_wconf 81' lang='lat' dir='ltr'><strong>possesso-</strong></span> 
     </span>
    </p>
   </div>
   <div class='ocr_carea' id='block_1_43' title="bbox 1791 1593 3365 1658">
    <p class='ocr_par' dir='ltr' id='par_1_43' title="bbox 1791 1593 3365 1658">
     <span class='ocr_line' id='line_1_43' title="bbox 1791 1593 3365 1658; baseline -0.005 -11"><span class='ocrx_word' id='word_1_303' title='bbox 1791 1596 1937 1647; x_wconf 87' lang='lat' dir='ltr'><strong>ribus</strong></span> <span class='ocrx_word' id='word_1_304' title='bbox 1971 1609 2159 1647; x_wconf 84' lang='lat' dir='ltr'><strong>omnes</strong></span> <span class='ocrx_word' id='word_1_305' title='bbox 2191 1594 2432 1647; x_wconf 79' lang='lat' dir='ltr'><strong>homines</strong></span> <span class='ocrx_word' id='word_1_306' title='bbox 2475 1593 2783 1645; x_wconf 88' lang='lat' dir='ltr'><strong>illuminare</strong></span> <span class='ocrx_word' id='word_1_307' title='bbox 2834 1601 2956 1658; x_wconf 82' lang='lat' dir='ltr'><strong>apta</strong></span> <span class='ocrx_word' id='word_1_308' title='bbox 2999 1599 3051 1641; x_wconf 91' lang='lat' dir='ltr'><strong>et</strong></span> <span class='ocrx_word' id='word_1_309' title='bbox 3097 1599 3222 1641; x_wconf 87' lang='lat' dir='ltr'><strong>nata</strong></span> <span class='ocrx_word' id='word_1_310' title='bbox 3262 1599 3365 1639; x_wconf 88' lang='lat' dir='ltr'><strong>est.</strong></span> 
     </span>
    </p>
   </div>
   <div class='ocr_carea' id='block_1_44' title="bbox 1966 1700 3192 1761">
    <p class='ocr_par' dir='ltr' id='par_1_44' title="bbox 1966 1700 3192 1761">
     <span class='ocr_line' id='line_1_44' title="bbox 1966 1700 3192 1761; baseline -0.004 -2"><span class='ocrx_word' id='word_1_311' title='bbox 1966 1705 2126 1759; x_wconf 83' lang='lat' dir='ltr'><strong>CLX.</strong></span> <span class='ocrx_word' id='word_1_312' title='bbox 2156 1736 2225 1747; x_wconf 87' lang='lat'><strong>—-</strong></span> <span class='ocrx_word' id='word_1_313' title='bbox 2266 1704 2669 1761; x_wconf 87' lang='lat' dir='ltr'><strong>TllEODOSlO</strong></span> <span class='ocrx_word' id='word_1_314' title='bbox 2714 1700 3192 1757; x_wconf 74' lang='lat' dir='ltr'><strong>PRESBYTERO.</strong></span> 
     </span>
    </p>
   </div>
   <div class='ocr_carea' id='block_1_45' title="bbox 1792 1793 3363 1862">
    <p class='ocr_par' dir='ltr' id='par_1_45' title="bbox 1792 1793 3363 1862">
     <span class='ocr_line' id='line_1_45' title="bbox 1792 1793 3363 1862; baseline -0.002 -16"><span class='ocrx_word' id='word_1_315' title='bbox 1792 1794 1930 1859; x_wconf 83' lang='lat' dir='ltr'><strong>Quid</strong></span> <span class='ocrx_word' id='word_1_316' title='bbox 1956 1798 2021 1849; x_wconf 78' lang='lat' dir='ltr'><strong>sit</strong></span> <span class='ocrx_word' id='word_1_317' title='bbox 2058 1798 2190 1849; x_wconf 85' lang='lat' dir='ltr'><strong>illud</strong></span> <span class='ocrx_word' id='word_1_318' title='bbox 2227 1814 2244 1850; x_wconf 93' lang='lat'><em>:</em></span> <span class='ocrx_word' id='word_1_319' title='bbox 2285 1816 2302 1847; x_wconf 83' lang='grc' dir='ltr'><strong>ι</strong></span> <span class='ocrx_word' id='word_1_320' title='bbox 2342 1798 2407 1849; x_wconf 77' lang='lat' dir='ltr'><strong>Et</strong></span> <span class='ocrx_word' id='word_1_321' title='bbox 2439 1798 2682 1862; x_wconf 55' lang='lat' dir='ltr'><strong>auferam</strong></span> <span class='ocrx_word' id='word_1_322' title='bbox 2710 1796 2771 1847; x_wconf 88' lang='lat' dir='ltr'><strong>ab</strong></span> <span class='ocrx_word' id='word_1_323' title='bbox 2803 1796 2929 1861; x_wconf 76' lang='lat' dir='ltr'><strong>ipsis</strong></span> <span class='ocrx_word' id='word_1_324' title='bbox 2959 1810 3049 1846; x_wconf 86' lang='lat' dir='ltr'><strong>cor</strong></span> <span class='ocrx_word' id='word_1_325' title='bbox 3082 1793 3363 1861; x_wconf 72' lang='lat' dir='ltr'><strong>lapideum,</strong></span> 
     </span>
    </p>
   </div>
   <div class='ocr_carea' id='block_1_46' title="bbox 2114 1863 3035 1933">
    <p class='ocr_par' dir='ltr' id='par_1_46' title="bbox 2114 1863 3035 1933">
     <span class='ocr_line' id='line_1_46' title="bbox 2114 1863 3035 1933; baseline -0.005 -14"><span class='ocrx_word' id='word_1_326' title='bbox 2114 1878 2162 1919; x_wconf 81' lang='lat' dir='ltr'><strong>et</strong></span> <span class='ocrx_word' id='word_1_327' title='bbox 2194 1870 2327 1920; x_wconf 85' lang='lat' dir='ltr'><strong>dabo</strong></span> <span class='ocrx_word' id='word_1_328' title='bbox 2357 1869 2481 1933; x_wconf 77' lang='lat' dir='ltr'><strong>ipsis</strong></span> <span class='ocrx_word' id='word_1_329' title='bbox 2513 1884 2604 1919; x_wconf 86' lang='lat' dir='ltr'><strong>cor</strong></span> <span class='ocrx_word' id='word_1_330' title='bbox 2640 1882 2887 1918; x_wconf 77' lang='lat' dir='ltr'><strong>corneum</strong></span> <span class='ocrx_word' id='word_1_331' title='bbox 2912 1863 2979 1916; x_wconf 73' lang='grc'><strong>⁸⁸.</strong></span> <span class='ocrx_word' id='word_1_332' title='bbox 3018 1883 3035 1914; x_wconf 75' lang='grc' dir='ltr'><strong>ι</strong></span> 
     </span>
    </p>
   </div>
   <div class='ocr_carea' id='block_1_47' title="bbox 1869 1976 3360 2048">
    <p class='ocr_par' dir='ltr' id='par_1_47' title="bbox 1869 1976 3360 2048">
     <span class='ocr_line' id='line_1_47' title="bbox 1869 1976 3360 2048; baseline -0.003 -15"><span class='ocrx_word' id='word_1_333' title='bbox 1869 1979 2078 2034; x_wconf 88' lang='lat' dir='ltr'><strong>Dictum</strong></span> <span class='ocrx_word' id='word_1_334' title='bbox 2106 1980 2234 2034; x_wconf 89' lang='lat' dir='ltr'><strong>illud</strong></span> <span class='ocrx_word' id='word_1_335' title='bbox 2264 1997 2276 2031; x_wconf 93' lang='lat'>:</span> <span class='ocrx_word' id='word_1_336' title='bbox 2315 1998 2332 2030; x_wconf 77' lang='grc' dir='ltr'><strong>ι</strong></span> <span class='ocrx_word' id='word_1_337' title='bbox 2369 1980 2626 2035; x_wconf 82' lang='lat' dir='ltr'><strong>Auferam</strong></span> <span class='ocrx_word' id='word_1_338' title='bbox 2672 1982 2740 2033; x_wconf 90' lang='lat' dir='ltr'><strong>ab</strong></span> <span class='ocrx_word' id='word_1_339' title='bbox 2788 1978 2918 2048; x_wconf 90' lang='lat' dir='ltr'><strong>ipsis</strong></span> <span class='ocrx_word' id='word_1_340' title='bbox 2943 1977 3238 2047; x_wconf 70' lang='lat' dir='ltr'><strong>(videlicet,</strong></span> <span class='ocrx_word' id='word_1_341' title='bbox 3268 1976 3360 2041; x_wconf 84' lang='grc' dir='ltr'>ιιιιὶ</span> 
     </span>
    </p>
   </div>
   <div class='ocr_carea' id='block_1_48' title="bbox 1788 2071 3365 2139">
    <p class='ocr_par' dir='ltr' id='par_1_48' title="bbox 1788 2071 3365 2139">
     <span class='ocr_line' id='line_1_48' title="bbox 1788 2071 3365 2139; baseline -0.005 -12"><span class='ocrx_word' id='word_1_342' title='bbox 1788 2074 1985 2127; x_wconf 78' lang='lat' dir='ltr'><strong>divina:</strong></span> <span class='ocrx_word' id='word_1_343' title='bbox 2013 2071 2340 2125; x_wconf 86' lang='lat' dir='ltr'><strong>institutioni</strong></span> <span class='ocrx_word' id='word_1_344' title='bbox 2372 2080 2567 2137; x_wconf 88' lang='lat' dir='ltr'><strong>sponte</strong></span> <span class='ocrx_word' id='word_1_345' title='bbox 2590 2072 2989 2139; x_wconf 87' lang='lat' dir='ltr'><strong>obsequuntur,</strong></span> <span class='ocrx_word' id='word_1_346' title='bbox 3022 2077 3245 2135; x_wconf 78' lang='lat' dir='ltr'><strong>seseque</strong></span> <span class='ocrx_word' id='word_1_347' title='bbox 3276 2082 3365 2119; x_wconf 89' lang='lat' dir='ltr'><strong>ac-</strong></span> 
     </span>
    </p>
   </div>
   <div class='ocr_carea' id='block_1_49' title="bbox 1788 2161 3369 2231">
    <p class='ocr_par' dir='ltr' id='par_1_49' title="bbox 1788 2161 3369 2231">
     <span class='ocr_line' id='line_1_49' title="bbox 1788 2161 3369 2231; baseline -0.003 -15"><span class='ocrx_word' id='word_1_348' title='bbox 1788 2162 2154 2231; x_wconf 86' lang='lat' dir='ltr'><strong>commodant)</strong></span> <span class='ocrx_word' id='word_1_349' title='bbox 2179 2177 2275 2215; x_wconf 88' lang='lat' dir='ltr'><strong>cnr</strong></span> <span class='ocrx_word' id='word_1_350' title='bbox 2302 2164 2592 2230; x_wconf 85' lang='lat' dir='ltr'><strong>lapideum.</strong></span> <span class='ocrx_word' id='word_1_351' title='bbox 2634 2181 2650 2212; x_wconf 85' lang='lat'><strong>)</strong></span> <span class='ocrx_word' id='word_1_352' title='bbox 2683 2162 2883 2213; x_wconf 83' lang='lat' dir='ltr'><strong>iudicat</strong></span> <span class='ocrx_word' id='word_1_353' title='bbox 2911 2161 3149 2212; x_wconf 87' lang='lat' dir='ltr'><strong>habitum</strong></span> <span class='ocrx_word' id='word_1_354' title='bbox 3176 2161 3369 2211; x_wconf 69' lang='lat' dir='ltr'><strong>animm</strong></span> 
     </span>
    </p>
   </div>
   <div class='ocr_carea' id='block_1_50' title="bbox 1788 2248 3370 2321">
    <p class='ocr_par' dir='ltr' id='par_1_50' title="bbox 1788 2248 3370 2321">
     <span class='ocr_line' id='line_1_50' title="bbox 1788 2248 3370 2321; baseline -0.006 -12"><span class='ocrx_word' id='word_1_355' title='bbox 1788 2268 1981 2309; x_wconf 86' lang='lat' dir='ltr'><strong>sensus</strong></span> <span class='ocrx_word' id='word_1_356' title='bbox 2016 2267 2080 2307; x_wconf 87' lang='lat' dir='ltr'><strong>ac</strong></span> <span class='ocrx_word' id='word_1_357' title='bbox 2113 2252 2320 2306; x_wconf 84' lang='lat' dir='ltr'><strong>doloris</strong></span> <span class='ocrx_word' id='word_1_358' title='bbox 2357 2253 2537 2306; x_wconf 91' lang='lat' dir='ltr'><strong>omnis</strong></span> <span class='ocrx_word' id='word_1_359' title='bbox 2562 2261 2860 2321; x_wconf 75' lang='lat' dir='ltr'><strong>expertem,</strong></span> <span class='ocrx_word' id='word_1_360' title='bbox 2893 2250 3157 2319; x_wconf 83' lang='lat' dir='ltr'><strong>planeque</strong></span> <span class='ocrx_word' id='word_1_361' title='bbox 3199 2248 3370 2316; x_wconf 84' lang='lat' dir='ltr'><strong>stupi-</strong></span> 
     </span>
    </p>
   </div>
   <div class='ocr_carea' id='block_1_51' title="bbox 1787 2339 3366 2412">
    <p class='ocr_par' dir='ltr' id='par_1_51' title="bbox 1787 2339 3366 2412">
     <span class='ocr_line' id='line_1_51' title="bbox 1787 2339 3366 2412; baseline -0.004 -15"><span class='ocrx_word' id='word_1_362' title='bbox 1787 2343 1938 2408; x_wconf 81' lang='lat' dir='ltr'><strong>dum,</strong></span> <span class='ocrx_word' id='word_1_363' title='bbox 1974 2351 2029 2397; x_wconf 86' lang='lat' dir='ltr'><strong>et</strong></span> <span class='ocrx_word' id='word_1_364' title='bbox 2062 2343 2262 2397; x_wconf 76' lang='lat' dir='ltr'><strong>divinis</strong></span> <span class='ocrx_word' id='word_1_365' title='bbox 2299 2343 2503 2411; x_wconf 82' lang='lat' dir='ltr'><strong>legibus</strong></span> <span class='ocrx_word' id='word_1_366' title='bbox 2544 2351 2951 2412; x_wconf 77' lang='lat' dir='ltr'><strong>repugnantem.</strong></span> <span class='ocrx_word' id='word_1_367' title='bbox 2995 2339 3149 2406; x_wconf 86' lang='lat' dir='ltr'><strong>Quod</strong></span> <span class='ocrx_word' id='word_1_368' title='bbox 3188 2350 3366 2393; x_wconf 84' lang='lat' dir='ltr'><strong>autem</strong></span> 
     </span>
    </p>
   </div>
   <div class='ocr_carea' id='block_1_52' title="bbox 1787 2431 3368 2504">
    <p class='ocr_par' dir='ltr' id='par_1_52' title="bbox 1787 2431 3368 2504">
     <span class='ocr_line' id='line_1_52' title="bbox 1787 2431 3368 2504; baseline -0.003 -16"><span class='ocrx_word' id='word_1_369' title='bbox 1787 2434 2076 2504; x_wconf 84' lang='lat' dir='ltr'><strong>sequitur:</strong></span> <span class='ocrx_word' id='word_1_370' title='bbox 2122 2452 2141 2485; x_wconf 77' lang='grc' dir='ltr'><strong>ι</strong></span> <span class='ocrx_word' id='word_1_371' title='bbox 2177 2434 2243 2487; x_wconf 81' lang='lat' dir='ltr'><strong>Et</strong></span> <span class='ocrx_word' id='word_1_372' title='bbox 2270 2436 2407 2487; x_wconf 90' lang='lat' dir='ltr'><strong>dabo</strong></span> <span class='ocrx_word' id='word_1_373' title='bbox 2456 2434 2586 2502; x_wconf 90' lang='lat' dir='ltr'><strong>ipsis</strong></span> <span class='ocrx_word' id='word_1_374' title='bbox 2619 2450 2715 2487; x_wconf 91' lang='lat' dir='ltr'><strong>cor</strong></span> <span class='ocrx_word' id='word_1_375' title='bbox 2762 2449 3042 2497; x_wconf 90' lang='lat' dir='ltr'><strong>carneum,</strong></span> <span class='ocrx_word' id='word_1_376' title='bbox 3089 2452 3107 2483; x_wconf 68' lang='grc' dir='ltr'><strong>ι</strong></span> <span class='ocrx_word' id='word_1_377' title='bbox 3162 2431 3368 2501; x_wconf 83' lang='lat' dir='ltr'><strong>signiﬁ-</strong></span> 
     </span>
    </p>
   </div>
   <div class='ocr_carea' id='block_1_53' title="bbox 1787 2525 3371 2594">
    <p class='ocr_par' dir='ltr' id='par_1_53' title="bbox 1787 2525 3371 2594">
     <span class='ocr_line' id='line_1_53' title="bbox 1787 2525 3371 2594; baseline -0.002 -14"><span class='ocrx_word' id='word_1_378' title='bbox 1787 2537 1875 2580; x_wconf 89' lang='lat' dir='ltr'><strong>cat</strong></span> <span class='ocrx_word' id='word_1_379' title='bbox 1908 2526 2152 2579; x_wconf 85' lang='lat' dir='ltr'><strong>habitum</strong></span> <span class='ocrx_word' id='word_1_380' title='bbox 2183 2527 2351 2579; x_wconf 86' lang='lat' dir='ltr'><strong>animi</strong></span> <span class='ocrx_word' id='word_1_381' title='bbox 2385 2525 2545 2581; x_wconf 80' lang='lat' dir='ltr'><strong>facile</strong></span> <span class='ocrx_word' id='word_1_382' title='bbox 2589 2528 2865 2581; x_wconf 86' lang='lat' dir='ltr'><strong>cedentem</strong></span> <span class='ocrx_word' id='word_1_383' title='bbox 2893 2537 3055 2594; x_wconf 89' lang='lat' dir='ltr'><strong>atque</strong></span> <span class='ocrx_word' id='word_1_384' title='bbox 3076 2525 3371 2594; x_wconf 86' lang='lat' dir='ltr'><strong>obsequen-</strong></span> 
     </span>
    </p>
   </div>
   <div class='ocr_carea' id='block_1_54' title="bbox 1790 2613 3364 2684">
    <p class='ocr_par' dir='ltr' id='par_1_54' title="bbox 1790 2613 3364 2684">
     <span class='ocr_line' id='line_1_54' title="bbox 1790 2613 3364 2684; baseline -0.003 -16"><span class='ocrx_word' id='word_1_385' title='bbox 1790 2626 1893 2669; x_wconf 89' lang='lat' dir='ltr'><strong>tem</strong></span> <span class='ocrx_word' id='word_1_386' title='bbox 1915 2654 1931 2679; x_wconf 90' lang='lat'><strong>,</strong></span> <span class='ocrx_word' id='word_1_387' title='bbox 1960 2624 2013 2667; x_wconf 91' lang='lat' dir='ltr'><strong>et</strong></span> <span class='ocrx_word' id='word_1_388' title='bbox 2042 2614 2415 2684; x_wconf 89' lang='lat' dir='ltr'><strong>spiritualibus</strong></span> <span class='ocrx_word' id='word_1_389' title='bbox 2439 2614 2809 2667; x_wconf 81' lang='lat' dir='ltr'><strong>sanctionibus</strong></span> <span class='ocrx_word' id='word_1_390' title='bbox 2832 2629 2891 2667; x_wconf 92' lang='lat' dir='ltr'><strong>se</strong></span> <span class='ocrx_word' id='word_1_391' title='bbox 2914 2613 3315 2667; x_wconf 81' lang='lat' dir='ltr'><strong>submittcntetu</strong></span> <span class='ocrx_word' id='word_1_392' title='bbox 3350 2628 3364 2663; x_wconf 93' lang='lat'>:</span> 
     </span>
    </p>
   </div>
   <div class='ocr_carea' id='block_1_55' title="bbox 1787 2704 3367 2773">
    <p class='ocr_par' dir='ltr' id='par_1_55' title="bbox 1787 2704 3367 2773">
     <span class='ocr_line' id='line_1_55' title="bbox 1787 2704 3367 2773; baseline -0.002 -15"><span class='ocrx_word' id='word_1_393' title='bbox 1787 2706 1929 2759; x_wconf 92' lang='lat' dir='ltr'><strong>unde</strong></span> <span class='ocrx_word' id='word_1_394' title='bbox 1950 2704 2115 2760; x_wconf 90' lang='lat' dir='ltr'><strong>etiam</strong></span> <span class='ocrx_word' id='word_1_395' title='bbox 2147 2706 2377 2759; x_wconf 68' lang='lat' dir='ltr'><strong>celebris</strong></span> <span class='ocrx_word' id='word_1_396' title='bbox 2421 2706 2507 2759; x_wconf 90' lang='lat' dir='ltr'><strong>ille</strong></span> <span class='ocrx_word' id='word_1_397' title='bbox 2551 2705 2769 2758; x_wconf 87' lang='lat' dir='ltr'><strong>virtutis</strong></span> <span class='ocrx_word' id='word_1_398' title='bbox 2793 2705 2992 2757; x_wconf 88' lang='lat' dir='ltr'><strong>chorus</strong></span> <span class='ocrx_word' id='word_1_399' title='bbox 3025 2704 3169 2773; x_wconf 82' lang='lat' dir='ltr'><strong>gigni</strong></span> <span class='ocrx_word' id='word_1_400' title='bbox 3211 2704 3367 2755; x_wconf 86' lang='lat' dir='ltr'><strong>solet.</strong></span> 
     </span>
    </p>
   </div>
   <div class='ocr_carea' id='block_1_56' title="bbox 1786 2793 3369 2864">
    <p class='ocr_par' dir='ltr' id='par_1_56' title="bbox 1786 2793 3369 2864">
     <span class='ocr_line' id='line_1_56' title="bbox 1786 2793 3369 2864; baseline -0.002 -17"><span class='ocrx_word' id='word_1_401' title='bbox 1786 2794 1939 2861; x_wconf 84' lang='lat' dir='ltr'><strong>Quod</strong></span> <span class='ocrx_word' id='word_1_402' title='bbox 1977 2797 2020 2848; x_wconf 92' lang='lat' dir='ltr'><strong>si</strong></span> <span class='ocrx_word' id='word_1_403' title='bbox 2076 2810 2174 2863; x_wconf 87' lang='lat' dir='ltr'><strong>per</strong></span> <span class='ocrx_word' id='word_1_404' title='bbox 2212 2796 2457 2864; x_wconf 79' lang='lat' dir='ltr'><strong>exempla</strong></span> <span class='ocrx_word' id='word_1_405' title='bbox 2528 2810 2749 2864; x_wconf 81' lang='lat' dir='ltr'><strong>quoque</strong></span> <span class='ocrx_word' id='word_1_406' title='bbox 2782 2795 2882 2848; x_wconf 91' lang='lat' dir='ltr'><strong>hoc</strong></span> <span class='ocrx_word' id='word_1_407' title='bbox 2933 2794 3142 2847; x_wconf 84' lang='lat' dir='ltr'><strong>discere</strong></span> <span class='ocrx_word' id='word_1_408' title='bbox 3193 2793 3369 2859; x_wconf 89' lang='lat' dir='ltr'><strong>cupis,</strong></span> 
     </span>
    </p>
   </div>
   <div class='ocr_carea' id='block_1_57' title="bbox 1787 2884 3371 2957">
    <p class='ocr_par' dir='ltr' id='par_1_57' title="bbox 1787 2884 3371 2957">
     <span class='ocr_line' id='line_1_57' title="bbox 1787 2884 3371 2957; baseline -0.004 -17"><span class='ocrx_word' id='word_1_409' title='bbox 1787 2887 2059 2941; x_wconf 86' lang='lat' dir='ltr'><strong>ausculta.</strong></span> <span class='ocrx_word' id='word_1_410' title='bbox 2107 2886 2573 2952; x_wconf 75' lang='lat' dir='ltr'><strong>Quemadmodum</strong></span> <span class='ocrx_word' id='word_1_411' title='bbox 2628 2885 2965 2957; x_wconf 86' lang='lat' dir='ltr'><strong>grammatici</strong></span> <span class='ocrx_word' id='word_1_412' title='bbox 3018 2894 3071 2938; x_wconf 88' lang='lat' dir='ltr'><strong>et</strong></span> <span class='ocrx_word' id='word_1_413' title='bbox 3114 2884 3371 2952; x_wconf 68' lang='lat' dir='ltr'><strong>SOphistm</strong></span> 
     </span>
    </p>
   </div>
   <div class='ocr_carea' id='block_1_58' title="bbox 1789 2975 3367 3048">
    <p class='ocr_par' dir='ltr' id='par_1_58' title="bbox 1789 2975 3367 3048">
     <span class='ocr_line' id='line_1_58' title="bbox 1789 2975 3367 3048; baseline -0.003 -19"><span class='ocrx_word' id='word_1_414' title='bbox 1789 2994 2016 3045; x_wconf 90' lang='lat' dir='ltr'><strong>pueros,</strong></span> <span class='ocrx_word' id='word_1_415' title='bbox 2062 2995 2199 3047; x_wconf 88' lang='lat' dir='ltr'><strong>quos</strong></span> <span class='ocrx_word' id='word_1_416' title='bbox 2238 2979 2488 3032; x_wconf 85' lang='lat' dir='ltr'><strong>sordidus</strong></span> <span class='ocrx_word' id='word_1_417' title='bbox 2537 2986 2869 3048; x_wconf 79' lang='lat' dir='ltr'><strong>acceperunt</strong></span> <span class='ocrx_word' id='word_1_418' title='bbox 2919 2978 2969 3030; x_wconf 91' lang='lat' dir='ltr'><strong>in</strong></span> <span class='ocrx_word' id='word_1_419' title='bbox 3004 2975 3367 3043; x_wconf 89' lang='lat' dir='ltr'><strong>disciplinam,</strong></span> 
     </span>
    </p>
   </div>
   <div class='ocr_carea' id='block_1_59' title="bbox 1793 3064 3369 3137">
    <p class='ocr_par' dir='ltr' id='par_1_59' title="bbox 1793 3064 3369 3137">
     <span class='ocr_line' id='line_1_59' title="bbox 1793 3064 3369 3137; baseline -0.004 -16"><span class='ocrx_word' id='word_1_420' title='bbox 1793 3068 2079 3121; x_wconf 86' lang='lat' dir='ltr'><strong>mundatos</strong></span> <span class='ocrx_word' id='word_1_421' title='bbox 2103 3070 2404 3129; x_wconf 86' lang='lat' dir='ltr'><strong>remittunt,</strong></span> <span class='ocrx_word' id='word_1_422' title='bbox 2433 3084 2539 3121; x_wconf 91' lang='lat' dir='ltr'><strong>nou</strong></span> <span class='ocrx_word' id='word_1_423' title='bbox 2566 3069 2785 3137; x_wconf 86' lang='lat' dir='ltr'><strong>quidem</strong></span> <span class='ocrx_word' id='word_1_424' title='bbox 2816 3066 3025 3137; x_wconf 86' lang='lat' dir='ltr'><strong>linguas</strong></span> <span class='ocrx_word' id='word_1_425' title='bbox 3056 3080 3243 3119; x_wconf 90' lang='lat' dir='ltr'><strong>eorum</strong></span> <span class='ocrx_word' id='word_1_426' title='bbox 3270 3064 3369 3117; x_wconf 88' lang='lat' dir='ltr'><strong>ite-</strong></span> 
     </span>
    </p>
   </div>
   <div class='ocr_carea' id='block_1_60' title="bbox 145 3144 1705 3235">
    <p class='ocr_par' dir='ltr' id='par_1_60' title="bbox 145 3144 1686 3226">
     <span class='ocr_line' id='line_1_60' title="bbox 145 3144 1686 3226; baseline 0.008 -29"><span class='ocrx_word' id='word_1_427' title='bbox 145 3144 189 3197; x_wconf 81' lang='grc' dir='ltr'>δὲ</span> <span class='ocrx_word' id='word_1_428' title='bbox 218 3147 470 3218; x_wconf 74' lang='grc' dir='ltr'>ρᾳθυμίαν</span> <span class='ocrx_word' id='word_1_429' title='bbox 496 3152 900 3221; x_wconf 46' lang='grc' dir='ltr'>,ἐκϐάλλοντερ</span> <span class='ocrx_word' id='word_1_430' title='bbox 944 3153 1089 3206; x_wconf 74' lang='grc' dir='ltr'>οὓτω</span> <span class='ocrx_word' id='word_1_431' title='bbox 1125 3155 1220 3207; x_wconf 72' lang='grc' dir='ltr'><strong>καὶ</strong></span> <span class='ocrx_word' id='word_1_432' title='bbox 1275 3158 1308 3226; x_wconf 80' lang='grc' dir='ltr'>ἡ</span> <span class='ocrx_word' id='word_1_433' title='bbox 1352 3155 1471 3209; x_wconf 88' lang='grc' dir='ltr'>θεία</span> <span class='ocrx_word' id='word_1_434' title='bbox 1527 3159 1686 3225; x_wconf 84' lang='grc' dir='ltr'>σοφία</span> 
     </span>
    </p>
   </div>
   <div class='ocr_carea' id='block_1_61' title="bbox 1796 3144 3371 3235">
    <p class='ocr_par' dir='ltr' id='par_1_61' title="bbox 1796 3156 3371 3229">
     <span class='ocr_line' id='line_1_61' title="bbox 1796 3156 3371 3229; baseline -0.003 -17"><span class='ocrx_word' id='word_1_435' title='bbox 1796 3175 1912 3213; x_wconf 88' lang='lat' dir='ltr'><strong>rum</strong></span> <span class='ocrx_word' id='word_1_436' title='bbox 1946 3158 2304 3229; x_wconf 81' lang='lat' dir='ltr'><strong>juvenesce’re</strong></span> <span class='ocrx_word' id='word_1_437' title='bbox 2337 3158 2599 3213; x_wconf 82' lang='lat' dir='ltr'><strong>facientes</strong></span> <span class='ocrx_word' id='word_1_438' title='bbox 2640 3158 2835 3229; x_wconf 85' lang='lat' dir='ltr'><strong>(neque</strong></span> <span class='ocrx_word' id='word_1_439' title='bbox 2864 3157 3007 3210; x_wconf 92' lang='lat' dir='ltr'><strong>enim</strong></span> <span class='ocrx_word' id='word_1_440' title='bbox 3044 3157 3095 3209; x_wconf 89' lang='lat' dir='ltr'><strong>id</strong></span> <span class='ocrx_word' id='word_1_441' title='bbox 3130 3156 3244 3209; x_wconf 85' lang='lat' dir='ltr'><strong>ﬁeri</strong></span> <span class='ocrx_word' id='word_1_442' title='bbox 3278 3169 3371 3221; x_wconf 89' lang='lat' dir='ltr'><strong>po—</strong></span> 
     </span>
    </p>
   </div>
   <div class='ocr_carea' id='block_1_62' title="bbox 145 3238 1684 3315">
    <p class='ocr_par' dir='ltr' id='par_1_62' title="bbox 145 3238 1684 3315">
     <span class='ocr_line' id='line_1_62' title="bbox 145 3238 1684 3315; baseline 0.008 -25"><span class='ocrx_word' id='word_1_443' title='bbox 145 3238 225 3308; x_wconf 76' lang='grc' dir='ltr'><strong>τὴν</strong></span> <span class='ocrx_word' id='word_1_444' title='bbox 249 3244 435 3297; x_wconf 87' lang='grc' dir='ltr'>κακίαν</span> <span class='ocrx_word' id='word_1_445' title='bbox 459 3244 557 3297; x_wconf 74' lang='grc' dir='ltr'><strong>καὶ</strong></span> <span class='ocrx_word' id='word_1_446' title='bbox 578 3245 674 3315; x_wconf 77' lang='grc' dir='ltr'><strong>τὴν</strong></span> <span class='ocrx_word' id='word_1_447' title='bbox 701 3246 924 3313; x_wconf 79' lang='grc' dir='ltr'>ἄγνοιαν</span> <span class='ocrx_word' id='word_1_448' title='bbox 949 3245 1431 3315; x_wconf 78' lang='grc' dir='ltr'>ἐξοστρακίζουσα,</span> <span class='ocrx_word' id='word_1_449' title='bbox 1466 3248 1684 3303; x_wconf 81' lang='grc' dir='ltr'>σύνεσιν</span> 
     </span>
    </p>
   </div>
   <div class='ocr_carea' id='block_1_63' title="bbox 145 3332 871 3406">
    <p class='ocr_par' dir='ltr' id='par_1_63' title="bbox 145 3332 871 3406">
     <span class='ocr_line' id='line_1_63' title="bbox 145 3332 871 3406; baseline 0.011 -25"><span class='ocrx_word' id='word_1_450' title='bbox 145 3332 220 3383; x_wconf 74' lang='grc' dir='ltr'><strong>καὶ</strong></span> <span class='ocrx_word' id='word_1_451' title='bbox 241 3332 542 3406; x_wconf 80' lang='grc' dir='ltr'>ἐπιστήμην</span> <span class='ocrx_word' id='word_1_452' title='bbox 577 3336 871 3406; x_wconf 82' lang='grc' dir='ltr'>ἐντίθησιν.</span> 
     </span>
    </p>
   </div>
   <div class='ocr_carea' id='block_1_64' title="bbox 145 3423 734 3483">
    <p class='ocr_par' dir='ltr' id='par_1_64' title="bbox 145 3423 734 3483">
     <span class='ocr_line' id='line_1_64' title="bbox 145 3423 734 3483; baseline 0.014 -10"><span class='ocrx_word' id='word_1_453' title='bbox 145 3423 261 3478; x_wconf 78' lang='lat' dir='ltr'><strong>riam</strong></span> <span class='ocrx_word' id='word_1_454' title='bbox 303 3430 734 3483; x_wconf 84' lang='lat' dir='ltr'><strong>exterminantes</strong></span> 
     </span>
    </p>
   </div>
   <div class='ocr_carea' id='block_1_65' title="bbox 1794 3248 3371 3320">
    <p class='ocr_par' dir='ltr' id='par_1_65' title="bbox 1794 3248 3371 3320">
     <span class='ocr_line' id='line_1_65' title="bbox 1794 3248 3371 3320; baseline -0.004 -15"><span class='ocrx_word' id='word_1_455' title='bbox 1794 3261 1897 3305; x_wconf 83' lang='lat' dir='ltr'><strong>test</strong></span> <span class='ocrx_word' id='word_1_456' title='bbox 1936 3265 2032 3316; x_wconf 87' lang='lat' dir='ltr'><strong>per</strong></span> <span class='ocrx_word' id='word_1_457' title='bbox 2066 3266 2251 3305; x_wconf 82' lang='lat' dir='ltr'><strong>rerum</strong></span> <span class='ocrx_word' id='word_1_458' title='bbox 2294 3251 2591 3320; x_wconf 91' lang='lat' dir='ltr'><strong>naturam),</strong></span> <span class='ocrx_word' id='word_1_459' title='bbox 2641 3250 2735 3304; x_wconf 88' lang='lat' dir='ltr'><strong>sed</strong></span> <span class='ocrx_word' id='word_1_460' title='bbox 2773 3259 2944 3302; x_wconf 90' lang='lat' dir='ltr'><strong>artem</strong></span> <span class='ocrx_word' id='word_1_461' title='bbox 2970 3248 3101 3316; x_wconf 91' lang='lat' dir='ltr'><strong>ipsis</strong></span> <span class='ocrx_word' id='word_1_462' title='bbox 3126 3248 3371 3300; x_wconf 90' lang='lat' dir='ltr'><strong>inseren-</strong></span> 
     </span>
    </p>
   </div>
   <div class='ocr_carea' id='block_1_66' title="bbox 1790 3336 3374 3411">
    <p class='ocr_par' dir='ltr' id='par_1_66' title="bbox 1790 3336 3374 3411">
     <span class='ocr_line' id='line_1_66' title="bbox 1790 3336 3374 3411; baseline -0.004 -14"><span class='ocrx_word' id='word_1_463' title='bbox 1790 3354 1870 3397; x_wconf 90' lang='lat' dir='ltr'><strong>tes</strong></span> <span class='ocrx_word' id='word_1_464' title='bbox 1908 3362 1921 3397; x_wconf 89' lang='lat'>:</span> <span class='ocrx_word' id='word_1_465' title='bbox 1962 3357 2137 3411; x_wconf 89' lang='lat' dir='ltr'><strong>neque</strong></span> <span class='ocrx_word' id='word_1_466' title='bbox 2186 3344 2398 3397; x_wconf 87' lang='lat' dir='ltr'><strong>animas</strong></span> <span class='ocrx_word' id='word_1_467' title='bbox 2446 3356 2636 3396; x_wconf 87' lang='lat' dir='ltr'><strong>eorum</strong></span> <span class='ocrx_word' id='word_1_468' title='bbox 2675 3342 3051 3399; x_wconf 85' lang='lat' dir='ltr'><strong>immutantes.</strong></span> <span class='ocrx_word' id='word_1_469' title='bbox 3090 3336 3183 3392; x_wconf 89' lang='lat' dir='ltr'><strong>sed</strong></span> <span class='ocrx_word' id='word_1_470' title='bbox 3222 3340 3374 3407; x_wconf 84' lang='lat' dir='ltr'><strong>igna-</strong></span> 
     </span>
    </p>
   </div>
   <div class='ocr_carea' id='block_1_67' title="bbox 788 3430 3376 3508">
    <p class='ocr_par' dir='ltr' id='par_1_67' title="bbox 788 3430 3376 3508">
     <span class='ocr_line' id='line_1_67' title="bbox 788 3430 3376 3508; baseline 0.002 -24"><span class='ocrx_word' id='word_1_471' title='bbox 788 3448 802 3484; x_wconf 89' lang='lat'><strong>:</strong></span> <span class='ocrx_word' id='word_1_472' title='bbox 846 3430 921 3484; x_wconf 89' lang='lat' dir='ltr'><strong>ita</strong></span> <span class='ocrx_word' id='word_1_473' title='bbox 975 3431 1141 3485; x_wconf 90' lang='lat' dir='ltr'><strong>etiam</strong></span> <span class='ocrx_word' id='word_1_474' title='bbox 1185 3432 1369 3485; x_wconf 85' lang='lat' dir='ltr'><strong>divina</strong></span> <span class='ocrx_word' id='word_1_475' title='bbox 1464 3435 1727 3503; x_wconf 87' lang='lat' dir='ltr'><strong>sapientia</strong></span> <span class='ocrx_word' id='word_1_476' title='bbox 1805 3437 2205 3503; x_wconf 89' lang='lat' dir='ltr'><strong>improbitatem</strong></span> <span class='ocrx_word' id='word_1_477' title='bbox 2266 3437 2735 3508; x_wconf 83' lang='lat' dir='ltr'><strong>ignorantiatnque</strong></span> <span class='ocrx_word' id='word_1_478' title='bbox 2788 3435 3062 3504; x_wconf 78' lang='lat' dir='ltr'><strong>expellens</strong></span> <span class='ocrx_word' id='word_1_479' title='bbox 3120 3443 3174 3489; x_wconf 87' lang='lat' dir='ltr'><strong>et</strong></span> <span class='ocrx_word' id='word_1_480' title='bbox 3228 3434 3376 3490; x_wconf 82' lang='lat' dir='ltr'><strong>velut</strong></span> 
     </span>
    </p>
   </div>
   <div class='ocr_carea' id='block_1_68' title="bbox 143 3518 2136 3589">
    <p class='ocr_par' dir='ltr' id='par_1_68' title="bbox 143 3518 2136 3589">
     <span class='ocr_line' id='line_1_68' title="bbox 143 3518 2136 3589; baseline 0.006 -20"><span class='ocrx_word' id='word_1_481' title='bbox 143 3518 305 3571; x_wconf 71' lang='lat' dir='ltr'><strong>exsilio</strong></span> <span class='ocrx_word' id='word_1_482' title='bbox 334 3518 622 3583; x_wconf 87' lang='lat' dir='ltr'><strong>damnans,</strong></span> <span class='ocrx_word' id='word_1_483' title='bbox 653 3520 1067 3589; x_wconf 76' lang='lat' dir='ltr'><strong>intelligentiam</strong></span> <span class='ocrx_word' id='word_1_484' title='bbox 1092 3530 1145 3575; x_wconf 91' lang='lat' dir='ltr'><strong>et</strong></span> <span class='ocrx_word' id='word_1_485' title='bbox 1171 3523 1452 3577; x_wconf 89' lang='lat' dir='ltr'><strong>scientiam</strong></span> <span class='ocrx_word' id='word_1_486' title='bbox 1484 3526 1535 3578; x_wconf 93' lang='lat' dir='ltr'><strong>in</strong></span> <span class='ocrx_word' id='word_1_487' title='bbox 1571 3528 1781 3579; x_wconf 86' lang='lat' dir='ltr'><strong>animos</strong></span> <span class='ocrx_word' id='word_1_488' title='bbox 1819 3526 2136 3580; x_wconf 88' lang='lat' dir='ltr'><strong>introducit.</strong></span> 
     </span>
    </p>
   </div>
   <div class='ocr_carea' id='block_1_69' title="bbox 289 3628 1511 3701">
    <p class='ocr_par' dir='ltr' id='par_1_69' title="bbox 289 3628 1511 3701">
     <span class='ocr_line' id='line_1_69' title="bbox 289 3628 1511 3701; baseline 0.004 -20"><span class='ocrx_word' id='word_1_489' title='bbox 289 3628 449 3683; x_wconf 73' lang='lat' dir='ltr'><strong>PEA&#39;.</strong></span> <span class='ocrx_word' id='word_1_490' title='bbox 468 3659 540 3670; x_wconf 91' lang='lat'><strong>—-</strong></span> <span class='ocrx_word' id='word_1_491' title='bbox 556 3629 993 3699; x_wconf 81' lang='grc' dir='ltr'><strong>ΑΡΤΕΜΙΔΩΡῼ</strong></span> <span class='ocrx_word' id='word_1_492' title='bbox 1034 3629 1511 3701; x_wconf 82' lang='grc' dir='ltr'><strong>ΠΡΕΣΒΥΤΕΡῼ.</strong></span> 
     </span>
    </p>
   </div>
   <div class='ocr_carea' id='block_1_70' title="bbox 1941 3636 3232 3696">
    <p class='ocr_par' dir='ltr' id='par_1_70' title="bbox 1941 3636 3232 3696">
     <span class='ocr_line' id='line_1_70' title="bbox 1941 3636 3232 3696; baseline 0.002 -4"><span class='ocrx_word' id='word_1_493' title='bbox 1941 3636 2121 3692; x_wconf 78' lang='lat' dir='ltr'><strong>CLXI.</strong></span> <span class='ocrx_word' id='word_1_494' title='bbox 2150 3670 2221 3680; x_wconf 94' lang='lat'><strong><em>—</em></strong></span> <span class='ocrx_word' id='word_1_495' title='bbox 2256 3638 2707 3696; x_wconf 78' lang='lat' dir='ltr'><strong>ARTEMIDORO</strong></span> <span class='ocrx_word' id='word_1_496' title='bbox 2751 3640 3232 3696; x_wconf 81' lang='lat' dir='ltr'><strong>PRESBYTERO.</strong></span> 
     </span>
    </p>
   </div>
   <div class='ocr_carea' id='block_1_71' title="bbox 142 3718 1705 3801">
    <p class='ocr_par' dir='ltr' id='par_1_71' title="bbox 142 3718 1692 3801">
     <span class='ocr_line' id='line_1_71' title="bbox 142 3718 1692 3801; baseline 0.002 -29"><span class='ocrx_word' id='word_1_497' title='bbox 142 3718 332 3801; x_wconf 56' lang='grc' dir='ltr'>ιιίςτὸ,</span> <span class='ocrx_word' id='word_1_498' title='bbox 384 3720 710 3801; x_wconf 45' lang='grc' dir='ltr'>»κῌαρέοςτη</span> <span class='ocrx_word' id='word_1_499' title='bbox 730 3719 1450 3801; x_wconf 36' lang='grc' dir='ltr'>ξτάᾳῃρδῷηορκηάγᾳθῇςι</span> <span class='ocrx_word' id='word_1_500' title='bbox 1474 3723 1569 3801; x_wconf 62' lang='grc' dir='ltr'>καὶ</span> <span class='ocrx_word' id='word_1_501' title='bbox 1604 3724 1692 3786; x_wconf 78' lang='grc' dir='ltr'>εἰς</span> 
     </span>
    </p>
   </div>
   <div class='ocr_carea' id='block_1_72' title="bbox 1796 3718 3378 3801">
    <p class='ocr_par' dir='ltr' id='par_1_72' title="bbox 1796 3730 3378 3786">
     <span class='ocr_line' id='line_1_72' title="bbox 1796 3730 3378 3786; baseline -0.001 -2"><span class='ocrx_word' id='word_1_502' title='bbox 1796 3730 1859 3784; x_wconf 75' lang='lat' dir='ltr'><strong>In</strong></span> <span class='ocrx_word' id='word_1_503' title='bbox 1885 3732 2017 3783; x_wconf 79' lang='lat' dir='ltr'><strong>illud</strong></span> <span class='ocrx_word' id='word_1_504' title='bbox 2051 3746 2069 3784; x_wconf 91' lang='lat'><strong><em>:</em></strong></span> <span class='ocrx_word' id='word_1_505' title='bbox 2107 3750 2125 3781; x_wconf 77' lang='grc' dir='ltr'><strong>ι</strong></span> <span class='ocrx_word' id='word_1_506' title='bbox 2168 3731 2355 3784; x_wconf 78' lang='lat' dir='ltr'><strong>Astitit</strong></span> <span class='ocrx_word' id='word_1_507' title='bbox 2399 3734 2541 3785; x_wconf 82' lang='lat' dir='ltr'><strong>omni</strong></span> <span class='ocrx_word' id='word_1_508' title='bbox 2574 3735 2670 3786; x_wconf 67' lang='lat' dir='ltr'><strong>vim</strong></span> <span class='ocrx_word' id='word_1_509' title='bbox 2720 3750 2823 3785; x_wconf 88' lang='lat' dir='ltr'><strong>non</strong></span> <span class='ocrx_word' id='word_1_510' title='bbox 2860 3734 3008 3786; x_wconf 75' lang='lat' dir='ltr'><strong>bonw</strong></span> <span class='ocrx_word' id='word_1_511' title='bbox 3054 3732 3120 3785; x_wconf 83' lang='grc'><strong>⁸⁷.</strong></span> <span class='ocrx_word' id='word_1_512' title='bbox 3158 3753 3176 3784; x_wconf 75' lang='grc' dir='ltr'><strong>ι</strong></span> <span class='ocrx_word' id='word_1_513' title='bbox 3224 3731 3289 3784; x_wconf 74' lang='lat' dir='ltr'><strong>Et</strong></span> <span class='ocrx_word' id='word_1_514' title='bbox 3323 3749 3378 3784; x_wconf 82' lang='grc' dir='ltr'>ιη</span> 
     </span>
    </p>
   </div>
   <div class='ocr_carea' id='block_1_73' title="bbox 199 3789 1689 3912">
    <p class='ocr_par' dir='ltr' id='par_1_73' title="bbox 199 3789 1689 3912">
     <span class='ocr_line' id='line_1_73' title="bbox 199 3789 1689 3912; baseline 0.004 -72"><span class='ocrx_word' id='word_1_515' title='bbox 280 3830 294 3851; x_wconf 89' lang='grc'><strong>,</strong></span> <span class='ocrx_word' id='word_1_516' title='bbox 335 3808 353 3841; x_wconf 81' lang='grc' dir='ltr'><strong>ι</strong></span> <span class='ocrx_word' id='word_1_517' title='bbox 398 3792 458 3845; x_wconf 80' lang='grc' dir='ltr'><strong>Ἠ</strong></span> <span class='ocrx_word' id='word_1_518' title='bbox 476 3792 650 3859; x_wconf 64' lang='grc' dir='ltr'><strong>ψυχὴ</strong></span> <span class='ocrx_word' id='word_1_519' title='bbox 676 3790 863 3844; x_wconf 81' lang='grc' dir='ltr'>αὑτοῦ</span> <span class='ocrx_word' id='word_1_520' title='bbox 888 3792 957 3844; x_wconf 84' lang='grc' dir='ltr'><strong>ἐν</strong></span> <span class='ocrx_word' id='word_1_521' title='bbox 986 3790 1059 3846; x_wconf 76' lang='grc' dir='ltr'>τῦ</span> <span class='ocrx_word' id='word_1_522' title='bbox 1082 3789 1195 3856; x_wconf 79' lang='grc' dir='ltr'><strong>ζωῇ</strong></span> <span class='ocrx_word' id='word_1_523' title='bbox 1223 3792 1411 3845; x_wconf 78' lang='grc' dir='ltr'>αὑτοῦ</span> <span class='ocrx_word' id='word_1_524' title='bbox 1433 3793 1689 3861; x_wconf 74' lang='grc' dir='ltr'>εὐλογη-</span> 
     </span>
     <span class='ocr_line' id='line_1_74' title="bbox 232 3876 502 3912; baseline 0.011 -3"><span class='ocrx_word' id='word_1_525' title='bbox 232 3876 448 3912; x_wconf 78' lang='grc' dir='ltr'>ησεται.</span> <span class='ocrx_word' id='word_1_526' title='bbox 482 3880 502 3911; x_wconf 73' lang='grc' dir='ltr'><strong>ι</strong></span> 
     </span>
    </p>
   </div>
   <div class='ocr_carea' id='block_1_74' title="bbox 232 3876 502 3924">
    <p class='ocr_par' dir='ltr' id='par_1_74' title="bbox 232 3876 502 3924">
     <span class='ocr_line' id='line_1_75' title="bbox 232 3876 502 3924; baseline 0.007 -15"><span class='ocrx_word' id='word_1_527' title='bbox 232 3876 448 3924; x_wconf 73' lang='lat' dir='ltr'><strong>uastat.</strong></span> <span class='ocrx_word' id='word_1_528' title='bbox 482 3880 502 3911; x_wconf 72' lang='grc' dir='ltr'><strong>ι</strong></span> 
     </span>
    </p>
   </div>
   <div class='ocr_carea' id='block_1_75' title="bbox 196 3975 1688 4050">
    <p class='ocr_par' dir='ltr' id='par_1_75' title="bbox 196 3975 1688 4050">
     <span class='ocr_line' id='line_1_76' title="bbox 196 3975 1688 4050; baseline 0.003 -23"><span class='ocrx_word' id='word_1_529' title='bbox 196 3975 262 4027; x_wconf 82' lang='grc' dir='ltr'><strong>Τὸ</strong></span> <span class='ocrx_word' id='word_1_530' title='bbox 290 3976 405 4045; x_wconf 78' lang='grc' dir='ltr'>μὲν,</span> <span class='ocrx_word' id='word_1_531' title='bbox 438 3996 459 4029; x_wconf 74' lang='grc' dir='ltr'><strong>ι</strong></span> <span class='ocrx_word' id='word_1_532' title='bbox 496 3976 759 4047; x_wconf 85' lang='grc' dir='ltr'>Παρέστη</span> <span class='ocrx_word' id='word_1_533' title='bbox 794 3978 942 4048; x_wconf 84' lang='grc' dir='ltr'>πάσῃ</span> <span class='ocrx_word' id='word_1_534' title='bbox 984 3978 1089 4048; x_wconf 77' lang='grc' dir='ltr'>6δῷ</span> <span class='ocrx_word' id='word_1_535' title='bbox 1123 3979 1222 4031; x_wconf 80' lang='grc' dir='ltr'><strong>οὐκ</strong></span> <span class='ocrx_word' id='word_1_536' title='bbox 1267 3979 1467 4049; x_wconf 78' lang='grc' dir='ltr'>ἀγαθῇ,</span> <span class='ocrx_word' id='word_1_537' title='bbox 1506 3998 1525 4029; x_wconf 71' lang='grc' dir='ltr'><strong>ι</strong></span> <span class='ocrx_word' id='word_1_538' title='bbox 1558 3980 1688 4050; x_wconf 63' lang='grc' dir='ltr'>περὶ</span> 
     </span>
    </p>
   </div>
   <div class='ocr_carea' id='block_1_76' title="bbox 140 4065 1689 4141">
    <p class='ocr_par' dir='ltr' id='par_1_76' title="bbox 140 4065 1689 4141">
     <span class='ocr_line' id='line_1_77' title="bbox 140 4065 1689 4141; baseline 0.003 -22"><span class='ocrx_word' id='word_1_539' title='bbox 140 4065 436 4139; x_wconf 71' lang='grc' dir='ltr'>ἀμαρτωλοῦ</span> <span class='ocrx_word' id='word_1_540' title='bbox 462 4069 754 4139; x_wconf 77' lang='grc' dir='ltr'>εἰρημένον</span> <span class='ocrx_word' id='word_1_541' title='bbox 796 4070 1014 4139; x_wconf 84' lang='grc' dir='ltr'>ἀνδρὸς,</span> <span class='ocrx_word' id='word_1_542' title='bbox 1037 4072 1332 4141; x_wconf 72' lang='grc' dir='ltr'>ἐϐοήθησεν</span> <span class='ocrx_word' id='word_1_543' title='bbox 1367 4073 1502 4136; x_wconf 66' lang='grc' dir='ltr'>ἐστὶ,</span> <span class='ocrx_word' id='word_1_544' title='bbox 1564 4089 1689 4125; x_wconf 89' lang='grc' dir='ltr'>συν-</span> 
     </span>
    </p>
   </div>
   <div class='ocr_carea' id='block_1_77' title="bbox 140 4159 1692 4234">
    <p class='ocr_par' dir='ltr' id='par_1_77' title="bbox 140 4159 1692 4234">
     <span class='ocr_line' id='line_1_78' title="bbox 140 4159 1692 4234; baseline 0.004 -24"><span class='ocrx_word' id='word_1_545' title='bbox 140 4159 423 4231; x_wconf 75' lang='grc' dir='ltr'>ηγόρησεν,</span> <span class='ocrx_word' id='word_1_546' title='bbox 480 4161 981 4231; x_wconf 77' lang='grc' dir='ltr'>ἐδικαιολογήσατο.</span> <span class='ocrx_word' id='word_1_547' title='bbox 1038 4162 1249 4232; x_wconf 85' lang='grc' dir='ltr'>Ὥσπερ</span> <span class='ocrx_word' id='word_1_548' title='bbox 1312 4164 1424 4234; x_wconf 76' lang='grc' dir='ltr'>γὰρ</span> <span class='ocrx_word' id='word_1_549' title='bbox 1479 4163 1692 4233; x_wconf 82' lang='grc' dir='ltr'>ἄμαχος</span> 
     </span>
    </p>
   </div>
   <div class='ocr_carea' id='block_1_78' title="bbox 142 4248 1690 4323">
    <p class='ocr_par' dir='ltr' id='par_1_78' title="bbox 142 4248 1690 4323">
     <span class='ocr_line' id='line_1_79' title="bbox 142 4248 1690 4323; baseline 0.003 -23"><span class='ocrx_word' id='word_1_550' title='bbox 142 4248 300 4318; x_wconf 71' lang='grc' dir='ltr'>ῥήτωρ</span> <span class='ocrx_word' id='word_1_551' title='bbox 328 4251 436 4313; x_wconf 88' lang='grc' dir='ltr'>τοῖς</span> <span class='ocrx_word' id='word_1_552' title='bbox 475 4250 759 4313; x_wconf 74' lang='grc' dir='ltr'>δικάζουσι</span> <span class='ocrx_word' id='word_1_553' title='bbox 791 4250 1100 4321; x_wconf 81' lang='grc' dir='ltr'>παρεστὼς,</span> <span class='ocrx_word' id='word_1_554' title='bbox 1135 4253 1274 4317; x_wconf 72' lang='grc' dir='ltr'>ὑπὲρ</span> <span class='ocrx_word' id='word_1_555' title='bbox 1304 4252 1409 4304; x_wconf 79' lang='grc' dir='ltr'><strong>τῶν</strong></span> <span class='ocrx_word' id='word_1_556' title='bbox 1438 4253 1690 4323; x_wconf 84' lang='grc' dir='ltr'>βοηθείας</span> 
     </span>
    </p>
   </div>
   <div class='ocr_carea' id='block_1_79' title="bbox 140 4338 1689 4413">
    <p class='ocr_par' dir='ltr' id='par_1_79' title="bbox 140 4338 1689 4413">
     <span class='ocr_line' id='line_1_80' title="bbox 140 4338 1689 4413; baseline 0.005 -23"><span class='ocrx_word' id='word_1_557' title='bbox 140 4338 377 4410; x_wconf 78' lang='grc' dir='ltr'>δεομένων</span> <span class='ocrx_word' id='word_1_558' title='bbox 405 4343 508 4413; x_wconf 80' lang='grc' dir='ltr'>τὴν</span> <span class='ocrx_word' id='word_1_559' title='bbox 538 4342 744 4395; x_wconf 82' lang='grc' dir='ltr'>οἰκείαν</span> <span class='ocrx_word' id='word_1_560' title='bbox 796 4347 936 4396; x_wconf 88' lang='grc' dir='ltr'>κινεῖ</span> <span class='ocrx_word' id='word_1_561' title='bbox 977 4344 1174 4413; x_wconf 82' lang='grc' dir='ltr'>τέχνην</span> <span class='ocrx_word' id='word_1_562' title='bbox 1201 4362 1213 4374; x_wconf 75' lang='grc' dir='ltr'><strong><em>ο</em></strong></span> <span class='ocrx_word' id='word_1_563' title='bbox 1248 4344 1391 4396; x_wconf 74' lang='grc' dir='ltr'>οὕτω</span> <span class='ocrx_word' id='word_1_564' title='bbox 1437 4346 1689 4407; x_wconf 86' lang='grc' dir='ltr'>κάκεῖνος</span> 
     </span>
    </p>
   </div>
   <div class='ocr_carea' id='block_1_80' title="bbox 1861 3801 3301 3873">
    <p class='ocr_par' dir='ltr' id='par_1_80' title="bbox 1861 3801 3301 3873">
     <span class='ocr_line' id='line_1_81' title="bbox 1861 3801 3301 3873; baseline 0.001 -20"><span class='ocrx_word' id='word_1_565' title='bbox 1861 3802 2032 3853; x_wconf 86' lang='lat' dir='ltr'><strong>illud:</strong></span> <span class='ocrx_word' id='word_1_566' title='bbox 2058 3820 2083 3852; x_wconf 78' lang='grc' dir='ltr'><strong>ι</strong></span> <span class='ocrx_word' id='word_1_567' title='bbox 2107 3801 2300 3855; x_wconf 80' lang='lat' dir='ltr'><strong>Anima</strong></span> <span class='ocrx_word' id='word_1_568' title='bbox 2329 3801 2441 3871; x_wconf 83' lang='lat' dir='ltr'><strong>ejus</strong></span> <span class='ocrx_word' id='word_1_569' title='bbox 2466 3805 2519 3855; x_wconf 84' lang='lat' dir='ltr'><strong>iu</strong></span> <span class='ocrx_word' id='word_1_570' title='bbox 2546 3806 2651 3856; x_wconf 77' lang='lat' dir='ltr'><strong>vita</strong></span> <span class='ocrx_word' id='word_1_571' title='bbox 2687 3804 2800 3873; x_wconf 79' lang='lat' dir='ltr'><strong>ejus</strong></span> <span class='ocrx_word' id='word_1_572' title='bbox 2827 3804 3154 3856; x_wconf 79' lang='lat' dir='ltr'><strong>benedicetur</strong></span> <span class='ocrx_word' id='word_1_573' title='bbox 3178 3802 3243 3856; x_wconf 83' lang='grc'><strong>⁸⁸.</strong></span> <span class='ocrx_word' id='word_1_574' title='bbox 3282 3822 3301 3854; x_wconf 73' lang='grc' dir='ltr'><strong>ι</strong></span> 
     </span>
    </p>
   </div>
   <div class='ocr_carea' id='block_1_81' title="bbox 1853 3976 3378 4050">
    <p class='ocr_par' dir='ltr' id='par_1_81' title="bbox 1853 3976 3378 4050">
     <span class='ocr_line' id='line_1_82' title="bbox 1853 3976 3378 4050; baseline -0.005 -16"><span class='ocrx_word' id='word_1_575' title='bbox 1853 3980 1984 4034; x_wconf 78' lang='lat' dir='ltr'><strong>illud</strong></span> <span class='ocrx_word' id='word_1_576' title='bbox 2044 3980 2261 4050; x_wconf 87' lang='lat' dir='ltr'><strong>quidem</strong></span> <span class='ocrx_word' id='word_1_577' title='bbox 2308 3979 2511 4032; x_wconf 89' lang='lat' dir='ltr'><strong>dictum</strong></span> <span class='ocrx_word' id='word_1_578' title='bbox 2563 3996 2577 4032; x_wconf 91' lang='lat'>:</span> <span class='ocrx_word' id='word_1_579' title='bbox 2648 3997 2667 4028; x_wconf 78' lang='grc' dir='ltr'><strong>ι</strong></span> <span class='ocrx_word' id='word_1_580' title='bbox 2710 3979 2900 4033; x_wconf 84' lang='lat' dir='ltr'><strong>Astitit</strong></span> <span class='ocrx_word' id='word_1_581' title='bbox 2955 3980 3105 4031; x_wconf 89' lang='lat' dir='ltr'><strong>omni</strong></span> <span class='ocrx_word' id='word_1_582' title='bbox 3142 3976 3242 4029; x_wconf 70' lang='lat' dir='ltr'><strong>via:</strong></span> <span class='ocrx_word' id='word_1_583' title='bbox 3273 3991 3378 4028; x_wconf 83' lang='lat' dir='ltr'><strong>non</strong></span> 
     </span>
    </p>
   </div>
   <div class='ocr_carea' id='block_1_82' title="bbox 1800 4069 3377 4138">
    <p class='ocr_par' dir='ltr' id='par_1_82' title="bbox 1800 4069 3377 4138">
     <span class='ocr_line' id='line_1_83' title="bbox 1800 4069 3377 4138; baseline -0.003 -12"><span class='ocrx_word' id='word_1_584' title='bbox 1800 4072 1979 4137; x_wconf 73' lang='lat' dir='ltr'><strong>bonae,</strong></span> <span class='ocrx_word' id='word_1_585' title='bbox 2018 4091 2035 4123; x_wconf 75' lang='grc' dir='ltr'><strong>ι</strong></span> <span class='ocrx_word' id='word_1_586' title='bbox 2086 4072 2152 4125; x_wconf 90' lang='lat' dir='ltr'><strong>de</strong></span> <span class='ocrx_word' id='word_1_587' title='bbox 2176 4071 2395 4125; x_wconf 91' lang='lat' dir='ltr'><strong>homine</strong></span> <span class='ocrx_word' id='word_1_588' title='bbox 2429 4082 2710 4138; x_wconf 87' lang='lat' dir='ltr'><strong>peccatore</strong></span> <span class='ocrx_word' id='word_1_589' title='bbox 2742 4072 2944 4124; x_wconf 90' lang='lat' dir='ltr'><strong>dictum</strong></span> <span class='ocrx_word' id='word_1_590' title='bbox 2982 4079 3082 4132; x_wconf 88' lang='lat' dir='ltr'><strong>est,</strong></span> <span class='ocrx_word' id='word_1_591' title='bbox 3118 4069 3377 4122; x_wconf 84' lang='lat' dir='ltr'><strong>auxilium</strong></span> 
     </span>
    </p>
   </div>
   <div class='ocr_carea' id='block_1_83' title="bbox 1796 4161 3379 4233">
    <p class='ocr_par' dir='ltr' id='par_1_83' title="bbox 1796 4161 3379 4233">
     <span class='ocr_line' id='line_1_84' title="bbox 1796 4161 3379 4233; baseline -0.004 -15"><span class='ocrx_word' id='word_1_592' title='bbox 1796 4180 2023 4233; x_wconf 86' lang='lat' dir='ltr'><strong>opemve</strong></span> <span class='ocrx_word' id='word_1_593' title='bbox 2053 4163 2192 4227; x_wconf 89' lang='lat' dir='ltr'><strong>tulit,</strong></span> <span class='ocrx_word' id='word_1_594' title='bbox 2218 4162 2301 4217; x_wconf 82' lang='lat' dir='ltr'><strong>vel</strong></span> <span class='ocrx_word' id='word_1_595' title='bbox 2327 4162 2691 4232; x_wconf 74' lang='lat' dir='ltr'><strong>patrocinium</strong></span> <span class='ocrx_word' id='word_1_596' title='bbox 2732 4162 2981 4229; x_wconf 64' lang='lat' dir='ltr'><strong>praebuit,</strong></span> <span class='ocrx_word' id='word_1_597' title='bbox 3036 4161 3119 4214; x_wconf 87' lang='lat' dir='ltr'><strong>vel</strong></span> <span class='ocrx_word' id='word_1_598' title='bbox 3147 4162 3379 4214; x_wconf 87' lang='lat' dir='ltr'><strong>advoca-</strong></span> 
     </span>
    </p>
   </div>
   <div class='ocr_carea' id='block_1_84' title="bbox 1799 4250 3379 4321">
    <p class='ocr_par' dir='ltr' id='par_1_84' title="bbox 1799 4250 3379 4321">
     <span class='ocr_line' id='line_1_85' title="bbox 1799 4250 3379 4321; baseline -0.003 -16"><span class='ocrx_word' id='word_1_599' title='bbox 1799 4255 1997 4307; x_wconf 89' lang='lat' dir='ltr'><strong>tionem</strong></span> <span class='ocrx_word' id='word_1_600' title='bbox 2029 4253 2304 4321; x_wconf 64' lang='lat' dir='ltr'><strong>praestitit.</strong></span> <span class='ocrx_word' id='word_1_601' title='bbox 2341 4251 2809 4317; x_wconf 86' lang='lat' dir='ltr'><strong>Quemadmodum</strong></span> <span class='ocrx_word' id='word_1_602' title='bbox 2856 4251 3000 4305; x_wconf 89' lang='lat' dir='ltr'><strong>enim</strong></span> <span class='ocrx_word' id='word_1_603' title='bbox 3046 4250 3379 4317; x_wconf 77' lang='lat' dir='ltr'><strong>inexpugna-</strong></span> 
     </span>
    </p>
   </div>
   <div class='ocr_carea' id='block_1_85' title="bbox 1796 4342 3376 4416">
    <p class='ocr_par' dir='ltr' id='par_1_85' title="bbox 1796 4342 3376 4416">
     <span class='ocr_line' id='line_1_86' title="bbox 1796 4342 3376 4416; baseline -0.005 -15"><span class='ocrx_word' id='word_1_604' title='bbox 1796 4346 1918 4401; x_wconf 86' lang='lat' dir='ltr'><strong>bilis</strong></span> <span class='ocrx_word' id='word_1_605' title='bbox 1940 4355 2146 4411; x_wconf 91' lang='lat' dir='ltr'><strong>orator,</strong></span> <span class='ocrx_word' id='word_1_606' title='bbox 2171 4347 2262 4415; x_wconf 92' lang='lat' dir='ltr'><strong>qui</strong></span> <span class='ocrx_word' id='word_1_607' title='bbox 2288 4346 2621 4416; x_wconf 88' lang='lat' dir='ltr'><strong>litigantibus</strong></span> <span class='ocrx_word' id='word_1_608' title='bbox 2648 4344 2879 4411; x_wconf 89' lang='lat' dir='ltr'><strong>assistit,</strong></span> <span class='ocrx_word' id='word_1_609' title='bbox 2907 4342 3197 4396; x_wconf 82' lang='lat' dir='ltr'><strong>artiﬁcium</strong></span> <span class='ocrx_word' id='word_1_610' title='bbox 3221 4356 3376 4395; x_wconf 89' lang='lat' dir='ltr'><strong>suum</strong></span> 
     </span>
    </p>
   </div>
   <div class='ocr_carea' id='block_1_86' title="bbox 140 4432 1705 4516">
    <p class='ocr_par' dir='ltr' id='par_1_86' title="bbox 140 4432 1685 4508">
     <span class='ocr_line' id='line_1_87' title="bbox 140 4432 1685 4508; baseline 0.006 -27"><span class='ocrx_word' id='word_1_611' title='bbox 140 4432 279 4483; x_wconf 73' lang='grc' dir='ltr'>παντὶ</span> <span class='ocrx_word' id='word_1_612' title='bbox 298 4433 469 4487; x_wconf 85' lang='grc' dir='ltr'>σθένει</span> <span class='ocrx_word' id='word_1_613' title='bbox 498 4436 565 4504; x_wconf 84' lang='grc' dir='ltr'>τῇ</span> <span class='ocrx_word' id='word_1_614' title='bbox 602 4435 772 4505; x_wconf 77' lang='grc' dir='ltr'>κακίᾳ</span> <span class='ocrx_word' id='word_1_615' title='bbox 798 4436 1173 4506; x_wconf 77' lang='grc' dir='ltr'>συνηγορῆσαι</span> <span class='ocrx_word' id='word_1_616' title='bbox 1210 4437 1271 4489; x_wconf 83' lang='grc' dir='ltr'><strong>οὐ</strong></span> <span class='ocrx_word' id='word_1_617' title='bbox 1306 4438 1685 4508; x_wconf 84' lang='grc' dir='ltr'>παρῃτήσατο.</span> 
     </span>
    </p>
   </div>
   <div class='ocr_carea' id='block_1_87' title="bbox 1796 4432 3378 4516">
    <p class='ocr_par' dir='ltr' id='par_1_87' title="bbox 1796 4434 3378 4507">
     <span class='ocr_line' id='line_1_88' title="bbox 1796 4434 3378 4507; baseline -0.002 -17"><span class='ocrx_word' id='word_1_618' title='bbox 1796 4453 1893 4507; x_wconf 93' lang='lat' dir='ltr'><strong>pro</strong></span> <span class='ocrx_word' id='word_1_619' title='bbox 1925 4437 2049 4501; x_wconf 89' lang='lat' dir='ltr'><strong>illis,</strong></span> <span class='ocrx_word' id='word_1_620' title='bbox 2074 4437 2164 4505; x_wconf 90' lang='lat' dir='ltr'><strong>qui</strong></span> <span class='ocrx_word' id='word_1_621' title='bbox 2213 4437 2419 4491; x_wconf 82' lang='lat' dir='ltr'><strong>auxilio</strong></span> <span class='ocrx_word' id='word_1_622' title='bbox 2454 4452 2552 4491; x_wconf 90' lang='lat' dir='ltr'><strong>suo</strong></span> <span class='ocrx_word' id='word_1_623' title='bbox 2592 4434 2854 4504; x_wconf 87' lang='lat' dir='ltr'><strong>indigent,</strong></span> <span class='ocrx_word' id='word_1_624' title='bbox 2916 4434 3195 4504; x_wconf 85' lang='lat' dir='ltr'><strong>experitur</strong></span> <span class='ocrx_word' id='word_1_625' title='bbox 3231 4450 3246 4486; x_wconf 90' lang='lat'><strong>:</strong></span> <span class='ocrx_word' id='word_1_626' title='bbox 3299 4435 3378 4487; x_wconf 92' lang='lat' dir='ltr'><strong>sic</strong></span> 
     </span>
    </p>
   </div>
   <div class='ocr_carea' id='block_1_88' title="bbox 139 4521 1689 4599">
    <p class='ocr_par' dir='ltr' id='par_1_88' title="bbox 139 4521 1689 4599">
     <span class='ocr_line' id='line_1_89' title="bbox 139 4521 1689 4599; baseline 0.016 -26"><span class='ocrx_word' id='word_1_627' title='bbox 139 4521 199 4574; x_wconf 79' lang='grc' dir='ltr'>Τὸ</span> <span class='ocrx_word' id='word_1_628' title='bbox 219 4524 300 4587; x_wconf 81' lang='grc' dir='ltr'><strong>δὲ,</strong></span> <span class='ocrx_word' id='word_1_629' title='bbox 339 4545 357 4577; x_wconf 80' lang='grc' dir='ltr'><strong>ι</strong></span> <span class='ocrx_word' id='word_1_630' title='bbox 406 4525 473 4579; x_wconf 82' lang='grc' dir='ltr'><strong>Ἥ</strong></span> <span class='ocrx_word' id='word_1_631' title='bbox 511 4526 657 4597; x_wconf 78' lang='grc' dir='ltr'>ψυχὴ</span> <span class='ocrx_word' id='word_1_632' title='bbox 708 4527 872 4580; x_wconf 79' lang='grc' dir='ltr'>αὑτοῦ</span> <span class='ocrx_word' id='word_1_633' title='bbox 907 4530 964 4580; x_wconf 86' lang='grc' dir='ltr'>ὲν</span> <span class='ocrx_word' id='word_1_634' title='bbox 1009 4531 1074 4598; x_wconf 86' lang='grc' dir='ltr'>τῇ</span> <span class='ocrx_word' id='word_1_635' title='bbox 1109 4528 1219 4599; x_wconf 76' lang='grc' dir='ltr'><strong>ζωῇ</strong></span> <span class='ocrx_word' id='word_1_636' title='bbox 1262 4529 1426 4581; x_wconf 65' lang='grc' dir='ltr'>αὑτοῦ</span> <span class='ocrx_word' id='word_1_637' title='bbox 1462 4530 1689 4599; x_wconf 76' lang='grc' dir='ltr'>εὐλογη-</span> 
     </span>
    </p>
   </div>
   <div class='ocr_carea' id='block_1_89' title="bbox 138 4609 1683 4690">
    <p class='ocr_par' dir='ltr' id='par_1_89' title="bbox 138 4609 1683 4690">
     <span class='ocr_line' id='line_1_90' title="bbox 138 4609 1683 4690; baseline 0.006 -28"><span class='ocrx_word' id='word_1_638' title='bbox 138 4609 356 4680; x_wconf 78' lang='grc' dir='ltr'>θήσεται,</span> <span class='ocrx_word' id='word_1_639' title='bbox 387 4634 405 4666; x_wconf 72' lang='grc' dir='ltr'><strong>ι</strong></span> <span class='ocrx_word' id='word_1_640' title='bbox 441 4616 572 4685; x_wconf 77' lang='grc' dir='ltr'>περὶ</span> <span class='ocrx_word' id='word_1_641' title='bbox 611 4617 872 4670; x_wconf 84' lang='grc' dir='ltr'>κακίστου</span> <span class='ocrx_word' id='word_1_642' title='bbox 922 4618 1083 4671; x_wconf 84' lang='grc' dir='ltr'>πάλιν</span> <span class='ocrx_word' id='word_1_643' title='bbox 1133 4619 1328 4689; x_wconf 86' lang='grc' dir='ltr'>ἀνδρὸς</span> <span class='ocrx_word' id='word_1_644' title='bbox 1368 4621 1683 4690; x_wconf 80' lang='grc' dir='ltr'>εἰρημένον,</span> 
     </span>
    </p>
   </div>
   <div class='ocr_carea' id='block_1_90' title="bbox 135 4704 1686 4782">
    <p class='ocr_par' dir='ltr' id='par_1_90' title="bbox 135 4704 1686 4782">
     <span class='ocr_line' id='line_1_91' title="bbox 135 4704 1686 4782; baseline 0.006 -28"><span class='ocrx_word' id='word_1_645' title='bbox 135 4704 345 4756; x_wconf 76' lang='grc' dir='ltr'>τοιοῦτόν</span> <span class='ocrx_word' id='word_1_646' title='bbox 372 4708 554 4758; x_wconf 78' lang='grc' dir='ltr'>ἐστιν·</span> <span class='ocrx_word' id='word_1_647' title='bbox 602 4704 675 4760; x_wconf 78' lang='grc' dir='ltr'><strong>Εὖ</strong></span> <span class='ocrx_word' id='word_1_648' title='bbox 707 4708 1053 4779; x_wconf 85' lang='grc' dir='ltr'>λεχθήσεται,</span> <span class='ocrx_word' id='word_1_649' title='bbox 1086 4711 1204 4763; x_wconf 82' lang='grc' dir='ltr'>ἀντὶ</span> <span class='ocrx_word' id='word_1_650' title='bbox 1226 4710 1342 4775; x_wconf 74' lang='grc' dir='ltr'>τοῦ,</span> <span class='ocrx_word' id='word_1_651' title='bbox 1393 4712 1686 4782; x_wconf 79' lang='grc' dir='ltr'>ἐπαινεθή-</span> 
     </span>
    </p>
   </div>
   <div class='ocr_carea' id='block_1_91' title="bbox 138 4799 1683 4875">
    <p class='ocr_par' dir='ltr' id='par_1_91' title="bbox 138 4799 1683 4875">
     <span class='ocr_line' id='line_1_92' title="bbox 138 4799 1683 4875; baseline 0.007 -30"><span class='ocrx_word' id='word_1_652' title='bbox 138 4809 289 4859; x_wconf 84' lang='grc' dir='ltr'>σεται,</span> <span class='ocrx_word' id='word_1_653' title='bbox 333 4799 873 4869; x_wconf 84' lang='grc' dir='ltr'>ὲγκωμιασθήσεται,</span> <span class='ocrx_word' id='word_1_654' title='bbox 922 4803 1414 4872; x_wconf 80' lang='grc' dir='ltr'>μακαρισθήσεται.</span> <span class='ocrx_word' id='word_1_655' title='bbox 1458 4804 1521 4856; x_wconf 86' lang='grc' dir='ltr'><strong>Ἡ</strong></span> <span class='ocrx_word' id='word_1_656' title='bbox 1573 4805 1683 4875; x_wconf 83' lang='grc' dir='ltr'>γὰρ</span> 
     </span>
    </p>
   </div>
   <div class='ocr_carea' id='block_1_92' title="bbox 135 4886 1681 4966">
    <p class='ocr_par' dir='ltr' id='par_1_92' title="bbox 135 4886 1681 4966">
     <span class='ocr_line' id='line_1_93' title="bbox 135 4886 1681 4966; baseline 0.008 -30"><span class='ocrx_word' id='word_1_657' title='bbox 135 4886 349 4954; x_wconf 74' lang='grc' dir='ltr'>εὐλογία,</span> <span class='ocrx_word' id='word_1_658' title='bbox 382 4890 535 4960; x_wconf 83' lang='grc' dir='ltr'><strong>παρά</strong></span> <span class='ocrx_word' id='word_1_659' title='bbox 563 4890 624 4942; x_wconf 82' lang='grc' dir='ltr'><strong>τὸ</strong></span> <span class='ocrx_word' id='word_1_660' title='bbox 662 4886 720 4943; x_wconf 81' lang='grc' dir='ltr'><strong>εὖ</strong></span> <span class='ocrx_word' id='word_1_661' title='bbox 753 4891 951 4960; x_wconf 82' lang='grc' dir='ltr'>λέγειν,</span> <span class='ocrx_word' id='word_1_662' title='bbox 1008 4893 1106 4962; x_wconf 81' lang='grc' dir='ltr'>τὴν</span> <span class='ocrx_word' id='word_1_663' title='bbox 1138 4895 1415 4964; x_wconf 80' lang='grc' dir='ltr'>εὐφημίαν</span> <span class='ocrx_word' id='word_1_664' title='bbox 1466 4898 1681 4966; x_wconf 76' lang='grc' dir='ltr'>μηνύει.</span> 
     </span>
    </p>
   </div>
   <div class='ocr_carea' id='block_1_93' title="bbox 144 4976 1683 5057">
    <p class='ocr_par' dir='ltr' id='par_1_93' title="bbox 144 4976 1683 5057">
     <span class='ocr_line' id='line_1_94' title="bbox 144 4976 1683 5057; baseline 0.007 -28"><span class='ocrx_word' id='word_1_665' title='bbox 144 4976 343 5050; x_wconf 81' lang='grc' dir='ltr'>Ἐπειδὴ</span> <span class='ocrx_word' id='word_1_666' title='bbox 373 4982 482 5051; x_wconf 82' lang='grc' dir='ltr'><strong>γὰρ</strong></span> <span class='ocrx_word' id='word_1_667' title='bbox 510 4981 714 5047; x_wconf 78' lang='grc' dir='ltr'>πολλοὶ,</span> <span class='ocrx_word' id='word_1_668' title='bbox 742 4981 818 5052; x_wconf 79' lang='grc' dir='ltr'><strong>τῷ</strong></span> <span class='ocrx_word' id='word_1_669' title='bbox 856 4982 954 5053; x_wconf 81' lang='grc' dir='ltr'>τὴν</span> <span class='ocrx_word' id='word_1_670' title='bbox 996 4985 1177 5055; x_wconf 86' lang='grc' dir='ltr'>κρίσιν</span> <span class='ocrx_word' id='word_1_671' title='bbox 1204 4984 1312 5037; x_wconf 84' lang='grc' dir='ltr'><strong>τῶν</strong></span> <span class='ocrx_word' id='word_1_672' title='bbox 1338 4988 1683 5057; x_wconf 85' lang='grc' dir='ltr'>πραγμάτων</span> 
     </span>
    </p>
   </div>
   <div class='ocr_carea' id='block_1_94' title="bbox 134 5064 1686 5145">
    <p class='ocr_par' dir='ltr' id='par_1_94' title="bbox 134 5064 1686 5145">
     <span class='ocr_line' id='line_1_95' title="bbox 134 5064 1686 5145; baseline 0.01 -30"><span class='ocrx_word' id='word_1_673' title='bbox 134 5064 294 5129; x_wconf 73' lang='grc' dir='ltr'>αὐτοῖς</span> <span class='ocrx_word' id='word_1_674' title='bbox 316 5068 663 5140; x_wconf 78' lang='grc' dir='ltr'>διεφθάρθαι,</span> <span class='ocrx_word' id='word_1_675' title='bbox 718 5070 1001 5124; x_wconf 78' lang='grc' dir='ltr'>ἐπαινοῦσι</span> <span class='ocrx_word' id='word_1_676' title='bbox 1035 5073 1130 5125; x_wconf 76' lang='grc' dir='ltr'><strong>καὶ</strong></span> <span class='ocrx_word' id='word_1_677' title='bbox 1161 5076 1521 5145; x_wconf 69' lang='grc' dir='ltr'>μακαρίζουσι</span> <span class='ocrx_word' id='word_1_678' title='bbox 1558 5080 1686 5141; x_wconf 83' lang='grc' dir='ltr'>τοὺς</span> 
     </span>
    </p>
   </div>
   <div class='ocr_carea' id='block_1_95' title="bbox 134 5158 1689 5233">
    <p class='ocr_par' dir='ltr' id='par_1_95' title="bbox 134 5158 1689 5233">
     <span class='ocr_line' id='line_1_96' title="bbox 134 5158 1689 5233; baseline 0.009 -26"><span class='ocrx_word' id='word_1_679' title='bbox 134 5158 489 5222; x_wconf 76' lang='grc' dir='ltr'>ταλανίζεσθαι</span> <span class='ocrx_word' id='word_1_680' title='bbox 518 5163 612 5213; x_wconf 64' lang='grc' dir='ltr'><strong>καί⁸</strong></span> <span class='ocrx_word' id='word_1_681' title='bbox 642 5161 958 5233; x_wconf 85' lang='grc' dir='ltr'>θρηνεῖσθαι</span> <span class='ocrx_word' id='word_1_682' title='bbox 1005 5162 1245 5227; x_wconf 85' lang='grc' dir='ltr'>δικαίους</span> <span class='ocrx_word' id='word_1_683' title='bbox 1286 5166 1462 5229; x_wconf 73' lang='grc' dir='ltr'>ὂντας,</span> <span class='ocrx_word' id='word_1_684' title='bbox 1508 5167 1595 5219; x_wconf 85' lang='grc' dir='ltr'>διὰ</span> <span class='ocrx_word' id='word_1_685' title='bbox 1629 5170 1689 5222; x_wconf 86' lang='grc' dir='ltr'><strong>τὸ</strong></span> 
     </span>
    </p>
   </div>
   <div class='ocr_carea' id='block_1_96' title="bbox 1795 4525 3378 4596">
    <p class='ocr_par' dir='ltr' id='par_1_96' title="bbox 1795 4525 3378 4596">
     <span class='ocr_line' id='line_1_97' title="bbox 1795 4525 3378 4596; baseline -0.003 -15"><span class='ocrx_word' id='word_1_686' title='bbox 1795 4528 1957 4581; x_wconf 84' lang='lat' dir='ltr'><strong>etiam</strong></span> <span class='ocrx_word' id='word_1_687' title='bbox 2022 4527 2109 4581; x_wconf 91' lang='lat' dir='ltr'><strong>ille</strong></span> <span class='ocrx_word' id='word_1_688' title='bbox 2167 4528 2497 4596; x_wconf 89' lang='lat' dir='ltr'><strong>improbitati</strong></span> <span class='ocrx_word' id='word_1_689' title='bbox 2556 4525 2920 4595; x_wconf 89' lang='lat' dir='ltr'><strong>patrocinium</strong></span> <span class='ocrx_word' id='word_1_690' title='bbox 2963 4525 3378 4577; x_wconf 84' lang='lat' dir='ltr'><strong>accommodare</strong></span> 
     </span>
    </p>
   </div>
   <div class='ocr_carea' id='block_1_97' title="bbox 1796 4616 3374 4673">
    <p class='ocr_par' dir='ltr' id='par_1_97' title="bbox 1796 4616 3374 4673">
     <span class='ocr_line' id='line_1_98' title="bbox 1796 4616 3374 4673; baseline -0.002 -2"><span class='ocrx_word' id='word_1_691' title='bbox 1796 4619 2045 4673; x_wconf 90' lang='lat' dir='ltr'><strong>omnibus</strong></span> <span class='ocrx_word' id='word_1_692' title='bbox 2079 4619 2285 4673; x_wconf 85' lang='lat' dir='ltr'><strong>viribus</strong></span> <span class='ocrx_word' id='word_1_693' title='bbox 2317 4633 2423 4673; x_wconf 94' lang='lat' dir='ltr'><strong>non</strong></span> <span class='ocrx_word' id='word_1_694' title='bbox 2453 4629 2687 4673; x_wconf 90' lang='lat' dir='ltr'><strong>recusat.</strong></span> <span class='ocrx_word' id='word_1_695' title='bbox 2725 4617 2892 4670; x_wconf 82' lang='lat' dir='ltr'><strong>Porro</strong></span> <span class='ocrx_word' id='word_1_696' title='bbox 2926 4616 3092 4669; x_wconf 90' lang='lat' dir='ltr'><strong>illud:</strong></span> <span class='ocrx_word' id='word_1_697' title='bbox 3125 4634 3142 4667; x_wconf 82' lang='grc' dir='ltr'><strong>ι</strong></span> <span class='ocrx_word' id='word_1_698' title='bbox 3175 4617 3374 4668; x_wconf 84' lang='lat' dir='ltr'><strong>Anima</strong></span> 
     </span>
    </p>
   </div>
   <div class='ocr_carea' id='block_1_98' title="bbox 1796 4707 3381 4778">
    <p class='ocr_par' dir='ltr' id='par_1_98' title="bbox 1796 4707 3381 4778">
     <span class='ocr_line' id='line_1_99' title="bbox 1796 4707 3381 4778; baseline -0.003 -13"><span class='ocrx_word' id='word_1_699' title='bbox 1796 4714 1912 4778; x_wconf 87' lang='lat' dir='ltr'><strong>ejus</strong></span> <span class='ocrx_word' id='word_1_700' title='bbox 1964 4711 2153 4765; x_wconf 82' lang='lat' dir='ltr'><strong>invita</strong></span> <span class='ocrx_word' id='word_1_701' title='bbox 2206 4710 2373 4778; x_wconf 87' lang='lat' dir='ltr'><strong>ipsius</strong></span> <span class='ocrx_word' id='word_1_702' title='bbox 2411 4710 2803 4773; x_wconf 87' lang='lat' dir='ltr'><strong>benedicetur;</strong></span> <span class='ocrx_word' id='word_1_703' title='bbox 2856 4727 2874 4759; x_wconf 83' lang='grc'>›</span> <span class='ocrx_word' id='word_1_704' title='bbox 2913 4709 3109 4761; x_wconf 88' lang='lat' dir='ltr'><strong>iterum</strong></span> <span class='ocrx_word' id='word_1_705' title='bbox 3144 4707 3210 4761; x_wconf 92' lang='lat' dir='ltr'><strong>de</strong></span> <span class='ocrx_word' id='word_1_706' title='bbox 3258 4722 3381 4775; x_wconf 89' lang='lat' dir='ltr'><strong>pes-</strong></span> 
     </span>
    </p>
   </div>
   <div class='ocr_carea' id='block_1_99' title="bbox 1794 4797 3378 4870">
    <p class='ocr_par' dir='ltr' id='par_1_99' title="bbox 1794 4797 3378 4870">
     <span class='ocr_line' id='line_1_100' title="bbox 1794 4797 3378 4870; baseline -0.003 -13"><span class='ocrx_word' id='word_1_707' title='bbox 1794 4804 1935 4857; x_wconf 89' lang='lat' dir='ltr'><strong>simo</strong></span> <span class='ocrx_word' id='word_1_708' title='bbox 1971 4802 2188 4856; x_wconf 89' lang='lat' dir='ltr'><strong>homine</strong></span> <span class='ocrx_word' id='word_1_709' title='bbox 2220 4802 2423 4855; x_wconf 87' lang='lat' dir='ltr'><strong>dictum</strong></span> <span class='ocrx_word' id='word_1_710' title='bbox 2454 4813 2557 4862; x_wconf 85' lang='lat' dir='ltr'><strong>est.</strong></span> <span class='ocrx_word' id='word_1_711' title='bbox 2604 4799 2911 4870; x_wconf 83' lang='lat' dir='ltr'><strong>hujusmodi</strong></span> <span class='ocrx_word' id='word_1_712' title='bbox 2950 4816 2965 4853; x_wconf 89' lang='lat'>:</span> <span class='ocrx_word' id='word_1_713' title='bbox 3014 4797 3177 4869; x_wconf 58' lang='lat'><strong>504</strong></span> <span class='ocrx_word' id='word_1_714' title='bbox 3207 4797 3378 4855; x_wconf 84' lang='lat' dir='ltr'><strong>Bene-</strong></span> 
     </span>
    </p>
   </div>
   <div class='ocr_carea' id='block_1_100' title="bbox 1793 4891 3379 4963">
    <p class='ocr_par' dir='ltr' id='par_1_100' title="bbox 1793 4891 3379 4963">
     <span class='ocr_line' id='line_1_101' title="bbox 1793 4891 3379 4963; baseline -0.003 -16"><span class='ocrx_word' id='word_1_715' title='bbox 1793 4897 2023 4953; x_wconf 86' lang='lat' dir='ltr'><strong>dicetur.</strong></span> <span class='ocrx_word' id='word_1_716' title='bbox 2056 4910 2153 4962; x_wconf 88' lang='lat' dir='ltr'><strong>pro</strong></span> <span class='ocrx_word' id='word_1_717' title='bbox 2183 4910 2249 4949; x_wconf 92' lang='lat' dir='ltr'><strong>eo</strong></span> <span class='ocrx_word' id='word_1_718' title='bbox 2273 4894 2416 4963; x_wconf 88' lang='lat' dir='ltr'><strong>quod</strong></span> <span class='ocrx_word' id='word_1_719' title='bbox 2445 4904 2547 4958; x_wconf 87' lang='lat' dir='ltr'><strong>est,</strong></span> <span class='ocrx_word' id='word_1_720' title='bbox 2576 4894 2904 4954; x_wconf 88' lang='lat' dir='ltr'><strong>laudabitur,</strong></span> <span class='ocrx_word' id='word_1_721' title='bbox 2931 4891 3192 4946; x_wconf 89' lang='lat' dir='ltr'><strong>encomiis</strong></span> <span class='ocrx_word' id='word_1_722' title='bbox 3216 4904 3379 4944; x_wconf 83' lang='lat' dir='ltr'><strong>orna-</strong></span> 
     </span>
    </p>
   </div>
   <div class='ocr_carea' id='block_1_101' title="bbox 1791 4982 3376 5055">
    <p class='ocr_par' dir='ltr' id='par_1_101' title="bbox 1791 4982 3376 5055">
     <span class='ocr_line' id='line_1_102' title="bbox 1791 4982 3376 5055; baseline -0.004 -14"><span class='ocrx_word' id='word_1_723' title='bbox 1791 4987 1958 5051; x_wconf 86' lang='lat' dir='ltr'><strong>bitur,</strong></span> <span class='ocrx_word' id='word_1_724' title='bbox 1991 4987 2182 5041; x_wconf 87' lang='lat' dir='ltr'><strong>bcatus</strong></span> <span class='ocrx_word' id='word_1_725' title='bbox 2211 4986 2619 5055; x_wconf 68' lang='lat' dir='ltr'><strong>prmdieabitur.</strong></span> <span class='ocrx_word' id='word_1_726' title='bbox 2646 4984 2957 5038; x_wconf 87' lang='lat' dir='ltr'><strong>Benedictio</strong></span> <span class='ocrx_word' id='word_1_727' title='bbox 2985 4982 3147 5044; x_wconf 90' lang='lat' dir='ltr'><strong>enim,</strong></span> <span class='ocrx_word' id='word_1_728' title='bbox 3182 4996 3211 5034; x_wconf 91' lang='lat' dir='ltr'><strong>a</strong></span> <span class='ocrx_word' id='word_1_729' title='bbox 3239 4983 3376 5035; x_wconf 81' lang='lat' dir='ltr'><strong>bene.</strong></span> 
     </span>
    </p>
   </div>
   <div class='ocr_carea' id='block_1_102' title="bbox 1791 5073 3371 5145">
    <p class='ocr_par' dir='ltr' id='par_1_102' title="bbox 1791 5073 3371 5145">
     <span class='ocr_line' id='line_1_103' title="bbox 1791 5073 3371 5145; baseline -0.004 -14"><span class='ocrx_word' id='word_1_730' title='bbox 1791 5079 2017 5131; x_wconf 88' lang='lat' dir='ltr'><strong>dicendo</strong></span> <span class='ocrx_word' id='word_1_731' title='bbox 2076 5079 2361 5131; x_wconf 86' lang='lat' dir='ltr'><strong>deductum</strong></span> <span class='ocrx_word' id='word_1_732' title='bbox 2402 5092 2597 5131; x_wconf 84' lang='lat' dir='ltr'><strong>nomen</strong></span> <span class='ocrx_word' id='word_1_733' title='bbox 2626 5077 2758 5129; x_wconf 91' lang='lat' dir='ltr'><strong>nihil</strong></span> <span class='ocrx_word' id='word_1_734' title='bbox 2784 5076 2928 5130; x_wconf 82' lang='lat' dir='ltr'><strong>aliud</strong></span> <span class='ocrx_word' id='word_1_735' title='bbox 2961 5090 3121 5145; x_wconf 87' lang='lat' dir='ltr'><strong>quam</strong></span> <span class='ocrx_word' id='word_1_736' title='bbox 3160 5073 3371 5127; x_wconf 87' lang='lat' dir='ltr'><strong>laudem</strong></span> 
     </span>
    </p>
   </div>
   <div class='ocr_carea' id='block_1_103' title="bbox 1794 5166 3376 5238">
    <p class='ocr_par' dir='ltr' id='par_1_103' title="bbox 1794 5166 3376 5238">
     <span class='ocr_line' id='line_1_104' title="bbox 1794 5166 3376 5238; baseline -0.001 -16"><span class='ocrx_word' id='word_1_737' title='bbox 1794 5170 2087 5238; x_wconf 83' lang='lat' dir='ltr'><strong>signiﬁcat.</strong></span> <span class='ocrx_word' id='word_1_738' title='bbox 2124 5169 2259 5222; x_wconf 80' lang='lat' dir='ltr'><strong>Nam</strong></span> <span class='ocrx_word' id='word_1_739' title='bbox 2287 5170 2415 5238; x_wconf 88' lang='lat' dir='ltr'><strong>quia</strong></span> <span class='ocrx_word' id='word_1_740' title='bbox 2446 5170 2621 5233; x_wconf 89' lang='lat' dir='ltr'><strong>multi,</strong></span> <span class='ocrx_word' id='word_1_741' title='bbox 2653 5170 2795 5238; x_wconf 90' lang='lat' dir='ltr'><strong>quod</strong></span> <span class='ocrx_word' id='word_1_742' title='bbox 2818 5169 2969 5236; x_wconf 90' lang='lat' dir='ltr'><strong>judic</strong></span> <span class='ocrx_word' id='word_1_743' title='bbox 2998 5183 3085 5221; x_wconf 90' lang='lat' dir='ltr'><strong>um</strong></span> <span class='ocrx_word' id='word_1_744' title='bbox 3119 5166 3187 5219; x_wconf 90' lang='lat' dir='ltr'><strong>de</strong></span> <span class='ocrx_word' id='word_1_745' title='bbox 3212 5166 3376 5220; x_wconf 87' lang='lat' dir='ltr'><strong>rebus</strong></span> 
     </span>
    </p>
   </div>
   <div class='ocr_carea' id='block_1_104' title="bbox 135 5246 1705 5331">
    <p class='ocr_par' dir='ltr' id='par_1_104' title="bbox 135 5246 1692 5327">
     <span class='ocr_line' id='line_1_105' title="bbox 135 5246 1692 5327; baseline 0.008 -29"><span class='ocrx_word' id='word_1_746' title='bbox 135 5246 328 5320; x_wconf 76' lang='grc' dir='ltr'>πλούτῳ</span> <span class='ocrx_word' id='word_1_747' title='bbox 381 5253 585 5323; x_wconf 84' lang='grc' dir='ltr'>κομᾷν,</span> <span class='ocrx_word' id='word_1_748' title='bbox 630 5254 723 5306; x_wconf 76' lang='grc' dir='ltr'><strong>καὶ</strong></span> <span class='ocrx_word' id='word_1_749' title='bbox 778 5254 991 5325; x_wconf 76' lang='grc' dir='ltr'>τρυφῆς</span> <span class='ocrx_word' id='word_1_750' title='bbox 1020 5255 1339 5322; x_wconf 78' lang='grc' dir='ltr'>ἀπολαύειν,</span> <span class='ocrx_word' id='word_1_751' title='bbox 1388 5256 1491 5311; x_wconf 80' lang='grc' dir='ltr'>κᾶν</span> <span class='ocrx_word' id='word_1_752' title='bbox 1522 5258 1692 5327; x_wconf 86' lang='grc' dir='ltr'>μυρία</span> 
     </span>
    </p>
   </div>
   <div class='ocr_carea' id='block_1_105' title="bbox 1796 5246 3379 5331">
    <p class='ocr_par' dir='ltr' id='par_1_105' title="bbox 1796 5256 3379 5331">
     <span class='ocr_line' id='line_1_106' title="bbox 1796 5256 3379 5331; baseline -0.001 -17"><span class='ocrx_word' id='word_1_753' title='bbox 1796 5261 2034 5314; x_wconf 87' lang='lat' dir='ltr'><strong>babeaut</strong></span> <span class='ocrx_word' id='word_1_754' title='bbox 2078 5270 2417 5331; x_wconf 87' lang='lat' dir='ltr'><strong>corruptum,</strong></span> <span class='ocrx_word' id='word_1_755' title='bbox 2475 5260 2698 5314; x_wconf 85' lang='lat' dir='ltr'><strong>laudant</strong></span> <span class='ocrx_word' id='word_1_756' title='bbox 2741 5268 2795 5314; x_wconf 90' lang='lat' dir='ltr'><strong>et</strong></span> <span class='ocrx_word' id='word_1_757' title='bbox 2848 5260 3034 5315; x_wconf 87' lang='lat' dir='ltr'><strong>beatos</strong></span> <span class='ocrx_word' id='word_1_758' title='bbox 3075 5256 3379 5330; x_wconf 57' lang='lat' dir='ltr'><strong>praedicant.</strong></span> 
     </span>
    </p>
   </div>
   <div class='ocr_carea' id='block_1_106' title="bbox 106 5407 1705 5504">
    <p class='ocr_par' dir='ltr' id='par_1_106' title="bbox 106 5407 1705 5504">
     <span class='ocr_line' id='line_1_107' title="bbox 106 5407 1705 5504; baseline 0.015 -44"><span class='ocrx_word' id='word_1_759' title='bbox 106 5494 113 5504; x_wconf 25' lang='grc' dir='ltr'><em>ι</em></span> <span class='ocrx_word' id='word_1_760' title='bbox 192 5407 233 5437; x_wconf 72' lang='grc'><strong>⁸⁶</strong></span> <span class='ocrx_word' id='word_1_761' title='bbox 263 5408 462 5467; x_wconf 76' lang='grc' dir='ltr'>Ειθειι.</span> <span class='ocrx_word' id='word_1_762' title='bbox 494 5427 578 5478; x_wconf 76' lang='grc' dir='ltr'>ιι,</span> <span class='ocrx_word' id='word_1_763' title='bbox 613 5413 698 5468; x_wconf 84' lang='lat' dir='ltr'><strong>l9.</strong></span> <span class='ocrx_word' id='word_1_764' title='bbox 774 5414 817 5446; x_wconf 79' lang='grc'><strong>⁸⁷</strong></span> <span class='ocrx_word' id='word_1_765' title='bbox 852 5414 997 5471; x_wconf 87' lang='lat' dir='ltr'><strong>Psal.</strong></span> <span class='ocrx_word' id='word_1_766' title='bbox 1036 5433 1201 5483; x_wconf 80' lang='lat' dir='ltr'><strong>xxxv,</strong></span> <span class='ocrx_word' id='word_1_767' title='bbox 1238 5417 1293 5475; x_wconf 88' lang='lat'><strong>5.</strong></span> <span class='ocrx_word' id='word_1_768' title='bbox 1372 5418 1417 5449; x_wconf 82' lang='grc'><strong>⁸⁸</strong></span> <span class='ocrx_word' id='word_1_769' title='bbox 1458 5418 1601 5473; x_wconf 75' lang='lat' dir='ltr'><strong>Psal-</strong></span> <span class='ocrx_word' id='word_1_770' title='bbox 1641 5435 1705 5473; x_wconf 76' lang='lat' dir='ltr'><strong>Xl</strong></span> 
     </span>
    </p>
   </div>
   <div class='ocr_carea' id='block_1_107' title="bbox 1796 5407 1961 5504">
    <p class='ocr_par' dir='ltr' id='par_1_107' title="bbox 1796 5419 1961 5485">
     <span class='ocr_line' id='line_1_108' title="bbox 1796 5419 1961 5485; baseline -0.006 -11"><span class='ocrx_word' id='word_1_771' title='bbox 1796 5435 1834 5485; x_wconf 86' lang='grc' dir='ltr'><strong>ι,</strong></span> <span class='ocrx_word' id='word_1_772' title='bbox 1870 5419 1961 5474; x_wconf 82' lang='lat' dir='ltr'><strong>l9.</strong></span> 
     </span>
    </p>
   </div>
   <div class='ocr_carea' id='block_1_108' title="bbox 1241 5572 2300 5648">
    <p class='ocr_par' dir='ltr' id='par_1_108' title="bbox 1241 5572 2300 5648">
     <span class='ocr_line' id='line_1_109' title="bbox 1241 5572 2300 5648; baseline 0.003 -21"><span class='ocrx_word' id='word_1_773' title='bbox 1241 5572 1475 5628; x_wconf 64' lang='lat' dir='ltr'><strong>vanus:</strong></span> <span class='ocrx_word' id='word_1_774' title='bbox 1508 5572 1892 5631; x_wconf 83' lang='lat' dir='ltr'><strong>LECTIONES</strong></span> <span class='ocrx_word' id='word_1_775' title='bbox 1933 5573 2300 5648; x_wconf 62' lang='lat' dir='ltr'><strong>ET;NOT/E.</strong></span> 
     </span>
    </p>
   </div>
   <div class='ocr_carea' id='block_1_109' title="bbox 196 5722 1671 5799">
    <p class='ocr_par' dir='ltr' id='par_1_109' title="bbox 196 5722 1671 5799">
     <span class='ocr_line' id='line_1_110' title="bbox 196 5722 1671 5799; baseline 0.008 -23"><span class='ocrx_word' id='word_1_776' title='bbox 196 5722 300 5793; x_wconf 85' lang='lat'><strong>(97)</strong></span> <span class='ocrx_word' id='word_1_777' title='bbox 321 5724 429 5780; x_wconf 86' lang='lat' dir='ltr'><strong>Pro</strong></span> <span class='ocrx_word' id='word_1_778' title='bbox 461 5726 703 5782; x_wconf 80' lang='grc' dir='ltr'>εὕεικτον</span> <span class='ocrx_word' id='word_1_779' title='bbox 749 5727 937 5799; x_wconf 87' lang='lat' dir='ltr'><strong>scribit</strong></span> <span class='ocrx_word' id='word_1_780' title='bbox 969 5727 1205 5781; x_wconf 79' lang='grc' dir='ltr'>ἕνεικτον</span> <span class='ocrx_word' id='word_1_781' title='bbox 1235 5731 1355 5783; x_wconf 84' lang='lat' dir='ltr'><strong>cod.</strong></span> <span class='ocrx_word' id='word_1_782' title='bbox 1392 5730 1514 5786; x_wconf 65' lang='lat' dir='ltr'><strong>Vat.</strong></span> <span class='ocrx_word' id='word_1_783' title='bbox 1551 5733 1671 5799; x_wconf 78' lang='lat'><strong>650,</strong></span> 
     </span>
    </p>
   </div>
   <div class='ocr_carea' id='block_1_110' title="bbox 134 5798 1377 5871">
    <p class='ocr_par' dir='ltr' id='par_1_110' title="bbox 134 5798 1377 5871">
     <span class='ocr_line' id='line_1_111' title="bbox 134 5798 1377 5871; baseline 0.01 -27"><span class='ocrx_word' id='word_1_784' title='bbox 134 5800 179 5845; x_wconf 77' lang='lat' dir='ltr'><strong>et</strong></span> <span class='ocrx_word' id='word_1_785' title='bbox 202 5809 330 5851; x_wconf 71' lang='lat' dir='ltr'><strong>vers.</strong></span> <span class='ocrx_word' id='word_1_786' title='bbox 350 5811 464 5869; x_wconf 86' lang='lat' dir='ltr'><strong>seq.</strong></span> <span class='ocrx_word' id='word_1_787' title='bbox 491 5802 756 5871; x_wconf 81' lang='grc' dir='ltr'>χρησμοῖς</span> <span class='ocrx_word' id='word_1_788' title='bbox 782 5814 879 5870; x_wconf 91' lang='lat' dir='ltr'><strong>pro</strong></span> <span class='ocrx_word' id='word_1_789' title='bbox 909 5798 1143 5871; x_wconf 78' lang='grc' dir='ltr'>θεσμοῖς.</span> <span class='ocrx_word' id='word_1_790' title='bbox 1170 5800 1377 5857; x_wconf 70' lang='lat' dir='ltr'><strong>Possm.</strong></span> 
     </span>
    </p>
   </div>
   <div class='ocr_carea' id='block_1_111' title="bbox 1859 5730 3369 5803">
    <p class='ocr_par' dir='ltr' id='par_1_111' title="bbox 1859 5730 3369 5803">
     <span class='ocr_line' id='line_1_112' title="bbox 1859 5730 3369 5803; baseline 0.001 -17"><span class='ocrx_word' id='word_1_791' title='bbox 1859 5732 1973 5803; x_wconf 80' lang='lat'><strong>(98)</strong></span> <span class='ocrx_word' id='word_1_792' title='bbox 2006 5731 2109 5785; x_wconf 71' lang='grc' dir='ltr'><strong>ΡΠ)</strong></span> <span class='ocrx_word' id='word_1_793' title='bbox 2145 5730 2452 5801; x_wconf 75' lang='grc' dir='ltr'>ἀνηϐὧντες</span> <span class='ocrx_word' id='word_1_794' title='bbox 2497 5732 2634 5783; x_wconf 70' lang='lat' dir='ltr'><strong>idem</strong></span> <span class='ocrx_word' id='word_1_795' title='bbox 2679 5731 2801 5803; x_wconf 77' lang='lat' dir='ltr'><strong>eod.</strong></span> <span class='ocrx_word' id='word_1_796' title='bbox 2847 5731 3007 5803; x_wconf 86' lang='lat' dir='ltr'><strong>habet</strong></span> <span class='ocrx_word' id='word_1_797' title='bbox 3044 5732 3369 5803; x_wconf 76' lang='grc' dir='ltr'>ἀμείϐοντες</span> 
     </span>
    </p>
   </div>
   <div class='ocr_carea' id='block_1_112' title="bbox 1789 5802 3121 5873">
    <p class='ocr_par' dir='ltr' id='par_1_112' title="bbox 1789 5802 3121 5873">
     <span class='ocr_line' id='line_1_113' title="bbox 1789 5802 3121 5873; baseline -0.001 -15"><span class='ocrx_word' id='word_1_798' title='bbox 1789 5815 1839 5858; x_wconf 83' lang='lat' dir='ltr'><strong>Ct</strong></span> <span class='ocrx_word' id='word_1_799' title='bbox 1881 5820 2017 5859; x_wconf 76' lang='lat' dir='ltr'><strong>vers.</strong></span> <span class='ocrx_word' id='word_1_800' title='bbox 2059 5815 2175 5872; x_wconf 84' lang='lat' dir='ltr'><strong>post</strong></span> <span class='ocrx_word' id='word_1_801' title='bbox 2205 5804 2257 5866; x_wconf 66' lang='lat'><strong>‘2,</strong></span> <span class='ocrx_word' id='word_1_802' title='bbox 2292 5818 2389 5870; x_wconf 80' lang='lat' dir='ltr'><strong>pro</strong></span> <span class='ocrx_word' id='word_1_803' title='bbox 2424 5802 2713 5873; x_wconf 60' lang='grc' dir='ltr'>ῥᾳθυμίαν,</span> <span class='ocrx_word' id='word_1_804' title='bbox 2741 5802 3004 5871; x_wconf 80' lang='grc' dir='ltr'>ἀμαθίαν.</span> <span class='ocrx_word' id='word_1_805' title='bbox 3044 5802 3121 5857; x_wconf 76' lang='lat' dir='ltr'><strong>lD&#39;.</strong></span> 
     </span>
    </p>
   </div>
  </div>
