3886 6420
480 340 611 405 1247

1670 345 1730 403 8.
1766 345 2057 407 ISIDORI
2091 344 2527 406 PELUSIOTIE

3605 336 3732 402 1248

478 472 594 519 cos,
660 454 747 522 qui
807 469 900 522 pro
936 453 1152 509 miseris
1220 454 1400 522 potius
1442 455 1671 510 habendi
1708 474 1772 511 ac
1824 456 2050 511 dellendi

2176 458 2327 527 ἱρῴεν
2358 457 2523 519 κακὰ,
2553 449 2627 509 ὧν
2658 456 2752 508 καὶ
2785 455 2981 525 μικρὸν
3018 454 3243 523 ὕστερον
3269 451 3729 522 άπαιτηθήσονται

479 556 660 609 erant,
711 545 829 598 ideo
867 545 1009 613 quod
1055 544 1259 598 divitiis
1302 544 1548 610 floreant,
1596 556 1650 601 et
1692 548 1899 600 deliciis
1935 564 2057 617 per-

480 636 747 699 fruantur,
776 644 829 687 et
852 633 1059 687 infinita
1093 635 1375 702 designent
1405 637 1567 700 mala,
1596 652 1700 690 non
1731 639 2056 706 cogitantes,

482 729 625 796 quod
686 728 845 794 paulo
883 737 1005 796 post
1064 728 1327 781 rationem
1364 738 1717 796 reposcemur
1766 744 1829 782 ac
1872 743 2058 797 ptenas

478 820 803 887 exigentur;
836 821 930 873 sed
966 820 1018 872 in
1049 828 1368 888 praesentem
1425 822 1689 874 duntaxat
1743 820 2058 875 fruitioncm

482 912 838 978 respicientes
878 929 894 966 :
934 927 1055 967 eam
1089 914 1157 967 ob
1197 928 1307 967 rem
1346 925 1661 983 corruptum
1716 916 1905 969 borum
1960 914 2059 968 bo-

482 1002 691 1055 minum
721 1001 984 1070 judicium
1020 1005 1423 1073 reprehendens
1456 1005 1797 1061 Psalmorum
1847 1016 2059 1081 auctor,

479 1104 535 1148 et
568 1095 693 1163 quia
739 1111 842 1148 non
866 1096 1038 1149 solum
1071 1112 1176 1149 non
1205 1097 1495 1165 objurgant
1536 1111 1846 1165 peccantes.
1884 1112 2059 1164 neque

486 1195 691 1239 tantum
724 1186 1015 1242 adulantur
1042 1188 1205 1257 ipsis;
1240 1204 1426 1243 verum
1457 1189 1642 1254 etiam,
1699 1189 1745 1244 si
1780 1206 1916 1256 opus
1966 1191 2058 1257 sit,

483 1288 541 1331 ut
573 1278 735 1330 etiam
771 1279 822 1332 in
848 1278 1059 1333 illorum
1092 1279 1319 1349 gratiam
1361 1279 1499 1333 malo
1532 1279 1773 1335 afﬁciant
1802 1283 2057 1335 virtutem

484 1369 674 1435 ipsam,
708 1372 757 1423 id
790 1370 1012 1437 faciunt,
1047 1373 1181 1427 dixit
1215 1388 1230 1426 :
1268 1391 1287 1425 ‹
1328 1374 1523 1427 Anima
1564 1374 1682 1443 ejus
1724 1374 1776 1427 in
1807 1376 1914 1428 vita
1962 1390 2057 1427 sua

484 1463 855 1516 benedicetur.
902 1482 921 1514 ›
949 1464 1085 1527 Quia
1125 1480 1255 1519 vero
1311 1465 1516 1518 dictum
1549 1476 1635 1519 est
1681 1466 1733 1517 in
1773 1466 1901 1527 vita,
1932 1466 2059 1519 hinc

485 1553 645 1606 datur
686 1554 931 1623 intelligi,
966 1566 1085 1623 post
1122 1566 1351 1610 mortem
1382 1572 1509 1625 ergo
1541 1557 1805 1625 supplicio
1839 1556 2059 1610 afﬁcie-

487 1652 611 1711 tur;
651 1646 753 1700 ltoc
779 1648 923 1699 enim
958 1649 1007 1699 id
1057 1662 1271 1717 quoque
1327 1648 1549 1714 indieal,
1588 1652 1729 1718 quod
1758 1648 2004 1716 sequitur
2041 1664 2057 1701 :

492 1753 511 1785 ‹
556 1735 891 1804 lngredietur
936 1738 1077 1792 enim
1116 1740 1169 1791 in
1213 1740 1617 1808 generationem
1673 1751 1890 1810 gatrum
1932 1755 2062 1791 suo-

2158 550 2313 613 δίκας
2345 552 2446 603 οὐκ
2472 548 2783 610 ἐννοοῦντες
2805 547 2942 617 (99),
2971 546 3110 599 ἀλλὰ
3150 546 3252 615 τὴν
3278 543 3564 613 παροῦσαν
3602 543 3731 596 ἁπό-

2158 641 2349 695 λαυσιν
2403 640 2723 711 βλέποντες·
2766 637 2865 707 τὴν
2893 636 3097 689 τούτων
3133 637 3315 705 κρίσιν
3346 634 3448 705 τὴν
3486 632 3734 702 διεφθαρ-

2163 732 2332 802 μένην
2378 729 2658 801 κωμῳδῶν
2689 730 2717 782 ὁ
2749 727 3025 795 Μελῳδὸς,
3060 726 3155 780 καὶ
3185 728 3269 781 ὅτι
3325 724 3387 777 ού
3424 724 3586 794 μόνον
3638 724 3734 777 οὐκ

2162 822 2456 892 ἐπιτιμῶσι
2520 824 2633 879 τοῖς
2682 820 3110 890 ἁμαρτάνουσιν,
3165 816 3286 870 οὐδὲ
3348 815 3515 885 μόνον
3577 814 3734 867 κολα-

2160 912 2416 966 κεύουσιν
2438 926 2451 941 ·
2483 910 2599 963 ἀλλ’
2627 910 2674 961 εί
2698 909 2808 961 δέοι
2840 910 2975 978 πρὸς
3002 906 3163 978 χάριν
3192 904 3418 959 ἐκείνων
3446 905 3545 957 καὶ
3572 906 3735 974 αὐτὴν

2160 1003 2395 1057 κακῦναι
2448 1000 2547 1072 τὴν
2602 999 2835 1071 ἀρετὴν,
2874 997 3163 1060 κακίζουσι
3213 996 3270 1049 δέ
3319 995 3442 1064 (l)°
3495 994 3621 1063 ἔφη,
3659 996 3735 1048 ὅτι

2165 1117 2183 1149 ι
2228 1098 2290 1150 Ἥ
2327 1094 2474 1165 ψυχὴ
2501 1093 2667 1146 αὐτοῦ
2699 1095 2754 1145 ὲν
2778 1096 2845 1161 τῇ
2883 1092 2995 1161 ζωῇ
3031 1088 3196 1145 αὐτοῦ
3227 1086 3679 1156 εύλογηθήσεται.
3712 1106 3731 1137 ι

2160 1191 2223 1243 Εἰ
2250 1189 2307 1241 δὲ
2338 1189 2432 1240 καὶ
2458 1186 2539 1251 τὸ,
2562 1187 2632 1239 ἐν
2660 1183 2733 1251 τῇ
2770 1182 2905 1251 ζωῇ,
2930 1184 3163 1252 εἴρηται·
3200 1180 3340 1250 μετὰ
3371 1180 3609 1233 θάνατον,
3636 1180 3735 1248 γὰρ

2159 1278 2556 1347 κολασθήσεται
2581 1292 2595 1305 ·
2623 1274 2781 1328 τοῦτο
2804 1274 2912 1344 γὰρ
2944 1273 3035 1325 καὶ
3060 1273 3119 1324 τὸ
3141 1272 3267 1341 ἑξῆς
3304 1269 3526 1340 μηνύει’
3567 1287 3584 1319 ι
3622 1269 3735 1319 Εἰσ-

2159 1370 2437 1422 ελεύσεται
2480 1368 2587 1438 γὰρ
2635 1368 2713 1428 είς
2769 1366 2961 1435 γενεὰν
3002 1363 3257 1432 πατέρων
3287 1362 3479 1417 αὑτοῦ.
3528 1380 3546 1412 ι
3598 1360 3654 1412 Ὀ
3680 1362 3729 1413 δὲ

2161 1461 2622 1530 είσελευσὸμενος,
2656 1459 2757 1512 οὐκ
2789 1459 2869 1519 είς
2918 1457 2978 1509 τὸ
3018 1457 3091 1527 μὴ
3132 1454 3192 1508 ὃν
3220 1457 3408 1525 χωρεῖ,
3437 1454 3517 1516 ὠς
3546 1453 3733 1505 οἴονταί

2161 1572 2306 1616 τινες
2329 1570 2343 1583 ⁸
2378 1552 2495 1606 ἀλλ’
2524 1555 2579 1603 ὲν
2607 1549 2773 1620 χώρῳ
2818 1548 3373 1618 κατακλεισθήσεται,
3407 1548 3469 1598 ὲν
3516 1540 3560 1613 ᾧ
3589 1546 3730 1613 δηλο-

2162 1646 2274 1698 νότι
2303 1644 2407 1706 ἓως
2438 1642 2633 1703 αἰῶνος
2662 1640 2763 1693 οὑκ
2789 1638 2979 1708 ὄψεται
3008 1637 3124 1707 φῶς
3145 1654 3159 1667 ⁸
3210 1639 3268 1689 ὲν
3293 1638 3404 1707 γὰρ
3437 1634 3518 1705 τῷ
3572 1636 3731 1703 σκότῳ

2164 1736 2242 1806 τῷ
2276 1734 2523 1802 ἀσϐέστῳ
2571 1731 2709 1799 μετὰ
2758 1729 2866 1782 τῶν
2898 1728 3362 1797 ἐγκωμιασάντων
3411 1723 3731 1795 καθειρχθῇ-

487 1842 627 1880 rum.
670 1848 688 1880 ι
719 1828 816 1893 Qui
844 1844 974 1887 vero
1000 1831 1323 1897 ingreditur,
1358 1833 1403 1885 is
1438 1849 1541 1885 non
1574 1834 1626 1886 in
1662 1833 1885 1886 nihilum
1920 1833 2062 1885 redi-

2176 1845 2337 1889 σεται,
2362 1825 2516 1887 δίκας
2545 1817 2619 1876 ὧν
2645 1822 2868 1892 ἔδρασεν
2891 1818 3426 1889 ἁπαιτηθησόμενος.

487 1918 633 1988 gitur
662 1919 825 1989 (sicut
860 1923 1237 1977 nonnullorum
1273 1925 1376 1979 fert
1423 1927 1651 1996 Opinio).
1704 1928 1799 1981 sed
1848 1927 1899 1980 in
1938 1927 2057 1978 loco
2092 1922 2327 1992 quodam
2396 1917 2773 1981 concludetur,
2857 1915 2911 1968 in
2939 1928 3047 1981 quo
3079 1913 3331 1965 nimirum
3386 1911 3440 1963 in
3491 1909 3735 1964 saxulum

487 2028 593 2067 non
624 2016 925 2084 conspiciet
976 2017 1172 2073 lucem.
1232 2020 1291 2074 In
1322 2022 1563 2077 tenebris
1608 2038 1839 2093 namque
1870 2021 2202 2094 perennibus
2226 2032 2333 2073 una
2395 2030 2518 2071 cum
2553 2010 2929 2067 laudatoribus
2996 2008 3112 2063 suis
3172 2007 3443 2061 tenebitur
3512 2007 3735 2061 constri-

487 2116 630 2172 ctus,
663 2120 855 2174 ptenas
880 2106 1180 2163 facinorum
1215 2126 1439 2166 suorum
1477 2113 1729 2169 luiturus.

698 2220 904 2275 CLXII.
935 2249 1007 2259 —
1035 2220 1330 2279 OPHELIO
1370 2223 1852 2282 GRAMMATICO.

490 2309 606 2375 Quo
629 2325 781 2379 pacto
828 2314 893 2366 sit
918 2313 1315 2379 intelligendum
1361 2316 1517 2382 illud,
1551 2338 1569 2369 ι
1604 2318 1763 2374 Edita
1792 2320 1926 2373 illud
1949 2336 2068 2373 cum

1013 2383 1349 2452 festinatione
1391 2389 1454 2440 “’.
1506 2407 1525 2439 ι

560 2494 713 2561 Quod
739 2496 1003 2549 sancitqu
1034 2506 1117 2551 est
1141 2498 1253 2567 lege
1292 2518 1305 2553 :
1346 2517 1365 2551 ι
1403 2499 1681 2557 Comedite
1711 2504 1915 2559 Pascha
1945 2520 2066 2559 cum

491 2588 857 2650 festinatione,
925 2607 943 2638 ι
1006 2590 1055 2643 id
1098 2591 1361 2653 nonuttlli,
1416 2601 1470 2644 ut
1513 2592 1747 2660 videtur,
1787 2596 2066 2650 existima-

491 2689 607 2733 runt
645 2681 723 2734 sic
752 2681 954 2735 dictum
975 2697 1095 2735 esse
1128 2682 1263 2744 ideo,
1301 2683 1426 2752 quia
1474 2683 1674 2740 JUdtBlS
1706 2687 1956 2742 celeriter
1994 2704 2064 2743 ex

489 2768 724 2840 Egypto
777 2769 1329 2824 excedendum-erat.
1366 2770 1672 2841 lntelligant
1729 2788 1860 2826 sane
1900 2774 2063 2827 etiam

487 2876 553 2915 eo
578 2862 755 2925 modo,
797 2876 893 2929 per
928 2876 1014 2915 me
1062 2862 1184 2915 licet
1213 2864 1465 2931 (agrestis
1516 2864 1659 2917 enim
1714 2874 1799 2918 est
1830 2865 2066 2919 hominis

489 2951 777 3017 sapientia,
810 2952 1140 3004 contendere
1168 2953 1232 3005 de
1263 2951 1330 3005 iis
1365 2952 1542 3015 rebus,
1572 2968 1691 3020 qua:
1732 2954 2067 3008 auditoribus

493 3043 697 3096 nullam
740 3042 985 3096 allatura:
1022 3043 1131 3097 sint
1171 3046 1435 3110 noxam):
1468 3044 1679 3097 videtur
1730 3055 1908 3097 autem
1952 3055 2067 3098 stu-

2410 2217 2576 2274 PEB’.
2618 2249 2688 2258 —
2721 2218 2966 2288 ΩΦΕΛῘῼ
3013 2216 3505 2284 ΓΡΑΜΜΔΤῘΚῼ.

2165 2312 2297 2380 Πῶς
2319 2312 2572 2380 νοητέον
2598 2311 2686 2364 τὸ.
2711 2328 2727 2361 ι
2755 2309 3002 2363 Ἐδεσθε
3018 2308 3204 2363 αὑτοῦ
3218 2308 3371 2377 μετὰ
3391 2306 3687 2376 σπουδῆς.
3712 2326 3733 2359 ι

2234 2494 2307 2546 Τὸ
2332 2490 2723 2545 τεθεσπίσθαιο
2757 2509 2776 2541 ι
2815 2489 3059 2557 Φάγεσθε
3092 2488 3155 2542 τὸ
3189 2488 3383 2557 Πάσχα
3420 2490 3562 2557 μετὰ
3585 2505 3737 2541 σπου·

2173 2585 2271 2654 δῆς
2295 2602 2307 2615 ·
2347 2604 2366 2635 ι
2415 2583 2672 2653 ὲνόμισάν
2719 2600 2884 2647 τινες,
2929 2581 3005 2645 ὡς
3058 2581 3224 2644 ἔοικε,
3258 2580 3535 2649 λελέχθαι,
3569 2580 3651 2633 διὰ
3686 2582 3737 2633 τὸ

2164 2675 2332 2740 ὀξέως
2363 2675 2560 2746 χρῆναι
2596 2673 2705 2727 ἀπὸ
2761 2674 2860 2743 τῆς
2903 2672 3183 2741 Αἰγύπτου
3219 2673 3563 2742 ὲκφοιτῆσαι.
3592 2671 3736 2723 Νοεέ-

2163 2784 2345 2821 τωσαν
2386 2767 2485 2837 μὲν
2511 2761 2605 2819 οὖν
2636 2767 2730 2819 καὶ
2761 2765 2936 2829 οὕτως
2965 2764 3247 2835 (ἀγροίκου
3278 2766 3388 2835 γάρ
3416 2766 3536 2816 ἐστι
3567 2764 3735 2831 σοφία,

2167 2860 2491 2927 φιλονεικεῖν
2515 2858 2646 2928 περὶ
2701 2857 2812 2910 τῶν
2860 2856 3131 2927 μηδεμίαν
3160 2856 3364 2926 βλάϐην
3406 2859 3522 2918 τοῖς
3563 2858 3738 2924 ἀκροα-

2164 2952 2286 3011 ταῖς
2331 2950 2588 3002 οἰσόντων
2610 2948 2744 3020 [2])
2796 2947 3102 3001 κινδυνεύει
3147 2947 3204 3000 δὲ
3236 2949 3270 3019 ἠ
3317 2948 3525 3017 σπουδὴ
3557 2947 3737 3017 πρᾶξις

2167 3038 2307 3096 εἶναι
2339 3042 2444 3112 πρὸ
2475 3042 2728 3111 πράξεως
2752 3040 2848 3111 (⁸5).
2884 3040 2977 3093 Διὸ
3006 3040 3102 3092 καὶ
3138 3041 3425 3093 σπουδαῖοι
3456 3040 3734 3092 καλοῦνται

490 3135 637 3187 dium
666 3148 783 3186 esse
818 3133 959 3186 actio
994 3143 1121 3187 ante
1166 3134 1433 3187 actionem
1470 3135 1604 3203 (sive
1655 3137 2060 3191 accuratissima

2176 3139 2213 3189 at
2259 3137 2576 3207 εὐδόκιμον
2627 3136 2721 3188 καὶ
2762 3138 2873 3198 τοῖς
2916 3133 3141 3203 φαύλοις
3201 3133 3732 3187 ἀντιδιαστέλλονται.

489 3225 673 3293 actio).
711 3225 974 3290 Quocirca
1016 3226 1181 3278 etiam
1237 3225 1511 3277 σπουδαῖοι
1553 3227 1655 3280 hoc
1707 3236 1791 3281 est
1844 3229 2069 3283 studiosi

492 3326 759 3372 vocantur
800 3316 999 3370 virtute
1028 3314 1291 3380 celebres,
1348 3325 1403 3370 et
1448 3316 1709 3387 improbis
1738 3334 1804 3373 ex
1840 3320 2071 3374 adverso

491 3418 860 3479 opponuntur.
900 3409 1137 3478 Eiusque
1163 3410 1237 3463 rei
1260 3419 1450 3464 auctor
1483 3411 1821 3465 certissimus
1847 3420 1929 3465 est
1959 3410 2071 3467 lso-

493 3508 697 3562 crates,
728 3514 885 3565 quem
921 3509 972 3551 tu
1000 3514 1213 3552 sursum
1244 3514 1309 3552 ac
1340 3500 1588 3553 deorsum
1620 3499 1867 3552 volutans
1898 3501 2066 3554 admi-

496 3589 656 3651 raris,
693 3589 759 3641 ad
798 3588 1143 3641 lleinnnieum
1165 3588 1407 3642 scribens
1436 3588 1487 3639 in
1516 3589 1628 3641 haac
1664 3593 1824 3640 verba
1858 3607 1870 3641 :
1908 3608 1925 3638 ι
1962 3588 2065 3641 Ιιηο

496 3684 787 3748 proborum
821 3681 1039 3748 quidem
1076 3678 1475 3734 familiaritates
1505 3682 1667 3734 breve
1707 3690 1916 3748 tempus
1940 3682 2072 3735 diri-

498 3772 627 3837 mit;
652 3770 915 3825 bonorum
946 3783 1127 3826 autem
1155 3773 1392 3827 virorum
1425 3775 1561 3844 (sive
1591 3774 1978 3844 studiosorum)
2006 3790 2072 3829 ne

495 3860 711 3927 quidem
747 3862 911 3914 ullum
945 3878 1116 3915 anum
1144 3863 1420 3920 deleverit.
1454 3884 1473 3915 ι
1504 3863 1730 3933 Oportet
1758 3865 1924 3934 igitur
1950 3876 2071 3919 stu-

2174 3228 2284 3281 Καὶ
2339 3227 2498 3281 τοῦτο
2544 3227 2812 3295 ἐγγυᾶται
2862 3227 3199 3297 Ἰσοκράτης,
3248 3226 3277 3278 ὁ
3318 3227 3433 3279 ἄνω
3478 3226 3572 3279 καὶ
3605 3225 3739 3277 κάτω

2173 3316 2327 3388 παρὰ
2360 3317 2453 3370 σοῦ
2482 3315 2919 3387 θαυμαζόμενος,
2964 3316 3195 3386 γράφων
3223 3316 3361 3386 πρὸς
3413 3316 3734 3385 Δημόνικον·

2179 3429 2197 3461 ι
2219 3409 2329 3471 Τὰς
2363 3408 2459 3479 μὲν
2486 3408 2595 3460 τῶν
2627 3407 2845 3477 φαύλων
2877 3406 3168 3478 συνηθείας
3229 3406 3408 3475 ὀλίγος
3456 3406 3641 3476 χρόνος
3667 3404 3735 3455 δι-

2179 3501 2369 3553 έλυσε·
2400 3499 2501 3562 τὰς
2544 3498 2601 3551 δὲ
2652 3499 2762 3551 τῶν
2800 3498 3124 3562 σπουδαίων,
3160 3498 3273 3550 οὐδ’
3309 3499 3377 3550 ἂν
3406 3500 3435 3550 ὁ
3474 3500 3580 3560 πᾶς
3622 3496 3736 3549 αἰὼν

2178 3589 2533 3660 aestatem.»
2569 3591 2862 3643 Σπουδαῖον
2881 3586 2973 3643 οὖν
2995 3590 3102 3662 χρὴ
3131 3592 3440 3660 τυγχάνειν,
3471 3590 3612 3643 τούτ⁹
3634 3590 3733 3642 ἔστι

2179 3681 2464 3752 φι).άρετον
2488 3680 2584 3751 (4),
2609 3680 2700 3732 τὸν
2735 3680 2998 3750 μέλλοντα
3034 3679 3234 3733 ἐσθίειν
3253 3680 3315 3731 τὸ
3337 3681 3483 3732 θεῖον
3514 3680 3603 3733 καὶ
3623 3680 3738 3747 ἀλη-

2178 3772 2323 3825 θινόν
2350 3772 2558 3841 Πάσχα.
2586 3772 2763 3823 Ἴσασι
2786 3770 2832 3823 δ’
2859 3772 2907 3823 οἱ
2944 3770 3146 3840 μύσται
3175 3770 3236 3823 τὸ
3267 3770 3584 3840 λεγόμενον,
3609 3770 3737 3822 κατὰ

2176 3865 2275 3935 τὴν
2306 3864 2399 3918 τοῦ
2426 3864 2714 3933 νομοθέτου
2741 3864 3118 3934 πνευματικὴν
3155 3863 3422 3926 διάταξιν.

494 3953 706 4007 diosum
739 3968 878 4019 esse,
914 3954 1015 4007 hoc
1057 3965 1140 4009 est
1198 3955 1415 4008 virtutis
1452 3966 1749 4021 amantem,
1782 3972 1928 4023 eum,
1974 3958 2067 4027 qui
2121 3958 2361 4012 divinum
2430 3966 2484 4011 et
2543 3972 2730 4011 verum
2787 3956 2994 4009 Pascha
3051 3956 3213 4024 digne
3282 3956 3411 4009 velit
3455 3955 3735 4009 comedere.

496 4043 707 4102 Norunt
736 4056 920 4099 autem
956 4046 1095 4113 quod
1135 4046 1337 4100 dicitur
1378 4047 1453 4099 illi
1508 4047 1597 4115 qui
1636 4048 1808 4102 sacris
1864 4047 2063 4103 initiati
2102 4058 2249 4113 sunt,
2282 4050 2579 4102 secundum
2612 4046 2942 4115 legislatoris
2969 4047 3333 4099 sanctionem.

940 4159 1161 4216 CLXIII.
1200 4191 1249 4200 -
1296 4158 1617 4216 EULOGIU.

1026 4252 1221 4306 Contra
1256 4253 1554 4322 Origenem.

2638 4161 2802 4214 ΡΞΓι.
2874 4189 2932 4199 -
2982 4159 3297 4229 ΕΥΛΟΓΙῼ.

2663 4255 2826 4309 Κατὰ
2876 4253 3234 4324 Ὠριγένους.

570 4362 724 4431 Quod
750 4363 818 4419 de
843 4365 1144 4420 animarum
1169 4366 1318 4437 lapsu
1348 4369 1603 4423 traditum
1627 4380 1707 4424 est
1731 4370 1797 4425 ab
1819 4369 2068 4440 Origene,

2226 4371 2333 4424 Τὸν
2357 4388 2421 4422 πε
2431 4371 2484 4442 pl
2503 4371 2600 4441 τῆς
2615 4369 2722 4424 τῶν
2736 4368 2925 4440 ψυχῶν
2940 4369 3018 4440 (5)
3035 4366 3367 4431 ἐκπτώσεως
3392 4366 3568 4436 λόγον,
3581 4363 3741 4436 άληθῆ

574 4519 621 4551 ⁸⁸
649 4519 822 4575 Exod.
845 4536 946 4588 xu,
993 4522 1077 4577 ll.

1607 4688 1846 4745 VARIA‘I
1885 4688 2267 4745 LECTIONES
2302 4689 2392 4745 ET
2431 4688 2662 4746 NOTAE.

578 4840 1063 4915 (99)_llaec_meli_us
1087 4842 1334 4915 ordinata
1362 4850 1418 4915 et
1444 4842 1809 4915 emendatiora
1837 4845 2075 4915 suggerit

505 4918 629 4985 god.
664 4912 780 4985 Vat.
815 4911 938 4985 650.
959 4912 1054 4985 Ed.
1083 4913 1275 4973 νεα-ἰῇ..
1309 4912 1402 4985 καὶ
1429 4914 1595 4985 μυρία
1626 4913 1867 4981 δρῶντας
1903 4911 2075 4985 κξοὺχ

505 4978 583 5036 ὦν
620 4980 833 5052 μηῦστ.
865 4984 961 5035 ἀπ.
993 4983 1145 5043 δίκας
1171 4978 1688 5044 ἐννοοῦντεςίΕῡιτῖ.

578 5051 654 5120 (ἰ)
685 5051 835 5123 Post.
868 5052 1154 5123 κακίζουσι
1178 5053 1318 5106 idem
1343 5057 1463 5107 cod.
1508 5055 1643 5106 tollit
1669 5053 1746 5105 δέ.
1778 5054 1928 5107 Vers.
1954 5064 2077 5123 post

504 5125 541 5195 2
578 5118 772 5195 prohat
795 5121 851 5174 δὲ
882 5122 1007 5195 legit
1038 5118 1094 5175 εὖ
1130 5123 1187 5174 δὲ
1219 5132 1272 5176 et
1304 5125 1462 5191 paulo
1493 5135 1613 5192 post
1661 5125 1876 5195 εἴρηται
1912 5118 2084 5177 ιιιύιιιι

507 5193 561 5246 in
582 5191 861 5262 εἰρῆσθαι.
890 5192 1097 5262 Possm.

578 5261 656 5332 (‘2)
704 5261 1028 5332 ⁷Ἀγροίκου
1088 5261 1197 5331 γάρ
1247 5262 1380 5332 ἐστι
1446 5262 1654 5330 σοφία,
1715 5262 2085 5331 φιλονεικεῖν

508 5331 643 5400 περὶ
690 5332 809 5385 τῶν
854 5331 1148 5401 μηδεμίαν
1176 5331 1420 5399 βλάϐην
1469 5333 1595 5397 τοῖς
1645 5333 1965 5400 ἀκροαταῖς
2006 5336 2087 5385 οἱ-

509 5404 762 5474 σόντων.
798 5401 859 5456 F.
893 5405 997 5471 leg.
1036 5402 1224 5469 σοφιάς
1264 5402 1366 5474 [sic
1404 5406 1522 5458 cod.
1561 5402 1725 5474 Vat.|.
1772 5403 1879 5455 llae
1906 5413 2084 5474 autem

513 5473 779 5542 sapientia
828 5474 974 5526 omni
1019 5487 1134 5526 ιενο
1175 5473 1335 5526 nimis
1384 5474 1536 5526 multi
1592 5474 1844 5526 mortales
1877 5473 2085 5541 praediti

516 5543 755 5606 fuerunt,
785 5542 1168 5613 ἀγροικόσοφοι
1186 5560 1209 5613 ε
1228 5557 1330 5609 qua
1354 5543 1746 5613 compositione
1793 5544 1965 5597 utitur
1990 5542 2087 5596 lsi-

514 5613 632 5667 dor.
670 5613 762 5665 lib.
791 5611 1144 5679 tt,'epist.99.
1182 5611 1345 5666 Rt'rr.

588 5681 661 5750 (3)
685 5681 926 5747 Σπουδὴ
944 5682 1199 5749 πρᾶξις..
1212 5722 1224 5734 .
1240 5682 1351 5750 πρὸ
1365 5679 1653 5749 πράξεως.
1675 5681 2085 5751 Elegantissima

516 5750 779 5820 delinitio,
804 5752 977 5823 qualis
1009 5754 1121 5818 illa,
1146 5753 1279 5824 Χείρ
1339 5754 1486 5806 ἐστιν
1514 5753 1743 5824 ὄργανον
1771 5750 1878 5824 πρὸ
1920 5753 2088 5823 ὀργά-

2877 4758 2901 4792 1

2180 4863 2304 4901 νων.
2333 4844 2424 4899 Sic
2478 4846 2713 4900 studium
2766 4844 2951 4899 definit
2985 4844 3096 4899 Cic.
3140 4844 3233 4898 lib.
3270 4860 3285 4899 ι
3325 4844 3402 4898 De
3443 4845 3733 4902 inventione,

2181 4916 2322 4983 quod
2354 4916 2426 4970 sit
2453 4917 2613 4968 animi
2645 4914 2860 4969 assidua
2890 4928 2942 4969 et
2972 4918 3263 4968 vehemens
3289 4916 3355 4967 ad
3379 4914 3613 4984 aliquam
3643 4928 3737 4966 rem

2181 4985 2447 5052 applicata
2485 5000 2674 5050 magna
2728 5001 2849 5038 cum
2882 4986 3155 5038 voluntate
3203 4986 3509 5053 occupatio.
3564 4984 3635 5037 ll).
3680 5011 3740 5053 έ-

2188 5054 2701 5126 ΙιιιεΓ-ῖτράξεωςίθι
2728 5054 2810 5107 διὸ
2834 5056 2945 5126 b_;ec
2976 5057 3157 5126 omnia
3191 5054 3481 5126 inserenda
3526 5052 3738 5126 suggerit

2185 5125 2304 5177 cod.
2345 5123 2515 5195 Vatic.
2551 5125 2673 5187 6.30,
2708 5124 3025 5192 συγγένειαν
3063 5123 3332 5188 σώζουσαι
3366 5125 3505 5195 πρὸς
3534 5124 3629 5195 τὴν
3654 5138 3740 5195 ita;

2222 5194 2498 5262 ασκευὴν,
2580 5196 2703 5264 ἥτις
2756 5190 2874 5248 ἐστὶ
2954 5196 3159 5265 κυρίως
3213 5190 3422 5264 πρᾶξις
3470 5190 3740 5264 7:981:95:-

2188 5211 2343 5331 ἓεως.
2374 5263 2585 5320 Possm.

2221 5281 2343 5326 εως.
2375 5281 2585 5320 rossuv.

2259 5335 2332 5404 (Vl)
2354 5335 2757 5389 Σπουδαῖον...
2784 5332 3423 5404 τουτέστιίφιλάρετον.
3442 5333 3533 5387 Sic
3562 5331 3739 5404 studio-

2188 5401 2502 5459 sutn'etiant
2550 5406 2872 5459 Cornitieius
2925 5404 2992 5457 ad
3046 5403 3373 5458 Herennium
3411 5404 3535 5458 ead.
3565 5401 3737 5472 signiti-

2188 5475 2400 5530 catiune
2436 5476 2592 5529 dixit.
2625 5475 2790 5528 BITT.

2262 5545 2339 5614 (5)
2368 5544 2494 5602 ﬂre
2522 5547 2709 5609 verba,
2741 5544 2849 5598 τῶν
2894 5544 3105 5615 ψυχῶν,
3151 5558 3270 5612 quae
3305 5546 3360 5598 in
3416 5544 3546 5597 edit.
3585 5539 3736 5615 Paris.

2191 5608 2450 5739 Eccum,
2521 5617 2834 5688 supplemus
2909 5608 3006 5671 ex"
3048 5608 3235 5670 cadica
3305 5614 3561 5669 Vaticano

2239 5699 2350 5739 DIT.

2239 5699 2350 5739 DIT.
