3886 6420
148 426 259 491 1249

1040 420 1571 481 ΕΡῐδΤΟῘΛΠΙΠῙ
1612 422 1756 482 LIB.
1800 421 2235 483 IV.—EI‘IST.
2276 419 2538 479 CLXIII.

3209 418 3345 481 12-50

150 540 246 609 μὲν,
270 534 338 597 ὡς
360 528 529 601 οἶμαι,
560 530 659 582 οὐκ
686 529 835 588 ὖντα,
867 527 1087 581 πιθανὸν
1124 528 1180 581 δὲ
1197 528 1477 591 δοκοῦντα,
1509 529 1679 581 πολλά

1786 530 1834 583 id
1900 531 2109 584 tametsi
2164 545 2371 591 verum,
2431 538 2487 581 ut
2530 537 2678 594 pulo,
2733 542 2840 580 non
2911 527 3001 591 sil,
3058 528 3349 582 verisimile

148 632 226 703 μὲν
261 626 346 680 καὶ
385 624 535 686 ἄλλα,
571 621 662 673 δύο
692 622 747 674 δὲ
779 622 875 690 (ti),
913 621 1051 673 κατά
1075 638 1138 687 γε
1176 620 1265 671 τὸν
1299 621 1564 691 ἡμέτερον
1595 619 1677 671 λο-

144 718 327 791 γισμὸν,
378 712 702 783 ἀνατρέπειν
748 712 925 764 δοκεῖ’
974 712 1030 763 ἒν
1078 712 1196 781 μὲν,
1246 714 1307 765 τὸ
1358 716 1431 782 μὴ
1492 714 1677 783 σαφῶς

142 806 441 879 κεκηρύχθαι
471 807 527 857 ὲν
554 808 673 867 ταῖς
698 805 959 875 Γραφαῖς²
978 804 1223 874 δεύτερον
1252 807 1341 873 δὲ,
1376 808 1408 877 ἡ
1440 809 1676 877 ἄκρατος

142 901 273 971 λήθη.
304 898 373 949 υύ
409 895 685 965 συνορῶσα
713 896 822 965 γὰρ
858 897 957 964 (7),
987 899 1136 948 ποῖον
1160 897 1350 965 ἔμελλε
1372 899 1673 963 τίκτεσθαι,

144 989 403 1045 σκάνδαλον
435 988 498 1037 ἐκ
529 985 621 1037 τοῦ
662 986 961 1055 διαρρήδην
1000 988 1371 1057 κηρυχθῆναι·
1406 991 1533 1059 ρᾷον
1568 989 1675 1060 γὰρ

142 1084 215 1135 ἐπὶ
232 1081 319 1148 τὴν
362 1077 419 1141 ἐξ
446 1076 625 1146 ἀρχῆς
652 1076 1034 1145 ἐπαλινδρόμει
1070 1078 1399 1130 κατάστασιν
1424 1096 1438 1110 ’
1478 1080 1543 1148 ἣν
1574 1097 1674 1131 κα-

140 1168 414 1226 ταπεσοῦσα
443 1169 519 1236 (8)
548 1167 705 1218 τοῦτο
757 1167 1001 1236 μαθοῦσα
1048 1167 1215 1237 ψυχὴ,
1256 1170 1336 1229 τίς
1370 1172 1402 1239 ή
1444 1171 1675 1239 ἄκρατος

142 1265 253 1333 αὕτη
284 1264 372 1315 καὶ
417 1262 611 1331 βαθεῖα
648 1259 807 1330 λήθη.
838 1260 914 1321 ὡς
962 1261 1125 1331 μηδὲν
1163 1262 1328 1330 αὐτὴν
1359 1262 1466 1314 τῶν
1500 1265 1674 1314 ἐκεῖσε

142 1355 438 1427 μεμνῆσθαι,
486 1354 663 1405 καίτοι
692 1352 1123 1421 μνημονεύουσα,
1154 1354 1457 1423 ἀνέδραμεν
1488 1355 1550 1405 ἂν
1581 1355 1676 1423 τὴν

139 1454 390 1523 ταχίστην,
452 1452 576 1505 ὅθεν
628 1450 909 1515 ἐξέπεσεν,
965 1453 1058 1503 καὶ
1114 1456 1161 1505 εἰ
1217 1455 1441 1522 μυρίους
1510 1456 1677 1523 ἐχρῆν

140 1547 401 1614 ὑποστῆναι
437 1545 654 1605 πόνους.
696 1543 805 1594 Καὶ
847 1543 955 1613 γὰρ
1004 1545 1051 1594 εί
1103 1542 1365 1611 βασιλέως
1400 1545 1534 1606 υίὸς,
1573 1545 1677 1597 ἀπὸ

141 1639 377 1710 ῥᾳθυμίας
406 1638 483 1705 (9)
510 1636 610 1705 τῆς
645 1635 928 1705 βασιλικῆς
955 1635 1052 1705 μὲν
1078 1637 1235 1704 δόξης
1262 1636 1507 1698 ἐκπέσοι,
1539 1638 1676 1705 μετά

139 1728 317 1803 λῃστῶν
348 1728 400 1780 δὲ
445 1728 541 1780 καὶ
580 1727 921 1795 ἀνδροφόνων
966 1726 1357 1796 συνδιατρίϐειν
1393 1728 1587 1789 ἕλοιτο,
1642 1729 1675 1797 ἡ

142 1820 298 1890 μνήμη
346 1821 445 1888 τῆς
498 1816 722 1885 πρώτης
777 1817 1081 1885 εὐημερίας
1118 1816 1405 1884 δυνήσεται
1455 1818 1673 1878 ἀπόνως

1781 620 1938 691 5ο5
1972 632 2148 674 tamen
2185 636 2468 690 apparens,
2510 635 2629 672 cum
2666 619 2769 672 alia
2812 619 2973 670 multa
3006 628 3346 685 argumenta,

1780 724 1888 766 tum
1921 714 2000 769 vel
2048 714 2283 767 maxime
2323 716 2448 775 duo,
2483 724 2540 765 ut
2581 722 2761 765 nostra
2804 711 2907 765 fert
2951 713 3230 765 sententia:
3272 727 3342 763 ra-

1780 807 1871 868 tio,
1924 818 2168 859 evertere
2208 808 2454 857 videnlur
2486 821 2681 858 :imum
2731 803 2971 872 quidem,
3018 805 3157 869 quod
3206 804 3349 856 istud

1779 898 1967 964 dogma
2001 897 2051 949 in
2087 896 2379 962 Scriptnris
2415 910 2517 947 nou
2553 896 2624 947 sit
2652 894 2931 961 perspicue
2957 895 3299 960 praediCaInm
3328 910 3344 953 ;

1778 987 2004 1040 alterum
2042 1002 2171 1038 vero
2207 987 2536 1055 impcrmista
2563 985 2779 1037 oblivio.
2815 984 2931 1037 Non
2960 986 3099 1037 enim
3158 981 3342 1035 vident

1779 1081 1936 1147 quale
1964 1081 2299 1131 nasciturum
2334 1080 2403 1130 sit
2427 1078 2739 1130 scandalum
2767 1093 2831 1129 ex
2868 1076 3151 1128 manifesta
3185 1085 3348 1143 atque

1779 1174 1981 1224 diserta
2008 1171 2165 1239 hujus
2185 1170 2450 1235 dogmatis
2474 1170 2875 1237 praedicatione.
2900 1167 3133 1220 Facilius
3151 1168 3345 1234 quippe

1779 1266 1842 1315 ad
1887 1281 2033 1326 eum,
2092 1265 2141 1315 in
2194 1280 2298 1330 quo
2344 1262 2410 1313 ab
2446 1262 2599 1313 initio
2644 1260 2764 1321 fuit,
2801 1268 2998 1311 statum
3050 1268 3341 1309 recurreret

1777 1356 1953 1404 anima
1987 1368 2105 1420 quae
2145 1367 2211 1404 eo
2248 1352 2470 1413 excidit,
2520 1352 2606 1401 ubi
2654 1350 2756 1401 hoc
2792 1346 3058 1399 didicerit.
3095 1346 3345 1411 Quantam

1778 1446 1891 1500 ba-c
1926 1458 2007 1499 est
2038 1456 2279 1498 extrema
2318 1453 2373 1497 et
2410 1434 2668 1511 profunda
2703 1441 2923 1502 oblivio,
2961 1449 3017 1491 ut
3063 1438 3194 1490 nihil
3237 1439 3349 1505 ipsa

1777 1540 2190 1605 (miniuttt,qtl:13
2231 1539 2279 1589 in
2316 1538 2493 1603 priore
2530 1551 2628 1587 suo
2670 1544 2810 1585 statu
2857 1532 3064 1591 habuit,
3107 1530 3351 1582 recorde-

1780 1631 1906 1682 tur?
1932 1632 2093 1698 Atqui
2126 1630 2169 1682 si
2216 1628 2611 1687 recordaretur,
2644 1640 2804 1692 quam
2848 1622 3132 1675 celerrime
3162 1634 3226 1673 eo
3261 1634 3349 1671 re-

1776 1733 2043 1784 curreret,
2098 1722 2239 1773 unde
2289 1730 2433 1772 eSset
2484 1718 2721 1785 delapsa,
2771 1714 3018 1784 quamvis
3065 1721 3351 1766 sexcentos

1778 1821 2053 1878 Oporteret
2100 1812 2332 1863 tolerare
2382 1811 2614 1861 labores.
2672 1806 2803 1859 Nam
2856 1808 2898 1858 si
2943 1806 3081 1871 regis
3124 1802 3350 1865 alicujus

137 1910 330 1979 τάχιστα
353 1911 723 1974 ἐπαναγαγεῖν
757 1909 849 1959 ἐπὶ
883 1908 980 1975 τὴν
1021 1907 1281 1976 πατρῴαν
1316 1907 1490 1970 ἀξίαν.
1527 1909 1586 1959 Εἰ
1617 1907 1672 1958 δὲ

1786 1905 1926 1956 lilius
1951 1920 2045 1970 per
2071 1904 2374 1955 socordiam
2419 1900 2678 1968 dignitate
2707 1898 2919 1964 quidem
2952 1896 3098 1962 regia
3137 1893 3351 1947 excide-

138 2002 382 2062 παντελῶς
404 2000 770 2069 ἀποσϐεσθείη
802 1999 907 2050 ἀπδ
931 2002 1030 2068 τῆς
1059 2000 1237 2066 ψυχῆς
1270 1999 1430 2051 αὐτοῦ
1464 2002 1496 2069 ἡ
1538 2017 1671 2067 προ-

136 2096 244 2164 τέρα
294 2096 501 2163 μνήμη.
542 2092 664 2145 οὔτε
721 2092 944 2163 βαρεῖαν
995 2091 1401 2159 διαιτηΟήσεται
1432 2091 1541 2158 (10)
1576 2093 1674 2158 τὴν

139 2186 252 2253 μετά
276 2186 377 2237 τῶν
404 2185 617 2254 λῃστῶν
646 2183 943 2251 διαγωγὴν,
986 2182 1120 2233 ἀλλά
1148 2184 1241 2234 καὶ
1274 2183 1462 2251 ἥδιστα
1494 2183 1675 2244 αὐτοῖς

136 2275 461 2345 συνδιατρίὸοι
483 2294 497 2305 ·
544 2272 668 2326 οὔτε
706 2291 757 2326 τι
790 2274 986 2342 πράξοι
1018 2273 1127 2324 τῶν
1176 2274 1541 2341 ἐπαναγαγεῖν
1576 2275 1674 2325 αύ-

134 2366 207 2419 τὸν
248 2366 557 2435 δυναμένων
610 2366 693 2431 ἐφ’
759 2365 825 2434 ἢν
891 2365 1013 2432 μηδ’
1066 2362 1171 2415 οἶδε
1232 2366 1540 2434 βασιλείαν·
1600 2367 1673 2436 μὴ

135 2456 354 2525 πράττων
404 2456 464 2507 δὲ
512 2456 580 2506 τὰ.
624 2454 857 2526 φέροντα
900 2455 1065 2507 αὑτὸν
1097 2458 1296 2518 ἐκεῖσε,
1332 2458 1431 2509 οὐκ
1464 2458 1529 2509 ἀν
1577 2459 1673 2508 ἐπ-

133 2548 310 2600 ανέλθοι
358 2546 516 2600 ποτέ.
573 2545 631 2598 '0
682 2545 780 2614 μὲν
812 2543 905 2598 οὖν
956 2546 1053 2613 τῆς
1088 2548 1306 2615 μνήμης
1359 2547 1535 2615 λόγος,
1569 2547 1672 2614 εἴγ’

132 2639 308 2709 ἀληθὴς
352 2636 419 2709 ἦν
472 2642 507 2709 ἠ
569 2639 865 2703 ἔκπτωσις,
932 2639 1133 2701 πάντας
1172 2641 1492 2710 ἀνθρώπους
1542 2643 1673 2711 ἤλα-

133 2746 209 2783 σεν
231 2732 330 2800 (II)
356 2732 447 2784 ἐπὶ
482 2731 580 2801 τὴν
615 2732 872 2785 ἐπάνοδον
892 2747 903 2760 ·
937 2732 969 2799 ὴ
1001 2730 1057 2782 δὲ
1089 2732 1263 2801 σαφὴς
1294 2732 1402 2784 τῶν
1434 2733 1664 2802 Γραςῶν

132 2822 408 2875 διδασκαλία
441 2824 609 2875 πλέον
640 2822 705 2876 ἂν
735 2825 1053 2877 ἐϐεϐαίωσε.
1097 2824 1433 2894 Πιστεύομεν
1458 2825 1513 2877 δὲ
1538 2825 1672 2877 ἄλλα

131 2912 230 2964 τινὰ
267 2914 485 2981 μείζονα
534 2913 693 2983 ἡμῶν
726 2914 856 2967 ὄντα
888 2916 985 2982 τῆς
1016 2915 1175 2978 ἀξίας
1212 2915 1666 2985 ἀποκεκρύφϐαν

133 3002 226 3057 ἀλλ’
248 3003 400 3073 αὕτη,
433 3005 508 3067 ὣς
558 3022 619 3073 γε
646 3000 820 3075 οἶμαι.
858 3007 1106 3072 φαίνεται
1156 3007 1581 3077 ώςελιμωτάτη,
1610 3007 1671 3059 τὸ

134 3096 245 3165 μηδὲ
285 3097 545 3166 ὁπότερον
574 3090 921 3167 γεγενῆσθαι,
974 3098 1147 3151 πολλὰ
1183 3099 1429 3167 δόγματα
1463 3102 1542 3162 εἰς
1580 3100 1671 3152 τὸν

134 3186 225 3254 βίον
270 3186 615 3254 εἰσεκώμασε
669 3187 760 3239 τὸν
816 3189 1105 3258 ἡμέτερον.
1143 3191 1205 3241 Οἱ
1258 3189 1355 3258 μὲν
1391 3189 1499 3259 γὰρ
1532 3191 1670 3241 οῖον-

132 3293 204 3330 ται
232 3279 356 3347 (IS),
387 3278 714 3331 σϐέννυσθαι
753 3280 890 3348 μετὰ
918 3271 1010 3332 τοῦ
1056 3279 1304 3349 σώματος
1334 3281 1431 3349 τὴν
1458 3281 1635 3349 ψυχήν
1655 3296 1668 3310 ·

132 3366 242 3418 οίδὲ
284 3369 363 3421 ὅτι
397 3368 808 3431 ἀπολαύσοντες
847 3369 1008 3438 μόνον
1039 3372 1148 3423 τῶν
1186 3372 1242 3421 ὲν
1283 3371 1418 3439 τῷδε
1450 3371 1526 3440 τῷ
1578 3372 1674 3441 βίῳ

131 3459 283 3511 καλῶν
331 3462 693 3531 παρήχθησαν
742 3463 821 3523 εἰς
858 3461 949 3513 τὸν
979 3461 1121 3530 βίον·
1154 3462 1249 3514 καὶ
1300 3465 1347 3514 οἱ
1383 3463 1480 3532 μὲν
1518 3464 1674 3514 αύτο-

135 3552 371 3621 ματισμὺν
408 3553 831 3623 ὲφαντάσθησαν
850 3568 862 3582 '
897 3555 945 3606 οί
976 3554 1034 3606 δὲ
1064 3555 1375 3623 εἱμαρμένῃ
1400 3554 1492 3605 καὶ
1522 3554 1674 3621 γενέ-

133 3658 201 3695 σει
243 3644 331 3698 καὶ
364 3645 507 3717 τύχῃ
556 3646 627 3697 τὰ
681 3646 804 3698 καθ’
854 3647 1081 3709 ἑαυτοὺς
1118 3646 1462 3715 ἐπέτρεψαν
1494 3648 1588 3698 καὶ
1625 3648 1673 3698 οἱ

133 3732 217 3802 μὲν
241 3736 493 3807 γεννητὸν
518 3737 632 3806 (I5)
657 3732 795 3790 εἶναι
817 3737 910 3790 τὸν
931 3738 1138 3809 κόσμον
1163 3738 1508 3807 ἀπεφήναντο
1539 3738 1671 3807 (ΗΥ

130 3824 171 3875 ol
195 3825 246 3878 δὲ
285 3827 374 3881 τὸν
407 3828 511 3899 μὲν
561 3828 790 3899 οὐρανὸν
829 3829 1086 3899 προνοίας
1125 3828 1426 3899 ἠξιῶσθαι·
1464 3830 1563 3898 τὴν
1617 3830 1675 3882 δὲ

130 3915 215 3986 γῆν
233 3918 373 3990 οὐχί·
407 3921 460 3973 oi
494 3921 539 3973 δ’
572 3921 677 3973 ὑπὸ
709 3922 807 3990 τῆς
840 3922 1035 3984 κακίας
1060 3921 1122 3974 τὸ
1158 3922 1315 3991 σῶμα
1342 3922 1671 3987 πεπλάσθαι,

130 4008 209 4061 καὶ
249 4010 318 4083 μὴ
360 4012 623 4065 δύνασθαι
676 4014 877 4083 ἀρετῆς
921 4014 1150 4083 ὄργανον
1200 4009 1373 4065 εἶναι’
1413 4014 1507 4065 καὶ
1538 4013 1673 4066 ἄλλα

132 4100 303 4170 μυρία·
332 4104 497 4174 ἅπερ,
539 4120 624 4157 θνα
656 4124 729 4175 μη
761 4106 819 4159 τὸ
845 4105 1072 4173 λογίδιον
1102 4105 1454 4176 μηκύνωμεν,
1493 4122 1672 4174 παρα-

128 4186 289 4259 λείψω.
319 4195 503 4248 Ταῦτα
555 4197 611 4248 δὲ
649 4198 827 4249 πάντα
877 4195 1109 4265 ἐσϐέσθη
1135 4197 1270 4265 (l5),
1304 4197 1429 4265 ἢνή
1481 4197 1671 4264 μνήμη

130 4279 211 4347 τῆς
236 4274 500 4355 προτέρας
532 4287 921 4351 καταστάσεως
952 4289 1225 4358 ἐνυπῆρχε
1255 4291 1321 4358 τῇ
1351 4288 1519 4357 ψυχῇ,
1554 4288 1670 4355 εἴγε

131 4371 307 4441 ἀληθὴς
341 4372 408 4446 ἦν
439 4380 469 4430 ὁ
510 4378 611 4447 τῆς
660 4378 988 4442 ἐκπτώσεως
1035 4378 1210 4447 λόγος,
1254 4380 1347 4431 καὶ
1382 4380 1430 4429 εἰ
1475 4380 1533 4429 ὲν
1570 4380 1673 4440 τοῖς

134 4460 273 4531 ἱεροῖς
316 4469 590 4537 χρησμοῖς
627 4469 939 4537 σαφέστατα
992 4468 1270 4539 ἐκηρύχθη
1314 4470 1481 4537 αὐτῆς
1506 4470 1539 4537 ἡ
1578 4468 1670 4521 ἕκ-

1785 2001 1887 2052 ret,
1926 2006 2049 2041 cum
2086 1989 2386 2041 latronibus
2422 2000 2598 2039 autem
2632 1996 2686 2039 et
2723 1986 2937 2037 sicariis
2972 1982 3175 2036 versari
3221 1981 3353 2033 mal-

1785 2081 1873 2142 let,
1915 2082 2173 2132 memoria
2215 2096 2336 2133 eum
2392 2088 2539 2131 certe
2586 2077 2782 2145 prioris
2834 2075 3109 2127 felicitatis
3156 2074 3353 2141 poterit

1783 2170 1927 2221 nullo
1966 2170 2180 2236 negotio
2211 2184 2369 2235 quam
2414 2166 2699 2219 celerrime
2752 2165 3011 2217 reducere
3063 2164 3126 2213 ad
3174 2172 3352 2229 pater—

1782 2278 1907 2313 nam
1938 2262 2278 2327 dignitatem.
2310 2260 2403 2311 Sin
2434 2269 2610 2310 autem
2642 2256 2857 2323 penitus
2890 2254 3155 2308 exstiuCta
3187 2251 3351 2305 fuerit

1779 2362 1939 2418 atque
1972 2351 2145 2403 deleta
2186 2365 2250 2402 ex
2281 2363 2463 2400 annuo
2494 2348 2661 2415 ipsius
2689 2350 2836 2415 prior
2870 2345 3152 2404 memoria,
3180 2356 3353 2409 neque

1780 2457 1943 2508 grave
1983 2451 2079 2492 aut
2129 2440 2342 2492 dilIictle
2389 2442 2546 2492 dmet
2588 2456 2705 2491 cum
2752 2439 3050 2490 latronibus
3111 2452 3351 2487 contnuo-

1782 2533 1887 2584 rari
1924 2550 1937 2584 :
1974 2534 2083 2584 imo
2122 2535 2286 2584 etiam
2338 2532 2697 2585 libentissime
2748 2531 3179 2596 suavissimrque
3229 2544 3352 2579 cum

1780 2624 1911 2690 ipsis
1934 2626 2259 2689 versabitur,
2295 2624 2533 2691 nihilque
2560 2638 2781 2690 prorsus
2810 2620 2969 2674 faciet
2998 2638 3206 2684 eorum,
3234 2634 3352 2685 qme

1779 2725 2000 2785 possent
2050 2718 2224 2783 ipsqu
2267 2716 2331 2767 ad
2380 2732 2624 2783 regnum,
2661 2715 2801 2782 quod
2848 2729 2915 2765 ne
2946 2714 3093 2765 novit
3135 2712 3349 2779 quidem

1784 2808 2034 2874 amplius,
2084 2809 2362 2859 reducere.
2399 2807 2534 2859 Cum
2590 2815 2767 2858 autent
2829 2804 2961 2857 nihil
3014 2819 3198 2856 eorum
3233 2818 3353 2872 qua:

1786 2898 1957 2965 ipsum
1983 2898 2104 2951 illuc
2134 2899 2391 2951 reducere
2414 2908 2652 2965 possent,
2684 2896 2863 2959 faciat,
2890 2912 3161 2964 nunquam
3186 2898 3349 2949 etiam

1783 3007 1848 3045 eo
1900 3002 2221 3045 revertetur.
2281 2990 2463 3059 Itaque
2520 2993 2792 3043 memoriae
2838 2991 3009 3055 ratio,
3062 2990 3106 3042 si
3163 3004 3349 3042 verum

1777 3097 1922 3139 esset
1971 3088 2113 3152 quod
2167 3086 2233 3137 de
2290 3085 2438 3153 lapsu
2480 3085 2781 3137 animarum
2862 3084 3115 3147 traditur,
3161 3098 3352 3135 omnes

1781 3178 2030 3229 homines
2076 3177 2141 3227 ad
2194 3177 2424 3228 reditum
2455 3176 2529 3245 (in
2583 3176 2815 3243 priorem
2857 3187 3054 3230 statum
3100 3177 3349 3230 l'eliciSsi-

1779 3266 1945 3335 mum)
1989 3266 2325 3333 impulisset;
2378 3266 2569 3319 deinde
2615 3268 2896 3332 perspicua
2944 3267 3347 3335 Scripturarum

1774 3359 2021 3411 doctrina
2055 3360 2225 3427 magis
2257 3360 2420 3412 etiam
2464 3360 2680 3411 eosdem
2716 3362 3114 3412 conﬁrmasset.
3159 3360 3350 3412 Credi—

1777 3467 1895 3505 mus
1917 3453 2059 3504 enim
2090 3455 2189 3503 alia
2224 3454 2492 3519 quaedam,
2530 3461 2773 3504 nostrum
2819 3450 3070 3503 meritum
3109 3449 3348 3520 dignita-

1777 3553 1991 3610 temque
2022 3545 2177 3611 longe
2203 3542 2542 3604 excedentia,
2572 3540 2849 3594 recondita
2879 3555 3002 3595 esse
3035 3541 3192 3595 nobis
3212 3557 3350 3609 pra:-

1777 3637 1903 3689 mia.
1940 3634 2044 3688 Sed
2079 3637 2210 3697 lucc,
2246 3644 2302 3685 ut
2336 3648 2434 3702 ego
2480 3633 2756 3696 existimo,
2787 3634 3003 3685 videtur
3035 3632 3345 3697 utilissima,

1775 3730 1920 3797 quod
1966 3726 2163 3779 abolita
2214 3727 2407 3794 prioris
2462 3735 2636 3779 status
2685 3725 2879 3777 auinue
2930 3726 2980 3777 ili
3040 3740 3147 3793 quo
3185 3726 3350 3778 fuerit

1776 3819 2055 3878 meritoria,
2086 3818 2251 3870 nudta
2281 3834 2343 3870 ac
2372 3818 2517 3871 varia
2550 3818 2600 3868 in
2634 3816 2800 3869 vitam
2830 3826 3068 3869 nostram
3094 3818 3348 3884 dogmata

1776 3907 2107 3976 importavit.
2156 3910 2258 3961 Alii
2297 3923 2529 3977 namque
2573 3917 2763 3976 putant
2794 3908 3065 3975 exstingui
3108 3908 3348 3961 animam

1775 4018 1895 4055 cum
1927 4016 2183 4071 corpore;
2226 4003 2318 4055 alii
2352 4018 2481 4056 vero
2515 4004 2655 4068 quod
2698 4002 2751 4055 in
2781 4003 2945 4055 vitam
2978 4005 3113 4054 hanc
3143 4001 3345 4070 produc

1775 4095 1848 4148 cti
1895 4096 2003 4147 sint
2042 4096 2197 4163 quasi
2246 4096 2406 4162 hujus
2453 4102 2658 4148 tantum
2710 4096 2833 4148 vita:
2873 4096 3031 4149 bonis
3062 4093 3348 4162 perfruen-

1772 4186 1899 4241 dmn
1938 4186 2041 4240 sibi
2073 4197 2233 4240 esset.
2272 4184 2339 4238 Et
2370 4186 2460 4238 alii
2498 4187 2715 4252 quidem
2756 4201 2940 4240 casum
2974 4187 3346 4248 temerarium,

1775 4293 1883 4347 quo
1908 4278 2085 4330 omnia
2118 4278 2424 4344 volvantur,
2458 4278 2833 4347 excogitarunt
2858 4295 2874 4344 ;
2899 4278 2988 4331 alii
3024 4288 3203 4332 autem
3235 4279 3348 4333 fato

1774 4381 1829 4423 et
1854 4372 2165 4425 necessitati
2199 4381 2355 4423 ortus
2384 4380 2437 4423 et
2468 4371 2698 4423 fortuna:
2728 4386 2814 4424 res
2850 4371 3115 4424 humanas
3149 4374 3341 4438 permi-

1774 4476 1963 4518 serunt
2006 4463 2486 4517 administramias.
2529 4461 2592 4515 Et
2626 4464 2716 4516 alii
2757 4465 2972 4531 quidem
3010 4476 3188 4517 ortum
3228 4480 3347 4518 esse

130 4568 327 4621 πτῶσις,
354 4557 597 4611 καλοῦσα
626 4560 717 4611 ἐπὶ
742 4561 842 4629 τὴν
874 4561 1152 4613 ἐπάνοδον.
1179 4562 1275 4613 Διά
1311 4559 1408 4628 μὲν
1438 4559 1545 4628 γὰρ
1575 4558 1668 4611 τοῦ

1786 4558 2038 4609 mundum
2093 4557 2515 4623 pronuntiarunt
2575 4557 2705 4614 (alii
2768 4567 2957 4610 contra
3022 4558 3089 4611 ab
3143 4569 3349 4613 aeterno

132 4644 318 4713 πρώτου
348 4651 443 4702 καὶ
472 4649 733 4721 Ἕλληνες
777 4650 872 4705 καὶ
899 4650 1194 4722 βάρϐαροι⁹
1231 4650 1318 4704 διά
1342 4650 1398 4703 δὲ
1427 4650 1519 4703 τοῦ
1548 4650 1672 4704 δευ-

1783 4648 1948 4701 t‘uisse
1974 4647 2027 4719 );
2060 4649 2148 4701 alii
2181 4648 2374 4702 coalqu
2406 4648 2620 4717 quidem
2657 4649 3052 4717 providentiam
3095 4650 3189 4704 Dei
3230 4664 3346 4704 sor-

1184 4820 1419 4877 VARIIE
1457 4818 1841 4876 LECTIONES
1878 4819 1966 4873 ET
2003 4819 2238 4875 NOTAE.

188 4973 258 5047 (li)
284 4976 406 5031 Post
429 4975 525 5030 δύο
549 4977 613 5047 δέ
631 4978 750 5031 cod.
783 4976 901 5031 Vat.
951 4978 1100 5032 addit
1136 4976 1390 5047 μάλιστα.
1449 4975 1667 5047 Possm.

188 5045 255 5111 (7)
281 5049 359 5117 QD
384 5046 709 5115 συνορῶσα
743 5047 875 5116 γάρ.
919 5047 975 5100 F.
1008 5049 1112 5117 leg.
1139 5045 1449 5117 συνορῶσι.
1503 5045 1669 5100 Ri'r'r.

190 5118 255 5181 (8)
290 5114 458 5169 Verba
490 5117 596 5178 illa,
624 5117 692 5186 ἢν
723 5114 1103 5169 καταπεσοῦσα
1128 5128 1183 5170 et
1222 5114 1341 5185 qua:
1372 5126 1673 5183 sequuntur

132 5197 277 5255 usque
297 5188 360 5238 ad
385 5186 531 5255 ψυχὴ
566 5187 855 5244 inclusive.
893 5188 969 5239 sic
998 5187 1156 5239 aliter
1178 5187 1489 5255 scribuntur
1514 5196 1560 5237 et
1587 5200 1676 5255 or-

132 5253 357 5325 dinantur
403 5253 611 5325 mead.
663 5258 808 5319 cod.,
840 5257 874 5325 ἡ
921 5256 1300 5309 καταπεσοῦσα
1342 5253 1490 5324 ψυχὴ
1519 5253 1676 5325 τοῦτο

134 5322 371 5394 μαθοῦσα.
390 5323 532 5394 γΡοει
557 5324 663 5388 τίς,
694 5326 835 5394 quod
862 5322 1054 5379 statim
1084 5322 1523 5394 sequitur,'idein
1553 5324 1676 5377 cod.

132 5390 257 5443 addit
283 5393 358 5447 δέ.
386 5393 597 5449 Possm.

190 5460 258 5534 l9)
286 5460 388 5534 Pro
406 5464 513 5517 ἀπὸ
536 5464 806 5534 ῥᾳθυμίας
833 5466 970 5519 idem
989 5466 1106 5518 cod.
1140 5464 1333 5518 scribit
1353 5461 1671 5534 un_o_verI_)o2

130 5528 693 5649 largwpngupﬁcdgiet'
736 5538 813 5589 sic
862 5536 982 5589 cod.
1040 5534 1233 5587 Bavar.
1274 5546 1361 5601 ap.
1414 5529 1672 5603 Ritterh.]

151 5612 195 5650 Ι).

188 5668 290 5744 (Ili)
320 5669 428 5744 Pro
456 5672 855 5742 διαιτηθήσεται
903 5672 1203 5744 ἰᾴειηγοοιι.
1256 5672 1422 5725 habet
1472 5675 1673 5744 ἡγήσε-

131 5750 222 5792 ται.
251 5739 326 5812 Ιρμ.
360 5742 513 5795 Vers.
554 5739 668 5812 seq.
693 5739 991 5811 ’Διαγωγὴν
1021 5742 1160 5795 idem
1199 5751 1357 5812 auget
1384 5739 1673 5811 praeposito

135 5821 234 5862 συν.
272 5810 387 5867 Mox
418 5826 514 5880 pro
553 5810 911 5884 συνδιατρίὸοι
948 5810 1525 5881 ὲοτὶὺίισυνδιατρίψει
1549 5815 1669 5870 cod.

1776 4977 1899 5031 Vat.

1848 5048 1959 5117 (ll)
1995 5048 2231 5125 Ἤλασεν
2259 5058 2419 5125 auget
2464 5049 2516 5102 in
2555 5048 2872 5125 συνήλασεν.
2928 5050 3080 5105 Vers.
3127 5049 3249 5105 itide
3292 5052 3347 5116 ‘2,

1776 5116 1833 5169 δὲ
1858 5116 2034 5170 mutat
2078 5119 2129 5171 in
2166 5119 2292 5187 γάρ.
2330 5118 2408 5173 In.

1853 5188 1961 5255 (1'2)
2000 5190 2064 5239 Οἱ
2087 5189 2205 5255 μὲν
2230 5189 2339 5255 γὰρ
2388 5189 2631 5242 οἷον-ται.
2675 5188 2846 5242 Varia:
2902 5190 3177 5242 hominum
3230 5192 3331 5259 opi-

1781 5258 1969 5310 niones
2000 5260 2078 5328 ide
2126 5258 2304 5311 anima
2353 5271 2407 5311 et
2454 5261 2812 5328 providentia.
2871 5259 3068 5314 Confer
3116 5277 3203 5328 ep.
3257 5258 3345 5323 99,

1776 5340 1955 5394 Supra.
1998 5327 2157 5379 Ri'r'r.
2457 5327 2466 5328 ί
2887 5365 2890 5368 ~

1849 5397 1965 5518 (I51;
1996 5396 2097 5448 Pro
2127 5396 2386 5466 γεννητὸν
2418 5399 2541 5451 cod.
2576 5397 2697 5452 Vat.
2741 5397 2847 5453 650
2894 5398 3047 5467 ponit
3074 5397 3345 5469 ἀπρονόη-

1849 5482 1886 5517 υ.
1966 5481 2133 5518 ossuv.

1776 5481 1886 5517 τον.
1924 5481 2133 5520 ιιοεειιν.

1849 5534 1960 5608 (14)
1997 5536 2429 5608 ξᾼπεςρήναντο.
2463 5534 2695 5608 Videtur
2716 5536 3043 5608 addendum,
3081 5539 3130 5590 oi
3158 5538 3216 5591 δὲ
3250 5538 3345 5608 μὴ,

1778 5605 1882 5662 vel.
1908 5608 1955 5656 οἱ
1991 5606 2045 5656 δὲ
2074 5606 2365 5673 ἀγέννητον
2390 5606 2484 5658 καὶ
2517 5606 2704 5658 ἀΐδιον.
2738 5604 2903 5661 RIT'I'.

1852 5675 1960 5733 (l5)
2004 5676 2264 5743 Ἐσεὶἐσϐη
2309 5688 2478 5729 mutat
2526 5677 2644 5729 cod.
2686 5676 2818 5748 Vat:
2856 5681 2907 5729 in
2957 5678 3256 5748 ὲσείῖάσοη.
3294 5688 3344 5731 et

1778 5744 1865 5814 ἣν,
1897 5748 2037 5815 quod
2071 5756 2253 5799 storm
2288 5759 2531 5815 sequitur
2586 5748 2639 5801 in
2675 5747 2761 5800 ἄν.
2796 5747 3003 5803 Possm.
