3886 6420
537 395 676 464 ⁸1251

1725 395 1794 454 ’8.
1833 393 2126 454 ISIDORI
2159 395 2596 457 ΡΕΙᾸΙΞΙΟΤᾹΞ

3651 396 3763 461 1252

536 515 692 566 tittnu
731 521 888 575 esse;
917 517 1116 562 terram
1151 521 1282 561 vero
1318 521 1429 560 non
1459 506 1610 559 item.
1645 505 1751 558 Alii
1793 519 1992 573 corpus
2025 519 2095 557 vo-

2214 506 2398 576 τέρου,
2445 508 2686 561 Ἰουδαῖοί
2736 527 2795 562 τε
2848 511 2943 563 καὶ
2987 511 3326 580 Χριστιανοὶ,
3374 511 3471 563 καὶ
3519 510 3625 563 ὅσοι
3663 515 3762 576 ταῖς

534 602 754 655 luerunt
790 617 818 653 a
853 600 998 653 malo
1029 598 1317 653 formatum
1362 613 1506 665 esse,
1533 612 1632 652 nee
1661 596 1771 650 ullo
1801 606 1958 665 pacto
1997 597 2111 648 vir-

536 693 666 747 tutis
715 693 1132 747 instrumentum
1185 703 1308 744 esse
1353 703 1534 758 posse.
1577 690 1807 758 Aliaque
1849 689 2112 758 ejusmodi

526 784 741 840 inﬁnita
778 803 792 838 :
826 799 966 852 quaz,
1000 799 1067 838 ne
1100 783 1504 838 oratiunculam
1547 785 1599 834 in
1652 782 1868 850 longum
1912 782 2113 850 produ-

531 893 743 941 camus,
797 877 1232 946 praitertnittant.
1272 876 1397 929 llaac
1441 884 1621 928 autem
1659 873 1954 943 (dogmata)
1997 890 2113 927 om-

532 971 618 1022 nia
649 970 919 1022 exstincta
952 977 1155 1030 essent,
1187 968 1232 1021 si
1265 967 1524 1020 memoria
1555 965 1754 1033 prioris
1783 964 2112 1020 conditionis

525 1061 586 1113 in
612 1060 794 1114 anima
826 1060 1204 1120 remansisset,
1242 1059 1508 1128 siquidem
1531 1073 1658 1111 vera
1688 1065 1832 1110 esset
1861 1060 1926 1110 de
1957 1058 2109 1124 lapsu

532 1151 727 1206 anima:
758 1151 1047 1215 sententia,
1081 1161 1134 1204 et
1163 1152 1208 1204 si
1246 1152 1296 1204 in
1343 1152 1514 1205 sacris
1552 1152 1788 1205 oraculis
1813 1150 2112 1204 clarissime

529 1241 852 1296 annuntiata
885 1241 1078 1295 fuisset
1110 1240 1226 1309 ejus
1267 1241 1559 1311 prolapsio,
1606 1243 1674 1294 ad
1717 1241 1950 1294 reditum
1984 1255 2108 1306 pro-

532 1351 753 1390 vocans.
798 1334 968 1389 Priori
1012 1335 1155 1387 enim
1199 1335 1410 1387 ratione
1444 1343 1508 1388 -et
1547 1333 1721 1388 Graaci
1770 1342 1824 1386 et
1861 1330 2106 1396 Barbari,

525 1427 696 1498 .506
724 1427 1013 1496 posteriori
1057 1436 1236 1479 autem
1267 1425 1420 1480 ιυιιω
1467 1435 1521 1479 ct
1560 1425 1856 1480 Christiani
1893 1433 1947 1478 et
1989 1424 2111 1491 qui—

533 1535 751 1588 cunque
798 1535 985 1573 sacras
1036 1519 1346 1587 Scripturas
1391 1517 1686 1586 recipiunt,
1727 1515 2111 1586 cognovissent

536 1614 681 1680 quod
710 1612 928 1679 cegnitu
958 1620 1044 1664 est
1089 1609 1484 1664 necessarium.
1521 1609 1795 1663 Praeterea
1828 1623 2106 1663 carcerem

528 1706 614 1777 (in
637 1721 794 1775 quem
824 1705 1100 1758 detrusam
1128 1713 1183 1758 et
1216 1703 1479 1758 inclusam
1511 1717 1631 1758 esse
1670 1703 1960 1773 perhibent
1986 1702 2104 1756 ani—

533 1813 676 1852 mam
720 1804 841 1866 post
881 1795 1111 1865 lapsum)
1139 1795 1388 1864 equidem
1420 1794 1578 1849 video
1629 1794 1790 1849 talem
1832 1808 1972 1859 esse,
2014 1794 2104 1861 qui

2224 600 2398 670 ἱεραῖς
2444 601 2554 673 16)
2607 603 2851 671 Γραεραῖς
2896 604 3194 666 πείθονται,
3231 605 3478 671 ἔγνωσαν
3523 605 3650 675 ὅπερ
3683 606 3763 658 ἁν-

2221 695 2450 758 αγκαῖον
2496 689 2568 763 ἦν
2611 695 2674 746 τὺ
2707 695 2946 762 γνῶναιο
2981 697 3076 748 καὶ
3120 695 3181 746 τὸ
3227 695 3597 766 δεσμωτήριον
3624 697 3764 765 (16')

2221 782 2275 834 δὲ
2299 783 2432 854 ὁρῶ,
2465 784 2525 836 οὐ
2549 784 2872 850 κωλυτικὸν,
2901 786 3014 838 ἀλλ’
3045 786 3335 856 αὐξητικὸν
3362 788 3764 857 ἁμαρτημάτων.

2221 873 2348 936 Πῶς
2393 875 2501 943 γὰρ
2551 877 2894 949 τιμωρεῖται,
2948 879 2979 947 ὴ
3019 877 3240 947 μείζονα
3293 877 3476 930 ἄνεσιν
3525 877 3765 948 δεξαμένη

2219 967 2299 1027 είς
2326 965 2384 1018 τὸ
2417 966 2844 1038 πλημμελῆσαιτ
2878 970 2942 1022 Τί
2972 969 3029 1021 δὲ
3089 970 3198 1040 ἄρα
3230 969 3670 1039 πεπλημμέληται
3711 974 3766 1040 τῇ

2219 1057 2366 1128 ψυχῇ
2403 1059 2590 1128 μεῖζον
2632 1062 2818 1129 φόνου,
2847 1062 2880 1130 ἢ
2917 1063 3179 1132 μοιχείας,
3207 1064 3240 1131 ἦ
3268 1063 3616 1132 φαρμακείας
3637 1063 3765 1131 (17);

2219 1151 2284 1203 Εἰ
2341 1151 2440 1221 μὲν
2493 1148 2585 1206 οὖν
2644 1157 2975 1225 κατηργεῖτο
3009 1157 3042 1224 ἡ
3096 1154 3265 1224 ψυχὴ,
3320 1156 3398 1218 ὡς
3450 1156 3548 1208 καὶ
3587 1157 3768 1209 ἄκουσα

2223 1245 2699 1316 σωφρονισθῆναι,
2744 1248 2901 1314 λόγον
2937 1243 3082 1317 εἷχεν
3126 1252 3154 1302 ὁ
3182 1249 3424 1312 τοιοῦτος
3472 1248 3625 1316 λόγος
3651 1248 3764 1316 (l8).

2220 1334 2388 1386 Ποίαν
2449 1335 2504 1388 δὲ
2551 1340 2821 1408 τιμωρίαν
2857 1340 3049 1409 ὑπέχει
3085 1344 3116 1410 ἡ
3152 1341 3262 1412 (19)
3311 1340 3482 1412 ψυχὴ,
3530 1341 3589 1393 τὸ
3634 1340 3766 1411 σῶμα

2218 1430 2451 1495 τρυφαῖς
2485 1429 2580 1481 καὶ
2634 1431 2913 1500 πορνείαις
2948 1433 3039 1484 καὶ
3078 1435 3199 1495 ταῖς
3224 1432 3414 1495 ἄλλαις
3449 1431 3602 1502 παρά
3633 1431 3767 1497 φύσιν

2218 1519 2537 1589 παραδοῦσα
2579 1521 2816 1591 ἡδοναῖς,
2863 1525 2896 1593 ὴ
2935 1524 3071 1594 μηδὲ
3094 1523 3156 1575 τὸ
3180 1523 3562 1593 δεσμωτήριον
3586 1521 3657 1575 ἔτι
3681 1540 3766 1574 κα-

2217 1609 2466 1679 ταλεῖψαι
2513 1611 2836 1684 βουλομένη,
2891 1617 2924 1685 ἡ
2982 1615 3253 1685 εὐχομένη
3309 1615 3492 1684 γῆρας
3548 1613 3690 1682 βαθὺ.
3737 1616 3764 1684 ἡ

2218 1699 2397 1752 πάντα
2446 1701 2676 1755 ποιοῦσα
2721 1703 2868 1766 ὅπως
2917 1705 3080 1774 μηδὲν
3131 1703 3350 1774 κωλύσῃ
3375 1704 3476 1775 τὴν
3509 1703 3763 1774 ἡδονὴν,ἡ

2218 1790 2314 1842 καὶ
2362 1790 2708 1861 κοιμώμενον
2744 1793 3084 1863 διεγείρουσα
3112 1794 3394 1861 πολλάκις,
3440 1794 3540 1846 καὶ
3570 1794 3765 1864 πορείαν

533 1905 639 1942 non
673 1889 959 1958 prohibeat
994 1889 1088 1941 sed
1121 1887 1302 1956 potius
1333 1895 1527 1956 augeat
1551 1895 1793 1954 peccata.
1830 1884 2095 1951 Quomodt

2213 1880 2396 1946 δοῦσα,
2426 1886 2519 1934 καὶ
2549 1883 2947 1952 παρακαλοῦσα
2977 1885 3038 1936 τὸ
3080 1886 3381 1939 ἀκόλαστον
3401 1902 3417 1950 ;
3441 1882 3630 1948 Οὐδεὶς
3658 1884 3764 1953 βου-

519 1980 677 2034 -enim
728 1979 947 2048 punitur
991 1977 1242 2058 (anima'),
1290 1992 1410 2030 cum
1464 1977 1692 2046 aecipiat
1739 1977 1994 2045 majorem
2041 1977 2107 2028 ad

531 2071 862 2140 peccandum
878 2069 1270 2123 occasionem?
1297 2068 1435 2134 Quid
1461 2077 1640 2121 autem
1665 2068 1906 2135 peccavit
1929 2067 2108 2120 anima

520 2163 870 2233 (priusquam
929 2161 981 2213 in
1041 2175 1241 2229 corpus
1293 2161 1733 2229 demitteretur);
1781 2159 2110 2229 graviorane

534 2253 754 2308 admisit
790 2253 956 2319 cmde,
992 2262 1085 2306 aut
1132 2251 1418 2318 adulterio,
1453 2261 1547 2306 aut
1584 2251 1877 2306 veneﬁcio?
1900 2252 1956 2306 Si
1985 2252 2108 2321 qui-

519 2349 651 2399 dem
694 2345 858 2414 igitur
898 2353 1338 2412 compesceretur
1387 2344 1566 2397 anima
1619 2343 1699 2409 (in
1749 2358 2000 2412 corpore,
2042 2358 2108 2396 ne

521 2445 781 2506 peccaret
814 2435 1089 2506 amplius),
1128 2445 1185 2489 ut
1218 2437 1270 2488 in
1301 2437 1409 2488 vita
1449 2449 1663 2503 quoque
1696 2435 2103 2500 emendaretur,

521 2542 641 2585 tum
690 2544 820 2584 vero
854 2529 1034 2582 locum
1085 2527 1286 2581 habere
1331 2536 1515 2594 pOSset
1571 2527 1671 2580 ista
1724 2526 1886 2581 ratio.
1932 2525 2106 2592 Quale

524 2631 709 2676 autem
747 2620 1069 2690 supplicium
1111 2619 1344 2673 sustinet
1382 2619 1585 2684 anima,
1626 2632 1746 2687 quae
1781 2633 1980 2687 corpus
2011 2617 2105 2671 de-

521 2713 686 2777 liciis,
734 2721 790 2767 et
825 2711 1266 2774 scortationibns,
1321 2719 1374 2762 et
1420 2707 1542 2761 aliis
1575 2725 1604 2761 a
1653 2718 1848 2761 natura
1899 2707 2105 2761 abhor-

517 2802 768 2857 rentibus
798 2801 1162 2870 voluptatibus
1200 2798 1370 2851 tradit
1398 2813 1462 2853 ac
1497 2797 1950 2867 mancipat?quaa
1975 2811 2102 2850 car-

519 2906 699 2946 cerem
734 2905 890 2945 suum
924 2891 1051 2958 (hoc
1077 2899 1162 2943 est
1195 2889 1441 2957 corporis
1469 2889 1884 2958 commercium)
1915 2887 2104 2957 nequi-

519 2984 640 3037 dem
695 2983 1000 3050 relinquere
1041 2979 1273 3051 amplius
1320 2980 1472 3034 vult?
1518 2996 1641 3050 quae
1675 2961 1994 3050 profundam
2038 2996 2102 3035 ac

519 3075 892 3145 longissimam
917 3083 1069 3142 optat
1104 3074 1207 3128 sibi
1236 3074 1554 3144 contingere
1583 3075 1954 3128 senectutem?
1979 3088 2100 3143 quae

518 3167 653 3221 nibil
698 3182 802 3221 non
850 3166 1002 3230 facit,
1040 3179 1106 3220 ne
1135 3166 1431 3235 quidquam
1471 3167 1541 3220 sit
1582 3165 1970 3234 impedimento
2001 3182 2097 3222 νο-
2124 3200 2168 3257 c

517 3258 750 3328 luptati?
796 3274 916 3327 quae
951 3267 1006 3312 et
1045 3258 1404 3313 dormientem
1451 3272 1824 3325 saepenumero
1863 3259 2092 3326 excitat,

515 3360 571 3405 et
606 3351 877 3406 scortandi
916 3351 1232 3406 occasiones
1272 3351 1498 3419 praebet,
1527 3360 1582 3406 et
1617 3352 1898 3406 libidinem
1931 3351 2092 3406 insti-

515 3443 652 3512 gat?
676 3441 848 3497 Nemo
886 3452 1059 3507 certe,
1104 3443 1196 3512 qui
1245 3452 1562 3512 peccantem
1590 3443 1782 3510 punire
1817 3443 1949 3508 vult,
1996 3458 2091 3498 oc-

506 3535 763 3588 casiones
809 3534 909 3603 ipsi
966 3534 1201 3604 majores
1252 3535 1320 3587 ad
1381 3534 1738 3589 exercendam
1804 3533 2086 3588 libidinum

505 3621 866 3690 petulantiam
897 3620 1228 3691 suppeditat.
1258 3620 1369 3674 Cur
1397 3631 1578 3675 autem
1605 3621 1738 3674 dicit
1763 3620 2036 3689 Propheta
2067 3641 2083 3676 :

518 3730 539 3763 ι
572 3711 617 3764 Α
665 3720 857 3766 ventre
899 3714 1090 3766 matris
1137 3727 1292 3777 meae,
1328 3713 1468 3766 Deus
1517 3726 1671 3766 meus
1701 3727 1759 3766 es
1789 3724 1843 3765 ιιι
1869 3713 1940 3777 ⁸ο,
1974 3732 1995 3766 ι
2040 3715 2086 3768 si

511 3811 671 3857 antea
719 3818 937 3874 quoque
988 3803 1146 3858 erat?
1201 3805 1480 3870 Quomodo
1534 3815 1713 3859 autem
1763 3808 2087 3860 resurrectio

510 3908 801 3964 corporum
854 3895 1247 3961 annuntiatur,
1301 3911 1365 3950 ac
1413 3911 1518 3950 non
1573 3897 1755 3965 potius
1815 3896 2085 3950 restitutio

507 3985 815 4040 animarum
852 3986 908 4041 in
941 3995 1147 4041 statum
1176 3987 1422 4058 corporis
1454 3988 1771 4058 expertem?
1805 3987 2086 4054 Quomodo

579 4137 626 4171 ’°
659 4138 803 4195 Psal.
835 4154 951 4206 ut,
982 4139 1075 4195 11.

2215 1971 2438 2041 λόμενος
2467 1973 2692 2028 κολάσαι
2720 1976 2810 2028 τὸν
2837 1977 3254 2048 ἁμαρτήσαντα,
3284 1978 3545 2048 ἀφορμὰς
3575 1978 3764 2048 μείζοκ

2213 2063 2361 2133 αὐτῷ
2399 2066 2692 2130 ἀκολασίας
2724 2067 2928 2122 δίδωσι.
2965 2068 3064 2121 Διά
3092 2069 3146 2121 τί
3193 2069 3340 2137 λέγει
3385 2071 3414 2121 ὁ
3463 2070 3762 2140 Egnatii-‘11};-

2217 2174 2238 2205 ‹
2260 2157 2354 2208 Ἐκ
2378 2156 2586 2219 κοιλίας
2627 2159 2834 2228 μητρός
2868 2177 2994 2228 μου,
3031 2159 3162 2221 Θεός
3197 2177 3299 2229 μου
3331 2157 3385 2213 εἴ
3415 2161 3504 2223 σὺ,
3548 2179 3566 2210 ι
3599 2161 3643 2212 εί
3669 2158 3762 2228 (20)

2206 2247 2307 2300 καὶ
2339 2248 2447 2316 πρὸ
2471 2249 2660 2302 τούτου
2687 2246 2788 2320 ἦν;
2819 2251 2943 2314 Πῶς
2967 2250 3013 2303 δ’
3054 2252 3352 2313 ἀνάστασις
3397 2250 3660 2320 σωμάτων
3683 2267 3763 2302 κα-

2209 2339 2600 2408 ταγγέλλεται,
2632 2343 2729 2394 καὶ
2768 2344 2866 2395 οῦκ
2909 2343 3352 2405 ἀποκατάστασις
3401 2342 3593 2410 ψυχῶν
3623 2341 3761 2404 είςτὸ

2213 2429 2540 2501 ἀσώματον;
2590 2431 2716 2495 Πῶς
2775 2433 2833 2485 δὲ
2886 2436 2914 2486 ὁ
2971 2434 3226 2504 Ἀϐραὰμ
3258 2435 3352 2487 καὶ
3385 2435 3421 2504 ἡ
3477 2434 3642 2485 Ἀννα
3680 2433 3760 2500 τὴν

2209 2521 2464 2574 ἀπαιδίαν
2529 2520 2903 2592 ὠλοφύροντο;
2967 2524 3092 2588 Πῶς
3145 2524 3238 2588 δὲ,
3313 2526 3362 2577 εί
3423 2527 3484 2579 ὲν
3544 2524 3760 2592 εὐλογίας

2207 2611 2365 2682 μέρει
2413 2611 2566 2666 ἔσται
2621 2612 2700 2678 τὸ,
2754 2632 2773 2664 ‹
2819 2614 3127 2679 Αύξάνεσθε
3160 2615 3253 2668 καὶ
3287 2615 3644 2687 πληθύνεσθε,
3682 2615 3759 2667 καὶ

2205 2701 2535 2772 πληρώσατε
2561 2703 2659 2774 τὴν
2688 2705 2826 2774 γῆν;
2861 2724 2879 2757 ι
2923 2706 3180 2774 Ἀγωνιού
3189 2724 3339 2778 μενοι
3364 2707 3477 2777 γὰρ
3504 2705 3758 2776 παρήχθησ

2206 2809 2328 2861 μεν,
2357 2793 2417 2845 οὐ
2443 2793 2599 2856 δίκας
2623 2795 2762 2865 ὑπὲρ
2793 2795 3076 2866 προτέρων
3107 2798 3470 2866 πταισμάτων
3496 2796 3752 2858 δώσοντες.

2203 2884 2269 2936 Εἰ
2313 2883 2358 2936 δ’
2412 2885 2470 2936 ὲν
2502 2884 2582 2955 τῷ
2625 2885 2799 2953 ἀγῶνι
2828 2885 2915 2939 διὰ
2946 2885 3218 2956 ρᾳθυμίαν
3249 2887 3616 2958 ἀναπέσωμεν
3643 2885 3755 2952 (21),

2200 2975 2385 3029 ἄνεσιν
2433 2975 2491 3028 δὲ
2533 2976 2882 3048 ζητήσωμεν,
2913 2978 3036 3031 τότε
3085 2978 3172 3050 δὴ,
3208 2979 3328 3032 τότε
3370 2978 3593 3041 δικαίως
3622 2980 3758 3032 ἀστε-

2201 3069 2439 3136 φάνωτοι
2487 3069 2797 3140 γενώμεθα.
2830 3071 2979 3140 Πλὴν
3008 3071 3125 3124 ἀλλ’
3161 3072 3350 3143 ἐπειδὴ
3385 3074 3436 3125 οί
3469 3072 3659 3126 κακίαν
3685 3071 3756 3124 δο-

2200 3160 2590 3229 γματίσαντες,
2615 3162 2819 3232 ἀρετῆς
2851 3161 3176 3232 ἀντέχεσθαι
3204 3164 3529 3235 ’παρῄνεσαν
3550 3163 3756 3234 (ταύτην

2198 3251 2307 3322 γὰρ
2359 3253 2617 3321 ἐνόμισαν
2661 3247 2800 3306 εἶναι
2848 3253 3080 3323 ἀρίστην
3129 3254 3473 3324 χειραγωγὸν
3517 3255 3752 3326 πρδςτὴν

2196 3341 2458 3396 ἐπάνοδον
2479 3343 2520 3412 ).,
2556 3344 2653 3397 καὶ
2684 3346 2717 3414 ἡ
2767 3344 3083 3414 Ἐκκλησία,
3115 3347 3148 3415 ἡ
3183 3347 3263 3409 εἰς
3291 3347 3484 3414 ἀγῶνα
3515 3347 3622 3417 (22)
3647 3347 3751 3408 τοὺς

2197 3433 2519 3507 ἀνθρώπους
2564 3435 2822 3506 τετάχθαι
2875 3436 3288 3508 ίσχυριζομένη,
3322 3439 3405 3501 είς
3437 3439 3632 3509 ἀρετὴν
3659 3456 3748 3493 πα-

2199 3531 2450 3599 ρακαλεῖ·
2494 3530 2584 3583 διὰ
2631 3529 2740 3601 γὰρ
2770 3531 2975 3602 ταύτης
3011 3531 3138 3596 τοὺς
3174 3532 3556 3603 νενικηκότας,
3599 3536 3653 3587 ὲν
3677 3534 3752 3586 οὗ·

2196 3621 2344 3692 ρανῷ
2385 3622 2835 3692 ἀνακηρυχθῆναι
2874 3623 2970 3675 καὶ
3006 3624 3304 3693 στεφθῆναι
3353 3625 3746 3693 ἐπαγγέλλεται·

2193 3712 2456 3780 ἀφέμενοι
2507 3713 2686 3766 τοίνυν
2741 3712 2837 3764 τοῦ
2892 3713 3228 3784 ζυγομαγεῖν
3283 3715 3422 3786 (22‘)
3480 3717 3607 3786 περὶ
3653 3716 3749 3769 τῶν

2191 3803 2732 3874 ἀμφισϐητησίμων,
2791 3805 2874 3868 είς
2928 3805 2992 3858 τὸ
3054 3806 3487 3878 ὁμολογούμενον
3546 3809 3748 3869 ἑαυτοὺς

2193 3894 2599 3964 συνελάσωμεν.
2651 3895 2714 3948 Εἰ
2768 3893 2875 3965 γὰρ
2941 3895 3183 3950 κάκεῖνοι
3237 3900 3328 3951 καὶ
3385 3900 3550 3969 ἡμεῖς
3605 3900 3746 3952 παντὶ

2193 3985 2370 4040 σθένει
2415 3988 2513 4058 τὴν
2569 3987 2768 4058 ἀρετὴν
2803 3989 3161 4061 ὲκθειάζομεν
3196 3990 3332 4063 (25),
3381 3991 3522 4046 ἀλλὰ
3568 3993 3744 4063 ταύτην

1586 4297 1827 4352 VARUE
1867 4299 2254 4356 LECTIONES
2283 4301 2372 4356 ET
2410 4300 2644 4358 NOTAE}.

575 4477 698 4559 (16)
724 4475 839 4559 vox
868 4479 1041 4559 ἱεραῖς
1075 4478 1225 4559 abest
1254 4493 1284 4531 a
1311 4477 1431 4532 cod.
1463 4476 1588 4533 Vat.
1617 4475 1721 4530 650
1747 4478 1822 4532 uti
1851 4487 1904 4532 et
1929 4493 2070 4532 vers.
2106 4481 2150 4535 D

503 4563 616 4614 seq.
649 4548 710 4600 τὸ
732 4558 855 4602 ante
884 4547 1105 4616 γνῶναι.
1136 4547 1348 4601 Possm.

573 4617 704 4688 (16')
746 4617 1176 4686 Δεσμωτ-ήριον.
1220 4618 1556 4671 Platonicum
1583 4633 1802 4686 quoque
1836 4619 1938 4671 ltoe
1965 4628 2070 4682 est,

501 4702 699 4755 corpus
725 4703 844 4741 esse
892 4703 1167 4741 carcerem
1221 4689 1404 4739 anitni.
1439 4693 1612 4753 Quam
1657 4689 1709 4741 in
1749 4689 2071 4741 sententiam

501 4760 830 4824 epigramma
867 4768 1045 4811 exstat
1072 4758 1304 4810 Pallada:
1340 4759 1433 4812 lib.
1484 4772 1522 4810 ι.
1573 4758 1812 4823 Anthol.,
1859 4758 1942 4810 tit.
1980 4759 2071 4811 '57.

492 4847 665 4916 Σῶμα
698 4846 870 4919 πάθος
898 4848 1099 4917 ψυχῆς,
1124 4847 1276 4918 ᾅδης,
1305 4851 1469 4919 μοῖρ’,
1499 4848 1682 4918 ἄχθος,
1713 4849 1950 4918 ἀνάγκη,

570 4919 680 4988 Καὶ
713 4917 910 4988 δεσμδς
939 4917 1226 4988 κρατερὸς,
1258 4917 1352 4971 καὶ
1385 4917 1603 4982 κόλασις
1634 4918 1901 4988 βασάνων.

510 4986 1026 5058 Ἀλλίὸτανλὲξέλθῃ
1058 4986 1150 5058 τοῦ
1187 4988 1436 5058 σώματος
1467 4990 1543 5052 ὡς
1575 4986 1681 5040 ἀπὸ
1709 4987 1928 5056 δεσμῶν

569 5056 676 5109 Τοῦ
713 5056 966 5121 θανάτου,
1003 5056 1193 5126 φεύγει
1218 5056 1354 5129 πρὸς
1373 5059 1516 5112 -Θεὸν
1548 5058 1830 5111 ἀθάνατον.

497 5147 611 5202 Hoc
631 5159 714 5203 est
743 5165 757 5201 :

496 5238 719 5308 Corpus,
767 5242 960 5307 fatum,
987 5255 1164 5300 orcus,
1190 5255 1388 5305 carcer,
1410 5239 1568 5306 .dolor
1614 5248 1767 5308 atque
1797 5257 2072 5307 gravame-n

571 5307 663 5362 Est
693 5311 890 5370 animo,
929 5311 1126 5362 miseris
1155 5311 1292 5362 hunc
1317 5312 1622 5376 cruciatque
1649 5307 1837 5362 modis.

498 5379 559 5431 At
584 5394 684 5449 sua
724 5381 951 5449 deseruit
987 5381 1143 5432 simul
1179 5379 1266 5432 ille
1298 5383 1586 5449 ergastula,
1619 5382 1749 5432 liber

568 5447 821 5502 Omnibus
849 5450 929 5501 his
965 5454 1108 5503 sedes
1141 5449 1304 5502 evolat
1335 5447 1401 5502 (id
1431 5451 1709 5512 Superum.
1742 5451 1904 5504 lltn‘.

573 5518 689 5593 ΗΖ)
742 5518 848 5573 Pro
907 5520 1253 5590 φαρμακείας
1306 5522 1453 5588 cod”
1492 5521 1590 5575 Vat
1637 5521 1797 5575 habet
1845 5521 2066 5593 φαρμά-

496 5603 611 5640 κου.
639 5585 848 5644 Possm.

567 5654 679 5726 (‘18)
714 5657 841 5714 Post
873 5659 1028 5727 λόγος
1067 5671 1122 5712 et
1165 5669 1291 5714 ante
1338 5659 1496 5712 ποίαν
1559 5660 1672 5715 haec
1716 5661 1895 5713 omnia
1928 5661 2068 5715 idem

680 5728 813 5852 elllfé
837 5730 1058 5800 μείζονα
1080 5730 1112 5799 ἢ
1142 5731 1401 5800 πρότερον
1421 5731 1726 5801 ἁμαρτάνει
1756 5731 1971 5798 ἄλογος,
1991 5732 2069 5796 ὡς

493 5810 666 5863 caput.
703 5810 781 5854 ID.

2256 4477 2368 4618 (19)
2390 4478 2534 4532 Inter
2562 4481 2678 4562 ἠρι
2706 4480 2852 4552 ψυχὴ
2870 4481 3028 4562 idem
3061 4483 3252 4562 inserit
3281 4485 3538 4556 ἡδομένη.
3569 4484 3644 4540 Is.

2256 4549 2345 4617 (20
2412 4549 2558 4603 Inter
2579 4566 2626 4601 ει
2657 4562 2709 4603 et
2742 4554 2836 4603 καὶ
2869 4555 3060 4606 Inserit
3091 4571 3174 4618 γε.
3214 4554 3368 4610 Vers.
3401 4569 3520 4618 post
3549 4558 3604 4618 4,
3637 4575 3644 4607 1

2256 4549 2374 4623 (20)
2412 4549 2558 4623 Inter
2579 4551 2626 4601 εί
2657 4562 2709 4603 et
2742 4549 3060 4606 xotl'inserit
3091 4571 3174 4622 γε.
3214 4549 3520 4623 Veis-post
3549 4558 3604 4619 4,
3637 4556 3741 4618 πῶς

2178 4619 2234 4671 δὲ
2270 4621 2404 4741 tu||lit
2449 4619 2497 4669 εἰ
2542 4630 2592 4673 et
2641 4622 2798 4690 paulo
2847 4633 2970 4691 post
3013 4619 3110 4694 pro
3161 4624 3319 4678 ἔσται
3367 4619 3554 4682 scribit
3602 4629 3735 4696 εἰρη-

2178 4707 2284 4741 ται.
2332 4706 2382 4741 D.

2178 4707 2284 4743 ται.
2311 4706 2382 4744 ID.

2249 4759 2359 4828 (Ἡ)
2391 4759 2535 4814 Inter
2564 4761 2960 4832 ἀναπέσωμεν,
2989 4775 3044 4818 et
3072 4764 3256 4832 ἄνεσιν
3293 4767 3408 4821 limo
3450 4767 3513 4820 ιτ.
3556 4766 3617 4821 C.
3643 4764 3731 4821 οδε

2184 4830 2391 4908 inserit,
2428 4832 2521 4883 καὶ
2540 4831 2668 4908 ,τῶν
2694 4833 2790 4901 μὲν
2826 4830 3100 4902 στεφάνων
3137 4830 3302 4908 ἦττον
3338 4839 3731 4908 φροντίσωμεν.

2181 4898 2245 4976 γ.
2279 4913 2392 4968 seq.
2427 4898 2714 4976 ysvtbpeed
2739 4913 2911 4976 mutat
2932 4898 2996 4957 in
3034 4898 3326 4976 μενοῦμεν,
3351 4898 3734 4963 ’ὲοιιιιιιιιεάύο

2181 4970 2356 5050 dens:
2393 4970 2678 5050 autemst;
2708 4970 3220 5050 bestiopsvaersu
3265 4992 3381 5047 seq.
3413 4994 3509 5050 pro
3554 4979 3605 5030 oi
3646 4994 3734 5030 κα-

2181 5039 2323 5098 κίαν,
2353 5040 2544 5093 scribit
2573 5042 2622 5092 οἰ
2662 5039 2911 5096 κάκεῖναξ
2939 5045 3013 5098 In.

2253 5109 2496 5185 (‘@“._2)Pro
2521 5110 2710 5185 άγῶνα
2739 5115 2858 5185 cod.
2897 5115 3032 5168 idem
3061 5118 3211 5184 ponit
3233 5119 3469 5185 ἀγῶνας.
3525 5121 3599 5177 in.

2212 5250 2223 5259 .
2251 5179 2386 5247 (22')
2404 5180 2702 5260 ᾎφέμενοι
2729 5179 3074 5260 τοίνυγ-τοῦ
3105 5179 3475 5257 ζυγομαχεῖή
3504 5193 3729 5247 Salubeh

2182 5252 2314 5325 rima
2351 5252 2647 5325 a_tl_monitio
2680 5267 2838 5325 quam
2870 5255 2997 5308 alibi
3036 5252 3251 5325 quoque
3272 5252 3458 5322 habet.
3485 5273 3537 5316 ut
3563 5261 3654 5314 lib.
3669 5273 3724 5312 tu

2178 5321 2336 5388 epist.
2368 5320 2456 5382 57,
2488 5333 2562 5385 ut,
2602 5323 2818 5376 omissis
2857 5320 3294 5382 con-tentionibus
3331 5333 3400 5384 de
3431 5320 3582 5386 rebus
3609 5331 3725 5382 Olb-

2176 5391 2408 5468 curitate
2441 5391 2715 5470 involutis,
2765 5393 3137 5450 incumbamus
3189 5400 3240 5450 in
3283 5400 3356 5463 id,
3406 5402 3542 5470 quod
3593 5399 3724 5468 apud

2172 5471 2360 5531 omnes
2393 5459 2739 5531 iuﬂconfesso
2777 5473 2880 5526 est,
2917 5480 3105 5531 nempe
3151 5469 3201 5520 in
3253 5459 3538 5525 virtutiset
3565 5459 3725 5524 hcine-

2167 5529 2326 5605 statis
2353 5530 2611 5605 studium.
2639 5531 2792 5595 Quod
2821 5534 2866 5585 si
2893 5529 3070 5599 ﬁeret,
3104 5539 3290 5605 ιιι-θεαί
3344 5542 3504 5595 dubio
3542 5541 3722 5594 melius

2168 5597 2431 5677 haberent
2458 5615 2547 5677 res
2579 5601 2846 5677 humanm,
2883 5618 3004 5671 qua:
3046 5597 3187 5660 nunc
3225 5613 3426 5677 passim
3462 5610 3716 5669 laborant,

2169 5669 2297 5751 dum
2321 5683 2508 5722 omnes
2529 5671 2588 5751 in
2622 5675 2781 5751 rebus
2819 5669 3186 5751 controversis
3204 5669 3476 5750 satagunt,
3499 5693 3716 5751 quarum

2168 5736 2341 5807 nullis
2366 5739 2636 5807 reperitur
2660 5741 2860 5797 exitus.
2895 5743 3060 5801 Rm.

2240 5805 2351 5876 (23)
2387 5805 2530 5864 lutet
2576 5809 2930 5883 ὲκθειάζομεν
2978 5829 3034 5873 et
3085 5817 3220 5873 ἀλλὰ
3263 5821 3378 5878 haec
3421 5823 3550 5880 idem
3589 5818 3712 5875 cod.
