3886 6420
170 400 275 463 1253
1042 392 1583 454 EPISTOLARUM
1626 391 1772 449 LIB.
1813 389 1912 450 IV.
1947 414 2015 424 —
2051 390 2288 451 EPIST.
2325 391 2534 452 CLXV.
3259 392 3389 458 1255

166 508 478 578 ἀτιμάσαντες
519 503 618 572 τὴν
642 503 772 556 -ὑπὸ
807 501 1086 572 ἑκατέρων
1135 501 1246 552 τῶν
1281 499 1462 569 μερῶν
1500 499 1710 566 θαυμα-

1822 495 2165 548 Ahrahamus
2191 505 2245 550 et
2276 497 2430 550 Anna
2476 498 2764 567 (Samuelis
2814 510 3008 571 mater)
3049 501 3389 557 sterilitatem

163 599 359 668 ζομένην
416 593 562 662 παρὰ
615 591 711 644 τοῦ
772 590 1056 652 δοκοῦντος
1119 589 1323 659 ἀδήλου
1379 587 1707 656 πράγματος

1822 587 2214 656 nrbitatemque
2248 591 2621 644 delleverunt?
2653 592 2931 657 Quomodo
2965 594 3016 647 in
3059 595 3392 648 benedictio-

165 689 352 748 ἑαυτοὺς
389 683 718 754 παρέχομεν.
752 683 877 734 Εἴτε
903 681 1014 752 γὰρ
1038 681 1419 742 ἐκπέπτωκεν,
1455 678 1528 739 ὼς
1563 679 1706 728 ἐκεί-

1822 678 1904 731 uis
1934 689 2086 746 parte
2114 682 2441 732 censendum
2473 683 2576 734 erit
2610 683 2736 735 illud
2768 701 2782 737 :
2816 701 2835 734 ι
2875 683 3134 748 Crescite,
3167 697 3222 738 et
3257 681 3392 736 mul—

163 780 225 832 voi
260 793 425 846 φασιν,
465 774 669 845 ἀρετῆς
727 774 886 844 χρεία
925 773 1058 842 πρὸς
1111 771 1209 840 τὴν
1262 769 1539 822 ἐπάνοδον·
1591 768 1701 820 εἴτε

1822 770 2155 838 tiplicamini,
2205 781 2258 825 et
2299 771 2502 840 replete
2537 783 2737 826 terram
2764 774 2853 826 9‘?
2888 793 2908 825 ›
2967 773 3103 828 Nam
3140 776 3390 828 certami-

163 865 493 936 ἀγωνιουμένη
551 863 830 934 παρήχθη,
864 863 938 925 ὡς
967 863 1128 932 ⁹ἡμεῖς
1163 878 1364 931 φαμεν,
1398 861 1464 913 δι’
1496 861 1699 931 ἀρετῆς

1822 877 1932 912 tum
1990 862 2362 914 adeundorum
2417 865 2632 933 gratia,
2694 879 2799 919 non
2847 875 3026 920 autem
3094 879 3148 920 ut
3200 881 3391 935 pmuas

161 961 199 1012 οἱ
230 960 455 1025 στέφανοι
495 955 808 1008 πλέκονται.

1822 953 2042 1006 »τίοτυιη
2087 955 2411 1008 delictorum
2460 957 2866 1024 persolvamus,
2924 959 2975 1011 in
3029 959 3171 1012 hanc
3219 959 3382 1011 vitam

160 1054 368 1124 producti
396 1066 607 1106 smnus.
638 1050 791 1117 Quod
829 1049 874 1103 si
909 1050 960 1102 in
992 1048 1136 1101 lucta
1167 1063 1231 1101 ac
1264 1047 1564 1101 certamine
1615 1046 1720 1100 isto
1755 1061 1853 1114 per
1891 1050 2160 1118 ignaviam
2235 1060 2398 1119 atque
2451 1053 2757 1105 socordiam
2829 1053 3296 1118 succubuerimus,
3336 1059 3392 1107 et

160 1145 488 1200 remissionem
531 1159 594 1196 ac
628 1145 870 1212 requiem
900 1142 1332 1210 qttmsiverimus,
1368 1150 1495 1193 tunc
1532 1154 1682 1204 sane,
1727 1149 1876 1202 tunc,
1933 1142 2322 1210 inquam,jure
2365 1144 2669 1212 meritoque
2749 1158 3074 1198 coronarum
3139 1154 3388 1212 expertes

157 1239 344 1292 erimus.
378 1236 575 1290 Verum
613 1238 868 1305 quoniam
901 1238 974 1288 illi
1008 1238 1097 1304 qui
1138 1237 1326 1288 vitiosa
1359 1233 1699 1287 tradiderunt
1742 1235 2018 1304 dogmata,
2058 1247 2236 1290 tamen
2279 1239 2531 1291 virtutem
2579 1239 2830 1308 amplecti
2901 1255 3000 1294 nos
3076 1249 3392 1294 nionuerunt

158 1336 292 1404 (hanc
322 1333 455 1385 enim
485 1332 738 1385 arbitrati
775 1333 1187 1400 suntoptimum
1223 1332 1412 1383 ducem
1445 1331 1509 1382 ad
1558 1329 1789 1382 reditum
1846 1331 1900 1382 in
1941 1331 2173 1397 priorem
2246 1331 2525 1386 felicitatis
2622 1337 2846 1406 statum)
2890 1353 2903 1388 :
2977 1336 3214 1390 Ecclesia
3258 1350 3392 1405 quo-

155 1441 256 1492 que,
304 1425 593 1487 allirmans,
645 1423 892 1477 homines
942 1424 1007 1475 ad
1065 1422 1263 1474 luctum
1316 1431 1370 1472 et
1414 1430 1684 1472 certamen
1739 1421 2020 1474 ordinatos
2055 1435 2198 1486 ϐεδε,
2243 1425 2308 1475 ad
2399 1425 2652 1477 virtutem
2691 1439 2785 1480 eos
2818 1427 3021 1480 excitat
3100 1439 3154 1479 et
3203 1427 3393 1481 horta-

157 1525 240 1569 tur.
270 1513 364 1568 l'er
400 1515 537 1567 hanc
565 1515 710 1567 enim
746 1529 840 1568 eos
874 1515 966 1581 qui
992 1514 1242 1575 vicerint,
1283 1512 1333 1564 in
1364 1511 1532 1564 ccelos
1585 1512 1871 1578 praeconiis
1925 1521 1980 1565 et
2066 1514 2287 1568 coronis
2392 1527 2645 1570 ornatum
2703 1518 2768 1571 iri
2852 1519 3153 1587 pollicetur.
3213 1518 3388 1582 Quare

153 1605 336 1658 omissis
369 1603 811 1658 contentionibus
857 1604 927 1656 de
975 1603 1138 1657 rebus
1203 1602 1381 1656 dubiis
1425 1609 1588 1669 atque
1658 1601 1906 1654 obscuris
1957 1601 2025 1655 ad
2111 1602 2163 1654 id
2237 1605 2376 1671 quod
2425 1607 2568 1671 apud
2655 1621 2847 1661 omnes
2905 1608 2958 1661 in
3011 1607 3260 1661 confesso
3309 1617 3394 1662 est

155 1701 476 1768 nosmetipsos
501 1715 912 1770 congregemus.
952 1698 1084 1752 Nam
1109 1708 1163 1753 et
1190 1699 1292 1768 ipsi
1324 1708 1378 1751 et
1409 1714 1506 1752 nos
1537 1698 1682 1751 omni
1726 1697 1923 1750 robore
1964 1700 2218 1750 virtutem
2264 1709 2520 1767 tauquam
2589 1716 2702 1755 rem
2744 1703 2978 1756 divinam
3052 1704 3391 1758 celebramus

154 1808 287 1864 atque
329 1795 654 1850 extollimus.
714 1794 821 1850 Sed
874 1796 1093 1849 interim
1151 1810 1270 1848 eam
1322 1809 1440 1863 qua:
1485 1797 1689 1862 absque
1733 1793 2104 1847 controversia
2147 1793 2216 1844 ab
2300 1805 2528 1862 utraque
2579 1804 2733 1864 parte
2804 1796 2856 1849 in
2891 1796 3248 1850 admiratione
3291 1796 3390 1848 ha.

154 1895 302 1958 betur,
347 1895 701 1964 negligentes,
743 1895 809 1946 de
853 1906 910 1946 re
958 1893 1193 1947 obscura
1241 1903 1296 1946 et
1342 1901 1690 1945 controversa
1733 1891 1874 1943 inter
1904 1904 2001 1943 nos
2068 1890 2450 1959 digladiamur.
2528 1891 2655 1945 Sive
2700 1892 2845 1945 enim
2875 1891 3024 1955 lapsa
3069 1899 3152 1946 est.
3185 1891 3388 1962 (anima

155 2003 408 2060 antequam
447 1991 500 2044 in
527 2004 726 2060 corpus
759 1993 1009 2058 veniret),
1044 2000 1101 2042 ut
1135 1989 1208 2042 illi
1273 1988 1579 2054 prohibent,
1649 1988 1846 2040 virtute
1888 2002 2024 2053 Opus
2076 1996 2161 2039 est
2213 1986 2304 2038 ad-
2347 1987 2728 2041 revertendum
2785 1989 2836 2040 in
2909 1989 3142 2057 priorem
3188 1998 3388 2042 statum

155 2082 286 2152 507
318 2086 428 2138 sive
458 2085 778 2139 certaminis
807 2099 870 2138 ac
908 2083 1066 2136 lucta:
1101 2096 1230 2150 ergo
1269 2083 1318 2133 in
1351 2082 1488 2134 hanc
1527 2081 1689 2133 vitam
1729 2079 1991 2147 producta
2024 2091 2132 2147 est,
2168 2090 2227 2134 ut
2296 2095 2395 2133 nos
2428 2081 2694 2149 gdicimus,
2729 2097 2824 2149 per
2892 2084 3142 2134 virtutem
3174 2096 3389 2136 corona:

153 2189 430 2233 nectuntur.

435 2290 597 2343 PEA'.
639 2319 710 2328 --
748 2290 1009 2359 ΙΩΑΝΝῌ
1044 2288 1364 2358 ΔῘΛΚΟΝῼ.

153 2385 238 2450 Εἷς
261 2383 342 2447 τὸ,
396 2402 414 2434 ‹
475 2383 608 2434 ’Ὀτι
642 2383 767 2448 τοῖς
816 2381 1096 2460 dna-3.19:9
1144 2383 1334 2434 αὐτοῦ
1377 2378 1699 2433 ἐντελεῖται

719 2457 852 2519 περὶ
902 2457 1038 2504 σοῦ.
1080 2469 1097 2500 ι

208 2564 304 2627 Τὸ,
343 2582 362 2616 ‹
403 2565 530 2626 Τοῖς
563 2563 817 2631 ἀγγέλοις
862 2561 1028 2614 αὑτοῦ
1076 2561 1369 2614 ἐντελεῖται
1403 2561 1530 2630 περὶ
1568 2560 1662 2612 σοῦ
1686 2575 1698 2588 ·

152 2656 229 2708 ἐπὶ
266 2656 458 2724 χειρῶν
513 2655 707 2726 ἁροῦσί
763 2671 862 2718 σε,
907 2655 982 2724 μή
1035 2670 1163 2706 ποτε
1219 2652 1535 2725 προσκόψῃς
1570 2652 1705 2722 πρὸς

151 2748 274 2802 λίθον
304 2749 394 2802 τὸν
435 2748 576 2801 πόδα
616 2765 708 2800 σου
731 2787 746 2812 ,
791 2765 809 2797 ι
854 2746 948 2799 καὶ
997 2745 1126 2816 περὶ
1163 2745 1355 2814 ἀνδρὸς
1383 2745 1590 2798 δικαίου
1626 2747 1706 2797 εί-

152 2839 381 2910 ρημένον,
417 2840 516 2891 καὶ
548 2838 732 2901 κακῶς
763 2837 840 2906 τῷ
871 2836 1100 2905 διαϐόλῳ
1129 2834 1453 2904 νενοημένον
1493 2834 1510 2904 (
1528 2835 1561 2906 ἢ
1597 2834 1704 2906 γὰρ

152 2929 603 2999 παραλογίσασθαι
682 2928 961 2999 ἠϐουλήθη
1027 2925 1334 2997 νενοηκὼς,
1403 2927 1436 2998 ἢ
1521 2926 1708 2988 κακῶς

150 3024 359 3093 ἐνόησε),
392 3024 709 3091 σαφέστατα
732 3021 824 3074 καὶ
854 3019 1242 3088 συντομώτατα
1272 3019 1496 3088 ἤλεγξεν
1522 3022 1549 3072 ὁ
1575 3021 1710 3089 Χρι-

151 3113 276 3179 στὸς,
315 3113 534 3183 φράσας
556 3128 571 3141 ·
627 3129 645 3160 ι
679 3110 1027 3180 Γέγραπται·
1060 3111 1174 3162 Οὐκ
1211 3111 1562 3178 ἐκπειράσεις
1592 3107 1706 3161 Κύ-

149 3220 248 3272 ριον
287 3204 374 3256 τὸν
408 3203 546 3256 Θεόν
575 3218 690 3254 σου.
720 3200 1100 3254 Κινδυνεύοντι
1129 3200 1258 3271 γὰρ,
1295 3201 1394 3252 οὐκ
1443 3200 1706 3270 ἐκπειράο

151 3292 274 3358 ζοντι
297 3294 426 3358 Θεὸς
457 3292 827 3364 ἐπηγγείλατο
850 3291 948 3362 τὴν
984 3292 1237 3362 βοήθειαν
1256 3307 1267 3320 °
1301 3293 1358 3344 ἐν
1387 3292 1549 3362 χρείᾳ
1577 3291 1710 3344 καθ-

151 3388 345 3451 εστῶτι,
394 3389 499 3439 οὐκ
547 3384 976 3454 ἐπιδεικνυμένῳ
1021 3385 1116 3436 κα)¹
1158 3385 1320 3452 κενὴν
1386 3383 1499 3453 (⁸24)
1531 3383 1713 3455 θηρω-

150 3479 282 3547 μένῳ
309 3479 490 3542 δόξαν.
525 3476 692 3531 Οὕπω
719 3475 826 3546 γὰρ
871 3475 1016 3543 λέγω
1050 3476 1186 3545 (‘25),
1217 3477 1276 3529 οὐ
1303 3476 1430 3546 περὶ
1462 3476 1618 3546 ἐμοῦ,
1647 3469 1709 3528 οὗ

149 3573 230 3624 καὶ
275 3573 498 3640 ἄγγελοι
554 3570 882 3640 χρῄζουσιν·
920 3568 1055 3622 ἀλλὰ
1103 3569 1232 3639 περὶ
1281 3568 1490 3622 δικαίου
1520 3568 1711 3638 ἀνδρὸς

149 3664 340 3733 εἴρηται
369 3663 448 3733 τῷ
476 3662 739 3732 Μελῳδῷ.

2116 2284 2346 2339 CLXIV.
2383 2315 2453 2325 —-
2481 2286 2724 2341 JOANNI
2768 2287 3084 2343 l)l.\C0.\'0.

1806 2377 1874 2431 In
1925 2378 2062 2431 illud
2113 2376 2344 2448 (Paulini
2389 2382 2633 2452 dictum),
2673 2399 2690 2430 ι
2725 2381 2988 2452 Quoniam
3035 2383 3235 2452 angelis
3277 2382 3388 2436 suis

2304 2451 2577 2503 inmutabit
2609 2452 2672 2503 de
2703 2462 2752 2503 te
2774 2451 2842 2504 θ’.
2877 2471 2895 2502 ι

1880 2564 2092 2618 Dictum
2119 2561 2247 2616 illud
2277 2579 2290 2614 :
2323 2580 2342 2612 ‹
2377 2561 2597 2631 Angelis
2629 2565 2745 2617 suis
2786 2564 3064 2618 mandabit
3101 2567 3166 2618 dc
3199 2566 3251 2620 te
3284 2583 3297 2620 :
3331 2568 3384 2621 in

1808 2655 2059 2709 manibus
2087 2655 2376 2722 portabunt
2413 2661 2485 2718 te,
2523 2669 2590 2708 ne
2617 2653 2754 2708 forte
2784 2655 3029 2711 oll'endas
3059 2660 3124 2711 ad
3154 2660 3384 2726 lapidem

1808 2747 1996 2815 pedem
2029 2756 2203 2807 tuum,
2235 2763 2254 2795 ι
2288 2754 2343 2798 et
2365 2744 2431 2798 de
2458 2743 2743 2812 virojusto
2773 2748 2995 2812 dictum,
3027 2759 3081 2801 et
3107 2763 3136 2800 a
3176 2750 3388 2803 diabolo

1809 2836 1951 2891 male
1992 2847 2271 2905 acceptum
2319 2850 2445 2891 esse
2494 2836 2611 2905 (aut
2655 2837 2800 2890 enim
2846 2839 2969 2892 data
3016 2853 3178 2907 opera
3219 2840 3388 2893 voluit

1809 2928 1996 2982 fallere
2023 2938 2186 2996 atque
2222 2928 2498 2997 decipere,
2546 2943 2668 2982 cum
2711 2927 2928 2997 quidem
2961 2932 3093 2983 satis
3124 2930 3390 3000 intellige-

1811 3031 1891 3074 ret
1928 3020 2058 3088 quid
2105 3019 2209 3073 sibi
2258 3019 2419 3074 vellet
2453 3035 2465 3070 :
2497 3028 2592 3072 aut
2647 3021 2785 3073 male
2835 3020 3146 3089 intellexit),
3195 3021 3389 3076 claris-

1811 3110 1949 3164 sime
2002 3109 2435 3178 brevissimequc
2482 3111 2658 3179 arguit
2705 3110 2976 3176 Christus,
3030 3127 3152 3164 eum
3207 3113 3385 3168 dixit:

1818 3220 1836 3252 ι
1870 3200 2146 3268 Scriptum
2202 3211 2285 3257 est
2341 3219 2354 3256 :
2400 3201 2518 3256 Non
2586 3203 2822 3257 tentabis
2877 3203 3159 3257 Dominum
3222 3205 3388 3259 Deum

1815 3304 1964 3348 tuum
1991 3294 2062 3358 ⁸³,
2099 3313 2116 3344 ι
2155 3292 2289 3347 Nam
2322 3295 2374 3346 in
2407 3294 2708 3363 periculutn
2757 3297 3011 3362 adducto,
3053 3311 3159 3349 non
3208 3309 3387 3349 autem

1815 3387 2046 3440 tentanti
2107 3386 2248 3438 Deus
2293 3385 2556 3438 auxilium
2611 3399 2669 3438 se
2715 3385 2948 3438 laturum
3000 3387 3282 3454 promisit;
3333 3389 3390 3440 in

1814 3478 2141 3532 necessitate
2169 3477 2493 3537 constitutm
2522 3491 2629 3530 non
2667 3488 2844 3530 autem
2889 3493 2947 3531 se
2973 3479 3292 3540 ostentanti,
3337 3489 3393 3531 et

1816 3585 2007 3622 vanam
2058 3569 2281 3638 gloriam
2333 3571 2686 3624 consectanti.
2745 3567 2996 3624 Nondum
3050 3571 3196 3624 enim
3243 3572 3388 3635 dico,

1735 3655 1779 3714 C
1813 3660 2152 3715 Psalmorum
2203 3661 2529 3730 scriptorem
2582 3661 2712 3714 illud
2762 3662 2964 3715 dictum
3025 3677 3132 3715 non
3187 3661 3254 3715 de
3307 3676 3394 3715 me

149 3760 307 3827 (cujus
341 3776 444 3828 0pc
495 3768 551 3812 et
599 3758 800 3812 auxilio
841 3758 943 3826 ipsi
985 3772 1200 3828 quoque
1233 3757 1476 3828 indigent
1516 3758 1715 3828 angeli,
1760 3766 1968 3819 tantum
2035 3757 2191 3810 abest
2241 3766 2300 3810 ut
2343 3770 2446 3826 ego
2486 3755 2726 3824 ipsorum
2769 3755 2982 3824 indigus
3013 3758 3162 3824 sim),
3206 3758 3301 3812 sed
3329 3757 3396 3812 de

151 3850 251 3902 vim
276 3848 420 3917 justo
451 3849 764 3918 protulisse.

337 3960 505 4018 βεεν.
533 3993 602 4000 -
625 3962 857 4016 ΙΕΡΑΚΙ
887 3961 1338 4032 ΠΡΕΣΒΥΤΕΡῼ
1360 3960 1497 4032 (26).

147 4055 235 4120 Εις
259 4055 343 4120 τὸ,
395 4077 414 4107 ι
449 4058 534 4110 οὐ
559 4056 784 4121 πάντες
805 4056 1067 4125 χωροῦσι
1087 4057 1197 4110 τὸν
1219 4055 1405 4123 λόγον
1423 4054 1659 4108 τοῦτον.
1693 4071 1711 4103 ι

209 4232 279 4284 Τὸ
330 4234 462 4304 περὶ
508 4231 809 4304 παρθενίας
839 4230 1031 4301 ῥηθέν⁹
1070 4248 1090 4282 ‹
1129 4229 1438 4290 οὑ,πάντες
1479 4223 1715 4296 χωροῦσι

143 4324 226 4377 ’τὸν
274 4326 431 4394 λόγον
465 4324 680 4389 τοῦτον,
715 4323 830 4376 ἀλλ’
877 4318 958 4384 οἷς
1002 4322 1246 4375 δέδοται·
1289 4338 1308 4372 ι
1346 4320 1584 4390 εἴρηται,
1620 4317 1718 4386 οὐχ

148 4419 223 4469 ὅτι
266 4418 409 4471 κατὰ
446 4416 834 4486 ἀποκλήρωσίν
862 4415 982 4468 τινά
1007 4431 1147 4466 τισιν
1185 4412 1338 4483 ἐδόθη
1384 4413 1484 4481 (οὐ
1515 4409 1622 4480 γὰρ
1653 4409 1718 4462 ἂν

146 4509 319 4572 αὐτοῖς
350 4510 454 4580 τὴν
503 4506 782 4577 βασιλείαν
808 4507 918 4558 τῶν
946 4505 1187 4575 οὐρανῶν
1223 4503 1456 4557 ἔπαθλον
1497 4500 1719 4572 προύτί-

147 4599 260 4667 θει),
295 4600 414 4654 ἀλλ’
469 4600 561 4653 ἵνα
597 4598 766 4670 δείξῃ,
818 4597 1032 4668 πρῶτον
1071 4596 1168 4666 μὲν
1217 4596 1315 4664 τῆς
1365 4592 1512 4655 θείας
1545 4594 1718 4662 ῥοπῆς

149 4692 442 4764 χρῄζοντας
495 4693 622 4753 τοὺς
673 4690 811 4760 πρὸς
859 4687 1044 4740 τοῦτον
1101 4687 1546 4756 ἀγωνισαμένους
1604 4683 1716 4754 (27)

149 4783 229 4835 τὸν
252 4783 442 4853 ἀγῶνα
487 4783 580 4835 τὸν
611 4780 870 4851 ὑπερφυῆ
891 4796 904 4810 ·
929 4777 1104 4832 ἔπειθ’
1133 4779 1214 4831 ὅτι
1247 4777 1542 4848 οὐρανόθεν
1575 4775 1716 4845 αὕτη

2045 3959 2254 4016 CLXV.
2290 3991 2360 4000 —
2383 3959 2656 4014 lllERACl
2697 3958 3173 4014 PRESBYTERO.

1819 4051 1885 4106 In
1913 4052 2047 4106 illud
2075 4052 2296 4106 (Christi
2321 4053 2576 4121 dictum):
2616 4069 2633 4101 ι
2663 4051 2785 4103 Non
2814 4067 2990 4104 omnes
3020 4055 3232 4121 capiunt
3259 4051 3394 4106 hunc

2382 4138 2673 4174 sermonem
2701 4121 2769 4174 ⁸⁵.
2806 4139 2826 4171 )

1890 4235 2041 4300 Quod
2085 4237 2150 4289 de
2199 4235 2510 4305 virginitate
2558 4235 2760 4287 dictum
2793 4251 2808 4289 :
2843 4251 2863 4286 ι
2895 4232 3014 4288 Non
3069 4249 3258 4290 onmes
3299 4250 3396 4290 ca-

1818 4327 1976 4394 piunt
2008 4341 2310 4380 sermonem
2348 4327 2513 4389 hunc,
2564 4327 2658 4380 sed
2689 4326 2882 4394 quibus
2919 4326 3101 4380 datum
3132 4336 3252 4380 est:
3285 4345 3305 4378 ›
3343 4329 3398 4382 id

1819 4429 1924 4467 non
1973 4424 2055 4466 est
2095 4429 2162 4468 eo
2209 4429 2368 4468 sensu
2419 4415 2643 4477 dictum,
2692 4415 2845 4482 quasi
2890 4413 3210 4481 quibusdam
3250 4423 3397 4469 sorte

1828 4507 2059 4574 quadam
2091 4521 2289 4560 arcana
2321 4507 2580 4560 tributmu
2621 4507 2691 4559 sit
2722 4507 2870 4575 (nam
2909 4506 2951 4559 si
2985 4505 3056 4558 ita
3087 4515 3250 4568 esset,
3285 4520 3394 4558 non

1820 4597 2192 4665 proposuisset
2217 4599 2348 4665 ipsis
2384 4599 2662 4665 praemimu
2691 4611 2912 4664 regnum
2948 4597 3232 4665 cwlorum)
3259 4615 3272 4651 :
3302 4598 3397 4652 sed

1820 4698 1878 4741 ut
1915 4687 2188 4754 ostendat,
2228 4689 2461 4757 primqu
2508 4691 2725 4757 quidem
2772 4689 2957 4743 divino
3003 4689 3204 4742 auxilio
3257 4689 3398 4743 indi-

1821 4792 1948 4847 gere
1990 4793 2108 4843 eos,
2156 4779 2244 4847 qui
2295 4779 2437 4833 istud
2491 4791 2681 4833 natura
2721 4777 3078 4833 excellentius
3121 4789 3398 4833 certamen

148 4872 383 4927 κάτεισιν
428 4876 466 4944 ὴ
518 4871 822 4944 συμσουλὴ,
874 4872 933 4924 οὐ
989 4870 1138 4940 νόμῳ
1181 4868 1549 4932 θεσπίζουσα,
1582 4867 1710 4920 ἀλλὰ

1825 4882 2221 4940 susceperunt;
2261 4871 2477 4936 deinde,
2520 4873 2662 4940 quod
2710 4859 2923 4926 coalitus
2975 4870 3077 4926 hoc
3111 4871 3397 4926 consilium

210 5055 253 5087 ”
283 5054 422 5110 Gen.
464 5072 504 5118 l,
536 5053 626 5109 28.
703 5053 747 5084 ⁹²
780 5051 924 5108 Psal.
956 5047 1166 5119 16,2“.

1244 5051 1291 5081 ⁸³
1332 5049 1522 5104 Matth.
1556 5063 1632 5112 tv,
1664 5047 1715 5102 6.
1792 5048 1838 5080 ³⁵
1875 5047 2065 5102 Matth.
2099 5065 2214 5114 xrx,
2243 5049 2328 5102 Η.

1284 5203 1518 5260 VARUE
1553 5203 1938 5260 LECTIONES
1977 5205 2066 5258 ET
2103 5204 2337 5259 NOTAﬂ.

150 5372 358 5439 inserit,
387 5372 539 5434 τίνος
561 5369 744 5422 ἕνεκεν
773 5367 942 5439 αὐτὴν
985 5366 1085 5419 οὐκ
1125 5362 1506 5439 ἀσπαζόμεθαἶ
1559 5361 1711 5439 Vers.

148 5457 256 5512 seq.
285 5435 443 5512 παρὰ
472 5440 719 5512 nuntatin
745 5435 960 5512 περἰςοι
985 5451 1106 5512 mox
1138 5435 1460 5512 πράγματος
1491 5435 1714 5496 ἑαυτοὺς

1829 5362 2153 5506 Ροῗὲίίῗξιπτο
2196 5431 2557 5503 Πρεσϐυτέρῳ
2595 5436 2715 5487 eod.
2765 5434 2938 5489 Vatic.
2984 5434 3110 5499 650,
3153 5435 3403 5506 λαμπρο-

1861 5505 1883 5541 ἐ

1861 5505 1883 5541 ἐ
2483 5501 2540 5503 η
3227 5501 3238 5504 -
3313 5501 3323 5506 -

1822 5501 2181 5644 τθέἕὲςλῗίίίεηι
2231 5573 2675 5642 ἀγωνισαμένους
2724 5582 2897 5644 mutat
2934 5574 2996 5644 in
3051 5573 3404 5644 ἀποδυσαμέ-

1823 5660 1969 5704 νους.
2004 5641 2156 5696 Vers.
2198 5654 2452 5711 antepeu.
2489 5659 2574 5705 ep.
2611 5660 2708 5712 pro
2741 5643 2897 5713 ἐδόθη
2932 5643 3058 5711 legit
3087 5641 3318 5706 δέδοται,
3347 5655 3404 5697 et

1825 5712 2323 5852 ἓέοζέἐὲιοῖογέρας
2352 5724 2404 5769 et
2433 5713 2493 5766 οὐ
2523 5715 2636 5768 lucc
2662 5712 2946 5779 inserit,’el
2973 5715 3028 5768 δέ
3059 5715 3120 5768 οὐ
3145 5714 3402 5784 περιττὸν

1857 5809 1883 5836 ει
1947 5819 1971 5835 ι.
2038 5817 2085 5844 ,ο
2177 5820 2192 5834 .

1857 5817 1883 5836 Ἰ
1920 5817 1971 5844 ις
1986 5817 2085 5844 υνδε.
2116 5817 2192 5835 ιν.

150 5504 288 5566 recte
324 5504 526 5580 scribit
553 5504 1114 5580 npdypacdéagroig.
1142 5504 1355 5558 Possm.

215 5582 326 5653 (24)
496 5573 935 5653 Paris.,'x_aivﬁy.
961 5574 1266 5629 Lectionem
1317 5573 1561 5644 sequitur
1591 5575 1714 5630 cod.

148 5648 317 5706 Vatic.
354 5651 464 5705 650
487 5659 540 5704 et
573 5649 837 5701 Bavarici.
865 5648 1023 5699 Em'r.

215 5723 330 5792 (‘25)
362 5720 497 5792 Post
522 5719 663 5788 λέγω
685 5717 832 5792 addit
863 5718 964 5780 ὅτι,
990 5723 1189 5792 etantc
1220 5715 1624 5792 ἄγγελοι-ροιιὶι
1643 5717 1715 5792 οξ.

149 5785 269 5845 Post
313 5785 603 5845 ’ultimum'
637 5788 858 5844 verbum
920 5786 1159 5855 epistolae
1210 5788 1357 5839 addit
1407 5785 1468 5837 τὸ
1530 5785 1714 5854 ῥηθέν.
