  <div class='ocr_page' id='page_1' title='image "/cluster/home/n/w/nwhite01/storage/ocr_20150623/78/nnc1.0046980008/683.png"; bbox 0 0 3906 6416; ppageno 0'>
   <div class='ocr_carea' id='block_1_1' title="bbox 493 409 632 474">
    <p class='ocr_par' dir='ltr' id='par_1_1' title="bbox 493 409 632 474">
     <span class='ocr_line' id='line_1_1' title="bbox 493 409 632 474; baseline 0.007 -1"><span class='ocrx_word' id='word_1_1' title='bbox 493 409 632 474; x_wconf 70' lang='lat' dir='ltr'><strong>I235</strong></span> 
     </span>
    </p>
   </div>
   <div class='ocr_carea' id='block_1_2' title="bbox 1689 393 2568 458">
    <p class='ocr_par' dir='ltr' id='par_1_2' title="bbox 1689 393 2568 458">
     <span class='ocr_line' id='line_1_2' title="bbox 1689 393 2568 458; baseline -0.006 0"><span class='ocrx_word' id='word_1_2' title='bbox 1689 399 1753 458; x_wconf 93' lang='lat' dir='ltr'><strong>S.</strong></span> <span class='ocrx_word' id='word_1_3' title='bbox 1794 396 2090 457; x_wconf 81' lang='lat' dir='ltr'><strong>ISIDORI</strong></span> <span class='ocrx_word' id='word_1_4' title='bbox 2127 393 2568 458; x_wconf 72' lang='lat' dir='ltr'><strong>PELUSIOT/E</strong></span> 
     </span>
    </p>
   </div>
   <div class='ocr_carea' id='block_1_3' title="bbox 3618 388 3745 456">
    <p class='ocr_par' dir='ltr' id='par_1_3' title="bbox 3618 388 3745 456">
     <span class='ocr_line' id='line_1_3' title="bbox 3618 388 3745 456; baseline 0.024 -4"><span class='ocrx_word' id='word_1_5' title='bbox 3618 388 3745 456; x_wconf 76' lang='grc'>1256</span> 
     </span>
    </p>
   </div>
   <div class='ocr_carea' id='block_1_4' title="bbox 490 495 2098 588">
    <p class='ocr_par' dir='ltr' id='par_1_4' title="bbox 490 510 2074 588">
     <span class='ocr_line' id='line_1_4' title="bbox 490 510 2074 588; baseline -0.011 -8"><span class='ocrx_word' id='word_1_6' title='bbox 490 522 819 588; x_wconf 84' lang='lat' dir='ltr'><strong>de&#39;scen&#39;dat,</strong></span> <span class='ocrx_word' id='word_1_7' title='bbox 857 533 981 572; x_wconf 82' lang='lat' dir='ltr'><strong>&#39;nou</strong></span> <span class='ocrx_word' id='word_1_8' title='bbox 1043 515 1162 585; x_wconf 86' lang='lat' dir='ltr'><strong>lege</strong></span> <span class='ocrx_word' id='word_1_9' title='bbox 1219 512 1511 576; x_wconf 59' lang='lat' dir='ltr'><strong>sanciens,</strong></span> <span class='ocrx_word' id='word_1_10' title='bbox 1561 511 1654 562; x_wconf 82' lang='lat' dir='ltr'><strong>sed</strong></span> <span class='ocrx_word' id='word_1_11' title='bbox 1711 510 1964 562; x_wconf 81' lang='lat' dir='ltr'><strong>suasione</strong></span> <span class='ocrx_word' id='word_1_12' title='bbox 2019 517 2074 562; x_wconf 89' lang='lat' dir='ltr'><strong>et</strong></span> 
     </span>
    </p>
   </div>
   <div class='ocr_carea' id='block_1_5' title="bbox 2208 495 3746 588">
    <p class='ocr_par' dir='ltr' id='par_1_5' title="bbox 2208 495 3746 578">
     <span class='ocr_line' id='line_1_5' title="bbox 2208 495 3746 578; baseline -0.005 -18"><span class='ocrx_word' id='word_1_13' title='bbox 2208 505 2495 578; x_wconf 68' lang='grc' dir='ltr'><strong>παραινέσει</strong></span> <span class='ocrx_word' id='word_1_14' title='bbox 2525 500 2811 574; x_wconf 81' lang='grc' dir='ltr'>χρωμένη.</span> <span class='ocrx_word' id='word_1_15' title='bbox 2843 501 3058 571; x_wconf 78' lang='grc' dir='ltr'><strong>Τρίτον,</strong></span> <span class='ocrx_word' id='word_1_16' title='bbox 3088 495 3171 553; x_wconf 77' lang='grc' dir='ltr'>ὅτι</span> <span class='ocrx_word' id='word_1_17' title='bbox 3201 497 3408 553; x_wconf 81' lang='grc' dir='ltr'>δέδοται</span> <span class='ocrx_word' id='word_1_18' title='bbox 3435 501 3547 564; x_wconf 87' lang='grc' dir='ltr'>τοῖς</span> <span class='ocrx_word' id='word_1_19' title='bbox 3575 504 3746 571; x_wconf 85' lang='grc' dir='ltr'>κρείτ-</span> 
     </span>
    </p>
   </div>
   <div class='ocr_carea' id='block_1_6' title="bbox 490 591 2098 674">
    <p class='ocr_par' dir='ltr' id='par_1_6' title="bbox 490 598 2073 674">
     <span class='ocr_line' id='line_1_6' title="bbox 490 598 2073 674; baseline -0.013 -4"><span class='ocrx_word' id='word_1_20' title='bbox 490 614 873 670; x_wconf 72' lang='lat' dir='ltr'><strong>exhortatione</strong></span> <span class='ocrx_word' id='word_1_21' title='bbox 914 617 1108 674; x_wconf 88' lang='lat' dir='ltr'><strong>utens;</strong></span> <span class='ocrx_word' id='word_1_22' title='bbox 1141 607 1318 669; x_wconf 87' lang='lat' dir='ltr'><strong>tertio,</strong></span> <span class='ocrx_word' id='word_1_23' title='bbox 1362 605 1506 672; x_wconf 89' lang='lat' dir='ltr'><strong>quod</strong></span> <span class='ocrx_word' id='word_1_24' title='bbox 1540 603 1699 656; x_wconf 89' lang='lat' dir='ltr'><strong>detur</strong></span> <span class='ocrx_word' id='word_1_25' title='bbox 1725 601 1862 671; x_wconf 66' lang='lat' dir='ltr'><strong>(haec</strong></span> <span class='ocrx_word' id='word_1_26' title='bbox 1897 598 2073 652; x_wconf 83' lang='lat' dir='ltr'><strong>facul-</strong></span> 
     </span>
    </p>
   </div>
   <div class='ocr_carea' id='block_1_7' title="bbox 2208 591 3744 674">
    <p class='ocr_par' dir='ltr' id='par_1_7' title="bbox 2211 591 3744 668">
     <span class='ocr_line' id='line_1_7' title="bbox 2211 591 3744 668; baseline -0.004 -16"><span class='ocrx_word' id='word_1_27' title='bbox 2211 616 2328 652; x_wconf 90' lang='grc' dir='ltr'>οσιν</span> <span class='ocrx_word' id='word_1_28' title='bbox 2349 596 2642 668; x_wconf 77' lang='grc' dir='ltr'><strong>ἀκρασίας,</strong></span> <span class='ocrx_word' id='word_1_29' title='bbox 2666 597 2778 656; x_wconf 85' lang='grc' dir='ltr'>τοῖς</span> <span class='ocrx_word' id='word_1_30' title='bbox 2800 592 2898 661; x_wconf 85' lang='grc' dir='ltr'>τὴν</span> <span class='ocrx_word' id='word_1_31' title='bbox 2925 591 3132 646; x_wconf 81' lang='grc' dir='ltr'>ἄνωθεν</span> <span class='ocrx_word' id='word_1_32' title='bbox 3156 591 3383 645; x_wconf 86' lang='grc' dir='ltr'>καλοῦσι</span> <span class='ocrx_word' id='word_1_33' title='bbox 3415 593 3744 662; x_wconf 72' lang='grc' dir='ltr'><strong>συμμαχίαν,</strong></span> 
     </span>
    </p>
   </div>
   <div class='ocr_carea' id='block_1_8' title="bbox 492 690 2072 772">
    <p class='ocr_par' dir='ltr' id='par_1_8' title="bbox 492 690 2072 772">
     <span class='ocr_line' id='line_1_8' title="bbox 492 690 2072 772; baseline -0.011 -13"><span class='ocrx_word' id='word_1_34' title='bbox 492 711 576 759; x_wconf 84' lang='lat' dir='ltr'><strong>tas</strong></span> <span class='ocrx_word' id='word_1_35' title='bbox 623 703 985 772; x_wconf 71' lang='lat' dir='ltr'><strong>virginitatem</strong></span> <span class='ocrx_word' id='word_1_36' title='bbox 1042 694 1280 765; x_wconf 78' lang='lat' dir='ltr'><strong>colendi)</strong></span> <span class='ocrx_word' id='word_1_37' title='bbox 1339 696 1447 753; x_wconf 89' lang='lat' dir='ltr'><strong>iis,</strong></span> <span class='ocrx_word' id='word_1_38' title='bbox 1499 693 1588 760; x_wconf 90' lang='lat' dir='ltr'><strong>qui</strong></span> <span class='ocrx_word' id='word_1_39' title='bbox 1654 690 2072 757; x_wconf 84' lang='lat' dir='ltr'><strong>intemperantia</strong></span> 
     </span>
    </p>
   </div>
   <div class='ocr_carea' id='block_1_9' title="bbox 491 781 2070 867">
    <p class='ocr_par' dir='ltr' id='par_1_9' title="bbox 491 781 2070 867">
     <span class='ocr_line' id='line_1_9' title="bbox 491 781 2070 867; baseline -0.011 -17"><span class='ocrx_word' id='word_1_40' title='bbox 491 796 800 867; x_wconf 84' lang='lat' dir='ltr'><strong>superiores</strong></span> <span class='ocrx_word' id='word_1_41' title='bbox 831 791 1160 850; x_wconf 81' lang='lat' dir='ltr'><strong>exstiterint,</strong></span> <span class='ocrx_word' id='word_1_42' title='bbox 1192 789 1281 856; x_wconf 85' lang='lat' dir='ltr'><strong>qui</strong></span> <span class='ocrx_word' id='word_1_43' title='bbox 1315 785 1773 852; x_wconf 73' lang='lat' dir='ltr'><strong>desuperreuiens</strong></span> <span class='ocrx_word' id='word_1_44' title='bbox 1810 781 2070 834; x_wconf 71' lang='lat' dir='ltr'><strong>auxilium</strong></span> 
     </span>
    </p>
   </div>
   <div class='ocr_carea' id='block_1_10' title="bbox 494 874 2078 958">
    <p class='ocr_par' dir='ltr' id='par_1_10' title="bbox 494 874 2078 958">
     <span class='ocr_line' id='line_1_10' title="bbox 494 874 2078 958; baseline -0.007 -20"><span class='ocrx_word' id='word_1_45' title='bbox 494 887 860 958; x_wconf 85' lang='lat' dir='ltr'><strong>implorarint.</strong></span> <span class='ocrx_word' id='word_1_46' title='bbox 909 885 997 950; x_wconf 90' lang='lat' dir='ltr'><strong>qui</strong></span> <span class='ocrx_word' id='word_1_47' title='bbox 1051 883 1343 951; x_wconf 85' lang='lat' dir='ltr'><strong>pretiosum</strong></span> <span class='ocrx_word' id='word_1_48' title='bbox 1387 880 1531 932; x_wconf 89' lang='lat' dir='ltr'><strong>illum</strong></span> <span class='ocrx_word' id='word_1_49' title='bbox 1586 882 1896 931; x_wconf 74' lang='lat' dir='ltr'><strong>thesaurum</strong></span> <span class='ocrx_word' id='word_1_50' title='bbox 1938 874 2078 942; x_wconf 81' lang='lat' dir='ltr'><strong>jeju-</strong></span> 
     </span>
    </p>
   </div>
   <div class='ocr_carea' id='block_1_11' title="bbox 495 967 2078 1046">
    <p class='ocr_par' dir='ltr' id='par_1_11' title="bbox 495 967 2078 1046">
     <span class='ocr_line' id='line_1_11' title="bbox 495 967 2078 1046; baseline -0.009 -12"><span class='ocrx_word' id='word_1_51' title='bbox 495 981 600 1034; x_wconf 88' lang='lat' dir='ltr'><strong>niis</strong></span> <span class='ocrx_word' id='word_1_52' title='bbox 631 989 792 1046; x_wconf 87' lang='lat' dir='ltr'><strong>atque</strong></span> <span class='ocrx_word' id='word_1_53' title='bbox 817 976 1018 1043; x_wconf 76' lang='lat' dir='ltr'><strong>vigiliis</strong></span> <span class='ocrx_word' id='word_1_54' title='bbox 1041 973 1440 1033; x_wconf 67' lang='lat' dir='ltr'><strong>conservarint,</strong></span> <span class='ocrx_word' id='word_1_55' title='bbox 1475 988 1572 1022; x_wconf 85' lang='lat' dir='ltr'><strong>uec</strong></span> <span class='ocrx_word' id='word_1_56' title='bbox 1599 971 1922 1035; x_wconf 73' lang='lat' dir='ltr'><strong>semctipsos</strong></span> <span class='ocrx_word' id='word_1_57' title='bbox 1949 967 2078 1022; x_wconf 67' lang='lat' dir='ltr'><strong>feris</strong></span> 
     </span>
    </p>
   </div>
   <div class='ocr_carea' id='block_1_12' title="bbox 495 1058 2076 1137">
    <p class='ocr_par' dir='ltr' id='par_1_12' title="bbox 495 1058 2076 1137">
     <span class='ocr_line' id='line_1_12' title="bbox 495 1058 2076 1137; baseline -0.011 -13"><span class='ocrx_word' id='word_1_58' title='bbox 495 1071 686 1124; x_wconf 80' lang='lat' dir='ltr'><strong>belline</strong></span> <span class='ocrx_word' id='word_1_59' title='bbox 723 1084 818 1137; x_wconf 87' lang='lat' dir='ltr'><strong>per</strong></span> <span class='ocrx_word' id='word_1_60' title='bbox 855 1069 1120 1136; x_wconf 80' lang='lat' dir='ltr'><strong>ignaviam</strong></span> <span class='ocrx_word' id='word_1_61' title='bbox 1159 1072 1214 1114; x_wconf 89' lang='lat' dir='ltr'><strong>et</strong></span> <span class='ocrx_word' id='word_1_62' title='bbox 1264 1063 1484 1114; x_wconf 67' lang='lat' dir='ltr'><strong>«lolii-ias</strong></span> <span class='ocrx_word' id='word_1_63' title='bbox 1530 1060 1884 1129; x_wconf 85' lang='lat' dir='ltr'><strong>prodiderint.</strong></span> <span class='ocrx_word' id='word_1_64' title='bbox 1940 1058 2076 1111; x_wconf 83' lang='lat' dir='ltr'><strong>Nam</strong></span> 
     </span>
    </p>
   </div>
   <div class='ocr_carea' id='block_1_13' title="bbox 495 1154 2081 1219">
    <p class='ocr_par' dir='ltr' id='par_1_13' title="bbox 495 1154 2081 1219">
     <span class='ocr_line' id='line_1_13' title="bbox 495 1154 2081 1219; baseline -0.01 -4"><span class='ocrx_word' id='word_1_65' title='bbox 495 1163 540 1215; x_wconf 88' lang='lat' dir='ltr'><strong>si</strong></span> <span class='ocrx_word' id='word_1_66' title='bbox 580 1163 877 1215; x_wconf 84' lang='lat' dir='ltr'><strong>secundum</strong></span> <span class='ocrx_word' id='word_1_67' title='bbox 909 1157 1253 1211; x_wconf 79' lang='lat' dir='ltr'><strong>sortitionem</strong></span> <span class='ocrx_word' id='word_1_68' title='bbox 1299 1155 1585 1219; x_wconf 82' lang='lat' dir='ltr'><strong>quamdam</strong></span> <span class='ocrx_word' id='word_1_69' title='bbox 1620 1154 1860 1216; x_wconf 79' lang='lat' dir='ltr'><strong>daretur,</strong></span> <span class='ocrx_word' id='word_1_70' title='bbox 1887 1163 2081 1217; x_wconf 85' lang='lat' dir='ltr'><strong>super-</strong></span> 
     </span>
    </p>
   </div>
   <div class='ocr_carea' id='block_1_14' title="bbox 2181 684 3749 759">
    <p class='ocr_par' dir='ltr' id='par_1_14' title="bbox 2181 684 3749 759">
     <span class='ocr_line' id='line_1_14' title="bbox 2181 684 3749 759; baseline -0.006 -15"><span class='ocrx_word' id='word_1_71' title='bbox 2181 690 2277 744; x_wconf 73' lang='lat' dir='ltr'><strong>xa‘t</strong></span> <span class='ocrx_word' id='word_1_72' title='bbox 2309 688 2586 759; x_wconf 77' lang='grc' dir='ltr'>νηστείαις</span> <span class='ocrx_word' id='word_1_73' title='bbox 2618 688 2712 738; x_wconf 71' lang='grc' dir='ltr'><strong>καὶ</strong></span> <span class='ocrx_word' id='word_1_74' title='bbox 2737 684 3066 755; x_wconf 77' lang='grc' dir='ltr'>ἀγρυπνίαις</span> <span class='ocrx_word' id='word_1_75' title='bbox 3116 684 3445 752; x_wconf 69' lang='grc' dir='ltr'>φυλάττουσι</span> <span class='ocrx_word' id='word_1_76' title='bbox 3473 685 3533 737; x_wconf 64' lang='grc' dir='ltr'>τὸ</span> <span class='ocrx_word' id='word_1_77' title='bbox 3564 691 3749 754; x_wconf 73' lang='grc' dir='ltr'>κειμή-</span> 
     </span>
    </p>
   </div>
   <div class='ocr_carea' id='block_1_15' title="bbox 2180 773 3748 848">
    <p class='ocr_par' dir='ltr' id='par_1_15' title="bbox 2180 773 3748 848">
     <span class='ocr_line' id='line_1_15' title="bbox 2180 773 3748 848; baseline -0.011 -12"><span class='ocrx_word' id='word_1_78' title='bbox 2180 783 2316 845; x_wconf 89' lang='grc' dir='ltr'>λιον,</span> <span class='ocrx_word' id='word_1_79' title='bbox 2366 781 2458 834; x_wconf 75' lang='grc' dir='ltr'>καὶ</span> <span class='ocrx_word' id='word_1_80' title='bbox 2496 778 2570 848; x_wconf 85' lang='grc' dir='ltr'>μὴ</span> <span class='ocrx_word' id='word_1_81' title='bbox 2604 777 2831 839; x_wconf 75' lang='grc' dir='ltr'>ἑαυτοὺς</span> <span class='ocrx_word' id='word_1_82' title='bbox 2859 775 2939 846; x_wconf 81' lang='grc' dir='ltr'><strong>τῷ</strong></span> <span class='ocrx_word' id='word_1_83' title='bbox 2969 774 3143 846; x_wconf 85' lang='grc' dir='ltr'>θηρίῳ</span> <span class='ocrx_word' id='word_1_84' title='bbox 3191 773 3304 843; x_wconf 70' lang='grc'>(28)</span> <span class='ocrx_word' id='word_1_85' title='bbox 3349 775 3438 826; x_wconf 76' lang='grc' dir='ltr'><strong>διὰ</strong></span> <span class='ocrx_word' id='word_1_86' title='bbox 3491 775 3748 844; x_wconf 69' lang='grc' dir='ltr'>ῥᾳθυμίας</span> 
     </span>
    </p>
   </div>
   <div class='ocr_carea' id='block_1_16' title="bbox 2179 864 3740 942">
    <p class='ocr_par' dir='ltr' id='par_1_16' title="bbox 2179 864 3740 942">
     <span class='ocr_line' id='line_1_16' title="bbox 2179 864 3740 942; baseline -0.007 -16"><span class='ocrx_word' id='word_1_87' title='bbox 2179 874 2274 927; x_wconf 71' lang='grc' dir='ltr'><strong>καὶ</strong></span> <span class='ocrx_word' id='word_1_88' title='bbox 2300 872 2510 942; x_wconf 66' lang='grc' dir='ltr'>τρυφῆς</span> <span class='ocrx_word' id='word_1_89' title='bbox 2557 866 2935 938; x_wconf 80' lang='grc' dir='ltr'>προϊεμένους.</span> <span class='ocrx_word' id='word_1_90' title='bbox 2972 867 3033 918; x_wconf 83' lang='grc' dir='ltr'><strong>Εἰ</strong></span> <span class='ocrx_word' id='word_1_91' title='bbox 3068 865 3166 935; x_wconf 76' lang='grc' dir='ltr'>μὲν</span> <span class='ocrx_word' id='word_1_92' title='bbox 3195 864 3304 936; x_wconf 84' lang='grc' dir='ltr'><strong>γάρ</strong></span> <span class='ocrx_word' id='word_1_93' title='bbox 3339 865 3481 918; x_wconf 81' lang='grc' dir='ltr'>κατᾶ</span> <span class='ocrx_word' id='word_1_94' title='bbox 3511 866 3740 934; x_wconf 82' lang='grc' dir='ltr'>ἀποκλή-</span> 
     </span>
    </p>
   </div>
   <div class='ocr_carea' id='block_1_17' title="bbox 2186 955 3750 1033">
    <p class='ocr_par' dir='ltr' id='par_1_17' title="bbox 2186 955 3750 1033">
     <span class='ocr_line' id='line_1_17' title="bbox 2186 955 3750 1033; baseline -0.005 -20"><span class='ocrx_word' id='word_1_95' title='bbox 2186 979 2350 1033; x_wconf 86' lang='grc' dir='ltr'>ρωσιν</span> <span class='ocrx_word' id='word_1_96' title='bbox 2393 957 2575 1026; x_wconf 84' lang='grc' dir='ltr'>ἐδόθη,</span> <span class='ocrx_word' id='word_1_97' title='bbox 2618 956 2872 1024; x_wconf 88' lang='grc' dir='ltr'>περιττὸν</span> <span class='ocrx_word' id='word_1_98' title='bbox 2923 956 2984 1008; x_wconf 78' lang='grc' dir='ltr'>τὸ</span> <span class='ocrx_word' id='word_1_99' title='bbox 3034 955 3224 1025; x_wconf 83' lang='grc' dir='ltr'>γέρας.</span> <span class='ocrx_word' id='word_1_100' title='bbox 3282 955 3356 1008; x_wconf 85' lang='grc' dir='ltr'><strong>Οὐ</strong></span> <span class='ocrx_word' id='word_1_101' title='bbox 3412 955 3553 1007; x_wconf 70' lang='grc' dir='ltr'>κατὰ</span> <span class='ocrx_word' id='word_1_102' title='bbox 3605 955 3750 1024; x_wconf 79' lang='grc' dir='ltr'>χάριν</span> 
     </span>
    </p>
   </div>
   <div class='ocr_carea' id='block_1_18' title="bbox 2183 1046 3753 1122">
    <p class='ocr_par' dir='ltr' id='par_1_18' title="bbox 2183 1046 3753 1122">
     <span class='ocr_line' id='line_1_18' title="bbox 2183 1046 3753 1122; baseline -0.004 -18"><span class='ocrx_word' id='word_1_103' title='bbox 2183 1051 2362 1122; x_wconf 85' lang='grc' dir='ltr'>ἐδόθη,</span> <span class='ocrx_word' id='word_1_104' title='bbox 2410 1049 2547 1102; x_wconf 82' lang='grc' dir='ltr'>ἀλλά</span> <span class='ocrx_word' id='word_1_105' title='bbox 2595 1048 2803 1099; x_wconf 78' lang='grc' dir='ltr'>δέδοται</span> <span class='ocrx_word' id='word_1_106' title='bbox 2833 1049 2946 1110; x_wconf 87' lang='grc' dir='ltr'>τοῖς</span> <span class='ocrx_word' id='word_1_107' title='bbox 2994 1047 3181 1099; x_wconf 77' lang='grc' dir='ltr'>λαϐεῖν</span> <span class='ocrx_word' id='word_1_108' title='bbox 3213 1047 3455 1100; x_wconf 79' lang='grc' dir='ltr'>ἐθέλουσι</span> <span class='ocrx_word' id='word_1_109' title='bbox 3484 1046 3614 1117; x_wconf 72' lang='lat'><strong>(‘29).</strong></span> <span class='ocrx_word' id='word_1_110' title='bbox 3640 1047 3753 1108; x_wconf 76' lang='grc' dir='ltr'>Τοῖς</span> 
     </span>
    </p>
   </div>
   <div class='ocr_carea' id='block_1_19' title="bbox 2184 1137 3410 1213">
    <p class='ocr_par' dir='ltr' id='par_1_19' title="bbox 2184 1137 3410 1213">
     <span class='ocr_line' id='line_1_19' title="bbox 2184 1137 3410 1213; baseline 0.023 -33"><span class='ocrx_word' id='word_1_111' title='bbox 2184 1145 2295 1213; x_wconf 76' lang='grc' dir='ltr'><strong>γὰρ</strong></span> <span class='ocrx_word' id='word_1_112' title='bbox 2323 1140 2397 1211; x_wconf 81' lang='grc' dir='ltr'><strong>μὴ</strong></span> <span class='ocrx_word' id='word_1_113' title='bbox 2427 1139 2771 1210; x_wconf 74' lang='grc' dir='ltr'>βουλομένοις</span> <span class='ocrx_word' id='word_1_114' title='bbox 2795 1137 2974 1199; x_wconf 69' lang='grc' dir='ltr'>οὐδεὶς</span> <span class='ocrx_word' id='word_1_115' title='bbox 3001 1138 3030 1189; x_wconf 86' lang='grc' dir='ltr'>ὁ</span> <span class='ocrx_word' id='word_1_116' title='bbox 3060 1137 3246 1189; x_wconf 86' lang='grc' dir='ltr'>δώσων</span> <span class='ocrx_word' id='word_1_117' title='bbox 3275 1137 3410 1206; x_wconf 76' lang='lat'><strong>(50)-</strong></span> 
     </span>
    </p>
   </div>
   <div class='ocr_carea' id='block_1_20' title="bbox 497 1229 3754 1316">
    <p class='ocr_par' dir='ltr' id='par_1_20' title="bbox 497 1229 3754 1316">
     <span class='ocr_line' id='line_1_20' title="bbox 497 1229 3754 1316; baseline -0.006 -13"><span class='ocrx_word' id='word_1_118' title='bbox 497 1268 792 1305; x_wconf 85' lang='lat' dir='ltr'><strong>vacaneunt</strong></span> <span class='ocrx_word' id='word_1_119' title='bbox 838 1259 984 1301; x_wconf 80' lang='lat' dir='ltr'><strong>esset</strong></span> <span class='ocrx_word' id='word_1_120' title='bbox 1015 1247 1295 1316; x_wconf 63' lang='lat' dir='ltr'><strong>privandum</strong></span> <span class='ocrx_word' id='word_1_121' title='bbox 1329 1245 1490 1311; x_wconf 86' lang='lat' dir='ltr'><strong>(quod</strong></span> <span class='ocrx_word' id='word_1_122' title='bbox 1525 1243 1853 1312; x_wconf 74' lang='lat' dir='ltr'><strong>virginitatis</strong></span> <span class='ocrx_word' id='word_1_123' title='bbox 1933 1237 2238 1294; x_wconf 87' lang='lat' dir='ltr'><strong>cultoribus</strong></span> <span class='ocrx_word' id='word_1_124' title='bbox 2282 1243 2366 1288; x_wconf 91' lang='lat' dir='ltr'><strong>est</strong></span> <span class='ocrx_word' id='word_1_125' title='bbox 2439 1234 2820 1301; x_wconf 89' lang='lat' dir='ltr'><strong>propositum).</strong></span> <span class='ocrx_word' id='word_1_126' title='bbox 2870 1229 2986 1283; x_wconf 81' lang='lat' dir='ltr'><strong>Non</strong></span> <span class='ocrx_word' id='word_1_127' title='bbox 3069 1231 3251 1297; x_wconf 81' lang='lat' dir='ltr'><strong>itaque</strong></span> <span class='ocrx_word' id='word_1_128' title='bbox 3283 1246 3346 1283; x_wconf 76' lang='lat' dir='ltr'><strong>ex</strong></span> <span class='ocrx_word' id='word_1_129' title='bbox 3386 1246 3536 1284; x_wconf 88' lang='lat' dir='ltr'><strong>mera</strong></span> <span class='ocrx_word' id='word_1_130' title='bbox 3600 1231 3754 1299; x_wconf 80' lang='lat' dir='ltr'><strong>gratia</strong></span> 
     </span>
    </p>
   </div>
   <div class='ocr_carea' id='block_1_21' title="bbox 495 1323 3452 1409">
    <p class='ocr_par' dir='ltr' id='par_1_21' title="bbox 495 1323 3452 1409">
     <span class='ocr_line' id='line_1_21' title="bbox 495 1323 3452 1409; baseline -0.008 -11"><span class='ocrx_word' id='word_1_131' title='bbox 495 1346 684 1398; x_wconf 78' lang='lat' dir='ltr'><strong>datum</strong></span> <span class='ocrx_word' id='word_1_132' title='bbox 715 1354 832 1409; x_wconf 90' lang='lat' dir='ltr'><strong>est;</strong></span> <span class='ocrx_word' id='word_1_133' title='bbox 861 1341 954 1394; x_wconf 88' lang='lat' dir='ltr'><strong>sed</strong></span> <span class='ocrx_word' id='word_1_134' title='bbox 989 1340 1097 1393; x_wconf 80' lang='lat' dir='ltr'><strong>illis</strong></span> <span class='ocrx_word' id='word_1_135' title='bbox 1133 1341 1288 1391; x_wconf 83' lang='lat' dir='ltr'><strong>datur</strong></span> <span class='ocrx_word' id='word_1_136' title='bbox 1318 1339 1409 1404; x_wconf 86' lang='lat' dir='ltr'><strong>qui</strong></span> <span class='ocrx_word' id='word_1_137' title='bbox 1443 1337 1691 1404; x_wconf 88' lang='lat' dir='ltr'><strong>accipere</strong></span> <span class='ocrx_word' id='word_1_138' title='bbox 1724 1336 1931 1389; x_wconf 92' lang='lat' dir='ltr'><strong>volunt.</strong></span> <span class='ocrx_word' id='word_1_139' title='bbox 1973 1333 2085 1388; x_wconf 90' lang='lat' dir='ltr'><strong>Illis</strong></span> <span class='ocrx_word' id='word_1_140' title='bbox 2117 1333 2264 1386; x_wconf 89' lang='lat' dir='ltr'><strong>enim</strong></span> <span class='ocrx_word' id='word_1_141' title='bbox 2288 1327 2380 1397; x_wconf 89' lang='lat' dir='ltr'><strong>qui</strong></span> <span class='ocrx_word' id='word_1_142' title='bbox 2415 1326 2625 1390; x_wconf 90' lang='lat' dir='ltr'><strong>nolunt,</strong></span> <span class='ocrx_word' id='word_1_143' title='bbox 2659 1339 2817 1378; x_wconf 91' lang='lat' dir='ltr'><strong>nemo</strong></span> <span class='ocrx_word' id='word_1_144' title='bbox 2847 1324 2953 1376; x_wconf 91' lang='lat' dir='ltr'><strong>erit</strong></span> <span class='ocrx_word' id='word_1_145' title='bbox 2977 1323 3070 1392; x_wconf 90' lang='lat' dir='ltr'><strong>qui</strong></span> <span class='ocrx_word' id='word_1_146' title='bbox 3111 1323 3181 1375; x_wconf 87' lang='lat' dir='ltr'><strong>sit</strong></span> <span class='ocrx_word' id='word_1_147' title='bbox 3207 1324 3452 1375; x_wconf 81' lang='lat' dir='ltr'><strong>daturus.</strong></span> 
     </span>
    </p>
   </div>
   <div class='ocr_carea' id='block_1_22' title="bbox 674 1444 1897 1510">
    <p class='ocr_par' dir='ltr' id='par_1_22' title="bbox 674 1444 1897 1510">
     <span class='ocr_line' id='line_1_22' title="bbox 674 1444 1897 1510; baseline -0.007 -1"><span class='ocrx_word' id='word_1_148' title='bbox 674 1452 903 1510; x_wconf 79' lang='lat' dir='ltr'><strong>CLXVI.</strong></span> <span class='ocrx_word' id='word_1_149' title='bbox 944 1481 1014 1492; x_wconf 89' lang='lat'>—</span> <span class='ocrx_word' id='word_1_150' title='bbox 1057 1446 1382 1502; x_wconf 76' lang='lat' dir='ltr'><strong>ARCIIIBIO</strong></span> <span class='ocrx_word' id='word_1_151' title='bbox 1422 1444 1897 1500; x_wconf 75' lang='lat' dir='ltr'><strong>I’RESBYTERO.</strong></span> 
     </span>
    </p>
   </div>
   <div class='ocr_carea' id='block_1_23' title="bbox 499 1553 2078 1631">
    <p class='ocr_par' dir='ltr' id='par_1_23' title="bbox 499 1553 2078 1631">
     <span class='ocr_line' id='line_1_23' title="bbox 499 1553 2078 1631; baseline -0.009 -10"><span class='ocrx_word' id='word_1_152' title='bbox 499 1567 568 1621; x_wconf 81' lang='lat' dir='ltr'><strong>In</strong></span> <span class='ocrx_word' id='word_1_153' title='bbox 605 1564 738 1619; x_wconf 82' lang='lat' dir='ltr'><strong>illud</strong></span> <span class='ocrx_word' id='word_1_154' title='bbox 793 1560 980 1631; x_wconf 81' lang='lat' dir='ltr'><strong>(Pauli</strong></span> <span class='ocrx_word' id='word_1_155' title='bbox 1023 1556 1326 1631; x_wconf 71' lang='lat' dir='ltr'><strong>dic!_unt),_c</strong></span> <span class='ocrx_word' id='word_1_156' title='bbox 1387 1555 1455 1608; x_wconf 80' lang='lat' dir='ltr'><strong>In</strong></span> <span class='ocrx_word' id='word_1_157' title='bbox 1505 1557 1618 1631; x_wconf 76' lang='lat' dir='ltr'><strong>ipso</strong></span> <span class='ocrx_word' id='word_1_158' title='bbox 1653 1556 1860 1631; x_wconf 59' lang='lat' dir='ltr'><strong>[cubitat</strong></span> <span class='ocrx_word' id='word_1_159' title='bbox 1910 1553 2078 1608; x_wconf 77' lang='lat' dir='ltr'><strong>omnis</strong></span> 
     </span>
    </p>
   </div>
   <div class='ocr_carea' id='block_1_24' title="bbox 729 1627 1840 1701">
    <p class='ocr_par' dir='ltr' id='par_1_24' title="bbox 729 1627 1840 1701">
     <span class='ocr_line' id='line_1_24' title="bbox 729 1627 1840 1701; baseline -0.008 -16"><span class='ocrx_word' id='word_1_160' title='bbox 729 1627 1000 1701; x_wconf 72' lang='lat' dir='ltr'><strong>plenitudo</strong></span> <span class='ocrx_word' id='word_1_161' title='bbox 1031 1627 1325 1681; x_wconf 76' lang='lat' dir='ltr'><strong>divinilaiis</strong></span> <span class='ocrx_word' id='word_1_162' title='bbox 1349 1627 1698 1696; x_wconf 77' lang='lat' dir='ltr'><strong>corporaliter</strong></span> <span class='ocrx_word' id='word_1_163' title='bbox 1719 1627 1787 1678; x_wconf 78' lang='lat'><strong>&quot;.</strong></span> <span class='ocrx_word' id='word_1_164' title='bbox 1823 1647 1840 1676; x_wconf 75' lang='grc' dir='ltr'><strong>ι</strong></span> 
     </span>
    </p>
   </div>
   <div class='ocr_carea' id='block_1_25' title="bbox 571 1737 2080 1815">
    <p class='ocr_par' dir='ltr' id='par_1_25' title="bbox 571 1737 2080 1815">
     <span class='ocr_line' id='line_1_25' title="bbox 571 1737 2080 1815; baseline -0.007 -14"><span class='ocrx_word' id='word_1_165' title='bbox 571 1747 650 1801; x_wconf 90' lang='lat' dir='ltr'><strong>Tu</strong></span> <span class='ocrx_word' id='word_1_166' title='bbox 705 1745 925 1815; x_wconf 88' lang='lat' dir='ltr'><strong>quidem</strong></span> <span class='ocrx_word' id='word_1_167' title='bbox 993 1753 1043 1795; x_wconf 89' lang='lat' dir='ltr'><strong>te</strong></span> <span class='ocrx_word' id='word_1_168' title='bbox 1100 1742 1351 1807; x_wconf 82' lang='lat' dir='ltr'><strong>ignorare</strong></span> <span class='ocrx_word' id='word_1_169' title='bbox 1409 1740 1628 1794; x_wconf 81' lang='lat' dir='ltr'><strong>dicebas</strong></span> <span class='ocrx_word' id='word_1_170' title='bbox 1686 1741 1888 1792; x_wconf 84' lang='lat' dir='ltr'><strong>dictum</strong></span> <span class='ocrx_word' id='word_1_171' title='bbox 1947 1737 2080 1791; x_wconf 88' lang='lat' dir='ltr'><strong>illud</strong></span> 
     </span>
    </p>
   </div>
   <div class='ocr_carea' id='block_1_26' title="bbox 2437 1432 3524 1505">
    <p class='ocr_par' dir='ltr' id='par_1_26' title="bbox 2437 1432 3524 1505">
     <span class='ocr_line' id='line_1_26' title="bbox 2437 1432 3524 1505; baseline -0.004 -13"><span class='ocrx_word' id='word_1_172' title='bbox 2437 1435 2614 1504; x_wconf 66' lang='lat' dir='ltr'><strong>I’ECI”.</strong></span> <span class='ocrx_word' id='word_1_173' title='bbox 2639 1465 2706 1476; x_wconf 92' lang='lat'><strong>—--</strong></span> <span class='ocrx_word' id='word_1_174' title='bbox 2743 1434 3019 1504; x_wconf 79' lang='grc' dir='ltr'><strong>ΔΡΧΙΒΙῼ</strong></span> <span class='ocrx_word' id='word_1_175' title='bbox 3052 1432 3524 1505; x_wconf 80' lang='grc' dir='ltr'><strong>ΠΡΕΣΒΥΤΕΡῼ.</strong></span> 
     </span>
    </p>
   </div>
   <div class='ocr_carea' id='block_1_27' title="bbox 2187 1541 3758 1619">
    <p class='ocr_par' dir='ltr' id='par_1_27' title="bbox 2187 1541 3758 1619">
     <span class='ocr_line' id='line_1_27' title="bbox 2187 1541 3758 1619; baseline -0.006 -13"><span class='ocrx_word' id='word_1_176' title='bbox 2187 1553 2295 1619; x_wconf 77' lang='grc' dir='ltr'><strong>Εἰς</strong></span> <span class='ocrx_word' id='word_1_177' title='bbox 2329 1550 2420 1615; x_wconf 84' lang='grc' dir='ltr'>τὸ,</span> <span class='ocrx_word' id='word_1_178' title='bbox 2475 1568 2493 1602; x_wconf 81' lang='grc' dir='ltr'><strong>ι</strong></span> <span class='ocrx_word' id='word_1_179' title='bbox 2551 1549 2655 1619; x_wconf 71' lang='grc' dir='ltr'><strong>ᾜν</strong></span> <span class='ocrx_word' id='word_1_180' title='bbox 2691 1544 2853 1619; x_wconf 72' lang='grc' dir='ltr'>αὐτῷ</span> <span class='ocrx_word' id='word_1_181' title='bbox 2912 1561 3175 1597; x_wconf 82' lang='grc' dir='ltr'>κατοικει</span> <span class='ocrx_word' id='word_1_182' title='bbox 3213 1542 3338 1619; x_wconf 54' lang='lat' dir='ltr'><strong>mir</strong></span> <span class='ocrx_word' id='word_1_183' title='bbox 3369 1543 3441 1596; x_wconf 79' lang='grc' dir='ltr'>τὸ</span> <span class='ocrx_word' id='word_1_184' title='bbox 3491 1541 3758 1614; x_wconf 68' lang='grc' dir='ltr'>πλήρωμα</span> 
     </span>
    </p>
   </div>
   <div class='ocr_carea' id='block_1_28' title="bbox 2541 1613 3420 1685">
    <p class='ocr_par' dir='ltr' id='par_1_28' title="bbox 2541 1613 3420 1685">
     <span class='ocr_line' id='line_1_28' title="bbox 2541 1613 3420 1685; baseline -0.008 -14"><span class='ocrx_word' id='word_1_185' title='bbox 2541 1617 2654 1685; x_wconf 78' lang='grc' dir='ltr'>τῆς</span> <span class='ocrx_word' id='word_1_186' title='bbox 2680 1617 2959 1682; x_wconf 81' lang='grc' dir='ltr'><strong>θεότητος</strong></span> <span class='ocrx_word' id='word_1_187' title='bbox 2989 1613 3361 1685; x_wconf 83' lang='grc' dir='ltr'><strong>σωματικῶς.</strong></span> <span class='ocrx_word' id='word_1_188' title='bbox 3400 1633 3420 1664; x_wconf 77' lang='grc' dir='ltr'><strong>ι</strong></span> 
     </span>
    </p>
   </div>
   <div class='ocr_carea' id='block_1_29' title="bbox 2261 1726 3758 1799">
    <p class='ocr_par' dir='ltr' id='par_1_29' title="bbox 2261 1726 3758 1799">
     <span class='ocr_line' id='line_1_29' title="bbox 2261 1726 3758 1799; baseline -0.005 -13"><span class='ocrx_word' id='word_1_189' title='bbox 2261 1733 2357 1795; x_wconf 77' lang='grc' dir='ltr'><strong>Τὸ,</strong></span> <span class='ocrx_word' id='word_1_190' title='bbox 2415 1751 2434 1784; x_wconf 80' lang='grc' dir='ltr'><strong>ι</strong></span> <span class='ocrx_word' id='word_1_191' title='bbox 2481 1731 2571 1783; x_wconf 83' lang='grc' dir='ltr'>Ἐν</span> <span class='ocrx_word' id='word_1_192' title='bbox 2621 1727 2770 1799; x_wconf 75' lang='grc' dir='ltr'>αὐτῷ</span> <span class='ocrx_word' id='word_1_193' title='bbox 2814 1730 3063 1781; x_wconf 82' lang='grc' dir='ltr'>κατοικεῖ</span> <span class='ocrx_word' id='word_1_194' title='bbox 3101 1727 3213 1797; x_wconf 74' lang='grc'>(51)</span> <span class='ocrx_word' id='word_1_195' title='bbox 3252 1728 3361 1778; x_wconf 78' lang='grc' dir='ltr'>πᾶν</span> <span class='ocrx_word' id='word_1_196' title='bbox 3396 1726 3459 1778; x_wconf 78' lang='grc' dir='ltr'><strong>τὸ</strong></span> <span class='ocrx_word' id='word_1_197' title='bbox 3509 1726 3758 1796; x_wconf 76' lang='grc' dir='ltr'>πλήρωμα</span> 
     </span>
    </p>
   </div>
   <div class='ocr_carea' id='block_1_30' title="bbox 504 1817 2098 1914">
    <p class='ocr_par' dir='ltr' id='par_1_30' title="bbox 504 1832 2081 1914">
     <span class='ocr_line' id='line_1_30' title="bbox 504 1832 2081 1914; baseline -0.006 -19"><span class='ocrx_word' id='word_1_198' title='bbox 504 1842 658 1914; x_wconf 92' lang='lat' dir='ltr'><strong>(quid</strong></span> <span class='ocrx_word' id='word_1_199' title='bbox 687 1841 786 1894; x_wconf 88' lang='lat' dir='ltr'><strong>sibi</strong></span> <span class='ocrx_word' id='word_1_200' title='bbox 821 1837 972 1905; x_wconf 86' lang='lat' dir='ltr'><strong>velit)</strong></span> <span class='ocrx_word' id='word_1_201' title='bbox 1012 1854 1024 1888; x_wconf 91' lang='lat'><strong>:</strong></span> <span class='ocrx_word' id='word_1_202' title='bbox 1059 1853 1078 1886; x_wconf 81' lang='grc' dir='ltr'><strong>ι</strong></span> <span class='ocrx_word' id='word_1_203' title='bbox 1111 1834 1166 1887; x_wconf 90' lang='lat' dir='ltr'><strong>In</strong></span> <span class='ocrx_word' id='word_1_204' title='bbox 1203 1837 1318 1904; x_wconf 91' lang='lat' dir='ltr'><strong>ipso</strong></span> <span class='ocrx_word' id='word_1_205' title='bbox 1352 1835 1562 1888; x_wconf 77' lang='lat' dir='ltr'><strong>habitat</strong></span> <span class='ocrx_word' id='word_1_206' title='bbox 1595 1835 1772 1886; x_wconf 90' lang='lat' dir='ltr'><strong>omnis</strong></span> <span class='ocrx_word' id='word_1_207' title='bbox 1801 1832 2081 1902; x_wconf 85' lang='lat' dir='ltr'><strong>plenitudo</strong></span> 
     </span>
    </p>
   </div>
   <div class='ocr_carea' id='block_1_31' title="bbox 2208 1817 3755 1914">
    <p class='ocr_par' dir='ltr' id='par_1_31' title="bbox 2208 1817 3755 1894">
     <span class='ocr_line' id='line_1_31' title="bbox 2208 1817 3755 1894; baseline -0.006 -17"><span class='ocrx_word' id='word_1_208' title='bbox 2208 1825 2288 1894; x_wconf 69' lang='grc' dir='ltr'><strong>τῆς</strong></span> <span class='ocrx_word' id='word_1_209' title='bbox 2312 1823 2566 1894; x_wconf 84' lang='grc' dir='ltr'>θεότητος</span> <span class='ocrx_word' id='word_1_210' title='bbox 2611 1818 2959 1889; x_wconf 83' lang='grc' dir='ltr'>σωματικῶς,</span> <span class='ocrx_word' id='word_1_211' title='bbox 2989 1837 3006 1868; x_wconf 72' lang='grc' dir='ltr'><strong>ι</strong></span> <span class='ocrx_word' id='word_1_212' title='bbox 3039 1818 3204 1881; x_wconf 72' lang='grc' dir='ltr'>αὐτὸς</span> <span class='ocrx_word' id='word_1_213' title='bbox 3231 1818 3330 1887; x_wconf 80' lang='grc' dir='ltr'><strong>μὲν</strong></span> <span class='ocrx_word' id='word_1_214' title='bbox 3354 1817 3496 1887; x_wconf 75' lang='grc' dir='ltr'>ἔφης</span> <span class='ocrx_word' id='word_1_215' title='bbox 3527 1818 3599 1886; x_wconf 81' lang='grc' dir='ltr'>μὴ</span> <span class='ocrx_word' id='word_1_216' title='bbox 3619 1819 3755 1869; x_wconf 82' lang='grc' dir='ltr'>νοεῖν·</span> 
     </span>
    </p>
   </div>
   <div class='ocr_carea' id='block_1_32' title="bbox 501 1926 2087 1997">
    <p class='ocr_par' dir='ltr' id='par_1_32' title="bbox 501 1926 2087 1997">
     <span class='ocr_line' id='line_1_32' title="bbox 501 1926 2087 1997; baseline -0.006 -10"><span class='ocrx_word' id='word_1_217' title='bbox 501 1933 804 1987; x_wconf 83' lang='lat' dir='ltr'><strong>divinitatis</strong></span> <span class='ocrx_word' id='word_1_218' title='bbox 849 1928 1228 1997; x_wconf 87' lang='lat' dir='ltr'><strong>corporaliter.</strong></span> <span class='ocrx_word' id='word_1_219' title='bbox 1263 1945 1282 1978; x_wconf 86' lang='grc'><strong>›</strong></span> <span class='ocrx_word' id='word_1_220' title='bbox 1329 1927 1441 1994; x_wconf 80' lang='lat' dir='ltr'><strong>Ego</strong></span> <span class='ocrx_word' id='word_1_221' title='bbox 1468 1942 1596 1979; x_wconf 89' lang='lat' dir='ltr'><strong>vero</strong></span> <span class='ocrx_word' id='word_1_222' title='bbox 1636 1927 1687 1978; x_wconf 88' lang='lat' dir='ltr'><strong>id</strong></span> <span class='ocrx_word' id='word_1_223' title='bbox 1725 1926 1922 1978; x_wconf 84' lang='lat' dir='ltr'><strong>dictum</strong></span> <span class='ocrx_word' id='word_1_224' title='bbox 1965 1939 2087 1978; x_wconf 81' lang='lat' dir='ltr'><strong>esse</strong></span> 
     </span>
    </p>
   </div>
   <div class='ocr_carea' id='block_1_33' title="bbox 503 2015 2090 2089">
    <p class='ocr_par' dir='ltr' id='par_1_33' title="bbox 503 2015 2090 2089">
     <span class='ocr_line' id='line_1_33' title="bbox 503 2015 2090 2089; baseline -0.008 -11"><span class='ocrx_word' id='word_1_225' title='bbox 503 2025 764 2087; x_wconf 84' lang='lat' dir='ltr'><strong>arbitror,</strong></span> <span class='ocrx_word' id='word_1_226' title='bbox 792 2037 890 2089; x_wconf 84' lang='lat' dir='ltr'><strong>pro</strong></span> <span class='ocrx_word' id='word_1_227' title='bbox 923 2019 1310 2074; x_wconf 86' lang='lat' dir='ltr'><strong>essentialiter.</strong></span> <span class='ocrx_word' id='word_1_228' title='bbox 1354 2016 1473 2071; x_wconf 89' lang='lat' dir='ltr'><strong>Non</strong></span> <span class='ocrx_word' id='word_1_229' title='bbox 1509 2018 1653 2070; x_wconf 90' lang='lat' dir='ltr'><strong>enim</strong></span> <span class='ocrx_word' id='word_1_230' title='bbox 1681 2015 1919 2070; x_wconf 85' lang='lat' dir='ltr'><strong>ellicacia</strong></span> <span class='ocrx_word' id='word_1_231' title='bbox 1952 2016 2090 2066; x_wconf 87' lang='lat' dir='ltr'><strong>divi-</strong></span> 
     </span>
    </p>
   </div>
   <div class='ocr_carea' id='block_1_34' title="bbox 506 2104 2089 2178">
    <p class='ocr_par' dir='ltr' id='par_1_34' title="bbox 506 2104 2089 2178">
     <span class='ocr_line' id='line_1_34' title="bbox 506 2104 2089 2178; baseline -0.008 -10"><span class='ocrx_word' id='word_1_232' title='bbox 506 2113 730 2178; x_wconf 84' lang='lat' dir='ltr'><strong>nitatis,</strong></span> <span class='ocrx_word' id='word_1_233' title='bbox 778 2124 941 2178; x_wconf 90' lang='lat' dir='ltr'><strong>quam</strong></span> <span class='ocrx_word' id='word_1_234' title='bbox 1009 2108 1151 2174; x_wconf 85' lang='lat' dir='ltr'><strong>parit</strong></span> <span class='ocrx_word' id='word_1_235' title='bbox 1196 2107 1614 2171; x_wconf 80' lang='lat' dir='ltr'><strong>inexsistentia,</strong></span> <span class='ocrx_word' id='word_1_236' title='bbox 1662 2105 1919 2169; x_wconf 85' lang='lat' dir='ltr'><strong>templum</strong></span> <span class='ocrx_word' id='word_1_237' title='bbox 1960 2104 2089 2156; x_wconf 88' lang='lat' dir='ltr'><strong>illud</strong></span> 
     </span>
    </p>
   </div>
   <div class='ocr_carea' id='block_1_35' title="bbox 518 2195 2087 2271">
    <p class='ocr_par' dir='ltr' id='par_1_35' title="bbox 518 2195 2087 2271">
     <span class='ocr_line' id='line_1_35' title="bbox 518 2195 2087 2271; baseline -0.008 -12"><span class='ocrx_word' id='word_1_238' title='bbox 518 2202 860 2271; x_wconf 89' lang='lat' dir='ltr'><strong>impollutum</strong></span> <span class='ocrx_word' id='word_1_239' title='bbox 915 2199 1296 2270; x_wconf 82' lang='lat' dir='ltr'><strong>gubernabat,</strong></span> <span class='ocrx_word' id='word_1_240' title='bbox 1351 2199 1444 2253; x_wconf 86' lang='lat' dir='ltr'><strong>sed</strong></span> <span class='ocrx_word' id='word_1_241' title='bbox 1492 2197 1727 2252; x_wconf 82' lang='lat' dir='ltr'><strong>essentia</strong></span> <span class='ocrx_word' id='word_1_242' title='bbox 1781 2198 1893 2265; x_wconf 90' lang='lat' dir='ltr'><strong>ipsa</strong></span> <span class='ocrx_word' id='word_1_243' title='bbox 1923 2195 2087 2264; x_wconf 77' lang='lat'><strong>508</strong></span> 
     </span>
    </p>
   </div>
   <div class='ocr_carea' id='block_1_36' title="bbox 478 2287 2093 2361">
    <p class='ocr_par' dir='ltr' id='par_1_36' title="bbox 478 2287 2093 2361">
     <span class='ocr_line' id='line_1_36' title="bbox 478 2287 2093 2361; baseline -0.007 -12"><span class='ocrx_word' id='word_1_244' title='bbox 478 2293 735 2359; x_wconf 81' lang='lat' dir='ltr'><strong>inﬁnitis</strong></span> <span class='ocrx_word' id='word_1_245' title='bbox 783 2291 1008 2361; x_wconf 64' lang='lat' dir='ltr'><strong>prazdita</strong></span> <span class='ocrx_word' id='word_1_246' title='bbox 1072 2289 1538 2357; x_wconf 85' lang='lat' dir='ltr'><strong>Operationibus:</strong></span> <span class='ocrx_word' id='word_1_247' title='bbox 1597 2303 1701 2340; x_wconf 90' lang='lat' dir='ltr'><strong>non</strong></span> <span class='ocrx_word' id='word_1_248' title='bbox 1767 2287 2093 2354; x_wconf 84' lang='lat' dir='ltr'><strong>particulare</strong></span> 
     </span>
    </p>
   </div>
   <div class='ocr_carea' id='block_1_37' title="bbox 509 2377 2094 2448">
    <p class='ocr_par' dir='ltr' id='par_1_37' title="bbox 509 2377 2094 2448">
     <span class='ocr_line' id='line_1_37' title="bbox 509 2377 2094 2448; baseline -0.008 -7"><span class='ocrx_word' id='word_1_249' title='bbox 509 2387 714 2441; x_wconf 83' lang='lat' dir='ltr'><strong>habens</strong></span> <span class='ocrx_word' id='word_1_250' title='bbox 745 2385 941 2437; x_wconf 89' lang='lat' dir='ltr'><strong>donum</strong></span> <span class='ocrx_word' id='word_1_251' title='bbox 984 2379 1194 2448; x_wconf 66' lang='lat' dir='ltr'><strong>gratiae,</strong></span> <span class='ocrx_word' id='word_1_252' title='bbox 1248 2380 1342 2432; x_wconf 92' lang='lat' dir='ltr'><strong>sed</strong></span> <span class='ocrx_word' id='word_1_253' title='bbox 1385 2378 1508 2433; x_wconf 83' lang='lat' dir='ltr'><strong>fons</strong></span> <span class='ocrx_word' id='word_1_254' title='bbox 1543 2377 1947 2448; x_wconf 78' lang='lat' dir='ltr'><strong>(inexhausuts)</strong></span> <span class='ocrx_word' id='word_1_255' title='bbox 1998 2377 2094 2430; x_wconf 89' lang='lat' dir='ltr'><strong>bo-</strong></span> 
     </span>
    </p>
   </div>
   <div class='ocr_carea' id='block_1_38' title="bbox 509 2465 2092 2544">
    <p class='ocr_par' dir='ltr' id='par_1_38' title="bbox 509 2465 2092 2544">
     <span class='ocr_line' id='line_1_38' title="bbox 509 2465 2092 2544; baseline -0.009 -11"><span class='ocrx_word' id='word_1_256' title='bbox 509 2494 727 2536; x_wconf 90' lang='lat' dir='ltr'><strong>norum.</strong></span> <span class='ocrx_word' id='word_1_257' title='bbox 763 2474 905 2544; x_wconf 85' lang='lat' dir='ltr'><strong>Ipse,</strong></span> <span class='ocrx_word' id='word_1_258' title='bbox 930 2473 1108 2542; x_wconf 85' lang='lat' dir='ltr'><strong>inquit</strong></span> <span class='ocrx_word' id='word_1_259' title='bbox 1151 2468 1422 2541; x_wconf 84' lang='lat' dir='ltr'><strong>(Paulus),</strong></span> <span class='ocrx_word' id='word_1_260' title='bbox 1465 2471 1558 2538; x_wconf 92' lang='lat' dir='ltr'><strong>qui</strong></span> <span class='ocrx_word' id='word_1_261' title='bbox 1607 2484 1731 2523; x_wconf 90' lang='lat' dir='ltr'><strong>cum</strong></span> <span class='ocrx_word' id='word_1_262' title='bbox 1761 2466 1923 2520; x_wconf 87' lang='lat' dir='ltr'><strong>Patre</strong></span> <span class='ocrx_word' id='word_1_263' title='bbox 1951 2465 2092 2538; x_wconf 88' lang='lat' dir='ltr'><strong>(pari</strong></span> 
     </span>
    </p>
   </div>
   <div class='ocr_carea' id='block_1_39' title="bbox 509 2559 2092 2642">
    <p class='ocr_par' dir='ltr' id='par_1_39' title="bbox 509 2559 2092 2642">
     <span class='ocr_line' id='line_1_39' title="bbox 509 2559 2092 2642; baseline -0.009 -17"><span class='ocrx_word' id='word_1_264' title='bbox 509 2567 800 2642; x_wconf 84' lang='lat' dir='ltr'><strong>potestate)</strong></span> <span class='ocrx_word' id='word_1_265' title='bbox 835 2573 1043 2635; x_wconf 84' lang='lat' dir='ltr'><strong>regnat,</strong></span> <span class='ocrx_word' id='word_1_266' title='bbox 1080 2564 1280 2632; x_wconf 87' lang='lat' dir='ltr'><strong>quique</strong></span> <span class='ocrx_word' id='word_1_267' title='bbox 1318 2575 1496 2614; x_wconf 90' lang='lat' dir='ltr'><strong>rerum</strong></span> <span class='ocrx_word' id='word_1_268' title='bbox 1527 2559 2092 2628; x_wconf 87' lang='lat' dir='ltr'><strong>supramuudanarum</strong></span> 
     </span>
    </p>
   </div>
   <div class='ocr_carea' id='block_1_40' title="bbox 513 2650 2097 2720">
    <p class='ocr_par' dir='ltr' id='par_1_40' title="bbox 513 2650 2097 2720">
     <span class='ocr_line' id='line_1_40' title="bbox 513 2650 2097 2720; baseline -0.008 -4"><span class='ocrx_word' id='word_1_269' title='bbox 513 2663 758 2717; x_wconf 88' lang='lat' dir='ltr'><strong>habenas</strong></span> <span class='ocrx_word' id='word_1_270' title='bbox 788 2667 1007 2720; x_wconf 87' lang='lat' dir='ltr'><strong>tractat,</strong></span> <span class='ocrx_word' id='word_1_271' title='bbox 1038 2665 1094 2711; x_wconf 90' lang='lat' dir='ltr'><strong>et</strong></span> <span class='ocrx_word' id='word_1_272' title='bbox 1119 2653 1400 2708; x_wconf 84' lang='lat' dir='ltr'><strong>terrestria</strong></span> <span class='ocrx_word' id='word_1_273' title='bbox 1432 2666 1539 2719; x_wconf 91' lang='lat' dir='ltr'><strong>quo</strong></span> <span class='ocrx_word' id='word_1_274' title='bbox 1566 2651 1682 2704; x_wconf 79' lang='lat' dir='ltr'><strong>vult</strong></span> <span class='ocrx_word' id='word_1_275' title='bbox 1711 2650 1899 2713; x_wconf 87' lang='lat' dir='ltr'><strong>ﬂectit,</strong></span> <span class='ocrx_word' id='word_1_276' title='bbox 1934 2652 2097 2704; x_wconf 91' lang='lat' dir='ltr'><strong>homo</strong></span> 
     </span>
    </p>
   </div>
   <div class='ocr_carea' id='block_1_41' title="bbox 515 2742 2098 2818">
    <p class='ocr_par' dir='ltr' id='par_1_41' title="bbox 515 2742 2098 2818">
     <span class='ocr_line' id='line_1_41' title="bbox 515 2742 2098 2818; baseline -0.007 -12"><span class='ocrx_word' id='word_1_277' title='bbox 515 2754 692 2816; x_wconf 71' lang='lat' dir='ltr'><strong>[actus</strong></span> <span class='ocrx_word' id='word_1_278' title='bbox 729 2761 836 2817; x_wconf 86' lang='lat' dir='ltr'><strong>est,</strong></span> <span class='ocrx_word' id='word_1_279' title='bbox 871 2762 924 2804; x_wconf 89' lang='lat' dir='ltr'><strong>et</strong></span> <span class='ocrx_word' id='word_1_280' title='bbox 961 2747 1329 2818; x_wconf 87' lang='lat' dir='ltr'><strong>imperatoriis</strong></span> <span class='ocrx_word' id='word_1_281' title='bbox 1371 2743 1540 2797; x_wconf 88' lang='lat' dir='ltr'><strong>armis</strong></span> <span class='ocrx_word' id='word_1_282' title='bbox 1578 2743 1633 2796; x_wconf 92' lang='lat' dir='ltr'><strong>in</strong></span> <span class='ocrx_word' id='word_1_283' title='bbox 1675 2743 1792 2796; x_wconf 85' lang='lat' dir='ltr'><strong>acie</strong></span> <span class='ocrx_word' id='word_1_284' title='bbox 1827 2742 2001 2804; x_wconf 86' lang='lat' dir='ltr'><strong>stetit,</strong></span> <span class='ocrx_word' id='word_1_285' title='bbox 2039 2753 2098 2795; x_wconf 91' lang='lat' dir='ltr'><strong>ut</strong></span> 
     </span>
    </p>
   </div>
   <div class='ocr_carea' id='block_1_42' title="bbox 513 2834 2097 2903">
    <p class='ocr_par' dir='ltr' id='par_1_42' title="bbox 513 2834 2097 2903">
     <span class='ocr_line' id='line_1_42' title="bbox 513 2834 2097 2903; baseline -0.008 -7"><span class='ocrx_word' id='word_1_286' title='bbox 513 2856 569 2898; x_wconf 90' lang='lat' dir='ltr'><strong>et</strong></span> <span class='ocrx_word' id='word_1_287' title='bbox 601 2842 694 2896; x_wconf 89' lang='lat' dir='ltr'><strong>illa</strong></span> <span class='ocrx_word' id='word_1_288' title='bbox 724 2849 949 2894; x_wconf 90' lang='lat' dir='ltr'><strong>ornaret</strong></span> <span class='ocrx_word' id='word_1_289' title='bbox 983 2848 1039 2892; x_wconf 89' lang='lat' dir='ltr'><strong>et</strong></span> <span class='ocrx_word' id='word_1_290' title='bbox 1079 2837 1365 2892; x_wconf 83' lang='lat' dir='ltr'><strong>victoriam</strong></span> <span class='ocrx_word' id='word_1_291' title='bbox 1399 2834 1682 2888; x_wconf 89' lang='lat' dir='ltr'><strong>hominum</strong></span> <span class='ocrx_word' id='word_1_292' title='bbox 1714 2835 1901 2903; x_wconf 79' lang='lat' dir='ltr'><strong>generi</strong></span> <span class='ocrx_word' id='word_1_293' title='bbox 1943 2848 2097 2887; x_wconf 87' lang='lat' dir='ltr'><strong>com-</strong></span> 
     </span>
    </p>
   </div>
   <div class='ocr_carea' id='block_1_43' title="bbox 516 2925 2100 3006">
    <p class='ocr_par' dir='ltr' id='par_1_43' title="bbox 516 2925 2100 3006">
     <span class='ocr_line' id='line_1_43' title="bbox 516 2925 2100 3006; baseline -0.006 -18"><span class='ocrx_word' id='word_1_294' title='bbox 516 2943 764 3006; x_wconf 81' lang='lat' dir='ltr'><strong>pararet,</strong></span> <span class='ocrx_word' id='word_1_295' title='bbox 796 2942 851 2986; x_wconf 89' lang='lat' dir='ltr'><strong>et</strong></span> <span class='ocrx_word' id='word_1_296' title='bbox 890 2931 1083 2985; x_wconf 75' lang='lat' dir='ltr'><strong>noxios</strong></span> <span class='ocrx_word' id='word_1_297' title='bbox 1115 2931 1389 2983; x_wconf 69' lang='lat' dir='ltr'><strong>daamones</strong></span> <span class='ocrx_word' id='word_1_298' title='bbox 1432 2927 1487 2980; x_wconf 91' lang='lat' dir='ltr'><strong>in</strong></span> <span class='ocrx_word' id='word_1_299' title='bbox 1535 2925 1717 2995; x_wconf 81' lang='lat' dir='ltr'><strong>fugam</strong></span> <span class='ocrx_word' id='word_1_300' title='bbox 1754 2934 2010 2990; x_wconf 86' lang='lat' dir='ltr'><strong>verteret,</strong></span> <span class='ocrx_word' id='word_1_301' title='bbox 2044 2932 2100 2978; x_wconf 89' lang='lat' dir='ltr'><strong>et</strong></span> 
     </span>
    </p>
   </div>
   <div class='ocr_carea' id='block_1_44' title="bbox 515 3016 2101 3096">
    <p class='ocr_par' dir='ltr' id='par_1_44' title="bbox 515 3016 2101 3096">
     <span class='ocr_line' id='line_1_44' title="bbox 515 3016 2101 3096; baseline -0.006 -16"><span class='ocrx_word' id='word_1_302' title='bbox 515 3029 760 3096; x_wconf 75' lang='lat' dir='ltr'><strong>ipsorum</strong></span> <span class='ocrx_word' id='word_1_303' title='bbox 810 3025 1000 3078; x_wconf 79' lang='lat' dir='ltr'><strong>ducent</strong></span> <span class='ocrx_word' id='word_1_304' title='bbox 1062 3037 1313 3091; x_wconf 87' lang='lat' dir='ltr'><strong>maguum</strong></span> <span class='ocrx_word' id='word_1_305' title='bbox 1373 3019 1628 3088; x_wconf 88' lang='lat' dir='ltr'><strong>quiddam</strong></span> <span class='ocrx_word' id='word_1_306' title='bbox 1672 3019 1970 3086; x_wconf 87' lang='lat' dir='ltr'><strong>spirantem</strong></span> <span class='ocrx_word' id='word_1_307' title='bbox 2009 3016 2101 3071; x_wconf 85' lang='lat' dir='ltr'><strong>de-</strong></span> 
     </span>
    </p>
   </div>
   <div class='ocr_carea' id='block_1_45' title="bbox 521 3107 2098 3180">
    <p class='ocr_par' dir='ltr' id='par_1_45' title="bbox 521 3107 2098 3180">
     <span class='ocr_line' id='line_1_45' title="bbox 521 3107 2098 3180; baseline -0.006 -9"><span class='ocrx_word' id='word_1_308' title='bbox 521 3125 781 3178; x_wconf 80' lang='lat' dir='ltr'><strong>strueret,</strong></span> <span class='ocrx_word' id='word_1_309' title='bbox 817 3124 872 3170; x_wconf 90' lang='lat' dir='ltr'><strong>et</strong></span> <span class='ocrx_word' id='word_1_310' title='bbox 922 3113 1146 3166; x_wconf 78' lang='lat' dir='ltr'><strong>inﬁnitis</strong></span> <span class='ocrx_word' id='word_1_311' title='bbox 1190 3112 1344 3165; x_wconf 89' lang='lat' dir='ltr'><strong>donis</strong></span> <span class='ocrx_word' id='word_1_312' title='bbox 1383 3111 1573 3180; x_wconf 75' lang='lat' dir='ltr'><strong>gratiae</strong></span> <span class='ocrx_word' id='word_1_313' title='bbox 1615 3110 1863 3177; x_wconf 87' lang='lat' dir='ltr'><strong>impleret</strong></span> <span class='ocrx_word' id='word_1_314' title='bbox 1909 3107 2098 3162; x_wconf 86' lang='lat' dir='ltr'><strong>Eccle-</strong></span> 
     </span>
    </p>
   </div>
   <div class='ocr_carea' id='block_1_46' title="bbox 2188 1906 3758 1983">
    <p class='ocr_par' dir='ltr' id='par_1_46' title="bbox 2188 1906 3758 1983">
     <span class='ocr_line' id='line_1_46' title="bbox 2188 1906 3758 1983; baseline -0.007 -15"><span class='ocrx_word' id='word_1_315' title='bbox 2188 1914 2299 1983; x_wconf 86' lang='grc' dir='ltr'>ἐγὼ</span> <span class='ocrx_word' id='word_1_316' title='bbox 2329 1913 2373 1966; x_wconf 85' lang='grc' dir='ltr'><strong>δ’</strong></span> <span class='ocrx_word' id='word_1_317' title='bbox 2421 1909 2577 1982; x_wconf 78' lang='grc' dir='ltr'>οἶμαι</span> <span class='ocrx_word' id='word_1_318' title='bbox 2608 1910 2866 1980; x_wconf 75' lang='grc' dir='ltr'>εἰρῆσθαι</span> <span class='ocrx_word' id='word_1_319' title='bbox 2918 1908 3040 1962; x_wconf 72' lang='grc' dir='ltr'>ἀντὶ</span> <span class='ocrx_word' id='word_1_320' title='bbox 3071 1907 3188 1973; x_wconf 90' lang='grc' dir='ltr'>τοῦ,</span> <span class='ocrx_word' id='word_1_321' title='bbox 3222 1908 3524 1970; x_wconf 80' lang='grc' dir='ltr'>οὑσιωδῶς.</span> <span class='ocrx_word' id='word_1_322' title='bbox 3563 1907 3632 1959; x_wconf 74' lang='grc' dir='ltr'><strong>Οὐ</strong></span> <span class='ocrx_word' id='word_1_323' title='bbox 3663 1906 3758 1978; x_wconf 69' lang='grc' dir='ltr'>γὰρ</span> 
     </span>
    </p>
   </div>
   <div class='ocr_carea' id='block_1_47' title="bbox 2191 1999 3758 2076">
    <p class='ocr_par' dir='ltr' id='par_1_47' title="bbox 2191 1999 3758 2076">
     <span class='ocr_line' id='line_1_47' title="bbox 2191 1999 3758 2076; baseline -0.004 -18"><span class='ocrx_word' id='word_1_324' title='bbox 2191 2007 2449 2076; x_wconf 86' lang='grc' dir='ltr'>ἐνέργεια</span> <span class='ocrx_word' id='word_1_325' title='bbox 2499 2003 2776 2073; x_wconf 81' lang='grc' dir='ltr'>θεότητος,</span> <span class='ocrx_word' id='word_1_326' title='bbox 2834 2000 2902 2071; x_wconf 87' lang='grc' dir='ltr'>ἢν</span> <span class='ocrx_word' id='word_1_327' title='bbox 2957 1999 3178 2052; x_wconf 88' lang='grc' dir='ltr'>ἐνουσία</span> <span class='ocrx_word' id='word_1_328' title='bbox 3230 1999 3433 2067; x_wconf 85' lang='grc' dir='ltr'>τίκτει,</span> <span class='ocrx_word' id='word_1_329' title='bbox 3511 2000 3599 2052; x_wconf 78' lang='grc' dir='ltr'><strong>τὸν</strong></span> <span class='ocrx_word' id='word_1_330' title='bbox 3651 2000 3758 2053; x_wconf 72' lang='grc' dir='ltr'>ναὸν</span> 
     </span>
    </p>
   </div>
   <div class='ocr_carea' id='block_1_48' title="bbox 2191 2089 3758 2162">
    <p class='ocr_par' dir='ltr' id='par_1_48' title="bbox 2191 2089 3758 2162">
     <span class='ocr_line' id='line_1_48' title="bbox 2191 2089 3758 2162; baseline -0.004 -14"><span class='ocrx_word' id='word_1_331' title='bbox 2191 2098 2398 2148; x_wconf 84' lang='grc' dir='ltr'>ἐκεῖνον</span> <span class='ocrx_word' id='word_1_332' title='bbox 2445 2092 2718 2162; x_wconf 77' lang='grc' dir='ltr'>ἐκυϐέρνα</span> <span class='ocrx_word' id='word_1_333' title='bbox 2766 2091 2859 2144; x_wconf 75' lang='grc' dir='ltr'>τὸν</span> <span class='ocrx_word' id='word_1_334' title='bbox 2900 2091 3192 2160; x_wconf 78' lang='grc' dir='ltr'>ἄχραντον,</span> <span class='ocrx_word' id='word_1_335' title='bbox 3228 2089 3345 2142; x_wconf 83' lang='grc' dir='ltr'>ἀλλ’</span> <span class='ocrx_word' id='word_1_336' title='bbox 3377 2089 3540 2143; x_wconf 80' lang='grc' dir='ltr'>οὐσία</span> <span class='ocrx_word' id='word_1_337' title='bbox 3584 2090 3758 2160; x_wconf 82' lang='grc' dir='ltr'>μυρίας</span> 
     </span>
    </p>
   </div>
   <div class='ocr_carea' id='block_1_49' title="bbox 2193 2181 3758 2258">
    <p class='ocr_par' dir='ltr' id='par_1_49' title="bbox 2193 2181 3758 2258">
     <span class='ocr_line' id='line_1_49' title="bbox 2193 2181 3758 2258; baseline -0.004 -17"><span class='ocrx_word' id='word_1_338' title='bbox 2193 2187 2473 2258; x_wconf 86' lang='grc' dir='ltr'>ἐνεργείας</span> <span class='ocrx_word' id='word_1_339' title='bbox 2517 2185 2748 2255; x_wconf 77' lang='grc' dir='ltr'>ἔχουσα·</span> <span class='ocrx_word' id='word_1_340' title='bbox 2783 2184 2842 2236; x_wconf 85' lang='grc' dir='ltr'><strong>οὐ</strong></span> <span class='ocrx_word' id='word_1_341' title='bbox 2873 2183 3097 2253; x_wconf 81' lang='grc' dir='ltr'>μερικὸν</span> <span class='ocrx_word' id='word_1_342' title='bbox 3131 2181 3332 2252; x_wconf 84' lang='grc' dir='ltr'>ἔχουσα</span> <span class='ocrx_word' id='word_1_343' title='bbox 3358 2183 3628 2253; x_wconf 79' lang='grc' dir='ltr'>χάρισμα,</span> <span class='ocrx_word' id='word_1_344' title='bbox 3658 2183 3758 2236; x_wconf 82' lang='grc' dir='ltr'>ἀλλ’</span> 
     </span>
    </p>
   </div>
   <div class='ocr_carea' id='block_1_50' title="bbox 2194 2273 3759 2346">
    <p class='ocr_par' dir='ltr' id='par_1_50' title="bbox 2194 2273 3759 2346">
     <span class='ocr_line' id='line_1_50' title="bbox 2194 2273 3759 2346; baseline -0.003 -17"><span class='ocrx_word' id='word_1_345' title='bbox 2194 2278 2227 2346; x_wconf 89' lang='grc' dir='ltr'><strong>ή</strong></span> <span class='ocrx_word' id='word_1_346' title='bbox 2262 2276 2416 2346; x_wconf 84' lang='grc' dir='ltr'>πηγὴ</span> <span class='ocrx_word' id='word_1_347' title='bbox 2439 2275 2547 2328; x_wconf 86' lang='grc' dir='ltr'><strong>τῶν</strong></span> <span class='ocrx_word' id='word_1_348' title='bbox 2573 2273 2817 2343; x_wconf 81' lang='grc' dir='ltr'>ἀγαθῶν.</span> <span class='ocrx_word' id='word_1_349' title='bbox 2845 2273 3038 2337; x_wconf 75' lang='grc' dir='ltr'>Αὐτὸς,</span> <span class='ocrx_word' id='word_1_350' title='bbox 3075 2274 3262 2342; x_wconf 78' lang='grc' dir='ltr'>φησὶν,</span> <span class='ocrx_word' id='word_1_351' title='bbox 3288 2275 3316 2325; x_wconf 82' lang='grc' dir='ltr'>ὁ</span> <span class='ocrx_word' id='word_1_352' title='bbox 3337 2274 3420 2342; x_wconf 82' lang='grc' dir='ltr'><strong>τῷ</strong></span> <span class='ocrx_word' id='word_1_353' title='bbox 3450 2275 3618 2344; x_wconf 57' lang='lat' dir='ltr'><strong>Harp).</strong></span> <span class='ocrx_word' id='word_1_354' title='bbox 3643 2291 3759 2343; x_wconf 80' lang='grc' dir='ltr'>συμ-</span> 
     </span>
    </p>
   </div>
   <div class='ocr_carea' id='block_1_51' title="bbox 2195 2361 3759 2436">
    <p class='ocr_par' dir='ltr' id='par_1_51' title="bbox 2195 2361 3759 2436">
     <span class='ocr_line' id='line_1_51' title="bbox 2195 2361 3759 2436; baseline -0.004 -16"><span class='ocrx_word' id='word_1_355' title='bbox 2195 2366 2496 2420; x_wconf 76' lang='grc' dir='ltr'>ϐασιλεύων</span> <span class='ocrx_word' id='word_1_356' title='bbox 2528 2364 2666 2436; x_wconf 74' lang='grc'>(52),</span> <span class='ocrx_word' id='word_1_357' title='bbox 2713 2363 2809 2417; x_wconf 74' lang='grc' dir='ltr'><strong>καὶ</strong></span> <span class='ocrx_word' id='word_1_358' title='bbox 2859 2365 2960 2426; x_wconf 79' lang='grc' dir='ltr'><strong>τάς</strong></span> <span class='ocrx_word' id='word_1_359' title='bbox 3018 2361 3128 2414; x_wconf 83' lang='grc' dir='ltr'><strong>τῶν</strong></span> <span class='ocrx_word' id='word_1_360' title='bbox 3183 2363 3579 2432; x_wconf 86' lang='grc' dir='ltr'>ὑπερκοσμίων</span> <span class='ocrx_word' id='word_1_361' title='bbox 3625 2364 3759 2432; x_wconf 81' lang='grc' dir='ltr'>ήνίας</span> 
     </span>
    </p>
   </div>
   <div class='ocr_carea' id='block_1_52' title="bbox 2194 2454 3755 2529">
    <p class='ocr_par' dir='ltr' id='par_1_52' title="bbox 2194 2454 3755 2529">
     <span class='ocr_line' id='line_1_52' title="bbox 2194 2454 3755 2529; baseline -0.004 -18"><span class='ocrx_word' id='word_1_362' title='bbox 2194 2459 2463 2529; x_wconf 81' lang='grc' dir='ltr'>κατέχων,</span> <span class='ocrx_word' id='word_1_363' title='bbox 2507 2458 2599 2509; x_wconf 68' lang='grc' dir='ltr'><strong>καὶ</strong></span> <span class='ocrx_word' id='word_1_364' title='bbox 2645 2457 2714 2508; x_wconf 73' lang='grc' dir='ltr'><strong>τά</strong></span> <span class='ocrx_word' id='word_1_365' title='bbox 2768 2455 2989 2524; x_wconf 80' lang='grc' dir='ltr'>ἐπίγεια</span> <span class='ocrx_word' id='word_1_366' title='bbox 3035 2454 3315 2518; x_wconf 73' lang='grc' dir='ltr'>οἰακίζων,</span> <span class='ocrx_word' id='word_1_367' title='bbox 3356 2454 3755 2525; x_wconf 81' lang='grc' dir='ltr'>ἐνηνθρώπησε,</span> 
     </span>
    </p>
   </div>
   <div class='ocr_carea' id='block_1_53' title="bbox 2197 2544 3756 2618">
    <p class='ocr_par' dir='ltr' id='par_1_53' title="bbox 2197 2544 3756 2618">
     <span class='ocr_line' id='line_1_53' title="bbox 2197 2544 3756 2618; baseline -0.002 -17"><span class='ocrx_word' id='word_1_368' title='bbox 2197 2549 2291 2602; x_wconf 79' lang='grc' dir='ltr'><strong>καὶ</strong></span> <span class='ocrx_word' id='word_1_369' title='bbox 2334 2549 2721 2618; x_wconf 84' lang='grc' dir='ltr'>στρατηγικοῖς</span> <span class='ocrx_word' id='word_1_370' title='bbox 2753 2545 2940 2608; x_wconf 84' lang='grc' dir='ltr'>ὅπλοις</span> <span class='ocrx_word' id='word_1_371' title='bbox 2973 2545 3064 2597; x_wconf 73' lang='grc' dir='ltr'>ἐπὶ</span> <span class='ocrx_word' id='word_1_372' title='bbox 3099 2544 3199 2614; x_wconf 85' lang='grc' dir='ltr'>τῆς</span> <span class='ocrx_word' id='word_1_373' title='bbox 3238 2545 3598 2612; x_wconf 81' lang='grc' dir='ltr'>παρατάξεως</span> <span class='ocrx_word' id='word_1_374' title='bbox 3627 2545 3756 2616; x_wconf 75' lang='grc' dir='ltr'>ἔστη,</span> 
     </span>
    </p>
   </div>
   <div class='ocr_carea' id='block_1_54' title="bbox 2197 2635 3758 2709">
    <p class='ocr_par' dir='ltr' id='par_1_54' title="bbox 2197 2635 3758 2709">
     <span class='ocr_line' id='line_1_54' title="bbox 2197 2635 3758 2709; baseline -0.003 -16"><span class='ocrx_word' id='word_1_375' title='bbox 2197 2640 2289 2693; x_wconf 80' lang='grc' dir='ltr'>ἵνα</span> <span class='ocrx_word' id='word_1_376' title='bbox 2337 2640 2564 2692; x_wconf 87' lang='grc' dir='ltr'>κάκεῖνα</span> <span class='ocrx_word' id='word_1_377' title='bbox 2603 2638 2882 2709; x_wconf 82' lang='grc' dir='ltr'>κοσμήσῃ,</span> <span class='ocrx_word' id='word_1_378' title='bbox 2931 2637 3024 2690; x_wconf 76' lang='grc' dir='ltr'><strong>καὶ</strong></span> <span class='ocrx_word' id='word_1_379' title='bbox 3049 2635 3209 2707; x_wconf 88' lang='grc' dir='ltr'>νίκην</span> <span class='ocrx_word' id='word_1_380' title='bbox 3239 2635 3318 2706; x_wconf 81' lang='grc' dir='ltr'><strong>τῷ</strong></span> <span class='ocrx_word' id='word_1_381' title='bbox 3341 2636 3458 2690; x_wconf 82' lang='grc' dir='ltr'><strong>τῶν</strong></span> <span class='ocrx_word' id='word_1_382' title='bbox 3493 2635 3758 2708; x_wconf 65' lang='grc' dir='ltr'>ἀνθρώπων</span> 
     </span>
    </p>
   </div>
   <div class='ocr_carea' id='block_1_55' title="bbox 2197 2728 3758 2802">
    <p class='ocr_par' dir='ltr' id='par_1_55' title="bbox 2197 2728 3758 2802">
     <span class='ocr_line' id='line_1_55' title="bbox 2197 2728 3758 2802; baseline -0.003 -18"><span class='ocrx_word' id='word_1_383' title='bbox 2197 2733 2347 2800; x_wconf 83' lang='grc' dir='ltr'>γένει</span> <span class='ocrx_word' id='word_1_384' title='bbox 2395 2729 2744 2802; x_wconf 78' lang='grc' dir='ltr'>κατορθώσῃ,</span> <span class='ocrx_word' id='word_1_385' title='bbox 2791 2729 2889 2782; x_wconf 80' lang='grc' dir='ltr'><strong>καὶ</strong></span> <span class='ocrx_word' id='word_1_386' title='bbox 2923 2730 3048 2792; x_wconf 83' lang='grc' dir='ltr'>τοὺς</span> <span class='ocrx_word' id='word_1_387' title='bbox 3083 2728 3401 2798; x_wconf 85' lang='grc' dir='ltr'>ἀλιτηρίους</span> <span class='ocrx_word' id='word_1_388' title='bbox 3438 2729 3758 2800; x_wconf 76' lang='grc' dir='ltr'>τροπώσηται</span> 
     </span>
    </p>
   </div>
   <div class='ocr_carea' id='block_1_56' title="bbox 2198 2819 3758 2893">
    <p class='ocr_par' dir='ltr' id='par_1_56' title="bbox 2198 2819 3758 2893">
     <span class='ocr_line' id='line_1_56' title="bbox 2198 2819 3758 2893; baseline -0.002 -18"><span class='ocrx_word' id='word_1_389' title='bbox 2198 2823 2481 2893; x_wconf 87' lang='grc' dir='ltr'>δαίμονας,</span> <span class='ocrx_word' id='word_1_390' title='bbox 2523 2822 2622 2875; x_wconf 77' lang='grc' dir='ltr'>καὶ</span> <span class='ocrx_word' id='word_1_391' title='bbox 2669 2821 2763 2874; x_wconf 84' lang='grc' dir='ltr'><strong>τὸν</strong></span> <span class='ocrx_word' id='word_1_392' title='bbox 2807 2819 3115 2891; x_wconf 80' lang='grc' dir='ltr'>στρατηγὸν</span> <span class='ocrx_word' id='word_1_393' title='bbox 3144 2821 3326 2873; x_wconf 85' lang='grc' dir='ltr'>αὐτῶν</span> <span class='ocrx_word' id='word_1_394' title='bbox 3362 2822 3512 2890; x_wconf 85' lang='grc' dir='ltr'>μέγα</span> <span class='ocrx_word' id='word_1_395' title='bbox 3538 2821 3758 2890; x_wconf 74' lang='grc' dir='ltr'>φυσῶντα</span> 
     </span>
    </p>
   </div>
   <div class='ocr_carea' id='block_1_57' title="bbox 2201 2912 3757 2985">
    <p class='ocr_par' dir='ltr' id='par_1_57' title="bbox 2201 2912 3757 2985">
     <span class='ocr_line' id='line_1_57' title="bbox 2201 2912 3757 2985; baseline -0.002 -18"><span class='ocrx_word' id='word_1_396' title='bbox 2201 2913 2505 2985; x_wconf 82' lang='grc' dir='ltr'>καταλύσῃ,</span> <span class='ocrx_word' id='word_1_397' title='bbox 2564 2912 2660 2966; x_wconf 77' lang='grc' dir='ltr'>καὶ</span> <span class='ocrx_word' id='word_1_398' title='bbox 2693 2912 2905 2984; x_wconf 86' lang='grc' dir='ltr'>μυρίων</span> <span class='ocrx_word' id='word_1_399' title='bbox 2935 2914 3291 2984; x_wconf 81' lang='grc' dir='ltr'>χαρισμάτων</span> <span class='ocrx_word' id='word_1_400' title='bbox 3321 2913 3424 2984; x_wconf 75' lang='grc' dir='ltr'>τὴν</span> <span class='ocrx_word' id='word_1_401' title='bbox 3469 2914 3757 2984; x_wconf 81' lang='grc' dir='ltr'>Ἐκκλησίαν</span> 
     </span>
    </p>
   </div>
   <div class='ocr_carea' id='block_1_58' title="bbox 2201 3005 3759 3077">
    <p class='ocr_par' dir='ltr' id='par_1_58' title="bbox 2201 3005 3759 3077">
     <span class='ocr_line' id='line_1_58' title="bbox 2201 3005 3759 3077; baseline -0.001 -18"><span class='ocrx_word' id='word_1_402' title='bbox 2201 3007 2477 3076; x_wconf 77' lang='grc' dir='ltr'>ἐμπλήσῃ.</span> <span class='ocrx_word' id='word_1_403' title='bbox 2524 3005 2583 3058; x_wconf 88' lang='lat'><strong>&#39;0</strong></span> <span class='ocrx_word' id='word_1_404' title='bbox 2627 3005 2904 3076; x_wconf 80' lang='grc' dir='ltr'>βασιλεὺς,</span> <span class='ocrx_word' id='word_1_405' title='bbox 2933 3007 3124 3075; x_wconf 71' lang='grc' dir='ltr'>φησὶν,</span> <span class='ocrx_word' id='word_1_406' title='bbox 3173 3007 3606 3077; x_wconf 79' lang='grc' dir='ltr'>ἐστρατήγησεν,</span> <span class='ocrx_word' id='word_1_407' title='bbox 3633 3007 3759 3074; x_wconf 76' lang='grc' dir='ltr'><strong>οὖχὸ</strong></span> 
     </span>
    </p>
   </div>
   <div class='ocr_carea' id='block_1_59' title="bbox 2188 3097 3758 3170">
    <p class='ocr_par' dir='ltr' id='par_1_59' title="bbox 2188 3097 3758 3170">
     <span class='ocr_line' id='line_1_59' title="bbox 2188 3097 3758 3170; baseline -0.001 -18"><span class='ocrx_word' id='word_1_408' title='bbox 2188 3100 2514 3169; x_wconf 76' lang='grc' dir='ltr'>στρατηγὸς</span> <span class='ocrx_word' id='word_1_409' title='bbox 2546 3097 2811 3169; x_wconf 86' lang='grc' dir='ltr'>βασιλικῷ</span> <span class='ocrx_word' id='word_1_410' title='bbox 2854 3097 3127 3167; x_wconf 78' lang='grc' dir='ltr'>ἀξιώματι</span> <span class='ocrx_word' id='word_1_411' title='bbox 3160 3100 3539 3170; x_wconf 76' lang='grc' dir='ltr'>ἐκεκόσμητο·</span> <span class='ocrx_word' id='word_1_412' title='bbox 3568 3103 3593 3151; x_wconf 82' lang='grc' dir='ltr'><strong><em>ὁ</em></strong></span> <span class='ocrx_word' id='word_1_413' title='bbox 3629 3099 3758 3169; x_wconf 83' lang='grc' dir='ltr'>βασι·</span> 
     </span>
    </p>
   </div>
   <div class='ocr_carea' id='block_1_60' title="bbox 517 3191 2098 3275">
    <p class='ocr_par' dir='ltr' id='par_1_60' title="bbox 517 3201 2094 3275">
     <span class='ocr_line' id='line_1_60' title="bbox 517 3201 2094 3275; baseline -0.006 -13"><span class='ocrx_word' id='word_1_414' title='bbox 517 3210 676 3265; x_wconf 85' lang='lat' dir='ltr'><strong>siam.</strong></span> <span class='ocrx_word' id='word_1_415' title='bbox 735 3207 874 3272; x_wconf 81' lang='lat' dir='ltr'><strong>Rex,</strong></span> <span class='ocrx_word' id='word_1_416' title='bbox 927 3206 1105 3274; x_wconf 88' lang='lat' dir='ltr'><strong>inquit</strong></span> <span class='ocrx_word' id='word_1_417' title='bbox 1149 3203 1420 3275; x_wconf 90' lang='lat' dir='ltr'><strong>(Paulus),</strong></span> <span class='ocrx_word' id='word_1_418' title='bbox 1490 3202 1696 3255; x_wconf 69' lang='lat' dir='ltr'><strong>militia:</strong></span> <span class='ocrx_word' id='word_1_419' title='bbox 1737 3201 2094 3268; x_wconf 86' lang='lat' dir='ltr'><strong>principatum</strong></span> 
     </span>
    </p>
   </div>
   <div class='ocr_carea' id='block_1_61' title="bbox 2208 3191 3756 3275">
    <p class='ocr_par' dir='ltr' id='par_1_61' title="bbox 2208 3191 3756 3264">
     <span class='ocr_line' id='line_1_61' title="bbox 2208 3191 3756 3264; baseline -0.001 -20"><span class='ocrx_word' id='word_1_420' title='bbox 2208 3193 2324 3254; x_wconf 69' lang='grc' dir='ltr'>λεὺς</span> <span class='ocrx_word' id='word_1_421' title='bbox 2345 3194 2411 3262; x_wconf 77' lang='grc' dir='ltr'>τῇ</span> <span class='ocrx_word' id='word_1_422' title='bbox 2429 3191 2520 3244; x_wconf 89' lang='grc' dir='ltr'><strong>τοῦ</strong></span> <span class='ocrx_word' id='word_1_423' title='bbox 2542 3191 2730 3244; x_wconf 80' lang='grc' dir='ltr'>δούλου</span> <span class='ocrx_word' id='word_1_424' title='bbox 2755 3195 2938 3262; x_wconf 84' lang='grc' dir='ltr'>μορφῇ</span> <span class='ocrx_word' id='word_1_425' title='bbox 2960 3191 3199 3264; x_wconf 75' lang='grc' dir='ltr'>ἔκρυψεν</span> <span class='ocrx_word' id='word_1_426' title='bbox 3216 3192 3412 3244; x_wconf 81' lang='grc' dir='ltr'>ἑαυτοῦ</span> <span class='ocrx_word' id='word_1_427' title='bbox 3436 3194 3534 3262; x_wconf 81' lang='grc' dir='ltr'><strong>τὴν</strong></span> <span class='ocrx_word' id='word_1_428' title='bbox 3553 3193 3690 3257; x_wconf 81' lang='grc' dir='ltr'>ἀξίαν</span> <span class='ocrx_word' id='word_1_429' title='bbox 3708 3196 3756 3244; x_wconf 80' lang='grc' dir='ltr'><strong>ἐν</strong></span> 
     </span>
    </p>
   </div>
   <div class='ocr_carea' id='block_1_62' title="bbox 518 3292 2097 3367">
    <p class='ocr_par' dir='ltr' id='par_1_62' title="bbox 518 3292 2097 3367">
     <span class='ocr_line' id='line_1_62' title="bbox 518 3292 2097 3367; baseline -0.005 -14"><span class='ocrx_word' id='word_1_430' title='bbox 518 3299 722 3367; x_wconf 74' lang='lat' dir='ltr'><strong>gessit;</strong></span> <span class='ocrx_word' id='word_1_431' title='bbox 760 3313 864 3352; x_wconf 90' lang='lat' dir='ltr'><strong>non</strong></span> <span class='ocrx_word' id='word_1_432' title='bbox 903 3308 1084 3350; x_wconf 91' lang='lat' dir='ltr'><strong>autem</strong></span> <span class='ocrx_word' id='word_1_433' title='bbox 1129 3297 1239 3350; x_wconf 84' lang='lat' dir='ltr'><strong>dux</strong></span> <span class='ocrx_word' id='word_1_434' title='bbox 1284 3295 1491 3348; x_wconf 86' lang='lat' dir='ltr'><strong>militiae</strong></span> <span class='ocrx_word' id='word_1_435' title='bbox 1523 3293 1667 3361; x_wconf 83' lang='lat' dir='ltr'><strong>regia</strong></span> <span class='ocrx_word' id='word_1_436' title='bbox 1709 3304 1794 3346; x_wconf 91' lang='lat' dir='ltr'><strong>est</strong></span> <span class='ocrx_word' id='word_1_437' title='bbox 1829 3292 2097 3360; x_wconf 82' lang='lat' dir='ltr'><strong>dignitate</strong></span> 
     </span>
    </p>
   </div>
   <div class='ocr_carea' id='block_1_63' title="bbox 520 3383 2094 3455">
    <p class='ocr_par' dir='ltr' id='par_1_63' title="bbox 520 3383 2094 3455">
     <span class='ocr_line' id='line_1_63' title="bbox 520 3383 2094 3455; baseline -0.002 -16"><span class='ocrx_word' id='word_1_438' title='bbox 520 3389 809 3442; x_wconf 84' lang='lat' dir='ltr'><strong>decoratus</strong></span> <span class='ocrx_word' id='word_1_439' title='bbox 837 3400 851 3438; x_wconf 91' lang='lat'>:</span> <span class='ocrx_word' id='word_1_440' title='bbox 877 3402 992 3450; x_wconf 83' lang='lat' dir='ltr'><strong>rex,</strong></span> <span class='ocrx_word' id='word_1_441' title='bbox 1020 3401 1174 3439; x_wconf 88' lang='lat' dir='ltr'><strong>suam</strong></span> <span class='ocrx_word' id='word_1_442' title='bbox 1210 3385 1380 3455; x_wconf 90' lang='lat' dir='ltr'><strong>ipsius</strong></span> <span class='ocrx_word' id='word_1_443' title='bbox 1408 3384 1730 3452; x_wconf 81' lang='lat' dir='ltr'><strong>dignitatem</strong></span> <span class='ocrx_word' id='word_1_444' title='bbox 1762 3384 1815 3436; x_wconf 90' lang='lat' dir='ltr'><strong>in</strong></span> <span class='ocrx_word' id='word_1_445' title='bbox 1849 3383 1967 3438; x_wconf 89' lang='lat' dir='ltr'><strong>acie</strong></span> <span class='ocrx_word' id='word_1_446' title='bbox 1993 3386 2094 3437; x_wconf 85' lang='lat' dir='ltr'><strong>sub</strong></span> 
     </span>
    </p>
   </div>
   <div class='ocr_carea' id='block_1_64' title="bbox 522 3473 2103 3541">
    <p class='ocr_par' dir='ltr' id='par_1_64' title="bbox 522 3473 2103 3541">
     <span class='ocr_line' id='line_1_64' title="bbox 522 3473 2103 3541; baseline -0.003 -11"><span class='ocrx_word' id='word_1_447' title='bbox 522 3477 696 3532; x_wconf 77' lang='lat' dir='ltr'><strong>forma</strong></span> <span class='ocrx_word' id='word_1_448' title='bbox 741 3477 883 3531; x_wconf 81' lang='lat' dir='ltr'><strong>servi</strong></span> <span class='ocrx_word' id='word_1_449' title='bbox 931 3476 1228 3530; x_wconf 88' lang='lat' dir='ltr'><strong>occultavit</strong></span> <span class='ocrx_word' id='word_1_450' title='bbox 1260 3492 1276 3529; x_wconf 87' lang='lat'><strong>:</strong></span> <span class='ocrx_word' id='word_1_451' title='bbox 1304 3491 1408 3529; x_wconf 89' lang='lat' dir='ltr'><strong>non</strong></span> <span class='ocrx_word' id='word_1_452' title='bbox 1452 3483 1631 3527; x_wconf 88' lang='lat' dir='ltr'><strong>autem</strong></span> <span class='ocrx_word' id='word_1_453' title='bbox 1684 3474 1839 3526; x_wconf 82' lang='lat' dir='ltr'><strong>utiles</strong></span> <span class='ocrx_word' id='word_1_454' title='bbox 1873 3473 2103 3541; x_wconf 82' lang='lat' dir='ltr'><strong>dignita-</strong></span> 
     </span>
    </p>
   </div>
   <div class='ocr_carea' id='block_1_65' title="bbox 525 3564 2102 3638">
    <p class='ocr_par' dir='ltr' id='par_1_65' title="bbox 525 3564 2102 3638">
     <span class='ocr_line' id='line_1_65' title="bbox 525 3564 2102 3638; baseline -0.001 -16"><span class='ocrx_word' id='word_1_455' title='bbox 525 3580 633 3623; x_wconf 89' lang='lat' dir='ltr'><strong>tem</strong></span> <span class='ocrx_word' id='word_1_456' title='bbox 669 3568 812 3638; x_wconf 84' lang='lat' dir='ltr'><strong>regis</strong></span> <span class='ocrx_word' id='word_1_457' title='bbox 847 3568 962 3637; x_wconf 85' lang='lat' dir='ltr'><strong>ipse</strong></span> <span class='ocrx_word' id='word_1_458' title='bbox 1009 3569 1113 3622; x_wconf 89' lang='lat' dir='ltr'><strong>sibi</strong></span> <span class='ocrx_word' id='word_1_459' title='bbox 1146 3571 1439 3636; x_wconf 82' lang='lat' dir='ltr'><strong>arrogavit.</strong></span> <span class='ocrx_word' id='word_1_460' title='bbox 1487 3564 1606 3619; x_wconf 78' lang='lat' dir='ltr'><strong>Rex</strong></span> <span class='ocrx_word' id='word_1_461' title='bbox 1661 3575 1775 3620; x_wconf 82' lang='lat' dir='ltr'><strong>erat</strong></span> <span class='ocrx_word' id='word_1_462' title='bbox 1802 3568 1889 3634; x_wconf 89' lang='lat' dir='ltr'><strong>qui</strong></span> <span class='ocrx_word' id='word_1_463' title='bbox 1933 3567 2102 3634; x_wconf 86' lang='lat' dir='ltr'><strong>legem</strong></span> 
     </span>
    </p>
   </div>
   <div class='ocr_carea' id='block_1_66' title="bbox 522 3658 2107 3727">
    <p class='ocr_par' dir='ltr' id='par_1_66' title="bbox 522 3658 2107 3727">
     <span class='ocr_line' id='line_1_66' title="bbox 522 3658 2107 3727; baseline 0.001 -15"><span class='ocrx_word' id='word_1_464' title='bbox 522 3659 762 3723; x_wconf 70' lang='lat' dir='ltr'><strong>ferebat;</strong></span> <span class='ocrx_word' id='word_1_465' title='bbox 796 3676 901 3714; x_wconf 90' lang='lat' dir='ltr'><strong>non</strong></span> <span class='ocrx_word' id='word_1_466' title='bbox 932 3671 1110 3713; x_wconf 87' lang='lat' dir='ltr'><strong>autem</strong></span> <span class='ocrx_word' id='word_1_467' title='bbox 1145 3661 1300 3713; x_wconf 88' lang='lat' dir='ltr'><strong>miles</strong></span> <span class='ocrx_word' id='word_1_468' title='bbox 1333 3658 1724 3727; x_wconf 82' lang='lat' dir='ltr'><strong>Iegislationem</strong></span> <span class='ocrx_word' id='word_1_469' title='bbox 1759 3659 1978 3727; x_wconf 82' lang='lat' dir='ltr'><strong>aggredi</strong></span> <span class='ocrx_word' id='word_1_470' title='bbox 2009 3673 2107 3712; x_wconf 88' lang='lat' dir='ltr'><strong>au-</strong></span> 
     </span>
    </p>
   </div>
   <div class='ocr_carea' id='block_1_67' title="bbox 524 3747 2103 3818">
    <p class='ocr_par' dir='ltr' id='par_1_67' title="bbox 524 3747 2103 3818">
     <span class='ocr_line' id='line_1_67' title="bbox 524 3747 2103 3818; baseline 0.001 -16"><span class='ocrx_word' id='word_1_471' title='bbox 524 3764 640 3802; x_wconf 88' lang='lat' dir='ltr'><strong>sus.</strong></span> <span class='ocrx_word' id='word_1_472' title='bbox 691 3749 824 3802; x_wconf 90' lang='lat' dir='ltr'><strong>Illud</strong></span> <span class='ocrx_word' id='word_1_473' title='bbox 881 3750 1027 3802; x_wconf 90' lang='lat' dir='ltr'><strong>enim</strong></span> <span class='ocrx_word' id='word_1_474' title='bbox 1055 3767 1070 3802; x_wconf 89' lang='lat'><strong>:</strong></span> <span class='ocrx_word' id='word_1_475' title='bbox 1103 3767 1123 3800; x_wconf 75' lang='grc' dir='ltr'><strong>ι</strong></span> <span class='ocrx_word' id='word_1_476' title='bbox 1155 3749 1267 3818; x_wconf 78' lang='lat' dir='ltr'><strong>Ego</strong></span> <span class='ocrx_word' id='word_1_477' title='bbox 1319 3764 1449 3802; x_wconf 89' lang='lat' dir='ltr'><strong>vero</strong></span> <span class='ocrx_word' id='word_1_478' title='bbox 1493 3748 1616 3802; x_wconf 88' lang='lat' dir='ltr'><strong>dico</strong></span> <span class='ocrx_word' id='word_1_479' title='bbox 1669 3747 1827 3801; x_wconf 91' lang='lat' dir='ltr'><strong>vobis</strong></span> <span class='ocrx_word' id='word_1_480' title='bbox 1854 3788 1870 3810; x_wconf 90' lang='lat'><strong>,</strong></span> <span class='ocrx_word' id='word_1_481' title='bbox 1907 3767 1925 3798; x_wconf 74' lang='grc' dir='ltr'><strong>ι</strong></span> <span class='ocrx_word' id='word_1_482' title='bbox 1989 3749 2103 3817; x_wconf 84' lang='lat' dir='ltr'><strong>regi</strong></span> 
     </span>
    </p>
   </div>
   <div class='ocr_carea' id='block_1_68' title="bbox 443 3836 2095 3906">
    <p class='ocr_par' dir='ltr' id='par_1_68' title="bbox 443 3836 2095 3906">
     <span class='ocr_line' id='line_1_68' title="bbox 443 3836 2095 3906; baseline 0 -16"><span class='ocrx_word' id='word_1_483' title='bbox 443 3857 446 3860; x_wconf 64' lang='grc'><strong>’</strong></span> <span class='ocrx_word' id='word_1_484' title='bbox 523 3839 815 3898; x_wconf 85' lang='lat' dir='ltr'><strong>convenit;</strong></span> <span class='ocrx_word' id='word_1_485' title='bbox 865 3838 995 3892; x_wconf 88' lang='lat' dir='ltr'><strong>illttd</strong></span> <span class='ocrx_word' id='word_1_486' title='bbox 1047 3853 1313 3906; x_wconf 85' lang='lat' dir='ltr'><strong>quoque:</strong></span> <span class='ocrx_word' id='word_1_487' title='bbox 1353 3855 1373 3888; x_wconf 74' lang='grc' dir='ltr'><strong>ι</strong></span> <span class='ocrx_word' id='word_1_488' title='bbox 1409 3836 1561 3902; x_wconf 85' lang='lat' dir='ltr'><strong>Volo,</strong></span> <span class='ocrx_word' id='word_1_489' title='bbox 1620 3841 1852 3891; x_wconf 90' lang='lat' dir='ltr'><strong>mundus</strong></span> <span class='ocrx_word' id='word_1_490' title='bbox 1902 3848 2042 3899; x_wconf 87' lang='lat' dir='ltr'><strong>esto.</strong></span> <span class='ocrx_word' id='word_1_491' title='bbox 2076 3857 2095 3890; x_wconf 73' lang='grc' dir='ltr'><strong>ι</strong></span> 
     </span>
    </p>
   </div>
   <div class='ocr_carea' id='block_1_69' title="bbox 530 3928 2102 4000">
    <p class='ocr_par' dir='ltr' id='par_1_69' title="bbox 530 3928 2102 4000">
     <span class='ocr_line' id='line_1_69' title="bbox 530 3928 2102 4000; baseline -0.001 -17"><span class='ocrx_word' id='word_1_492' title='bbox 530 3931 882 3998; x_wconf 85' lang='lat' dir='ltr'><strong>imperatoris</strong></span> <span class='ocrx_word' id='word_1_493' title='bbox 919 3941 1004 3983; x_wconf 89' lang='lat' dir='ltr'><strong>est</strong></span> <span class='ocrx_word' id='word_1_494' title='bbox 1038 3930 1314 4000; x_wconf 90' lang='lat' dir='ltr'><strong>proprium</strong></span> <span class='ocrx_word' id='word_1_495' title='bbox 1341 3930 1554 3997; x_wconf 81' lang='lat' dir='ltr'><strong>dicere;</strong></span> <span class='ocrx_word' id='word_1_496' title='bbox 1584 3930 1715 3983; x_wconf 82' lang='lat' dir='ltr'><strong>illud</strong></span> <span class='ocrx_word' id='word_1_497' title='bbox 1744 3947 1757 3982; x_wconf 91' lang='lat'>:</span> <span class='ocrx_word' id='word_1_498' title='bbox 1793 3949 1811 3979; x_wconf 77' lang='grc' dir='ltr'><strong>ι</strong></span> <span class='ocrx_word' id='word_1_499' title='bbox 1845 3928 1968 3983; x_wconf 89' lang='lat' dir='ltr'><strong>Fiat</strong></span> <span class='ocrx_word' id='word_1_500' title='bbox 2008 3929 2102 3983; x_wconf 91' lang='lat' dir='ltr'><strong>tibi</strong></span> 
     </span>
    </p>
   </div>
   <div class='ocr_carea' id='block_1_70' title="bbox 527 4020 2106 4090">
    <p class='ocr_par' dir='ltr' id='par_1_70' title="bbox 527 4020 2106 4090">
     <span class='ocr_line' id='line_1_70' title="bbox 527 4020 2106 4090; baseline -0.001 -16"><span class='ocrx_word' id='word_1_501' title='bbox 527 4021 672 4074; x_wconf 85' lang='lat' dir='ltr'><strong>sicut</strong></span> <span class='ocrx_word' id='word_1_502' title='bbox 702 4022 806 4085; x_wconf 93' lang='lat' dir='ltr'><strong>vis,</strong></span> <span class='ocrx_word' id='word_1_503' title='bbox 842 4039 861 4072; x_wconf 69' lang='grc' dir='ltr'><strong>ι</strong></span> <span class='ocrx_word' id='word_1_504' title='bbox 901 4020 1018 4089; x_wconf 87' lang='lat' dir='ltr'><strong>ejus</strong></span> <span class='ocrx_word' id='word_1_505' title='bbox 1052 4031 1158 4086; x_wconf 86' lang='lat' dir='ltr'><strong>est,</strong></span> <span class='ocrx_word' id='word_1_506' title='bbox 1192 4021 1284 4090; x_wconf 91' lang='lat' dir='ltr'><strong>qui</strong></span> <span class='ocrx_word' id='word_1_507' title='bbox 1324 4022 1630 4076; x_wconf 82' lang='lat' dir='ltr'><strong>absolutam</strong></span> <span class='ocrx_word' id='word_1_508' title='bbox 1676 4023 1840 4075; x_wconf 87' lang='lat' dir='ltr'><strong>habet</strong></span> <span class='ocrx_word' id='word_1_509' title='bbox 1868 4031 2106 4089; x_wconf 84' lang='lat' dir='ltr'><strong>potesta-</strong></span> 
     </span>
    </p>
   </div>
   <div class='ocr_carea' id='block_1_71' title="bbox 529 4112 2108 4180">
    <p class='ocr_par' dir='ltr' id='par_1_71' title="bbox 529 4112 2108 4180">
     <span class='ocr_line' id='line_1_71' title="bbox 529 4112 2108 4180; baseline 0 -14"><span class='ocrx_word' id='word_1_510' title='bbox 529 4122 674 4178; x_wconf 76' lang='lat' dir='ltr'><strong>tem;</strong></span> <span class='ocrx_word' id='word_1_511' title='bbox 735 4113 909 4170; x_wconf 88' lang='lat' dir='ltr'><strong>illud:</strong></span> <span class='ocrx_word' id='word_1_512' title='bbox 949 4133 967 4165; x_wconf 80' lang='grc' dir='ltr'><strong>ι</strong></span> <span class='ocrx_word' id='word_1_513' title='bbox 1000 4112 1164 4178; x_wconf 90' lang='lat' dir='ltr'><strong>Tace,</strong></span> <span class='ocrx_word' id='word_1_514' title='bbox 1206 4117 1524 4170; x_wconf 88' lang='lat' dir='ltr'><strong>obmutesce</strong></span> <span class='ocrx_word' id='word_1_515' title='bbox 1545 4114 1614 4178; x_wconf 80' lang='lat'><strong>&quot;,</strong></span> <span class='ocrx_word' id='word_1_516' title='bbox 1660 4133 1680 4166; x_wconf 71' lang='grc' dir='ltr'><strong>ι</strong></span> <span class='ocrx_word' id='word_1_517' title='bbox 1741 4115 1941 4167; x_wconf 88' lang='lat' dir='ltr'><strong>domini</strong></span> <span class='ocrx_word' id='word_1_518' title='bbox 1990 4124 2108 4180; x_wconf 87' lang='lat' dir='ltr'><strong>est;</strong></span> 
     </span>
    </p>
   </div>
   <div class='ocr_carea' id='block_1_72' title="bbox 528 4204 2111 4275">
    <p class='ocr_par' dir='ltr' id='par_1_72' title="bbox 528 4204 2111 4275">
     <span class='ocr_line' id='line_1_72' title="bbox 528 4204 2111 4275; baseline 0.003 -19"><span class='ocrx_word' id='word_1_519' title='bbox 528 4217 759 4274; x_wconf 69' lang='lat' dir='ltr'><strong>quaeque</strong></span> <span class='ocrx_word' id='word_1_520' title='bbox 788 4213 916 4258; x_wconf 91' lang='lat' dir='ltr'><strong>sunt</strong></span> <span class='ocrx_word' id='word_1_521' title='bbox 951 4215 1147 4259; x_wconf 65' lang='lat' dir='ltr'><strong>caetera</strong></span> <span class='ocrx_word' id='word_1_522' title='bbox 1180 4206 1246 4261; x_wconf 87' lang='lat' dir='ltr'><strong>de</strong></span> <span class='ocrx_word' id='word_1_523' title='bbox 1280 4220 1480 4275; x_wconf 80' lang='lat' dir='ltr'><strong>genere</strong></span> <span class='ocrx_word' id='word_1_524' title='bbox 1511 4205 1617 4260; x_wconf 90' lang='lat' dir='ltr'><strong>isto</strong></span> <span class='ocrx_word' id='word_1_525' title='bbox 1644 4215 1699 4260; x_wconf 91' lang='lat' dir='ltr'><strong>et</strong></span> <span class='ocrx_word' id='word_1_526' title='bbox 1729 4204 2018 4274; x_wconf 76' lang='lat' dir='ltr'><strong>ejusmodi,</strong></span> <span class='ocrx_word' id='word_1_527' title='bbox 2042 4221 2111 4260; x_wconf 85' lang='lat' dir='ltr'><strong>ne</strong></span> 
     </span>
    </p>
   </div>
   <div class='ocr_carea' id='block_1_73' title="bbox 601 4381 1622 4449">
    <p class='ocr_par' dir='ltr' id='par_1_73' title="bbox 601 4381 1622 4449">
     <span class='ocr_line' id='line_1_73' title="bbox 601 4381 1622 4449; baseline -0.003 -10"><span class='ocrx_word' id='word_1_528' title='bbox 601 4384 649 4416; x_wconf 82' lang='grc'><strong>⁸⁵</strong></span> <span class='ocrx_word' id='word_1_529' title='bbox 675 4381 887 4439; x_wconf 91' lang='lat' dir='ltr'><strong>Coloss.</strong></span> <span class='ocrx_word' id='word_1_530' title='bbox 920 4399 984 4448; x_wconf 80' lang='grc' dir='ltr'><strong>ιι,</strong></span> <span class='ocrx_word' id='word_1_531' title='bbox 1013 4383 1070 4440; x_wconf 87' lang='grc'><strong>9.</strong></span> <span class='ocrx_word' id='word_1_532' title='bbox 1141 4384 1188 4417; x_wconf 74' lang='grc'><strong>⁸⁵</strong></span> <span class='ocrx_word' id='word_1_533' title='bbox 1210 4382 1383 4440; x_wconf 83' lang='lat' dir='ltr'><strong>Marc.</strong></span> <span class='ocrx_word' id='word_1_534' title='bbox 1418 4399 1494 4449; x_wconf 85' lang='lat' dir='ltr'><strong>IV,</strong></span> <span class='ocrx_word' id='word_1_535' title='bbox 1529 4383 1622 4438; x_wconf 78' lang='lat'><strong>59.</strong></span> 
     </span>
    </p>
   </div>
   <div class='ocr_carea' id='block_1_74' title="bbox 2197 3281 3756 3353">
    <p class='ocr_par' dir='ltr' id='par_1_74' title="bbox 2197 3281 3756 3353">
     <span class='ocr_line' id='line_1_74' title="bbox 2197 3281 3756 3353; baseline 0.001 -19"><span class='ocrx_word' id='word_1_536' title='bbox 2197 3285 2266 3352; x_wconf 81' lang='grc' dir='ltr'>τῇ</span> <span class='ocrx_word' id='word_1_537' title='bbox 2301 3283 2633 3352; x_wconf 80' lang='grc' dir='ltr'>παρατάξει,</span> <span class='ocrx_word' id='word_1_538' title='bbox 2667 3283 2729 3334; x_wconf 85' lang='grc' dir='ltr'><strong>οὐ</strong></span> <span class='ocrx_word' id='word_1_539' title='bbox 2761 3282 3102 3353; x_wconf 86' lang='grc' dir='ltr'>στρατιώτης</span> <span class='ocrx_word' id='word_1_540' title='bbox 3133 3281 3401 3352; x_wconf 79' lang='grc' dir='ltr'>βασιλέως</span> <span class='ocrx_word' id='word_1_541' title='bbox 3431 3285 3639 3353; x_wconf 77' lang='grc' dir='ltr'>ἀξίωμα</span> <span class='ocrx_word' id='word_1_542' title='bbox 3664 3283 3756 3353; x_wconf 76' lang='grc'>(55)</span> 
     </span>
    </p>
   </div>
   <div class='ocr_carea' id='block_1_75' title="bbox 2200 3369 3758 3447">
    <p class='ocr_par' dir='ltr' id='par_1_75' title="bbox 2200 3369 3758 3447">
     <span class='ocr_line' id='line_1_75' title="bbox 2200 3369 3758 3447; baseline -0.003 -17"><span class='ocrx_word' id='word_1_543' title='bbox 2200 3375 2384 3446; x_wconf 81' lang='grc' dir='ltr'>ἐαυτῷ</span> <span class='ocrx_word' id='word_1_544' title='bbox 2413 3375 2745 3447; x_wconf 82' lang='grc' dir='ltr'>ἐπεφήμιξε.</span> <span class='ocrx_word' id='word_1_545' title='bbox 2775 3374 3041 3437; x_wconf 79' lang='grc' dir='ltr'>Βασιλεὺς</span> <span class='ocrx_word' id='word_1_546' title='bbox 3073 3369 3143 3444; x_wconf 79' lang='grc' dir='ltr'>ἦν</span> <span class='ocrx_word' id='word_1_547' title='bbox 3175 3374 3514 3444; x_wconf 85' lang='grc' dir='ltr'>νομοθετῶν,</span> <span class='ocrx_word' id='word_1_548' title='bbox 3539 3377 3595 3427; x_wconf 80' lang='grc' dir='ltr'><strong>οὐ</strong></span> <span class='ocrx_word' id='word_1_549' title='bbox 3625 3392 3758 3444; x_wconf 81' lang='grc' dir='ltr'>στρα-</span> 
     </span>
    </p>
   </div>
   <div class='ocr_carea' id='block_1_76' title="bbox 2202 3465 3758 3541">
    <p class='ocr_par' dir='ltr' id='par_1_76' title="bbox 2202 3465 3758 3541">
     <span class='ocr_line' id='line_1_76' title="bbox 2202 3465 3758 3541; baseline -0.003 -19"><span class='ocrx_word' id='word_1_550' title='bbox 2202 3468 2407 3540; x_wconf 89' lang='grc' dir='ltr'>τιώτης</span> <span class='ocrx_word' id='word_1_551' title='bbox 2441 3469 2757 3538; x_wconf 89' lang='grc' dir='ltr'>νομοθετεῖν</span> <span class='ocrx_word' id='word_1_552' title='bbox 2799 3468 3134 3538; x_wconf 85' lang='grc' dir='ltr'>ἐπιχειρῶν’</span> <span class='ocrx_word' id='word_1_553' title='bbox 3183 3468 3246 3522; x_wconf 84' lang='grc' dir='ltr'>τὸ</span> <span class='ocrx_word' id='word_1_554' title='bbox 3300 3469 3434 3541; x_wconf 80' lang='grc' dir='ltr'>γάρ,</span> <span class='ocrx_word' id='word_1_555' title='bbox 3494 3487 3513 3519; x_wconf 75' lang='grc' dir='ltr'><strong>ι</strong></span> <span class='ocrx_word' id='word_1_556' title='bbox 3567 3466 3690 3536; x_wconf 81' lang='grc' dir='ltr'>Ἐγὼ</span> <span class='ocrx_word' id='word_1_557' title='bbox 3713 3465 3758 3518; x_wconf 78' lang='grc' dir='ltr'><strong>δὲ</strong></span> 
     </span>
    </p>
   </div>
   <div class='ocr_carea' id='block_1_77' title="bbox 2205 3558 3758 3630">
    <p class='ocr_par' dir='ltr' id='par_1_77' title="bbox 2205 3558 3758 3630">
     <span class='ocr_line' id='line_1_77' title="bbox 2205 3558 3758 3630; baseline -0.003 -16"><span class='ocrx_word' id='word_1_558' title='bbox 2205 3561 2353 3628; x_wconf 86' lang='grc' dir='ltr'>λέγω</span> <span class='ocrx_word' id='word_1_559' title='bbox 2399 3561 2552 3630; x_wconf 81' lang='grc' dir='ltr'>ὑμῖν,</span> <span class='ocrx_word' id='word_1_560' title='bbox 2595 3579 2614 3610; x_wconf 68' lang='grc' dir='ltr'><strong>ι</strong></span> <span class='ocrx_word' id='word_1_561' title='bbox 2656 3558 2942 3629; x_wconf 84' lang='grc' dir='ltr'>βασιλέως.</span> <span class='ocrx_word' id='word_1_562' title='bbox 3003 3559 3078 3612; x_wconf 87' lang='grc' dir='ltr'><strong>Τὸ</strong></span> <span class='ocrx_word' id='word_1_563' title='bbox 3121 3559 3252 3629; x_wconf 80' lang='grc' dir='ltr'>γὰρ,</span> <span class='ocrx_word' id='word_1_564' title='bbox 3303 3580 3322 3610; x_wconf 88' lang='grc'><strong>‹</strong></span> <span class='ocrx_word' id='word_1_565' title='bbox 3357 3560 3536 3622; x_wconf 84' lang='grc' dir='ltr'>Θέλω,</span> <span class='ocrx_word' id='word_1_566' title='bbox 3568 3559 3758 3626; x_wconf 78' lang='grc' dir='ltr'>καθαρί-</span> 
     </span>
    </p>
   </div>
   <div class='ocr_carea' id='block_1_78' title="bbox 2213 3651 3760 3724">
    <p class='ocr_par' dir='ltr' id='par_1_78' title="bbox 2213 3651 3760 3724">
     <span class='ocr_line' id='line_1_78' title="bbox 2213 3651 3760 3724; baseline -0.003 -18"><span class='ocrx_word' id='word_1_567' title='bbox 2213 3653 2392 3724; x_wconf 90' lang='grc' dir='ltr'>σθητι,</span> <span class='ocrx_word' id='word_1_568' title='bbox 2435 3671 2453 3704; x_wconf 69' lang='grc' dir='ltr'><strong>ι</strong></span> <span class='ocrx_word' id='word_1_569' title='bbox 2505 3653 2909 3724; x_wconf 83' lang='grc' dir='ltr'>αὐτοκράτορος</span> <span class='ocrx_word' id='word_1_570' title='bbox 2929 3670 2944 3684; x_wconf 76' lang='grc' dir='ltr'><strong><em>ο</em></strong></span> <span class='ocrx_word' id='word_1_571' title='bbox 2977 3653 3063 3718; x_wconf 84' lang='grc' dir='ltr'><strong>τὸ,</strong></span> <span class='ocrx_word' id='word_1_572' title='bbox 3116 3672 3134 3704; x_wconf 79' lang='grc' dir='ltr'><strong>ι</strong></span> <span class='ocrx_word' id='word_1_573' title='bbox 3167 3653 3466 3724; x_wconf 83' lang='grc' dir='ltr'>Γενηθήτω</span> <span class='ocrx_word' id='word_1_574' title='bbox 3497 3671 3573 3706; x_wconf 85' lang='grc' dir='ltr'><strong>σοι</strong></span> <span class='ocrx_word' id='word_1_575' title='bbox 3599 3653 3664 3714; x_wconf 86' lang='grc' dir='ltr'><strong>ὡς</strong></span> <span class='ocrx_word' id='word_1_576' title='bbox 3691 3651 3760 3703; x_wconf 80' lang='grc' dir='ltr'>θέ-</span> 
     </span>
    </p>
   </div>
   <div class='ocr_carea' id='block_1_79' title="bbox 2210 3743 3756 3815">
    <p class='ocr_par' dir='ltr' id='par_1_79' title="bbox 2210 3743 3756 3815">
     <span class='ocr_line' id='line_1_79' title="bbox 2210 3743 3756 3815; baseline -0.003 -18"><span class='ocrx_word' id='word_1_577' title='bbox 2210 3745 2377 3809; x_wconf 78' lang='grc' dir='ltr'>λεις,›</span> <span class='ocrx_word' id='word_1_578' title='bbox 2422 3743 2687 3813; x_wconf 81' lang='grc' dir='ltr'>αὐτοτελῆ</span> <span class='ocrx_word' id='word_1_579' title='bbox 2715 3745 2816 3808; x_wconf 83' lang='grc' dir='ltr'>τὴν</span> <span class='ocrx_word' id='word_1_580' title='bbox 2845 3743 3095 3808; x_wconf 75' lang='grc' dir='ltr'>ἐξουσίαν</span> <span class='ocrx_word' id='word_1_581' title='bbox 3122 3744 3358 3815; x_wconf 75' lang='grc' dir='ltr'>ἔχοντος·</span> <span class='ocrx_word' id='word_1_582' title='bbox 3393 3747 3479 3811; x_wconf 78' lang='grc' dir='ltr'><strong>τὸ,</strong></span> <span class='ocrx_word' id='word_1_583' title='bbox 3525 3764 3544 3797; x_wconf 85' lang='grc'><strong>‹</strong></span> <span class='ocrx_word' id='word_1_584' title='bbox 3587 3744 3756 3806; x_wconf 62' lang='grc' dir='ltr'>Σιώπα,</span> 
     </span>
    </p>
   </div>
   <div class='ocr_carea' id='block_1_80' title="bbox 2213 3834 3760 3907">
    <p class='ocr_par' dir='ltr' id='par_1_80' title="bbox 2213 3834 3760 3907">
     <span class='ocr_line' id='line_1_80' title="bbox 2213 3834 3760 3907; baseline 0.001 -19"><span class='ocrx_word' id='word_1_585' title='bbox 2213 3837 2529 3907; x_wconf 78' lang='grc' dir='ltr'>πεφίμωσο,</span> <span class='ocrx_word' id='word_1_586' title='bbox 2574 3855 2593 3888; x_wconf 70' lang='grc' dir='ltr'><strong>ι</strong></span> <span class='ocrx_word' id='word_1_587' title='bbox 2645 3836 2944 3889; x_wconf 73' lang='grc' dir='ltr'>δεσπότουο</span> <span class='ocrx_word' id='word_1_588' title='bbox 2999 3838 3092 3891; x_wconf 75' lang='grc' dir='ltr'><strong>κα)Ι</strong></span> <span class='ocrx_word' id='word_1_589' title='bbox 3138 3837 3238 3890; x_wconf 84' lang='grc' dir='ltr'>ὅσα</span> <span class='ocrx_word' id='word_1_590' title='bbox 3284 3838 3534 3897; x_wconf 80' lang='grc' dir='ltr'>τοιαῦτα,</span> <span class='ocrx_word' id='word_1_591' title='bbox 3586 3837 3663 3889; x_wconf 79' lang='grc' dir='ltr'>ἶνα</span> <span class='ocrx_word' id='word_1_592' title='bbox 3701 3834 3760 3904; x_wconf 77' lang='grc' dir='ltr'>μὴ</span> 
     </span>
    </p>
   </div>
   <div class='ocr_carea' id='block_1_81' title="bbox 2209 3928 3758 4000">
    <p class='ocr_par' dir='ltr' id='par_1_81' title="bbox 2209 3928 3758 4000">
     <span class='ocr_line' id='line_1_81' title="bbox 2209 3928 3758 4000; baseline -0.003 -18"><span class='ocrx_word' id='word_1_593' title='bbox 2209 3930 2390 3983; x_wconf 83' lang='grc' dir='ltr'>πάντα</span> <span class='ocrx_word' id='word_1_594' title='bbox 2438 3928 2756 3996; x_wconf 86' lang='grc' dir='ltr'>καταλέγων</span> <span class='ocrx_word' id='word_1_595' title='bbox 2805 3929 3034 4000; x_wconf 81' lang='grc' dir='ltr'>μηκύνω</span> <span class='ocrx_word' id='word_1_596' title='bbox 3060 3929 3152 3982; x_wconf 75' lang='grc' dir='ltr'><strong>τὸν</strong></span> <span class='ocrx_word' id='word_1_597' title='bbox 3196 3930 3355 3997; x_wconf 86' lang='grc' dir='ltr'>λόγον</span> <span class='ocrx_word' id='word_1_598' title='bbox 3389 3932 3532 4000; x_wconf 70' lang='grc'>(54).</span> <span class='ocrx_word' id='word_1_599' title='bbox 3561 3930 3620 3983; x_wconf 81' lang='grc' dir='ltr'>Εἰ</span> <span class='ocrx_word' id='word_1_600' title='bbox 3645 3928 3758 3980; x_wconf 78' lang='grc' dir='ltr'>δὲτὸ</span> 
     </span>
    </p>
   </div>
   <div class='ocr_carea' id='block_1_82' title="bbox 2211 4017 3757 4092">
    <p class='ocr_par' dir='ltr' id='par_1_82' title="bbox 2211 4017 3757 4092">
     <span class='ocr_line' id='line_1_82' title="bbox 2211 4017 3757 4092; baseline -0.005 -18"><span class='ocrx_word' id='word_1_601' title='bbox 2211 4021 2385 4084; x_wconf 77' lang='grc' dir='ltr'>πάθος</span> <span class='ocrx_word' id='word_1_602' title='bbox 2429 4039 2489 4074; x_wconf 88' lang='grc' dir='ltr'><strong>σε</strong></span> <span class='ocrx_word' id='word_1_603' title='bbox 2535 4021 2830 4092; x_wconf 85' lang='grc' dir='ltr'>ταράττει,</span> <span class='ocrx_word' id='word_1_604' title='bbox 2877 4022 2940 4073; x_wconf 79' lang='grc' dir='ltr'><strong>τὸ</strong></span> <span class='ocrx_word' id='word_1_605' title='bbox 2989 4023 3132 4074; x_wconf 76' lang='grc' dir='ltr'>κατὰ</span> <span class='ocrx_word' id='word_1_606' title='bbox 3179 4020 3316 4074; x_wconf 84' lang='grc' dir='ltr'>Θεοῦ</span> <span class='ocrx_word' id='word_1_607' title='bbox 3351 4021 3456 4090; x_wconf 86' lang='grc' dir='ltr'>μὲν</span> <span class='ocrx_word' id='word_1_608' title='bbox 3506 4017 3757 4089; x_wconf 77' lang='grc' dir='ltr'>τολμηθὲν,</span> 
     </span>
    </p>
   </div>
   <div class='ocr_carea' id='block_1_83' title="bbox 2217 4108 3760 4184">
    <p class='ocr_par' dir='ltr' id='par_1_83' title="bbox 2217 4108 3760 4184">
     <span class='ocr_line' id='line_1_83' title="bbox 2217 4108 3760 4184; baseline -0.005 -16"><span class='ocrx_word' id='word_1_609' title='bbox 2217 4115 2417 4184; x_wconf 77' lang='grc' dir='ltr'>σαρκὸς</span> <span class='ocrx_word' id='word_1_610' title='bbox 2443 4115 2500 4167; x_wconf 81' lang='grc' dir='ltr'>δὲ</span> <span class='ocrx_word' id='word_1_611' title='bbox 2538 4114 2816 4184; x_wconf 65' lang='grc' dir='ltr'>ἁψάμενον</span> <span class='ocrx_word' id='word_1_612' title='bbox 2849 4114 2986 4183; x_wconf 78' lang='grc'>(55)’</span> <span class='ocrx_word' id='word_1_613' title='bbox 3030 4114 3196 4167; x_wconf 82' lang='grc' dir='ltr'>ἄκουε</span> <span class='ocrx_word' id='word_1_614' title='bbox 3228 4115 3324 4166; x_wconf 90' lang='grc' dir='ltr'><strong>τοῦ</strong></span> <span class='ocrx_word' id='word_1_615' title='bbox 3357 4112 3646 4184; x_wconf 75' lang='grc' dir='ltr'>κορυφαίου</span> <span class='ocrx_word' id='word_1_616' title='bbox 3670 4108 3760 4162; x_wconf 84' lang='grc' dir='ltr'><strong>τῶν</strong></span> 
     </span>
    </p>
   </div>
   <div class='ocr_carea' id='block_1_84' title="bbox 2219 4201 3754 4278">
    <p class='ocr_par' dir='ltr' id='par_1_84' title="bbox 2219 4201 3754 4278">
     <span class='ocr_line' id='line_1_84' title="bbox 2219 4201 3754 4278; baseline -0.006 -17"><span class='ocrx_word' id='word_1_617' title='bbox 2219 4206 2533 4261; x_wconf 83' lang='grc' dir='ltr'>ἀποστόλων</span> <span class='ocrx_word' id='word_1_618' title='bbox 2548 4206 2802 4277; x_wconf 84' lang='grc' dir='ltr'>λέγοντος</span> <span class='ocrx_word' id='word_1_619' title='bbox 2819 4223 2836 4242; x_wconf 79' lang='grc' dir='ltr'><strong>ο</strong></span> <span class='ocrx_word' id='word_1_620' title='bbox 2863 4226 2881 4259; x_wconf 81' lang='grc' dir='ltr'><strong>ι</strong></span> <span class='ocrx_word' id='word_1_621' title='bbox 2904 4206 3143 4278; x_wconf 78' lang='grc' dir='ltr'>Χριστοῦ</span> <span class='ocrx_word' id='word_1_622' title='bbox 3164 4202 3258 4260; x_wconf 88' lang='grc' dir='ltr'><strong>οῦν</strong></span> <span class='ocrx_word' id='word_1_623' title='bbox 3273 4206 3542 4269; x_wconf 83' lang='grc' dir='ltr'>παθόντος</span> <span class='ocrx_word' id='word_1_624' title='bbox 3560 4201 3719 4273; x_wconf 85' lang='grc' dir='ltr'>σαρκί.</span> <span class='ocrx_word' id='word_1_625' title='bbox 3740 4219 3754 4252; x_wconf 80' lang='grc' dir='ltr'><strong>ι</strong></span> 
     </span>
    </p>
   </div>
   <div class='ocr_carea' id='block_1_85' title="bbox 1663 4532 2720 4598">
    <p class='ocr_par' dir='ltr' id='par_1_85' title="bbox 1663 4532 2720 4598">
     <span class='ocr_line' id='line_1_85' title="bbox 1663 4532 2720 4598; baseline 0.003 -14"><span class='ocrx_word' id='word_1_626' title='bbox 1663 4533 1901 4588; x_wconf 66' lang='grc' dir='ltr'><strong>νΑΒΙίΕ</strong></span> <span class='ocrx_word' id='word_1_627' title='bbox 1938 4532 2324 4590; x_wconf 81' lang='lat' dir='ltr'><strong>LECTIONES</strong></span> <span class='ocrx_word' id='word_1_628' title='bbox 2363 4533 2450 4587; x_wconf 84' lang='lat' dir='ltr'><strong>ET</strong></span> <span class='ocrx_word' id='word_1_629' title='bbox 2488 4532 2720 4598; x_wconf 66' lang='lat' dir='ltr'><strong>NOTAE,</strong></span> 
     </span>
    </p>
   </div>
   <div class='ocr_carea' id='block_1_86' title="bbox 612 4690 2098 4763">
    <p class='ocr_par' dir='ltr' id='par_1_86' title="bbox 612 4693 2091 4763">
     <span class='ocr_line' id='line_1_86' title="bbox 612 4693 2091 4763; baseline -0.001 -15"><span class='ocrx_word' id='word_1_630' title='bbox 612 4695 726 4763; x_wconf 69' lang='grc' dir='ltr'><strong>(ἳὸ)</strong></span> <span class='ocrx_word' id='word_1_631' title='bbox 760 4693 842 4759; x_wconf 84' lang='grc' dir='ltr'><em>Τῷ</em></span> <span class='ocrx_word' id='word_1_632' title='bbox 871 4695 1075 4761; x_wconf 82' lang='grc' dir='ltr'>θηρίῳ.</span> <span class='ocrx_word' id='word_1_633' title='bbox 1105 4693 1346 4762; x_wconf 82' lang='lat' dir='ltr'><strong>lutellige</strong></span> <span class='ocrx_word' id='word_1_634' title='bbox 1374 4693 1456 4747; x_wconf 85' lang='lat' dir='ltr'><strong>vel</strong></span> <span class='ocrx_word' id='word_1_635' title='bbox 1484 4693 1655 4761; x_wconf 89' lang='lat' dir='ltr'><strong>ipsum</strong></span> <span class='ocrx_word' id='word_1_636' title='bbox 1705 4693 2000 4759; x_wconf 88' lang='lat' dir='ltr'><strong>diabolum,</strong></span> <span class='ocrx_word' id='word_1_637' title='bbox 2026 4707 2091 4746; x_wconf 93' lang='lat' dir='ltr'><strong>ve</strong></span> 
     </span>
    </p>
   </div>
   <div class='ocr_carea' id='block_1_87' title="bbox 2208 4690 3760 4763">
    <p class='ocr_par' dir='ltr' id='par_1_87' title="bbox 2223 4690 3760 4763">
     <span class='ocr_line' id='line_1_87' title="bbox 2223 4690 3760 4763; baseline 0.002 -19"><span class='ocrx_word' id='word_1_638' title='bbox 2223 4761 2262 4763; x_wconf 96' lang='lat'>__</span> <span class='ocrx_word' id='word_1_639' title='bbox 2291 4693 2405 4761; x_wconf 81' lang='lat' dir='ltr'><strong>(5i)</strong></span> <span class='ocrx_word' id='word_1_640' title='bbox 2429 4691 2544 4763; x_wconf 12' lang='lat' dir='ltr'><strong>iPro</strong></span> <span class='ocrx_word' id='word_1_641' title='bbox 2571 4695 2818 4763; x_wconf 83' lang='grc' dir='ltr'>κατοικεῖ</span> <span class='ocrx_word' id='word_1_642' title='bbox 2843 4692 2964 4747; x_wconf 88' lang='lat' dir='ltr'><strong>cod.</strong></span> <span class='ocrx_word' id='word_1_643' title='bbox 3015 4690 3140 4747; x_wconf 80' lang='lat' dir='ltr'><strong>Vat.</strong></span> <span class='ocrx_word' id='word_1_644' title='bbox 3165 4693 3268 4747; x_wconf 84' lang='lat'><strong>650</strong></span> <span class='ocrx_word' id='word_1_645' title='bbox 3298 4694 3461 4749; x_wconf 89' lang='lat' dir='ltr'><strong>habet</strong></span> <span class='ocrx_word' id='word_1_646' title='bbox 3505 4693 3760 4747; x_wconf 80' lang='grc' dir='ltr'>κατοικεῖν.</span> 
     </span>
    </p>
   </div>
   <div class='ocr_carea' id='block_1_88' title="bbox 533 4765 2110 4832">
    <p class='ocr_par' dir='ltr' id='par_1_88' title="bbox 533 4765 2110 4832">
     <span class='ocr_line' id='line_1_88' title="bbox 533 4765 2110 4832; baseline -0.003 -12"><span class='ocrx_word' id='word_1_647' title='bbox 533 4781 785 4832; x_wconf 79' lang='lat' dir='ltr'><strong>spurcam</strong></span> <span class='ocrx_word' id='word_1_648' title='bbox 835 4776 889 4818; x_wconf 92' lang='lat' dir='ltr'><strong>et</strong></span> <span class='ocrx_word' id='word_1_649' title='bbox 929 4768 1126 4818; x_wconf 68' lang='lat' dir='ltr'><strong>lautam</strong></span> <span class='ocrx_word' id='word_1_650' title='bbox 1172 4765 1502 4830; x_wconf 83' lang='lat' dir='ltr'><strong>voluptatum</strong></span> <span class='ocrx_word' id='word_1_651' title='bbox 1561 4765 1874 4827; x_wconf 88' lang='lat' dir='ltr'><strong>libidinem,</strong></span> <span class='ocrx_word' id='word_1_652' title='bbox 1923 4779 1953 4815; x_wconf 88' lang='lat' dir='ltr'><strong>a</strong></span> <span class='ocrx_word' id='word_1_653' title='bbox 2001 4778 2110 4832; x_wconf 91' lang='lat' dir='ltr'><strong>qua</strong></span> 
     </span>
    </p>
   </div>
   <div class='ocr_carea' id='block_1_89' title="bbox 538 4832 2110 4903">
    <p class='ocr_par' dir='ltr' id='par_1_89' title="bbox 538 4832 2110 4903">
     <span class='ocr_line' id='line_1_89' title="bbox 538 4832 2110 4903; baseline -0.001 -15"><span class='ocrx_word' id='word_1_654' title='bbox 538 4837 704 4888; x_wconf 85' lang='lat' dir='ltr'><strong>etiam</strong></span> <span class='ocrx_word' id='word_1_655' title='bbox 755 4832 1052 4903; x_wconf 85' lang='lat' dir='ltr'><strong>Sophocles</strong></span> <span class='ocrx_word' id='word_1_656' title='bbox 1100 4835 1361 4888; x_wconf 81' lang='lat' dir='ltr'><strong>bcnelicio</strong></span> <span class='ocrx_word' id='word_1_657' title='bbox 1415 4844 1712 4887; x_wconf 74' lang='lat' dir='ltr'><strong>senectutis</strong></span> <span class='ocrx_word' id='word_1_658' title='bbox 1755 4848 1812 4885; x_wconf 89' lang='lat' dir='ltr'><strong>se</strong></span> <span class='ocrx_word' id='word_1_659' title='bbox 1858 4835 2110 4901; x_wconf 77' lang='lat' dir='ltr'><strong>cll‘ugisse</strong></span> 
     </span>
    </p>
   </div>
   <div class='ocr_carea' id='block_1_90' title="bbox 540 4903 2002 4970">
    <p class='ocr_par' dir='ltr' id='par_1_90' title="bbox 540 4903 2002 4970">
     <span class='ocr_line' id='line_1_90' title="bbox 540 4903 2002 4970; baseline -0.003 -10"><span class='ocrx_word' id='word_1_660' title='bbox 540 4917 795 4970; x_wconf 84' lang='lat' dir='ltr'><strong>tanquam</strong></span> <span class='ocrx_word' id='word_1_661' title='bbox 827 4920 855 4955; x_wconf 88' lang='lat' dir='ltr'><strong>a</strong></span> <span class='ocrx_word' id='word_1_662' title='bbox 883 4907 995 4957; x_wconf 86' lang='lat' dir='ltr'><strong>l&#39;era</strong></span> <span class='ocrx_word' id='word_1_663' title='bbox 1030 4906 1258 4970; x_wconf 76' lang='lat' dir='ltr'><strong>quadam</strong></span> <span class='ocrx_word' id='word_1_664' title='bbox 1302 4905 1471 4956; x_wconf 87' lang='lat' dir='ltr'><strong>bestia</strong></span> <span class='ocrx_word' id='word_1_665' title='bbox 1511 4905 1800 4970; x_wconf 79' lang='lat' dir='ltr'><strong>gaudebat.</strong></span> <span class='ocrx_word' id='word_1_666' title='bbox 1839 4903 2002 4956; x_wconf 70' lang='grc' dir='ltr'>Ιῖιττ.</span> 
     </span>
    </p>
   </div>
   <div class='ocr_carea' id='block_1_91' title="bbox 613 4971 2116 5044">
    <p class='ocr_par' dir='ltr' id='par_1_91' title="bbox 613 4971 2116 5044">
     <span class='ocr_line' id='line_1_91' title="bbox 613 4971 2116 5044; baseline 0 -18"><span class='ocrx_word' id='word_1_667' title='bbox 613 4973 722 5044; x_wconf 76' lang='lat'><strong>(29)</strong></span> <span class='ocrx_word' id='word_1_668' title='bbox 755 4971 995 5044; x_wconf 82' lang='grc' dir='ltr'>Δέδοται</span> <span class='ocrx_word' id='word_1_669' title='bbox 1023 4973 1152 5044; x_wconf 10' lang='grc' dir='ltr'>,τοῖς</span> <span class='ocrx_word' id='word_1_670' title='bbox 1197 4973 1404 5026; x_wconf 78' lang='grc' dir='ltr'><strong>λαϐεῖν</strong></span> <span class='ocrx_word' id='word_1_671' title='bbox 1444 4973 1745 5027; x_wconf 76' lang='grc' dir='ltr'>ἐθέλουσι.</span> <span class='ocrx_word' id='word_1_672' title='bbox 1782 4974 1980 5026; x_wconf 82' lang='lat' dir='ltr'><strong>Eadem</strong></span> <span class='ocrx_word' id='word_1_673' title='bbox 2030 4981 2116 5025; x_wconf 85' lang='lat' dir='ltr'><strong>est.</strong></span> 
     </span>
    </p>
   </div>
   <div class='ocr_carea' id='block_1_92' title="bbox 542 5043 2109 5113">
    <p class='ocr_par' dir='ltr' id='par_1_92' title="bbox 542 5043 2109 5113">
     <span class='ocr_line' id='line_1_92' title="bbox 542 5043 2109 5113; baseline -0.003 -15"><span class='ocrx_word' id='word_1_674' title='bbox 542 5043 748 5109; x_wconf 25' lang='lat' dir='ltr'><strong>Bani’i,</strong></span> <span class='ocrx_word' id='word_1_675' title='bbox 784 5043 1035 5113; x_wconf 83' lang='lat' dir='ltr'><strong>Gregorii</strong></span> <span class='ocrx_word' id='word_1_676' title='bbox 1072 5044 1401 5096; x_wconf 77' lang='lat' dir='ltr'><strong>Naziauzeui</strong></span> <span class='ocrx_word' id='word_1_677' title='bbox 1447 5045 1749 5113; x_wconf 65' lang='lat' dir='ltr'><strong>sententia,</strong></span> <span class='ocrx_word' id='word_1_678' title='bbox 1793 5053 1843 5094; x_wconf 88' lang='lat' dir='ltr'><strong>et</strong></span> <span class='ocrx_word' id='word_1_679' title='bbox 1879 5044 2109 5113; x_wconf 85' lang='lat' dir='ltr'><strong>aliorum</strong></span> 
     </span>
    </p>
   </div>
   <div class='ocr_carea' id='block_1_93' title="bbox 541 5107 2114 5182">
    <p class='ocr_par' dir='ltr' id='par_1_93' title="bbox 541 5107 2114 5182">
     <span class='ocr_line' id='line_1_93' title="bbox 541 5107 2114 5182; baseline -0.004 -14"><span class='ocrx_word' id='word_1_680' title='bbox 541 5107 850 5168; x_wconf 72' lang='lat' dir='ltr'><strong>Grzecdrum</strong></span> <span class='ocrx_word' id='word_1_681' title='bbox 873 5107 1138 5167; x_wconf 68' lang='grc' dir='ltr'>ε’Θέλουσι</span> <span class='ocrx_word' id='word_1_682' title='bbox 1179 5113 1287 5182; x_wconf 78' lang='grc' dir='ltr'><strong>γὰρ</strong></span> <span class='ocrx_word' id='word_1_683' title='bbox 1321 5113 1448 5182; x_wconf 80' lang='grc' dir='ltr'>ὑμῖν</span> <span class='ocrx_word' id='word_1_684' title='bbox 1475 5107 1533 5164; x_wconf 85' lang='grc' dir='ltr'><strong>εὖ</strong></span> <span class='ocrx_word' id='word_1_685' title='bbox 1573 5112 1834 5182; x_wconf 82' lang='grc' dir='ltr'>πράττειν</span> <span class='ocrx_word' id='word_1_686' title='bbox 1867 5111 1960 5164; x_wconf 72' lang='grc' dir='ltr'><strong>καὶ</strong></span> <span class='ocrx_word' id='word_1_687' title='bbox 1981 5112 2114 5173; x_wconf 79' lang='grc' dir='ltr'>Θεὸς</span> 
     </span>
    </p>
   </div>
   <div class='ocr_carea' id='block_1_94' title="bbox 540 5183 2117 5253">
    <p class='ocr_par' dir='ltr' id='par_1_94' title="bbox 540 5183 2117 5253">
     <span class='ocr_line' id='line_1_94' title="bbox 540 5183 2117 5253; baseline -0.001 -17"><span class='ocrx_word' id='word_1_688' title='bbox 540 5185 756 5253; x_wconf 71' lang='grc' dir='ltr'>ἕτοιμος</span> <span class='ocrx_word' id='word_1_689' title='bbox 785 5186 864 5246; x_wconf 84' lang='grc' dir='ltr'><strong>είς</strong></span> <span class='ocrx_word' id='word_1_690' title='bbox 891 5184 951 5236; x_wconf 83' lang='grc' dir='ltr'><strong>τὸ</strong></span> <span class='ocrx_word' id='word_1_691' title='bbox 985 5186 1306 5252; x_wconf 86' lang='grc' dir='ltr'>παρασχεῖν,</span> <span class='ocrx_word' id='word_1_692' title='bbox 1330 5185 1495 5253; x_wconf 80' lang='lat' dir='ltr'><strong>inquit</strong></span> <span class='ocrx_word' id='word_1_693' title='bbox 1522 5184 1754 5253; x_wconf 83' lang='lat' dir='ltr'><strong>lgnatms</strong></span> <span class='ocrx_word' id='word_1_694' title='bbox 1783 5185 1940 5249; x_wconf 72' lang='lat' dir='ltr'><strong>epist.</strong></span> <span class='ocrx_word' id='word_1_695' title='bbox 2059 5192 2117 5234; x_wconf 86' lang='lat' dir='ltr'><strong>el.</strong></span> 
     </span>
    </p>
   </div>
   <div class='ocr_carea' id='block_1_95' title="bbox 542 5251 2116 5326">
    <p class='ocr_par' dir='ltr' id='par_1_95' title="bbox 542 5251 2116 5326">
     <span class='ocr_line' id='line_1_95' title="bbox 542 5251 2116 5326; baseline -0.004 -18"><span class='ocrx_word' id='word_1_696' title='bbox 542 5251 946 5326; x_wconf 36' lang='grc' dir='ltr'>Νυκιιιιίῑητοῖς</span> <span class='ocrx_word' id='word_1_697' title='bbox 966 5251 1370 5326; x_wconf 81' lang='grc' dir='ltr'>προῃρημένοις</span> <span class='ocrx_word' id='word_1_698' title='bbox 1398 5251 1601 5326; x_wconf 69' lang='grc' dir='ltr'>καλῶς,</span> <span class='ocrx_word' id='word_1_699' title='bbox 1631 5251 1924 5326; x_wconf 35' lang='grc' dir='ltr'>τὴν-,χεῖρα</span> <span class='ocrx_word' id='word_1_700' title='bbox 1958 5251 2116 5326; x_wconf 78' lang='grc' dir='ltr'>δίδω-</span> 
     </span>
    </p>
   </div>
   <div class='ocr_carea' id='block_1_96' title="bbox 545 5320 2122 5391">
    <p class='ocr_par' dir='ltr' id='par_1_96' title="bbox 545 5320 2122 5391">
     <span class='ocr_line' id='line_1_96' title="bbox 545 5320 2122 5391; baseline -0.001 -15"><span class='ocrx_word' id='word_1_701' title='bbox 545 5341 630 5376; x_wconf 86' lang='grc' dir='ltr'><strong>σιν</strong></span> <span class='ocrx_word' id='word_1_702' title='bbox 666 5325 694 5376; x_wconf 86' lang='grc' dir='ltr'>ὁ</span> <span class='ocrx_word' id='word_1_703' title='bbox 723 5324 878 5386; x_wconf 81' lang='grc' dir='ltr'>Θεός.</span> <span class='ocrx_word' id='word_1_704' title='bbox 912 5325 976 5376; x_wconf 80' lang='lat' dir='ltr'><strong>Et</strong></span> <span class='ocrx_word' id='word_1_705' title='bbox 1011 5320 1341 5391; x_wconf 60' lang='lat' dir='ltr'><strong>&#39;alt&#39;iisapud</strong></span> <span class='ocrx_word' id='word_1_706' title='bbox 1393 5323 1612 5375; x_wconf 85' lang='lat' dir='ltr'><strong>Suidam</strong></span> <span class='ocrx_word' id='word_1_707' title='bbox 1645 5339 1658 5374; x_wconf 89' lang='lat'><strong>:</strong></span> <span class='ocrx_word' id='word_1_708' title='bbox 1708 5321 1772 5373; x_wconf 86' lang='grc' dir='ltr'><strong>Ἦ</strong></span> <span class='ocrx_word' id='word_1_709' title='bbox 1818 5320 2122 5391; x_wconf 77' lang='grc' dir='ltr'>ἐπουρανία</span> 
     </span>
    </p>
   </div>
   <div class='ocr_carea' id='block_1_97' title="bbox 543 5391 2025 5465">
    <p class='ocr_par' dir='ltr' id='par_1_97' title="bbox 543 5391 2025 5465">
     <span class='ocr_line' id='line_1_97' title="bbox 543 5391 2025 5465; baseline -0.001 -19"><span class='ocrx_word' id='word_1_710' title='bbox 543 5394 702 5465; x_wconf 85' lang='grc' dir='ltr'>χάρις</span> <span class='ocrx_word' id='word_1_711' title='bbox 739 5393 937 5465; x_wconf 73' lang='grc' dir='ltr'>δίδοται</span> <span class='ocrx_word' id='word_1_712' title='bbox 971 5394 1111 5465; x_wconf 86' lang='grc' dir='ltr'><strong>κατά</strong></span> <span class='ocrx_word' id='word_1_713' title='bbox 1133 5392 1194 5465; x_wconf 77' lang='grc' dir='ltr'><strong>τὸ</strong></span> <span class='ocrx_word' id='word_1_714' title='bbox 1238 5392 1433 5465; x_wconf 71' lang='grc' dir='ltr'>μέτρον</span> <span class='ocrx_word' id='word_1_715' title='bbox 1470 5391 1567 5465; x_wconf 81' lang='grc' dir='ltr'>τῆς</span> <span class='ocrx_word' id='word_1_716' title='bbox 1597 5391 1899 5465; x_wconf 74' lang='grc' dir='ltr'>ζητήσεως.</span> <span class='ocrx_word' id='word_1_717' title='bbox 1949 5391 2025 5465; x_wconf 74' lang='lat' dir='ltr'><strong>In.</strong></span> 
     </span>
    </p>
   </div>
   <div class='ocr_carea' id='block_1_98' title="bbox 618 5458 2122 5532">
    <p class='ocr_par' dir='ltr' id='par_1_98' title="bbox 618 5458 2122 5532">
     <span class='ocr_line' id='line_1_98' title="bbox 618 5458 2122 5532; baseline -0.003 -16"><span class='ocrx_word' id='word_1_718' title='bbox 618 5458 731 5531; x_wconf 74' lang='grc'>(50)</span> <span class='ocrx_word' id='word_1_719' title='bbox 767 5463 894 5529; x_wconf 88' lang='grc' dir='ltr'>Τοῖς</span> <span class='ocrx_word' id='word_1_720' title='bbox 947 5463 1058 5532; x_wconf 73' lang='grc' dir='ltr'>γὰρ</span> <span class='ocrx_word' id='word_1_721' title='bbox 1101 5462 1186 5532; x_wconf 82' lang='grc' dir='ltr'>μὴ</span> <span class='ocrx_word' id='word_1_722' title='bbox 1238 5458 1664 5530; x_wconf 52' lang='grc' dir='ltr'><strong>ξβούλομέὠυιδ</strong></span> <span class='ocrx_word' id='word_1_723' title='bbox 1690 5458 1891 5528; x_wconf 71' lang='grc' dir='ltr'>οὐδεὶς</span> <span class='ocrx_word' id='word_1_724' title='bbox 1934 5464 1967 5515; x_wconf 86' lang='grc' dir='ltr'><em>ὁ</em></span> <span class='ocrx_word' id='word_1_725' title='bbox 2000 5458 2122 5532; x_wconf 13' lang='grc' dir='ltr'>,δώο</span> 
     </span>
    </p>
   </div>
   <div class='ocr_carea' id='block_1_99' title="bbox 544 5531 2124 5603">
    <p class='ocr_par' dir='ltr' id='par_1_99' title="bbox 544 5531 2124 5603">
     <span class='ocr_line' id='line_1_99' title="bbox 544 5531 2124 5603; baseline -0.003 -16"><span class='ocrx_word' id='word_1_726' title='bbox 544 5545 700 5587; x_wconf 69' lang='grc' dir='ltr'>σωκ.</span> <span class='ocrx_word' id='word_1_727' title='bbox 730 5535 843 5603; x_wconf 82' lang='lat' dir='ltr'><strong>lloc</strong></span> <span class='ocrx_word' id='word_1_728' title='bbox 870 5531 964 5588; x_wconf 80' lang='lat' dir='ltr'><strong>est</strong></span> <span class='ocrx_word' id='word_1_729' title='bbox 1009 5531 1152 5603; x_wconf 76' lang='lat' dir='ltr'><strong>quOd</strong></span> <span class='ocrx_word' id='word_1_730' title='bbox 1191 5532 1215 5588; x_wconf 82' lang='lat' dir='ltr'><strong>.l</strong></span> <span class='ocrx_word' id='word_1_731' title='bbox 1250 5535 1311 5588; x_wconf 79' lang='lat' dir='ltr'><strong>C.</strong></span> <span class='ocrx_word' id='word_1_732' title='bbox 1343 5533 1540 5603; x_wconf 87' lang='lat' dir='ltr'><strong>Paulus</strong></span> <span class='ocrx_word' id='word_1_733' title='bbox 1572 5536 1669 5599; x_wconf 89' lang='lat' dir='ltr'><strong>ait,</strong></span> <span class='ocrx_word' id='word_1_734' title='bbox 1695 5542 1754 5603; x_wconf 75' lang='lat' dir='ltr'><strong>et</strong></span> <span class='ocrx_word' id='word_1_735' title='bbox 1782 5543 1866 5603; x_wconf 79' lang='lat' dir='ltr'><strong>est</strong></span> <span class='ocrx_word' id='word_1_736' title='bbox 1900 5531 2124 5603; x_wconf 70' lang='lat' dir='ltr'><strong>tritissi-</strong></span> 
     </span>
    </p>
   </div>
   <div class='ocr_carea' id='block_1_100' title="bbox 549 5599 2122 5672">
    <p class='ocr_par' dir='ltr' id='par_1_100' title="bbox 549 5599 2122 5672">
     <span class='ocr_line' id='line_1_100' title="bbox 549 5599 2122 5672; baseline 0 -18"><span class='ocrx_word' id='word_1_737' title='bbox 549 5617 741 5672; x_wconf 82' lang='lat' dir='ltr'><strong>mum:</strong></span> <span class='ocrx_word' id='word_1_738' title='bbox 774 5601 942 5657; x_wconf 81' lang='lat' dir='ltr'><strong>Invito</strong></span> <span class='ocrx_word' id='word_1_739' title='bbox 978 5599 1282 5672; x_wconf 67' lang='lat' dir='ltr'><strong>bene/icium</strong></span> <span class='ocrx_word' id='word_1_740' title='bbox 1341 5619 1444 5656; x_wconf 85' lang='lat' dir='ltr'><strong>non</strong></span> <span class='ocrx_word' id='word_1_741' title='bbox 1483 5602 1661 5655; x_wconf 82' lang='lat' dir='ltr'><strong>datur.</strong></span> <span class='ocrx_word' id='word_1_742' title='bbox 1695 5601 1755 5656; x_wconf 86' lang='lat' dir='ltr'><strong>L.</strong></span> <span class='ocrx_word' id='word_1_743' title='bbox 1799 5602 1890 5656; x_wconf 88' lang='lat'><strong>69.</strong></span> <span class='ocrx_word' id='word_1_744' title='bbox 1941 5601 2006 5654; x_wconf 93' lang='lat' dir='ltr'><strong>D.</strong></span> <span class='ocrx_word' id='word_1_745' title='bbox 2043 5599 2122 5654; x_wconf 84' lang='lat' dir='ltr'><strong>De</strong></span> 
     </span>
    </p>
   </div>
   <div class='ocr_carea' id='block_1_101' title="bbox 549 5671 2122 5742">
    <p class='ocr_par' dir='ltr' id='par_1_101' title="bbox 549 5671 2122 5742">
     <span class='ocr_line' id='line_1_101' title="bbox 549 5671 2122 5742; baseline 0 -20"><span class='ocrx_word' id='word_1_746' title='bbox 549 5687 658 5742; x_wconf 84' lang='lat' dir='ltr'><strong>reg.</strong></span> <span class='ocrx_word' id='word_1_747' title='bbox 681 5671 821 5739; x_wconf 87' lang='lat' dir='ltr'><strong>jur.,</strong></span> <span class='ocrx_word' id='word_1_748' title='bbox 847 5683 900 5726; x_wconf 89' lang='lat' dir='ltr'><strong>et</strong></span> <span class='ocrx_word' id='word_1_749' title='bbox 928 5671 1164 5741; x_wconf 88' lang='lat' dir='ltr'><strong>Ulpian.,</strong></span> <span class='ocrx_word' id='word_1_750' title='bbox 1198 5673 1350 5739; x_wconf 83' lang='lat' dir='ltr'><strong>Quod</strong></span> <span class='ocrx_word' id='word_1_751' title='bbox 1379 5675 1563 5742; x_wconf 83' lang='lat' dir='ltr'><strong>cuique</strong></span> <span class='ocrx_word' id='word_1_752' title='bbox 1593 5689 1686 5738; x_wconf 82' lang='lat' dir='ltr'><strong>pro</strong></span> <span class='ocrx_word' id='word_1_753' title='bbox 1733 5689 1792 5726; x_wconf 89' lang='lat' dir='ltr'><strong>eo</strong></span> <span class='ocrx_word' id='word_1_754' title='bbox 1818 5680 2122 5740; x_wconf 74' lang='lat' dir='ltr'><strong>prazsmtur,</strong></span> 
     </span>
    </p>
   </div>
   <div class='ocr_carea' id='block_1_102' title="bbox 551 5741 2122 5864">
    <p class='ocr_par' dir='ltr' id='par_1_102' title="bbox 551 5741 2122 5864">
     <span class='ocr_line' id='line_1_102' title="bbox 551 5741 2122 5864; baseline 0.002 -71"><span class='ocrx_word' id='word_1_755' title='bbox 551 5741 709 5864; x_wconf 53' lang='lat' dir='ltr'><strong>(upilio</strong></span> <span class='ocrx_word' id='word_1_756' title='bbox 742 5744 1129 5799; x_wconf 79' lang='lat' dir='ltr'><strong>noulribuilur.</strong></span> <span class='ocrx_word' id='word_1_757' title='bbox 1178 5745 1236 5798; x_wconf 87' lang='lat' dir='ltr'><strong>L.</strong></span> <span class='ocrx_word' id='word_1_758' title='bbox 1275 5744 1392 5810; x_wconf 79' lang='lat' dir='ltr'><strong>I56,</strong></span> <span class='ocrx_word' id='word_1_759' title='bbox 1427 5741 1654 5809; x_wconf 76' lang='lat' dir='ltr'><strong>Invitus,</strong></span> <span class='ocrx_word' id='word_1_760' title='bbox 1690 5744 1717 5813; x_wconf 66' lang='grc' dir='ltr'>ξ</span> <span class='ocrx_word' id='word_1_761' title='bbox 1757 5743 1880 5808; x_wconf 93' lang='lat' dir='ltr'><strong>uIt.,</strong></span> <span class='ocrx_word' id='word_1_762' title='bbox 1914 5744 1979 5798; x_wconf 86' lang='lat' dir='ltr'><strong>de</strong></span> <span class='ocrx_word' id='word_1_763' title='bbox 2001 5745 2122 5798; x_wconf 81' lang='lat' dir='ltr'><strong>eod.</strong></span> 
     </span>
     <span class='ocr_line' id='line_1_103' title="bbox 579 5825 744 5864; baseline 0.006 -2"><span class='ocrx_word' id='word_1_764' title='bbox 579 5825 638 5864; x_wconf 83' lang='grc' dir='ltr'><strong>ι.</strong></span> <span class='ocrx_word' id='word_1_765' title='bbox 691 5825 744 5863; x_wconf 81' lang='lat' dir='ltr'><strong>o.</strong></span> 
     </span>
    </p>
   </div>
   <div class='ocr_carea' id='block_1_103' title="bbox 555 5819 744 5866">
    <p class='ocr_par' dir='ltr' id='par_1_103' title="bbox 555 5819 744 5866">
     <span class='ocr_line' id='line_1_104' title="bbox 555 5819 744 5866; baseline 0.005 -5"><span class='ocrx_word' id='word_1_766' title='bbox 555 5819 638 5866; x_wconf 77' lang='grc' dir='ltr'>ιιι.</span> <span class='ocrx_word' id='word_1_767' title='bbox 669 5819 744 5864; x_wconf 83' lang='lat' dir='ltr'><strong>ID.</strong></span> 
     </span>
    </p>
   </div>
   <div class='ocr_carea' id='block_1_104' title="bbox 2221 4761 3549 4832">
    <p class='ocr_par' dir='ltr' id='par_1_104' title="bbox 2221 4761 3549 4832">
     <span class='ocr_line' id='line_1_105' title="bbox 2221 4761 3549 4832; baseline 0.002 -15"><span class='ocrx_word' id='word_1_768' title='bbox 2221 4761 2379 4817; x_wconf 69' lang='grc' dir='ltr'>Ἶρι-ε.</span> <span class='ocrx_word' id='word_1_769' title='bbox 2412 4762 2447 4814; x_wconf 71' lang='grc'>4</span> <span class='ocrx_word' id='word_1_770' title='bbox 2480 4779 2576 4830; x_wconf 89' lang='lat' dir='ltr'><strong>pro</strong></span> <span class='ocrx_word' id='word_1_771' title='bbox 2606 4762 2826 4816; x_wconf 84' lang='grc' dir='ltr'>ἐνουσία</span> <span class='ocrx_word' id='word_1_772' title='bbox 2859 4764 3102 4832; x_wconf 73' lang='grc' dir='ltr'>δοτίὺὶιή</span> <span class='ocrx_word' id='word_1_773' title='bbox 3129 4764 3306 4816; x_wconf 83' lang='grc' dir='ltr'>οὐσία.</span> <span class='ocrx_word' id='word_1_774' title='bbox 3339 4763 3549 4819; x_wconf 73' lang='lat' dir='ltr'><strong>Possm.</strong></span> 
     </span>
    </p>
   </div>
   <div class='ocr_carea' id='block_1_105' title="bbox 2220 4832 3736 4953">
    <p class='ocr_par' dir='ltr' id='par_1_105' title="bbox 2220 4832 3736 4953">
     <span class='ocr_line' id='line_1_106' title="bbox 2220 4832 3736 4953; baseline 0 -69"><span class='ocrx_word' id='word_1_775' title='bbox 2220 4901 2250 4953; x_wconf 75' lang='grc' dir='ltr'>λ</span> <span class='ocrx_word' id='word_1_776' title='bbox 2293 4832 2403 4915; x_wconf 77' lang='lat'><strong>(5‘2)</strong></span> <span class='ocrx_word' id='word_1_777' title='bbox 2437 4832 2583 4953; x_wconf 70' lang='lat' dir='ltr'><strong>lldem</strong></span> <span class='ocrx_word' id='word_1_778' title='bbox 2615 4837 2734 4887; x_wconf 86' lang='lat' dir='ltr'><strong>cod.</strong></span> <span class='ocrx_word' id='word_1_779' title='bbox 2767 4849 2863 4902; x_wconf 84' lang='lat' dir='ltr'><strong>pro</strong></span> <span class='ocrx_word' id='word_1_780' title='bbox 2919 4834 3334 4904; x_wconf 77' lang='grc' dir='ltr'>συμϐασιλεύων</span> <span class='ocrx_word' id='word_1_781' title='bbox 3375 4839 3522 4904; x_wconf 90' lang='lat' dir='ltr'><strong>ponit</strong></span> <span class='ocrx_word' id='word_1_782' title='bbox 3557 4832 3736 4904; x_wconf 69' lang='grc' dir='ltr'>ωμῦου</span> 
     </span>
     <span class='ocr_line' id='line_1_107' title="bbox 2255 4917 2524 4953; baseline 0 0"><span class='ocrx_word' id='word_1_783' title='bbox 2255 4920 2412 4953; x_wconf 87' lang='grc' dir='ltr'>ευων.</span> <span class='ocrx_word' id='word_1_784' title='bbox 2472 4917 2524 4953; x_wconf 78' lang='grc' dir='ltr'>ι).</span> 
     </span>
    </p>
   </div>
   <div class='ocr_carea' id='block_1_106' title="bbox 2255 4917 2524 4958">
    <p class='ocr_par' dir='ltr' id='par_1_106' title="bbox 2255 4917 2524 4958">
     <span class='ocr_line' id='line_1_108' title="bbox 2255 4917 2524 4958; baseline 0.015 -4"><span class='ocrx_word' id='word_1_785' title='bbox 2255 4920 2412 4956; x_wconf 89' lang='grc' dir='ltr'>ευων.</span> <span class='ocrx_word' id='word_1_786' title='bbox 2448 4917 2524 4958; x_wconf 76' lang='lat' dir='ltr'><strong>ID.</strong></span> 
     </span>
    </p>
   </div>
   <div class='ocr_carea' id='block_1_107' title="bbox 2295 4971 3575 5043">
    <p class='ocr_par' dir='ltr' id='par_1_107' title="bbox 2295 4971 3575 5043">
     <span class='ocr_line' id='line_1_109' title="bbox 2295 4971 3575 5043; baseline 0.001 -19"><span class='ocrx_word' id='word_1_787' title='bbox 2295 4973 2406 5042; x_wconf 84' lang='grc'>(55)</span> <span class='ocrx_word' id='word_1_788' title='bbox 2437 4972 2542 5043; x_wconf 81' lang='lat' dir='ltr'><strong>Pro</strong></span> <span class='ocrx_word' id='word_1_789' title='bbox 2581 4971 2798 5042; x_wconf 78' lang='grc' dir='ltr'>ἀξίωμα</span> <span class='ocrx_word' id='word_1_790' title='bbox 2832 4972 2972 5027; x_wconf 86' lang='lat' dir='ltr'><strong>idem</strong></span> <span class='ocrx_word' id='word_1_791' title='bbox 3002 4973 3163 5027; x_wconf 86' lang='lat' dir='ltr'><strong>habet</strong></span> <span class='ocrx_word' id='word_1_792' title='bbox 3184 4972 3494 5043; x_wconf 79' lang='grc' dir='ltr'>ἀξιώματα.</span> <span class='ocrx_word' id='word_1_793' title='bbox 3523 4973 3575 5025; x_wconf 83' lang='lat' dir='ltr'><strong>In</strong></span> 
     </span>
    </p>
   </div>
   <div class='ocr_carea' id='block_1_108' title="bbox 2222 5041 3757 5166">
    <p class='ocr_par' dir='ltr' id='par_1_108' title="bbox 2222 5041 3757 5166">
     <span class='ocr_line' id='line_1_110' title="bbox 2222 5041 3757 5166; baseline -0.003 -70"><span class='ocrx_word' id='word_1_794' title='bbox 2222 5113 2240 5166; x_wconf 72' lang='grc' dir='ltr'><strong>Ι</strong></span> <span class='ocrx_word' id='word_1_795' title='bbox 2295 5043 2406 5114; x_wconf 73' lang='grc'>(54)</span> <span class='ocrx_word' id='word_1_796' title='bbox 2448 5041 2552 5096; x_wconf 87' lang='grc' dir='ltr'>Τὸν</span> <span class='ocrx_word' id='word_1_797' title='bbox 2595 5041 2750 5111; x_wconf 86' lang='grc' dir='ltr'>λόγον</span> <span class='ocrx_word' id='word_1_798' title='bbox 2790 5046 2929 5098; x_wconf 82' lang='lat' dir='ltr'><strong>idem</strong></span> <span class='ocrx_word' id='word_1_799' title='bbox 2977 5046 3096 5098; x_wconf 88' lang='lat' dir='ltr'><strong>cod.</strong></span> <span class='ocrx_word' id='word_1_800' title='bbox 3148 5041 3401 5098; x_wconf 26' lang='lat' dir='ltr'><strong>mutat‘iu</strong></span> <span class='ocrx_word' id='word_1_801' title='bbox 3446 5043 3510 5096; x_wconf 87' lang='grc' dir='ltr'><strong>τὸ</strong></span> <span class='ocrx_word' id='word_1_802' title='bbox 3541 5043 3757 5114; x_wconf 75' lang='grc' dir='ltr'>γράμμα.</span> 
     </span>
     <span class='ocr_line' id='line_1_111' title="bbox 2245 5130 2297 5166; baseline 0 0"><span class='ocrx_word' id='word_1_803' title='bbox 2245 5130 2297 5166; x_wconf 82' lang='grc' dir='ltr'><strong>ι).</strong></span> 
     </span>
    </p>
   </div>
   <div class='ocr_carea' id='block_1_109' title="bbox 2245 5130 2297 5166">
    <p class='ocr_par' dir='ltr' id='par_1_109' title="bbox 2245 5130 2297 5166">
     <span class='ocr_line' id='line_1_112' title="bbox 2245 5130 2297 5166; baseline 0 0"><span class='ocrx_word' id='word_1_804' title='bbox 2245 5130 2297 5166; x_wconf 88' lang='lat' dir='ltr'><strong>D.</strong></span> 
     </span>
    </p>
   </div>
   <div class='ocr_carea' id='block_1_110' title="bbox 2294 5179 3758 5254">
    <p class='ocr_par' dir='ltr' id='par_1_110' title="bbox 2294 5179 3758 5254">
     <span class='ocr_line' id='line_1_113' title="bbox 2294 5179 3758 5254; baseline -0.003 -16"><span class='ocrx_word' id='word_1_805' title='bbox 2294 5182 2407 5254; x_wconf 80' lang='grc'>(55)</span> <span class='ocrx_word' id='word_1_806' title='bbox 2441 5182 2513 5236; x_wconf 79' lang='grc' dir='ltr'><strong>Τὸ</strong></span> <span class='ocrx_word' id='word_1_807' title='bbox 2555 5182 2836 5254; x_wconf 80' lang='grc' dir='ltr'>πάθος....</span> <span class='ocrx_word' id='word_1_808' title='bbox 2864 5182 3200 5254; x_wconf 69' lang='grc' dir='ltr'>ἁψάμενον.</span> <span class='ocrx_word' id='word_1_809' title='bbox 3244 5181 3358 5254; x_wconf 84' lang='lat' dir='ltr'><strong>Hoc</strong></span> <span class='ocrx_word' id='word_1_810' title='bbox 3381 5191 3492 5254; x_wconf 19' lang='grc' dir='ltr'>εει,</span> <span class='ocrx_word' id='word_1_811' title='bbox 3511 5182 3642 5251; x_wconf 87' lang='lat' dir='ltr'><strong>quod</strong></span> <span class='ocrx_word' id='word_1_812' title='bbox 3677 5179 3758 5254; x_wconf 62' lang='lat' dir='ltr'><strong>I’g:</strong></span> 
     </span>
    </p>
   </div>
   <div class='ocr_carea' id='block_1_111' title="bbox 2227 5247 3759 5323">
    <p class='ocr_par' dir='ltr' id='par_1_111' title="bbox 2227 5247 3759 5323">
     <span class='ocr_line' id='line_1_114' title="bbox 2227 5247 3759 5323; baseline -0.002 -17"><span class='ocrx_word' id='word_1_813' title='bbox 2227 5247 2345 5307; x_wconf 77' lang='lat' dir='ltr'><strong>tros</strong></span> <span class='ocrx_word' id='word_1_814' title='bbox 2377 5247 2443 5307; x_wconf 78' lang='lat' dir='ltr'><strong>de</strong></span> <span class='ocrx_word' id='word_1_815' title='bbox 2474 5254 2692 5308; x_wconf 83' lang='lat' dir='ltr'><strong>Christo</strong></span> <span class='ocrx_word' id='word_1_816' title='bbox 2721 5247 2882 5318; x_wconf 81' lang='lat' dir='ltr'><strong>dicit,</strong></span> <span class='ocrx_word' id='word_1_817' title='bbox 2912 5247 3114 5306; x_wconf 62' lang='grc' dir='ltr'>⁷πᾰθὼν</span> <span class='ocrx_word' id='word_1_818' title='bbox 3145 5252 3332 5323; x_wconf 91' lang='grc' dir='ltr'>σαρκί.</span> <span class='ocrx_word' id='word_1_819' title='bbox 3354 5247 3549 5306; x_wconf 77' lang='lat' dir='ltr'><strong>Confer</strong></span> <span class='ocrx_word' id='word_1_820' title='bbox 3579 5266 3655 5319; x_wconf 87' lang='lat' dir='ltr'><strong>ep.</strong></span> <span class='ocrx_word' id='word_1_821' title='bbox 3679 5247 3759 5323; x_wconf 65' lang='lat' dir='ltr'><strong>I79</strong></span> 
     </span>
    </p>
   </div>
   <div class='ocr_carea' id='block_1_112' title="bbox 2229 5319 3758 5392">
    <p class='ocr_par' dir='ltr' id='par_1_112' title="bbox 2229 5319 3758 5392">
     <span class='ocr_line' id='line_1_115' title="bbox 2229 5319 3758 5392; baseline -0.006 -14"><span class='ocrx_word' id='word_1_822' title='bbox 2229 5325 2284 5378; x_wconf 89' lang='lat' dir='ltr'><strong>b.</strong></span> <span class='ocrx_word' id='word_1_823' title='bbox 2317 5323 2409 5377; x_wconf 92' lang='lat' dir='ltr'><strong>lib.</strong></span> <span class='ocrx_word' id='word_1_824' title='bbox 2441 5323 2502 5376; x_wconf 85' lang='lat' dir='ltr'><strong>Et</strong></span> <span class='ocrx_word' id='word_1_825' title='bbox 2539 5326 2838 5377; x_wconf 89' lang='lat' dir='ltr'><strong>secundum</strong></span> <span class='ocrx_word' id='word_1_826' title='bbox 2883 5325 2998 5378; x_wconf 63' lang='lat' dir='ltr'><strong>haec</strong></span> <span class='ocrx_word' id='word_1_827' title='bbox 3023 5325 3188 5377; x_wconf 84' lang='lat' dir='ltr'><strong>etiam</strong></span> <span class='ocrx_word' id='word_1_828' title='bbox 3221 5319 3624 5392; x_wconf 65' lang='lat' dir='ltr'><strong>intelligendum</strong></span> <span class='ocrx_word' id='word_1_829' title='bbox 3645 5319 3758 5386; x_wconf 88' lang='lat' dir='ltr'><strong>quod</strong></span> 
     </span>
    </p>
   </div>
   <div class='ocr_carea' id='block_1_113' title="bbox 2231 5391 3757 5456">
    <p class='ocr_par' dir='ltr' id='par_1_113' title="bbox 2231 5391 3757 5456">
     <span class='ocr_line' id='line_1_116' title="bbox 2231 5391 3757 5456; baseline -0.005 -11"><span class='ocrx_word' id='word_1_830' title='bbox 2231 5394 2358 5446; x_wconf 88' lang='lat' dir='ltr'><strong>alibi</strong></span> <span class='ocrx_word' id='word_1_831' title='bbox 2388 5393 2576 5447; x_wconf 88' lang='lat' dir='ltr'><strong>scribit</strong></span> <span class='ocrx_word' id='word_1_832' title='bbox 2611 5393 2848 5447; x_wconf 78' lang='lat' dir='ltr'><strong>Isidorus</strong></span> <span class='ocrx_word' id='word_1_833' title='bbox 2888 5404 3089 5456; x_wconf 85' lang='lat' dir='ltr'><strong>noster,</strong></span> <span class='ocrx_word' id='word_1_834' title='bbox 3114 5391 3248 5446; x_wconf 85' lang='grc' dir='ltr'>Θεοῦ</span> <span class='ocrx_word' id='word_1_835' title='bbox 3277 5391 3450 5455; x_wconf 82' lang='grc' dir='ltr'>πάθος</span> <span class='ocrx_word' id='word_1_836' title='bbox 3471 5393 3532 5446; x_wconf 74' lang='grc' dir='ltr'><strong>οὐ</strong></span> <span class='ocrx_word' id='word_1_837' title='bbox 3555 5391 3757 5456; x_wconf 70' lang='grc' dir='ltr'>λέγεται.</span> 
     </span>
    </p>
   </div>
   <div class='ocr_carea' id='block_1_114' title="bbox 2224 5461 3758 5531">
    <p class='ocr_par' dir='ltr' id='par_1_114' title="bbox 2224 5461 3758 5531">
     <span class='ocr_line' id='line_1_117' title="bbox 2224 5461 3758 5531; baseline -0.005 -11"><span class='ocrx_word' id='word_1_838' title='bbox 2224 5463 2510 5520; x_wconf 77' lang='lat' dir='ltr'><strong>Rationem</strong></span> <span class='ocrx_word' id='word_1_839' title='bbox 2539 5463 2626 5517; x_wconf 87' lang='lat' dir='ltr'><strong>hic</strong></span> <span class='ocrx_word' id='word_1_840' title='bbox 2658 5464 2852 5526; x_wconf 89' lang='lat' dir='ltr'><strong>reddit,</strong></span> <span class='ocrx_word' id='word_1_841' title='bbox 2882 5463 3090 5526; x_wconf 85' lang='grc' dir='ltr'>ἀπαθὲς</span> <span class='ocrx_word' id='word_1_842' title='bbox 3113 5463 3223 5531; x_wconf 75' lang='grc' dir='ltr'><strong>γὰρ</strong></span> <span class='ocrx_word' id='word_1_843' title='bbox 3250 5462 3311 5515; x_wconf 82' lang='grc' dir='ltr'>τὸ</span> <span class='ocrx_word' id='word_1_844' title='bbox 3340 5463 3514 5516; x_wconf 83' lang='grc' dir='ltr'>Θεῖαν.</span> <span class='ocrx_word' id='word_1_845' title='bbox 3567 5461 3758 5531; x_wconf 59' lang='lat' dir='ltr'><strong>Elegan-</strong></span> 
     </span>
    </p>
   </div>
   <div class='ocr_carea' id='block_1_115' title="bbox 2228 5481 3758 5602">
    <p class='ocr_par' dir='ltr' id='par_1_115' title="bbox 2228 5481 3758 5602">
     <span class='ocr_line' id='line_1_118' title="bbox 2230 5481 3758 5531; baseline -0.003 -17"><span class='ocrx_word' id='word_1_846' title='bbox 2230 5481 2510 5520; x_wconf 69' lang='grc' dir='ltr'>ιιιιιιοιιεῐη</span> <span class='ocrx_word' id='word_1_847' title='bbox 2539 5481 2626 5517; x_wconf 84' lang='lat' dir='ltr'><strong>IIIC</strong></span> <span class='ocrx_word' id='word_1_848' title='bbox 2658 5481 2852 5526; x_wconf 74' lang='grc' dir='ltr'>ῐθαυιι,</span> <span class='ocrx_word' id='word_1_849' title='bbox 2882 5481 3090 5526; x_wconf 82' lang='grc' dir='ltr'>απαυες</span> <span class='ocrx_word' id='word_1_850' title='bbox 3113 5481 3188 5531; x_wconf 80' lang='grc' dir='ltr'><strong>γα</strong></span> <span class='ocrx_word' id='word_1_851' title='bbox 3250 5481 3311 5515; x_wconf 89' lang='grc' dir='ltr'><strong>το</strong></span> <span class='ocrx_word' id='word_1_852' title='bbox 3340 5481 3514 5516; x_wconf 77' lang='grc' dir='ltr'>υειον.</span> <span class='ocrx_word' id='word_1_853' title='bbox 3567 5481 3758 5527; x_wconf 72' lang='grc' dir='ltr'>ιιεεδιι·</span> 
     </span>
     <span class='ocr_line' id='line_1_119' title="bbox 2228 5481 3758 5602; baseline -0.007 -14"><span class='ocrx_word' id='word_1_854' title='bbox 2228 5546 2311 5588; x_wconf 89' lang='lat' dir='ltr'><strong>ter</strong></span> <span class='ocrx_word' id='word_1_855' title='bbox 2339 5543 2394 5586; x_wconf 90' lang='lat' dir='ltr'><strong>et</strong></span> <span class='ocrx_word' id='word_1_856' title='bbox 2422 5533 2508 5602; x_wconf 92' lang='lat' dir='ltr'><strong>pie</strong></span> <span class='ocrx_word' id='word_1_857' title='bbox 2535 5531 2645 5587; x_wconf 89' lang='lat' dir='ltr'><strong>Leo</strong></span> <span class='ocrx_word' id='word_1_858' title='bbox 2670 5532 2742 5585; x_wconf 85' lang='lat' dir='ltr'><strong>M.</strong></span> <span class='ocrx_word' id='word_1_859' title='bbox 2768 5547 2931 5587; x_wconf 82' lang='lat' dir='ltr'><strong>serm.</strong></span> <span class='ocrx_word' id='word_1_860' title='bbox 2959 5533 3048 5587; x_wconf 81' lang='grc'><strong>17.</strong></span> <span class='ocrx_word' id='word_1_861' title='bbox 3080 5534 3155 5588; x_wconf 83' lang='lat' dir='ltr'><strong>De</strong></span> <span class='ocrx_word' id='word_1_862' title='bbox 3174 5481 3336 5586; x_wconf 65' lang='grc' dir='ltr'>βαδε.</span> <span class='ocrx_word' id='word_1_863' title='bbox 3369 5533 3572 5586; x_wconf 81' lang='lat' dir='ltr'><strong>Domini</strong></span> <span class='ocrx_word' id='word_1_864' title='bbox 3597 5546 3615 5584; x_wconf 92' lang='lat'><em>:</em></span> <span class='ocrx_word' id='word_1_865' title='bbox 3639 5527 3758 5581; x_wconf 68' lang='lat' dir='ltr'><strong>«Ih-</strong></span> 
     </span>
    </p>
   </div>
   <div class='ocr_carea' id='block_1_116' title="bbox 2230 5601 3757 5672">
    <p class='ocr_par' dir='ltr' id='par_1_116' title="bbox 2230 5601 3757 5672">
     <span class='ocr_line' id='line_1_120' title="bbox 2230 5601 3757 5672; baseline -0.005 -16"><span class='ocrx_word' id='word_1_866' title='bbox 2230 5613 2396 5656; x_wconf 88' lang='lat' dir='ltr'><strong>nente</strong></span> <span class='ocrx_word' id='word_1_867' title='bbox 2426 5601 2502 5656; x_wconf 87' lang='lat' dir='ltr'><strong>in</strong></span> <span class='ocrx_word' id='word_1_868' title='bbox 2544 5618 2641 5657; x_wconf 90' lang='lat' dir='ltr'><strong>sua</strong></span> <span class='ocrx_word' id='word_1_869' title='bbox 2672 5603 3005 5672; x_wconf 87' lang='lat' dir='ltr'><strong>pr0prietate</strong></span> <span class='ocrx_word' id='word_1_870' title='bbox 3042 5613 3275 5672; x_wconf 90' lang='lat' dir='ltr'><strong>utraque</strong></span> <span class='ocrx_word' id='word_1_871' title='bbox 3321 5601 3644 5672; x_wconf 66' lang='lat' dir='ltr'><strong>substantia,</strong></span> <span class='ocrx_word' id='word_1_872' title='bbox 3679 5609 3757 5648; x_wconf 66' lang='lat' dir='ltr'><strong>nec</strong></span> 
     </span>
    </p>
   </div>
   <div class='ocr_carea' id='block_1_117' title="bbox 2232 5669 3755 5743">
    <p class='ocr_par' dir='ltr' id='par_1_117' title="bbox 2232 5669 3755 5743">
     <span class='ocr_line' id='line_1_121' title="bbox 2232 5669 3755 5743; baseline -0.005 -16"><span class='ocrx_word' id='word_1_873' title='bbox 2232 5673 2374 5743; x_wconf 83' lang='lat' dir='ltr'><strong>Deus</strong></span> <span class='ocrx_word' id='word_1_874' title='bbox 2410 5673 2627 5741; x_wconf 82' lang='lat' dir='ltr'><strong>reliquit</strong></span> <span class='ocrx_word' id='word_1_875' title='bbox 2675 5669 3047 5742; x_wconf 27' lang='lat' dir='ltr'><strong>sui‘corporis</strong></span> <span class='ocrx_word' id='word_1_876' title='bbox 3098 5669 3423 5743; x_wconf 78' lang='lat' dir='ltr'><strong>passionem,</strong></span> <span class='ocrx_word' id='word_1_877' title='bbox 3479 5688 3576 5727; x_wconf 86' lang='lat' dir='ltr'><strong>nec</strong></span> <span class='ocrx_word' id='word_1_878' title='bbox 3618 5669 3755 5743; x_wconf 76' lang='lat' dir='ltr'><strong>Deum</strong></span> 
     </span>
    </p>
   </div>
   <div class='ocr_carea' id='block_1_118' title="bbox 2233 5737 3755 5814">
    <p class='ocr_par' dir='ltr' id='par_1_118' title="bbox 2233 5737 3755 5814">
     <span class='ocr_line' id='line_1_122' title="bbox 2233 5737 3755 5814; baseline -0.007 -17"><span class='ocrx_word' id='word_1_879' title='bbox 2233 5741 2363 5814; x_wconf 87' lang='lat' dir='ltr'><strong>lecit</strong></span> <span class='ocrx_word' id='word_1_880' title='bbox 2415 5737 2542 5796; x_wconf 81' lang='lat' dir='ltr'><strong>caro</strong></span> <span class='ocrx_word' id='word_1_881' title='bbox 2574 5737 2914 5812; x_wconf 56' lang='lat' dir='ltr'><strong>passibilem:</strong></span> <span class='ocrx_word' id='word_1_882' title='bbox 2944 5744 3069 5813; x_wconf 83' lang='lat' dir='ltr'><strong>quia</strong></span> <span class='ocrx_word' id='word_1_883' title='bbox 3098 5737 3545 5814; x_wconf 20' lang='lat' dir='ltr'><strong>&#39;divinitas,’qua:</strong></span> <span class='ocrx_word' id='word_1_884' title='bbox 3575 5748 3678 5795; x_wconf 83' lang='lat' dir='ltr'><strong>erat</strong></span> <span class='ocrx_word' id='word_1_885' title='bbox 3714 5737 3755 5788; x_wconf 89' lang='lat' dir='ltr'><strong>in</strong></span> 
     </span>
    </p>
   </div>
   <div class='ocr_carea' id='block_1_119' title="bbox 2235 5813 3308 5880">
    <p class='ocr_par' dir='ltr' id='par_1_119' title="bbox 2235 5813 3308 5880">
     <span class='ocr_line' id='line_1_123' title="bbox 2235 5813 3308 5880; baseline -0.001 -12"><span class='ocrx_word' id='word_1_886' title='bbox 2235 5813 2469 5880; x_wconf 86' lang='lat' dir='ltr'><strong>dolente,</strong></span> <span class='ocrx_word' id='word_1_887' title='bbox 2495 5828 2602 5869; x_wconf 91' lang='lat' dir='ltr'><strong>non</strong></span> <span class='ocrx_word' id='word_1_888' title='bbox 2627 5823 2744 5868; x_wconf 88' lang='lat' dir='ltr'><strong>erat</strong></span> <span class='ocrx_word' id='word_1_889' title='bbox 2771 5815 2821 5867; x_wconf 91' lang='lat' dir='ltr'><strong>iu</strong></span> <span class='ocrx_word' id='word_1_890' title='bbox 2845 5814 3052 5869; x_wconf 87' lang='lat' dir='ltr'><strong>dolore.</strong></span> <span class='ocrx_word' id='word_1_891' title='bbox 3092 5831 3112 5865; x_wconf 67' lang='grc' dir='ltr'><strong>ι</strong></span> <span class='ocrx_word' id='word_1_892' title='bbox 3148 5813 3308 5867; x_wconf 70' lang='lat' dir='ltr'><strong>Itin.</strong></span> 
     </span>
    </p>
   </div>
  </div>
