3906 6416
162 381 277 455 125⁵1

1021 379 1560 452 EPISTOLARUM
1597 390 1744 452 LIB.
1788 376 1887 451 1V.
1926 415 1997 427 --
2033 390 2268 449 EPIST.
2310 387 2560 450 CLXVI.

3284 383 3419 449 12:38

158 504 213 555 Ei
232 500 411 555 τοίνυν
439 502 470 554 6
491 500 593 566 τὰς
638 501 786 565 κλεῖς
842 500 953 554 τῶν
976 502 1224 573 οὐρανῶν
1253 504 1738 576 ἐγκεχειρισμένος

1862 504 1975 557 lum
2010 504 2192 558 omnia
2243 514 2617 558 commemoro
2658 499 2806 570 justo
2858 498 3072 569 longius
3116 498 3421 555 orationem

160 594 247 665 dp:
284 592 466 663 σάρκα
504 594 711 663 κυρίως
744 594 1066 663 ἀπεφήνατο
1101 594 1454 658 πεπονθέναι,
1488 596 1586 669 τὴν
1629 615 1737 649 πα-

159 686 255 739 θῶν
278 685 536 755 δεκτικὴν
566 684 811 755 (ἀπαθὲς
837 686 945 756 γὰρ
969 686 1030 739 τὸ
1053 686 1229 756 Θείον)
1250 703 1264 719 ο
1302 690 1349 740 εἰ
1376 688 1491 750 καὶ,
1515 690 1592 753 ὡς
1644 690 1735 743 τὸν

158 778 484 847 κληρονόμον
515 776 943 841 ἀποκτείναντες
974 777 1112 848 (56),
1162 778 1405 832 Ἰουδαῖοι
1436 780 1740 835 πεπόνθασι

157 869 454 940 τραγῳδίας
504 871 726 940 ἁπάσης
782 870 1005 939 μείζονα
1101 872 1177 942 μὴ
1208 874 1531 942 ταραττέτω
1571 890 1631 925 σε
1679 873 1742 928 τὸ

158 964 319 1026 πάθος
347 981 362 995 ·
396 962 518 1016 ἀλλ’
555 964 635 1026 εἰς
661 964 1016 1034 εὐχαριστίας
1046 963 1274 1034 μέγεθος
1308 966 1738 1036 χειραγωγείτωο

157 1062 231 1113 ὅτι
258 1060 285 1111 6
314 1057 572 1127 βασιλεὺς
619 1059 648 1111 ὁ
674 1056 917 1127 ἀπαθὴς,
954 1060 984 1111 ὁ
1020 1058 1181 1112 σκιὰν
1209 1062 1418 1130 τροπῆς
1454 1060 1529 1131 μὴ
1559 1060 1742 1114 ἐπιδε-

157 1150 378 1219 χόμενος
409 1148 549 1220 (57),
580 1148 681 1218 τὴν
714 1148 923 1201 οἰκείαν
957 1148 1225 1202 ἐκδέδωκε
1256 1150 1369 1215 (58)
1402 1152 1580 1222 σάρκα
1604 1169 1616 1182 ·
1647 1153 1745 1205 καὶ

157 1241 319 1294 πολλὰ
345 1240 420 1303 ὡς
446 1239 738 1311 ἄνθρωπος
753 1238 986 1311 ἀσθενὴς
1016 1239 1410 1312 φθεγξάμενος,
1435 1244 1522 1297 ἵνα
1549 1260 1745 1315 στρατ-

158 1335 396 1404 ηγήματι
447 1332 546 1403 ἕλῃ
598 1332 689 1387 τὸν
750 1332 1083 1404 πανοῦργον,
1134 1336 1375 1407 τρόπαιά
1429 1354 1487 1390 τε
1542 1338 1746 1408 στήσας

158 1426 399 1495 λαμπρὰ,
440 1424 612 1495 ἀνέϐη
641 1427 722 1489 είς
754 1426 882 1489 τοὺς
910 1426 1200 1497 οὐρανοὺς,
1231 1428 1331 1498 τὴν
1358 1428 1617 1500 ἀπαρχὴν
1646 1429 1746 1500 τῆς

162 1520 434 1591 ἡμετέρας
468 1520 685 1588 φύσεως
725 1519 1125 1589 ἠμφιεσμένος.
1156 1520 1219 1571 Εἰ
1247 1520 1303 1573 δὲ
1338 1519 1624 1591 ἄνθρωπος
1654 1516 1743 1591 ἦν,

158 1614 228 1676 ῶς
258 1631 408 1680 φασι,
438 1612 613 1677 ψιλὸς,
640 1610 765 1682 θείᾳ
788 1612 973 1682 χάριτι
1002 1611 1325 1682 κοσμηθεὶς,
1354 1612 1421 1664 δι’
1466 1614 1533 1683 ἣν
1560 1614 1745 1667 αἰτίαν

160 1707 380 1768 πολλοὺς
430 1704 715 1767 ἀνελόντες
764 1704 967 1774 ἄνδρας
1007 1703 1197 1772 ἁγίους
1263 1704 1527 1768 Ἰουδαῖοι,
1586 1704 1745 1758 οὐδὲν

158 1797 393 1850 τοιοῦτον
440 1796 777 1849 πεπόνθασιν
797 1811 812 1825 ⁶
845 1796 939 1850 ἐπὶ
972 1796 1030 1848 δὲ
1068 1795 1243 1866 τούτῳ
1291 1798 1437 1849 πᾶσα
1470 1796 1746 1866 νενίκηται

1843 595 2166 662 producam.
2214 594 2371 659 Quod
2420 592 2466 649 si
2500 602 2553 646 te
2594 592 2783 661 passio
2822 590 3071 661 (Christi)
3117 582 3411 660 perturbat,

1844 701 1966 755 quae
2013 695 2207 743 contra
2240 685 2409 741 Deum
2440 686 2660 755 quidem
2696 699 2791 754 per
2823 700 3091 739 summam
3142 684 3425 739 audaciam

1842 778 2104 832 adornata
2143 777 2265 843 fuit,
2300 780 2394 833 sed
2425 791 2647 831 carnem
2682 775 2861 845 attigit
2894 817 2909 842 ,
2938 778 3062 831 audi
3092 777 3424 848 coryphenm

1844 884 1906 923 ac
1934 869 2235 939 principem
2268 869 2661 939 apostolorum,
2688 869 2955 925 dicentem
2985 888 2999 926 :
3036 888 3055 921 ι
3084 869 3219 925 Cum
3261 872 3429 941 igitur

1846 962 2100 1016 Christus
2130 978 2323 1031 passus
2352 962 2423 1017 sit
2452 977 2620 1016 carne
2639 961 2707 1016 ".
2744 980 2764 1013 ι
2800 963 2857 1017 Si
2883 978 3014 1034 ergo
3044 964 3110 1029 is,
3132 966 3219 1019 cui
3244 965 3427 1019 claves

1844 1053 2108 1109 caelorum
2158 1054 2370 1110 tradita:
2402 1065 2549 1121 sunt,
2587 1069 2809 1110 carnem
2844 1056 3118 1125 propriam
3154 1071 3275 1112 esse
3303 1071 3430 1127 pro-

1846 1146 2142 1210 nuntiavit,
2192 1160 2315 1216 qua:
2346 1146 2632 1217 passiones
2675 1147 2922 1204 videlicet
2971 1151 3213 1219 recipere
3252 1152 3431 1219 potuit

1845 1238 2051 1309 (divina
2108 1240 2255 1293 enim
2302 1249 2495 1294 natura
2552 1241 2863 1311 passionum
2922 1252 3120 1311 espers
3171 1244 3314 1315 est)?
3370 1243 3427 1297 Si

1848 1329 1975 1383 item
2015 1329 2210 1395 Judaei,
2253 1340 2312 1385 ut
2352 1332 2444 1401 qui
2502 1332 2774 1387 haeredem
2825 1333 3150 1398 occiderint,
3188 1350 3284 1390 eas
3312 1350 3431 1404 per-

1844 1422 1988 1491 pessi
2058 1433 2187 1478 sunt
2243 1423 2624 1491 calamitates,
2676 1440 2798 1495 quae
2841 1441 3056 1481 onmem
3109 1430 3430 1499 tragmdiam

1848 1516 2004 1586 longe
2053 1526 2319 1585 superant
2352 1548 2367 1583 ,
2407 1517 2539 1571 nihil
2574 1526 2657 1572 est
2696 1519 2839 1587 quod
2879 1521 3164 1587 perturbet
3213 1530 3263 1575 te
3308 1536 3428 1589 pas-

1846 1608 1958 1673 sio;
2002 1610 2096 1664 sed
2140 1611 2323 1678 potius
2354 1625 2416 1665 ea
2470 1625 2556 1665 res
2592 1612 2753 1667 debet
2795 1620 2850 1667 te
2896 1613 2963 1667 ad
3011 1623 3161 1668 tanto
3193 1614 3433 1683 majores

1848 1701 2085 1769 agendas
2131 1703 2339 1771 gratias
2401 1705 2646 1759 excitare
2694 1720 2759 1761 ac
2808 1706 2957 1760 velut
2999 1722 3160 1761 manu
3206 1708 3427 1764 ducere.

1849 1791 1986 1859 Quia
2017 1794 2229 1851 scilicet
2253 1812 2347 1850 rex
2382 1798 2652 1866 passionis
2677 1814 2895 1869 expers,
2924 1800 3014 1869 qui
3039 1803 3290 1856 umbram
3317 1818 3435 1855 mu-

3448 626 3458 655 ι

158 1889 433 1960 τραγῳδία
458 1887 923 1960 παραϐαλλομένη
953 1890 1063 1952 τοῖς
1085 1888 1294 1942 τούτων
1325 1888 1587 1955 πάθεσινς
1610 1889 1746 1943 ἀλλά

1862 1887 2072 1941 Lationis
2107 1902 2214 1941 non
2265 1888 2483 1958 recipit,
2518 1892 2796 1959 propriam
2843 1893 3064 1947 tradidit
3099 1908 3342 1957 carnem,
3379 1904 3438 1949 et

156 1983 305 2054 δῆλον
334 1982 417 2035 ὅτι
441 1977 699 2052 μὲνῆσαν
725 1981 835 2052 (39)
858 1980 1027 2051 ἆγιοι,
1053 1984 1081 2034 6
1112 1982 1169 2035 δὲ
1195 1981 1490 2053 μονογενὴς
1509 1982 1636 2047 Υἱὸς
1658 1983 1746 2035 ὲν-

160 2074 519 2145 ανθρωττῆσαι
566 2073 935 2141 καταξιώσας.
966 2074 1041 2127 Τὸ
1077 2075 1187 2146 γὰρ
1220 2075 1295 2145 μὴ
1324 2075 1432 2128 ἀπὸ
1456 2076 1554 2144 τῆς
1577 2075 1748 2145 αὐτῆς

158 2168 308 2233 ἀξίας
349 2168 510 2238 ἥκειν
542 2168 636 2221 ἐπὶ
677 2167 747 2220 τὰ
778 2167 949 2237 πάθη,
997 2166 1136 2221 ἀλλὰ
1165 2169 1292 2231 τοὺς
1322 2168 1423 2238 μὲν
1453 2162 1595 2222 εἶναι
1626 2167 1749 2220 δού-

160 2262 300 2323 λους,
326 2261 421 2313 τὸν
446 2260 504 2313 δὲ
524 2259 825 2329 Δεσπότην,
851 2260 1239 2329 ἁσύγγνωστον
1264 2260 1452 2313 ἔτεκεν
1479 2259 1750 2323 Ἰουδαίοις

157 2353 248 2423 τὴν
281 2352 465 2422 δίκην.
491 2368 511 2403 ι
539 2343 710 2414 Οὗτος
742 2352 873 2423 γὰρ,
902 2353 1089 2421 φησὶν,
1116 2352 1307 2404 ἐστὶνὸ
1334 2353 1673 2423 κληρονόμος
1697 2369 1743 2405 ⁸)

159 2446 207 2497 οἱ
238 2442 625 2514 ἀμπελουργοὶ
672 2442 765 2495 τὸν
816 2442 1157 2514 κληρονόμον
1199 2444 1520 2497 ἀποκτεῖναι
1554 2443 1749 2517 ὦρμηο

161 2555 273 2600 σαν,
293 2539 359 2590 οὗ
382 2536 473 2589 τὸν
506 2535 818 2597 σύνδουλόν,
846 2534 938 2587 τὸν
963 2535 1079 2588 υἱὸν
1107 2534 1202 2588 τοῦ
1246 2536 1626 2590 οἰκοδεσπότου
1656 2538 1750 2591 τὸν

158 2630 401 2699 γνήσιον,
454 2629 556 2698 οὐχ
599 2627 697 2681 ἕνα
741 2626 802 2692 ὲξ
849 2627 1033 2681 αὐτῶν
1078 2629 1159 2691 εἰς
1212 2627 1486 2693 υἱοθεσίας
1531 2629 1751 2700 ἀξίωμα

157 2722 619 2791 ἀνακομισθέντα.
668 2722 799 2785 Πῶς
850 2722 959 2794 γὰρ
1009 2722 1152 2792 μετά
1193 2723 1321 2786 τοὺς
1364 2724 1585 2787 δούλους
1624 2724 1752 2788 Υἱὸς

158 2815 463 2886 ἀπεστάλη,
489 2815 550 2870 ὃν
571 2816 665 2868 καὶ
686 2816 1024 2886 ὲντραπῆναι
1046 2816 1249 2887 ὲχρῆνς
1278 2817 1403 2881 Πῶς
1426 2817 1483 2871 δὲ
1502 2816 1752 2889 δεύτερος

158 2906 445 2973 ἄνθρωπος
496 2906 555 2973 ἐξ
581 2906 812 2976 οὐρανοῦ
852 2907 1107 2977 εἴρηται;
1152 2908 1268 2971 πῶς
1299 2908 1356 2961 δὲ
1386 2908 1518 2973 Θεὸς
1555 2908 1753 2980 ἐπεδή-

157 3018 356 3071 μησεν,
390 3000 424 3070 ἢ
471 2999 748 3071 ἀνθρώπῳ
792 2998 1165 3070 συνέπραξεν;
1214 3001 1330 3065 πῶς
1360 3002 1417 3054 δὲ
1449 3002 1753 3055 ἐταπείνω-

158 3108 249 3143 σεν
280 3090 513 3153 ἑαυτὸν,
558 3090 650 3142 ἶσα
701 3088 820 3159 Θεῷ
869 3089 1165 3161 ὑπάρχων;
1210 3091 1328 3154 πῶς
1356 3091 1413 3144 δὲ
1446 3094 1474 3143 6
1503 3091 1637 3155 Θεὸς
1666 3091 1755 3143 τὸν

1852 1979 2021 2033 multa
2064 1990 2123 2034 ut
2165 1983 2328 2035 homo
2358 1982 2649 2037 imbecillis
2687 1984 2931 2051 protulit,
2964 1995 3023 2039 ut
3062 1986 3273 2040 vairum
3307 1986 3437 2053 (ho-

1850 2073 2013 2143 stem)
2038 2082 2430 2143 stratagemate
2462 2075 2695 2145 quodam
2738 2078 2818 2131 sic
2847 2086 3086 2145 caperet,
3125 2087 3439 2145 tropmaqne

1852 2167 2049 2221 statuit
2094 2166 2379 2236 splendida
2434 2183 2550 2221 :ac
2604 2168 2801 2222 deinde
2849 2168 2904 2221 in
2955 2168 3124 2223 crelos
3166 2171 3435 2230 ascendit.

1853 2257 2114 2327 primitiis
2154 2268 2354 2314 nostra:
2405 2270 2613 2314 natura:
2657 2261 2895 2315 indutus.
2930 2260 3082 2328 Quod
3132 2262 3200 2327 si,
3242 2271 3301 2315 ut
3335 2263 3434 2331 ipsi

1854 2350 2006 2404 aiunt
2041 2351 2299 2423 (Ariani),
2335 2354 2511 2408 mulus
2550 2352 2652 2407 fuit
2701 2353 2883 2418 homo,
2917 2355 3099 2409 divina
3132 2356 3306 2425 gratia
3345 2356 3439 2409 de-

1852 2451 2095 2512 coratus,
2128 2459 2300 2513 quare
2328 2444 2523 2505 Judmi.
2561 2461 2686 2501 cum
2716 2446 2843 2501 olim
2891 2447 3092 2503 multos
3119 2448 3269 2505 viros
3314 2464 3441 2504 san-

1852 2544 1972 2590 etos
2030 2536 2373 2599 sustulerint,
2436 2538 2570 2592 nihil
2636 2548 2817 2593 tamen
2876 2540 3143 2610 ejusmodi
3200 2556 3439 2610 unquam

1853 2636 1983 2680 sunt
2006 2628 2077 2681 ob
2112 2628 2163 2682 id
2197 2630 2473 2698 perpessi;
2504 2637 2727 2699 propter
2758 2631 2899 2683 hunc
2930 2640 3111 2685 autem
3138 2630 3440 2704 (Christum

1854 2722 2123 2791 occisum)
2147 2738 2208 2777 ea
2232 2723 2632 2795 sustinuerunt,
2663 2740 2892 2794 quorum
2923 2726 3203 2795 atrocitas,
3237 2726 3282 2781 si
3316 2738 3442 2782 cum

1856 2815 2048 2883 quavis
2101 2816 2365 2887 tragtedia
2428 2826 2811 2886 comparetur,
2868 2816 3188 2887 longissimo
3253 2832 3443 2873 omnes

1858 2908 2144 2963 intervallo
2202 2910 2544 2964 antecedit?
2600 2909 2705 2964 Sed
2766 2910 3111 2964 manifestum
3171 2920 3256 2965 est
3325 2910 3447 2965 illos

1858 3002 2074 3070 quidem
2105 3002 2272 3058 fuisse
2296 3003 2444 3057 viros
2478 3013 2730 3061 sanctos:
2764 3004 2909 3058 hunc
2937 3019 3068 3058 vero
3103 3004 3443 3073 unigenitum

1860 3092 2003 3164 (Dei)
2056 3093 2286 3159 Filium,
2340 3096 2431 3164 qui
2481 3094 2646 3150 homo
2684 3094 2799 3149 ﬁeri
2850 3095 3104 3165 dignatus
3152 3106 3256 3149 est.
3310 3093 3446 3149 Nam

158 3180 285 3232 ἰ’ἰὸν
327 3177 599 3249 ἔπεμψεν,
646 3176 958 3248 ὁμοιώματι
1014 3178 1130 3248 (40)
1183 3179 1387 3251 σαρκὸς
1444 3180 1752 3250 ἁμαρτίας;

1862 3185 2004 3253 quod
2034 3201 2137 3239 non
2174 3186 2241 3241 ab
2261 3188 2448 3241 eadem
2475 3185 2687 3257 (omnes
2709 3194 2820 3241 tam
2854 3187 2905 3241 hi
2934 3202 3099 3256 quam
3140 3184 3238 3256 illi)
3270 3187 3448 3258 digni-

162 3272 229 3324 Ἦ
282 3270 406 3334 πῶς
448 3271 549 3323 οὐκ
592 3268 993 3338 ὲξευτελίζεται
1042 3270 1110 3324 τὰ
1152 3270 1398 3342 ἄχραντα
1452 3272 1751 3343 μυστήρια,

160 3363 320 3433 σῶμα
358 3362 454 3416 καὶ
481 3357 618 3433 αἷμα
671 3361 963 3433 ἀνθρώπου
1004 3362 1265 3415 δοκοῦντα
1311 3358 1491 3429 εἶναις
1550 3364 1667 3428 πῶς
1696 3365 1754 3417 δὲ

157 3456 261 3528 ἔφη
288 3474 302 3486 -
367 3476 385 3508 ι
454 3455 623 3526 Σῶμα
675 3456 733 3508 δὲ
788 3456 1104 3527 κατηρτίσω
1163 3472 1285 3526 μοι;
1321 3474 1339 3508 ι
1377 3456 1499 3519 Πῶς
1528 3456 1587 3509 δὲ
1624 3459 1755 3512 ἀνα-

157 3552 380 3619 γκαῖον,
415 3548 562 3618 ἔχειν
606 3565 658 3601 τι
689 3549 783 3601 καὶ
815 3547 1025 3612 τοῦτον,
1055 3547 1083 3599 ὃ
1121 3547 1499 3619 προσενεγκῃ;
1552 3547 1667 3610 πῶς
1698 3548 1755 3600 δὲ

159 3641 243 3693 διὰ
259 3640 359 3693 τοῦ
388 3640 520 3691 ἰδίου
550 3639 786 3709 αἵματος
812 3638 942 3702 τοὺς
968 3636 1351 3708 αἰχμαλώτους
1378 3637 1755 3706 ὲλυτρώσατο;

157 3732 190 3803 ἦ
227 3732 351 3789 πῶς
378 3732 471 3785 τὸν
502 3730 710 3803 Κύριον
757 3731 856 3801 τῆς
906 3729 1068 3799 δόξης
1113 3729 1504 3800 ὲσταύρωσαν;
1555 3728 1673 3791 πῶς
1701 3729 1757 3781 δὲ

158 3828 185 3877 ὁ
214 3826 398 3894 Λόγος
442 3823 586 3895 σὰρξ
630 3824 849 3893 ἐγένετο
868 3839 886 3890 ς
927 3822 1045 3886 πῶς
1074 3822 1130 3875 δὲ
1166 3821 1493 3893 πολυμερῶς
1523 3820 1617 3873 καὶ
1657 3837 1755 3872 πο-

158 3919 455 3990 λυτρόπως
505 3920 534 3971 ὁ
584 3916 774 3990 Πατὴρ
837 3916 1079 3989 λαλήσας
1136 3918 1194 3969 ὲν
1245 3917 1358 3979 τοῖς
1418 3914 1751 3986 προφήταις,

156 4014 393 4085 ὕστερον
443 4011 710 4082 ἐλάλησεν
759 4013 817 4063 ἐν
866 4011 1020 4081 Υἱῷ;
1075 4009 1107 4079 ἢ
1174 4007 1293 4072 πῶς
1348 4007 1750 4079 παραπλησίως

159 4108 289 4170 Υἱὸς
324 4104 569 4177 μετέσχε
591 4102 700 4158 τῶν
728 4102 946 4168 αὐτῶν;
989 4102 1131 4155 Ἀλλ’
1159 4103 1245 4155 ίνα
1279 4100 1355 4172 μὴ
1385 4100 1564 4155 πάντα
1588 4116 1757 4154 κατα-

158 4202 417 4271 λέγοντες
448 4197 606 4269 ὄχλον
640 4196 809 4249 πολὺν
845 4198 908 4268 τῇ
946 4199 1013 4268 σῇ
1040 4197 1180 4265 ἀκοῇ
1216 4194 1755 4266 παρασκευάσωμεν,

160 4294 386 4349 ᾶπαντα
414 4290 595 4345 τοίνυν
623 4286 734 4359 (Η)
763 4288 905 4355 λέξω
923 4306 936 4318 ⁸
968 4290 1031 4343 τὸ
1059 4289 1191 4343 Θεὸν
1225 4287 1338 4359 (42)
1370 4287 1499 4341 ὅντα
1522 4287 1759 4343 ταπεινὰ

231 4456 278 4491 ³⁷
310 4453 329 4508 ι
365 4454 509 4509 Petr.
550 4469 626 4517 tv,
653 4453 707 4507 1.
784 4451 832 4485 ’⁸
864 4450 1051 4504 Matth.
1082 4466 1198 4515 nt,
1231 4448 1323 4504 '58.

1864 3283 1976 3328 tate
2025 3275 2090 3328 ad
2124 3277 2408 3344 passiones
2441 3291 2504 3331 ac
2550 3277 2815 3347 supplicia
2882 3292 2979 3331 sua
3016 3277 3445 3332 descenderint:

1865 3366 1960 3419 sed
2012 3366 2085 3420 illi
2134 3368 2352 3436 quidem
2394 3367 2537 3423 servi
2582 3368 2808 3434 fuerint,
2854 3367 2943 3423 hic
2975 3383 3104 3422 vero
3144 3368 3447 3423 Dominus:

1866 3457 1969 3510 hoc
2016 3456 2146 3511 illud
2193 3467 2298 3522 est,
2344 3457 2487 3527 quod
2540 3458 2721 3513 omnis
2764 3458 2934 3512 venia)
2968 3466 3220 3526 expertes
3262 3470 3451 3526 paruas

1862 3548 2063 3603 .ludeeis
2100 3552 2330 3620 peperit.
2366 3568 2385 3601 ι
2421 3549 2521 3605 llic
2564 3551 2742 3614 enim,
2775 3551 2983 3619 inquit,
3016 3558 3100 3603 est
3131 3549 3304 3603 meres
3320 3548 3389 3606 ".
3426 3567 3446 3601 ο

1866 3640 2172 3709 lizeredem,
2204 3641 2371 3713 509
2416 3641 2663 3710 inquam,
2706 3657 2812 3696 non
2864 3656 3185 3697 conservum
3240 3642 3453 3697 invase-

1865 3742 1991 3787 runt
2030 3732 2294 3788 vinitores
2329 3742 2384 3789 et
2411 3734 2477 3788 ad
2508 3737 2707 3790 caadcm
2738 3747 3078 3804 rapuerunt:
3106 3734 3299 3789 Filiqu
3347 3735 3453 3789 Pa-

1865 3826 2205 3881 trisfamilias
2250 3842 2593 3910 germanum,
2627 3844 2730 3882 non
2769 3845 2935 3883 unum
2978 3842 3045 3883 ex
3088 3844 3188 3883 suo
3222 3844 3453 3884 numero

1871 3918 1925 3972 in
1984 3918 2297 3987 adoptionis
2342 3916 2664 3987 dignitatem
2709 3920 2941 3973 ascitum
2998 3934 3063 3973 ac
3109 3918 3450 3973 subvectum.

1865 4011 2145 4077 Quomodo
2178 4010 2324 4063 enim
2358 4018 2481 4078 post
2507 4023 2696 4063 servos
2728 4010 2927 4064 missus
2958 4018 3043 4063 est
3072 4006 3261 4073 Filius,
3290 4024 3450 4078 quem

1864 4110 1919 4156 et
1950 4100 2190 4156 revereri
2220 4099 2549 4169 oportebat?
2584 4099 2865 4167 Quomodo
2893 4098 3164 4153 secundus
3193 4098 3353 4153 homo
3376 4114 3448 4154 ex

1865 4194 2004 4249 crelo
2046 4193 2218 4246 dictus
2241 4191 2358 4245 est?
2393 4190 2681 4256 Quomodo
2712 4190 2836 4243 item
2870 4190 3008 4243 Deus
3042 4190 3097 4243 in
3141 4189 3302 4244 terris
3327 4204 3451 4243 ver-

1865 4296 2017 4341 satus
2071 4294 2180 4349 est,
2229 4290 2323 4337 aut
2375 4295 2500 4337 cum
2552 4282 2771 4335 homine
2817 4281 3114 4352 operatus?
3173 4280 3452 4348 Quomodo

1282 4568 1527 4624 VARIAS
1562 4566 1952 4623 LECTIONES
1994 4565 2081 4619 ET
2124 4562 2355 4619 NOTAE.

232 4729 356 4802 (56)
391 4729 497 4785 Pro
531 4729 949 4793 ἀποκτείναντες
979 4729 1099 4782 cod.
1140 4727 1258 4783 Vat.
1310 4726 1439 4796 lcgit
1470 4723 1767 4778 ἀπεκτονό-

1876 4731 1957 4775 set
2000 4721 2332 4802 accendere,
2378 4720 2753 4802 neuornniurn
2788 4719 3122 4802 captivorum
3180 4720 3458 4802 amitteret

170 4812 284 4865 τες.
325 4812 537 4855 Possm.

1870 4792 2214 4852 servitutem.
2254 4796 2379 4844 dum
2415 4791 2543 4844 nihil
2581 4794 2682 4843 sibi
2723 4791 2971 4845 debentis
3020 4791 3363 4859 persequitur
3393 4789 3459 4843 Ii-

235 4860 363 4943 (57)
410 4871 475 4924 '0
526 4870 712 4925 σκιὰν
744 4868 1138 4943 γτροπῆςημῂ
1181 4867 1633 4943 ἐπγᾷεχόμενος-,Δ
1676 4864 1767 4943 γε,

1869 4865 2236 4943 hertz-tem...
2278 4870 2384 4943 etc.
2420 4862 2585 4943 .ldern
2642 4878 2807 4943 scrin.
2850 4861 2893 4943 .4
2937 4860 3015 4942 pe
3069 4861 3457 4943 Quadratus;

165 4934 500 4999 deiur'ante
522 4944 710 4996 oculos
743 4934 1000 4995 habuisse
1030 4934 1220 4993 Isidor.
1265 4934 1359 4991 illa
1405 4937 1634 5004 apostoli
1678 4934 1771 4989 Ja-

163 5016 289 5099 cobi
312 5084 329 5099 ο
368 5029 407 5078 t,
435 5013 518 5099 .17
557 5032 571 5068 :
654 5012 801 5099 ‘Art‘o‘
830 5010 924 5099 τοᾷ
970 5007 1185 5099 Πμτρὺς
1229 5008 1338 5090 τῶν
1386 5006 1602 5099 φώτων.
1635 5009 1766 5075 παρ’

156 5080 206 5153 ᾧ
268 5076 401 5138 οὐκ
435 5082 550 5136 ἔστι
598 5082 923 5154 παραλλαγὴ
951 5121 966 5147 ,
1008 5080 1042 5151 ἢ
1098 5076 1312 5152 τροπῆς
1383 5076 1761 5147 ἀποσκίασμα.

166 5160 345 5211 Βιττ.

237 5225 361 5297 ('58)
396 5220 1160 5297 Τὴνίοίκείαν-ἐκδέδωκε.
1209 5219 1363 5274 Fort.
1423 5218 1760 5282 ἐκδεδωκώς.

165 5294 381 5353 Eadem
424 5306 478 5347 et
506 5296 736 5349 aliorum
794 5294 1048 5348 Ecclesiae
1088 5294 1373 5346 doctorum
1406 5301 1489 5344 est
1544 5299 1763 5343 senten-

166 5369 267 5429 tia,
300 5375 366 5418 ut
428 5364 626 5419 Leonis
655 5363 727 5418 Μ.
757 5378 881 5419 cum
909 5363 1031 5417 aliis
1064 5362 1218 5426 locis,
1254 5371 1364 5415 tum
1395 5375 1560 5414 serm.
1592 5360 1651 5412 ll
1690 5359 1764 5412 De

165 5436 439 5491 Pasricne
483 5434 742 5488 Domini:
779 5454 798 5487 ι
835 5432 908 5489 Ut
959 5434 1250 5487 humanum
1304 5445 1474 5500 genus
1526 5430 1761 5484 vinculis

164 5505 475 5563 mortifera:
525 5504 991 5574 praavaricationis
1044 5503 1477 5574 absolverettet
1512 5501 1764 5574 saevienti

162 5577 393 5633 diabolo
422 5570 723 5646 potentiam
784 5590 897 5646 suae
926 5572 1227 5646 maiestatis
1253 5570 1571 5646 occultavit,
1603 5582 1659 5625 et
1692 5571 1767 5624 in-

165 5640 489 5703 ﬁrmitatem
525 5657 725 5701 nostra:
757 5640 1083 5701 humilitatis
1110 5642 1331 5711 obiecit.
1374 5640 1431 5695 Si
1462 5644 1606 5697 enim
1641 5658 1766 5697 cru-

163 5721 311 5776 delis
344 5726 399 5772 et
426 5720 692 5787 superbus
741 5718 995 5787 inimicus
1040 5714 1328 5787 consilium
1378 5713 1765 5768 misericordiae

166 5790 267 5845 Dei
315 5802 477 5842 nosse
497 5785 793 5857 potuisset,
826 5785 1163 5857 Judaaorum‘
1185 5785 1764 5857 animos__mansn_et_u-

164 5864 301 5916 diue
331 5854 521 5929 potius
547 5868 872 5928 temperare,
904 5874 1065 5928 quam
1093 5854 1311 5923 iniustis
1353 5855 1492 5911 odiis
1522 5854 1761 5909 studuis-

501 5953 773 6016 Ριτιιοι.
815 5952 933 6014 Gn.
983 5950 1322 6015 LXXVIII.

1873 4953 1891 4983 ι
1931 4932 2287 4987 Prudentium
2322 4932 2525 4986 diaboli
2567 4932 2787 4986 stultam
2848 4932 2975 4986 iecit
3019 4932 3288 5001 sapientia
3338 4931 3458 4994 Dei.

1866 5013 1924 5056 ut
1952 5006 2215 5071 superbus
2247 5003 2418 5057 hostis
2453 5004 2725 5057 hominem
2757 5003 2974 5066 videns,
3014 5018 3175 5072 quem
3210 5002 3460 5070 aliquan-

1866 5076 1935 5127 do
1961 5081 2334 5142 superaverat,
2368 5090 2472 5127 non
2511 5083 2777 5128 metueret
2804 5089 2927 5127 eum
2982 5072 3252 5142 persequi,
3295 5086 3457 5141 quem

1870 5159 1970 5212 pro
2013 5141 2265 5198 omnibus
2317 5145 2604 5213 oportebat
2671 5143 2866 5197 occidi.
2932 5163 2950 5193 ι
3018 5141 3149 5197 Vide
3206 5142 3457 5197 eumdem

1870 5230 2036 5268 Serm.
2072 5214 2095 5266 ί
2130 5226 2183 5265 et
2212 5216 2247 5267 2
2278 5214 2350 5267 De
2394 5213 2617 5267 Nativit.
2658 5214 2889 5266 Domini.
2924 5213 3092 5267 Rm.

1945 5284 2059 5356 (59)
2099 5285 2230 5337 ’Ὅτι
2259 5284 2378 5353 μὲν
2420 5281 2603 5355 ἦσαν.
2643 5284 2700 5337 F.
2756 5284 2857 5353 leg.
2889 5286 2973 5338 ὅτι
3014 5284 3065 5336 οἱ
3102 5282 3223 5353 μέν,
3254 5282 3337 5338 vel
3377 5282 3459 5334 ὅτι

1869 5355 2067 5407 ἐκεῖνοι
2110 5356 2228 5407 μέν.
2258 5355 2334 5407 In.

1901 5372 2067 5409 κεινοί
2110 5372 2228 5409 μεν.
2258 5372 2334 5408 ID.

1945 5373 2067 5495 223)):
2088 5373 2421 5494 'ﬁiéﬁger,
2457 5425 2795 5495 ὁμοιώματι.
2823 5424 3281 5495 lnterponendum
3312 5424 3461 5478 vide-

1873 5508 1959 5552 tur
1997 5499 2074 5551 év.
2120 5497 2193 5549 lo.

1942 5567 2057 5637 (41)
2087 5566 2192 5621 Pro
2220 5567 2441 5622 ἅπαντα
2467 5566 2648 5621 τοίνυν
2678 5576 2826 5621 recte
2850 5566 2975 5637 cod.
3003 5565 3127 5619 Vat.
3164 5564 3376 5637 scribit,
3403 5563 3462 5637 ἓν

1870 5634 1998 5702 εἱςήὸ
2031 5634 2210 5691 πάντα
2236 5639 2425 5691 τείνει.
2464 5638 2620 5693 Vers.
2652 5648 2770 5706 post
2797 5638 2853 5699 ‘2,
2890 5635 3047 5701 ἀξίαν
3075 5645 3245 5689 nmlat
3272 5635 3337 5706 Ain
3372 5634 3464 5687 οὐ·

1872 5711 2034 5780 σίανζ
2057 5720 2111 5763 et
2136 5724 2281 5780 vers.
2324 5718 2573 5780 antepen.
2606 5704 2689 5779 cp.
2729 5710 2867 5763 inter
2893 5707 3084 5779 ὥσπερ
3118 5718 3173 5762 et
3196 5704 3294 5760 καὶ
3327 5705 3465 5760 inse.

1873 5784 1943 5837 rit
1975 5776 2089 5834 οὖν.
2135 5778 2347 5834 Possm.

1942 5852 2057 5923 (ίὲ)
2085 5851 2155 5905 Τὸ
2190 5851 2357 5906 Θεόν.
2388 5850 2610 5908 Videtur
2636 5852 2687 5908 in
2716 5849 2895 5908 medio
2929 5850 3115 5905 deesse
3140 5847 3259 5920 μέν,
3287 5846 3453 5902 lllrr.

3023 5940 3096 6003 40
