3906 6416
462 365 618 449 1259'
1592 378 1595 381 ·
1662 378 1723 438 s.
1763 378 2058 438 ISIDORI
2096 374 2535 438 PELUSIOTIE
3594 374 3719 439 101111

452 493 697 566 'seipsum
746 491 1085 557 humiliavit,
1147 506 1267 545 cum
1321 500 1468 547 esset
1527 491 1752 562 :equalis
1815 492 2040 547 Deo”?

2180 491 2505 562 ιθέγξασθαι,
2548 490 2643 544 καὶ
2674 491 3015 560 οἰκονομικόν
3048 492 3161 545 ἐστι
3211 490 3306 544 καὶ
3333 490 3611 561 χρειῶδες,
3634 494 3717 545 καὶ

462 568 927 657 0110111011οΒ0118
958 584 1155 639 Filium
1188 600 1343 640 suum
1389 584 1560 651 misit,
1606 585 1658 639 in
1692 584 2047 640 similitudine

2184 585 2305 638 ὑδὲν
2347 584 2447 655 τὴν
2485 584 2757 655 ἄχραντον
2801 583 2959 648 ἀξίαν
3005 583 3429 637 καταϐλάπτον·
3463 582 3528 635 τὸ
3553 584 3597 636 δ’
3634 584 3718 638 ἇν-

441 662 651 735 ’0011118
679 677 885 748 peccati
914 678 971 731 ‘?
1010 687 1103 731 aut
1146 680 1418 746 quomodo
1447 693 1553 733 non
1589 677 1890 732 redduntur
1922 677 2049 732 vilia

2180 691 2372 746 ιρωπον
2409 674 2537 728 ὄντα
2586 674 2706 729 θεῖά
2749 691 2872 727 τινα
2922 674 3016 727 καὶ
3051 676 3305 745 ὑπερφυῆ
3348 675 3599 745 φράζειν,
3630 676 3722 745 τῆς

466 768 754 839 impolluta
806 766 1088 838 mysteria,
1127 767 1173 822 si
1220 767 1455 821 hominis
1497 776 1705 821 tantum
1754 782 1952 837 corpus
1997 775 2053 823 et

2180 766 2415 820 ινωτάτω
2460 766 2721 837 τυγχάνει
2754 766 2981 837 τόλμης.
3028 766 3250 819 Βασιλεῖ
3283 766 3383 836 μὲν
3425 766 3536 836 γὰρ
3562 766 3721 831 ἔξεστι

467 861 692 930 sanguis
752 874 876 916 esse
920 861 1249 917 videantur?
1298 860 1580 926 Quomodo
1628 870 1807 914 autem
1864 860 2046 914 dixit:

2180 857 2530 928 ιετριολογεῖν
2590 857 2689 910 καὶ
2740 850 3184 929 μετριοφρονεῖν’
3236 857 3548 929 στρατιώτῃ
3592 856 3646 910 δὲ
3691 858 3721 927 ἢ

473 970 492 1003 1
527 950 738 1021 Corpus
762 961 943 1006 autem
980 950 1254 1021 perfecisti
1278 950 1408 1005 mihi
1433 950 1496 1004 ’?
1524 969 1543 1001 1
1575 948 1856 1017 Quomodo
1883 964 2045 1019 opor-

2180 948 2450 1019 πρατηγῷ
2495 948 2786 1018 βασιλικὰς
2835 949 3051 1017 ἀφιέναι
3100 950 3309 1019 φωνάς,
3353 949 3417 1002 οὐ
3451 949 3626 1019 θέμις.
3667 950 3725 1002 Εἰ

466 1043 572 1096 11111
598 1041 742 1096 1111110
769 1043 934 1096 0110111
960 1042 1170 1111 aliquid
1201 1042 1402 1097 habere
1424 1042 1567 1111 quod
1601 1039 1867 1095 offerret?
1899 1040 2044 1107 Quu-

2180 1038 2255 1091 ιὲν
2300 1035 2396 1093 οὖν
2419 1040 2553 1104 Θεὸς
2578 1036 2668 1112 ἦν,
2694 1040 2884 1112 ὥσπερ
2919 1041 3015 1094 καὶ
3041 1038 3133 1112 ἦν,
3166 1041 3615 1114 ἐνανθρωπήσας,
3643 1042 3726 1093 καὶ

469 1134 630 1189 1110110
661 1149 759 1204 ι101
787 1135 1065 1204 proprium
1105 1134 1429 1205 sanguinem
1457 1134 1704 1203 captivos
1743 1132 1972 1188 redemit
1994 1134 2048 1186 8?

2182 1130 2217 1184 ἀ
2242 1132 2474 1186 ταπεινά
2499 1131 2685 1204 χώραν
2714 1133 2859 1203 ἔχει·
2892 1134 2943 1186 εί
2971 1134 3015 1186 δ’
3044 1133 3333 1205 ἄνθρωπος
3353 1130 3446 1205 ἦν,
3476 1134 3549 1187 τὰ
3566 1132 3726 1203 ὑψηλὰ

466 1224 747 1292 Quomodo
770 1225 1057 1281 Dominum
1081 1227 1269 1295 gloriae
1290 1225 1683 1280 crueiiixerunt
1697 1225 1719 1255 ⁸
1733 1224 1755 1277 ?
1771 1223 2052 1291 Quomodo

2180 1220 2340 1293 ίὼραν
2371 1223 2473 1276 οὐκ
2504 1223 2641 1294 ἔχει.

464 1315 706 1372 Verbum
756 1332 886 1373 caro
920 1318 1121 1372 factum
1168 1317 1337 1372 est“?
1380 1317 1663 1383 Quomodo
1711 1314 1897 1380 Pater,
1977 1328 2102 1369 cum
2140 1314 2267 1369 olim
2315 1314 2669 1371 multifariam
2760 1317 3051 1388 multisque
3108 1319 3283 1373 modis
3333 1318 3554 1374 locutus
3600 1330 3729 1374 esset

466 1429 566 1484 per
608 1415 926 1486 prophetas,
968 1426 1244 1483 postremo
1274 1414 1489 1470 locutus
1527 1422 1611 1468 est
1680 1428 1776 1484 per
1816 1410 2092 1467 Filium'?
2130 1418 2223 1463 aut
2266 1413 2541 1481 quomodo
2586 1414 2839 1467 similiter
2906 1414 3222 1470 eorumdem
3266 1415 3543 1485 particeps
3574 1414 3731 1468 factus

466 1519 554 1567 est
595 1511 816 1567 Filius?
864 1511 970 1567 Sed
992 1526 1091 1576 ne,
1161 1512 1290 1566 dum
1354 1508 1898 1580 omniasingulatim
1971 1519 2341 1571 recensemus,
2420 1507 2642 1563 auribus
2688 1509 2794 1563 tuis
2847 1510 3150 1566 molestiam
3196 1510 3417 1564 nimiam
3471 1524 3729 1565 creemus.

474 1604 733 1659 universe
761 1619 826 1658 ac
861 1604 1027 1658 semel
1060 1603 1242 1658 omnia
1284 1603 1462 1657 dicam
1495 1621 1509 1658 :
1537 1602 1672 1657 Eum
1709 1602 1927 1671 quidem
1964 1597 2058 1668 qui
2097 1598 2168 1652 sit
2231 1598 2397 1666 Deus,
2428 1600 2654 1655 humilia
2679 1601 2917 1656 locutum
2945 1608 3088 1669 esse,
3151 1614 3209 1658 et
3232 1603 3652 1673 dispensationis
3679 1618 3733 1657 ac

470 1696 853 1753 submissionis
886 1694 990 1750 fuit
1019 1708 1179 1765 opus,
1214 1706 1274 1752 et
1321 1696 1473 1764 utile,
1509 1705 1565 1751 et
1630 1694 1947 1750 nullatenus
2019 1691 2360 1761 impollutam
2441 1694 2561 1764 ejus
2630 1696 2951 1764 dignitatem
2993 1696 3196 1753 laedens
3244 1707 3339 1751 aut
3382 1697 3729 1760 imminuens;

468 1807 592 1847 eum
631 1806 761 1847 vero
788 1792 882 1863 qui
920 1792 991 1846 sit
1017 1792 1241 1865 (nudus)
1273 1793 1457 1859 homo,
1487 1793 1670 1848 divina
1751 1792 1995 1861 quadam
2026 1799 2082 1844 et
2158 1801 2371 1847 natura:
2419 1793 2673 1849 humanae
2715 1795 2977 1851 terminos
3014 1796 3331 1851 excedentia
3374 1793 3610 1862 jactare,
3651 1810 3731 1847 ex-

472 1892 658 1938 tremae
699 1892 783 1938 est
825 1882 1087 1937 audaciae.
1122 1879 1257 1936 Nam
1292 1882 1405 1952 regi
1451 1882 1666 1951 quidem
1698 1882 1833 1937 licet
1872 1880 2157 1937 moderate
2189 1882 2336 1952 loqui
2378 1891 2437 1939 et
2517 1885 2797 1940 moderate
2868 1887 3077 1942 sentire
3136 1887 3404 1958 (seposita
3476 1888 3732 1957 paulisper

471 1976 619 2045 regia
660 1992 757 2031 sua
796 1973 1104 2045 majestate)
1140 1993 1153 2029 :
1187 1974 1352 2030 militi
1380 1983 1562 2029 autem
1595 1974 1683 2029 vel
1714 1973 1882 2029 etiam
1916 1971 2149 2042 principi
2203 1974 2415 2031 1111111110
2495 1978 2649 2033 nefas
2726 1988 2811 2034 est
2860 1979 3066 2048 regales
3155 1979 3411 2034 emittere
3445 1995 3629 2035 voces.
3673 1981 3723 2033 Si

470 2069 639 2139 igitur
683 2068 827 2124 Deus
882 2068 983 2123 fuit
1030 2069 1191 2138 (sicut
1242 2076 1391 2122 certe
1441 2068 1596 2137 fuit),
1654 2068 1815 2121 homo
1865 2067 2057 2129 factus,
2102 2066 2264 2121 etiam
2311 2068 2536 2124 humilia
2580 2070 2634 2125 in
2708 2073 2826 2140 ipso
2864 2071 3039 2126 locum
3090 2072 3329 2140 habent;
3400 2074 3449 2127 si
3475 2087 3605 2129 vero
3630 2074 3732 2142 (nu-

475 2162 598 2231 dus)
632 2164 793 2217 homo
820 2162 921 2216 fuit
950 2162 1033 2232 (ut
1060 2161 1247 2215 Ariani
1288 2161 1421 2216 falso
1448 2161 1781 2232 perhibent),
1810 2160 2063 2216 sublimia
2108 2159 2198 2213 illa
2234 2160 2409 2216 locum
2446 2180 2551 2220 non
2588 2166 2807 2222 habent.

985 2273 1239 2329 CLXVII.
1260 2304 1323 2315 -—-
1347 2273 1527 2330 NILO.

2508 2320 2511 2323 ,
2657 2280 2892 2335 PEZ'.—
2918 2281 3128 2353 ΝΕΙΛῼ
3145 2281 3280 2353 (43).

611 2368 689 2424 De
716 2367 973 2436 sapientia
1004 2367 1237 2421 Danielis
1290 2378 1341 2422 et
1390 2369 1551 2422 trium
1575 2384 1881 2437 puerorum.

2267 2371 2407 2439 Περὶ
2447 2372 2558 2439 τῆς
2587 2375 2811 2443 σοφίας
2842 2375 3067 2444 Δανιὴλ
3101 2374 3202 2428 καὶ
3238 2374 3359 2429 τῶν
3392 2375 3639 2431 παίδων.

545 2483 894 2553 Babylonios,
926 2482 1015 2552 qui
1056 2492 1183 2537 tunc
1230 2485 1495 2553 temporis
1526 2484 1813 2555 supercilia
1847 2481 2063 2543 01111110-¹

2236 2485 2376 2549 Τοὺς
2428 2485 2807 2551 Βαϐυλωνίους
2857 2488 2981 2541 τότε
3032 2488 3445 2559 ὼφρυωμένους
3498 2489 3590 2542 ἐπὶ
3637 2492 3731 2551 τοῖς

471 2586 597 2632 rant
623 2591 787 2644 super
833 2575 1080 2631 victoriis
1114 2585 1169 2629 et
1203 2576 1366 2630 rebus
1396 2576 1536 2631 bello
1582 2577 1816 2631 feliciter
1864 2576 2058 2646 gestis,

2180 2574 2486 2646 πολεμικοῖς
2516 2576 2980 2647 πλεονεκτήμασι,
3009 2578 3105 2630 καὶ
3137 2578 3489 2648 ἐπηρμένους
3512 2579 3601 2632 ἐπὶ
3635 2583 3731 2640 τοῖς

471 2675 528 2723 01
558 2667 777 2736 tropaeis
801 2682 831 2720 a
862 2680 921 2721 se
959 2667 1160 2721 erectis
1206 2667 1610 2735 superbiebant,
1627 2678 1680 2721 et
1712 2668 2061 2736 praedictione

2180 2669 2471 2737 τροπαίοις,
2507 2671 2602 2723 καὶ
2632 2671 3100 2742 ἐναϐρυνομὲνους
3129 2672 3223 2725 ἐπὶ
3255 2673 3581 2744 προρρήσει,
3614 2692 3727 2726 κατ-

471 2773 532 2814 80
576 2751 879 2829 jactabant,
947 2758 1188 2812 divinum
1247 2774 1447 2813 numen
1509 2759 1892 2829 obstupefecit,
1936 2775 2058 2815 cum

2180 2760 2373 2832 ἔπληξε
2422 2762 2485 2815 τὸ
2530 2762 2707 2828 Θεῖον,
2756 2763 2953 2826 παῖδας
2987 2763 3369 2834 αἰχμαλώτους
3416 2765 3477 2817 οὐ
3511 2767 3731 2834 σοφωτέ-

472 2864 673 2919 ι1110108
702 2851 944 2917 captivos
972 2863 1081 2919 non;
1119 2849 1481 2918 sapientiores
1505 2851 1637 2921 ipsis
1685 2851 1740 2905 in
1774 2866 2060 2921 compara-

2180 2871 2295 2921 :oug
2324 2853 2507 2908 αὐτῶν
2537 2855 2678 2909 κατά
2712 2854 3004 2927 σύγκρισιν
3038 2856 3057 2926 (
3084 2856 3307 2909 ἐπὶτῶν
3340 2857 3615 2927 ὁμογενῶν
3637 2858 3731 2927 γὰρ

474 2942 624 2997 tione
653 2939 742 3013 (in
773 2939 881 2994 illis
912 2941 1061 2995 enim
1100 2940 1285 3007 rebus,
1309 2956 1430 3010 quae
1473 2950 1602 2995 sunt
1635 2941 1876 3011 ejusdem
1905 2951 2063 2996 natu-

2180 2944 2199 3014 ἡ
2230 2943 2518 3018 σύγκρισις
2543 2945 2653 3018 (44)
2677 2945 2697 3017 )
2724 2988 2739 3013 ,
2777 2946 2915 3002 ἀλλὰ
2953 2948 3301 3018 σοφωτάτους
3334 2950 3640 3021 άποφῆναν.

474 3046 570 3096 rae,
617 3031 954 3101 comparatio
992 3030 1196 3101 valet),
1256 3032 1350 3086 sed
1401 3031 1836 3100 sapientissimos
1883 3032 2062 3089 decla-

496 3139 641 3177 'avu.

496 3139 507 3153 .
547 3132 592 3174 v~
626 3163 641 3177 ο

480 3138 538 3177 m
582 3132 622 3177 η
774 3214 1403 3273 CLXVlIl.—JOANNI
1450 3215 1772 3273 DIACONO.

2485 3212 2658 3266 PEH'.
2703 3243 2772 3253 —
2806 3214 3073 3285 InANNu
3106 3214 3435 3285 AIAKoNo.

475 3304 543 3361 In
595 3304 728 3359 illud
778 3308 794 3371 (
822 3306 981 3388 Pauli
1038 3307 1303 3428 dictum},
1361 3327 1379 3360 1
1413 3305 1651 3388 .Irritnm
1692 3309 1809 3379 quis
1861 3310 2063 3378 faciens

551 3376 711 3428 leaem
755 3375 979 3428 Mousts.
1037 3395 1149 3428 sine
1194 3380 1249 3428 ul
1276 3396 1309 3428 a
1352 3390 1690 3428 nnseratmne
1748 3379 1953 3428 duobus
1982 3380 2062 3428 uel

2180 3304 2263 3371 ἳὶς
2292 3303 2380 3369 τὸ,
2426 3322 2446 3355 1
2483 3302 2815 3383 ξᾼθετήσας
2862 3321 2955 3370 τις
2999 3304 3191 3371 νόμον
3225 3304 3527 3370 Μωσέως,
3572 3304 3730 3372 χωρὶς

2236 3376 2557 3428 οὶκτιοιιων
2604 3374 2702 3427 ἐπὶ
2744 3373 2932 3428 δυσίν
2960 3376 2999 3428 ’ἢ
3049 3374 3210 3428 τρισί
3266 3374 3567 3428 αάοτυσιι·
3597 3376 3729 3428 ἁπο-

551 3376 711 3445 legem
755 3375 979 3445 Moysis,
1037 3380 1149 3431 sine
1194 3373 1309 3431 ulla
1352 3373 1953 3434 miseratione'duobus
1982 3380 2062 3434 vel

2236 3373 2557 3445 οἰκτιρμῶν
2604 3374 2702 3427 ἐπὶ
2744 3373 2932 3428 δυσίν
2960 3376 2999 3444 ἢ
3049 3374 3210 3444 τρισί
3260 3374 3567 3443 μάρτυσιν
3597 3376 3729 3429 ἁπο-

548 3448 717 3500 m’bus
748 3448 964 3501 testibus
996 3450 1224 3501 moritur
1247 3448 1289 3502 '.
1327 3466 1346 3499 1

2236 3444 2510 3511 θνήσκει.
2556 3463 2575 3494 1

551 3560 686 3613 [)11111
722 3559 809 3613 lex
837 3573 931 3613 eos
963 3559 1054 3628 qui
1086 3561 1293 3630 majora
1326 3554 1693 3632 gravioraque
1713 3577 1873 3632 quam
1902 3562 2064 3634 510

2237 3558 2346 3612 Τοῦ
2394 3558 2559 3628 νόμου
2604 3558 2733 3622 τοὺς
2773 3557 3106 3629 συγγνώμης
3163 3559 3578 3629 ἁμαρτάνοντας
3622 3559 3723 3628 μεί-

480 3653 677 3719 quibus
708 3650 911 3720 ignosci
954 3659 1156 3721 posset,
1196 3653 1533 3708 admiserant
1581 3663 1826 3722 peccata,
1858 3654 2061 3724 absque

2180 3649 2298 3713 ζονα
2318 3648 2706 3719 ἀπαραιτήτως
2721 3647 3063 3714 κολάζοντος,
3090 3649 3126 3720 ή
3149 3648 3311 3721 χάρις
3332 3649 3727 3719 ἐπιφοιτήσασα,

483 3741 804 3796 remissione
827 3742 933 3795 ulla
963 3743 1216 3811 puniret:
1237 3746 1623 3814 superveniens
1646 3747 1819 3815 gratia
1853 3746 1872 3817 (
1888 3747 2061 3802 Evan-

480 3833 603 3901 gelii
623 3833 663 3902 ),
688 3847 810 3903 quae
840 3834 1127 3888 mortalem
1157 3843 1213 3889 et
1235 3836 1743 3905 perturbationibus
1766 3838 2059 3893 obnoxiam

478 3926 650 3980 vitam
681 3940 779 3994 per
801 3925 1132 3995 baptismum
1162 3928 1532 3993 mortiﬁcavit,
1553 3944 1652 4001 per
1684 3932 2054 4002 regeneratio-

484 4034 607 4074 nem
659 4019 838 4075 denuo
876 4018 1127 4075 homines
1160 4020 1317 4090 quasi
1356 4035 1425 4076 ex
1473 4023 1727 4078 machina
1786 4024 1842 4079 in
1899 4024 2062 4080 aliam

484 4113 841 4181 regeneravit'
877 4111 1068 4178 vitam,
1127 4114 1496 4184 praecepitque
1537 4124 1597 4171 ut
1656 4132 1756 4182 per
1805 4117 2063 4188 optimam

483 4202 703 4256 vivendi
730 4202 1001 4259 rationem
1031 4205 1284 4274 corporis
1316 4207 1755 4276 perturbationes
1804 4225 1912 4264 non
1953 4218 2062 4265 tam

484 4294 785 4352 tabefactas
806 4310 1302 4368 compesceremus,
1333 4312 1495 4370 quam
1526 4295 1751 4358 Omnino
1801 4316 2065 4359 enecare-

484 4401 631 4443 mus.
659 4385 768 4447 Eos
793 4397 977 4443 autem
1007 4389 1101 4458 qui
1157 4388 1336 4445 adhuc
1371 4404 1599 4458 peccare
1656 4404 1763 4446 non
1818 4392 2065 4449 destituri

483 4486 689 4546 essent,
732 4492 908 4547 neque
941 4478 1321 4547 ptenileutiam
1381 4479 1580 4547 acturi,
1609 4482 1954 4551 gravioribus
1983 4493 2065 4538 at-

488 4584 597 4641 que
648 4569 1020 4626 acerbioribus
1051 4569 1422 4640 etiam,quam
1460 4571 1571 4638 lex,
1602 4574 1778 4642 pmnis
1823 4589 1884 4630 se
1937 4573 2070 4629 011⁸0-

485 4672 700 4721 cturam
728 4662 1058 4717 comminata
1096 4670 1201 4718 est.
1237 4660 1338 4730 Qui
1373 4663 1518 4717 enim
1555 4673 1704 4720 tanto
1731 4666 1879 4737 digni
1901 4667 2068 4723 habiti

486 4754 651 4822 dono,
680 4762 734 4810 et
783 4754 838 4809 in
879 4753 1144 4810 honorem
1178 4754 1387 4823 regium
1423 4756 1621 4822 evecti,
1650 4764 1706 4811 et.
1761 4757 2069 4813 divinorum

486 4846 619 4902 facti
667 4846 959 4917 participes
1017 4845 1398 4917 mysteriorum
1438 4855 1493 4901 et
1538 4847 1805 4903 donorum
1861 4852 2069 4921 gratiae,

2169 3740 2266 3794 καὶ
2318 3740 2410 3794 τὸν
2464 3740 2659 3812 θνητὸν
2692 3742 2788 3795 καὶ
2825 3740 3050 3812 ἐμπαθῆ
3108 3740 3475 3795 θανατώσασα
3529 3741 3611 3794 διά
3646 3737 3728 3791 τοῦ

2171 3831 2550 3903 βαπτίσματος
2595 3831 2729 3903 βίον,
2764 3832 2853 3886 διά
2891 3833 3322 3901 παλιγγενεσίας
3358 3827 3518 3893 αὖθις
3562 3832 3728 3899 ὥσπερ

2170 3926 2236 3978 ἐκ
2266 3928 2513 3997 μηχανῆς
2547 3927 2627 3989 είς
2675 3925 2834 3979 ἄλλον
2867 3925 3197 3996 ἀνεγέννησε
3249 3924 3386 3995 βίον,
3450 3925 3543 3979 καὶ
3586 3939 3729 3995 προσο

2170 4016 2382 4085 έταξεν,
2411 4017 2501 4071 διὰ
2530 4017 2805 4081 πολιτείας
2826 4016 3057 4089 ἀρίστης
3079 4019 3149 4070 τά
3168 4016 3261 4071 τοῦ
3297 4017 3547 4087 σώματος
3576 4016 3730 4086 μαρὶ-

2172 4127 2282 4174 ναι,
2324 4109 2527 4181 μᾶλλον
2570 4110 2629 4163 δὲ
2664 4110 2941 4181 νεκρῶσαι
2992 4109 3141 4181 πάθη
3163 4126 3178 4141 ο
3212 4112 3326 4172 τοῖς
3358 4108 3419 4163 δὲ
3472 4110 3729 4167 πταίσασι.

2172 4201 2272 4256 καὶ
2312 4202 2388 4271 μὴ
2424 4201 2821 4271 μετανοήσασι,
2857 4200 3059 4271 μᾶλλον
3094 4199 3182 4270 ἢὸ
3214 4198 3381 4269 νόμος
3416 4196 3728 4268 πικροτέρως

2173 4294 2428 4361 ἐκόλασε,
2453 4294 2549 4348 καὶ
2573 4293 2841 4365 ἠπείλησε
2869 4293 2968 4358 τὰς
2997 4292 3291 4364 τιμωρίας.
3319 4293 3385 4345 υἱ
3420 4293 3528 4362 γάρ
3559 4287 3730 4343 τοσαύ-

2175 4405 2276 4459 της
2331 4388 2657 4453 ἀξιωθέντες
2690 4388 2938 4459 δωρεᾶς,
2985 4388 3081 4442 καὶ
3113 4389 3196 4451 είς
3248 4388 3417 4459 τιμὴν
3475 4383 3730 4457 βασιλικὴν

2178 4480 2642 4552 ἀνακομισθέντες
2662 4522 2677 4544 ,
2711 4482 2808 4534 καὶ
2843 4479 3006 4533 θείων
3035 4480 3323 4550 γενόμενοι
3358 4478 3658 4549 μυστηρίων
3678 4490 3729 4525 τε

2178 4574 2275 4628 καὶ
2300 4572 2658 4645 χαρισμάτων
2690 4571 2959 4635 κοινωνοὶ,
3012 4565 3131 4624 εἶτα
3163 4570 3603 4641 ρᾳθυμήσαντες,
3630 4568 3729 4637 μιξ-

2179 4664 2333 4729 ζονος
2365 4665 2431 4718 ἂν
2461 4660 2572 4717 εἷεν
2600 4663 2877 4735 τιμωρίας
2906 4663 3078 4730 ἄξιοι.
3109 4663 3220 4716 Καὶ
3256 4661 3408 4716 τοῦτ’
3444 4656 3729 4731 ἐγγυᾶταιό

2177 4758 2392 4822 Παῦλος
2414 4757 2638 4829 φράζων
2668 4754 2815 4809 τοῦθ’
2846 4758 2985 4828 ὅπερ
3016 4753 3208 4826 μαθεῖν
3233 4754 3532 4823 ἠθέλησας·
3561 4771 3579 4803 1
3617 4748 3731 4803 ’Δθε-

2178 4852 2352 4923 τήσας
2374 4868 2460 4914 τις
2484 4851 2649 4920 νόμον
2677 4851 2945 4913 Μωσέως,
2980 4849 3150 4920 χωρὶς
3172 4848 3499 4917 οἰκτιρμῶν,
3525 4844 3637 4899 ἀντὶ
3655 4840 3728 4894 τοῦ

490 4948 672 4994 tamen
698 4939 861 4993 etiam
892 4940 974 4996 sic
1003 4938 1179 5010 ignavi
1217 4952 1341 4993 esse
1366 4938 1457 5009 (ad
1486 4940 1626 4995 bona
1654 4951 1855 5013 opera)
1881 4958 2064 5012 perse-

2181 4945 2351 5016 χωρὶς
2383 4943 2567 5006 ἐλέους
2593 4942 2686 4996 καὶ
2713 4940 3100 5013 παραιτήσεως
3133 4940 3231 4993 καὶ
3254 4938 3590 5009 συγγνώμης
3612 4977 3626 5000 ,
3653 4934 3725 4987 ἐπὶ

491 5042 702 5099 verant,
732 5031 926 5101 majori
965 5033 1231 5103 supplicio
1270 5034 1421 5104 digni
1473 5035 1867 5091 censebuntur.
1896 5037 2064 5107 Atque

2185 5036 2337 5089 δυσὶν
2367 5034 2401 5104 ἦ
2432 5034 2581 5105 τρισὶ
2613 5033 2885 5105 μάρτυσιν
2928 5030 3268 5103 ἀποθνήσκει
3296 5029 3439 5103 (L5),
3464 5029 3605 5084 τοῦτ’
3632 5027 3727 5080 ἔστι

557 5188 603 5260 _”
633 5188 871 5260 Philipp.
903 5204 965 5257 11,
998 5190 1068 5260 6.,
1132 5192 1148 5222 ¹
1172 5189 1333 5247 Rom.
1370 5190 1579 5260 Vlll,75.

489 5259 509 5291 ⁸
542 5258 701 5313 «10011.
738 5258 901 5328 1,ῖὶ4.
979 5262 1000 5292 ⁶
1026 5259 1194 5317 Hebr.
1229 5276 1269 5327 1,
1298 5261 1349 5319 1.
1426 5262 1445 5293 ⁷
1477 5259 1645 5317 Hebr.
1669 5278 1726 5328 ι,
1761 5262 1853 5317 28.

1694 5194 1716 5225 ³
1749 5189 1901 5253 Psal.
1941 5207 2132 5258 xxxrx,
2160 5191 2227 5260 7;
2258 5190 2426 5248 Hebr.
2457 5207 2489 5244 x
2514 5228 2528 5255 ,
2560 5191 2616 5246 5.

2726 5188 2748 5221 ³
2768 5188 3002 5245 Ζο01101.
3040 5202 3093 5243 tv
3115 5227 3135 5256 ,
3156 5187 3249 5245 H.
3353 5188 3379 5220 ‘
3403 5188 3426 5243 Ι
3450 5188 3575 5245 Cor.
3614 5202 3669 5253 11,
3691 5184 3729 5240 8.

1604 5417 1839 5475 ἺΔΒΙᾸΕ
1876 5418 2259 5475 LECTIONES
2291 5418 2381 5473 ET
2416 5416 2641 5474 NOTE.

472 5576 473 5579 ’
567 5576 679 5649 (45)
710 5578 952 5633 1111111110
988 5587 1111 5647 post
1152 5578 1333 5647 Νείλῳ
1382 5577 1505 5649 cod.
1551 5576 1729 5634 Vatic.
1778 5577 1884 5631 650
1927 5578 2077 5632 addit

2256 5574 2369 5645 (45)
2406 5575 2553 5630 111101
2576 5573 2916 5645 ἀποθνήσκει
2940 5582 2997 5631 01
3021 5573 3169 5629 τοῦτ’
3203 5573 3322 5631 ἔστι
3344 5576 3463 5632 hac
3493 5574 3601 5631 cod.
3628 5568 3725 5623 Vat.

495 5645 840 5731 Ataxftvqiuet
862 5645 1085 5731 verbum
1115 5645 1364 5731 ultimum
1393 5648 1635 5717 epistola:
1660 5664 1764 5705 non
1791 5650 2064 5731 ἀποφῆνω

2186 5646 2291 5700 650
2312 5646 2558 5731 'inseritf
2588 5645 2714 5731 Δρο,
2741 5645 2927 5731 φησιν,
2956 5646 2991 5717 ἢ
3030 5645 3200 5717 τριῶν
3233 5648 3525 5729 μαρτύρευν

498 5718 590 5773 8011
616 5719 888 5788 ἀποφῆναι
923 5718 1130 5774 scribit.
1162 5717 1369 5772 Possm.

570 5788 680 5856 (/44)
720 5789 851 5843 Vide
882 5804 1039 5857 snpra
1079 5789 1236 5857 epist.
1265 5789 1386 5843 115.
1417 5788 1581 5842 RITT.

2190 5716 2472 5788 ρησάντων
2513 5715 2861 5788 ἀποθνήσκει
2891 5715 3034 5786 [quae
3063 5715 3131 5771 ex
3178 5715 3432 5788 margine
3457 5720 3508 5771 in
3555 5722 3723 5769 textum

2189 5784 2471 5857 irrepsisse
2508 5784 2803 5857 videntur].
2836 5784 3042 5842 Possm.
