3906 6416
226 292 353 359 1261

1187 290 1721 359 EPISTOLARUM
1753 291 1898 351 LIB.
1942 291 2040 351 IV.
2086 291 2417 353 -EPIST.
2459 291 2676 351 CLXX.

3368 286 3500 350 1262

223 411 579 466 λιθοϐολετται
607 429 622 442 ο
676 412 830 483 πόσῳ
877 412 1085 465 δοκεῖτε
1134 412 1384 482 χείρονος
1440 409 1812 479 ἀξιωθήσεται

1928 410 2020 462 hoc
2044 407 2221 478 ipsum
2257 406 2454 461 Paulus
2496 406 2787 477 signiﬁcat,
2815 420 2940 461 cum
2976 404 3027 458 id
3084 403 3318 474 profert,
3352 408 3496 473 quod

226 505 505 576 τιμωρίας
530 548 545 572 ,
592 506 621 559 ὁ
653 505 745 559 τὸν
777 504 1220 577 ἐλευθερώσαντα
1245 543 1260 569 ,
1310 503 1444 573 φησι
1470 542 1485 567 ,
1521 502 1617 555 καὶ
1646 501 1809 571 τιμή-

223 614 415 660 σαντα,
448 598 522 650 δι’
551 590 627 651 ὧν
659 598 916 671 πράττει,
949 595 1342 667 καθυϐρίζωνς

1918 511 1973 555 ιιι
2002 500 2212 555 discere
2262 499 2481 553 volnisti
2519 518 2532 553 :
2576 517 2595 550 ι
2630 499 2846 553 Irritam
2896 497 3020 566 quis
3046 496 3254 552 faciens
3320 496 3501 563 legem

1918 592 2138 662 Moysis,
2169 592 2286 646 sine
2320 590 2427 649 ulla
2480 590 2831 644 miseratione
2878 589 3016 659 (hoc
3045 596 3131 643 est
3165 588 3370 656 absque
3401 587 3502 639 mi-

222 689 549 753 sericordia,
588 697 644 743 et
683 689 1062 749 excusatione,
1092 695 1148 741 et
1196 686 1415 755 venia),
1449 684 1660 739 duobus
1721 681 1808 737 vel
1849 681 2020 736 tribus
2049 683 2279 737 testibus
2345 679 2724 743 moritur,hoc
2785 688 2890 744 est,
2919 677 3187 747 lapidibus
3215 675 3501 739 obruitur;

224 792 428 851 quanto
450 782 625 853 magis
660 782 867 853 putatis
919 781 1192 837 deteriora
1254 779 1458 835 mereri
1514 777 1801 849 supplicia,
1842 775 1932 847 qui
1961 789 2084 829 eum
2121 789 2153 829 a
2215 788 2324 844 quo
2354 772 2641 839 liberatus,
2674 770 2873 841 inquit,
2934 778 2990 824 et
3030 768 3242 824 honore
3278 766 3504 823 allectus

222 879 323 933 est,
352 871 686 926 contumelia
712 869 911 925 afﬁcit?
948 888 968 923 ι

527 983 693 1038 ΡΞθν.
723 1013 792 1023 -
826 983 1091 1053 [araora
1129 982 1504 1052 ΕΠΙΣΚΟΠῼ.

420 1079 529 1141 Είς
557 1076 647 1143 τὸ,
686 1095 705 1129 ι
744 1073 1037 1144 Μακάριοι
1064 1077 1119 1129 οἱ
1150 1071 1536 1143 εἰρηνοποιοί.
1574 1090 1593 1123 ι

291 1192 436 1255 Τοὺς
466 1191 850 1264 εἰρηνοποιοὺς
887 1191 916 1244 ό
946 1188 1138 1260 Σωτὴρ
1170 1188 1500 1259 ἐμακάρισε,
1536 1188 1631 1242 καὶ
1662 1188 1812 1251 υἱοὺς

223 1282 596 1351 ἐπηγγείλατο
633 1279 769 1335 Θεοῦ
801 1279 1058 1348 γενέσθαι
1108 1279 1223 1351 (46)
1244 1296 1258 1310 ·
1291 1282 1420 1343 τοὺς
1464 1280 1683 1350 πρῶτον
1712 1280 1812 1349 μὲν

221 1377 279 1429 ὲν
306 1377 528 1439 ἑαυτοῖς
574 1373 988 1446 είρηνεύοντας,
1033 1373 1128 1427 καὶ¹
1179 1372 1256 1444 μὴ
1304 1371 1808 1437 διαστασιάζοντας,

220 1465 359 1518 ἀλλὰ
406 1464 498 1518 τὸν
551 1464 816 1535 ἐμφύλιον
869 1464 1106 1534 πόλεμον
1165 1464 1534 1526 καταλύοντας
1558 1502 1573 1528 ,
1630 1463 1709 1533 τῷ
1752 1463 1812 1516 τὸ

222 1555 387 1624 σῶμα
416 1555 494 1624 τῷ
524 1554 799 1625 πνεύματι
830 1554 1175 1617 ὑποτάττειν,
1198 1554 1296 1607 καὶ
1325 1553 1535 1607 πείθειν
1563 1553 1623 1606 τὸ
1653 1553 1815 1606 ἐλατ-

220 1662 310 1697 τον
344 1644 427 1715 τῷ
460 1645 733 1716 κρείττονι
772 1643 1066 1709 δουλεύειν,
1098 1642 1343 1696 δουλείαν
1381 1642 1562 1713 πάσης
1596 1642 1813 1695 ἐλευθε-

222 1739 348 1809 ρίας
380 1738 479 1790 καὶ
510 1736 787 1807 βασιλείας
817 1737 1028 1807 ἀμείνω
1050 1752 1064 1765 ⁸
1102 1735 1296 1788 ἔπειτα
1346 1735 1442 1789 καὶ
1468 1739 1582 1798 τοῖς
1631 1734 1814 1797 ἄλλοις

218 1832 331 1892 τοῖς
358 1847 421 1882 τε
449 1830 585 1900 πρὸς
616 1831 845 1891 ἑαυτοὺς
879 1832 992 1892 τοῖς
1020 1846 1081 1881 τε
1120 1831 1257 1898 πρὸς
1280 1828 1544 1899 ἀλλήλους
1585 1828 1814 1881 στασιά-

220 1921 412 1984 ζουσιν
442 1922 673 1992 είρήνην
729 1919 1119 1992 βραϐεύοντας.
1158 1921 1275 1972 Οὐκ
1310 1921 1377 1973 ἂν
1420 1919 1478 1971 δέ
1531 1936 1616 1982 τις
1669 1918 1816 1988 ἄλλῳ

220 2014 605 2084 πρυτανεῦσαι
632 2014 840 2077 δίκαιος
866 2013 933 2067 ἂν
972 2014 1081 2083 εἴη,
1118 2012 1145 2064 ὃ
1180 2012 1253 2083 μὴ
1295 2013 1458 2075 αὐτὸς
1484 2012 1617 2081 ἔχει.
1654 2009 1817 2063 Ὅθεν

218 2107 314 2159 καὶ
339 2107 560 2177 ἄγαμαι
584 2107 685 2177 τῆς
709 2106 863 2169 θείας
890 2104 1305 2176 φιλανθρωπίας
1345 2103 1443 2174 τὴν
1474 2102 1818 2174 ἀνυπέρϐλη-

220 2216 315 2251 τον
351 2199 693 2268 φιλοτιμίαν,
725 2199 808 2251 ὅτι
840 2198 936 2261 τὰς
965 2196 1179 2266 ἀγαθὰς
1207 2195 1534 2258 ἀντιδόσεις,
1561 2196 1622 2248 οὐ
1656 2195 1817 2265 μόνον

220 2290 414 2354 πόνοις
462 2291 558 2345 καὶ
612 2288 873 2362 ἱδρῶσιν,
911 2288 1049 2343 ἀλλά
1087 2288 1184 2341 καὶ
1236 2288 1564 2350 εὐπαθείαις
1612 2287 1816 2359 τρόπον

216 2379 347 2432 τινὰ
384 2379 497 2450 (47)
542 2378 757 2450 ὀρέγειν
804 2379 1171 2449 ὑπισχνεῖται,
1204 2379 1340 2447 εἴγε
1379 2381 1412 2449 ἡ
1450 2378 1661 2449 κορυφὴ
1710 2377 1817 2429 τῶν

217 2472 684 2544 εὐφραινόντωνή
714 2472 905 2543 εἰρήνη
934 2473 1102 2536 ὲστίν,
1129 2464 1198 2543 ἦς
1227 2470 1497 2541 ἀπούσης,
1529 2470 1684 2523 οὐδὲν
1707 2471 1814 2523 τῶν

218 2567 301 2628 εἰς
336 2563 614 2636 θυμηδίαν
644 2564 886 2634 ἡκόντων
920 2562 1150 2633 ἰσχύσει,
1185 2562 1430 2633 πολέμου
1460 2563 1561 2634 τὴν
1590 2563 1815 2633 εἰρήνην

218 2656 699 2720 κατασϐεννύντος
735 2672 748 2687 ·
788 2651 849 2710 εὖ
882 2656 939 2709 δὲ
970 2655 1066 2708 καὶ
1111 2655 1296 2725 φάναι,
1337 2655 1488 2718 υἱοὺς
1528 2653 1663 2709 Θεοῦ
1692 2654 1819 2723 κλη-

218 2749 490 2821 θήσεσθαι
514 2750 639 2812 τοὺς
681 2747 1056 2818 είρηνοποιούς
1080 2763 1093 2774 ’
1122 2747 1217 2799 καὶ
1267 2746 1326 2799 τὸ
1375 2745 1608 2800 ἔπαθλον
1641 2747 1818 2800 ἐκεῖνο

214 2842 402 2910 τούτῳ
425 2840 507 2911 τῷ
536 2840 685 2910 ἄθλῳ
712 2839 1204 2910 ἀπονενεμηκέναι.
1251 2838 1473 2909 Ἐπειδὴ
1501 2840 1611 2911 γὰρ
1631 2839 1814 2905 αὐτὸς,

217 2932 455 3002 γνήσιος
501 2929 579 2984 ῶν
614 2930 746 2993 Υἱὸς
772 2972 786 2997 ,
841 2930 1222 3001 είρηνοποίησε
1255 2929 1324 2983 τὰ
1353 2929 1530 2983 πάντα
1561 2972 1574 2996 ,
1605 2929 1667 2982 τὸ
1719 2930 1817 3000 μὲν

219 3023 388 3094 σῶμα
422 3022 762 3094 ὁρμητήριον
811 3021 914 3091 τῆς
955 3022 1157 3092 ἀρετῆς
1202 3022 1491 3092 ἀποφήνας
1521 3059 1535 3084 ,
1584 3022 1710 3085 τοὺς
1761 3021 1818 3075 δὲ

215 3118 313 3172 δύο
333 3118 453 3191 (48)
465 3119 555 3172 τόν
573 3135 632 3171 τε
654 3118 711 3185 ἐξ
728 3117 997 3172 Ἰουδαίων
1018 3117 1218 3171 καὶτὸν
1238 3116 1300 3182 ἐξ
1327 3116 1500 3171 ἐθνῶν
1520 3134 1816 3170 πεπιστευ-
1844 3156 1889 3215 G

215 3212 389 3275 κότας
416 3210 611 3275 κτίσας
641 3211 721 3273 είς
745 3210 841 3265 ἕνα
866 3210 1051 3264 καινὸν
1078 3210 1395 3281 ἄνθρωπον·
1413 3210 1482 3264 τά
1504 3227 1564 3262 τε
1592 3210 1818 3281 οὐράνια

214 3306 339 3367 τοῖς
390 3302 661 3370 ἐπιγείοις
708 3300 957 3371 συνάψας
981 3344 996 3368 ,
1033 3301 1260 3364 εἰκότως
1302 3301 1429 3366 τοὺς
1470 3302 1537 3356 τά
1572 3302 1713 3355 αὐτὰ
1741 3301 1817 3366 ὡς

212 3395 500 3464 ἐνδέχεται
535 3393 843 3460 ποιοῦντας,
868 3396 966 3465 τῆς
995 3394 1168 3463 αὐτῆς
1203 3394 1607 3465 ἀξιωθήσεσθαι
1635 3412 1813 3465 προσ-

210 3486 458 3557 ηγορίας
501 3485 604 3557 ἔφη
630 3525 646 3549 ,
708 3486 804 3539 καὶ
852 3486 933 3550 είς
979 3486 1075 3558 τὴν
1116 3488 1215 3558 τῆς
1249 3485 1521 3551 υἱοθεσίας
1571 3487 1815 3552 εἰσποιη-

214 3579 494 3651 θήσεσθαι
544 3578 723 3643 ἀξίαν,
768 3579 892 3649 ἥτις
921 3580 1071 3633 ἐστὶν
1113 3580 1140 3631 ό
1174 3580 1475 3649 ἀκρότατος
1506 3580 1603 3650 τῆς
1639 3597 1818 3649 μακαο

213 3673 480 3744 ριότητος
508 3673 657 3743 ὅρος.

2202 978 2435 1036 CLXIX.
2453 1012 2517 1024 --
2535 978 2816 1035 ISIDORO
2874 978 3225 1035 EPISCOPO.

2258 1073 2326 1126 1n
2360 1071 2517 1138 illud,
2580 1092 2599 1123 ι
2634 1071 2786 1126 Beati
2813 1072 3024 1140 paciﬁci
3055 1073 3094 1127 ⁸.
3129 1093 3147 1123 ι

1989 1182 2255 1241 Pacificos
2284 1184 2471 1240 beatos
2491 1186 2805 1255 praedicavit
2850 1182 3122 1251 Salvator,
3151 1196 3205 1242 et
3228 1186 3369 1243 filios
3403 1189 3494 1243 Dei

1919 1277 2133 1333 futuros
2159 1291 2281 1334 esse
2317 1279 2570 1349 promisit
2599 1297 2613 1334 :
2645 1278 2737 1348 qui
2766 1280 2941 1349 primo
2967 1281 3185 1350 quidem
3218 1281 3271 1334 in
3296 1292 3503 1336 semet-

1919 1372 2055 1440 ipsis
2104 1385 2292 1441 pacem
2350 1371 2560 1435 colunt,
2611 1386 2712 1427 nec
2762 1370 3015 1427 laborant
3073 1372 3366 1437 seditione,
3402 1374 3498 1428 sed

1918 1463 2117 1518 bellum
2149 1462 2303 1532 quasi
2362 1464 2523 1518 civile
2573 1473 2629 1517 et
2680 1464 2998 1518 intestinum
3056 1465 3338 1529 dirimunt,
3371 1465 3497 1518 dum

1919 1568 2116 1622 corpus
2142 1552 2355 1623 spiritui
2393 1552 2712 1621 subjiciunt,
2743 1564 2797 1607 et
2831 1564 3037 1623 partem
3070 1555 3152 1609 sui
3186 1554 3500 1609 inferiorem

1920 1658 1985 1696 eo
2014 1642 2311 1708 adducunt,
2369 1655 2427 1697 ut
2480 1645 2850 1712 pratstantiori
2907 1646 3113 1699 serviat
3177 1646 3500 1700 servitutem

1921 1735 2112 1804 quavis
2167 1734 2438 1799 libertate,
2472 1739 2715 1806 adeoque
2765 1748 2820 1792 et
2876 1753 3043 1807 regno
3070 1738 3287 1806 quovis,
3322 1738 3503 1807 potius

1920 1841 2032 1880 rem
2061 1844 2073 1879 :
2104 1827 2319 1891 deinde,
2350 1828 2440 1897 qui
2468 1828 2589 1883 aliis
2620 1845 2858 1899 quoque,
2895 1830 2973 1884 vel
2996 1845 3182 1885 secum
3236 1831 3369 1899 ipsis
3411 1828 3502 1883 vel

1919 1934 2041 1972 cum
2077 1918 2198 1973 aliis
2226 1920 2611 1976 dissidentibus
2656 1922 2804 1991 pacis
2861 1932 2988 1975 sunt
3023 1930 3296 1976 auctores.
3330 1920 3502 1976 Nemo

1919 2019 2101 2064 autem
2153 2012 2223 2065 ad
2270 2012 2322 2065 id
2379 2013 2537 2066 alteri
2592 2014 2993 2067 conciliandum
3045 2013 3270 2067 idoneus
3317 2013 3499 2075 fuerit,

1918 2103 2063 2171 quod
2090 2104 2206 2173 ipse
2243 2119 2347 2157 non
2374 2104 2558 2159 habet.
2580 2103 2734 2159 Unde
2768 2105 2828 2159 fit
2877 2106 3043 2160 etiam
3092 2116 3151 2158 ιιι
3176 2109 3500 2160 immensam

1920 2196 2115 2251 divinae
2141 2197 2400 2253 bonitatis
2452 2201 2560 2253 vim
2618 2199 2875 2266 demirer,
2906 2214 3026 2268 qua:
3061 2198 3232 2253 bonas
3264 2198 3502 2252 retré-u-

1922 2290 2095 2345 tiones
2160 2305 2264 2345 non
2326 2299 2534 2346 tantum
2601 2292 2879 2347 laboribus
2924 2308 2988 2347 ac
3038 2292 3350 2358 sudoribus,
3406 2294 3503 2348 sed

1920 2381 2322 2449 quodammodo
2394 2384 2557 2437 etiam
2644 2383 3010 2452 voluptatibus
3068 2398 3190 2437 sese
3248 2384 3499 2437 daturam

1922 2472 2222 2542 pollicetur,
2244 2474 2286 2526 si
2318 2474 2534 2543 quidem
2567 2474 2843 2543 fastigium
2884 2489 3064 2528 rerum
3101 2474 3500 2529 delectabilinm

1919 2564 2161 2619 omnium
2193 2579 2297 2633 pax
2337 2566 2579 2619 continet
2614 2583 2627 2619 :
2661 2580 2765 2635 qua
2826 2565 3071 2627 absenle,
3131 2565 3262 2619 nihil
3343 2566 3503 2633 quid-

1920 2672 2081 2726 quam
2138 2672 2325 2712 eorum
2356 2657 2574 2723 valebit,
2608 2673 2730 2728 quae
2772 2658 2841 2711 ad
2882 2657 3126 2711 animum
3184 2658 3504 2712 demulcen—

1920 2749 2044 2803 dnm
2080 2761 2207 2803 sunt
2237 2750 2732 2819 eomparata,bello
2772 2750 3023 2805 videlicet
3067 2765 3256 2820 pacem
3288 2752 3500 2805 exstin-

1920 2851 2139 2917 guente.
2173 2841 2279 2897 Sed
2308 2844 2488 2897 ethoc
2516 2843 2740 2913 pulchre
2787 2854 2949 2913 atque
2980 2844 3246 2898 concinne
3292 2844 3500 2899 dictum

1920 2948 2039 2989 esse
2065 2934 2362 3003 putandum
2393 2943 2496 2999 est,
2551 2933 2691 2989 filios
2720 2935 2811 2989 Dei
2845 2943 3092 2990 vocatum
3120 2934 3183 2989 iri
3212 2934 3501 3005 pacificos:

1920 3026 2170 3096 quodque
2198 3025 2326 3081 illud
2354 3027 2631 3096 praemium
2661 3025 3086 3081 buiccertamini
3113 3029 3185 3080 sit
3218 3025 3502 3080 tributum.

1920 3118 2055 3174 Cum
2083 3118 2229 3173 enim
2256 3118 2389 3188 ipse,
2424 3102 2483 3172 nt
2512 3118 2601 3188 qui
2620 3118 2886 3188 genuinus
2905 3119 2976 3173 sit
3001 3117 3192 3185 Filius,
3212 3118 3278 3172 ad
3312 3134 3503 3189 pacem

1922 3208 2289 3278 composuerit
2322 3208 2525 3273 omnia,
2555 3208 2682 3262 dum
2708 3217 2762 3263 et
2788 3223 2988 3277 corpus
3040 3208 3271 3263 reddidit
3315 3209 3506 3262 virtuti

1923 3315 2151 3368 pronum
2180 3310 2343 3370 atque
2397 3301 2676 3365 obediens,
2710 3310 2765 3354 et
2803 3280 3030 3371 populos
3076 3303 3234 3366 duos,
3270 3301 3385 3371 qui,
3415 3302 3500 3354 in-

1926 3408 2113 3462 quam,
2146 3392 2420 3448 etJudaais
2452 3394 2661 3463 pariter
2707 3410 2770 3449 ac
2820 3394 3075 3463 gentibus
3127 3395 3503 3460 crediderunt,

1925 3490 1980 3542 in
2019 3503 2187 3541 unum
2249 3501 2452 3541 novum
2512 3488 2787 3544 hominem
2836 3488 3102 3555 condidit,
3160 3497 3217 3543 et
3268 3487 3508 3558 denique

1924 3578 2164 3634 cmlestia
2197 3578 2431 3634 terrenis
2484 3580 2929 3647 compaginavit:
2968 3589 3114 3635 recte
3155 3578 3311 3652 511
3347 3589 3510 3649 atque

1922 3670 2115 3725 ordine
2142 3668 2294 3737 fecit,
2321 3670 2467 3739 quod
2502 3672 2714 3736 eadem,
2739 3681 2998 3741 quantum
3037 3671 3254 3741 quidem
3300 3671 3352 3724 in
3378 3669 3509 3740 ipsis

210 3774 332 3829 est,
360 3772 705 3834 praestantes,
743 3764 930 3819 eadem
994 3746 1209 3833 qucque
1265 3762 1647 3833 appellationis
1706 3764 1971 3834 dignitate
2039 3762 2380 3818 decorandos
2420 3764 2818 3834 pronuntiavit,
2855 3773 2913 3820 et
2963 3763 3017 3819 in
3076 3763 3355 3820 ﬁliationis
3406 3763 3508 3818 bo-

212 3870 413 3949 norem
441 3855 774 3925 cooptandos
814 3869 829 3908 :
878 3857 967 3925 qni
1000 3870 1286 3922 supremus
1350 3865 1434 3910 est
1495 3856 1849 3912 beatitudinis
1891 3855 2180 3911 terminus.

508 3969 631 4022 PO’.
667 3998 740 4007 —
769 3969 1020 4040 ΖΩΣΙΜῼ
1060 3967 1533 4038 ΠΡΕΣΒΥΤΕΡῼ.

214 4062 420 4117 Ποίων
465 4059 1156 4182 ἁμαρτημάτωνθᾶφείξιν
1207 4057 1411 4112 ἐδίδου
1437 4061 1472 4111 ό
1500 4059 1683 4127 νόμος
1721 4059 1819 4113 διὰ

947 4143 1158 4182 υσιων.

947 4143 1158 4182 υσιων.

289 4243 419 4298 Τῶν
452 4242 552 4314 μὲν
580 4241 885 4297 δοκούντων
926 4237 1065 4295 εἶναι
1104 4240 1544 4313 ἁμαρτημάτων,
1583 4243 1611 4294 ὁ
1654 4243 1818 4312 νόμος

212 4338 443 4407 ἄφεσιν,
462 4336 495 4404 ἣ
516 4335 604 4389 διὰ
631 4334 854 4401 θυσιῶν,
879 4336 912 4406 ἢ
938 4335 1003 4389 δι’
1027 4335 1473 4409 ὲλεημοσύνης,ἢ
1505 4334 1592 4389 διὰ
1615 4336 1824 4407 καθαρ-

213 4428 380 4493 σίων,
414 4428 646 4497 παρεῖχε
667 4440 681 4455 ο
712 4426 819 4479 τῶν
847 4426 903 4478 δὲ
938 4426 1109 4479 ὅντων
1143 4426 1282 4497 οὐχί.
1320 4428 1402 4480 Τὰ
1430 4426 1539 4497 γὰρ
1570 4429 1816 4497 συγγνώ-

215 4536 336 4590 μης
375 4518 623 4587 μείζονα,
649 4516 979 4581 κατεδίκαζε
1010 4515 1248 4586 θανάτῳ.
1283 4517 1671 4571 Καταλύεσθαι
1702 4519 1813 4587 (49)

210 4612 335 4681 γὰρ
364 4611 529 4663 παντὶ
572 4609 761 4680 τρόπῳ
809 4609 935 4672 τοὺς
964 4607 1137 4663 ταῦτα
1156 4607 1401 4678 δρῶντας
1428 4610 1814 4680 προσέταττεν,

210 4704 326 4772 οὐχ
357 4702 445 4754 ἵνα
478 4700 548 4754 τὰ
576 4699 718 4755 αὐτὰ
741 4699 959 4771 δρῶμεν
986 4718 999 4731 °
1030 4699 1210 4754 λαθὼν
1242 4700 1355 4771 (50)
1390 4701 1449 4754 δὲ
1475 4700 1623 4755 λίθον
1654 4703 1815 4755 ἀκον-

213 4796 377 4849 τίσαι
416 4792 561 4846 κατὰ
593 4790 691 4846 τοῦ
726 4790 948 4855 ἁλόντος
970 4808 985 4822 ’
1037 4786 1151 4845 ἀλλ’
1190 4791 1277 4844 ἵνα
1315 4793 1363 4844 οἱ
1392 4790 1500 4843 τῶν
1528 4791 1815 4859 ἀσυγγνώ-

298 4950 322 4981 ⁸
350 4949 549 5005 Matth.
584 4965 642 5016 v,
675 4942 728 5004 9.

2164 3966 2373 4023 eLxx.
2396 3998 2465 4009 -
2486 3967 2739 4025 zosmo
2765 3964 3270 4037 LPBESBYTERO'.

1928 4058 2182 4124 Qualium
2237 4068 2572 4129 peccatorum
2631 4061 2989 4132 remissionem
3052 4061 3256 4115 dederit
3299 4062 3383 4117 lex
3417 4080 3511 4132 per

2577 4126 2863 4199 sacriﬁcia.

1990 4244 2381 4312 Apparentium
2441 4244 2660 4313 quidem
2724 4254 3068 4314 peccatorum
3130 4245 3511 4319 remissionem

1924 4334 2013 4390 lex
2042 4335 2125 4391 vel
2165 4352 2260 4407 per
2288 4338 2559 4393 sacrificia
2593 4347 2648 4393 et
2693 4338 2965 4402 victimas,
3002 4338 3084 4393 vel
3129 4353 3226 4408 per
3277 4337 3514 4395 eleemo-

1926 4442 2139 4498 synam,
2198 4429 2280 4484 vel
2335 4445 2432 4499 per
2493 4430 2845 4486 lustrationes
2899 4432 3174 4500 praebebat
3208 4450 3220 4485 :
3259 4446 3513 4487 verorum

1923 4524 2102 4571 autem
2158 4531 2264 4572 non
2316 4518 2468 4573 item.
2500 4517 2636 4573 Nam
2699 4521 2857 4575 venia
2900 4518 3108 4586 majora
3171 4530 3345 4575 morte
3383 4536 3515 4575 con-

1921 4609 2232 4666 demnabat.
2275 4611 2506 4667 Omnino
2528 4609 2671 4666 enim
2700 4626 2795 4667 eos
2824 4612 2917 4681 qui
2941 4612 3066 4666 talia
3096 4614 3505 4682 perpetrabant,

1920 4703 1988 4757 de
2014 4703 2193 4759 medio
2231 4703 2342 4760 tolli
2387 4714 2553 4775 atque
2606 4704 2812 4760 aboleri
2872 4706 3223 4776 prmcipiebat
3260 4724 3273 4760 :
3312 4722 3416 4760 non
3454 4715 3515 4759 nt

1927 4793 2116 4848 eadem
2146 4792 2432 4859 faciamus,
2462 4795 2620 4865 quasi
2642 4795 2949 4851 clanculum
2978 4796 3062 4850 lex
3108 4795 3343 4863 lapidem
3376 4811 3513 4851 con-

1360 5070 1592 5126 VARIE
1633 5071 2023 5127 LECTIONES
2063 5072 2151 5127 ΕΤ
2181 5072 2411 5131 ΝΟΤιΕ.

294 5234 413 5302 (46)
440 5232 543 5285 Pro
598 5228 853 5299 γενέσθαι
909 5228 1047 5284 idem
1118 5230 1238 5283 cod.
1274 5227 1489 5281 scribit
1557 5225 1827 5298 κληθήσε-

220 5304 373 5360 σθαι.
414 5302 627 5356 Possm.

298 5372 417 5445 (47)
450 5373 594 5445 [nter
618 5370 741 5423 τινά
767 5379 822 5445 et
839 5369 1059 5445 ὀρέγειν
1094 5370 1286 5425 inserit
1320 5368 1485 5445 idem,
1522 5368 1634 5445 ,καὶ
1656 5368 1822 5445 ’θυμ-

214 5438 428 5516 ηδίαις.
465 5440 620 5516 Vers.
642 5449 763 5510 post
790 5438 1093 5516 ’2,ξίσχύσει
1119 5449 1293 5516 mutat
1325 5438 1615 5516 ἰη-ίςχύει.
1656 5438 1825 5516 Paulo

216 5508 352 5583 post
381 5530 479 5582 pro
510 5508 734 5583 εἰρήνην
766 5508 969 5566 scribit
1001 5510 1362 5583 εὐφροσύνην.
1393 5508 1548 5565 Vers.
1592 5524 1711 5580 seq.
1748 5510 1825 5563 in-

220 5579 313 5642 ter
346 5579 443 5638 καὶ
474 5590 529 5635 et
557 5579 749 5649 ῲάναι,
782 5579 1168 5637 interserit'ro.
1202 5579 1276 5634 lo.

302 5656 421 5727 (48)
453 5653 601 5727 Ίζοὺς
625 5652 693 5705 δὲ
730 5651 859 5710 δύο.
896 5651 957 5707 F.
992 5655 1143 5709 deest
1174 5651 1357 5719 λαοὺς,
1411 5652 1514 5709 nisi
1542 5666 1639 5723 pro
1688 5669 1814 5715 τους

229 5723 331 5800 gas
360 5723 548 5788 λαούς.
571 5724 736 5781 lim.
1444 5732 1447 5733 '

2009 5228 2120 5298 (49)
2160 5229 2294 5283 Cod.
2330 5227 2454 5285 Vat.
2488 5229 2854 5284 καταλύεσθαι
2894 5238 3064 5283 mutat
3130 5229 3182 5284 in
3215 5229 3513 5282 καταλεύε-

1930 5299 2072 5352 σΟαι.
2103 5299 2313 5353 Possm.

2003 5370 2115 5441 (50)
2140 5368 2244 5423 Pro
2270 5368 2449 5441 λαθὼν
2474 5370 2615 5441 idem
2641 5370 2829 5425 scribit
2855 5370 3156 5435 λανθάνων,
3175 5378 3230 5425 et
3248 5385 3345 5439 pro
3362 5371 3515 5424 ἀκον-

1928 5438 2420 5504 τίσάιζάκοντίζει.
2456 5440 2608 5495 Vers.
2655 5451 2776 5509 post
2808 5442 2844 5494 Ξ
2865 5480 2879 5503 ,
2908 5442 3212 5493 πταιόντων
3249 5438 3431 5494 innlat
3459 5444 3512 5494 in

1930 5512 2185 5566 ἁλόντων.
2220 5511 2373 5566 Vers.
2410 5511 2614 5580 penult.
2643 5527 2728 5578 ep.
2768 5522 2889 5579 pOSt
2918 5510 3245 5564 καταλιθοῦν
3276 5527 3396 5579 qua:
3428 5525 3515 5564 se-

1928 5592 2169 5650 qnuntnr
2190 5585 2255 5634 ad
2291 5580 2453 5639 finem
2500 5580 2578 5635 sic
2608 5583 2827 5635 exhibet
2876 5582 3015 5636 idem
3049 5582 3193 5648 c0d.,
3246 5581 3334 5635 τὸν
3365 5580 3514 5636 ἐλάτ-

1927 5671 2040 5708 τονι
2076 5652 2377 5723 πταίσματι
2419 5651 2761 5723 φωραθέντα..
2792 5653 2868 5706 In.
