3906 6416
431 334 568 399 1263

1599 330 1667 389 S.
1712 320 2007 387 ISIDORI
2043 320 2483 388 PELUSIOTAE

3569 317 3705 389 1264

425 465 509 509 tra
534 448 938 523 deprehensum
981 448 1034 505 in
1071 448 1340 519 ejusmodi
1395 455 1621 518 peccato
1665 446 2008 516 projecisset,

2136 461 2255 499 mw
2286 443 2647 515 πταισμάτων
2672 441 3091 515 καθαρεύοντες,
3121 442 3221 515 τὴν
3246 444 3529 514 τιμωρίαν
3564 445 3706 499 κατὰ

424 544 519 601 sed
554 552 616 599 ut
678 542 760 597 illi
821 542 913 612 qui
962 555 993 595 a
1051 540 1290 611 peccatis
1346 540 1500 594 venia
1551 538 1790 607 indignis
1840 547 2004 607 atque

2136 536 2220 589 iw
2257 536 2559 592 πταιόντων
2591 534 2941 606 ἀποφέροιεν.
2997 535 3370 613 ’Δτοπὼτατον
3441 538 3557 608 γάρ
3592 538 3707 590 ἐστι

424 633 734 690 carentibus
754 631 940 688 mundi
997 640 1055 686 et
1094 631 1366 686 immunes
1424 636 1630 693 essent,
1677 626 2003 697 supplicium

426 726 533 782 illis
554 725 648 794 qui
678 731 996 795 peccarunt,
1019 722 1350 792 irrogarent.
1383 720 1479 775 Est
1506 722 1652 774 enim
1677 718 2008 773 absurdissi-

425 832 572 871 mum
602 824 654 872 et
672 814 1075 885 gravissimum,
1096 827 1193 870 eos
1222 813 1462 882 quidem,
1491 812 1583 882 qui
1618 810 1775 881 longe
1801 810 2006 881 majora

2113 630 2213 684 καὶ
2240 629 2361 683 λίαν
2381 629 2709 692 δεινότατον,
2735 630 2864 692 τοὺς
2898 627 3122 700 μείζονα
3148 628 3382 691 πολλοὺς
3411 629 3709 691 πταίοντας

2118 722 2240 791 μὲν,
2295 723 2662 786 λανθάνοντας
2691 722 2748 775 δὲ
2774 761 2789 787 ,
2837 722 3088 794 παρορᾷν
3112 738 3125 751 ·
3169 719 3500 775 καταλιθοῦν
3529 720 3589 773 δὲ
3622 720 3709 773 τὸν

2114 814 2210 867 ἐπὶ
2237 814 2481 868 ἐλάττονι
2531 813 2629 885 μὲν
2659 813 2988 876 πταίσαντα,
3013 812 3339 883 φωραθέντα
3369 812 3453 867 δέ.

425 918 670 981 peccant,
694 911 790 965 sed
862 909 1061 964 occulti
1129 908 1319 970 latent,
1388 906 1728 978 negligenter
1790 907 2200 976 transmittere;
2270 909 2540 980 lapidibus
2600 917 2781 963 autem
2842 909 3075 963 obruere
3165 920 3291 963 eum
3340 905 3438 976 qui
3509 903 3709 963 minori

424 1003 639 1073 quidem
696 1003 753 1058 in
793 1016 853 1057 re
906 1000 1088 1072 lapsus
1138 1011 1247 1066 est,
1272 1002 1369 1057 sed
1398 1000 1770 1069 deprehensus
1825 999 1879 1053 in
1907 999 2125 1058 delicto.

636 1118 869 1175 CLXXI.
889 1148 959 1161 —
977 1115 1234 1176 HERONI
1286 1116 1789 1174 SGHOLAS'I‘ICO.

492 1229 610 1287 Non
637 1232 809 1287 solum
841 1247 930 1299 ea',
965 1248 1091 1303 qua;
1114 1248 1221 1288 non
1252 1242 1381 1289 sunt
1419 1233 1474 1289 in
1498 1243 1686 1290 nostra
1711 1242 2001 1302 potestate,

427 1332 488 1379 ut
518 1333 598 1389 tu,
631 1324 715 1379 vir
748 1324 988 1393 sapiens,
1042 1323 1348 1393 arbitraris,
1374 1324 1467 1379 sed
1512 1339 1575 1379 ea
1620 1338 1837 1393 quoque
1870 1340 2008 1395 quo—

426 1431 545 1471 rum
568 1431 666 1471 nos
699 1430 885 1471 sumus
917 1415 1144 1479 domini,
1170 1416 1218 1470 si
1242 1431 1349 1470 non
1392 1431 1585 1486 magna
1641 1415 1828 1470 auxilii
1856 1416 2014 1486 c0pia

425 1509 585 1565 nobis
610 1522 641 1562 a
668 1508 849 1563 divina
875 1508 1215 1577 providentia
1244 1507 1522 1570 adveniat,
1559 1522 1663 1561 non
1711 1508 2013 1578 poterimus

426 1601 496 1656 ad
524 1601 826 1672 perfectum
863 1600 1027 1655 tinem
1095 1600 1413 1668 exitumque
1469 1600 1790 1670 perducere.
1816 1599 2010 1654 Aderit

427 1702 610 1750 autem
647 1694 701 1748 id
732 1703 949 1763 praesto,
974 1692 1199 1749 omnino
1229 1692 1297 1747 iis
1331 1692 1774 1763 hominibus,qui
1808 1695 2016 1763 absque

429 1784 884 1854 tergiversatione
912 1797 977 1837 ac
997 1790 1268 1853 praetextu
1294 1780 1407 1837 ullo
1460 1796 1524 1838 ea
1554 1796 1677 1852 qua:
1726 1796 1893 1852 penes
1953 1774 2015 1837 se

428 1887 557 1933 sunt
608 1877 874 1943 inferunt,
905 1877 1155 1947 nihilque
1208 1891 1419 1942 eorum,
1450 1890 1571 1946 quae
1601 1876 1668 1931 ad
1726 1875 1853 1932 illud
1911 1876 2015 1929 im-

434 1968 756 2038 petrandum
787 1968 1095 2024 conducere
1121 1968 1395 2035 videntur,
1422 1968 1863 2038 praetermittunt.
1881 1967 2015 2022 Nam

431 2059 646 2129 (divina
702 2058 1076 2130 providentia)
1124 2074 1245 2129 quae
1290 2073 1397 2115 non
1459 2059 1704 2115 volentes
1732 2060 1935 2116 excitat
1961 2067 2019 2116 et

2390 1118 2564 1176 POA'.
2591 1144 2662 1160 -ι
2699 1117 2911 1173 ΗΡΩΝΙ
2951 1115 3413 1188 ΣΧΟΛΔΣΤΙΙΕῼ.

2186 1234 2263 1288 Οὐ
2295 1237 2456 1303 μόνον
2484 1235 2598 1296 τοῖς
2616 1232 2722 1287 οὐκ
2750 1230 2835 1301 ἐφ’
2868 1232 3022 1302 ἡμῖν,
3048 1220 3094 1282 ὦ
3123 1230 3277 1299 σοφὲ,
3308 1227 3386 1291 ὡς
3415 1229 3554 1299 ἡγῇ,
3579 1225 3714 1279 ἀλλὰ

2115 1327 2210 1380 καὶ
2236 1323 2295 1378 ὲν
2317 1326 2501 1387 αὐτοῖς
2528 1325 2616 1394 ἐφ’
2644 1325 2802 1393 ἡμῖν,
2826 1323 2875 1374 εί
2914 1322 2987 1392 μὴ
3014 1320 3188 1391 πολλὴ
3220 1321 3355 1391 ἡμῖν
3388 1318 3536 1390 ῥοπὴ
3561 1319 3717 1387 παρὰ

2115 1418 2215 1487 τῆς
2250 1413 2401 1478 Θείας
2431 1412 2691 1485 προνοίας
2712 1411 3096 1480 ἐπιφοιτήσει,
3126 1411 3227 1463 οὐκ
3261 1408 3326 1462 ἂν
3348 1406 3717 1477 δυνηθείημεν

2117 1504 2261 1561 αὐτὰ
2304 1507 2385 1569 είς
2416 1503 2568 1565 τέλος
2593 1501 2781 1573 ἄρτιον
2811 1500 2922 1570 (51)
2953 1501 3204 1570 ἀγαγεῖν.
3250 1498 3639 1568 Ἐπιφοιτήσει
3663 1496 3716 1549 δὲ

2118 1597 2371 1659 πάντως,
2402 1597 2518 1658 τοῖς
2555 1594 2738 1648 πάντα
2770 1591 2839 1645 τὰ
2882 1592 3012 1661 παρ’
3046 1589 3257 1644 ἑαυτῶν
3290 1590 3423 1645 ἄνευ
3456 1588 3716 1659 σκήψεως

2115 1688 2453 1760 εἰσφέρουσι,
2481 1688 2577 1740 καὶ
2608 1685 2774 1756 μηδὲν
2801 1682 3292 1754 παραλιμπάνουσι
3320 1683 3432 1737 τῶν
3451 1682 3537 1745 είς
3557 1678 3718 1733 τοῦτο

2122 1782 2421 1854 φερόντων.
2486 1780 2553 1832 Ἦ
2596 1778 2707 1847 γὰρ
2753 1777 2880 1841 τοὺς
2926 1779 3002 1847 μὴ
3063 1775 3429 1848 βουλομένους
3480 1773 3713 1845 προτρέο

2120 1889 2299 1928 πουσα
2318 1913 2334 1939 ,
2363 1872 2489 1937 τοὺς
2517 1870 2904 1941 βουλομένους,
2932 1869 3031 1924 καὶ
3056 1869 3239 1925 πάντα
3266 1867 3587 1932 ποιοῦντας,
3623 1865 3715 1919 καὶ

2120 1964 2710 2038 πραγματευομένους,
2736 1964 2956 2027 πάντως
2982 1965 3063 2028 είς
3085 1962 3260 2033 αὐτὴν
3285 1962 3396 2017 τῶν
3428 1959 3712 2031 κατορθω-

2127 2057 2315 2128 μάτων
2350 2056 2559 2110 ἀνοίσει
2584 2056 2685 2126 τὴν
2715 2060 2983 2128 κορυφήν.

429 2157 681 2211 hortatur
704 2162 767 2209 ut
791 2152 979 2219 velint,
1016 2152 1265 2224 profecto
1298 2166 1416 2219 eos,
1445 2152 1535 2223 qui
1615 2153 1827 2220 volunt,
1878 2153 2173 2225 omniaque
2235 2151 2445 2206 faciunt
2495 2162 2549 2205 et
2601 2149 2836 2204 sollicite
2888 2157 3079 2219 agunt,
3150 2150 3373 2203 omnino
3425 2147 3484 2203 in
3540 2145 3716 2217 ipsum

432 2246 700 2317 praclare
730 2242 1002 2299 factorum
1020 2241 1287 2299 subvehet
1311 2242 1611 2314 fastigium.

594 2356 854 2415 CLXXII.
874 2357 1314 2414 —}EMILIANO
1360 2354 1841 2414 PRESBYTERO.

504 2472 623 2530 Non
646 2473 842 2546 exigua
864 2486 931 2528 ex
966 2474 1329 2527 maximorum
1357 2471 2013 2543 pmclarissimorumqne

435 2566 653 2621 virtutis
678 2579 905 2636 operum
936 2563 1456 2620 commemoratione
1481 2574 1766 2634 promanat
1789 2562 2018 2618 utilitas.

437 2654 571 2710 Nam
589 2664 645 2712 et
674 2654 1010 2711 dormientes
1026 2655 1241 2710 animas
1266 2653 1337 2709 ad
1359 2654 1612 2710 virtutem
1633 2660 2019 2726 capessendam

438 2744 761 2810 exsuscitat,
802 2754 859 2799 et
919 2741 1147 2813 ignavas
1208 2757 1273 2799 ac
1326 2746 1587 2800 socordes
1671 2744 2021 2801 excitatiores

439 2833 628 2899 ellicit,
677 2843 732 2888 et
759 2832 908 2887 vitiis
942 2832 1285 2902 indulgentes
1312 2834 1641 2889 erubescere
1662 2834 1843 2899 docet,
1861 2844 2024 2902 atque

2313 2354 2479 2409 POB'.
2521 2386 2589 2395 -
2617 2353 2979 2424 ΑΙΜΙΛΙΑΝῼ
3008 2352 3462 2422 ΠΡΕΣΒΥΤΕΡῼ

2199 2467 2311 2540 (52)
2343 2467 2417 2520 Οὐ
2461 2465 2636 2537 μικρὰ
2663 2466 2775 2535 (55)
2804 2467 2868 2517 ὲκ
2889 2464 2999 2517 τῶν
3037 2463 3310 2534 μεγίστων
3340 2457 3709 2531 κατορθωμάο

2134 2576 2246 2613 των
2290 2558 2595 2628 διηγήσεως
2622 2557 2882 2625 ὠφέλεια.
2927 2556 3040 2618 Τὰς
3073 2554 3171 2625 μὲν
3214 2554 3324 2623 γὰρ
3358 2552 3711 2624 κοιμωμένας

2127 2652 2305 2723 ψυχὰς
2326 2650 2584 2720 διεγείρει
2614 2649 2754 2717 πρὸς
2791 2649 2995 2719 ἀρετήν
3014 2665 3028 2678 ·
3076 2647 3176 2710 τὰς
3202 2646 3260 2699 δὲ
3285 2645 3508 2716 maps;
3532 2644 3711 2708 ὀξυτέο

2131 2762 2232 2817 ρας
2292 2740 2750 2810 παρασκευάζει·
2803 2742 2905 2804 τὰς
2957 2739 3014 2793 δὲ
3069 2737 3269 2791 κακίαν
3325 2736 3710 2807 ἁσπαζομένας

2129 2836 2395 2908 ὲρυθριᾷν
2437 2833 2711 2896 διδάσκει,
2753 2832 2847 2885 καὶ
2880 2833 2960 2895 εἰς
3003 2829 3290 2900 μετάνοιαν
3338 2827 3555 2899 ὁδηγεῖ.
3608 2827 3708 2879 Καὶ

437 2927 506 2983 ad
536 2925 911 2997 paenitentiam
941 2924 1205 2994 agendam
1237 2923 1479 2980 adducit.
1504 2924 1672 2994 quue
1724 2924 2019 2981 ostendens

2137 2929 2301 2983 τοῦτο
2352 2931 2380 2981 ό
2412 2927 2574 2996 σοφὸς
2621 2926 2835 2988 δεικνὺς
2865 2920 3280 2992 Παροιμιαστὴς
3311 2920 3441 2990 ἔφη·
3484 2936 3503 2969 ι
3538 2918 3711 2989 [inpia

439 3017 662 3087 sapiens
691 3015 781 3072 ille
842 3014 1265 3070 Proverbiorum
1333 3017 1569 3086 scriptor
1618 3016 1799 3072 dixit:
1833 3035 1853 3069 ι
1888 3015 2019 3071 Favi

440 3107 618 3164 mellis
644 3115 775 3162 sunt
823 3120 1107 3161 sermones
1160 3108 1373 3162 honesti
1404 3108 1447 3160 ’.
1480 3126 1498 3159 ι
1536 3106 1806 3163 Honestos
1866 3116 2022 3162 vocat

439 3213 555 3264 eos,
574 3198 667 3267 qui
696 3198 761 3253 de
787 3196 992 3268 pietate
1019 3210 1082 3250 ac
1117 3197 1318 3252 virtute
1379 3197 1685 3263 habentur;
1719 3214 1825 3252 non
1874 3197 2019 3260 illos,

439 3288 536 3359 qui
582 3287 819 3343 ascititia
850 3288 1083 3357 quadam
1114 3297 1399 3344 venustate
1414 3276 1472 3344 se
1498 3290 1798 3356 venditant,
1823 3291 1917 3346 sed
1931 3290 2023 3361 qui

440 3393 504 3433 ex
536 3392 596 3433 se
615 3377 747 3446 ipsis
777 3377 933 3446 quasi
958 3378 1119 3431 domo
1152 3375 1385 3432 atl‘erunt
1412 3377 1663 3433 veritatis
1714 3377 2023 3447 pulchritu»

440 3469 670 3522 dinem:
704 3481 809 3522 non
856 3471 948 3537 qui
1010 3474 1269 3535 tanquam
1314 3467 1367 3522 in
1416 3482 1580 3521 curru
1657 3468 1872 3536 poetico
1925 3476 2020 3522 aut

440 3558 681 3615 oratorio
703 3560 999 3623 vehuntur,
1037 3556 1133 3614 sed
1185 3558 1308 3628 quia
1360 3561 1597 3613 nativam
1653 3569 1816 3629 atque
1844 3574 1874 3613 a
1905 3560 2017 3614 Deo

443 3651 624 3704 datam
662 3650 969 3719 pedestrem
1022 3649 1271 3703 semitam
1321 3658 1523 3705 terunt.
1566 3649 1729 3720 512
1776 3650 1842 3704 Et
1893 3649 2025 3721 qttid

447 3743 663 3798 tandem
717 3742 845 3798 hinc
904 3741 1045 3798 redit
1100 3741 1558 3797 utilitatishlocc
1610 3755 2026 3812 nos,quaaso,o

447 3834 700 3906 Sapiens.
744 3852 765 3887 ι
794 3834 1031 3889 Dulcedo
1062 3842 1241 3888 autem
1270 3848 1459 3888 eorum
1493 3833 1742 3905 (inquit)
1767 3845 1850 3888 est
1870 3848 2026 3888 sana-

449 3925 526 3980 tio
556 3924 753 3981 animae
786 3925 853 3978 ¹⁰.
893 3942 913 3977 ›
948 3923 1215 3991 Quoniam
1266 3924 1430 3992 igitur
1461 3933 1677 3979 constat
1726 3927 2027 3995 priscorum

2126 3020 2343 3091 μέλιτος
2380 3018 2531 3087 λόγοι
2581 3016 2755 3070 καλοί.
2798 3037 2815 3067 ο
2852 3014 3068 3074 Καλοὺς
3105 3012 3273 3080 λέγει,
3309 3012 3439 3073 τοὺς
3462 3010 3596 3081 περὶ
3623 3010 3707 3061 εὑ-

2126 3110 2343 3173 σεδείας
2385 3111 2481 3163 καὶ
2521 3109 2724 3182 ἀρετῆς
2759 3106 3115 3177 κινουμένους
3136 3145 3150 3168 ,
3182 3105 3242 3157 οὺ
3274 3104 3405 3167 τοὺς
3439 3104 3708 3173 ὲπικτήτιε·

2126 3203 2456 3273 κομμωτικῇ
2488 3200 2960 3271 σεμνυνομένους,
2996 3197 3136 3251 ἀλλὰ
3182 3197 3310 3258 τοὺς
3361 3194 3583 3249 οἴκοθεν
3617 3195 3707 3246 ἐπ’

2126 3293 2432 3365 αγομένους
2463 3293 2564 3363 τῆς
2595 3291 2855 3362 ἀληθείας
2891 3290 2953 3344 τὸ
2994 3288 3223 3352 κάλλος·
3260 3287 3323 3340 οὐ
3350 3287 3484 3349 τοὺς
3507 3285 3595 3354 ἐφ’
3615 3286 3707 3355 ἆρ-

2129 3402 2301 3455 ματος
2333 3383 2621 3454 ποιητικοῦ
2650 3383 2684 3454 ἢ
2718 3380 3013 3454 ῥητορικοῦ
3038 3379 3394 3450 ὀχουμένους,
3428 3377 3568 3430 ἀλλὰ
3592 3376 3708 3437 τοὺς

2125 3478 2228 3547 τὴν
2249 3477 2499 3549 ἔμφυτον
2540 3478 2635 3530 καὶ
2681 3475 3014 3547 θεοδώρητον
3047 3473 3223 3544 πεζὴν
3254 3472 3487 3541 πορείαν
3535 3487 3705 3524 ποιου-

2132 3569 2327 3640 μένους
2348 3586 2363 3599 '
2393 3569 2488 3623 καὶ
2516 3569 2571 3622 τί
2597 3568 2659 3622 τὸ
2690 3567 2940 3621 ἐντεῦθεν
2968 3565 3201 3635 ὃφελος;
3227 3564 3470 3628 Δίδαξον,
3492 3558 3539 3617 ὦ
3563 3562 3705 3631 σοφὲ.

2136 3677 2156 3711 t
2203 3660 2504 3729 Γλύκασμα
2537 3658 2594 3711 δὲ
2627 3656 2808 3712 αὐτῶν
2854 3657 2999 3719 ἴασις
3028 3654 3226 3726 ψυχῆς.
3273 3673 3292 3705 ι
3342 3655 3503 3707 Ἐπεὶ
3536 3652 3706 3705 τοίνυν

2131 3751 2191 3804 οὐ
2228 3750 2432 3821 μικρὰν
2459 3748 2640 3803 ὼδίνει
2668 3749 2768 3820 τὴν
2797 3747 3070 3817 ὠφέλειαν
3102 3746 3171 3800 τὰ
3205 3746 3318 3799 τῶν
3348 3744 3598 3799 παλαιῶν
3618 3744 3706 3796 ἀν-

2134 3839 2537 3911 δραγαθήματα
2565 3878 2580 3904 ,
2616 3838 2860 3909 συνεχῶς
2904 3838 3007 3901 τὰς
3065 3837 3274 3891 τούτων
3310 3835 3592 3908 ἀριστείας
3654 3835 3708 3885 ὲν

2137 3929 2418 3997 συλλόγοις
2450 3927 2548 3981 καὶ⁷
2584 3927 2857 3997 διαλόγοις
2906 3927 2965 3979 ὲν
3001 3926 3153 3997 μέσῳ
3198 3925 3481 3997 φέρωμεν.
3537 3924 3706 4000 Πολλᾲ

450 4016 729 4072 hominum
756 4016 1017 4087 praeclara
1052 4016 1315 4082 facinora,
1352 4017 1397 4071 si
1429 4017 1638 4073 crebris
1687 4029 2019 4088 usurpentux

2136 4021 2243 4092 γὰρ
2280 4021 2490 4091 ψυχικὰ
2531 4020 2815 4092 νοσήματα
2840 4062 2855 4085 ,
2889 4019 2988 4073 καὶ
3025 4019 3393 4080 λανθάνοντα,
3419 4020 3511 4110 καὶ
3540 4018 3704 4088 δῆλα.

448 4108 816 4174 sermonibus,
836 4123 940 4163 non
975 4110 1225 4179 exiguam
1267 4124 1461 4177 parere
1520 4110 1807 4165 utilitatem
1842 4111 2027 4177 ;assi-

2134 4114 2437 4185 θεραπείας
2466 4113 2787 4184 προσφόρου
2820 4111 3091 4177 τεύξεται.

448 4201 554 4255 due
582 4201 823 4272 ipsorum
856 4202 1075 4273 egregia
1128 4200 1271 4256 facta
1303 4203 1357 4257 in
1390 4203 1624 4257 coetibus
1650 4212 1707 4257 et
1736 4203 2025 4273 colloquiis
2064 4205 2115 4259 in
2147 4205 2385 4260 medium
2434 4204 2796 4273 proferamus.
2869 4202 3017 4255 Multi
3074 4200 3220 4255 enim
3258 4201 3436 4254 morbi
3505 4198 3703 4254 animo-

452 4312 594 4364 rum,
642 4306 752 4354 tam
814 4297 1045 4353 latentes
1104 4313 1266 4368 quam
1322 4298 1617 4363 manifesti,
1678 4298 1807 4353 hinc
1856 4296 2181 4353 medicinam
2209 4298 2517 4367 appositam
2548 4305 2602 4352 et
2635 4295 3047 4350 convenientem
3074 4308 3503 4366 consequentur.

748 4409 1357 4465 CLXXlll.—HELI.E
1412 4409 1731 4466 DIACONO.

506 4501 572 4556 In
599 4501 755 4565 illud,
787 4520 805 4552 t
847 4501 1095 4571 Disponet
1124 4519 1387 4556 sermones
1415 4519 1537 4555 suos
1562 4503 1613 4555 in
1640 4502 1845 4570 judicio
1864 4500 1929 4556 ¹².
1962 4519 1982 4554 ι

528 4655 946 4726 Sapientissime
972 4656 1075 4720 vir,
1099 4656 1191 4726 qui
1226 4656 1290 4709 ad
1339 4657 1571 4727 gratiam
1599 4657 1842 4723 laudant,
1873 4667 1931 4711 et
1962 4660 2030 4712 ad

455 4750 639 4804 odium
671 4750 984 4817 vituperant
1028 4749 1187 4813 alios,
1215 4763 1321 4804 non
1354 4756 1484 4803 sunt
1515 4750 1569 4803 in
1595 4749 1878 4804 hominum
1931 4766 2031 4804 nu-

2064 4391 2111 4448 Ι)

2522 4408 2689 4466 Por'.
2720 4437 2792 4447 —
2820 4407 2989 4479 ΗΛΙᾼ
3017 4406 3339 4479 ΔΙΑΚΟΝῼ.

2305 4495 2395 4562 τὸ,
2453 4513 2473 4548 t
2513 4494 2908 4618 leoromia’s;
2960 4494 3104 4561 τοὺς
3136 4495 3361 4563 λόγους
3398 4491 3580 4547 αὐτοῦ
3616 4493 3683 4546 ἐν

2802 4582 2875 4618 κο
2901 4581 3017 4618 σει.

2802 4581 3017 4635 κρίσει.

2207 4659 2282 4712 Οὐ
2306 4658 2450 4730 χρὴ,
2475 4650 2523 4713 ὦ
2574 4658 2877 4729 σοφώτατε,
2908 4658 3036 4721 τοὺς
3066 4656 3203 4728 πρὸς
3235 4656 3402 4727 χάριν
3427 4653 3702 4710 tuath

2141 4767 2271 4816 τας,
2308 4752 2405 4804 καὶ
2438 4750 2576 4824 πρὸς
2612 4751 2911 4821 ἀπέχθειαν
2947 4750 3239 4819 ψέγοντας,
3276 4750 3357 4812 είς

459 4853 612 4894 mero
639 4838 875 4894 habendi
906 4855 923 4893 :
953 4839 1050 4893 sed
1079 4839 1177 4905 illi,
1206 4841 1468 4908 quicerto
1493 4840 1698 4909 judicio
1736 4849 1793 4894 et
1848 4852 2019 4894 amant

2137 4843 2394 4914 ἀριθμεῖν
2419 4857 2433 4872 ’
2487 4842 2601 4895 ἀλλ’
2634 4843 2878 4906 ἐκείνους
2917 4842 3045 4902 τοὺς
3082 4840 3265 4910 κρίσει
3305 4840 3403 4893 καὶ
3440 4836 3706 4909 φιλοῦντας

456 4944 513 4988 et
539 4932 962 5003 reprehendunt.
991 4931 1123 4999 Quae
1158 4946 1324 4987 causa
1358 4947 1576 5003 quoque
1615 4942 1720 5000 est,
1745 4947 1845 4988 cur
1886 4931 2036 4987 Psal-

2141 4935 2237 4989 καὶ
2265 4934 2613 5004 ἐλέγχοντας.
2656 4933 2749 4986 Διὸ
2780 4933 2874 4987 καὶ
2899 4933 2927 4985 ό
2951 4932 3205 5003 Μελῳδὸς
3227 4931 3322 4985 τὸν
3352 4931 3565 4986 δίκαιον
3590 4931 3703 4984 ἀνα-

457 5038 669 5079 tnorum
731 5024 967 5093 scriptor
1026 5024 1202 5079 virum
1259 5024 1467 5094 justum
1530 5023 2019 5094 prazdicans,inte1

2143 5023 2437 5097 κηρύττων
2461 5064 2477 5089 ,
2531 5024 2670 5095 μετὰ
2713 5024 2824 5077 τῶν
2863 5022 3041 5077 ἄλλων
3082 5022 3581 5093 πλεονεκτημάτων
3622 5019 3705 5072 καὶ

458 5114 562 5170 alia
587 5115 785 5186 quibus
805 5114 1044 5181 excellit,
1070 5115 1236 5171 etiam
1292 5115 1395 5172 hoc
1433 5117 1689 5187 apposuit
1728 5116 1887 5187 eique
1942 5117 2041 5171 tri-

530 5273 552 5305 ⁹
577 5271 741 5330 Prov.
771 5288 883 5340 ινι,
912 5272 1003 5347 9.4.
1078 5272 1125 5304 ¹⁰
1146 5270 1280 5328 ibid.
1359 5272 1400 5303 “
1434 5270 1574 5327 Psal.
1600 5286 1711 5338 cn,
1736 5271 1792 5327 5.

2142 5116 2303 5170 τοῦτο
2335 5115 2678 5187 προσέθηκεν
2698 5134 2709 5144 ·
2745 5135 2763 5166 t
2793 5115 3151 5186 Οἰκονομήσει
3182 5115 3311 5179 τοὺς
3340 5115 3537 5183 λόγους
3559 5108 3705 5169 αὑτοῦ

1565 5424 1800 5480 νΑιιιΑΞ
1841 5423 2224 5481 LECTIONES
2257 5425 2345 5480 ET
2378 5424 2608 5481 NOTAE.

530 5586 643 5659 (51)
674 5587 895 5659 '_Ap-t:tov
924 5599 1099 5644 mutat
1122 5589 1173 5643 in
1202 5588 1375 5643 αἴσιον
1401 5585 1521 5659 cod.
1562 5583 1821 5659 Vat.65(l._
1835 5582 2044 5659 Possm.

534 5655 648 5729 (52)
679 5655 876 5715 Confer
909 5660 1213 5728 gnomicam
1240 5658 1567 5731 epigraplten
1599 5673 1687 5726 ep.
1720 5655 1821 5711 167
1846 5656 1939 5711 lib.
1980 5671 2043 5708 ιι.

462 5729 627 5785 Rt'rr.

2227 5581 2340 5649 (55)
2366 5581 2494 5635 Post
2522 5579 2581 5632 οὐ
2618 5580 2789 5649 μικρὰ
2821 5580 2901 5634 sic
2930 5580 3124 5636 scribit
3165 5580 3333 5636 codex
3390 5578 3512 5633 Vat.
3541 5574 3705 5649 659,71]

2152 5653 2217 5704 ὲκ
2264 5648 2363 5722 τῆς
2415 5648 2740 5721 διηγήσεως,
2777 5660 2830 5707 et
2875 5664 2927 5705 v.
2975 5652 3013 5705 2
3055 5651 3259 5707 omittit
3301 5665 3489 5705 vocem
3537 5648 3705 5716 διηγή-

2154 5721 2326 5785 σεως,
2343 5721 2552 5777 Possm.
