3906 6416
204 410 307 476 1235
1024 398 1564 460 EPISTOLARUM
1604 398 1749 459 LlB.
1790 399 1978 459 1v.—
2016 399 2254 462 EPIST.
2305 400 2573 462 eLxxv.
3288 398 3425 466 1266

200 530 247 597 tv
267 519 433 593 κρίσει.
474 535 494 569 ι
538 516 792 589 Κρίσεως
823 515 933 588 γὰρ
960 515 1146 585 ὑγιοῦς
1184 514 1299 568 ἴσον
1319 515 1494 569 οὐδέν.
1524 515 1589 568 Οἰ
1622 514 1730 586 γὰρ

1884 515 1951 570 :iit
1988 530 2004 569 :
2041 534 2061 568 ι
2099 516 2363 586 Disponet
2386 530 2672 573 sermones
2718 531 2848 573 suos
2884 517 2939 571 in
2964 515 3195 585 judicio.
3228 537 3247 570 ι
3279 516 3426 575 Sane

196 615 359 682 ταύτης
384 611 632 680 ἄμοιροι,
686 608 782 662 καὶ
810 609 931 671 ταῖς
978 606 1207 670 οἰκείαις
1240 606 1563 677 ἐπιθυμίαις
1600 605 1729 659 ἐπό-

1888 605 1979 659 ιίιιι
2010 605 2224 676 judicio
2254 606 2389 662 nihil
2412 614 2500 662 est
2523 606 2668 676 quod
2720 607 3028 674 comparari
3087 617 3276 691 queat.
3312 606 3427 664 Hoc

200 723 336 778 μενοι,
358 702 444 757 καὶ
471 702 598 765 τοὺς
639 699 716 771 μὴ
751 698 1073 783 ἐλέγχεσθαι
1105 698 1218 768 (54)
1240 697 1589 767 ὀφείλοντας,
1622 715 1720 757 κοιτ

1887 696 1980 750 lim
2012 696 2104 767 qui
2128 706 2321 753 carent
2346 706 2405 755 et
2447 699 2567 755 suis
2598 697 2847 755 obsecuti
2880 698 3299 768 cupiditatibus,
3332 716 3429 756 eos

196 794 471 856 λακεύοντες
493 832 511 859 ,
537 792 665 855 τοὺς
693 791 752 845 δέ
784 789 1233 860 ἐγκωμιάζεσθαι
1266 789 1513 853 δικαίους
1555 786 1721 842 κακί-

1882 787 2055 845 uidem
2100 803 2242 860 quos
2286 790 2692 861 reprehendere
2747 791 3060 860 oportebat,
3094 791 3424 859 adulantur;

196 890 370 953 ζοντες·
399 876 541 938 οὗτοι
564 882 1134 955 ἁνδραποδωδέστατοί
1173 884 1302 946 εἰσι,
1339 881 1541 954 μᾶλλον
1569 882 1627 936 δέ
1653 883 1734 946 εἰς

1885 894 1933 937 >ε
1962 893 2144 936 autem
2167 882 2261 951 qui
2296 881 2509 938 laudari
2569 882 2948 948 merebantur,
2979 884 3387 954 reprehendunt
3412 901 3427 951 ;

192 984 271 1053 τὴν
296 981 392 1035 τῶν
429 980 643 1047 ἀλόγων
674 979 900 1045 δικαίως
933 978 1001 1034 ἂν
1047 978 1368 1051 καωχθεῖεν
1414 978 1575 1050 φύσει
1627 980 1734 1051 ψῆ-

1888 972 1914 1029 li
1941 988 2071 1030 vero
2102 974 2290 1032 servili
2317 976 2610 1032 admodum
2644 984 2776 1032 sunt
2832 976 3053 1048 ingenio
3080 978 3328 1048 praediti;
3366 993 3430 1033 ac

194 1090 272 1144 φον
293 1072 412 1146 (55).
1837 1066 2019 1135 potius
2050 1066 2103 1121 in
2134 1067 2421 1123 brutarum
2477 1068 2746 1139 pecudum
2807 1068 3040 1124 classem
3093 1068 3291 1125 merito
3344 1083 3433 1125 re-

1842 1156 2070 1216 ferendi.

382 1269 544 1323 POA'.
573 1297 641 1307 —
670 1267 935 1322 MAPnNI
966 1264 1081 1338 (56)
1119 1265 1492 1337 ΕΠΙΣΚΟΠῼ.

2124 1271 2761 1332 CLXXIV.—MARONI
2795 1273 3150 1334 EPISCOPO.

190 1362 275 1427 εἰς
298 1357 355 1413 τὸ
383 1355 724 1426 εἰρημένον·
777 1375 797 1408 ι
1026 1357 1083 1478 ³τί
1109 1354 1418 1411 θεοσέϐειά
1450 1355 1585 1408 ἐστι
1627 1369 1732 1407 σο-

1888 1382 1908 1419 ιι
1941 1366 1996 1419 id
2035 1367 2175 1437 quod
2204 1369 2400 1421 dictum
2427 1379 2525 1429 est,
2554 1384 2573 1417 ι
2607 1368 2741 1421 Ecce
2759 1368 2948 1434 pietas,
2972 1369 3081 1422 sive
3107 1368 3283 1424 cultus
3306 1368 3430 1437 Dei,

2374 1448 2450 1491 est
2498 1438 2764 1508 sapientia
2784 1439 2885 1490 η.»

246 1542 311 1599 Οὔ
343 1560 426 1615 μοι
466 1542 930 1613 ὼκείὀάοίδιμος
969 1540 1123 1609 Ἰὼ6,,
1161 1540 1476 1614 ὁριζόμενος
1515 1538 1613 1611 τὴν
1653 1556 1742 1593 σο·

1914 1555 2031 1611 Νοη
2054 1555 2271 1611 videtur
2297 1555 2428 1610 mihi
2482 1554 2716 1612 celebris
2752 1556 2842 1611 ille
2863 1562 2921 1612 et
2948 1555 3433 1612 decantatissimus

191 1637 293 1707 φὶαν
314 1634 402 1688 καὶ
426 1633 526 1705 τὴν
553 1634 889 1705 ἐπιστήμην,
924 1633 1207 1705 εἰρηκέναι
1232 1651 1247 1664 ο
1286 1652 1305 1685 ι
1355 1632 1489 1686 Ἰδοὺ
1539 1633 1573 1703 ἡ
1617 1631 1733 1685 θεο-

1891 1646 2031 1714 ibus,
2085 1647 2232 1715 quod
2288 1646 2572 1716 sapientiae
2619 1647 2975 1717 scientiaeque
3056 1647 3433 1704 deﬁnitionem

193 1728 349 1783 σέϐειά
377 1728 490 1780 ἐστι
528 1726 709 1796 σοφία.
747 1746 766 1778 ι
808 1726 882 1780 Τὸ
912 1726 970 1780 δὲ
1009 1725 1313 1796 ἀπέχεσθαι
1336 1724 1550 1793 κακῶν,
1592 1726 1735 1780 ἐστὶν

1896 1741 2061 1793 adere
2078 1739 2262 1803 vellet,
2287 1738 2496 1795 dixisse
2536 1740 2638 1795 ista
2672 1757 2687 1793 :
2720 1757 2740 1791 ι
2782 1738 2923 1797 Ecce
2974 1739 3072 1796 Dei
3123 1738 3307 1796 cultus
3352 1750 3438 1797 est

189 1821 468 1891 ἐπιστήμηο
512 1818 592 1890 τῷ
632 1819 747 1872 ὄντι
792 1819 903 1890 γὰρ
938 1820 971 1890 ή
1013 1818 1293 1889 ἀκροτάτη
1332 1816 1490 1887 σοφία
1519 1817 1731 1888 ἐστὶνή

1883 1830 2145 1900 apientia;
2187 1838 2244 1886 et
2307 1830 2583 1887 abstinere
2635 1847 2665 1885 a
2722 1832 2903 1897 malis,
2959 1840 3048 1887 est
3112 1832 3370 1888 scientia.
3406 1851 3425 1884 ι

188 1914 301 1986 ὀρθὴ
325 1913 445 1985 περί
472 1911 610 1965 Θεοῦ
641 1911 896 1984 διάληψις
920 1927 932 1941 ·
967 1910 1063 1964 καὶ
1092 1912 1126 1981 ή
1149 1910 1404 1982 θειοτάτη
1432 1911 1730 1983 ἐπιστήμη,

1898 1938 2055 1979 evera
2095 1926 2240 1978 enim
2303 1937 2519 1979 summa
2573 1923 2843 1995 sapientia
2884 1932 2969 1980 est
3010 1936 3161 1980 recta
3208 1923 3279 1981 de
3327 1925 3437 1981 Deo

186 2007 356 2076 ἀρίστη
388 2004 597 2076 πρᾶξις
619 2021 632 2034 ·
662 2005 697 2075 ή
732 2005 831 2074 μὲν
856 2004 919 2056 τὸ
940 2002 1099 2056 Θεῖον
1134 2000 1313 2073 ὀρθῶς
1346 2000 1670 2069 δοξάζουσα,
1704 2004 1728 2072 ἦ

1892 2014 2207 2079 ristimatio,
2230 2022 2285 2069 et
2323 2012 2667 2068 divinissima
2726 2013 2981 2079 scientia,
3013 2015 3219 2084 optima
3242 2014 3389 2069 actio
3422 2032 3434 2069 :

186 2100 233 2151 δὲ
265 2097 436 2152 κακῶν
487 2096 843 2167 ἀπεχομένη’
883 2097 917 2168 ὴ
964 2096 1063 2166 μὲν
1096 2094 1185 2150 διὰ
1233 2090 1579 2167 πραγμάτῶν
1627 2094 1728 2167 (57Ῐ

1898 2122 2078 2160 ηιιπιηιι
2112 2106 2199 2161 illa
2234 2117 2381 2162 recte
2410 2107 2477 2161 de
2501 2105 2613 2161 Deo
2642 2106 2842 2172 sentit;
2883 2106 2985 2162 ista
3021 2122 3051 2161 a
3092 2107 3244 2162 vitiis
3268 2106 3440 2164 absti-

187 2191 488 2259 Θεολογοῦσα
513 2236 529 2259 ,
559 2192 594 2260 ή
614 2189 675 2242 δὲ
705 2188 796 2243 διὰ
825 2187 1081 2259 πράξεων
1119 2186 1505 2258 εὐδοκιμοῦσα.
1538 2188 1602 2241 Εἰ
1633 2186 1729 2242 τοί-

1895 2208 1964 2254 et.
2016 2198 2202 2254 Altera
2258 2190 2356 2269 per
2402 2199 2655 2269 dogmata
2705 2199 2772 2255 de
2816 2197 2929 2254 Deo
2985 2199 3437 2269 philosophatur;

184 2302 263 2335 νυν
282 2286 308 2337 ὁ
326 2282 579 2353 θεοφιλὴς
596 2281 695 2335 κα)⁸
723 2281 973 2351 φιλόθεός
995 2280 1112 2349 (58)
1143 2281 1262 2333 ἐστι
1277 2278 1372 2334 καὶ
1393 2278 1720 2350 ἐπιστήμων

1909 2299 2021 2344 tera
2075 2304 2172 2360 per
2223 2292 2465 2345 aetiones
2498 2289 2716 2344 laudem
2776 2291 3151 2361 consequitur.
3184 2291 3242 2346 Si
3278 2291 3443 2361 igitur

181 2377 262 2429 καὶ
285 2378 378 2447 τὴν
409 2373 754 2446 θεωρητικὴν
770 2371 1125 2445 ἔχειάρετὴν,
1154 2372 1251 2426 κα)⁸
1275 2371 1375 2443 τὴν
1404 2371 1722 2443 πρακτικὴν

1904 2397 1926 2436 a
1950 2392 2053 2447 est,
2080 2391 2140 2437 ut
2170 2383 2280 2438 Deo
2308 2385 2515 2439 charus
2537 2384 2611 2437 sit
2640 2384 2707 2450 is,
2746 2382 2842 2453 qui
2887 2392 2943 2438 et
2987 2383 3157 2437 Deum
3210 2393 3362 2439 amat
3387 2393 3446 2440 et

181 2467 263 2538 τὴν
292 2469 386 2537 μὲν
414 2467 493 2531 ὼς
525 2466 728 2538 ψυχὴν,
763 2468 865 2537 τὴν
898 2465 955 2518 δέ
978 2464 1056 2528 ὠς
1091 2463 1279 2535 σῶμα·
1312 2463 1365 2516 τί
1392 2461 1626 2535 περιττὰ
1662 2461 1720 2515 δα

1898 2472 2086 2528 :ientia
2137 2482 2220 2528 est
2268 2474 2549 2542 praeditus,
2586 2475 2793 2545 quique
2842 2481 2899 2529 et
2954 2475 3440 2545 oontemplativam

186 2560 370 2631 κοῦμεν
435 2559 791 2631 φιλοσοφεῖν,
830 2557 1109 2620 πολιτείας
1163 2557 1265 2628 μὲν
1310 2555 1541 2628 ἀρίστης
1600 2554 1728 2626 όλιγι

1903 2557 2019 2614 lbet
2046 2559 2307 2615 virtutem
2339 2570 2413 2617 et
2464 2562 2702 2617 activam
2730 2579 2745 2616 :
2773 2563 3004 2618 alteram
3040 2562 3260 2632 quidem
3295 2564 3445 2620 velut

178 2652 447 2723 ωροῦντες,
480 2651 817 2722 εὐγλωττίας
843 2650 900 2704 δέ
930 2650 1101 2721 μόνης
1125 2646 1534 2719 ἐπιμελόμενοι.

1901 2650 2120 2717 nimam,
2148 2652 2375 2708 alteram
2438 2668 2571 2710 vero
2624 2664 2884 2726 tanquam
2919 2670 3154 2726 corpus;
3186 2656 3318 2727 quid
3358 2668 3443 2714 est

176 2746 303 2815 quod
348 2747 513 2803 nobis
560 2746 1011 2816 persuadeamus,
1056 2758 1158 2801 nos
1213 2743 1418 2798 eximie
1472 2743 1751 2813 sapientes
1782 2757 1931 2812 esse,
1949 2745 2078 2801 dum
2127 2747 2393 2817 optimam
2423 2749 2646 2820 quidem
2710 2749 2926 2805 vivendi
2955 2749 3224 2807 rationem
3252 2765 3443 2821 parum

176 2858 439 2911 curamus;
479 2843 624 2900 belle
650 2857 781 2899 vero
809 2850 1111 2911 ornateque
1130 2839 1349 2896 dicendi
1386 2839 1567 2895 studio
1609 2838 1787 2896 solum
1825 2840 1995 2897 dediti
2034 2856 2239 2899 sumus.

399 2958 578 3013 POE'.
618 2986 689 2998 —
712 2957 923 3011 npan
951 2954 1405 3028 ΠΡΕΣΒΥΤΕΡᾷ
1426 2953 1565 3027 (59).

2067 2955 2326 3017 CLXXV.
2347 2958 2692 3017 —HERONI
2726 2958 3213 3018 PRESBYTERO.

173 3053 265 3119 εἰς
302 3052 390 3119 τὸ,
447 3070 467 3104 t
525 3051 611 3119 Τῷ
649 3051 939 3125 τύπτοντί
980 3065 1056 3106 σε
1087 3052 1177 3117 εἰς
1217 3049 1336 3120 τὴν
1378 3049 1592 3114 δεξιὰν
1617 3065 1715 3105 ova

1918 3051 2087 3107 uillud
2124 3050 2364 3124 (Christi
2412 3053 2611 3107 dictum
2633 3053 2677 3125 ),
2710 3072 2729 3106 ι
2769 3052 3097 3125 Percutienti
3162 3066 3215 3112 te
3250 3056 3307 3111 in
3355 3056 3460 3110 dem

841 3124 1013 3194 νόν-α.
1046 3140 1066 3174 ι
1778 3148 1825 3209 c
2232 3134 2383 3178 auram

1778 3148 1825 3209 ο
2232 3134 2413 3178 stram
2468 3124 2744 3179 maxillam
2774 3124 2841 3194 “,
2876 3143 2897 3178 ι
2928 3136 3034 3181 etc.

232 3238 343 3292 Οὐκ
375 3237 481 3306 ἂν,
520 3231 567 3292 ὧ
607 3238 773 3309 σοφὲ,
814 3240 865 3293 εἰ
911 3238 974 3292 τὸ
1014 3236 1358 3309 τυπτηθῑψαι
1410 3237 1508 3291 καὶ
1557 3236 1753 3309 ἀδικη-

1925 3240 1985 3298 Si
2010 3238 2221 3313 percuti
2260 3246 2317 3294 et
2370 3236 2571 3310 injuria
2620 3237 2806 3307 allici,
2843 3248 2991 3296 esset
3066 3238 3443 3309 succumbere,

168 3328 314 3402 θῆναι
338 3325 486 3403 ἦττα
513 3326 606 3403 ἦν,
631 3331 728 3387 καὶ
764 3332 795 3386 ό
824 3331 1063 3403 Χριστὸς
1092 3330 1188 3385 καὶ
1212 3330 1243 3384 ό
1264 3329 1477 3394 Παῦλος
1492 3329 1710 3384 τάναντί

1910 3349 2035 3407 eque
2066 3331 2325 3389 Christus
2372 3346 2554 3403 neque
2586 3329 2797 3389 Paulus
2840 3348 3083 3404 unquam
3116 3330 3292 3404 513
3320 3348 3452 3389 con-

168 3423 387 3495 ἔφησαν.
436 3426 501 3480 Ὀ
536 3426 634 3497 μὲν
678 3424 787 3498 γὰρ
814 3424 1095 3496 Δεσπότης
1125 3425 1205 3495 τῷ
1230 3423 1492 3478 τύπτοντι
1529 3424 1611 3487 εἰς
1650 3423 1710 3490 vi:

1903 3426 2027 3480 'aria
2050 3425 2337 3481 dixissent.
2372 3420 2637 3480 Dominus
2665 3426 2813 3480 enim
2837 3424 3099 3494 praecepit
3118 3424 3445 3495 percutienti

165 3512 339 3581 δεξιὰν
373 3517 644 3586 σιαγόνα,
674 3518 772 3571 καὶ
800 3516 900 3588 τὴν
941 3516 1109 3588 ἄλλην
1139 3516 1402 3589 παρέχειν
1427 3515 1707 3570 ἐθέσπισεν

1910 3520 2182 3576 ιάοιιι-οω
2211 3516 2518 3583 maxillam,
2548 3518 2794 3589 praebere
2823 3517 2991 3573 etiam
3022 3518 3281 3585 alteram;
3305 3519 3452 3588 Apo—

165 3608 191 3659 ό
217 3608 271 3661 δέ
313 3610 681 3674 ’Δπόστολοςο
719 3628 738 3663 t
773 3611 874 3669 Διὰ
902 3611 956 3662 τί
980 3610 1111 3680 οὐχὶ
1140 3610 1344 3680 μᾶλλον
1378 3607 1692 3675 ἀδικεῖσθε;

1906 3611 2031 3668 ,olus
2064 3619 2249 3666 autem
2285 3611 2576 3668 admonuit
2602 3611 2655 3664 in
2686 3609 2805 3666 haec
2828 3612 2993 3665 verba
3022 3627 3037 3667 :
3071 3628 3091 3661 ι
3127 3610 3311 3678 Quare
3342 3626 3448 3665 non

164 3702 457 3774 παρῄνεσε.
496 3703 707 3767 Καινὸς
738 3703 848 3775 γὰρ
872 3694 1027 3765 οὗτος
1048 3700 1159 3755 τῶν
1182 3701 1584 3771 παλαισμάτων
1612 3702 1641 3754 ὁ
1668 3717 1706 3753 νε

1911 3705 2039 3760 )tius
2078 3702 2335 3773 iniuriam
2375 3703 2622 3773 patimini
2658 3702 2743 3756 "?
2782 3721 2803 3755 ι
2834 3700 2987 3759 Nova
3040 3718 3279 3773 namque
3334 3702 3453 3758 hmc

166 3810 292 3862 μος,
320 3795 525 3866 ἐπειδὴ
566 3796 662 3850 καὶ
682 3795 997 3867 καινότερος
1025 3794 1137 3848 τῶν
1176 3794 1429 3848 ἐπάθλων
1462 3796 1491 3847 ὁ
1520 3793 1708 3863 τρόπος

1915 3805 1946 3850 ιι
1972 3795 2059 3850 lex
2111 3794 2498 3862 certaminum,
2529 3793 2976 3865 quandoquidem
3028 3794 3203 3865 magis
3269 3794 3457 3849 etiam.

161 3888 217 3956 οῤ
238 3888 347 3961 γὰρ
379 3890 627 3954 κότινος,
651 3889 747 3943 καὶ
778 3889 990 3959 σίτησις
1016 3889 1074 3942 ἐν
1098 3886 1410 3959 πρυτανείῳ
1429 3929 1443 3953 ,
1474 3886 1595 3939 οὐδέ
1623 3885 1703 3957 χαί

1914 3902 2034 3943 )vus
2054 3894 2141 3944 est
2171 3885 2521 3957 pramiorum
2554 3884 2770 3948 modus,
2788 3886 3043 3941 videlicet
3062 3900 3167 3940 non
3192 3884 3456 3949 oleaster,

162 3981 251 4032 καῖ
293 3980 519 4046 εἰκόνες
569 3980 757 4052 χρυσῷ
814 3980 1351 4054 ἀπαστράπτουσαι·
1415 3980 1487 4033 τὰ
1560 3982 1704 4049 οἱκτε

1912 3979 2140 4036 .cihatio
2186 3980 2241 4034 in
2302 3988 2589 4049 prytaneo,
2615 3991 2793 4048 neque
2859 3992 3024 4033 aeneae
3083 3988 3284 4033 statua:
3315 3992 3454 4033 auro

160 4075 329 4130 ταῦτα
359 4078 462 4132 καὶ
513 4076 712 4146 εὐτελῆ
744 4074 959 4129 ἐπαθλά
991 4076 1130 4129 εἰσιν
1152 4090 1166 4107 ’
1203 4072 1343 4127 ἀλλὰ
1376 4072 1472 4127 καὶ
1509 4071 1698 4144 βασιλε

1912 4072 2139 4144 ligentes
2168 4072 2407 4143 (misera
2442 4087 2507 4126 ac
2538 4071 2666 4126 vilia
2698 4079 2823 4126 sunt
2879 4069 3148 4139 ejusmodi
3178 4069 3454 4141 praemia),

159 4167 431 4235 οὐρανῶν,
461 4168 567 4230 καὶ
594 4166 713 4239 ζωὴ
739 4166 894 4230 τέλος
927 4166 1002 4237 μὴ
1036 4163 1406 4235 ἐπισταμένη.
1441 4162 1535 4234 Μή
1555 4163 1701 4216 τοίνυ

1914 4165 1961 4221 ιδ
1994 4179 2217 4237 regnum
2261 4163 2549 4230 cmlorum,
2580 4174 2636 4219 et
2669 4163 2780 4217 vita
2831 4163 2994 4217 linem
3042 4161 3314 4217 nesciens.
3337 4160 3456 4217 Noli

162 4257 207 4310 εἰ
239 4259 639 4331 ὑποχωρήσεις
658 4257 755 4313 καὶ
785 4258 1200 4329 φιλοσοφήσεις,
1229 4252 1427 4327 νόμιζε
1449 4254 1698 4327 ήττᾶσθα

1926 4257 2030 4310 itur
2070 4263 2261 4325 putare
2304 4263 2379 4318 te,
2439 4254 2567 4307 dum
2616 4252 2767 4309 cedis
2809 4263 2869 4309 et
2917 4252 3242 4309 Christianae
3290 4254 3468 4309 medi-.

159 4351 291 4405 ἀλλὰ
315 4352 495 4406 δίωκε
524 4351 627 4423 τήν
654 4352 815 4421 νίκην
849 4352 907 4404 ἐν
928 4353 996 4423 τῇ
1033 4350 1266 4422 δοκούσῃ
1292 4350 1437 4423 ἥττῃ
1467 4348 1701 4421 κειμένη

1916 4347 2057 4403 ιιίοηί
2082 4346 2835 4417 dasoperam,succumbere
2878 4359 2943 4401 ac
2996 4345 3180 4401 vinci:
3217 4346 3313 4401 sed
3355 4358 3458 4414 po-

158 4442 218 4495 Εἰ
266 4444 329 4498 δὲ
373 4443 697 4515 θαυμάζεις
752 4444 815 4499 τὸ
852 4444 1172 4515 εἰρημένον,
1227 4443 1673 4516 παραδείγματι,

1916 4454 1979 4495 us
2028 4453 2363 4509 persequere
2417 4438 2728 4506 victoriam,
2758 4452 2881 4510 quae
2935 4438 2989 4493 in
3054 4453 3121 4494 eo
3160 4439 3300 4510 ipso,
3332 4439 3458 4493 dum

155 4533 319 4602 λέγω,
350 4537 590 4606 ποιήσω
628 4534 824 4606 σαφές.
854 4534 1088 4603 Λέγεταί
1126 4553 1214 4599 τις
1255 4534 1511 4605 βασιλεὺς
1550 4534 1697 4605 μέλλε

1916 4529 2229 4587 Iccumbere
2261 4530 2534 4599 videmur,
2567 4532 2675 4588 sita
2706 4542 2813 4588 est.
2842 4529 2997 4598 Quod
3057 4531 3102 4587 si
3156 4530 3376 4587 miraris
3404 4530 3458 4587 id

158 4632 476 4700 ναυμαχεῖν
536 4629 676 4700 πρὸς
720 4627 849 4693 τοὺς
895 4609 1199 4695 ἐναντίους,
1263 4628 1358 4682 καὶ
1409 4626 1534 4682 ἰδὼν
1581 4627 1700 4681 πολ]

1921 4624 2018 4680 uod
2040 4624 2247 4680 dictum
2272 4634 2379 4691 est,
2410 4624 2661 4696 exemplo
2691 4623 3046 4680 manifestum
3090 4623 3288 4681 faciam
3320 4627 3463 4696 quod

154 4719 400 4785 πλέονας
440 4720 555 4785 τὰς
600 4720 711 4774 τῶν
747 4719 1026 4791 πολεμίων
1056 4719 1225 4788 ναῦς,
1268 4720 1364 4773 καὶ
1396 4720 1696 4791 ὑποχωρήσ

1921 4719 2017 4773 ieo.
2062 4715 2360 4774 Perhibent
2397 4733 2580 4789 regem
2620 4719 2937 4787 quemdam,
2967 4734 3091 4774 cum
3136 4718 3301 4774 vellet
3362 4734 3463 4791 pu—

156 4811 269 4874 τοτς
297 4810 607 4881 πολεμίοις
642 4810 1055 4883 ἐπερχομένοις.
1079 4810 1398 4882 εἰρηκέναι·
1429 4810 1505 4863 Οὐ
1539 4809 1698 4879 φεύγι

1921 4826 2038 4865 nam
2061 4810 2308 4867 navalem
2333 4811 2599 4867 adversus
2646 4812 2862 4870 hostem
2902 4827 3171 4883 pugnare,
3200 4812 3463 4868 vidisset-

151 4903 294 4959 ἀλλὰ
337 4906 448 4959 καὶ
490 4902 677 4958 διώκω
723 4904 785 4958 τὸ
831 4903 1114 4981 συμφέρον
1154 4903 1332 4958 ὀπίσω
1365 4903 1643 4974 κείμενον.

1924 4921 1984 4961 ue
2008 4905 2251 4962 hostium
2274 4920 2451 4961 naves
2476 4905 2640 4977 longe
2671 4905 2858 4977 plures
2895 4920 3057 4975 quam
3089 4919 3239 4973 suas,
3269 4905 3466 4962 ceden-

152 4995 338 5052 τοίνυν
362 4996 675 5055 κάνταῦθα
698 4997 757 5049 ἐν
783 4998 851 5067 τῇ
878 4993 1114 5067 δοκούσῃ
1138 4994 1279 5067 ἥττῃ
1295 4995 1390 5049 καὶ
1416 4995 1694 5066 ὑποχωρή‹

1944 5015 1983 5051 n
2023 4997 2695 5063 hostibusinvadentibus,
2727 4997 2975 5054 dixisse:
3007 4996 3140 5055 Non.
3186 4996 3486 5068 fugio,se¢

222 5155 266 5186 ¹¹
295 5152 411 5211 Job
450 5168 659 5219 xxvm,
688 5151 780 5208 28.
860 5150 913 5183 ⁸³
951 5148 1155 5207 Matth.
1178 5165 1233 5215 v,
1254 5149 1338 5207 39.
1426 5149 1474 5182 ιδ
1503 5149 1525 5205 1
1553 5148 1680 5205 Cor.
1708 5165 1783 5217 v1,
1815 5151 1873 5205 7‘.

1299 5289 1538 5347 VARle
1566 5288 1955 5345 LECTIONES
1984 5288 2075 5344 ET
2117 5287 2349 5347 NOTAE.

213 5453 339 5526 (54)
382 5451 695 5526 Καὶ-τοὺς
716 5451 803 5526 μὴ
824 5451 1036 5526 Αᾷλέγχ.
1074 5448 1295 5504 Videtur
1318 5448 1624 5504 redundare
1657 5448 1753 5519 μὴ,

1926 5446 2154 5519 ιμάτων.
2186 5447 2321 5502 Nam
2358 5449 2703 5519 πραγμάτων
2727 5449 2947 5526 quidem
2981 5446 3198 5526 tolerari
3244 5447 3333 5502 hic
3361 5462 3468 5505 non

145 5518 238 5581 vei
269 5518 379 5590 pro
411 5540 493 5579 eo
528 5522 633 5593 leg.
667 5518 986 5593 μένέιῖιτὶν.
1350 5592 1353 5593 ν
1419 5591 1431 5593 _
1661 5518 1667 5519 ί

1661 5518 1667 5519 “
1722 5518 1730 5519 “
1872 5518 2075 5593 potest,
2096 5533 2235 5593 _cum
2268 5518 2686 5593 monsequatur
2714 5518 2986 5593 πράξεων.
3018 5520 3184 5593 [ἰ-ιττ.

196 5588 347 5684 ’(55)
379 5595 536 5684 Ero.
562 5588 744 5666 ψῆφον
784 5596 907 5651 cod.
956 5593 1133 5650 Vatic.
1185 5590 1292 5647 650
1346 5591 1511 5646 habet
1563 5598 1738 5644 tantm

1953 5590 2068 5684 (ξε)
2093 5589 2246 5684 inter
2272 5588 2519 5658 φιλόθεος
2557 5601 2613 5644 et
2638 5588 2929 5645 tart'idem
2976 5590 3098 5645 cod.
3142 5589 3335 5646 inserit
3377 5590 3471 5645 καὶ

142 5660 341 5738 eam;
379 5660 668 5723 Possm."

215 5738 349 5807 (56)
377 5736 549 5807 (Ξίιιι.Δ
573 5734 696 5807 Yat.
716 5736 824 5791 650
855 5734 983 5807 legi_t
1009 5733 1260 5807 Μαρίνῳ.
1301 5732 1360 5787 ln
1397 5732 1664 5802 principio

2093 5660 2406 5807 Exul-iptio
2425 5731 2571 5807 nu|_l_a
2611 5741 2731 5807 erat
2760 5731 3103 5807 in.__c_dit_i_one
3128 5730 3423 5788 Parisiensi
3453 5746 3468 5798 ;

112 5850 115 5851 ν
142 5800 352 5883 Ρῑᾲεῦ
395 5823 508 5883 EO!-
538 5804 675 5883 idem
706 5800 981 5883 habetfeﬁ
1009 5800 1122 5883 μοιξ
1158 5800 1234 5883 In.
1536 5872 1546 5883 .
1576 5848 1579 5855 .

1728 5800 1731 5801 ⁷
1763 5872 1775 5883 ,
1884 5800 2168 5876 suppletur
2195 5800 2476 5860 ex’codice
2510 5804 2768 5859 Vaticano
2800 5802 2925 5858 650.
2961 5802 3121 5858 Eutr.

220 5848 351 5947 2'55;
388 5848 1349 5947 "arbitror
1377 5848 1666 5944 δογμάτων
1695 5872 1782 5929 vel
