3906 6416
477 423 610 489 1207

1690 423 1749 480 S.
1794 418 2086 479 ISIDORI
2124 416 2569 476 PELUSIOT/E

3616 407 3744 468 1968

475 537 660 604 potius
703 534 993 592 utilitatem
1033 550 1334 607 persequor
1393 544 1540 591 retro
1587 535 1771 590 sitam.
1804 534 1862 587 Si
1893 531 2056 601 igitur

2173 530 2223 583 τὸ
2264 530 2546 601 συμφέρον
2576 529 2672 582 καὶ
2702 528 2735 596 ἡ
2771 525 2898 596 νίκη
2945 526 3147 589 κεῖται,
3187 522 3262 593 μὴ
3296 521 3465 594 ὁμόσε
3510 525 3622 583 τοῖς
3652 523 3742 581 αὖ·

471 634 636 683 ettam
664 628 765 682 hac
794 628 846 681 in
877 629 983 682 vita
1024 629 1385 698 (interdum),
1419 629 1469 682 in
1506 642 1573 683 eo
1595 627 1721 681 dum
1752 624 1876 695 quis
1896 637 2057 691 supe-

470 728 623 772 ratur
671 726 724 772 et
756 719 919 784 cedit,
951 720 1157 775 utilitas
1190 730 1246 775 et
1264 720 1497 775 victoria
1547 718 1840 775 consistit:
1869 730 1937 770 ne
1961 730 2057 793 pa-

2167 636 2393 673 πτουσιν
2435 619 2467 688 ἢ
2518 614 2769 672 ἀδικοῦσι
2808 615 3098 686 χωρῶμεν,
3156 615 3295 669 ἀλλά
3335 614 3745 686 παραχωρῶμεν

2162 712 2368 774 αὐτοῖς.
2395 705 2566 773 Οὗτος
2584 707 2695 780 γὰρ
2724 708 2823 761 καὶ
2850 708 2962 761 τῶν
2989 708 3265 780 οὐρανίων
3297 707 3479 761 ἄθλων
3507 709 3535 759 ὁ
3569 708 3742 778 νόμος.

473 808 622 861 ribus
655 808 900 876 passibus
920 811 1278 879 procedamus
1307 824 1428 864 cum
1457 810 1525 865 iis
1564 808 1657 879 qui
1697 822 1798 862 nos
1847 801 2163 875 percutiunt
2196 812 2289 855 aut
2355 798 2552 869 injuria
2618 796 2901 868 alliciunt:
2966 798 3061 853 sed
3119 798 3303 866 potius
3326 797 3462 867 ipsis
3491 799 3746 852 conceda'

471 916 615 955 ntus.
650 898 775 954 Ilaec
802 902 947 955 enim
990 902 1155 955 etiam
1187 901 1492 957 caelestium
1528 900 1891 957 certaminum
1946 896 2034 951 le'x
2075 902 2163 949 est
2196 902 2253 948 et
2287 892 2447 947 ratio.

897 1016 1177 1073 CLXXVI.
1206 1049 1275 1058 —
1300 1015 1623 1074 EULOGIO.

544 1129 660 1183 Non
686 1130 967 1185 historiam
1001 1130 1321 1201 simpliciter
1350 1131 1561 1187 animos
1581 1132 1881 1202 legentium
1906 1130 2058 1186 oble—

472 1229 621 1275 ctare
643 1219 913 1275 valentem
936 1221 1198 1289 propheta
1222 1220 1434 1289 Moyses
1453 1222 1774 1292 descripsit:
1804 1222 1899 1277 sed
1921 1235 2060 1292 quo-

473 1313 623 1366 niam
652 1311 824 1381 legem
856 1310 998 1366 ferre
1030 1312 1264 1380 volebat,
1290 1314 1541 1382 opiﬁcem
1573 1321 1629 1368 et
1654 1313 1893 1383 judicem
1932 1313 2056 1368 uni-

473 1402 747 1457 versitatis
797 1418 980 1458 rerum
1042 1404 1327 1473 praeponit,
1393 1420 1603 1460 necnon
1658 1404 1818 1475 hujus
1872 1405 2059 1459 mundi

472 1493 825 1558 creationem,
899 1510 967 1550 ne
1027 1496 1321 1567 (homines)
1372 1496 1576 1552 cultum
1651 1497 1760 1551 Deo
1816 1496 2056 1551 debitum

471 1585 719 1654 partibus
760 1587 944 1641 mundi
999 1587 1339 1642 tribuerent:
1383 1588 1580 1645 deinde
1618 1599 1970 1658 posteaquam
2004 1596 2060 1644 et

471 1674 683 1744 piarunt
722 1678 943 1746 praemia
992 1687 1047 1732 et
1076 1688 1422 1747 peccatorum
1472 1680 1738 1750 supplicia
1789 1680 2055 1749 adiunxit,

471 1766 549 1820 ita
595 1766 661 1821 ad
694 1766 1088 1838 legislationem
1128 1770 1419 1839 processit,
1451 1781 1510 1825 ut
1540 1770 1737 1826 futuris
1782 1772 1942 1827 Iidem
1989 1774 2059 1827 ab

2626 1009 2815 1076 Poq'.
2851 1036 2917 1053 -η
2958 1007 3278 1080 amona.

2230 1124 2342 1195 (60)
2374 1125 2485 1197 Οὐχ
2508 1125 2750 1197 ἱστορίαν
2790 1125 2979 1190 ἁπλῶς
3010 1123 3415 1196 ψυχαγωγῆσαι
3444 1122 3746 1192 δυναμένην

2163 1218 2193 1271 ὁ
2220 1217 2549 1288 ἱεροφάντης
2576 1216 2785 1289 ἔγραψε
2820 1218 3030 1288 Μωσῆς
3046 1233 3059 1246 ο
3082 1217 3196 1271 ἀλλ’
3220 1216 3413 1288 ἐπειδὴ
3446 1216 3748 1286 νομοθετεῖν

2160 1308 2380 1382 ἔμελλε,
2422 1309 2515 1365 τὸν
2548 1310 2886 1382 δημιουργὸν
2915 1311 3010 1365 καὶ
3043 1309 3238 1382 κριτὴν
3270 1309 3367 1363 τοῦ
3390 1309 3597 1372 παντὸς
3628 1326 3749 1380 προ-

2167 1405 2375 1468 τάττει,
2406 1404 2501 1457 καὶ
2543 1403 2646 1474 τὴν
2690 1402 2786 1456 τοῦ
2842 1402 3051 1474 κόσμου
3095 1394 3484 1473 δημιουργίαν,
3539 1401 3624 1454 ἴνα
3656 1402 3747 1471 μὴ

2164 1497 2277 1559 τοῖς
2308 1495 2502 1568 μέρεσι
2550 1495 2644 1549 τοῦ
2676 1496 2889 1566 κόσμου
2919 1494 2980 1549 τδ
3021 1496 3186 1558 σέϐας
3232 1493 3569 1564 ἀπονέμοιεν
3610 1493 3742 1562 (61)-

2162 1584 2282 1643 εἶτα
2312 1588 2419 1643 τῶν
2452 1589 2613 1643 ὁσίων
2642 1589 2713 1643 τὰ
2762 1588 2937 1658 γέρα,
2984 1588 3080 1641 καὶ
3120 1586 3231 1639 τῶν
3278 1585 3626 1655 ἁμαρτωλῶν
3656 1585 3745 1648 τὰς

2162 1681 2414 1745 κολάσεις
2446 1680 2725 1751 προσθεὶς,
2754 1679 2927 1743 οὕτως
2954 1679 3049 1733 ἐπὶ
3095 1678 3154 1732 τὸ
3198 1678 3517 1749 νομοθετεῖν
3562 1675 3741 1747 ῶρμηο

2164 1792 2277 1838 σεν,
2314 1774 2401 1828 ἵνα
2432 1774 2542 1828 ἀπὸ
2568 1772 2680 1827 τῶν
2723 1772 3109 1844 γεγενημένων
3144 1772 3237 1826 καὶ
3268 1770 3340 1824 τά
3371 1772 3635 1841 μέλλοντα
3660 1789 3740 1824 πι-

472 1857 544 1913 iis
580 1873 700 1929 quae
738 1861 851 1929 jam
891 1860 1031 1915 facta
1072 1875 1230 1917 erant
1266 1871 1542 1931 astruens,
1577 1860 1825 1921 siibditos
1851 1868 1919 1920 ad
1949 1867 2056 1937 pie‘

2173 1867 2535 1938 στωσὰμενος,
2580 1868 2661 1929 είς
2733 1865 3021 1919 εὐσέϐειαν
3072 1864 3168 1917 καὶ
3224 1862 3584 1934 δικαιοσύνην
3630 1865 3741 1927 τοὺς

473 1959 643 2006 tatem
669 1960 723 2005 et
747 1950 1015 2020 justitiam
1052 1956 1444 2011 exhortaretur
1473 1964 1636 2025 atque
1666 1960 1952 2012 excitaret.

865 2068 1167 2124 CLXXVII.
1194 2100 1265 2108 —
1291 2069 1662 2129 PIIILITRIO.

545 2179 616 2234 In
638 2181 795 2246 illud,
833 2199 853 2233 ι
894 2154 1183 2251 Oportebat»
1215 2192 1263 2237 te
1282 2186 1409 2238 dare
1437 2193 1714 2255 argentum
1734 2186 1798 2252 ¹⁸,
1828 2204 1853 2237 »-
1880 2196 1965 2241 etc

544 2296 701 2351 Adeo
718 2296 909 2365 procul
942 2311 971 2349 a
1006 2296 1209 2367 probro
1239 2306 1508 2352 remotum
1554 2306 1658 2365 est,
1704 2313 1828 2353 cum
1859 2300 2060 2369 optima

474 2388 598 2458 quis
630 2399 699 2471 oet
726 2390 900 2457 egerit
926 2398 979 2442 et
1026 2388 1251 2453 dixerit,
1282 2398 1463 2444 tamen
1498 2404 1605 2444 non
1642 2389 1886 2459 potuisse
1937 2406 2059 2460 per-

475 2483 726 2549 suadere,
758 2491 816 2535 ut
853 2481 966 2550 ipse
997 2479 1169 2535 Judex
1203 2481 1475 2537 calculum
1524 2482 1708 2538 tulerit
1758 2498 1822 2538 ac
1858 2483 2061 2538 dixerit

474 2567 551 2621 illi
579 2569 670 2638 qui
705 2570 842 2623 nihil
877 2570 945 2625 ad
988 2571 1221 2627 salutem
1267 2572 1640 2641 proximorum
1696 2574 2009 2630 contulerat
2042 2592 2057 2629 :

479 2677 500 2712 ι
531 2658 783 2730 Oportuit
817 2670 871 2716 te
902 2662 1034 2731 dare
1076 2673 1359 2732 argentum
1392 2679 1577 2718 meum
1607 2664 1976 2730 mensulariis,
2008 2674 2063 2719 et

474 2767 576 2822 ego
603 2768 727 2807 cum
779 2755 1071 2823 venissem,
1102 2755 1159 2810 id
1203 2757 1580 2826 repetiissem;
1636 2776 1656 2809 ι
1698 2758 1801 2813 hoc
1850 2768 1935 2813 est
1976 2758 2058 2813 di-

474 2856 621 2910 cere,
666 2843 916 2914 Oportuit
965 2847 1284 2903 contestari.
1319 2846 1570 2916 Oportuit
1620 2848 1786 2901 vitam
1818 2838 2063 2918 inculpa-

474 2943 585 2989 tam
618 2937 924 2993 ostendere.
955 2937 1091 2992 Nam
1123 2953 1259 3008 opus
1297 2949 1506 2995 rectum
1536 2954 1601 2994 ac
1638 2939 1941 3009 perfectum
1994 2939 2062 2994 ad

470 3026 637 3082 ﬁnem
672 3029 993 3097 perducere,
1046 3046 1153 3086 non
1188 3040 1273 3086 est
1316 3030 1433 3102 ejus
1489 3031 1579 3101 qui
1622 3031 1775 3095 dicit,
1809 3032 1905 3087 sed
1944 3031 2062 3099 eius

469 3118 723 3176 videlicet
754 3122 846 3193 qui
881 3124 1073 3190 audit,
1105 3132 1164 3178 ut
1210 3124 1554 3194 incorruptus
1589 3123 1797 3180 Judicis
1824 3123 2062 3181 calculus

471 3210 797 3269 declaravit.

474 3321 644 3395 514
669 3323 991 3383 CLXXVIII.
1026 3358 1097 3368 —
1135 3328 1511 3387 DOBOTHEO
1558 3330 2054 3387 SCHOLASTICO.

468 3435 539 3491 In
565 3440 928 3495 Abrahamum
960 3446 1275 3512 encomium,
1312 3446 1377 3499 de
1418 3446 1739 3500 mactatione
1773 3445 1946 3501 Isaaci
1990 3447 2054 3499 ¹⁸.

541 3613 756 3669 Nullum
810 3617 911 3673 hoc
956 3620 1099 3688 quod
1150 3620 1271 3676 dico
1314 3620 1593 3687 illustrius,
1616 3636 1681 3676 ac
1714 3636 1783 3675 ne
1841 3621 2057 3690 quidem

472 3703 598 3759 huic
644 3705 821 3760 simile
875 3707 1124 3776 proferre
1166 3719 1323 3781 potes
1381 3720 1666 3781 tropaeum,
1702 3712 1845 3780 quod
1870 3712 2060 3767 statuit

471 3795 786 3865 patriarcha
815 3799 1180 3856 Abrahamus.
1215 3800 1332 3857 Non
1355 3805 1501 3859 enim
1548 3804 1600 3857 id
1650 3811 1845 3858 contra
1871 3813 2060 3874 tyran-

473 3901 594 3951 nos,
645 3888 740 3942 sed
787 3899 975 3944 contra
1027 3892 1219 3961 ipsam,
1264 3909 1384 3963 qua:
1440 3896 1677 3951 maxime
1718 3895 2056 3967 tyrannicam

470 3981 581 4034 vim
612 3980 799 4048 habet,
837 3993 1108 4050 naturam,
1158 3986 1357 4041 erexit.
1384 3985 1517 4042 Nam
1569 4002 1693 4043 cum
1740 4003 1930 4043 omnes
1971 4003 2061 4041 ra-

476 4074 858 4130 tiocinationes
884 4077 1351 4148 cogitationesque
1384 4080 1647 4136 adversus
1678 4081 1854 4148 ipsum
1897 4080 2061 4136 insito

474 4174 716 4234 paternae
740 4176 952 4237 storges
974 4166 1168 4223 all‘ectu
1190 4176 1416 4224 armatae
1434 4181 1641 4234 essent,
1658 4180 1713 4225 et
1731 4171 1903 4240 ipsum
1928 4185 2061 4225 con-

476 4255 761 4311 vulnerare
798 4258 1123 4325 niterentur,
1146 4270 1326 4314 tamen
1361 4262 1478 4330 ipse
1511 4261 1716 4316 mansit
1749 4260 2061 4316 invulnera-

470 4348 595 4404 bilis
625 4368 640 4405 :
682 4359 735 4405 et
768 4360 887 4407 erat
937 4368 1163 4408 cernere
1199 4365 1449 4410 naturam
1492 4356 1709 4426 quidem
1738 4356 1907 4426 ipsam
1937 4371 2060 4411 cum

472 4440 586 4495 suis
613 4442 783 4497 armis
828 4452 991 4513 atque
1019 4445 1189 4515 copiis
1218 4445 1473 4501 omnibus
1504 4445 1652 4500 humi
1676 4454 2010 4515 prostratam
2043 4462 2058 4510 ;

2164 1961 2438 2029 ὑπηκόους
2469 1958 2855 2031 προτρέψειεν.

2646 2072 2811 2125 POZ'.
2844 2100 2915 2110 —
2950 2068 3275 2139 ΦιΑιΤΡιο.

2286 2189 2393 2254 Εὶς
2417 2189 2486 2240 τό
2506 2204 2518 2215 ο
2557 2205 2576 2238 ι
2618 2186 2777 2238 Ἔδει
2798 2199 2873 2239 σε
2902 2182 3122 2248 βαλεῖν
3143 2183 3211 2236 τὸ
3236 2182 3550 2251 ἀργύριον.
3592 2199 3611 2233 ι

2234 2298 2394 2353 Οὕτω
2415 2299 2607 2371 πόρρω
2631 2297 2975 2367 καθέστηκεν
3004 2294 3291 2365 αἰσχύνης,
3323 2292 3386 2345 τὸ
3414 2292 3486 2344 τὰ
3505 2290 3738 2361 βέλτιστα

2164 2391 2475 2465 πράττοντά
2503 2408 2561 2444 τε
2600 2390 2694 2443 καὶ
2737 2386 3020 2459 φράζοντα
3068 2386 3143 2457 μὴ
3189 2384 3490 2456 δυνηθῆναι
3534 2385 3734 2445 πεῖσαι,

2162 2487 2239 2550 ὡς
2264 2485 2426 2539 αὐτὸν
2459 2484 2551 2537 τὸν
2577 2483 2771 2554 κριτὴν
2813 2479 3157 2551 ψηφίσασθαι
3190 2479 3281 2532 καὶ
3303 2479 3503 2541 εἰπεῖν,
3533 2475 3610 2546 τῷ
3643 2493 3735 2545 μη-

2163 2580 2251 2633 δὲν
2275 2581 2354 2643 εἰς
2376 2577 2477 2648 τὴν
2499 2578 2608 2631 τῶν
2633 2576 2803 2638 πέλας
2829 2573 3102 2645 σωτηρίαν
3130 2571 3502 2642 εἰσενηνοχότι
3524 2586 3539 2599 ·
3562 2588 3580 2620 ι
3608 2568 3736 2621 Ἔδει

2166 2688 2226 2723 σε
2258 2667 2593 2723 καταϐαλεῖν
2622 2668 2683 2720 τὸ
2702 2665 2970 2738 ἀργύριόν
2999 2682 3102 2736 μου
3134 2666 3228 2717 ἐπὶ
3248 2666 3379 2727 τοὺς
3395 2662 3732 2733 τραπεζίτας,

2164 2760 2322 2829 κάγὼ
2354 2759 2526 2813 ἐλθὼν
2556 2757 2816 2829 ἀπῄτησα
2847 2756 2914 2811 ἂν
2944 2756 3077 2811 αὐτό
3097 2772 3111 2787 ο
3147 2776 3164 2808 ι
3188 2754 3337 2808 τοῦτ’
3365 2753 3515 2807 ἐστιν
3545 2756 3732 2807 εἰπεῖν·

2176 2852 2374 2923 Ἐχρῆν
2402 2849 2919 2923 διαμαρτύρασθαι·
2948 2848 3056 2902 ἔδει
3102 2847 3218 2918 βίον
3260 2846 3511 2917 ἄληπτον
3548 2846 3733 2899 ἐπιδει-

2164 2944 2453 3015 κνύμενον.
2490 2943 2565 2996 Τὸ
2596 2941 2704 3014 γὰρ
2735 2943 2816 3004 είς
2848 2941 3003 3003 τέλος
3035 2939 3265 3007 ἀγαγεῖν
3307 2937 3370 2989 τὸ
3395 2936 3733 3005 κατόρθωμα,

2163 3040 2225 3093 οὐ
2257 3037 2350 3092 τοῦ
2379 3037 2655 3107 λέγοντος,
2680 3035 2819 3089 ἀλλά
2844 3034 2938 3088 τοῦ
2964 3032 3258 3094 ἀκούοντος
3287 3030 3455 3099 δῆλον
3500 3030 3581 3082 ὃτι
3620 3027 3735 3081 καθι-

2165 3133 2397 3205 έστηκεν
2423 3130 2536 3202 (62)
2556 3148 2569 3160 '
2595 3130 2671 3194 ὡς
2700 3131 2734 3201 ἡ
2766 3129 3067 3190 ἀδέκαστος
3090 3124 3272 3195 ψῆφος
3301 3122 3401 3177 τοῦ
3433 3120 3631 3194 Χριτοῦ
3659 3120 3735 3173 δε-

2085 3212 2129 3273 C
2160 3226 2405 3297 δήλωκεν
2439 3224 2577 3295 (65).

2316 3339 2492 3391 POH'.
2522 3368 2591 3379 —
2621 3334 2931 3404 ΔΩΡΟΘΕῼ
2967 3331 3080 3405 (64)
3118 3330 3586 3400 ΣΧΟΛΔΣΤΙΚῼ.

2160 3453 2265 3517 Εὶς
2315 3448 2424 3503 τὸν
2464 3446 2722 3517 Ἀϐραὰμ
2766 3445 3079 3525 ἐγκώμιοῖ,
3117 3438 3233 3497 ἐπὶ
3264 3440 3342 3511 τῇ
3397 3441 3507 3497 τοῦ
3550 3441 3731 3495 Ἰσαὰκ

2325 3549 2340 3560 '
2830 3532 3038 3586 σφαΊἬ
3047 3556 3060 3569 ·

2235 3614 2404 3667 Οὐδὲν
2432 3606 2493 3666 οὗ
2524 3629 2668 3685 φημι
2700 3610 3114 3682 λαμπρότερον,
3138 3606 3255 3661 ἀλλ’
3281 3605 3439 3660 οὐδὲν
3471 3604 3582 3658 ἴσον
3609 3604 3733 3673 ἔχεις

2163 3709 2337 3761 εἰπεῖν
2368 3705 2653 3777 τρόπαιον,
2681 3698 2743 3758 οὗ
2773 3704 3050 3775 ἔστησενό
3080 3698 3435 3771 πατριάρχης
3467 3697 3729 3768 Ἀϐραάμ*

2163 3801 2223 3854 οὐ
2255 3799 2366 3869 γὰρ
2394 3797 2541 3853 κατὰ
2567 3798 2873 3869 τυράννων.
2916 3795 3055 3849 ἀλλά
3085 3794 3227 3848 κατά
3275 3792 3381 3862 τῆς
3417 3809 3731 3865 τυραννικω-

2161 3892 2330 3963 τάτης
2362 3890 2579 3959 φύσεως
2630 3888 2743 3961 (65)
2774 3887 2920 3942 τοῦτ’
2950 3888 3161 3959 ἤγειρε.
3236 3885 3468 3941 Πάντων
3512 3885 3615 3955 γὰρ
3634 3882 3731 3937 τῶν

2162 3985 2442 4055 λογισμῶν
2496 3983 2618 4037 οὐδὲ
2666 3984 2882 4052 ὅρασιν,
2936 3981 3076 4035 ἀλλά
3131 3983 3199 4052 τῇ
3248 3980 3480 4050 ὲμφύτῳ
3538 3995 3734 4049 συμπα-

2165 4076 2286 4147 θείᾳ
2305 4076 2418 4147 (66)
2448 4074 2834 4145 ὡπλισμένων,
2861 4073 3135 4127 κάκείνων
3173 4071 3727 4143 κατατιτρωσκόντων,

2165 4169 2329 4233 αὐτὸς
2361 4168 2555 4239 ἔμενεν
2582 4167 2830 4238 ἄτρωτος
2852 4184 2866 4197 ·
2903 4166 3000 4219 κα)⁵
3026 4161 3094 4235 ἦν
3124 4166 3225 4234 τὴν
3258 4164 3360 4234 μὲν
3391 4163 3549 4233 φύσιν
3580 4161 3731 4231 αὐτὴν

2168 4263 2297 4316 ἰδεῖν
2353 4262 2533 4332 χαμαὶ
2562 4259 2908 4331 ἐρριμμένην
2957 4257 3099 4329 μετά
3143 4257 3253 4310 τῶν
3283 4257 3465 4312 ὃπλων
3508 4256 3597 4308 καὶ
3637 4254 3730 4305 τῶν

2166 4353 2580 4427 στρατοπέδων·
2634 4351 2797 4405 αὑτὸν
2829 4352 2887 4405 δὲ
2941 4352 3232 4420 ἑστηκότα,
3284 4350 3382 4404 καὶ
3434 4349 3534 4420 τὴν
3592 4348 3732 4417 χεῖρα

2165 4446 2537 4511 ἀνατείνοντα,
2572 4445 2694 4516 οὐχὶ
2721 4443 2987 4512 στέφανον
3014 4442 3268 4513 ἔχουσαν,
3310 4440 3449 4494 ἀλλά
3484 4438 3731 4510 μάχαιραν

472 4531 651 4590 ipsum
692 4550 822 4592 vero
870 4547 1133 4604 stantem,
1159 4546 1213 4591 et
1243 4554 1463 4593 manum
1513 4539 1921 4607 extendentem,
1952 4554 2056 4595 non

2173 4538 2367 4602 παντὸς
2397 4537 2665 4606 στεφάνου
2698 4532 3111 4606 λαμπροτέραν.
3156 4532 3248 4586 Διὸ
3285 4531 3384 4585 καὶ
3407 4530 3601 4592 πάντες
3647 4526 3731 4598 μὲν

546 4712 593 4746 ¹⁵
618 4713 805 4769 Matth.
841 4732 968 4781 xxv,
1000 4719 1091 4771 27.
1169 4719 1212 4750 "
1233 4719 1367 4774 Gen.
1397 4735 1537 4786 xxn,
1568 4720 1591 4773 1
1622 4734 1775 4790 seqq.

1576 4842 1816 4930 VARI-1E
1859 4874 2244 4930 LECTIONES
2286 4875 2374 4928 ET
2414 4872 2650 4930 noua.

545 5032 663 5102 (60)
689 5033 826 5085 Cum
857 5032 955 5085 hac
977 5030 1210 5102 epistola
1261 5031 1419 5102 plane
1446 5032 1698 5102 congruit
1740 5030 1883 5102 quod
1917 5029 2057 5083 scri-

472 5100 644 5157 nitide
666 5102 902 5155 Mosaica
936 5101 1161 5155 historia
1194 5101 1350 5153 Philo
1374 5102 1424 5154 in
1458 5100 1550 5154 lib.
1581 5100 1653 5152 De
1681 5100 1890 5167 opiﬁcio
1914 5116 2063 5152 mun-

472 5174 550 5227 di.
592 5172 800 5227 Idcirco
849 5174 1022 5241 ipsum
1067 5188 1094 5223 a
1145 5172 1328 5225 mundi
1385 5171 1701 5225 c0nditione
1750 5170 1957 5233 ordiri,
2004 5180 2063 5224 ut

471 5245 743 5308 ostendat,
781 5252 836 5296 et
872 5243 1130 5295 mundum
1160 5241 1287 5311 legi,
1315 5250 1368 5294 et
1395 5241 1566 5309 legem
1596 5241 1796 5293 mundo
1824 5255 2059 5311 consen-

472 5314 618 5367 tire:
663 5313 855 5381 legem,
900 5312 1143 5379 inquam.
1174 5310 1335 5381 quam
1374 5311 1589 5381 laturus
1616 5321 1755 5374 erat,
1792 5325 1823 5363 a
1854 5310 2055 5363 nnnulo

471 5380 741 5453 pendere}
774 5386 1063 5451 virumque
1120 5380 1321 5437 bonum
1361 5382 1499 5452 legis
1545 5380 1949 5453 observantem,
1978 5381 2053 5434 si-

472 5451 586 5522 mul
616 5470 679 5509 ac
709 5454 893 5508 mundi
924 5454 1059 5507 civis
1084 5453 1262 5508 factus
1288 5462 1393 5519 est,
1425 5451 1493 5505 ad
1533 5451 1860 5505 voluntatem
1892 5460 1947 5503 et
1969 5466 2058 5502 ar-

472 5523 697 5579 bitrium
750 5534 980 5588 naturas,
1031 5540 1151 5591 quze
1187 5533 1271 5577 est
1318 5524 1403 5577 lex
1452 5523 1664 5585 mundi,
1697 5538 1823 5575 suas
1866 5536 2058 5577 omnes

473 5597 719 5650 actiones
753 5596 989 5658 dirigere
1019 5603 1074 5646 et
1106 5594 1232 5648 huic
1270 5608 1465 5662 parare
1498 5593 1714 5662 debere.
1749 5592 1918 5649 Rt'r'r.

570 5666 659 5738 _6l)
693 5665 827 5738 Cod.
869 5664 990 5719 Vat.
1015 5664 1152 5738 650,
1190 5661 1556 5738 ἀπονείμοιεν.
1593 5661 1809 5738 Possm.

574 5734 665 5805 62)
698 5737 767 5792 Ut
796 5735 1190 5805 persuadeatur
1238 5734 1471 5790 audituri
1515 5734 1658 5802 quod
1691 5734 1804 5788 vult
1851 5742 2057 5805 orator,

477 5802 584 5861 non
606 5802 699 5861 cst
727 5808 779 5860 in
797 5802 967 5859 manu
993 5805 1247 5868 oratoris,
1279 5807 1372 5860 sed
1399 5807 1450 5859 in
1477 5812 1748 5873 potestate
1772 5804 2059 5858 auditoris.

480 5877 736 5931 Pluribus
799 5877 939 5929 hanc
996 5878 1317 5929 sententiain
1374 5876 1567 5945 probat
1634 5876 1872 5929 lsidorns
1920 5873 2058 5928 infra

2160 5030 2319 5095 epist.
2350 5029 2478 5095 205,
2546 5040 2600 5084 et
2657 5029 2958 5085 rationibus
3014 5038 3071 5085 et
3118 5029 3540 5084 auctoritatibus
3587 5026 3724 5082 etiam

2158 5101 2351 5165 Arist.,
2388 5100 2477 5153 ubi
2510 5101 2629 5155 vide
2658 5110 2772 5155 not.
2804 5100 2971 5156 Rt'rr.

2234 5170 2348 5241 (65)
2378 5170 2509 5225 Cod.
2540 5169 2664 5224 Vat.
2715 5186 2815 5241 pro
2854 5170 3161 5244 δεδήλωκεν
3187 5170 3383 5228 scribit
3409 5170 3721 5241 κεκύρωκεν,

2160 5238 2376 5296 Possm.

2236 5311 2349 5381 (64)
2382 5311 2646 5385 Θεοδώρῳ
2671 5312 2805 5369 Cod.
2836 5315 2957 5370 Vat.
2989 5315 3117 5373 650.
3150 5315 3305 5371 Vers.
3346 5316 3372 5369 I
3406 5331 3493 5385 ep.
3518 5328 3606 5382 pro
3625 5310 3722 5362 iam

2167 5382 2307 5435 idem
2350 5385 2511 5435 habet
2548 5382 2699 5446 ἴσως.
2743 5385 2820 5440 lo.

2261 5451 2349 5524 65)
2386 5452 2502 5521 Τῆς
2548 5455 3073 5522 τυραννικωτάτης
3116 5455 3380 5525 φύσεως.
3428 5453 3632 5525 Videtur
3655 5447 3721 5500 al-

2167 5524 2355 5577 ludere
2401 5528 2467 5576 ad
2502 5526 2648 5577 illum
2685 5541 2751 5579 ex
2783 5526 3044 5593 tragoedia
3082 5524 3299 5581 versum
3339 5543 3352 5578 :
3396 5524 3611 5591 Μεγάλη
3638 5536 3721 5570 τδ-

2170 5594 2357 5663 ραννὶς
2405 5595 2569 5669 ἀνδρξι-
2612 5595 2780 5669 τέκνα
2821 5598 2917 5649 καὶ
2946 5604 3105 5669 γυνη.
3142 5596 3341 5667 Magna
3380 5606 3458 5651 est
3490 5594 3716 5665 tyrannis.

2166 5680 2302 5718 uxor
2333 5676 2487 5733 atque
2508 5665 2679 5718 liberi.
2712 5667 2879 5721 Rt'rr.

2167 5729 2733 5861 ⁷Συμστταθείςξι
2783 5739 2906 5795 cod.
2958 5738 3077 5795 Val.
3131 5746 3308 5795 mutat
3368 5739 3422 5793 in
3474 5729 3714 5806 συνηθείᾳ.

2210 5821 2376 5863 OSSIN.
