3906 6416
225 337 336 404 1269

1088 334 1627 398 EPISTOLARUM
1660 339 1805 404 LIB.
1840 343 2012 406 lV.-
2032 346 2269 407 EPIST.
2303 345 2609 406 CLXXIX.

3331 341 3466 405 1279

219 461 259 514 οι
283 455 515 525 λογισμοὶ
566 450 1017 523 καταπήξαντες
1044 450 1107 505 τὸ
1135 452 1479 524 παράστημα
1519 454 1767 526 τάνδρὸς,
1800 500 1808 523 γ

1897 477 2072 517 :orona
2099 464 2402 531 praditam,
2430 462 2524 516 sed
2554 460 2733 529 gladio
2756 460 2951 531 quavis
2968 474 3172 517 corona
3199 462 3464 517 illustrius

218 552 489 622 ἑστήκεσαν
518 544 667 616 αὑτῷ
699 544 1158 615 ὑποτεταγμένοι,
1191 544 1288 598 καὶ
1310 545 1609 617 τρέμοντες
1632 547 1771 617 μᾶλ-

216 645 291 698 λον
316 642 345 713 ἢ
374 637 592 711 βασιλέα
618 638 669 689 οἱ
696 635 1026 708 δορυφόρον
1065 634 1345 707 βλέμματι
1374 636 1484 709 γὰρ
1525 636 1774 710 βλοσυρῷ

220 735 399 795 πάντας
444 728 810 784 κατέστειλεν.
877 729 936 781 '0
989 727 1048 781 δὲ
1099 727 1209 782 τῶν
1258 728 1510 798 ἀγγέλων
1566 729 1774 785 ἀνωθεν

216 825 474 897 ἐπεκρότει
510 822 711 896 δῆμος·
767 820 865 876 καὶ
893 821 923 874 δ
966 820 1100 885 Θεὸς
1150 821 1546 893 ἀνεκήρυττεν.
1592 823 1656 876 Et
1715 822 1774 875 δὲ

218 916 373 988 βούλει
413 915 524 986 (67)
566 913 712 967 τοῦτ’
766 912 968 983 ἀληθὲς
1008 911 1122 983 (68)
1159 914 1457 983 σκοπῆσαι,
1518 913 1629 968 ἀπὸ
1663 912 1773 969 τῶν

216 1011 390 1075 ἔξωθεν
431 1008 590 1063 τοῦτο
619 1006 794 1078 θεάσῃ
835 1006 1201 1078 πραγμάτων.
1251 1007 1315 1060 El
1364 1006 1474 1078 γὰρ
1534 1006 1771 1078 ἀθλητοῦ

217 1100 511 1170 νικήσαντος
546 1096 624 1167 μὴ
660 1094 840 1166 κήρυξ
892 1096 1140 1150 κάτωθεν
1171 1095 1369 1164 ἑστὼς,
1407 1095 1525 1150 ἀλλ’
1566 1097 1776 1153 ἄνωθεν

216 1191 501 1262 καθήμενος
546 1188 712 1253 αὐτὸς
752 1188 781 1241 ό
830 1187 1087 1259 βασιλεὺς
1124 1189 1364 1252 ἀναστὰς
1410 1189 1774 1261 ἀνακηρύξειε

217 1285 294 1338 τὸν
345 1281 794 1353 Ὀλυμπιονίκην,
830 1281 953 1353 οὐχ).
980 1281 1091 1335 τῶν
1123 1281 1404 1349 στεφάνων
1438 1281 1587 1351 αὑτῷ
1616 1279 1775 1335 τοῦτο

217 1376 573 1448 λαμπρότερον
625 1370 767 1429 εἶναι
794 1372 920 1445 δόξῃ
951 1373 1105 1445 (69);
1144 1372 1315 1443 Δῆλον
1356 1374 1560 1427 ἅπασίν
1606 1376 1772 1429 ἐστιν.

220 1471 366 1522 ὐταν
406 1463 499 1521 οῦν
543 1467 619 1538 μὴ
655 1466 910 1537 βασιλεὺς
942 1465 1156 1537 θνητὸς,
1190 1466 1303 1520 ἀλλ’
1338 1466 1498 1529 αὐτὸς
1527 1467 1555 1518 ό
1583 1466 1773 1533 ἀΐδιος,

216 1561 303 1613 οὑκ
325 1560 379 1612 ὲν
404 1559 618 1630 θεάτρῳ
650 1558 979 1629 ἀνθρωπίνῳ
1019 1558 1133 1628 (70)
1171 1558 1355 1628 μόνον,
1389 1558 1525 1612 ἀλλά
1556 1560 1649 1611 καὶ
1676 1560 1776 1628 ἁγ-

216 1650 368 1719 γὲλων
400 1650 495 1704 καὶ
533 1640 901 1721 ἀρχανγγὲλων
930 1648 1026 1702 καὶ
1054 1647 1163 1700 τῶν
1186 1649 1299 1701 ἄνω
1329 1646 1629 1719 δυνάμεων,
1652 1650 1780 1703 ἀνα-

218 1742 457 1814 κηρύττει
507 1743 645 1816 (71),
695 1743 929 1813 λαμπρᾷ
957 1744 1025 1813 τῇ
1071 1743 1223 1812 φωνῇ
1268 1741 1406 1811 βοῶν
1452 1742 1773 1813 οὐρανόθενο

1876 555 2112 624 fulgente
2138 562 2426 609 armatam.
2446 555 2592 610 Unde
2611 554 2813 609 factum
2833 563 2936 619 est,
2954 563 3013 609 ut
3035 569 3224 609 omnes
3242 555 3461 625 quidem

1876 648 2318 705 ratiocinationes
2338 650 2589 704 humanae
2617 647 3003 717 obstupefactae
3025 647 3093 701 ad
3111 657 3462 715 conspectum

1874 756 2339 812 congressumque
2363 743 2467 797 viri
2496 749 2715 798 starent
2729 741 2796 797 ab
2829 741 2948 810 ipso
2973 740 3235 805 subactae,
3261 748 3318 795 et
3344 752 3461 793 ma-

1877 833 1959 903 gis
1991 833 2154 888 etiam
2218 834 2705 890 contremiscentes
2760 847 2924 902 quam
2983 832 3051 886 ad
3109 841 3461 901 conspectum

1878 923 2022 995 regis
2052 924 2231 980 solent
2257 924 2375 993 ejus
2401 926 2713 995 stipatores.
2749 922 3003 980 Terribili
3038 938 3275 994 namque
3308 922 3460 978 vultu

1877 1032 2070 1072 omnes
2102 1018 2357 1087 perculit.
2386 1019 2457 1072 At
2486 1019 2721 1087 desuper
2762 1016 3074 1086 angelorum
3107 1016 3337 1088 populus
3366 1031 3464 1087 ap-

1878 1108 2075 1178 plausit
2108 1127 2123 1176 ;
2155 1118 2211 1164 et
2244 1108 2387 1166 Deus
2415 1110 2745 1181 praeconium
2782 1110 2910 1166 fecit
2936 1110 3198 1168 victorian
3233 1110 3387 1179 Quod
3413 1111 3463 1167 si

1878 1200 2011 1256 libet
2058 1202 2346 1256 veritatem
2402 1204 2544 1273 ejus,
2583 1202 2726 1272 quod
2776 1203 2911 1269 dixi,
2966 1203 3331 1269 considerare,
3393 1204 3466 1260 ab

1879 1290 2122 1346 externis
2171 1294 2332 1347 rebus
2383 1294 2484 1348 hoc
2535 1293 2721 1348 licebit
2783 1293 3162 1364 contemplari.
3210 1291 3346 1348 Nam
3392 1294 3460 1361 si,

1880 1392 2235 1453 posteaquam
2293 1385 2490 1456 aliquis
2540 1386 2743 1441 athleta
2807 1386 3090 1441 victoriam
3142 1386 3462 1457 reportavit,

1879 1489 1988 1531 non
2019 1489 2195 1544 praeco
2224 1475 2452 1532 inferius
2499 1477 2831 1541 consistens,
2886 1477 2980 1532 sed
3029 1477 3279 1547 superius
3323 1477 3464 1532 resi~

1880 1570 2013 1626 dens
2044 1572 2159 1641 ipse
2183 1584 2299 1637 rex,
2353 1570 2422 1625 de
2473 1568 2611 1624 solio
2648 1584 2748 1625 suo
2778 1584 3113 1640 consurgens
3168 1568 3466 1638 proclamet

1880 1663 2143 1718 victorem
2205 1662 2520 1717 certaminis
2565 1659 2851 1733 Olympici,
2888 1675 3069 1717 nonne
3100 1676 3163 1715 ea
3215 1676 3302 1718 res
3360 1662 3468 1731 ipsi

1882 1752 2102 1807 coronis
2137 1751 2468 1821 splendidior
2494 1765 2620 1806 esse
2650 1749 2954 1805 videbitur?
2978 1749 3321 1834 Manifestum
3363 1751 3467 1807 hoc

217 1835 323 1905 οὐχὶ
364 1835 542 1889 πάντα
598 1835 929 1908 ὑπερϐάλλει
1001 1835 1116 1907 (72)
1172 1834 1329 1887 τοῦτο
1394 1835 1777 1907 λαμπρότητος

1897 1843 2135 1899 videlicet
2178 1852 2262 1899 est
2315 1842 2566 1898 omnibus
2605 1842 2681 1897 ita
2725 1843 2900 1898 visum
2927 1843 3014 1899 iri.
3047 1830 3272 1910 Quando
3304 1842 3469 1914 igitur

215 1925 360 1996 ὅρον;
400 1926 617 1999 Κομιδῇ
662 1925 839 1996 ἔγωγε
890 1925 1301 1998 ἰσχυρισαίμην.
1354 1926 1562 1981 Οὐκοῦν
1597 1928 1645 1980 εί
1685 1928 1782 1981 καὶ

219 2017 358 2085 ἡμεῖς
381 2016 713 2090 βουλοίμεθα
738 2018 1216 2091 ἀνακηρυχθῆναι,
1235 2019 1329 2072 καὶ
1345 2019 1778 2091 στεφανωθῆναι,

219 2108 431 2172 ἑαυτοὺς
459 2111 895 2184 ἀφιερώσωμεν,
929 2112 1022 2165 καὶ
1044 2113 1212 2184 μηδὲν
1243 2114 1459 2186 θνητὸν,
1487 2117 1620 2188 μηδὲ
1651 2116 1783 2187 βιω-

212 2202 347 2255 τικδν
380 2205 658 2275 χορευέτω
706 2208 763 2260 ὲν
792 2208 927 2279 ἡμῖν
975 2208 1179 2272 πάθος·
1214 2208 1353 2263 ἀλλὰ
1382 2212 1519 2264 πᾶσι
1565 2210 1782 2282 χαίρειν

214 2294 533 2363 φράσαντες,
574 2297 644 2351 τὰ
666 2297 778 2352 τῶν
806 2298 1057 2371 οὐρανῶν
1080 2299 1207 2364 ἀξια
1236 2300 1331 2355 καὶ
1360 2301 1661 2375 φράζωμεν
1690 2302 1784 2357 καὶ

212 2387 548 2460 πράττωμεν.

1889 1950 1996 1989 non
2033 1943 2282 1989 terrenus
2323 1934 2589 2005 quispiam
2640 1948 2705 1988 ac
2744 1933 2994 1990 mortalis
3050 1949 3168 2001 rex,
3220 1934 3315 1989 sed
3354 1934 3475 2007 ipse

1887 2025 2002 2081 Rex
2056 2027 2444 2096 sempiternus,
2484 2042 2590 2082 non
2646 2026 2825 2083 solum
2867 2028 2920 2083 in
2952 2028 3170 2084 theatro
3206 2029 3479 2097 humano,

1886 2120 1982 2175 sed
2028 2118 2190 2173 etiam
2248 2119 2301 2172 in
2350 2119 2548 2173 visorio
2599 2119 2955 2191 Angelorum,
2998 2130 3055 2175 et
3103 2120 3479 2192 Archangelo—

1888 2225 2033 2275 rum,
2063 2219 2117 2265 et
2151 2226 2507 2279 supernarum
2542 2210 2841 2279 Virtutum,
2877 2215 3135 2269 victorem
3182 2229 3281 2270 suo
3333 2230 3477 2285 prae-

1890 2303 2048 2357 conio
2077 2302 2313 2374 aliquem
2346 2305 2640 2371 renuntiet,
2665 2305 2809 2361 clara
2838 2321 2973 2363 voce
3004 2306 3222 2363 caelitus
3249 2307 3477 2373 emissa,

1891 2410 2075 2451 nonne
2101 2411 2165 2450 ea
2202 2411 2291 2451 res
2318 2412 2535 2452 omnem
2568 2397 2874 2469 splendoris
2900 2400 3195 2457 terminum
3221 2400 3475 2457 excedit?

214 2478 453 2548 Equidem
487 2483 543 2539 id
572 2484 799 2541 llrmiter
824 2488 1273 2544 asseveraverim.
1308 2488 1650 2558 Quapropter
1675 2502 1774 2544 nos
1812 2502 2029 2557 quoque
2081 2487 2349 2557 siquidem
2425 2489 2660 2546 victores
2745 2490 3075 2560 proclamari
3113 2499 3169 2545 et
3220 2491 3475 2547 coronari

212 2574 523 2645 expetimus,
578 2578 947 2649 nosmetipsos
1007 2594 1411 2646 consecremus,
1507 2578 1819 2647 nullumque
1894 2575 2198 2642 mortalem,
2257 2577 2462 2633 nullum
2532 2580 2601 2633 ad
2670 2578 2814 2636 banc
2877 2579 3049 2636 vitam
3110 2580 3479 2651 pertinentem

213 2662 446 2721 all‘estutn
496 2669 551 2722 in
600 2670 755 2725 nobis
797 2671 1071 2728 exsultare
1099 2672 1364 2737 sinamus,
1396 2672 1513 2739 sed,
1534 2671 1788 2729 omnibus
1822 2671 2003 2727 valere
2026 2668 2214 2740 jussis,
2252 2671 2407 2728 ctelis
2435 2673 2595 2742 digna
2660 2682 2716 2729 et
2755 2684 3043 2745 loquamur
3104 2682 3159 2730 et
3187 2673 3475 2731 faciamus.

716 2784 884 2839 POO’.
918 2816 988 2827 —
1020 2784 1253 2855 ΝΕΙΛῼ.

216 2874 308 2958 Εξς
334 2876 399 2933 τὸ
430 2879 754 2949 εἰρημένον
776 2879 897 2935 ἀπὸ
929 2880 1037 2934 τοῦ
1075 2881 1327 2949 Κυρίου,
1383 2878 1490 2947 Εἰς
1514 2878 1619 2949 ἐμὲ
1641 2878 1791 2944 βλέ-

923 2968 1085 3005 πετε.

276 3044 499 3110 Οὐδένα,
531 3040 709 3115 οἶμαι,
738 3043 966 3098 τοιαῦτα
1003 3044 1436 3115 πεπαρῳνῆσθαι
1459 3042 1594 3114 (75),
1626 3038 1716 3095 οἷα
1764 3042 1793 3094 ό

2408 2781 2688 2840 CLXXIX.
2716 2815 2789 2830 —
2817 2783 2997 2844 NILO.

1885 2877 1949 2930 In
1998 2877 2053 2930 id
2101 2876 2241 2947 quod
2273 2894 2307 2930 a
2336 2875 2824 3001 Βοηιὶηρπὶέξειιξιηξ
2876 2888 2975 2946 est,
3016 2897 3037 2932 ι
3070 2877 3140 2933 In
3177 2894 3261 2935 me
3302 2880 3480 2937 intuo-

1965 3040 2248 3096 Neminem
2270 3055 2371 3111 ego
2412 3055 2653 3110 unquam
2688 3050 2767 3096 tot
2806 3042 3083 3113 tantisque
3124 3045 3363 3101 arbitror
3390 3046 3478 3101 in-

214 3134 309 3187 τιῖη
343 3136 613 3208 οὐρανίων
641 3136 923 3203 βασιλεὺς,
954 3135 1119 3208 δεῦρο
1154 3136 1543 3207 ὲπιφοιτήσας,
1570 3150 1789 3205 πεπαρ-

1897 3128 2051 3204 iuriis
2086 3145 2141 3189 et
2172 3132 2515 3189 contumeliis
2538 3131 2791 3188 affectum
2820 3149 2961 3201 esse,
2994 3146 3127 3205 quot
3151 3137 3482 3208 quantisque

214 3227 406 3298 ῲντ,ται
464 3229 603 3301 παρ’
649 3230 917 3293 ἐκείνων,
965 3229 1059 3294 οὒς
1106 3229 1304 3299 ἀφῖκτο
1350 3227 1571 3281 σώσωνο
1625 3226 1684 3289 ὃς
1730 3241 1794 3293 γε

214 3322 322 3375 οὐδὲ
339 3322 545 3394 λῃστοῦ
570 3323 665 3376 καὶ
694 3322 1026 3394 ἀνδροφόνου
1050 3320 1375 3393 προεκρίθη,
1396 3319 1532 3373 ἀλλά
1561 3319 1655 3373 καὶ
1680 3317 1794 3389 (74)

215 3414 564 3485 ἐκολαφίσθη.
603 3415 666 3467 Εἰ
687 3414 744 3468 δὲ
769 3413 861 3467 καί
882 3431 968 3478 τις
998 3413 1243 3483 τάὃμοια
1273 3410 1511 3465 πέπονθε
1543 3408 1797 3479 (δεδόσθω

215 3505 354 3576 γάρ),
394 3504 541 3559 ἀλλά
568 3506 629 3559 τὸ
668 3506 745 3578 μὴ
774 3506 883 3559 ἀπὸ
908 3506 1008 3576 τῆς
1039 3504 1163 3576 ἴσης
1185 3504 1343 3572 ἀξίας
1372 3501 1647 3576 ὁρμᾶσθαι
1670 3500 1796 3564 τοὺς

216 3595 573 3660 πεπονθότας,
605 3595 769 3650 ἄνισα
807 3596 971 3651 πάλιν
994 3596 1234 3649 δείκνυσι
1263 3594 1335 3648 τά
1373 3592 1544 3664 πάθη.
1584 3592 1661 3645 Οὑ
1689 3592 1799 3662 γάρ

216 3686 420 3755 ταύτὸν,
452 3686 689 3758 βασιλέα
730 3687 954 3758 ὑϐρίσαι
985 3687 1099 3757 (75)
1129 3686 1224 3739 καὶ
1269 3682 1516 3755 ίδιώτην’
1550 3682 1673 3736 οὐδὲ
1713 3682 1802 3736 δε-

218 3777 412 3849 σπότην
440 3778 543 3833 καὶ
572 3777 761 3831 δοῦλον
782 3793 796 3807 ο
822 3777 961 3831 ἀλλά
980 3777 1050 3830 τά
1078 3775 1178 3846 μὲν
1209 3774 1351 3829 κατὰ
1378 3760 1472 3827 τοῦ
1511 3771 1795 3842 βασιλέως,

218 3870 311 3924 κᾶν
344 3869 528 3943 μικρά
560 3864 621 3945 ᾖ,
646 3869 861 3941 μεγάλα
888 3872 958 3940 τῇ
984 3867 1114 3939 ἀξίᾳ
1138 3866 1234 3922 τοῦ
1264 3865 1595 3929 πεπονθότος
1618 3865 1801 3935 κρίνε-

216 3975 334 4015 ταιο
363 3961 435 4015 τά
470 3961 533 4014 δὲ
568 3961 714 4014 κατὰ
758 3959 852 4014 τοῦ
892 3959 1127 4026 ἰδιώτου,
1160 3958 1267 4012 κᾶν
1307 3957 1543 4029 μέγιστα
1579 3953 1637 4030 ᾖ,
1671 3956 1801 4009 ὑπο-

218 4052 466 4123 τέμνεται
517 4052 617 4124 τὴν
648 4052 853 4124 δργῂν,
895 4052 991 4105 καὶ
1029 4052 1111 4115 είς
1155 4048 1490 4120 συγγνώμην
1540 4047 1802 4109 πολλάκις

218 4145 332 4214 ὁρᾷ.
362 4142 557 4197 Ταῦτα
601 4142 647 4196 δ’
684 4141 845 4213 ἔφην,
900 4141 1090 4213 ἐπειδὴ
1135 4141 1447 4212 γέγραφας,
1490 4140 1544 4192 τί
1597 4140 1712 4192 ἐστι
1741 4139 1802 4191 τὸ

220 4237 364 4307 παρὰ
390 4234 489 4289 τοῦ
522 4234 763 4307 Χριστοῦ
795 4233 1022 4305 λεχθένο
1061 4252 1079 4284 ι
1120 4234 1214 4296 Et;
1241 4232 1343 4304 ἐμὲ
1381 4232 1629 4303 βλέπετε.
1679 4249 1697 4282 ι
1736 4233 1803 4285 '0

220 4328 321 4399 γὰρ
346 4329 522 4398 λέγει,
562 4328 848 4397 συντόμως
873 4324 1119 4379 τοιοῦτόν
1142 4325 1314 4380 ἐστιν.
1359 4323 1579 4395 Ἐπειδὴ
1612 4323 1721 4395 γὰρ
1752 4325 1800 4375 οἰ

223 4420 519 4491 πάντολμοι
569 4419 814 4473 Ἰουδαῖοι
839 4419 1307 4488 ὲπιλυττήσαντες
1348 4416 1801 4488 ὲδραματοὺργη-

222 4529 315 4567 σαν
345 4512 685 4585 τραγῳδίαν,
718 4511 863 4566 κατά
891 4511 1028 4565 Θεοῦ
1059 4510 1161 4582 μὲν
1191 4509 1576 4581 τολμηθεῖσαν,
1605 4508 1806 4580 σαρκὸς

220 4604 274 4658 δὲ
298 4605 592 4677 ἀψαμένην
637 4604 870 4676 (ἀπαθὲς
900 4606 1009 4675 γάρ
1043 4604 1305 4658 τὺ-Θείον
1338 4604 1544 4676 κυρίως
1570 4600 1591 4673 )
1613 4622 1626 4635 ·
1660 4603 1711 4656 οἱ
1745 4603 1803 4656 δὲ

222 4699 356 4765 μετά
398 4697 575 4751 ταῦτα
610 4697 902 4767 μέλλοντες
929 4695 1269 4768 ὑϐρίζεσθαι,
1311 4696 1449 4760 ἴσως,
1473 4696 1802 4764 ἀγανακτεῖν

220 4791 473 4861 ἤμελλον,
505 4794 584 4858 ὡς
610 4792 763 4866 παρά
790 4793 894 4865 τὴν
925 4792 1106 4847 αὐτῶν
1136 4792 1297 4858 ἀξίαν
1338 4790 1602 4854 τοιούτοις
1644 4806 1802 4861 περι-

316 4951 359 4983 "
390 4949 540 5007 Psal.
569 4967 721 5017 xxiv,
753 4951 838 5005 16.

1898 3224 2124 3281 affectus
2157 3234 2240 3281 est
2268 3225 2571 3282 caelestium
2602 3224 2716 3281 Rex
2752 3240 2876 3281 cum
2908 3227 2961 3281 in
2999 3236 3176 3282 terras
3215 3227 3479 3293 venisset,

1897 3327 1951 3375 et
2008 3318 2229 3389 quidem
2262 3319 2329 3373 ab
2378 3317 2506 3384 illis,
2546 3332 2706 3388 quos
2744 3328 3020 3373 servatum
3084 3329 3353 3374 venerat:
3388 3319 3482 3389 qui

1900 3423 2077 3478 neque
2108 3407 2303 3462 latroni
2337 3421 2389 3461 et
2428 3406 2713 3462 homicida:
2743 3406 3000 3476 prmlatus
3030 3415 3131 3473 est,
3168 3406 3263 3461 sed
3293 3414 3349 3461 et
3384 3422 3481 3462 co-

1898 3496 2075 3568 laphis
2105 3511 2300 3553 caesus.
2321 3495 2482 3567 515
2510 3496 2620 3551 Etsi
2652 3496 2797 3550 enim
2822 3495 3021 3549 similia
3053 3494 3194 3551 forte
3224 3497 3344 3566 quis
3362 3511 3484 3567 per-

1898 3602 2089 3658 pessus
2122 3597 2206 3644 est
2251 3589 2434 3659 (detur
2471 3588 2614 3644 enim
2647 3588 2721 3642 ita
2754 3589 2923 3659 esse),
2948 3597 3187 3643 attamen
3221 3589 3325 3646 hoc
3368 3590 3484 3646 dis-

1900 3680 2107 3737 similes
2137 3690 2193 3737 et
2220 3681 2457 3750 impares
2504 3681 2743 3737 ostendit
2792 3681 3194 3751 perpessiones,
3224 3681 3368 3753 quod
3408 3682 3486 3738 illi

1901 3776 1993 3847 qui
2018 3774 2261 3845 perpessi
2298 3789 2391 3830 eas
2425 3784 2572 3843 sunt,
2596 3790 2700 3830 non
2730 3790 2760 3829 a
2793 3776 2907 3845 pari
2962 3776 3228 3845 dignitate
3260 3777 3489 3833 descen-

1902 3867 2119 3924 derunt.
2152 3864 2267 3920 Non
2301 3865 2446 3920 enim
2477 3874 2560 3921 est
2599 3865 2763 3931 idem,
2795 3865 2991 3936 injuria
3026 3864 3241 3922 allicere
3280 3881 3485 3937 regem,

1903 3967 1959 4013 et
1989 3957 2261 4013 hominem
2298 3956 2591 4030 privatum,
2634 3972 2812 4028 neque
2845 3958 3125 4014 dominum
3164 3968 3220 4013 et
3245 3942 3485 4025 servum:

1904 4053 1997 4107 sed
2062 4066 2182 4120 quae
2234 4050 2495 4105 adversus
2556 4065 2735 4120 regem
2764 4050 2985 4121 quidem
3048 4050 3487 4113 committuntur,

1905 4142 2253 4214 quantumvis
2302 4157 2400 4212 per
2451 4157 2510 4198 se
2559 4143 2754 4211 exigua
2809 4152 2953 4204 sunt,
2988 4157 3181 4214 magna
3214 4151 3393 4197 tamen
3433 4152 3493 4197 ut

1901 4237 2230 4307 jutlicentur,
2252 4234 2371 4304 ejus
2386 4235 2477 4303 qui
2501 4235 2626 4289 talia
2674 4236 2877 4304 patitur
2892 4235 3127 4305 dignitas
3141 4233 3319 4290 efﬁcit.
3345 4234 3494 4301 'Quae

1905 4343 2035 4382 vero
2069 4327 2123 4381 in
2160 4326 2394 4395 aliquem
2430 4326 2696 4395 privatum
2735 4335 3139 4397 perpetrantur,
3168 4337 3227 4379 ut
3258 4326 3492 4380 maxima

1907 4421 2037 4488 sint,
2081 4431 2264 4474 tamen
2295 4420 2430 4472 iram
2467 4420 2729 4473 minorem
2762 4420 2982 4484 habent,
3012 4430 3065 4475 et
3100 4435 3244 4489 saape
3295 4420 3361 4474 ad
3398 4435 3493 4475 ve-

1838 4543 1884 4599 ι)
1910 4512 2054 4567 niam
2084 4519 2354 4582 spectant.
2394 4510 2521 4565 Haec
2556 4521 2735 4566 autem
2766 4512 2889 4567 ideo
2911 4512 3044 4579 dixi,
3090 4513 3215 4582 quia
3263 4527 3362 4583 per
3399 4512 3494 4566 lit-

1912 4614 2059 4661 teras
2087 4618 2154 4659 ex
2183 4620 2272 4659 me
2296 4605 2617 4674 quasivisti,
2638 4604 2768 4676 quid
2795 4606 2867 4660 sit
2920 4606 3065 4673 quod
3095 4621 3125 4661 a
3159 4605 3376 4661 Christo
3407 4606 3491 4660 di»

1910 4707 2057 4753 ctum
2087 4705 2173 4753 est
2207 4714 2221 4751 :
2271 4714 2291 4748 ι
2331 4695 2387 4750 In
2419 4710 2506 4750 me
2538 4696 2845 4753 intuemini.
2882 4715 2902 4749 ι
2952 4697 3089 4752 Nam
3144 4701 3288 4769 quod
3343 4697 3492 4763 dicit,

1912 4788 1965 4843 in
1991 4801 2201 4843 summa
2232 4786 2340 4843 tale
2372 4794 2474 4845 est.
2515 4786 2729 4843 Etenim
2762 4788 2889 4858 quia
2929 4788 3281 4846 audacissimi
3327 4787 3496 4846 Judaei

1308 5061 1547 5118 VARle
1580 5060 1968 5119 LECTIONES
2005 5061 2094 5116 ET
2135 5060 2369 5119 NOTAE.

290 5226 406 5297 (67)
444 5226 575 5297 Post
605 5226 733 5280 εἰδὲ
763 5224 1086 5297 βοὺλειᾼιοοο
1127 5220 1275 5274 τοῦτ’
1303 5218 1503 5291 ἀληθὲς
1532 5219 1685 5287 (idem
1716 5234 1810 5288 po-

224 5294 419 5351 nit—xc).
447 5296 608 5351 τοῦτο
639 5294 903 5365 ἀκριϐῶς.
934 5294 1146 5349 Possm.

296 5367 409 5438 (68)
468 5367 631 5423 Τοῦτ’
685 5360 929 5434 ἀζληθές.
982 5366 1045 5420 F.
1104 5361 1358 5433 τάληθὲς,
1413 5360 1589 5416 deleto
1640 5360 1808 5415 τοῦτ’.

226 5436 397 5493 Ιὶιττ.

293 5508 407 5578 (69)
440 5509 621 5578 Adi-In.
659 5507 724 5561 F.
760 5505 1028 5578 MEELJD.

293 5574 411 5649 (70⁷)
437 5574 741 5644 Οοάζνιιιη
779 5574 1345 5649 ἁνθρώπρνηροεειμτ

294 5642 427 5721 (71),
462 5642 943 5721 Ἀνᾳκηρῦττειίθ.
989 5646 1051 5703 F.
1104 5646 1478 5721 ἀνακηρύττῃ,
1533 5642 1813 5715 praecessit

138 5735 149 5755 ο
228 5719 372 5774 enim
403 5720 550 5772 ὅταν.
577 5719 740 5774 Rtrr.

299 5789 418 5861 (72)
454 5789 810 5862 ’Υπερϐάλλει
842 5793 963 5850 cod.
1000 5792 1124 5849 Vat.
1155 5792 1320 5850 vertit
1368 5790 1422 5847 in
1464 5787 1806 5861 ὑπερϐαίνει,

1920 5228 1975 5294 et
1999 5232 2152 5294 _v_ers.
2182 5228 2305 5294 post
2337 5220 2499 5275 tertio
2525 5220 2971 5292 ἀνακηρυχθῆναι
3001 5221 3210 5277 breviat
3248 5222 3299 5275 in
3330 5223 3501 5294 ἀναρ-

1921 5288 2171 5361 ρηθᾷἦναι.
2210 5289 2420 5345 Possm.

1993 5359 2105 5435 (7‘5)
2131 5359 2236 5435 P_ro
2277 5360 2673 5433 πεπαρῴνηται
2705 5363 2823 5417 cod.
2862 5360 2984 5417 Vat.
3026 5362 3131 5417 650
3164 5362 3294 5433 legit
3334 5365 3505 5435 ἐπαρ-

1919 5428 2294 5576 ίιῗξες
2329 5502 2423 5556 καὶ
2485 5502 2817 5575 ὲκολαφίσθη
2866 5503 3025 5560 idem.
3060 5504 3274 5570 inserit,
3327 5505 3507 5576 ὲκωμ-

1920 5571 2103 5644 ῳδήθη
2133 5572 2246 5625 καί.
2276 5571 2353 5627 In.

1993 5642 2105 5713 (75)
2181 5644 2353 5713 ’Υϐρίι

1920 5644 2117 5769 vas-’5';
2181 5644 2433 5716 Ὑ6ρίσοιι
2482 5645 2624 5702 idem
2688 5656 2837 5704 recte
2902 5655 3078 5703 mutat
3105 5647 3182 5704 .in
3240 5647 3507 5721 ὑϐρισθῆ.
