3906 6416
379 262 509 333 1:271
1590 277 1649 334 s.
1698 276 1991 335 ISIDOBI
2028 274 2475 335 PELU‘SIOTXE'
3543 271 3695 335 1272

378 380 431 434 in
485 380 724 436 furorem
770 386 875 439 acti
928 385 1251 454 tragtediam
1307 394 1578 455 egerunt;
1638 400 1761 454 qua:
1812 385 1976 440 Deum

2088 386 2441 445 πεπτωκότες
2493 382 2755 453 πάθεσιν,
2805 382 2948 453 ἔφη’
3003 402 3028 437 ι,
3062 382 3157 445 Εἰς
3208 382 3309 452 ἐμὲ
3360 381 3616 452 βλέπετε.
3664 402 3685 435 ι

375 472 593 542 quidem
633 475 878 544 appetiit,
913 491 1131 530 carnem
1165 490 1298 530 vero
1328 476 1506 546 attigit
1535 476 1777 547 (proprie
1829 477 1974 532 enim

2087 478 2340 533 Μάλιστα
2378 477 2475 548 μὲν
2513 476 2643 548 γάρ,
2679 476 2849 547 φησὶ,
2901 475 2995 529 καὶ
3028 476 3097 529 τά
3137 475 3292 547 παρὰ
3330 475 3445 528 τῶν
3494 475 3694 540 ἀλιτη-

374 566 649 634 lnquendo
675 567 935 622 divinitas
971 569 1214 637 passioni
1261 569 1501 625 obnoxia
1553 585 1675 626 esse
1728 568 1964 641 nequit):

2087 572 2215 642 ρίων
2258 570 2528 624 Ἰουδαίων
2565 568 2934 641 τολμηθέντα,
2981 568 3235 639 ἀφόρητα
3259 564 3365 639 ἦν·
3420 567 3568 639 πλὴν
3598 568 3692 622 ϐε-

379 658 583 729 quibus
641 670 824 716 autem
878 672 1066 731 postea
1125 662 1305 732 aliqua
1354 660 1620 721 inferetur
1670 662 1889 734 injuria,
1935 663 1975 717 ii

2087 662 2251 716 Βόσθω
2297 661 2514 733 φορητὰ
2554 658 2724 716 εἶναι’
2779 660 2931 715 τίειν
2979 677 3064 723 τις
3114 658 3246 730 φαίη
3301 661 3399 713 καὶ
3432 659 3570 729 περὶ
3593 658 3692 712 τοῦ

379 750 603 806 forsitan
638 752 1010 822 indignatione
1042 755 1413 826 corripientur
1442 757 1598 825 quasi
1627 765 1828 826 praeter
1858 770 1973 812 me-

2087 754 2367 826 προδότου,
2410 755 2469 819 ὃς
2500 771 2565 823 γε
2595 754 2696 824 τῆς
2728 752 2873 825 ἐμῆς
2908 752 3399 824 ὑπερεμπλησθεὶς
3420 752 3693 817 ἀνεξικα-

374 841 541 896 ritum
573 843 627 898 in
659 845 793 902 tales
820 849 1111 907 inciderint
1140 853 1480 913 calamitates
1509 872 1525 908 :
1558 854 1765 911 idcirco
1785 853 1926 908 dixit
1953 869 1970 908 :

2087 846 2223 911 κίας,
2266 849 2388 900 κατ’
2434 846 2571 916 ἐμοῦ
2624 846 2719 899 τὸν
2761 846 2924 917 κόρον
2955 845 3193 916 ἦνεγκε;
3252 845 3502 907 Ταύταις
3549 845 3680 905 ταῖς

383 951 403 983 ι
446 934 502 987 ln
530 950 616 989 me
644 936 954 997 intuemini.
991 961 1019 1000 ι.
1044 943 1277 1017 Maxime
1319 944 1489 1011 enim,
1534 944 1731 1014 inquit,
1774 942 1970 999 intole-

2087 939 2321 1016 ἐπῳδαῖς
2354 937 2781 1009 καταπραΰνετε
2819 935 2919 999 τὰς
2952 935 3141 1006 ὕϐρεις
3176 939 3191 1006 ζ
3201 936 3314 1004 76),
3353 936 3453 989 καὶ
3503 933 3695 987 τιθασ-

381 1025 568 1080 rabilis
601 1039 779 1096 erant,
832 1047 953 1102 quae
994 1048 1028 1089 a
1071 1036 1354 1093 sceleratis
1405 1051 1471 1093 ac
1514 1036 1740 1093 nefariis
1770 1034 1974 1093 Iudaeis

2087 1029 2291 1084 σεὺετε.
2366 1029 2587 1096 Εἵξουσι
2637 1028 2750 1101 γὰρ
2832 1027 3030 1099 ῥαδίως
3072 1030 3189 1092 τοῖς
3242 1027 3417 1082 ταῦτα
3475 1041 3692 1080 κατεπ-

376 1127 686 1185 perpetrata
731 1136 880 1179 sunt.
913 1125 1300 1184 Verumtamen
1332 1129 1662 1191 concedatur
1700 1144 1855 1195 sane,
1892 1138 1972 1183 to-

2087 1123 2322 1195 ᾠδουσιν.

377 1202 623 1268 lerabilia
658 1229 806 1289 esse.
832 1218 977 1286 Quid
1002 1220 1204 1277 dixerit
1230 1223 1353 1293 quis
1378 1223 1544 1283 etiam
1572 1224 1640 1279 de
1668 1223 1969 1294 proditore,
2006 1219 2102 1292 qui
2170 1231 2291 1271 mea
2333 1216 2747 1288 longanimitate
2786 1226 2844 1273 et
2908 1215 3196 1273 tolerantia
3252 1217 3318 1271 ad
3374 1224 3690 1271 extremam

376 1308 718 1363 saturitatem
766 1312 1023 1381 repletus,
1074 1324 1265 1370 contra
1314 1330 1402 1372 me
1449 1316 1754 1374 satietatem
1808 1316 1958 1377 illam
1996 1310 2228 1369 extulit?
2263 1309 2423 1364 Hisce
2486 1309 2642 1377 quasi
2721 1307 3047 1378 quibusdam
3096 1307 3534 1363 incantamentis
3566 1306 3690 1362 illa-

376 1409 459 1457 tas
491 1399 646 1455 vobis
672 1400 898 1470 injurias
930 1403 1096 1461 lenite
1128 1416 1292 1477 atque
1309 1408 1574 1464 cicurate.
1605 1407 1789 1465 Facile
1814 1418 2051 1476 namque
2082 1404 2285 1458 cedent
2316 1400 2406 1465 iis,
2438 1400 2530 1469 qui
2565 1398 2829 1454 adversus
2860 1412 2954 1453 eas
2982 1397 3261 1456 occinent.

518 1513 777 1585 CLXXX.
808 1548 879 1559 —
909 1518 1302 1587 THEUDOSIO
1340 1521 1823 1580 PRESBYTERO.

379 1625 556 1692 Quare
586 1630 657 1682 ad
690 1644 913 1707 eruperit
934 1632 1269 1707 proﬁciscens
1303 1633 1546 1707 Christus
1580 1637 1818 1707 lugentes
1849 1654 1966 1691 nm-

874 1702 1029 1758 lieres
1067 1704 1367 1775 objurgarit
1400 1705 1472 1760 ’8.

448 1814 633 1887 Neque
680 1818 1002 1876 luctatorem
1062 1837 1405 1893 generosum,
1438 1824 1536 1901 qui
1575 1825 1632 1879 in
1690 1833 1971 1880 certamen

376 1908 676 1975 descendit,
741 1921 797 1967 et
861 1913 1084 1976 pulvere
1144 1917 1472 1987 aspergitur,
1524 1925 1577 1972 et
1640 1918 1971 1985 percutitur,

376 1998 576 2068 deﬂere
623 2001 986 2074 lacrymisque
1035 2007 1290 2078 prosequi
1343 2007 1545 2064 decet:
1582 2009 1795 2065 labores
1826 2009 1972 2062 enim

378 2092 479 2160 ipsi
514 2094 566 2147 in
591 2110 821 2151 coronas
851 2097 1142 2166 desinunt;
1178 2116 1352 2170 neque
1400 2110 1684 2157 strenuum
1736 2101 1970 2171 aliquem

376 2182 607 2247 militem
648 2187 716 2240 ad
743 2187 938 2242 bellum
971 2189 1431 2258 proﬁciscentem,
1460 2191 1550 2245 ubi
1582 2201 1637 2246 et
1670 2192 1897 2247 vulnera
1920 2200 1975 2247 et

378 2278 742 2333 mactationes
799 2280 1157 2349 perpetietur,
1200 2282 1455 2338 lamentis
1504 2281 1719 2339 allicere
1773 2297 1974 2338 conve-

378 2368 506 2421 nit:
542 2370 738 2435 redibit
781 2372 927 2426 enim
968 2372 1143 2437 victor
1191 2374 1461 2444 gloriosus
1505 2384 1559 2431 et
1607 2375 1875 2431 columnis
1921 2383 1976 2431 et

378 2461 672 2529 prteconiis
711 2464 967 2531 potietur.
1002 2464 1107 2520 Sed
1128 2465 1251 2519 illos
1282 2468 1462 2536 potius
1494 2468 1975 2538 lacrymisprose-

379 2550 473 2621 qui
497 2551 716 2620 dignum
745 2561 850 2620 est,
884 2554 976 2625 qui
1006 2556 1074 2615 ad
1115 2555 1401 2610 latrocinia
1433 2557 1718 2627 credesque
1745 2567 1973 2627 patran-

382 2643 483 2697 das
514 2654 767 2710 currunt,
793 2648 1032 2703 maxime
1066 2648 1286 2715 quidem
1320 2659 1446 2703 tunc
1488 2664 1611 2703 cum
1643 2649 1972 2705 maleﬁcium

384 2738 761 2804 exercuerim;
790 2739 987 2794 deinde
1027 2754 1157 2795 vero
1187 2742 1353 2798 etiam
1416 2750 1545 2796 tunc
1591 2742 1809 2812 quando
1847 2758 1977 2811 snp—

381 2827 547 2897 plicio
574 2828 902 2885 adiciuntur.
937 2831 1220 2899 Quomodo
1280 2834 1447 2902 igitur
1504 2834 1717 2891 discere
1774 2835 1975 2903 quaesi-

382 2916 532 2983 visti,
561 2933 723 2986 quam
767 2918 839 2974 ob
884 2934 1103 2976 causam
1137 2920 1417 2987 Christus,
1465 2936 1573 2991 quo
1622 2930 1865 2991 tempore
1908 2924 1977 2978 ad

383 3020 601 3063 crucem
637 3010 862 3066 victoris
900 3022 956 3065 et
990 3012 1405 3082 triumphatoris
1454 3013 1627 3073 instar
1664 3013 1977 3082 proﬁcisce-

2318 1516 2449 1569 PH'.
2486 1545 2557 1558 —
2587 1513 2921 1585 ΘΕΟΔΟΣΙῼ
2951 1512 3431 1582 ΠΡΕΣΒΥΤΕΡῼ.

2073 1629 2177 1685 Διὰ
2210 1631 2268 1683 τι
2291 1629 2389 1683 ἐπὶ
2413 1628 2525 1682 τὸν
2554 1628 2825 1696 σταυρὸν
2843 1627 3174 1697 ἐρχόμενος
3196 1627 3231 1697 d
3264 1624 3533 1694 Χριστὸς
3558 1625 3688 1692 ταῖς

2322 1697 2726 1769 κοπτομέναις
2750 1696 3031 1769 γυναιξὶν
3058 1696 3455 1765 ἐπετίμησεν.

2148 1812 2286 1867 Οὔτε
2313 1813 2404 1865 τὸν
2430 1813 2680 1881 γενναῖον
2708 1810 2950 1881 ἀθλητὴν
2968 1812 3049 1875 είς
3070 1810 3162 1864 τὸν
3187 1808 3382 1879 ἀγῶνα
3415 1808 3683 1875 καθέντα,

2076 1905 2173 1960 καὶ
2216 1905 2593 1977 κονιζόμενον,
2647 1904 2743 1958 καὶ
2778 1903 3159 1974 τυπτόμενον,
3217 1902 3529 1974 θρηνητὲον
3553 1918 3567 1931 ·
3607 1902 3686 1966 είς

2077 1999 2375 2069 στεφάνους
2415 1997 2525 2070 γὰρ
2574 1997 2723 2068 αὐτῷ
2766 1998 2817 2050 οἱ
2854 1997 3007 2049 πόνοι
3033 1996 3395 2049 τελευτῶσιν
3432 1993 3569 2048 οὔτε
3594 1995 3696 2048 τὸν,

2076 2088 2304 2160 ἀριστέα
2336 2089 2401 2143 ἐν,
2435 2087 2659 2159 πολέμῳ
2678 2086 2914 2153 ἐξιόντα,
2938 2086 3037 2140 καὶ
3055 2084 3376 2156 τραύματα,
3413 2084 3519 2139 καὶ
3546 2102 3683 2153 σφα-

2076 2181 2179 2249 γὰς
2212 2180 2480 2251 μέλλοντα
2528 2179 2848 2250 ὑπομένειν,
2902 2179 3265 2249 ὀλοφυρτέονο
3309 2176 3684 2246 τροπαιοῦχος

2076 2256 2185 2343 γὰρ
2230 2268 2519 2342 ἐπανήξει,
2579 2272 2678 2324 καὶ
2730 2269 2944 2340 στηλῶν
2976 2270 3073 2323 καὶ
3103 2270 3471 2340 ἀναρῤήσεων
3494 2268 3683 2335 τεύξε-

2074 2380 2194 2427 ται’
2247 2363 2364 2417 ἀλλ’
2398 2363 2646 2426 ἐκείνους
2699 2362 3020 2433 θρηνητέον,
3055 2363 3186 2425 τοὺς
3244 2362 3339 2414 ἐπὶ
3397 2361 3687 2431 λῃστείαις

2083 2458 2179 2509 καὶ
2234 2455 2615 2526 ἀνδροφονίαις
2665 2452 3207 2524 οἑοντας,,μάλιστα
3256 2453 3362 2524 μὲν
3400 2454 3537 2507 ὅταν
3584 2470 3682 2506 κα-

2077 2549 2409 2620 κουργῶσιν,
2472 2547 2665 2601 ἔπειτα
2715 2547 2772 2600 δὲ
2822 2548 2919 2600 καὶ
2971 2548 3102 2602 ὅταν
3142 2546 3513 2611 κολάζωνται.
3560 2547 3688 2609 Πῶς-

2076 2638 2170 2694 οὖν
2208 2639 2485 2711 ἐζήτησας
2540 2639 2758 2710 μαθεῖν,
2800 2638 2868 2693 δι’
2896 2640 2965 2711 ἢν
3001 2639 3183 2693 αἰτίαν
3230 2639 3545 2709 θρηνούσας
3584 2637 3681 2700 τὰς

2076 2735 2368 2802 γυναῖκας,
2422 2733 2513 2785 ὅτε
2583 2733 2677 2785 ἐπὶ
2728 2732 2821 2785 τὸν
2882 2733 3118 2804 σταυρὸν
3188 2733 3265 2795 ὼς
3312 2730 3683 2803 τροπαιοῦχος

2076 2826 2243 2897 ἀπῄει
2270 2828 2300 2879 ὁ
2330 2827 2570 2896 Χριστὸς
2622 2826 2684 2879 οὐ
2720 2825 2883 2898 μόνον
2913 2826 3017 2879 οὐκ
3051 2825 3380 2889 ἀπεδέξατο.
3412 2823 3557 2877 ἀλλὰ
3589 2823 3681 2876 καὶ

2078 2917 2419 2987 ἐπετίμησε;
2460 2916 2630 2986 Δῆλον
2656 2917 2767 2989 γὰρ
2800 2918 2884 2970 ὅτι
2915 2916 2996 2987 τῷ
3035 2916 3135 2987 μὲν
3168 2915 3361 2969 ἀκοντὶ
3417 2915 3679 2984 πάσχοντι

2078 3008 2112 3078 ἡ
2150 3007 2467 3078 συμπάθεια
2494 3008 2871 3080 παράκλησις,
2906 3007 2985 3079 τῷ
3012 3007 3071 3062 δὲ
3100 3008 3281 3061 ἑκοντὶ
3311 3006 3480 3077 ὕϐριν
3503 3006 3676 3076 φέρει.

383 3100 566 3164 batur,
596 3099 954 3158 lamentantes
978 3105 1232 3169 mulieres
1256 3121 1362 3159 non
1389 3105 1550 3159 modo
1572 3119 1677 3158 non
1697 3105 1976 3177 amplexus

2087 3100 2283 3171 Ὕϐρις
2331 3100 2443 3172 γὰρ
2481 3100 2767 3171 ἐκείνῳτὸ
2821 3098 3134 3171 συμπαθὲς,
3188 3092 3233 3167 ᾧ
3280 3097 3360 3168 μὴ
3411 3098 3477 3149 τὺ
3513 3097 3676 3161 πάθος

382 3191 572 3255 tuerit,
612 3206 802 3247 verum
857 3193 1023 3255 etiam
1080 3195 1529 3262 reprehenderit?
1557 3193 1781 3257 Constat
1806 3195 1974 3261 enim,

384 3285 430 3341 si
463 3287 589 3352 quis
629 3285 800 3347 vicem
834 3286 1014 3343 doleat
1040 3288 1317 3358 patientis,
1352 3287 1404 3342 id
1433 3288 1482 3349 ei
1513 3289 1730 3359 quidem
1770 3289 1862 3359 qui
1891 3289 1978 3343 in-

381 3378 530 3431 vitus
555 3378 784 3447 patitur,
832 3379 1032 3436 solatio
1066 3396 1221 3447 csse;
1249 3381 1298 3435 ei
1329 3394 1457 3434 vero
1485 3382 1573 3450 qui
1616 3396 1715 3437 sua
1760 3391 1976 3451 sponte,

384 3470 893 3543 iniuriam..al'l‘erre.
932 3471 1132 3541 Injuria
1170 3474 1314 3527 enim
1363 3481 1449 3528 est
1503 3472 1578 3528 illi
1632 3474 1975 3529 condolentia

389 3577 453 3615 ac
486 3563 912 3629 commiseratio,
944 3564 1031 3619 cui
1064 3580 1169 3619 non
1208 3573 1409 3634 przeter
1441 3575 1535 3619 aut
1566 3576 1757 3620 contra
1790 3567 1977 3630 volun-

386 3664 551 3719 tatem
580 3655 763 3711 evenit
791 3658 936 3733 quod
968 3657 1192 3726 patitur.
1220 3656 1395 3733 5716‘
1426 3658 1693 3724 Quoniam
1730 3657 1897 3728 igitur
1925 3667 1980 3712 et

384 3749 502 3817 ipse
555 3750 743 3805 volens
796 3732 865 3805 ad
923 3750 1233 3821 passionem
1293 3732 1566 3817 veniebat,
1626 3760 1682 3805 et
1744 3760 1978 3806 mortem

384 3841 781 3909 exstincturus,
831 3852 887 3898 et
927 3842 1203 3906 diabolum
1255 3853 1652 3908 enervaturus;
1697 3842 1800 3899 illae
1848 3857 1979 3900 vero

385 3933 654 3990 deﬂebant
684 3938 883 4006 ipsum,
909 3935 1001 4005 qui
1033 3935 1241 3990 laudari
1278 3939 1460 4005 potius
1487 3945 1541 3991 ct
1565 3935 1757 4006 plausu
1800 3938 1978 4009 excipi

386 4024 703 4080 merebatur
734 4043 746 4079 :
780 4041 899 4080 eam
922 4025 993 4081 ob
1021 4040 1135 4080 rem
1169 4027 1354 4093 etiam,
1397 4037 1457 4082 ut
1484 4028 1845 4105 quorumdam
1873 4027 1981 4084 fert

2080 3196 2412 3268 ἀϐούλητον.
2460 3197 2619 3250 Ἐπεὶ
2648 3196 2828 3250 τοίνυν
2856 3196 2956 3250 καὶ
2985 3195 3151 3258 αὐτὸς
3183 3193 3325 3248 ἐκὼν
3356 3196 3456 3247 ἐπὶ
3489 3194 3552 3247 τδ
3580 3192 3678 3246 πά-

2081 3289 2175 3354 θος
2210 3289 2436 3361 ἤρχετο,
2466 3289 2680 3343 καὶτὸν
2703 3289 2937 3343 θάνατον
2969 3286 3204 3350 σϐἐσων,
3246 3287 3342 3340 καὶ
3370 3286 3466 3340 τον
3499 3286 3673 3341 διάϐοο

2079 3383 2172 3439 λον
2202 3382 2540 3452 ἐκνευρίσων
2560 3400 2575 3413 ·
2596 3381 2860 3453 ἐθρήνουν
2884 3380 2940 3433 δὲ
2963 3380 3279 3445 ἐκεῖναι-τὸν
3308 3380 3453 3449 εὐφη
3462 3378 3677 3449 μεῖσθαι

2079 3473 2173 3526 καὶ
2206 3470 2519 3542 κροτεῖσθαι
2541 3471 2753 3537 δίκαιον
2780 3471 2914 3535 ὅντα
2933 3486 2947 3501 ⁸
2970 3470 3060 3525 διὰ
3085 3470 3247 3523 τοῦτο
3271 3469 3389 3536 καὶ,
3419 3468 3498 3532 ὡς
3530 3470 3675 3539 νομέ-

2083 3562 2237 3627 ζουσί
2278 3581 2442 3629 τινες,
2499 3564 2887 3636 κατηράσατο·
2938 3563 3015 3627 ὠς
3058 3562 3117 3615 δὲ
3162 3565 3197 3633 ἡ
3247 3561 3489 3631 ἀλήθεια
3546 3562 3673 3631 ἔχει,

2078 3661 2438 3732 προεμήνυσε
2468 3659 2537 3714 τὰ
2566 3660 2835 3730 μέλλοντα
2862 3661 3056 3722 αὐταῖς
3098 3658 3485 3729 συμϐήσεσθαι
3517 3658 3670 3713 κακά.

2080 3751 2411 3823 Θρηνείσθαι
2470 3752 2579 3823 γάρ
2625 3753 2687 3804 οὐ
2739 3751 2900 3822 θέμις
2945 3750 3039 3803 τὸν
3094 3748 3540 3820 τροπωσάμενον
3582 3748 3675 3819 τὴν

2082 3844 2383 3917 ἁμαρτίαν,
2430 3846 2525 3897 καὶ⁵
2561 3844 2866 3897 σπεύδοντα
2912 3844 3008 3897 ἐπὶ
3049 3842 3130 3915 τῷ
3181 3842 3279 3895 καὶ
3304 3842 3402 3895 τὸν
3450 3841 3675 3895 θάνατον

2082 3936 2421 4009 θανατῶσαι,
2454 3936 2549 3989 καὶ⁵
2581 3935 2672 3988 τὸν
2721 3934 2970 3991 διάϐολον
2999 3935 3184 4005 δῆσαι,
3220 3931 3365 3987 ἀλλὰ
3407 3933 3504 3987 καὶ
3555 3930 3674 3992 τοὺς

2083 4029 2189 4093 ὑπὸ
2211 4028 2419 4082 τούτων
2446 4026 2705 4085 ἁπάντων
2733 4027 2963 4091 ἁλόντας
2991 4026 3128 4099 ('17).

384 4115 597 4187 opinio,
624 4117 759 4173 diris
794 4118 941 4188 ipsas
1010 4117 1321 4189 deﬁgebat;
1366 4128 1426 4174 ut
1467 4130 1651 4174 autem
1723 4121 1929 4177 veritas
1996 4122 2182 4186 habet,
2241 4120 2719 4191 praesigniﬁcabat-
2757 4135 2822 4174 ea
2877 4136 2999 4190 quae
3046 4120 3181 4189 ipsis
3229 4131 3461 4175 ventura
3494 4124 3674 4174 essent

386 4208 548 4277 mala.
578 4207 716 4264 Nam
762 4209 1020 4282 lacrykmis
1048 4225 1170 4264 eum
1207 4211 1463 4283 prosequi
1490 4211 1573 4267 fas
1604 4228 1712 4268 non
1740 4224 1844 4279 est,
1881 4216 1974 4290 qui
2014 4216 2082 4270 de
2108 4224 2350 4284 peccato,
2369 4222 2633 4283 tropaeum
2659 4213 2955 4280 statuebat,
2980 4221 3037 4267 et
3105 4221 3479 4281 praeterquam
3534 4210 3679 4279 quod

388 4302 456 4369 ad
488 4314 716 4356 mortem
746 4312 921 4358 morte
954 4302 1287 4358 multandam
1332 4304 1628 4361 festinabat
1657 4313 1712 4360 et
1751 4306 1818 4362 ad
1846 4307 2194 4364 vinciendum
2258 4308 2556 4374 diabolum,
2606 4306 2676 4363 ad
2738 4321 2834 4361 eos
2887 4320 3128 4376 quoque,
3164 4305 3257 4375 qui
3328 4306 3397 4360 ab
3453 4304 3539 4359 his
3563 4318 3673 4357 om-

386 4396 545 4461 nibus
585 4396 785 4466 captivi
822 4396 1166 4463 tenebantur,
1214 4398 1523 4455 liberandos
1555 4414 1615 4456 se
1637 4399 1985 4463 conferebat.

564 4508 853 4583 CLXXXI.
886 4541 956 4550 —-
996 4509 1275 4567 HIERACI
1312 4512 1795 4579 PRESBYZ'I‘ERO.

388 4624 455 4695 1,»
482 4625 640 4691 illud,
676 4645 694 4676 ι
742 4624 924 4679 Nolite
957 4636 1146 4680 sancta
1181 4628 1311 4681 dare
1350 4629 1574 4683 canibus
1606 4631 1672 4695 '9,
1711 4651 1730 4683 ι
1774 4640 1831 4685 et
1858 4647 1979 4702 qua:

1010 4707 1337 4767 sequuntur.

460 4806 670 4875 Revera
697 4808 917 4878 dignum
953 4809 1316 4869 admiratione
1358 4820 1443 4866 est
1492 4814 1800 4881 oraculum,
1833 4819 1975 4891 quod

465 4986 507 5033 ¹³
535 4984 668 5053 Luc.
700 5002 859 5056 χχιιι,
882 4988 974 5057 27,
1002 4988 1094 5049 28.
1173 4991 1434 5057 “Matth.
1467 5010 1567 5061 vn,
1600 4996 1657 5048 6.

2366 4514 2541 4573 PIIA'.
2574 4543 2644 4553 -
2674 4512 2914 4567 meam
2949 4508 3429 4578 ΠΡΕΣΒΥΤΕΡῼ.

2092 4630 2195 4699 Εἰς
2224 4633 2316 4684 τό·
2343 4649 2362 4682 ι
2396 4629 2495 4697 Μὴ
2537 4627 2690 4683 δῶτε
2730 4627 2976 4763 τόὲιέχια
3026 4627 3151 4692 τοῖς
3210 4624 3379 4690 κυσὶ,
3419 4642 3439 4674 ι
3491 4622 3585 4675 καὶ
3609 4619 3672 4673 τὰ

2872 4715 2962 4763 ης.

2872 4715 2962 4767 ης.

2161 4815 2368 4879 Ὄντως
2390 4812 2723 4884 ἀξιάγαστος
2754 4816 2784 4868 ὁ
2821 4813 2966 4877 θεῖος
2994 4810 3265 4884 χρησμὸς,
3307 4810 3369 4864 ὂν
3408 4810 3670 4880 ἑρμηνευ-

1484 5152 1726 5209 VARIIE
1764 5152 2150 5221 LECTIONES
2187 5155 2275 5212 ET
2308 5154 2543 5212 NOTAE.

462 5306 576 5379 (76)
610 5306 814 5368 Confer
849 5324 940 5379 ep.
973 5312 1103 5377 151,
1139 5314 1235 5368 lib.
1276 5329 1335 5369 ιι.
1373 5314 1604 5370 Videtur
1639 5314 1882 5370 alludere
1913 5314 1979 5369 ad

390 5377 857 5457 Pythagoreorum
876 5377 1218 5451 sapientiam.
1248 5384 1349 5457 Qui
1372 5386 1517 5439 enim
1543 5387 1610 5440 de
1634 5386 1744 5440 vita
1779 5385 1983 5457 Pytha-

393 5464 540 5517 gora:
568 5452 882 5507 accuratius
914 5452 1447 5521 commentati’sunt,
1506 5466 1778 5511 testantur
1824 5452 1980 5511 illum

394 5534 524 5597 suas
553 5521 813 5588 quasdam
852 5524 1106 5597 habuisse
1131 5526 1369 5597 ἐπῳδὰς,
1407 5525 1602 5596 quibus
1653 5544 1756 5581 non
1800 5527 1981 5581 minus

396 5591 704 5667 animorum
749 5594 1187 5667 perturbationes
1219 5591 1391 5666 quam
1423 5591 1713 5663 corporum
1750 5597 1975 5667 aegritu-

395 5657 552 5730 dines
612 5657 885 5730 depellere
942 5665 1133 5720 solitus
1186 5657 1276 5723 sit.
1341 5668 1475 5723 Vide
1521 5657 1884 5722 Jamblichum
1922 5677 1979 5722 et

398 5725 663 5795 ualebunt
683 5725 745 5786 in
772 5730 893 5788 Vita
928 5732 1265 5806 Pythagora).
1299 5739 1438 5805 Quid
1482 5748 1664 5806 autem
1693 5738 1757 5793 de
1787 5738 1993 5819 epodis.

2091 5315 2209 5389 sive
2232 5312 2729 5389 incantationibus,
2750 5325 2893 5389 qme
2910 5310 3310 5389 vetustissimo,
3344 5308 3464 5389 sed.
3482 5306 3669 5389 impra-

2089 5386 2219 5439 bato
2263 5400 2453 5451 more,
2506 5377 2785 5440 curandis'
2805 5381 3124 5437 vulneribus
3175 5395 3239 5451 ac
3286 5378 3498 5434 morbis
3535 5377 3667 5428 adbi-

2090 5456 2309 5521 bentur,
2356 5455 2699 5509 sentiendum
2731 5454 2826 5519 sit,
2872 5452 3057 5521 multis
3083 5451 3184 5506 SS.
3218 5450 3447 5521 Patrum
3493 5455 3667 5521 aucto-

2089 5516 2342 5581 ritatibus
2360 5526 2521 5580 docui
2551 5526 2604 5578 in
2641 5516 2929 5578 Sacrarum
2958 5520 3263 5577 Lectionum
3294 5519 3472 5574 libris.
3500 5516 3650 5573 lim.

2158 5596 2271 5666 (77)
2326 5596 2637 5661 Ἀλόπας.
2681 5593 2954 5666 omissum
3017 5591 3413 5666 et_addemlum
3468 5589 3661 5644 videtur

2341 5645 2643 5735 ῑόζρώάὲι,
2676 5645 3218 5731 νοίάιιολυτροῦσαι.
3258 5658 3425 5723 Rrr'r.
