3906 6416
195 370 301 438 1273
928 365 1465 434 EPISTOLARUM
1493 365 1640 425 LIB.
1683 363 1779 423 tv.
1803 386 1873 396 —
1898 358 2136 421 EPIST.
2190 358 2572 430 CLXXXIII.
3257 361 3402 431 1.2.7,

189 478 314 550 θῆναί
335 493 406 529 σοι
433 470 840 544 παρεκελεύσω.
880 475 954 528 Τὸ
971 477 1114 548 γάρ·
1149 495 1168 526 ι
1201 477 1292 547 Μὴ
1317 475 1453 529 δῶτε
1491 475 1560 528 τά
1577 475 1711 544 ἅγια

1861 473 1910 527 bi
1942 472 2140 541 exponi
2179 471 2406 542 petiisti.
2467 471 2602 525 Illud
2645 470 2790 526 enim
2831 470 3078 527 dictum:
3139 490 3159 524 ι
3217 471 3397 530 Nolite

186 575 273 634 τοῖς
293 570 423 633 κυσὶ,
453 567 585 638 μηδὲ
633 565 828 638 ρίψητε
861 569 990 631 τοὺς
1034 569 1384 640 μαργαρίτας
1426 568 1583 640 ὑμῶν
1614 567 1713 638 ἔμ-

1853 574 2003 620 ancta
2060 565 2191 618 dare
2243 564 2490 629 canibus,
2545 578 2721 633 neque
2775 563 3022 634 projicite
3072 569 3395 636 margaritas

185 661 380 733 προσθεν
410 657 510 710 τῶν
534 659 758 727 χοίρων,
786 657 998 728 μήποτε
1021 660 1490 731 καταπατήσωσιν
1512 659 1711 722 αὐτοὺς

1851 665 2025 712 estras
2047 665 2172 710 ante
2201 671 2416 726 porcos.
2452 656 2742 724 nequando
2765 658 3086 712 conculcent
3113 673 3207 714 cas
3246 661 3393 729 pedi-

184 755 271 815 τοῖς
296 751 436 804 ποσὶν
456 749 654 811 αὐτῶν,
704 749 798 802 καὶ
840 749 1176 820 στραφέντες
1207 750 1446 822 ῥήξωσιν
1480 751 1645 821 ὑμᾶς,
1685 768 1704 801 ι

1855 763 1911 802 us
1933 751 2067 815 suis,
2102 758 2157 803 ct
2185 749 2435 804 conversi
2483 751 2726 804 lacerent
2771 764 2902 816 vos;
2953 767 2978 802 ι.
3020 750 3179 804 talem
3206 765 3397 820 quem-

181 842 378 898 τοιοῦτόν
403 858 518 894 τινα
542 840 726 894 ὠδίνει
751 839 897 894 νοῦν.
936 841 1158 913 Ἐπειδὴ
1186 842 1342 911 ἅγιος
1371 843 1464 896 καὶ
1494 859 1712 914 μαργα-

1857 856 1932 895 am
1975 843 2116 911 parit
2166 857 2411 896 sensum.
2463 841 2599 908 Quia
2653 840 2878 895 verbum
2925 842 3166 895 divinum
3196 853 3280 896 est
3309 857 3399 897 sa-

183 935 307 1006 ρίτης
326 932 479 994 ὅντως
509 931 949 1001 τιμαλφὲστατος
977 932 1007 984 ὁ
1048 932 1192 995 θεῖος
1231 932 1414 1002 λόγος,
1468 931 1628 996 κύνες
1651 932 1710 986 δὲ

1850 943 2178 999 rosanctum,
2231 943 2286 986 et
2345 933 2643 1004 margarita
2701 949 2889 988 revera
2945 935 3392 1003 pretiosissima:

181 1025 255 1080 καὶ
275 1025 428 1094 χοῖροι
457 1021 518 1074 οὐ
557 1023 722 1092 μόνον
751 1023 801 1075 oi
831 1025 964 1093 περὶ
991 1023 1060 1078 τὰ
1081 1023 1348 1094 δόγματα,
1376 1023 1513 1085 ἀλλὰ
1541 1023 1636 1084 καὶ
1659 1025 1711 1078 οἱ

1855 1040 1973 1080 tnes
2025 1033 2206 1082 autem
2252 1033 2306 1080 et
2356 1025 2504 1094 porci
2535 1034 2691 1092 sunt,
2725 1040 2835 1084 non
2881 1026 3056 1082 solum
3102 1027 3194 1096 qui
3250 1025 3397 1082 circa

180 1117 283 1187 περὶ
300 1114 386 1177 τὰς
407 1113 634 1185 πράξεις
664 1115 972 1183 πταίοντες,
999 1116 1382 1188 καταπάτησις
1410 1117 1467 1170 δὲ
1501 1119 1534 1188 ἡ
1582 1118 1711 1189 περὶ

1853 1129 2059 1191 ogmata
2091 1119 2420 1174 Christianas
2449 1119 2746 1189 religionis,
2773 1120 2869 1174 sed
2907 1122 3069 1174 etiam
3115 1121 3207 1190 qui
3249 1120 3395 1176 circa

178 1207 323 1265 αὐτῶν
363 1205 470 1277 ἔρις
504 1207 598 1260 καὶ
645 1205 977 1278 ζυγομαχία,
1015 1207 1128 1261 τῶν
1165 1209 1265 1279 μὲν
1306 1209 1407 1280 τὴν
1439 1209 1708 1282 ὀρθότητα

1853 1209 2053 1266 stiones
2078 1211 2335 1264 labuntur
2366 1227 2391 1275 ε.
2418 1209 2758 1265 conculcatio
2789 1221 2972 1265 autem
3000 1219 3086 1265 est
3112 1210 3395 1264 contentio

177 1299 262 1352 τῶν
285 1297 550 1368 δογμάτων
581 1297 913 1369 ἀνατρέπειν
943 1299 1328 1370 πειρωμένων,
1375 1299 1487 1354 τῶν
1511 1299 1568 1354 δὲ
1607 1301 1709 1370 τὴν

1855 1311 1971 1371 Lque
2015 1300 2366 1356 concertatio.
2409 1300 2475 1355 de
2525 1300 2630 1354 illis
2685 1308 2959 1370 suscepta,
2999 1300 3126 1352 dum
3156 1300 3248 1354 alii
3298 1301 3397 1355 do-

175 1391 366 1462 ἀριστην
409 1391 684 1444 πολιτείαν
725 1390 1154 1462 ἐξυϐριζόντων·
1205 1393 1361 1464 ῥῆξις
1387 1393 1444 1446 δὲ
1477 1392 1588 1446 τῶν
1617 1392 1710 1446 τὸν

1855 1401 2048 1446 malum
2077 1392 2464 1446 rectitudinem
2495 1392 2975 1460 sinceritatemque
3017 1401 3267 1448 evertere
3303 1408 3397 1448 co—

176 1481 288 1533 θείον
310 1480 452 1548 λόγον
473 1482 914 1551 οπρεσῦευόντων²ι
943 1483 1039 1536 καὶ
1063 1483 1172 1538 τῶν
1204 1485 1321 1556 (78)
1343 1484 1542 1555 ἄριστα
1567 1503 1708 1556 συμ-

1850 1494 2039 1548 antur;
2075 1482 2167 1537 alii
2207 1485 2468 1552 optimam
2511 1485 2726 1537 vivendi
2772 1486 3036 1537 rationem
3063 1484 3392 1538 contumelia

173 1569 512 1634 ϐουλευόντων,
549 1572 584 1641 ἡ
613 1571 723 1624 τῶν
767 1572 868 1626 οὐκ
899 1572 1078 1646 ὀρθῶς
1132 1574 1394 1644 βιούντων
1425 1577 1708 1646 καταφρό-

1851 1572 2068 1628 Πὶοίιιιιι.
2121 1573 2417 1629 Laceratio
2466 1576 2700 1644 denique
2755 1569 2946 1630 eorum
3001 1576 3092 1646 qui
3150 1576 3393 1630 divinuut

172 1678 297 1731 νησις
319 1661 405 1714 καὶ
436 1662 630 1732 ἀτιμία
649 1679 664 1694 ο
685 1662 774 1716 διά
792 1662 953 1717 τοῦτο
973 1664 1081 1735 ἔφη
1101 1681 1114 1694 ·
1138 1665 1230 1738 Μὴ
1250 1666 1327 1729 ὼς
1352 1665 1559 1721 εὕωνόνι
1583 1684 1704 1720 τινα

1859 1665 2032 1721 erbum
2065 1674 2322 1736 tanquam
2363 1665 2523 1736 legati
2553 1668 2900 1730 annuntiattt,
2919 1668 3237 1736 optimaque
3265 1669 3401 1725 dant

171 1754 244 1807 καὶ
267 1753 576 1830 εὐπόριστον
605 1754 827 1826 ῥίπτετε
853 1755 944 1809 τὸν
971 1756 1153 1826 λόγον,
1188 1757 1276 1812 ἵνα
1305 1758 1380 1830 μὴ
1415 1759 1509 1812 ιια)⁸
1543 1759 1705 1823 αὐτὸς

1862 1757 2064 1821 ntsilia,
2092 1767 2177 1812 est
2201 1769 2547 1827 contemptus
2589 1768 2646 1814 et
2684 1759 3003 1828 ignominia,
3025 1773 3131 1828 qua
3157 1774 3251 1814 eos
3281 1758 3404 1812 allia

168 1825 506 1918 mpow'qiieiq,
551 1825 646 1902 καὶ
708 1849 868 1920 ὑμεῖς
913 1825 1339 1922 κωμῳδηθείητε
1367 1825 1550 1922 ⁷παρά
1597 1851 1707 1905 τῶν

1855 1858 1957 1903 unt
1987 1851 2078 1919 qui
2108 1866 2216 1905 non
2249 1825 2664 1917 .recteﬁvivunt;
2698 1825 2836 1905 lianc
2862 1852 2932 1906 ob
2961 1825 3181 1906 causam
3205 1851 3342 1906 dixit
3377 1870 3397 1906 ξ

165 1938 308 2007 ὀρθῶς
333 1938 439 2009 (79)
471 1940 642 2010 μηδὲν
675 1942 812 2010 μήτε
851 1940 1140 2010 λεγόντων,
1161 1943 1298 2013 μήτε
1329 1943 1704 2013 πραττόντων.

1850 1955 1885 1996 e
1913 1952 2167 2012 tanquam
2198 1958 2308 1997 rem
2339 1943 2575 2011 aliquant
2615 1942 2776 1997 vilem
2821 1957 2887 1998 ac
2932 1952 3122 2012 paratu
3181 1941 3392 1998 facilem

165 2025 290 2088 Τινὲς
318 2026 371 2078 δέ
405 2044 569 2094 φασιν
596 2027 698 2081 οὐκ
726 2028 834 2082 ἀπὸ
866 2030 1094 2094 σκοποῦ,
1119 2031 1202 2084 ὅτι
1225 2032 1320 2086 καὶ
1343 2031 1443 2103 τὴν
1473 2033 1707 2102 ἱερωσύ-

1861 2031 2060 2100 rojicite
2085 2031 2330 2098 verbum,
2357 2047 2423 2086 ne
2451 2041 2505 2087 et
2537 2032 2716 2103 ipsum
2747 2032 3074 2086 contumelia
3108 2031 3403 2098 afﬁciatur,

164 2133 242 2186 νην
263 2117 558 2188 διαγορεύει
612 2118 687 2190 μὴ
731 2119 954 2189 δοθῆναι
1001 2123 1114 2184 τοῖς
1144 2121 1404 2192 ἀσελγέσι
1449 2124 1545 2178 καὶ
1566 2125 1704 2178 ἀκα-

1860 2134 1869 2178 t
1893 2139 1987 2179 vos
2009 2125 2371 2180 traducamini
2399 2139 2462 2180 ac
2485 2123 2716 2185 ludibrio
2745 2122 3056 2178 habeatnini
3086 2124 3154 2178 ab
3184 2123 3271 2189 iis,
3303 2123 3402 2192 qui.

160 2207 361 2278 θὰρτοις,
390 2209 475 2262 ἵνα
511 2209 585 2280 μὴ
614 2211 710 2264 καὶ
738 2209 914 2279 αὐτὴν
960 2209 1267 2281 ὑϐρίσειαν,
1305 2215 1402 2267 καὶ
1427 2220 1569 2270 κατά
1594 2215 1702 2270 τῶν

1857 2216 1953 2270 ibil
1976 2225 2121 2271 recte
2158 2231 2333 2285 neque
2365 2217 2572 2280 dicunt,
2598 2231 2776 2284 neque
2805 2213 3030 2269 faciunt.
3055 2214 3393 2268 Suntautem

158 2301 621 2371 χειροτονησάντων
668 2303 990 2374 ὁρμήσαιεν,
1041 2303 1109 2379 ἢν
1154 2299 1302 2374 εἶχον
1355 2307 1462 2376 πρὸ
1515 2307 1700 2361 τούτου

1856 2307 1905 2360 ui
1943 2321 2048 2361 non
2082 2307 2316 2363 absurde
2363 2307 2568 2374 dicant,
2612 2307 2758 2377 quod
2805 2307 2970 2360 etiam
3029 2306 3398 2362 sacerdotium

157 2391 326 2464 σεμνὴν
351 2392 512 2456 δόξαν
540 2393 992 2465 διαρῥηγνύντες.
1021 2395 1083 2448 El
1107 2394 1164 2449 δὲ
1191 2395 1285 2449 καὶ
1311 2399 1426 2460 τοῖς
1454 2398 1699 2469 ἁμαρτά-

1861 2398 2100 2469 roltibeat
2121 2399 2240 2453 dari
2266 2399 2533 2469 improbis
2567 2409 2730 2467 atque
2769 2398 3018 2466 impuris,
3043 2414 3110 2452 nc
3141 2409 3195 2452 et
3221 2399 3403 2466 ipsum

157 2499 280 2536 νουσι
306 2482 532 2549 λαῖκοῖς,
573 2485 642 2538 τὰ
695 2485 814 2538 θεῖα
840 2484 916 2556 μὴ
958 2484 1202 2541 δίδοσθαι
1251 2489 1549 2558 μυστήρια,
1586 2490 1699 2542 ἐπί-

1856 2490 2008 2560 tjuria
2037 2490 2296 2560 alliciant,
2332 2501 2388 2546 et
2434 2492 2490 2546 in
2531 2507 2626 2547 eos
2678 2508 2708 2545 a
2758 2493 2959 2561 quibus
2991 2489 3149 2544 electi
3171 2499 3298 2544 sunt
3323 2489 3398 2542 ir-

152 2589 336 2644 ατησον.
368 2575 429 2630 Ei
457 2577 519 2630 δὲ
547 2576 642 2638 καὶ
668 2578 783 2640 τοῖς
815 2579 1310 2650 προσποιουμένοις
1348 2581 1448 2651 μὲν
1486 2582 1694 2652 προσιέ-

1863 2592 1992 2648 tant,
2047 2583 2246 2638 bonam
2279 2594 2443 2654 atque
2492 2585 2797 2648 honestam,
2834 2598 2941 2651 qua
2987 2583 3136 2650 prius
3187 2581 3405 2650 pradit't

151 2682 222 2718 vat
261 2670 321 2738 τῇ
364 2669 571 2735 πίστει,
621 2667 699 2740 μὴ
750 2669 1144 2739 ἀφισταμένοις
1182 2671 1241 2724 δὲ
1280 2672 1390 2726 τῶν
1421 2673 1693 2744 παρόντωι

1861 2685 1985 2740 'ant,
2022 2676 2484 2732 existimationem
2537 2675 2927 2730 dilacerantes.
2957 2673 3112 2744 Quod
3146 2674 3191 2727 si
3230 2673 3403 2726 etiam

147 2756 589 2830 ἐπιτηδευμάτων,
638 2761 978 2831 ἀπαγορεύει
1017 2761 1079 2815 τὸ
1127 2762 1283 2818 Θείον
1334 2764 1573 2824 δίδοσθαι
1608 2765 1689 2837 βά·

1861 2768 2158 2823 tccantibus
2211 2767 2366 2823 Iaicis
2415 2769 2624 2826 dixeris
2673 2782 2779 2820 non
2831 2781 2952 2821 esse
3001 2766 3180 2819 danda
3213 2764 3403 2824 divina

150 2867 353 2922 πτισμα,
385 2853 709 2924 ἐπίστησον.

1857 2858 2084 2928 ysteria,
2116 2859 2258 2915 scias
2289 2867 2342 2915 te
2369 2867 2516 2914 recte
2554 2858 2824 2928 accipere.
2861 2856 2919 2912 Si
2953 2855 3191 2926 denique
3225 2855 3399 2914 etiam

143 2943 338 3012 dixeris,
374 2949 522 3016 quod
572 2949 856 3016 prohibeat
904 2947 1146 3004 divinum
1200 2950 1474 3021 impartiri
1521 2951 1850 3022 baptismum
1885 2953 2016 3018 illis,
2075 2954 2167 3024 qui
2225 2953 2484 3009 simulant
2544 2953 2789 3023 quidem,
2853 2952 3006 3007 sead
3041 2950 3200 3008 ﬁdem
3233 2948 3396 3008 Chri-

144 3037 342 3093 stianam
373 3041 643 3097 accedere
671 3081 689 3106 ,
721 3045 816 3099 sed
845 3045 1062 3104 interim
1114 3059 1222 3100 non
1256 3045 1526 3102 desistunt
1557 3062 1590 3102 a
1631 3047 1996 3119 praesentibus
2056 3050 2178 3104 vita:
2214 3048 2495 3114 institutis,
2524 3047 2662 3104 scito
2706 3044 2845 3102 nihil
2917 3056 2970 3103 te
3006 3061 3041 3101 a-
3107 3059 3238 3102 vero
3297 3047 3396 3099 ab-

139 3145 315 3190 errare.

420 3255 601 3312 PIIB'.
642 3287 715 3300 —
761 3259 1024 3330 ιΣΙΔΩΡῼ
1057 3257 1383 3330 ΔΙΑΚΟΝῼ.
1729 3241 1774 3300 C

1729 3241 1774 3300 ϐ
1964 3313 1974 3321 ,
2061 3257 2772 3322 CLXXXll.——ISIDORO
2809 3255 3128 3313 DIACONO.

141 3363 235 3427 Τοῦ
259 3369 600 3440 ψαλτηρίου
621 3412 635 3424 .
677 3373 817 3440 Περὶ
846 3371 960 3453 τῇς
989 3370 1112 3426 τῶν
1159 3369 1424 3442 Ψαλμῶν
1465 3371 1683 3445 ἐπιγρα-

1675 3391 1701 3425 ι-
1985 3372 2070 3430 Ea;
2094 3372 2380 3434 Psalterio,
2399 3374 2463 3426 de
2489 3372 2830 3426 Psalmorum
2853 3371 3217 3439 inscriptione.

821 3460 967 3512 φης·
2085 3501 2097 3514 .

195 3550 310 3604 Ὅτε
341 3553 441 3622 μὲν
470 3555 500 3607 ὁ
534 3554 842 3619 Μελοποιὸς
869 3556 1153 3628 ἐμελῴδει,
1182 3557 1529 3628 ἐπεγράφετο
1560 3557 1700 3628 ψαλ-

1875 3550 2102 3617 Quando
2149 3551 2262 3620 ip'se
2293 3550 2630 3605 Psalmorum
2664 3557 2858 3605 auctor
2901 3549 3155 3612 canebat,
3205 3548 3400 3602 inscri-

139 3641 252 3710 μές’
284 3643 417 3715 ᾩδὴ
452 3644 542 3711 τῷ
569 3648 750 3701 Δαϐίδ
779 3647 912 3718 (80).
948 3649 1080 3702 Ὅτε
1113 3648 1170 3702 δὲ
1201 3649 1365 3713 αὐτὸς
1402 3648 1681 3720 μὲνὲμελ·

1865 3644 2029 3699 :batur
2079 3642 2348 3712 psalmus,
2373 3641 2484 3696 Ode
2516 3642 2725 3697 Davidi.
2757 3642 2828 3699 At
2854 3643 3073 3712 quando
3096 3640 3212 3710 ipse
3236 3639 3407 3710 517‘

131 3732 256 3803 ᾤδει,
300 3736 460 3803 ἄλλος
491 3739 557 3792 δὲ
615 3739 948 3811 ὲμελοποίει,
998 3742 1032 3812 ἢ
1083 3742 1165 3806 είς
1227 3742 1391 3796 αὐτὸν
1444 3741 1505 3794 τὸ
1541 3742 1673 3811 μέλο

1856 3736 2024 3789 uidem
2082 3736 2332 3800 canebat,
2385 3735 2525 3789 alius
2569 3749 2700 3789 vero
2755 3736 2944 3788 modos
3000 3732 3254 3797 faciebat,
3313 3734 3398 3786 vel

132 3826 245 3896 παρ’
273 3827 444 3884 ἄλλων
473 3831 660 3903 ᾔδετο,
693 3832 727 3904 ἢ
754 3834 834 3897 είς
863 3833 954 3887 τὸν
977 3834 1036 3900 ἐξ
1061 3833 1228 3888 αὐτοῦ
1259 3835 1322 3888 τὸ
1355 3834 1499 3889 κατά
1522 3836 1674 3906 σάρκ‹

1865 3825 2028 3878 tando
2057 3825 2126 3879 ab
2153 3825 2273 3880 aliis
2299 3838 2518 3878 carmen
2564 3824 2616 3878 in
2654 3823 2829 3893 ipsum
2864 3823 3179 3887 cauebatur,
3214 3821 3298 3875 vel
3331 3822 3405 3874 ad

131 3916 338 3987 Χριστὸν
367 3923 646 3994 ἀνήγετο,
685 3926 936 3995 Ψαλμὸς
975 3925 1057 3992 τῷ
1088 3926 1287 3981 Δαϐἰδ.
1327 3928 1401 3980 Ού
1432 3927 1541 3998 γὰρ
1565 3926 1673 3980 πάν

1857 3911 2114 3979 ltristum,
2161 3912 2253 3982 qui
2286 3927 2351 3966 ex
2391 3913 2505 3980 ipso
2556 3913 2852 3998 secundum
2880 3928 3100 3967 carnem
3132 3921 3249 3965 erat
3301 3927 3399 3965 na-

130 4024 205 4071 τες
241 4011 286 4062 οἱ
340 4013 690 4085 μελογρ’ἀφοι
742 4011 906 4091 ᾖδον,
964 4017 1086 4070 οὐδὲ
1137 4018 1340 4080 πάντες
1381 4017 1432 4070 οἱ
1485 4015 1670 4087 ᾅδοντε

1853 4005 2068 4070 :iturus,
2101 4006 2461 4069 referebatur,
2515 4005 2801 4075 inscriptio
2843 4006 3005 4060 ﬁebat
3053 4005 3167 4058 haec
3197 4021 3210 4058 :
3239 4001 3395 4057 Psal-

128 4098 530 4174 ἐμελογράφουν
549 4120 564 4134 ·
615 4105 733 4158 ἀλλ’
781 4095 831 4159 οἱ
873 4106 975 4177 μὲν
999 4107 1181 4172 τοῦτο,
1239 4110 1288 4161 οἱ
1317 4107 1373 4160 δὲ
1409 4109 1588 4162 ἐκεῖνο
1609 4123 1623 4136 ·
1652 4125 1670 4160 c

1862 4113 1922 4151 us
1952 4096 2162 4150 Davidi.
2195 4095 2310 4150 Non
2365 4098 2509 4151 enim
2559 4112 2752 4152 omnes
2783 4098 2876 4167 qui
2919 4110 3138 4151 carmen
3172 4111 3399 4164 compo-

129 4189 176 4243 δὲ
197 4195 282 4248 καὶ
310 4197 612 4266 ἀμφότερα
633 4197 1044 4268 διεπράττοντο,
1070 4197 1166 4252 τοῦ
1202 4198 1350 4252 θείου
1382 4197 1671 4270 Πνεύματο

1865 4192 2030 4257 :bant,
2049 4191 2215 4244 etiam
2240 4189 2508 4244 canebant
2532 4208 2546 4244 :
2585 4204 2761 4259 neque
2781 4204 2972 4244 omnes
2996 4188 3088 4256 qui
3105 4189 3407 4252 canebant,

126 4283 318 4360 ἑκάστῳ
352 4289 413 4342 τὸ
439 4290 760 4361 πρόσφορον
782 4291 1172 4360 ἀπονέμοντος.

1862 4285 1966 4339 iam
1997 4295 2218 4337 carmen
2245 4281 2685 4350 componebant;
2718 4282 2814 4336 sed
2842 4281 2934 4334 alii
2975 4280 3104 4344 hoc,
3137 4279 3229 4334 alii
3264 4277 3404 4335 illud.

129 4376 396 4444 Iaciebant,
427 4383 525 4437 alii
557 4398 691 4439 vero
710 4385 874 4439 etiam
899 4393 1213 4453 utrumque,
1239 4385 1424 4440 divino
1446 4385 1700 4441 videlicet
1736 4379 1946 4451 Spiritu
1981 4375 2278 4444 unicuique
2309 4375 2383 4440 id,
2415 4375 2559 4443 quod
2595 4375 2696 4444 ipsi
2720 4375 3055 4429 conveniens
3119 4385 3176 4430 et
3208 4382 3408 4443 aptum

125 4482 268 4538 esset,
304 4477 668 4532 attribuente.

368 4592 549 4648 P111".
582 4620 654 4634 -
685 4593 919 4664 ΠΑΥΛῼ
961 4592 1264 4666 annona
1298 4595 1433 4665 (at).
1733 4607 1782 4666 ε)

1733 4607 1782 4666 ε)
2091 4581 2421 4637 CLXXXIII.
2441 4613 2506 4626 —
2525 4581 2755 4639 PAULO
2791 4580 3111 4637 DIACONO.

131 4695 247 4752 Ἐπί
266 4699 373 4770 τῆς
399 4701 574 4769 θείας
587 4702 915 4773 ἐνεργείας,
936 4702 1004 4757 τὸ
1021 4703 1158 4780 Πῶς
1172 4702 1260 4773 μὴ
1280 4702 1465 4774 ἐχέτω
1474 4701 1673 4773 χώραν

1868 4715 1938 4753 tm
1961 4697 2102 4754 Deus
2126 4697 2334 4768 aliquid
2352 4696 2517 4820 facint
2534 4691 3054 4764 quwstio,quomodo
3075 4733 3090 4756 ,
3127 4708 3190 4746 ne
3210 4691 3410 4746 habeab

2522 4783 2697 4821 acum.

178 4878 282 4947 (82)
319 4882 498 4938 Ὅταν
528 4886 564 4956 ή
611 4883 732 4938 θεία
768 4885 999 4954 δύναμις
1047 4887 1284 4956 ἐνεργῇ,
1332 4885 1396 4944 τὸ
1446 4884 1570 4948 Πῶς
1620 4885 1701 4956 μὴ

1879 4881 2108 4948 Quando
2167 4880 2348 4935 divina
2388 4880 2630 4950 potentia
2669 4852 2875 4949 aliquid
2931 4887 3212 4946 operatur,
3241 4893 3393 4948 qua:-

119 4967 274 5042 ὲχὲτω
313 4975 535 5050 χώραν.
565 4977 633 5031 Ei.
660 4977 772 5049 γὰρ
798 4977 971 5032 πολλά
1014 4976 1158 5049 ὑπὲρ
1187 4977 1378 5047 φύσιν,
1415 4977 1514 5032 καὶ
1546 4976 1661 5047 λογι

1869 4991 1930 5037 κο,
1955 4973 2228 5043 quomodo
2250 5013 2266 5038 ,
2295 4989 2362 5027 ne
2397 4972 2595 5028 habeat
2623 4971 2822 5027 locum.
2861 4969 2997 5025 Nam
3051 4979 3174 5026 utut
3226 4967 3411 5024 multa.

1217 5149 1453 5215 VABUE
1490 5147 1879 5206 LECTIONES
1920 5147 2008 5203 ET
2043 5147 2276 5206 NOTAE.

176 5311 282 5384 (78)
309 5313 473 5384 Inter
495 5311 613 5384 τῶν
629 5319 684 5384 et
711 5310 916 5384 ἄριστα
933 5309 1054 5366 cod.
1081 5309 1208 5366 Vat.
1226 5309 1333 5365 650
1369 5309 1562 5365 inserit
1592 5307 1684 5366 rei.

1847 5307 1983 5384 (81)
2011 5308 2299 5384 inscriptio
2324 5309 2518 5384 deerat
2561 5308 2613 5362 in
2627 5306 2885 5384 editione
2912 5306 3240 5375 Parisiensi;
3265 5321 3389 5378 sup.

119 5377 422 5439 Versfinde
449 5383 514 5443 2,
544 5383 683 5437 tollit
712 5377 856 5438 τινά.
888 5381 1100 5436 Possm.
1799 5377 1978 5448 pietur
2012 5395 2078 5433 ex
2107 5377 2293 5433 codice
2324 5379 2586 5433 Vaticano
2619 5377 2745 5433 650.
2777 5377 2934 5432 EDIT.

172 5453 280 5525 (79)
332 5452 552 5525 Ὀρθῶς
604 5462 788 5525 mutat
821 5454 874 5507 in
905 5451 1100 5525 ὀρθόν.
1144 5451 1302 5525 vers.
1336 5450 1462 5505 inde
1492 5449 1575 5525 3_._
1593 5465 1692 5519 pro
1854 5449 1986 5525 i252)
2023 5448 2222 5525 Confer
2247 5451 2408 5525 epist.
2432 5449 2537 5525 £16
2569 5448 2660 5502 lib.
2685 5457 2796 5525 t,_et
2822 5446 3222 5525 quod_alilt_i_est
3255 5448 3399 5525 ap_u_d

112 5516 274 5596 αὐτὴν
302 5516 596 5596 ὑϐρίσειαν
629 5524 820 5578 scribit
865 5516 1476 5596 sig-authvt't6picotev.
1539 5516 1654 5596 ver;

1856 5516 2295 5596 idorutn,__éw)tog_
2310 5520 2417 5582 πᾶς
2432 5519 2590 5596 λόγος
2619 5517 2759 5596 μετά
2787 5516 3398 5596 τῆν-θείανψῆφονζδέο

175 5587 335 5665 ιι.ἐρ.
365 5587 662 5665 παρόντων
685 5603 858 5665 mutat
880 5595 942 5665 in
967 5587 1392 5663 παρανόμων,ει
1426 5605 1569 5646 vers.
1592 5592 1688 5646 ult.

1856 5591 2047 5665 tstinys
2073 5590 2286 5665 Martyr
2331 5609 2345 5645 :
2375 5587 2566 5665 σαφὴς
2621 5587 2852 5665 ἐλεγχος
2881 5588 3138 5665 ἀπιστίας
3156 5587 3251 5665 ’.τὸ
3281 5587 3398 5653 πῶς

110 5609 224 5718 ἵξῃ.
247 5610 335 5665 ep.
365 5609 662 5665 παροντων
685 5609 858 5646 mutat
889 5610 942 5647 ιιι
967 5609 1392 5663 παρανομων,θι
1426 5609 1569 5646 vers.
1592 5609 1652 5645 un

139 5667 399 5738 πίφτησον
429 5667 488 5738 in
503 5663 841 5738 -ξπίσιιεψαα
877 5664 950 5738 In.
992 5733 1005 5738 _
1095 5731 1108 5738 _
1131 5731 1174 5738 __
1278 5731 1305 5738 _
1374 5735 1382 5738 _
1447 5733 1517 5738 ω

1853 5609 2047 5646 tsttnus
2078 5609 2286 5660 martyr
2331 5609 2345 5645 :
2385 5609 2566 5660 σαφης
2621 5609 2845 5659 εΑεγχος
2881 5609 3138 5652 απιστιας
3188 5609 3251 5640 το
3281 5609 3395 5653 πως

1853 5661 1931 5732 apt
1967 5659 2342 5738 Θεοῦ-λέγειν..
2372 5659 2781 5738 Similia_n_tulta
2814 5659 3013 5714 habent
3049 5658 3115 5713 D.
3147 5657 3395 5738 Ch_r_yso-

175 5728 294 5806 (80)'
319 5737 464 5791 Cod.
503 5733 627 5806 Vat.
667 5728 775 5806 65D
827 5733 1032 5788 omittit
1078 5731 1544 5806 ᾠδὴτῶΑΔαὸίδ,
1595 5747 1691 5804 pro
1801 5728 2034 5806 stemus,
2093 5731 2414 5789 Ambrosius
2465 5739 2520 5787 et
2560 5729 2674 5796 alii,
2721 5744 2842 5800 quae
2890 5743 3056 5798 parco
3096 5728 3393 5787 ascribere.

115 5804 192 5872 Itis
213 5803 392 5867 solum
426 5815 559 5886 post
589 5803 802 5878 ψαλμὸς
831 5819 1038 5876 ponens
1063 5803 1371 5865 1064:1666.
1396 5805 1472 5869 In.
1597 5803 1606 5804 “

426 5815 559 5886 post
589 5803 802 5878 ψαλμὸς
831 5819 1038 5876 ponens
1063 5803 1168 5865 rei),
1190 5803 1371 5864 Δαϐίδ.
1396 5805 1472 5869 In.
1597 5803 1606 5804 “
1803 5803 1967 5867 limi.
