3906 6416
491 344 631 411 1275

1692 341 1754 401 S.
1790 337 2085 401 ISIDORI
2132 333 2589 406 [PELUSIOTE
3610 331 3703 399 1276

490 478 657 533 supra
687 469 938 515 naturam
1001 470 1271 527 supraque
1328 454 1807 510 ratiocinationnm
1848 455 2074 525 (h’uma-

2196 454 2332 524 τμῶν
2376 453 2724 518 ἀκολουθίαν,
2758 450 2853 505 καὶ
2882 449 3073 520 γέγονε
3112 448 3204 504 καὶ
3238 447 3485 517 γίνεται,
3520 447 3617 500 ἀλλ’
3644 450 3705 501 οὐ·

490 553 708 623 narum)
731 566 950 607 sensum
974 559 1028 605 et
1060 546 1501 617 consequentiam
1535 556 1648 601 tum
1674 546 1818 602 facta
1848 546 2071 611 fuerint,

2177 548 2265 601 δέν
2290 548 2436 600 ἐστιν
2460 546 2603 617 ὑπὲρ
2618 543 2773 612 Θεὸν,
2798 543 2889 597 τὸν
2918 540 3177 613 εὐμαρῶς
3202 540 3297 594 καὶ
3320 540 3392 595 τὰ
3414 540 3545 611 παρ’
3575 538 3707 593 ἐλπίδα

490 624 801 697 ttnnadhitc
830 641 961 695 ﬁant
989 656 1003 694 :
1033 639 1165 693 nihil
1201 648 1381 694 tamen
1430 638 1489 692 lit
1528 652 1691 706 supra
1756 637 1947 703 Deum,
1976 637 2069 707 qui

2196 644 2371 711 ῐημιου
2380 637 2633 709 ργοῦντα.

491 735 641 788 nullo
672 734 886 803 negotio
915 733 1079 787 etiam
1110 747 1172 786 ea
1200 747 1321 800 quae
1351 746 1501 798 spem
1537 746 1754 785 onmem
1797 739 2073 799 superent,

493 834 769 895 operatur.

583 934 912 991 CLXXXIV.
935 966 1004 977 —
1027 933 1407 1001 MARTIANO,
1438 934 1710 1001 ZOSIMO,
1735 934 2013 990 MARONI.

514 1022 616 1080 ΙΙΙ
644 1024 968 1096 Regnorum.
996 1025 1148 1091 Quod
1174 1026 1430 1097 injustas
1454 1044 1559 1080 non
1597 1027 1808 1097 e/fugt'et
1851 1043 2078 1095 pmnam,

1038 1100 1173 1151 sicut
1206 1114 1367 1167 neque
1397 1096 1431 1147 ,1
1436 1104 1554 1152 oab.

563 1208 718 1275 Quod
748 1208 944 1278 impius
968 1222 1075 1263 non
1119 1196 1381 1263 evasurus
1429 1207 1500 1261 sit
1536 1206 2067 1262 animadversionem

498 1301 829 1373 (divinam),
874 1302 969 1357 sed
996 1308 1089 1355 aut
1115 1301 1168 1355 in
1194 1303 1313 1364 hac,
1345 1310 1436 1355 aut
1486 1301 1538 1354 in
1566 1300 1737 1356 altera
1787 1301 1894 1355 vita
1928 1310 2079 1355 certo

497 1392 776 1448 subiturus
806 1392 1128 1463 supplicium
1161 1410 1175 1447 :
1215 1391 1369 1446 multi
1411 1406 1539 1445 vero
1561 1392 1871 1461 utrobique,
1904 1400 1958 1445 et
1993 1392 2080 1445 hic

495 1493 553 1538 et
578 1482 685 1538 illic
706 1484 1032 1553 puniantur;
1073 1484 1123 1539 id
1162 1500 1266 1538 non
1301 1490 1485 1537 nostra
1518 1492 1727 1537 tantum
1778 1483 2070 1537 ratiocina-

498 1576 576 1629 tio
605 1575 979 1645 collectioque,
1026 1577 1120 1632 sed
1158 1586 1213 1630 et
1251 1576 1430 1630 divina
1486 1575 1708 1629 oracula
1759 1584 2077 1646 suggerunt.

497 1664 578 1717 Ac
615 1664 795 1733 plures
818 1664 1034 1732 quidem
1059 1664 1223 1734 (quos
1257 1679 1355 1732 pro
1391 1663 1644 1732 exemplo
1676 1662 1945 1718 adducere
1978 1677 2077 1731 po-

500 1754 705 1826 teram)
737 1757 1202 1824 inprzesentiarum
1248 1756 1519 1818 omittam,
1551 1757 1644 1809 sed
1702 1757 1861 1810 unius
1928 1770 2081 1811 men-

499 1847 701 1901 tionem
745 1848 961 1913 taeiam,
988 1858 1044 1903 et
1090 1849 1308 1918 quidem
1360 1848 1626 1917 ejusmodi
1675 1848 1913 1903 hominis
1949 1848 2068 1917 qni,

502 1940 716 1993 tametsi
768 1940 1046 1995 videretur
1073 1940 1336 2009 sapientia
1368 1941 1601 2009 quadam
1636 1951 1801 2008 atque
1859 1939 2079 1992 vafritie

499 2041 599 2080 sua
660 2027 1037 2097 impunitatem
1097 2028 1217 2083 sibi,
1268 2029 1614 2089 conciliasse,
1655 2039 1833 2083 tamen
1895 2042 2084 2097 poenas

498 2116 736 2187 eﬂ‘ugere
769 2134 873 2174 non
905 2120 1095 2189 potuit.
1125 2119 1280 2187 Joab,
1319 2121 1406 2177 ille
1441 2121 1661 2176 Davidis
1717 2120 1921 2176 militiae
1949 2121 2081 2189 dux,

501 2211 683 2265 animo
707 2211 1077 2279 imperatorio,
1101 2220 1157 2266 et
1178 2212 1371 2268 robore
1406 2223 1460 2267 et
1486 2215 1647 2268 hasta
1679 2212 1930 2283 insignis,
1960 2229 2083 2267 cum

500 2303 733 2372 collegas
768 2307 1031 2372 quosdam
1060 2319 1206 2368 suos,
1243 2319 1348 2374 qua
1386 2304 1610 2371 invidia,
1642 2319 1747 2373 qua
1794 2302 1984 2358 fraude
2016 2304 2085 2358 de

501 2392 681 2446 medio
700 2392 1035 2458 sustulisset,
1067 2394 1285 2448 tandem
1326 2394 1524 2448 divinae
1549 2394 1779 2463 justitiae
1816 2392 2080 2449 ultionem

503 2497 608 2535 non
630 2482 805 2536 latuit.
835 2481 968 2536 Nam
994 2498 1116 2539 cum
1142 2484 1485 2539 existimaret
1523 2499 1583 2540 se
1604 2495 1722 2541 arte
1744 2494 1908 2555 atque
1931 2496 2087 2542 astu-

501 2571 575 2624 tia
628 2573 863 2640 quadam
903 2575 1043 2631 hanc
1094 2575 1384 2646 depulisse,
1418 2576 1685 2632 Adoniam
1732 2577 2081 2633 atfectantem

501 2668 1003 2734 regnum,amicnm
1040 2684 1149 2722 non
1214 2678 1299 2725 est
1355 2680 1660 2736 aversatus,
1692 2671 1787 2726 sed
1838 2686 1963 2726 eum
2028 2672 2081 2725 in

498 2755 765 2813 electione
797 2759 1001 2835 adjuvit
1035 2775 1269 2830 sperans
1330 2760 1471 2829 fore,
1497 2770 1557 2817 ut
1609 2765 1709 2818 hoc
1756 2772 1917 2834 pacto
1974 2778 2086 2818 non

499 2849 673 2903 solum
702 2852 1022 2921 supplicium
1055 2854 1293 2911 caedibus
1319 2870 1348 2908 a
1375 2870 1433 2910 se
1456 2858 1786 2926 perpetratis
1831 2856 2074 2912 debitum

499 2937 779 3008 effugeret,
812 2942 855 2996 si
904 2943 1051 3008 prius
1095 2944 1527 3001 benevolentiam
1581 2947 1682 3003 sibi
1741 2948 2087 3018 adjunxisset

499 3031 623 3084 novi
665 3032 827 3101 regis,
865 3048 1050 3088 verum
1084 3034 1185 3091 hoc
1242 3036 1473 3106 amplius
1502 3038 1734 3108 gratiam
1769 3054 1987 3109 quoque
2017 3041 2086 3095 ab

497 3122 615 3192 ipso
647 3123 809 3178 iniret
843 3139 859 3177 :
886 3128 981 3181 sed
1010 3127 1182 3198 magis
1232 3139 1517 3200 propterea
1550 3131 1771 3201 punitus
1808 3142 1911 3187 est.
1943 3129 2081 3186 Nam

2318 929 2489 983 PHA'.
2522 952 2594 970 --
2629 924 3017 995 ΜΑΡΤΙΑΝῼ,
3057 922 3330 985 ΖΩΣΙΜΩ,
3373 916 3642 974 ΜΑΡΩΝΙ.

2177 1018 2516 1076 Βασιλειῶν
2555 1024 2653 1089 τ’.-
2678 1017 2813 1089 έοτι
2862 1013 3212 1089 παροίκομος
3259 1015 3334 1089 pp
3382 1007 3719 1080 διαφεύξεται

2628 1087 2829 1155 δίκην,
2854 1082 3109 1152 ὠςήοὺδὲ
3152 1082 3327 1138 Ἰωάϐ.

2252 1206 2376 1258 Ὀτι
2416 1202 2734 1273 παράνομος
2762 1200 2824 1253 ού
2853 1197 3203 1268 διαφεύξεται
3227 1198 3329 1268 τὴν
3370 1198 3553 1269 δίκην,
3587 1199 3719 1270 ἀλλ’ἢ

2180 1294 2413 1352 ἐνταῦθα
2443 1294 2477 1365 ἢ
2502 1294 2714 1348 ἐκεῖθεν
2749 1291 3123 1363 τηρηθὴσεται
3155 1289 3292 1360 (85)⁶
3330 1290 3519 1343 πολλοὶ
3541 1291 3599 1344 δὲ
3625 1293 3719 1344 xcv.

2180 1390 2355 1444 ταῦθα
2386 1389 2613 1443 κάκεῖσε
2649 1384 3095 1455 ὲτιμωρήθησαν,
3129 1382 3229 1452 οὐχ
3271 1381 3300 1432 ὁ
3329 1382 3604 1452 ἡμέτερος
3624 1382 3725 1450 λογιι

2184 1482 2318 1553 σμὸς
2346 1478 2661 1543 ὑποϐάλλει,
2678 1476 2815 1530 ἀλλὰ
2839 1475 3019 1530 καὶτὰ
3037 1473 3158 1527 θεῖα
3178 1474 3357 1543 λόγια.
3380 1474 3528 1537 Τοὺς
3556 1474 3648 1545 μὲν
3664 1471 3725 1528 οὖν

2183 1574 2413 1638 πολλοὺς
2443 1569 2786 1643 παραλείψωο
2822 1568 2941 1631 ἐνὸς
2961 1568 3020 1621 δὲ
3046 1565 3559 1637 ἐπιμνησθήσομαι,
3586 1565 3727 1629 δόξαν·

2184 1685 2275 1732 τος
2302 1666 2464 1737 σοφίᾳ
2489 1664 2597 1717 τινὶ
2620 1663 2714 1716 καὶ
2732 1658 3045 1732 πανουργίᾳ
3072 1656 3545 1712 κατεσκευακέναι
3571 1657 3632 1709 τὸ
3654 1657 3729 1709 δια-

2111 1802 2157 1861 B
2186 1758 2409 1829 φεύγειν
2442 1756 2553 1827 (84)
2582 1755 2681 1827 τὴν
2708 1754 2887 1821 δίκην,
2906 1753 3017 1858 καὶ,
3040 1751 3117 1823 μὴ
3143 1749 3469 1861 δυὶνηθέντος
3523 1750 3552 1801 ὁ
3594 1748 3729 1861 Ἰωὰΰζ

2182 1853 2211 1905 ὁ
2237 1848 2334 1903 τοῦ
2356 1847 2519 1902 Δαὸὶδ
2547 1844 2853 1917 στρατηγὸς
2871 1884 2887 1908 ,
2916 1840 3114 1912 γνώμῃ
3156 1840 3255 1911 μὲν
3291 1839 3730 1911 στρατηγικῇ,καὶ

2187 1941 2346 2014 ῥώμῃ
2373 1940 2469 1995 καὶ
2492 1938 2679 2010 δόρατι
2702 1934 3045 2007 διαπρέπων,
3072 1932 3254 2003 φθόνῳ
3277 1949 3339 1984 τε
3371 1932 3467 1985 καὶ
3494 1932 3630 2002 δόλῳ
3649 1932 3732 1992 τοὺς

2187 2032 2746 2104 συστρατηγήσαντας
2770 2025 3004 2092 ἀνελὼν,
3031 2026 3133 2078 οὑκ
3160 2024 3351 2077 ἔλαθεν
3394 2025 3475 2087 είς
3501 2024 3652 2087 τέλος
3669 2024 3732 2093 τὴν

2184 2122 2359 2193 δίκην.
2393 2120 2644 2191 Νομίσας
2674 2118 2783 2189 γὰρ
2805 2116 2966 2187 τέχνη
2992 2114 3103 2169 τινὶ
3124 2115 3221 2169 καὶ
3252 2113 3463 2186 μεθόδῳ
3492 2113 3732 2184 διακρούε-

2186 2216 2311 2270 σθαι
2361 2213 2590 2283 ταύτην,
2638 2210 2733 2267 τὸν
2773 2208 3038 2264 Ἀδωνίαν
3074 2206 3436 2277 βασιλειῶντα
3486 2206 3639 2275 φίλον
3672 2206 3736 2258 οὐκ

2183 2306 2568 2378 ἁπεστρέψατο
2603 2303 2740 2376 (85),
2774 2301 2914 2357 ἀλλὰ
2961 2297 3303 2369 συνέπραξεν
3341 2299 3422 2363 είς
3457 2298 3557 2368 τὴν
3601 2314 3736 2367 χειρο-

2184 2399 2386 2463 τονίαν,
2424 2395 2765 2469 προσδοκῶν,
2810 2393 2885 2467 μὴ
2928 2393 3091 2466 μόνον
3123 2390 3534 2462 ἀποφεύξεσθαι
3566 2392 3661 2460 τὴν
3687 2408 3737 2441 τι·

2188 2494 2403 2566 μωρίαν
2429 2487 2505 2547 ὧν
2537 2490 2743 2563 ἔπραξε
2778 2489 2890 2561 (86)
2922 2489 3124 2559 φόνων,
3163 2487 3212 2541 εί
3258 2484 3740 2557 προεξευμενίσαιτο

2184 2588 2277 2643 τὸν
2302 2584 2726 2659 βασιλεύσοντα,
2764 2581 2903 2637 ἀλλὰ
2960 2582 3057 2635 καὶ
3089 2580 3251 2652 χάριν
3290 2578 3682 2648 ἀπολήψεσθαι·
3701 2576 3739 2637 ὃς

2185 2678 2244 2733 δὲ
2292 2678 2383 2732 διὰ
2418 2676 2577 2731 τοῦτο
2619 2673 2823 2746 μᾶλλον
2866 2671 3265 2743 τετιμώρηται.
3302 2670 3483 2740 Ὅπερ
3532 2668 3635 2739 γὰρ
3677 2682 3740 2735 φοι

2188 2769 2453 2840 ϐούμενος
2481 2765 2738 2836 γενέσθαι
2773 2762 3080 2836 συνέπραξε
3126 2763 3207 2833 τῷ
3248 2760 3522 2835 τυράννῳ,
3556 2758 3740 2825 τούτοή

2188 2859 2507 2931 κατασκευὴ
2537 2857 2687 2929 αὐτῷ
2716 2855 3076 2929 προυξένησεο
3107 2856 3201 2909 καὶ
3226 2854 3295 2909 δι’
3319 2845 3396 2908 ὧν
3423 2852 3559 2925 ᾣετο
3586 2849 3741 2921 ἐκφεύ-

2186 2970 2305 3022 γειν
2325 2952 2424 3016 τὰς
2453 2951 2594 3023 ἀρὰς
2623 2948 2717 3005 τοῦ
2744 2949 2929 3016 Δαϐιδ,
2955 2948 3044 3002 διὰ
3077 2947 3286 3001 τούτων
3308 2946 3485 3009 αὐτὰς
3521 2946 3597 3008 εἰς
3622 2944 3743 3014 ἔργον

2187 3045 2395 3116 ἦγαγε·
2444 3044 2540 3097 καὶ
2588 3042 2651 3095 τὸ
2695 3042 2938 3113 σόφισμα
2991 3042 3159 3110 παγὶς
3200 3039 3413 3108 ἐγίνετο
3438 3055 3451 3068 ·
3502 3038 3593 3090 καὶ
3642 3037 3746 3104 ὅπερ

2188 3135 2357 3204 ἔφυγε
2396 3135 2471 3206 μὴ
2520 3134 2734 3197 παθεῖν,
2772 3132 2992 3203 φεύγων
3027 3130 3141 3203 (87)
3182 3129 3373 3184 ἔπαθε·
3424 3128 3522 3183 καὶ
3553 3128 3745 3180 τὸ·ἀπο·

497 3214 655 3283 cujus
719 3217 797 3271 rei
840 3229 1007 3283 metu,
1036 3195 1123 3273 ne-
1153 3195 1649 3294 ﬁeret,vtyrann—um
1675 3223 1917 3294 adjutum
1947 3225 2078 3289 ibat,

2196 3227 2478 3299 τρεπτικὸν
2498 3227 2606 3279 τῶν
2629 3225 2912 3296 λυπηρῶν,
2938 3222 3447 3278 κατασκευαστικὸν
3495 3221 3748 3290 ηὑρίσκετο

497 3324 615 3363 eam
653 3310 823 3378 ipsam
861 3327 972 3365 rem
1002 3312 1092 3367 illa
1150 3316 1479 3383 praeparatio
1512 3315 1562 3370 ei
1606 3316 1934 3372 acceleravit
1970 3334 1985 3371 :
2028 3327 2085 3372 et

497 3415 729 3470 quarum
764 3418 943 3458 rerum
978 3406 1229 3475 praesidio
1268 3421 1328 3462 se
1366 3407 1512 3463 diras
1546 3407 1763 3463 Davidis
1804 3385 2085 3463 declinare

496 3509 660 3564 posse
694 3497 1023 3563 confidebat,
1056 3514 1151 3567 per
1207 3514 1301 3555 eas
1342 3501 1486 3570 ipsas
1538 3515 1625 3556 res
1682 3500 1735 3554 in
1767 3516 1903 3569 opus
1939 3511 1994 3554 et
2029 3501 2083 3554 in

496 3585 747 3643 eﬂ'ectum
786 3591 907 3645 illas
960 3591 1239 3660 produxit,
1268 3602 1321 3646 et
1356 3593 1611 3648 callidum
1658 3594 1941 3648 inventum
1981 3593 2083 3661 ipsi

498 3684 553 3735 in
590 3682 840 3751 laquetun
896 3692 979 3738 est
1020 3698 1383 3739 conversum:
1421 3686 1677 3755 quodque
1729 3685 1973 3755 fugiebat
2013 3701 2083 3738 ne

2187 3319 2296 3374 τῶν
2329 3317 2645 3390 συμφορῶν.
2685 3318 2748 3370 Εἰ
2775 3318 2956 3371 τοίνυν
2987 3317 3088 3369 οὐκ
3118 3315 3233 3368 ἐστι
3268 3314 3553 3385 διαδράναι
3580 3311 3669 3381 τὴν
3691 3311 3745 3362 δί-

2188 3429 2314 3483 κην,
2357 3410 2513 3476 πῶς,
2542 3404 2587 3464 ὦ
2621 3412 2803 3464 πᾶσαν
2842 3408 3106 3479 ὠμότητα
3150 3406 3249 3461 καὶ
3289 3406 3591 3478 ἀγριότητα
3636 3402 3748 3454 uti

2183 3502 2360 3573 ψυχὴν
2384 3500 2741 3572 ὡπλισμένοι,
2768 3499 2963 3565 δόλοις,
2996 3498 3090 3551 καὶ
3122 3499 3426 3569 μηχαναῖς,
3461 3496 3555 3548 καὶ
3581 3508 3747 3564 στρατ·

2186 3597 2374 3666 ηγίαις
2406 3594 2668 3672 ’νομίζετε
2698 3593 2797 3656 τὰς
2817 3632 2831 3658 ,
2869 3593 2953 3661 ἐφ’
2985 3585 3068 3654 οἷς
3130 3589 3591 3661 ὲπλημμελήσατε
3613 3626 3627 3650 ,
3656 3585 3748 3638 δια·

2184 3683 2495 3756 διδρὰσκειν
2524 3681 2831 3753 τιμωρίας;

498 3781 796 3843 pateretur,
818 3775 869 3828 id
901 3774 1112 3845 fugiens
1144 3792 1334 3846 passus
1361 3788 1485 3832 est:
1518 3785 1573 3832 et
1597 3778 1827 3847 id,quod
1860 3777 2066 3848 (ipsius
2098 3777 2317 3847 quidem
2377 3775 2671 3847 opinione)
2700 3785 2949 3830 avertere
3016 3788 3211 3830 omnes
3267 3770 3545 3828 molestias
3570 3769 3750 3825 omnia-

499 3881 605 3935 que
629 3866 854 3921 adversa
890 3867 1142 3930 debebat,
1180 3868 1298 3923 vice
1334 3885 1492 3924 versa
1524 3870 1633 3926 tale
1681 3871 2058 3939 deprehendit,
2098 3870 2243 3940 quod
2276 3871 2455 3940 potius
2521 3879 2834 3925 accerseret
2887 3869 3256 3925 calamitates.
3288 3866 3455 3937 518
3530 3864 3586 3919 Si
3615 3862 3752 3933 igitur

498 3958 1020 4013 animadversionem
1056 3958 1294 4013 divinam
1335 3960 1485 4015 nulla
1535 3962 1749 4018 ratione
1783 3962 1909 4016 licet
1941 3962 2180 4031 etIugere
2215 3962 2311 4025 (ut
2371 3970 2521 4017 certe
2550 3976 2659 4016 non
2728 3959 2906 4031 licet),
2925 3974 3034 4030 quo
3098 3967 3278 4027 pacto,
3321 3971 3527 4027 quaeso,
3590 3968 3695 4013 vos,
3723 3965 3750 4003 0

500 4055 740 4109 animum
780 4054 1041 4109 habentes
1073 4054 1797 4125 nunnigenerecrudelitatis
1840 4067 1896 4112 et
1953 4056 2188 4112 feritatis
2257 4067 2550 4121 armatum,
2625 4055 2767 4112 dolis
2815 4064 2873 4111 et
2935 4052 3434 4111 machinationibus
3505 4061 3565 4102 ac
3596 4044 3755 4098 vafra-

499 4148 698 4203 mentis
737 4155 1213 4219 stratagematum,
1280 4150 1482 4220 putatis
1544 4166 1640 4207 vos
1695 4167 1908 4216 eormn,
1963 4168 2083 4220 qua:
2118 4152 2305 4225 inique
2348 4163 2406 4208 et
2462 4151 2728 4209 scelerate
2806 4150 3180 4221 perpetrastis,
3266 4142 3528 4216 supplicia
3582 4151 3754 4193 evasuo

500 4242 629 4298 ros?

693 4354 1330 4413 CLXXXV.—PETRO
1389 4355 1891 4413 SCHOLASTICO.

500 4446 569 4501 In
626 4446 756 4500 illud
814 4447 1017 4503 Christi
1061 4450 1281 4515 dictum,
1330 4468 1349 4501 ι
1396 4449 1666 4505 Remittite
1702 4461 1749 4505 et
1795 4450 2092 4503 remittetur

1026 4535 1037 4548 '
1133 4522 1273 4575 vobis
1319 4522 1387 4574 ’⁸.
1434 4540 1454 4573 ι

575 4632 673 4687 Sat
725 4633 837 4687 seio
869 4641 941 4699 te,
987 4634 1031 4687 si
1069 4634 1289 4701 quidem
1342 4635 1605 4702 pecunias
1654 4633 2093 4700 haberes,datu-

502 4737 622 4777 rum
662 4738 755 4778 eas
782 4723 1167 4793 indigentibus.
1198 4724 1355 4791 Quod
1386 4736 1580 4791 autem,
1597 4734 1816 4797 rogatus
1846 4723 2084 4787 veniam,

504 4822 558 4870 te
582 4813 847 4870 difﬁcilem
871 4816 1132 4883 praebeas,
1161 4818 1213 4872 id
1236 4832 1368 4873 sane
1397 4819 1588 4874 miror.
1620 4818 1782 4888 Atqui
1823 4835 1931 4874 non
1977 4816 2079 4869 mi-

577 4992 625 5024 ²⁰
649 4989 784 5046 Luc.
809 5006 886 5056 v1,
907 4991 1000 5047 '57.

2479 4362 2651 4416 PHE’.
2686 4390 2754 4401 -
2786 4359 3016 4429 ΠΕΤΡῼ
3045 4353 3505 4423 ΣΧΟΛΑΣΤΙΚῼ.

2373 4457 2478 4520 Εἰς
2507 4454 2596 4507 τό·
2634 4454 2851 4521 ’Ἄφετε
2871 4492 2887 4518 ,
2920 4449 3019 4503 καὶ
3045 4446 3414 4517 ἀφεθήσεται
3452 4442 3602 4513 ὑμῖν,

2267 4632 2394 4687 ’Ότι
2438 4631 2559 4703 μὲν,
2602 4632 2651 4683 εἰ
2702 4630 2961 4701 χρήματα
3008 4626 3167 4697 ἔσχες
3192 4625 3304 4695 (88)
3328 4666 3363 4709 ,⁸
3394 4622 3655 4695 παρέσχες
3699 4615 3750 4717 Ξιν

2191 4730 2305 4791 τοῖς
2339 4726 2637 4797 δεομένοις,
2665 4719 2726 4776 εὖ
2771 4720 2912 4776 οἶδα·
2948 4720 3030 4774 ὅτι
3064 4718 3122 4771 δὲ
3157 4714 3495 4787 συγγνώμην
3524 4714 3747 4767 ἀπαιτού-

2209 4834 2370 4889 μενος
2404 4812 2782 4885 δυσχεραίνεις
2805 4851 2820 4877 ,
2851 4808 3135 4882 θαυμάζω.
3169 4807 3367 4860 Καίτοι
3422 4805 3483 4858 τὸ
3519 4802 3748 4856 ἀδὰπαγον

1605 5120 2272 5187 νΑΒυΕιΕοτιοΝΕδ
2314 5122 2400 5177 ET
2442 5120 2676 5177 NOTAE.

574 5289 687 5360 (83)
752 5289 859 5344 Pro
918 5288 1128 5343 ἐκεῖθεν
1185 5287 1557 5360 τηρηθήσεται
1602 5284 1796 5360 melius
1845 5283 2096 5360 rescribit

2274 5283 2392 5353 (86)
2431 5282 2576 5337 ldem
2614 5280 2765 5350 ponit
2806 5279 3003 5353 ἔδρασε
3035 5291 3133 5345 pro
3156 5272 3387 5353 ἔπραξε,
3418 5276 3635 5326 ersexto
3662 5270 3753 5332 post

504 5345 628 5417 cod.
660 5345 781 5414 Vat.
815 5360 942 5424 650,
973 5363 1153 5414 ἐκεῖσε
1186 5345 1653 5429 τιμωρηθήσεται.
1685 5355 1901 5410 Possm.
1931 5383 2004 5396 —
2028 5356 2082 5408 Et

2202 5345 2647 5429 ver§t_1_'éx_cpuyeiv
2673 5367 2771 5429 pro
2801 5345 3115 5429 ἐκφεύγειν.
3134 5345 3239 5429 111).

503 5436 584 5487 sic
616 5432 899 5502 legendum
927 5432 1149 5500 coniicit
1177 5428 1401 5502 Ritters.
1435 5431 1488 5483 in
1533 5428 1694 5502 notis.

2276 5405 2555 5495 (ᾗ)βῶ
2589 5405 2806 5492 φεύγων
2858 5405 2998 5476 idem
3045 5419 3168 5473 cod.
3218 5412 3503 5472 substituit
3548 5408 3635 5463 διὰ
3674 5405 3755 5469 τῆς

575 5494 693 5571 (Si)
719 5504 861 5556 Idem
901 5494 1582 5571 codf6mcpedyetvmutat
1617 5499 1669 5571 in
1700 5495 1986 5571 διαφυγεῖν
2015 5495 2082 5549 uti

2205 5494 2405 5571 auris
2432 5495 2484 5571 [υ

506 5565 739 5642 Septimo
793 5583 916 5641 post
972 5589 1131 5627 versu
1166 5565 1604 5642 ’διακρούσεσθαι
1653 5568 1707 5621 in
1731 5565 2096 5635 διακρούσασ-

507 5640 596 5695 θαι
652 5640 862 5697 Possim.

578 5712 725 5780 (85)
783 5712 890 5769 Pro
956 5711 1341 5782 ἁπεστρέψατο
1398 5710 1538 5768 idem
1604 5699 1793 5767 scribit
1863 5706 2101 5779 ἀπετρέ-

506 5781 664 5851 ψατο.
691 5782 764 5836 lo.

2279 5535 2561 5636 (5513311.
2600 5561 2722 5637 ναι,
2756 5561 2860 5637 65θ
2901 5559 3093 5615 scribit
3124 5553 3272 5629 εἶχες
3298 5571 3401 5637 pro
3428 5554 3601 5637 ἔσχες..
3625 5549 3751 5637 ναξ

2211 5637 2243 5689 5
2273 5626 2461 5689 εἴωθεν
2494 5643 2667 5690 mutat
2705 5633 2758 5689 in
2789 5633 3031 5703 πέφυκεν
3059 5639 3114 5686 et
3145 5626 3352 5684 vers.77
3392 5626 3523 5681 tollit
3547 5626 3616 5695 μὴ
3656 5626 3753 5673 31³1⁸

2213 5708 2537 5778 συγχωρεῖν.
2577 5705 2651 5760 In.
