3906 6416
192 404 301 473 1277

990 410 1527 475 EPISTOLARUM
1564 414 1716 476 LIB.
1760 415 1943 479 IV.-
1975 414 2211 476 EPIS'I‘.
2249 417 2609 478 CLXXXIX.

3292 416 3426 479 1978

188 521 315 575 τοῦτο
333 520 593 591 βοήθημα,
618 521 712 576 τοῦ
738 523 1064 589 πολυτελοῦς
1092 526 1192 597 οὐχ
1217 543 1380 598 ηττον
1412 528 1560 599 ἡμᾶς
1585 528 1729 597 ὠφε-
1760 571 1770 594 ε

1860 542 2024 584 torem
2058 530 2213 585 nobis
2234 530 2522 584 utilitatem
2578 528 2777 586 aﬂ‘erre
2829 529 3116 585 consuevit
3157 532 3417 583 auxilium

186 613 277 667 λείν
303 614 497 667 εἴωθεν.
550 612 641 667 Ἐν
682 616 790 687 γὰρ
824 619 890 688 τῇ
924 618 1169 690 ἡμετέρᾳ
1203 620 1495 691 ἐπιεικείᾳ,
1528 620 1623 675 καὶ
1654 618 1734 691 τῷ

1860 619 1963 675 llud
1996 620 2140 675 nullo
2173 628 2429 676 constans
2469 621 2767 690 impendio,
2807 636 2969 690 quam
3019 621 3149 677 illud
3188 619 3420 675 alterum

190 707 249 777 μὴ
270 708 553 777 συγχωρεῖν
572 710 688 772 τοῖς
714 711 797 773 εἰς
838 711 988 781 ἡμᾶς
1026 712 1280 765 πταίουσι
1304 751 1320 776 ,
1364 710 1732 765 κινδυνεύεται

1860 727 2003 779 genus
2045 721 2443 781 sumptuosum.
2470 710 2607 767 Nam
2642 712 2785 767 inter
2817 722 3061 767 nostram
3099 720 3419 767 mansuetu-

186 800 293 867 ἡμῖν
315 797 377 849 τὰ
406 797 501 867 τῆς
526 799 821 870 σωτηρίας.
866 802 1084 872 Ἀφίετε
1112 803 1242 874 γὰρ,
1273 805 1370 859 καὶ
1398 802 1732 875 ἀφεθήσεται

1860 806 2012 860 linem
2066 804 2493 873 mquitatemque
2540 804 2732 867 animi,
2764 812 2819 858 et
2872 805 3013 858 inter
3067 804 3417 871 asperitatem

186 889 308 958 ὑμῖν,
336 891 361 941 ό
384 888 521 952 θεῖος
551 890 653 961 βοᾷ.
679 893 951 964 χρησμός.

1832 896 2110 953 nolentem
2162 897 2445 952 remittere
2473 894 2733 951 oll‘ensam
2765 896 2876 952 illis
2923 896 3014 965 qui
3046 896 3097 950 in
3128 909 3230 950 nos
3280 892 3423 948 deli-

185 990 406 1050 querunt,
463 981 657 1040 salutis
734 992 935 1041 nostra:
1002 988 1277 1057 negotium
1354 990 1714 1059 periclitatur.
1762 1007 1782 1043 ι
1822 988 2107 1047 Remittite
2151 988 2323 1054 enim,
2388 996 2443 1041 et
2499 989 2808 1043 remittetur
2876 988 3049 1059 vobis,
3086 1006 3107 1041 ι
3175 986 3423 1041 divinum

185 1073 354 1129 clamat
380 1075 680 1131 oraculum.

498 1189 700 1259 true".
733 1222 805 1231 —
841 1192 1353 1269 ΟΛΥΜΠΙΟΔΩΡῼ.

243 1298 396 1351 Ὅπου
420 1300 607 1366 τάξις,
642 1303 760 1357 ἐκεῖ
785 1306 1082 1371 ἀναγκαῖος
1116 1307 1407 1380 ταξίαρχος
1427 1326 1440 1339 ·
1473 1310 1569 1364 καὶ¹
1598 1311 1733 1365 ὅπου

186 1389 379 1443 ίππικὸν
418 1394 775 1464 τεταγμένον,
826 1397 946 1451 ἐκεῖ
978 1399 1290 1471 ἵππαρχος.
1352 1402 1464 1455 Καὶ
1513 1404 1647 1456 ὅπου
1697 1404 1733 1474 ἡ

182 1480 316 1545 ναῦς,
355 1482 512 1551 δῆλος
543 1486 572 1537 ὁ
616 1487 891 1560 τεχνίτης·
921 1488 1017 1542 καὶ
1045 1489 1173 1543 ἔνθα
1214 1491 1454 1561 μουσικὰ
1484 1493 1694 1563 ὄργανα
1719 1533 1735 1557 ,

181 1571 313 1641 δῆλος
337 1576 427 1628 καὶ
454 1578 482 1629 ὁ
508 1578 827 1649 ἁρμονικός.
860 1581 1071 1635 Οὐκοῦν
1100 1582 1207 1653 χρὴ
1244 1584 1341 1637 καὶ
1368 1585 1478 1637 ἀπὸ
1508 1586 1605 1639 τοῦ
1633 1583 1731 1638 κό-

182 1678 298 1730 σμου
322 1664 407 1745 τὸν
435 1666 667 1737 ἀόρατον
696 1668 933 1742 καθορᾷν
950 1670 1248 1743 λογισμοῖς,
1282 1674 1382 1727 οὐκ
1414 1674 1735 1745 ὀφθαλμοῖς,

181 1754 243 1824 νῷ
258 1796 271 1819 ,
302 1743 356 1809 οὗ
388 1758 685 1831 βλέμματι.

2149 1194 2481 1254 CLXXXVI.
2503 1226 2573 1238 —
2590 1192 3104 1252 OLYMPIODORO.

1911 1310 2234 1382 Ubicunque
2274 1312 2410 1367 ordo
2464 1310 2665 1381 aliquis
2714 1320 2818 1374 est,
2849 1309 2920 1363 ibi
2978 1308 3319 1364 necessarius
3343 1318 3428 1365 est

1841 1403 2047 1458 ordinis
2069 1411 2257 1457 auctor
2291 1413 2346 1457 et
2380 1402 2661 1472 princeps;
2692 1411 2747 1455 et
2788 1401 3104 1469 ubicunque
3153 1400 3426 1468 equitium

1835 1495 2075 1566 aliquod,
2106 1494 2311 1550 ibidem
2339 1495 2633 1566 praefectus
2659 1508 2925 1563 equorum
2983 1493 3321 1561 requiritur;
3370 1500 3428 1547 et

1835 1588 1927 1643 ubi
1979 1588 2155 1653 navis,
2184 1588 2259 1644 ibi
2318 1588 2653 1659 gubernator
2714 1598 2877 1655 atque
2940 1587 3169 1652 artifex;
3228 1592 3285 1641 et
3330 1583 3425 1639 ubi

1837 1681 2455 1747 musicainstrumenta,
2482 1680 2555 1734 ibi
2586 1690 2641 1734 et
2672 1679 2917 1735 musicus
2940 1688 3025 1734 est
3074 1678 3424 1733 manifestus.

1837 1771 2065 1841 Oportet
2094 1772 2259 1843 igitur
2287 1772 2452 1827 etiam
2482 1771 2533 1825 in
2562 1772 2779 1841 opilicio
2810 1772 2995 1826 mundi
3043 1770 3194 1825 illum
3230 1769 3425 1824 invisi-

179 1846 319 1903 bilem
400 1850 557 1922 (ejus
651 1855 934 1927 opiﬁcem)
993 1857 1380 1927 contemplari,
1468 1860 2001 1930 ratiocinationibus,
2073 1878 2181 1919 non
2249 1863 2458 1931 oculis;
2524 1874 2726 1929 mente,
2810 1879 2919 1919 non
3004 1872 3223 1934 aspectu
3300 1876 3426 1916 cor-

179 1955 342 2011 poreo.

388 2034 559 2089 PIIZ'.
590 2065 661 2076 -
692 2037 901 2110 unus
931 2038 1045 2111 (89)
1064 2042 1494 2116 mmmam.

180 2120 304 2203 Ὅτι,
324 2121 572 2203 μείζονα.
589 2124 1065 2203 rideam-6124117,
1101 2129 1219 2203 τῶν
1257 2131 1445 2186 πάλαι
1474 2133 1737 2202 ἁμαρτη-

233 2194 483 2321 ἓνὲιῖττεων,
518 2197 572 2247 οι
603 2195 755 2264 μετὰ
790 2194 907 2265 τὴν
929 2194 1108 2267 χάριν
1137 2200 1245 2254 τὸν
1272 2203 1422 2255 Θεὸν
1453 2194 1738 2273 πᾶρὸργί-

393 2283 447 2329 ς.

235 2375 433 2441 Ὄντως
483 2378 603 2432 ἐστὶ
634 2379 741 2433 τῶν
781 2382 1056 2455 αἰσχρῶν,
1096 2386 1300 2456 μᾶλλον
1328 2386 1385 2439 δὲ
1420 2387 1529 2441 τῶν
1559 2389 1737 2459 αἰσχί-

173 2484 315 2530 στων,
344 2469 402 2521 τὸ
434 2469 515 2541 μὴ
550 2472 712 2542 μόνον
735 2474 803 2527 τὰ
831 2474 1048 2545 ἔμφυτα
1080 2477 1181 2548 τῆς
1210 2478 1413 2549 ἀρετῆς
1439 2481 1736 2552 σπέρματα

171 2561 300 2630 ἡμᾶς
322 2563 596 2633 νεκρῶσαι
615 2566 747 2637 (90),
768 2567 803 2621 ἃ
822 2568 930 2621 τῶν
946 2570 1188 2640 ἀρχαίων
1215 2572 1603 2645 ἐπιεικέστερα
1626 2576 1736 2647 (91)

170 2652 529 2726 ἔγεώργησαν,
560 2658 697 2711 ἀλλὰ
740 2661 836 2713 καὶ
866 2660 964 2731 τὴν
993 2663 1099 2715 ὑπὸ
1131 2663 1233 2733 τῆς
1271 2665 1510 2738 Χριστοῦ
1546 2668 1739 2739 ἐπιδη-

172 2743 285 2813 μίας
317 2748 603 2817 κρείττονα
633 2750 789 2821 λόγου
825 2754 1145 2825 συμμαχίαν
1174 2756 1486 2827 προδοῦναι.

191 3034 353 3090 PIH'.
382 3066 455 3075 —
493 3036 754 3110 ΛΟΥΚῙῼ
799 3038 1268 3112 ΑΡΧΙΔΙΑΚΟΝῼ
1307 3041 1722 3099 ΠΙΙΛΟΥΣΙΟΥ.

349 3130 501 3199 Περὶ
531 3130 649 3184 τῶν
668 3131 738 3185 ἐκ
768 3136 1167 3205 φιλαργυρίας
1195 3136 1562 3190 νοσούντων.

229 3246 288 3298 υἱ
314 3244 589 3316 ὀφθαλμοὶ
618 3249 922 3304 ἐπισκόπου
950 3234 1315 3322 τυγχάνουσιν
1340 3254 1389 3306 oi
1425 3253 1518 3308 τοῦ
1545 3253 1746 3308 σεπτοῦ

168 3336 548 3409 θυσιαστηρίου
572 3339 813 3394 διάκονοι
838 3358 851 3370 ·
887 3342 951 3394 σὺ
982 3343 1038 3396 δὲ
1064 3344 1175 3415 (92)
1201 3344 1410 3399 τούτων
1440 3345 1581 3400 κατὰ
1609 3345 1745 3399 Θεοῦ

170 3407 511 3504 συγχὼρῆάιν
528 3434 737 3505 ἄρχεις,
759 3434 881 3500 ὅλος
898 3407 1177 3508 ὀφθαλμὸς
1199 3438 1437 3508 ὀφείλεις
1456 3440 1744 3511 ὑπάρχειν,
1772 3407 1817 3468 c

167 3522 234 3587 ὡς
261 3524 326 3577 τὰ
354 3524 471 3588 ζῶα
507 3526 575 3579 τὰ
603 3526 988 3599 πολυόμματα·
1019 3532 1206 3602 ἐπειδὴ
1236 3532 1333 3585 καὶ
1360 3535 1426 3603 τῇ
1459 3532 1595 3604 πρὸς
1616 3533 1747 3586 Θεὸν

169 3616 338 3671 ἐκεῖνα
362 3619 639 3690 μιμῆσαι*
670 3619 933 3691 ἐγγύτητι
958 3661 974 3683 ,
1014 3622 1137 3693 οὐχὶ
1168 3623 1269 3694 βίῳ
1288 3663 1304 3689 ,
1341 3623 1417 3687 ὡς
1457 3624 1712 3694 μανθάνω
1731 3666 1746 3690 ,

166 3708 289 3763 ἀλλὰ
336 3710 475 3782 μόνῃ
528 3714 594 3782 τῇ
637 3712 990 3785 λειτουργίᾳ’
1039 3716 1131 3769 καὶ
1184 3714 1261 3787 μὴ
1318 3716 1586 3781 σκοτίξειν
1638 3720 1751 3779 τοῖς

166 3799 377 3865 φαύλοις
409 3802 816 3873 ἐπιτηδεύμασι
849 3806 946 3859 καὶ
990 3806 1081 3860 τὸν
1114 3807 1297 3878 τίμιον
1324 3810 1531 3863 ἐκεῖνον
1566 3809 1750 3864 θίασον

167 3891 252 3943 καὶ
294 3891 478 3961 χορὸν,
516 3892 731 3947 καὶτὸν
777 3894 1102 3967 πειθόμενόν
1134 3914 1219 3950 σοι
1262 3898 1503 3975 ἀκρίτως
1528 3899 1750 3953 ἐπίσκο-

166 3998 275 4047 πον,
307 3984 403 4036 καὶ
432 3984 687 4054 χραίνειν
719 3987 782 4040 τὸ
808 3986 952 4041 θεῖον
995 3988 1148 4060 βῆμα
1182 3988 1489 4062 πλεονεξίᾳ,
1524 3991 1620 4045 καὶ
1649 3991 1751 4044 πό-

166 4090 284 4143 ρους
315 4076 506 4145 ὲαυτῷ
549 4076 659 4130 ἀπὸ
683 4079 851 4149 τιμῆς
879 4081 1231 4150 χειροτονιῶν
1280 4080 1578 4153 ἀθροίζειν.
1609 4082 1750 4147 Τοὺς

163 4164 262 4235 γὰρ
310 4166 633 4231 πωλοῦντας
678 4168 779 4234 τὰς
823 4171 1152 4244 περιστερὰς
1200 4172 1455 4240 ἐξέϐαλεν
1502 4174 1611 4228 ἀπὸ
1657 4174 1749 4228 τοῦ

165 4257 283 4311 ναοῦ
310 4260 587 4331 μαστίξας
613 4264 642 4316 ὁ
668 4261 894 4334 Κύριος.
931 4263 1050 4319 Ἵνα
1077 4266 1256 4320 τοίνυν
1283 4269 1358 4338 μὴ
1394 4268 1492 4321 σὺν
1518 4268 1752 4332 ἐκείνοις

164 4348 369 4422 ὠσθῇς,
409 4353 627 4408 παῦσαι
666 4354 840 4420 οὕτως
880 4356 1151 4425 πλουτῶν,
1191 4358 1288 4413 καὶ⁵
1322 4359 1455 4431 ὓλην
1493 4361 1571 4432 τῷ
1622 4362 1752 4432 μὲλ-

166 4438 299 4494 λοντι
331 4442 644 4514 ἑτοιμάζων
675 4445 832 4517 πυρί.

390 4738 569 4791 ΡΠΘ¹.
610 4768 680 4778 -
714 4741 1111 4815 ΑΠΟΛΛΩΝΙῼ
1147 4743 1518 4817 ΕΠΙΣΚΟΠῼ.

164 4826 288 4894 Πῶς
325 4832 380 4882 οἱ
401 4900 411 4908 _
431 4832 747 4908 Φαρισαῖοι
775 4834 1142 4908 ἐπελάϐοντο
1177 4837 1285 4908 τοῦ
1327 4837 1625 4906 Σωτῆρος,
1662 4840 1746 4908 ὡς

267 4900 426 4967 μετά
453 4902 730 4955 τελωνῶν
756 4904 855 4957 καὶ
884 4906 1248 4975 ἁμαρτωλῶν
1279 4900 1613 4975 ἐσθίοντος,

226 5077 290 5131 Οί
319 5080 613 5151 Φαρισαῖοι
647 5083 977 5139 ἐπελάϐοντο
1022 5086 1120 5139 τοῦ
1165 5088 1451 5159 Σωτῆρος,
1482 5089 1560 5153 ὡς
1609 5090 1753 5160 μετὰ

227 5233 270 5263 ’⁸
300 5235 502 5292 Matth.
530 5253 647 5303 xxi,
682 5239 767 5294 I2.
846 5241 893 5272 ”
921 5242 1052 5296 Luc.
1087 5257 1139 5308 v,
1171 5244 1264 5298 50.

1782 4757 1835 4815 D

2162 2032 2516 2089 CLXXXVII.
2535 2034 2825 2090 —ISAI./E
2866 2034 3101 2093 MILITI.

1837 2127 2075 2204 M_ajores
2110 2127 2329 2204 daturos
2353 2145 2534 2196 prima:
2566 2144 2654 2181 eos
2680 2130 2772 2198 qui
2795 2139 2910 2204 post
2964 2131 3147 2204 (latam
3194 2136 3431 2204 gratiam

1866 2198 2034 2253 Deum
2064 2198 2132 2253 ad
2151 2200 2285 2251 iram
2311 2208 2619 2267 provocant,
2638 2215 2797 2267 quam
2817 2200 2909 2267 qui
2932 2200 3058 2254 olim
3090 2198 3399 2271 peccaram.

1908 2376 2006 2432 Est
2043 2378 2147 2431 hoc
2198 2392 2387 2433 revera
2420 2386 2599 2447 turpe,
2641 2378 2725 2433 vel
2792 2379 2974 2449 potius
3031 2382 3432 2452 turpissimum,

1840 2470 1985 2539 quod
2020 2485 2125 2523 non
2155 2467 2327 2524 solum
2362 2470 2521 2523 insita
2583 2470 2740 2525 nobis
2771 2487 2869 2540 per
2916 2481 3167 2527 naturam
3219 2474 3431 2529 semina

1840 2560 2059 2615 virtutis
2111 2574 2402 2614 enecamus
2435 2562 2596 2630 (quae
2637 2563 2951 2618 accuratius
3002 2564 3166 2619 etiam
3216 2566 3433 2620 exculta

1841 2661 1972 2707 sunt
2003 2652 2185 2714 hodie,
2217 2666 2377 2720 quam
2414 2652 2653 2722 antiquis
2706 2652 2858 2708 fuere
2914 2655 3297 2727 temporibus),
3333 2659 3427 2711 sed

1842 2743 2008 2799 etiam
2052 2740 2181 2795 illud
2231 2740 2493 2795 auxilium
2547 2742 2696 2796 omni
2755 2742 3006 2797 oratione
3060 2744 3439 2812 praestantius,

1842 2835 1987 2906 quod
2028 2833 2235 2889 Christi
2262 2832 2315 2886 in
2351 2847 2570 2888 carnem
2603 2834 2871 2889 adventus
2918 2832 3114 2888 all‘erre
3158 2835 3315 2891 nobis
3344 2851 3414 2906 po

1846 2928 1970 2993 tuit,
2000 2926 2304 2995 prodimus.

1846 3040 2222 3100 CLXXXVIII.
2243 3073 2310 3085 --
2329 3040 2538 3098 LUCIO
2568 3040 3089 3097 ARCHIDIACONO
3137 3040 3437 3097 PELUSII.

2115 3135 2190 3189 De
2215 3136 2279 3189 iis
2311 3136 2401 3205 qui
2436 3136 2678 3189 avaritiw
2702 3135 2882 3189 morbo
2910 3135 3204 3201 laborant._

1919 3248 2075 3307 Oculi
2130 3260 2257 3305 sunt
2317 3250 2554 3321 episcopi
2608 3250 2903 3306 venerandi
2953 3251 3144 3305 altaris
3199 3252 3439 3307 diaconi.

1851 3341 1932 3398 Tu
1963 3358 2093 3399 vero
2139 3358 2260 3398 cum
2311 3342 2506 3397 horum
2534 3343 2611 3399 sis
2660 3343 3023 3412 permissione
3059 3344 3239 3398 divina
3274 3347 3431 3414 prin-

1849 3449 1998 3504 ceps,
2026 3441 2170 3489 totus
2200 3433 2387 3489 oculus
2427 3448 2547 3488 esse
2587 3433 2774 3501 debes,
2790 3433 3017 3505 perinde
3046 3444 3108 3489 ut
3136 3434 3226 3490 illa
3259 3437 3443 3491 multis

1850 3527 2020 3581 oculis
2044 3526 2273 3595 praedita
2307 3527 2564 3581 animalia
2600 3525 2758 3598 (quae
2802 3528 3111 3596 prOpinquo
3158 3529 3223 3582 ad
3256 3528 3430 3584 Deum

1851 3632 2075 3674 accessu
2111 3618 2368 3681 imitaris,
2408 3634 2513 3674 non
2544 3620 2678 3683 vita,
2710 3627 2770 3673 ut
2791 3618 2974 3685 audio,
3003 3620 3095 3674 sed
3124 3620 3237 3675 sola
3286 3622 3432 3675 sacri

1850 3710 2095 3765 muneris
2142 3708 2486 3781 iunctione),
2521 3725 2697 3780 neque
2723 3725 2822 3781 per
2860 3710 3139 3780 improbas
3197 3710 3449 3766 actiones

1850 3800 2129 3858 otlundere
2182 3804 2437 3858 tenebras
2485 3812 2543 3857 et
2588 3802 2886 3858 venerabili
2941 3802 3017 3857 illi
3063 3803 3322 3858 sodalitio
3371 3817 3440 3857 ac

1852 3893 2039 3961 coetui,
2074 3904 2129 3948 et
2153 3894 2433 3965 episcopo,
2468 3896 2559 3964 qui
2618 3895 2714 3950 tibi
2773 3896 2981 3964 absque
3020 3893 3227 3963 judicio
3277 3896 3443 3950 obse-

1852 3986 2283 4057 quiturzneque
2334 3987 2576 4041 divinum
2620 3987 2796 4042 altare
2854 3987 3099 4041 avaritia:
3144 3987 3438 4055 iniquitate

1854 4078 2231 4134 contaminare
2257 4092 2273 4131 :
2299 4092 2476 4147 neque
2503 4077 2800 4133 electiones
2846 4078 3077 4147 quaestui
3115 4077 3342 4143 habere,
3376 4087 3436 4131 ut

1853 4187 1922 4227 ex
1962 4172 2176 4226 illarum
2227 4172 2402 4239 pretio
2442 4186 2572 4241 opes
2628 4187 2694 4226 ac
2742 4171 2949 4226 reditus
2982 4170 3079 4224 tibi
3125 4182 3438 4238 compares.

1854 4242 2212 4333 519-520
2227 4261 2361 4317 Nam
2396 4277 2492 4318 eos
2517 4262 2607 4331 qui
2629 4262 2912 4318 columbas
2934 4262 3258 4327 vendebant,
3280 4258 3442 4314 Chri-

1853 4367 1971 4410 Stus
1993 4354 2292 4426 ﬂagellatos
2318 4369 2385 4410 ex
2415 4354 2616 4425 templo
2636 4354 2975 4425 proturbavit
2998 4354 3065 4407 ²¹.
3085 4352 3264 4419 Quare
3293 4366 3361 4406 ne
3388 4361 3445 4406 tu

1853 4461 2069 4516 quoque
2095 4462 2199 4501 una
2224 4445 2470 4503 cumillis
2501 4448 2796 4516 expellere,
2830 4448 3023 4502 desine
3050 4448 3187 4502 tales
3222 4446 3445 4501 divitias

1854 4539 2112 4607 colligere
2130 4548 2185 4594 et
2218 4538 2504 4595 materiam
2530 4554 2596 4595 ac
2620 4538 2878 4610 pabulum
2926 4539 3111 4595 futuro
3155 4539 3263 4609 igni
3292 4553 3440 4595 sem-

1855 4630 2073 4702 piterno
2107 4647 2445 4702 praeparare.

2029 4740 2366 4802 CLXXXIX.
2385 4744 2862 4803 —APOLLONIO
2907 4743 3269 4802 EPISCOPO.

1856 4840 2133 4906 Quomodo
2182 4837 2451 4894 Pharisaei
2490 4839 2916 4909 reprehenderint
2977 4837 3352 4909 Salvatorem;
3389 4842 3447 4888 ut

1902 4912 1993 4979 qui
2022 4926 2151 5012 gum
2207 4908 2506 4979 publicanis
2550 4908 2609 4964 et
2655 4910 3021 4979 peccatoribus
3061 4908 3237 4963 cibum
3289 4920 3446 4973 cape-

1924 4993 2001 5035 ret
2073 5022 2090 5035 .
2452 4995 2463 5008 '

1937 5092 2431 5163 Reprehendebant
2459 5091 2802 5150 Salvatorem
2859 5089 3144 5158 Pharisaei,
3172 5088 3329 5159 quasi
3355 5087 3449 5159 qui

1262 5354 1490 5411 VARIAE
1530 5354 1915 5412 LECTIONES
1958 5355 2046 5412 ET
2086 5355 2322 5413 ΝΟΤᾹΣ.

366 5505 507 5582 Cod.
542 5505 891 5582 Vat._oinittit
929 5510 1145 5582 Ἡσαΐᾳ.
1173 5510 1377 5566 Possm.

220 5576 337 5652 (90)
374 5575 495 5652 N_on
528 5589 610 5652 est
636 5580 896 5652 absimilis
924 5575 1143 5651 querela
1162 5582 1445 5637 Ciceronis
1488 5583 1538 5635 in
1569 5597 1750 5652 prooe-

159 5647 268 5722 mio
298 5663 335 5701 ιι
389 5647 681 5722 Tusculam
739 5647 1133 5722 iArgum'entum
1170 5654 1297 5722 huic
1317 5647 1581 5721 epistolas
1613 5669 1752 5722 pra:-

161 5718 595 5793 positunulluxit
621 5737 687 5773 ex
736 5718 1112 5793 illo'_Cl.tristi:
1153 5720 1255 5778 Cui
1298 5718 1522 5783 multum
1564 5718 1750 5777 datum

164 5798 255 5858 est,
304 5788 539 5841 multum
578 5788 876 5858 repascetur
913 5788 979 5845 ab
1019 5809 1115 5857 eo;
1150 5794 1277 5847 item
1308 5811 1320 5845 :
1349 5792 1543 5848 Servus
1580 5796 1749 5849 sciens

163 5856 490 5912 uoluntatem
528 5856 641 5915 heri
661 5862 765 5929 sui,
793 5878 883 5916 nec
919 5856 1142 5931 faciens,
1176 5863 1446 5933 vapulabit
1487 5864 1746 5932 pluribus.

1858 5511 2027 5566 RITT.
2143 5540 2155 5551 -

1931 5584 2042 5649 (91)
2077 5580 2201 5652 Pro_
2222 5581 2610 5652 ἐπιεικεστέρα
2653 5580 2900 5652 rescribe
2930 5594 2998 5635 ex
3032 5581 3241 5652 cod.oi
3279 5584 3452 5636 ἐπιει-

1857 5653 2137 5724 κέστεροιη
2160 5650 2319 5724 νᾷθινε.
2355 5652 2388 5705 4
2428 5650 2785 5724 ἰᾱθιιιῌιιιιιιιιι
2812 5651 2918 5704 ὑπὸ
2964 5651 3019 5706 in
3052 5651 3447 5724 ﬁ‘ltéaI’OSSIN.

1928 5722 2041 5793 (92)
2072 5722 2155 5795 Σὺ
2185 5722 2255 5777 δὲ
2275 5724 2535 5795 τούτωνη
2568 5722 2796 5795 Videtur
2826 5724 3018 5795 deesse
3047 5722 3105 5786 ὃς
3132 5723 3225 5795 vel
3256 5724 3453 5795 ἐπειδὴ

1856 5791 1980 5880 ante
1996 5794 2216 5919 [ξούτων
2242 5795 2344 5852 nisi
2375 5794 2495 5865 quis
2524 5793 2663 5849 infra
2696 5801 2817 5863 post
2844 5791 2964 5858 ὅλος
2990 5794 3244 5863 supplere
3294 5791 3448 5850 malit

1858 5882 1965 5919 ονν.
2046 5881 2159 5919 nr.

1858 5882 1965 5919 ονν.
1996 5881 2159 5921 IUTT.
