3906 6416
442 354 581 422 1279

1610 363 1671 423 s.
1712 358 2005 424 131130111
2043 344 2484 425 PELUSIOTJE

3560 362 3679 427 1280

437 485 564 524 cum
626 470 944 528 Publicanis
999 481 1054 527 et
1092 475 1476 544 peccatoribus
1528 478 1709 531 ctbum
1784 487 2024 547 caperet,

2151 478 2379 532 τελωνῶν
2425 478 2519 536 καὶ
2551 478 2897 550 ἁμαρτωλῶν
2946 479 3282 550 ἐστιωμένου
3307 496 3320 511 ·
3362 481 3628 551 ἐπειδήπερ
3651 486 3679 541 ὁ

440 562 875 631 quandoquidem
931 565 1014 617 lex
1100 567 1246 620 inter
1316 574 1567 622 sanctum
1626 577 1682 620 et
1740 567 2029 637 profanum

440 655 822 718 discernebat,
884 656 1197 724 ignorantes
1277 659 1522 727 interim,
1569 663 1712 727 quod
1778 660 2033 717 Christus

440 760 603 813 supra
628 745 799 813 legale
828 747 1090 813 judicium
1144 752 1484 806 exhibuisset
1538 750 1829 822 benignam
1893 768 2023 822 gra-

442 836 592 890 tiam.
629 837 761 891 Illud
783 839 925 893 enim
959 842 1352 908 exscindebat;
1384 843 1485 897 ista
1520 858 1650 897 vero
1676 843 1838 911 plane
1882 857 2036 897 amo-

444 926 675 983 Iiebatur
743 931 942 985 malum
971 943 1025 986 et
1078 934 1130 986 in
1188 936 1387 989 bonum
1439 936 1819 991 convertebat.
1862 934 2036 1004 Eique

451 1021 528 1074 rei
555 1018 920 1077 testimonium
955 1027 1244 1095 perhibent
1272 1026 1588 1092 Zacchteus,
1625 1036 1680 1081 et
1710 1025 2024 1093 Matthaaus,

443 1122 500 1165 et
525 1124 791 1185 quotquot
825 1130 1089 1184 praeterea
1117 1121 1328 1189 priores
1371 1122 1561 1190 culpas
1621 1120 2031 1192 posterioribus

447 1214 591 1259 recte
631 1205 786 1262 factis
814 1211 1196 1265 emendarunt.

875 1315 1032 1373 CXC.
1050 1348 1118 1359 -
1153 1316 1573 1373 ATIIANASIO.

444 1397 711 1479 Inilludh
729 1405 927 1461 Christi
972 1408 1196 1473 dictum,
1237 1430 1255 1462 ι
1300 1410 1450 1464 Beati
1502 1412 1645 1477 estis,
1666 1428 1785 1466 cum
1837 1411 2034 1479 probro

514 1492 600 1551 vos
632 1477 900 1551 aﬂ'ecerint
924 1481 1023 1551 9.»
1067 1480 1373 1550 (Sciendum
1405 1484 1501 1535 has
1537 1483 1792 1551 epistolas
1838 1477 2035 1550 ‘poste-

519 1547 629 1599 rius
651 1547 887 1601 inventas
914 1547 1126 1619 fuisse.)

517 1655 781 1712 Dominus
838 1658 1094 1714 Christus
1155 1662 1341 1717 beatos
1394 1666 1730 1731 praedicavit,
1779 1649 1872 1736 qui
1908 1682 2035 1738 pro-

444 1757 564 1815 pter
594 1750 769 1818 ipsum
804 1749 960 1803 fanda
994 1761 1154 1819 atque
1213 1753 1443 1808 nefanda
1510 1759 1693 1811 omnia
1754 1758 2029 1825 audirent,

2133 570 2295 640 νόμος
2351 571 2655 624 διέστελλεν
2705 573 2811 625 ἀνά
2870 572 3036 644 μέσον
3090 573 3247 640 ἁγίου
3309 574 3403 626 καὶ
3453 572 3673 644 βεϐήλου,

2134 664 2458 732 ἀγνοοῦντες
2480 704 2496 728 ,
2547 665 2631 719 ὅτι
2664 665 2901 735 Χριστὸς
2935 665 3077 736 ὑπὲρ
3114 664 3214 733 τὴν
3257 665 3480 736 νομικὴν
3521 667 3683 736 κρίσιν

2134 759 2365 827 παρεῖχε
2396 756 2494 827 τὴν
2525 755 2916 827 φιλάνθρωπον
2942 756 3125 827 χάριν.
3173 756 3237 808 Ἠ
3270 756 3368 826 μὲν
3393 756 3497 827 γὰρ
3522 758 3681 822 ἐξέκο-

2135 863 2288 912 πτεν,
2319 849 2353 918 ή
2384 847 2442 899 δὲ
2471 846 2739 917 μετέϐαλε
2766 846 2828 899 τὸ
2858 846 3052 900 κακόν·
3084 846 3181 900 καὶ
3209 848 3538 918 μαρτυροῦσι
3565 852 3682 903 Ζακ-

2133 940 2288 1007 χαῖος
2310 978 2325 1002 ,
2366 937 2463 992 καὶ
2500 937 2821 1003 Ματθαίος,
2867 937 2964 991 καὶ
3012 937 3129 990 ὅσοι
3181 936 3573 1007 ἀνεμαχέσαντο
3602 938 3687 1003 τὰς

2133 1029 2330 1100 ἥττας.

2615 1318 2735 1385 Pw.
2777 1347 2850 1354 —
2888 1316 3252 1388 ΑΘΑΝΑΣΙῼ.

2137 1411 2242 1479 Εἲς
2266 1410 2354 1491 τό
2385 1428 2405 1491 ς
2434 1409 2731 1491 ΙξΙ-ᾳξιάριρί
2745 1409 2910 1491 ἐστε,
2931 1407 3077 1491 ὅταν
3099 1406 3488 1491 ὀνειδίσῳιν
3509 1405 3695 1491 ὐμᾶςει

2212 1472 2315 1535 irai
2339 1480 2413 1535 τὰ
2445 1472 2620 1545 ἐξῆςξ
2659 1481 2677 1549 (
2717 1477 3093 1549 Ἰστέ-ονιὸτι
3128 1472 3313 1532 αὗται
3356 1472 3594 1544 ὕστερον
3616 1472 3693 1531 εὑ.

2199 1551 2479 1620 ρέθησαν
2508 1545 2830 1603 ἐπιστολαί
2869 1545 3043 1620 [95].)

2223 1662 2280 1714 Ὀ
2328 1660 2608 1729 Δεσπότης
2655 1658 2891 1729 Χριστὸς
2936 1658 3244 1729 ἐμακάρισε
3299 1656 3424 1718 τοὺς
3448 1658 3510 1709 δι’
3552 1658 3690 1709 αὐτὸν

2136 1752 2437 1813 ἀκούοντας
2468 1750 2611 1821 ῥητά
2643 1767 2704 1802 τε
2731 1751 2826 1802 καὶ
2855 1750 3097 1821 ἄρρητα,
3127 1750 3176 1802 εί
3200 1749 3518 1819 ψευδόμενοι
3545 1750 3589 1802 οἱ
3617 1749 3690 1801 λέ-

446 1839 745 1893 dummodo
779 1840 811 1893 ii
842 1843 933 1909 qui
967 1858 1027 1896 ea
1060 1843 1326 1909 dicerent,
1358 1846 1683 1901 mentientes
1735 1847 2035 1916 deprehen-

2151 1860 2329 1913 γον-τες
2376 1842 2574 1895 ἁλοῖεν.
2622 1840 2743 1912 Χρὴ
2773 1834 2868 1894 οῦν
2903 1842 3138 1903 εἰδέναι,
3182 1841 3270 1894 ὃτι
3324 1840 3596 1909 ἀμφότερα
3629 1840 3695 1892 δεῖ

444 1930 731 1986 derentur.
761 1933 1052 1987 Sciendum
1103 1948 1185 1990 cst
1239 1936 1404 2006 igitur
1453 1950 1710 2007 oportere
1737 1941 1809 2005 ei,
1841 1941 1931 2008 qui
1964 1943 2030 1995 ad

444 2035 752 2090 supremam
779 2024 1167 2078 beatitudinem
1190 2028 1479 2095 aspiraret.
1501 2037 1795 2098 utrumque
1818 2032 2035 2097 adesse,

444 2121 505 2166 ut
531 2113 785 2167 nimirum
819 2124 870 2167 et
920 2128 1139 2183 propter
1173 2120 1346 2183 ipsum
1381 2120 1724 2187 (Christum)
1762 2123 2021 2189 patiatur,

445 2213 500 2257 et
525 2213 581 2255 ut
616 2204 750 2258 falsa
778 2208 1120 2275 contictaque
1148 2210 1260 2262 sint
1308 2225 1431 2279 qua:
1477 2212 1755 2265 dicuntur.
1789 2212 2032 2278 Quorum

446 2294 549 2348 nisi
590 2305 882 2363 utrmnque
913 2298 1076 2362 adsit,
1112 2300 1439 2355 alterutrum
1477 2302 1652 2355 solum
1688 2318 1793 2357 non
1837 2304 2035 2374 poterit

448 2395 658 2438 tantum
688 2390 970 2455 prodesse.
993 2389 1244 2446 Proderit
1276 2394 1496 2462 quidem
1546 2396 1770 2463 aliquid,
1800 2398 1892 2451 sed
1928 2411 2034 2450 non

447 2487 680 2533 tantum.
728 2479 861 2535 Nam
921 2484 1036 2538 sive
1075 2496 1296 2555 propter
1346 2488 1522 2556 ipsum
1581 2489 1866 2555 patientes,
1899 2505 2030 2545 vera

444 2568 855 2635 audiret-imus,
886 2572 1212 2625 erubescere
1260 2588 1359 2628 nos
1417 2590 1640 2630 necesse
1709 2587 1792 2629 est
1822 2577 2035 2643 (altera

444 2656 589 2708 enim
616 2673 679 2710 cx
716 2669 868 2726 parte
899 2669 1238 2729 rcportauies
1266 2662 1518 2731 gloriam,
1549 2680 1614 2719 ex
1646 2666 1812 2719 altera
1850 2670 2037 2720 redar-

444 2749 726 2818 guimur);
765 2752 881 2805 sive
910 2770 1013 2805 non
1049 2764 1268 2821 propter
1302 2757 1501 2823 ipsum,
1528 2767 1584 2811 et
1644 2768 1824 2813 tamen
1861 2758 2028 2828 falsa,

445 2838 723 2908 patientiae
788 2843 1007 2910 quidem
1098 2849 1501 2913 reportabimus
1559 2855 1908 2920 mercedem;

2136 1938 2420 2004 προσεῖναι
2457 1934 2537 2004 τῷ
2569 1936 2649 1997 είς
2688 1934 2786 2003 τὴν
2828 1933 3139 2005 ἀκροτάτην
3203 1934 3573 2002 μακαριότητα
3607 1933 3693 1999 ἀτη

2151 2026 2406 2097 ιξομένῳε
2434 2026 2531 2079 καὶ
2552 2024 2614 2077 τὸ
2638 2023 2705 2077 δι’
2730 2024 2891 2077 αὐτὸν
2921 2025 3173 2094 πάσχειν,
3189 2024 3290 2077 καὶ
3318 2023 3379 2074 τὸ
3397 2023 3556 2092 ψευδῆ
3581 2017 3693 2075 εἶναι

2135 2116 2205 2171 τὰ
2246 2116 2551 2188 λεγόμενα,
2593 2111 2668 2170 ὧν
2701 2116 2750 2168 εἰ
2784 2114 2859 2185 μὴ
2890 2115 3117 2185 θάτερον
3146 2116 3329 2185 προσῇ
3357 2155 3372 2178 ,
3405 2115 3495 2166 καὶ
3520 2112 3575 2166 τὸ
3600 2113 3695 2165 ἓτε-

2148 2227 2239 2279 ρον
2269 2209 2331 2263 ού
2351 2206 2604 2261 τοσοῦτον
2624 2206 2845 2275 ὡφελεῖ’
2879 2205 3084 2271 ὠφελεῖ
3109 2206 3211 2274 μὲν
3232 2204 3369 2275 γάρ,
3397 2205 3456 2257 οὐ
3482 2203 3703 2256 τοσοῦτον

2140 2301 2215 2353 δέ.
2240 2300 2363 2352 Εἴτε
2386 2300 2494 2369 γὰρ
2524 2298 2594 2352 δι’
2616 2298 2779 2352 αὑτὸν
2802 2298 3106 2369 πάσχοντες
3125 2338 3139 2364 ,
3171 2297 3389 2368 τάληθῆ
3418 2297 3694 2365 ἀκούοιμεν,

2143 2391 2403 2462 ὲρυθριᾷν
2433 2389 2669 2459 άνάγκη’
2706 2389 2832 2442 καθ’
2861 2388 2920 2440 ἒν
2945 2389 3053 2461 γὰρ
3091 2388 3257 2459 μέρος
3294 2388 3695 2457 εὐδοκιμοῦντες,

2147 2485 2288 2536 κατὰ
2319 2481 2379 2534 τὸ
2414 2482 2603 2553 ἕτερον
2646 2481 3003 2550 ἐλεγχόμεθα.
3039 2480 3166 2532 Εἴτε
3207 2479 3290 2550 μὴ
3329 2478 3394 2532 δι’
3420 2478 3570 2532 αὑτὸν
3598 2478 3701 2547 μὲν,

2145 2572 2314 2643 ψευδῆ
2356 2572 2413 2625 δὲ
2440 2612 2455 2634 ,
2509 2573 2794 2641 ὑπομονῆς
2846 2571 2947 2641 μὲν
2987 2570 3344 2641 κομιούμεθα
3394 2569 3600 2640 μισθόνο
3645 2568 3695 2621 οὐ

2148 2666 2253 2736 μὴν
2286 2664 2380 2718 τοῦ
2430 2664 2600 2734 ἄκρου
2644 2664 2904 2734 τύχοιμεν
2938 2661 3305 2733 μακαρισμοῦ
3330 2700 3349 2728 ,
3378 2654 3438 2715 οὗ
3483 2659 3707 2731 τύχωμεν

2143 2758 2231 2823 ἂν,
2267 2758 2317 2813 εἰ
2347 2758 2637 2828 ἀμφότερα
2665 2755 2985 2827 συνδράμοι.

1993 2860 2237 2906 attamen
2301 2864 2569 2917 supremte
2656 2848 2937 2904 beatitatis
3007 2848 3457 2917 praedicationem
3512 2844 3709 2899 minime

446 2946 844 3002 consequemur
875 2953 887 2988 :
913 2952 1019 3006 qua
1082 2939 1299 3008 quidem
1356 2944 1519 3010 potiri
1565 2948 1956 3014 potuissemus,
1991 2946 2034 3001 si
2078 2947 2239 2998 ambo
2267 2943 2701 2999 concurrissent.

623 3050 807 3108 CXCI.
836 3084 902 3096 —-
928 3055 1332 3115 ATIIANASIO
1378 3061 1856 3121 PIIESBYTERO.

517 3164 619 3230 Qui
653 3180 756 3219 non
788 3167 961 3222 solum
1015 3170 1331 3228 diﬂicillimo
1358 3175 1572 3229 laborat.
1598 3182 1787 3233 morbo
1820 3178 2035 3250 (vitium

445 3256 611 3326 dico),
632 3256 727 3311 sed
760 3274 825 3312 ne
851 3260 1068 3328 quidem
1108 3280 1174 3317 eo
1208 3265 1427 3321 liberari
1458 3271 1635 3339 cupit;
1673 3271 1781 3325 imo
1813 3273 2038 3341 insuper

444 3346 611 3401 etiam
648 3363 764 3411 eos,
806 3350 895 3418 qui
932 3352 1023 3406 tali
1057 3358 1246 3411 morbo
1279 3358 1492 3413 liberati
1519 3370 1667 3427 sunt,
1694 3364 1852 3431 quasi
1886 3365 2030 3419 inl‘e-

446 3437 576 3493 lices
601 3439 880 3509 deplorat;
917 3443 962 3497 is
991 3447 1234 3501 omnium
1258 3451 1565 3505 mortalium
1591 3464 1675 3509 est
1696 3456 2039 3514 miserrimus

445 3536 609 3595 atque
654 3527 1081 3595 infelicissimus,
1122 3538 1473 3603 quantumvis
1524 3539 1755 3609 ipsemet
1792 3556 1914 3598 sese
1942 3560 2040 3614 per

446 3614 803 3672 incurabilem
835 3622 1151 3677 socordiam
1189 3625 1410 3681 beatum
1449 3628 1750 3698 przedicare
1774 3646 1883 3686 non
1912 3648 2038 3687 eru-

446 3705 653 3764 bescat.

616 3824 821 3881 CXCII.
842 3857 912 3866 —
928 3825 1326 3885 THEODOSIO
1374 3830 1872 3895 SCIIOLASTICO.

600 3937 667 3991 In
691 3940 913 4005 dictum,
937 3959 961 3999 ι
995 3940 1318 4003 Ilonorabile
1342 3956 1420 4001 est
1444 3948 1748 4018 conjugium
1769 3951 1839 4006 ”.
1871 3970 1891 4003 ι

520 4047 729 4104 Habeat
757 4066 888 4105 sane
924 4054 1258 4111 suaslaudes
1278 4058 1597 4114 honorabile
1628 4063 1964 4135 coniugium,
1985 4077 2043 4121 ut

2319 3058 2483 3128 PHA'.
2529 3089 2599 3099 —
2641 3058 2987 3130 ΑΘΑΝΑΣΙῼ
3012 3059 3059 3092 ⁵³
3084 3058 3555 3129 ΠΡΕΣΒΥΤΕΡῼ.

2223 3174 2285 3229 Ὀ
2321 3174 2396 3245 μὴ
2429 3174 2591 3244 μόνον
2616 3172 2787 3226 νοσῶν
2822 3173 2924 3242 τὴν
2958 3171 3399 3243 ἀργαλεωτάτην
3432 3172 3590 3236 νόσον,
3613 3170 3695 3239 τὴν

2140 3266 2340 3320 κακίαν
2388 3264 2535 3335 φημὶ
2559 3307 2575 3329 ,
2608 3263 2746 3317 ἀλλὰ
2790 3263 2927 3335 μηδὲ
2960 3262 3355 3333 ἀπαλλαγῆναι
3399 3261 3696 3333 βουλόμενος·

2142 3357 2279 3429 πρὸς
2307 3357 2365 3411 δὲ
2391 3356 2617 3419 τούτους
2645 3356 2743 3409 καὶ
2767 3356 2894 3420 τοὺς
2913 3353 3379 3425 ἀπηλλαγμένους
3403 3354 3697 3423 ὀδυρόμενος·

2144 3450 2398 3506 ἁπάντων
2421 3446 2750 3517 ἀθλιώτερός
2774 3448 2891 3501 ἐστι
2918 3447 3015 3501 καὶ
3035 3446 3429 3517 ἐλεεινότερος,
3448 3444 3543 3498 κᾶν
3568 3444 3702 3505 αὐτὸς

2142 3543 2337 3601 ἑαυτὸν
2369 3542 2438 3595 δι’
2472 3541 2775 3611 ἀνήκεστον
2814 3539 3091 3611 ῥᾳθυμίαν
3126 3540 3449 3609 μακαρίζει.

2321 3828 2483 3895 mea
2526 3858 2587 3865 -—
2624 3824 2961 3897 ΘΕΟΔΟΣΙῼ
2996 3826 3065 3860 ω·
3098 3825 3557 3897 ΣΧΟΛΑΣΤΙΚῼ.

2483 3944 2592 4008 Εἰς
2614 3941 2705 3996 τό’
2755 3958 2774 3992 t
2815 3942 3013 4010 Τίμιος
3044 3943 3079 3995 ὁ
3117 3940 3334 4010 γάμος.
3378 3958 3399 3991 ›

2166 4060 2171 4061 “
2227 4059 2287 4112 '0
2354 4058 2455 4130 μὲν
2517 4057 2697 4128 τίμιος
2760 4056 2940 4126 γάμος
3000 4055 3177 4125 ἐχέτω
3241 4054 3310 4107 τὰ
3373 4050 3608 4121 ἐγκώμια
3650 4050 3707 4103 τὰ

447 4141 592 4210 quod
626 4157 656 4194 a
688 4141 793 4196 Deo
816 4143 997 4198 datum
1023 4147 1114 4212 sit,
1144 4158 1199 4201 et
1226 4150 1295 4205 ab
1322 4150 1682 4231 521-522
1735 4157 2035 4227 hominibus

2151 4153 2343 4215 οἰκεῖα,
2415 4151 2521 4205 ὑπὸ
2560 4150 2697 4204 Θεοῦ
2736 4167 2798 4202 τε
2838 4148 3050 4213 δοθεὶς,
3088 4147 3183 4200 καὶ
3223 4147 3333 4200 ὑπὸ
3376 4147 3484 4199 τῶν
3525 4142 3703 4214 ἀνθρὼ-

451 4232 503 4285 in
527 4232 729 4288 honore
754 4234 1017 4301 habitum,
1042 4239 1137 4291 sed
1164 4253 1286 4293 cum
1313 4243 1621 4312 virginitate
1642 4260 1707 4299 ne
1725 4252 2042 4312 contendat,

451 4337 637 4376 verum
668 4323 807 4376 intra
835 4340 967 4379 suos
1020 4340 1079 4379 se
1112 4325 1373 4383 terminos
1408 4334 1698 4387 contineat.
1723 4335 2039 4405 Quanquam

447 4415 614 4475 enim,
646 4416 789 4481 quod
812 4416 977 4470 velles
1005 4417 1180 4484 ipsum
1214 4419 1353 4474 ultra
1371 4437 1535 4491 quam
1567 4424 1648 4479 fas
1671 4427 1742 4479 sit
1764 4441 2037 4483 exornare

449 4515 613 4572 atque
666 4507 952 4574 extollere,
1014 4509 1201 4565 dixisti
1256 4514 1454 4568 cmlum
1511 4517 1677 4570 etiam
1736 4528 1897 4573 terrae
1940 4534 2039 4589 per

451 4595 663 4662 pluvias
693 4596 747 4650 in
779 4610 978 4653 coetum
1024 4605 1338 4668 convenire,
1380 4615 1434 4659 et
1468 4606 1635 4663 solem
1676 4609 1856 4664 lumen
1883 4626 2039 4666 suum

453 4684 723 4754 impartiri
759 4687 925 4754 lunae,
960 4697 1015 4744 et
1052 4690 1277 4747 ﬂumina
1332 4697 1471 4749 mari
1525 4700 1896 4765 commisceri,
1922 4716 2041 4754 om-

453 4774 645 4843 nisque
681 4779 901 4845 generis
934 4782 1213 4848 animalia,
1246 4787 1613 4853 terrestrium,
1644 4799 1700 4843 et
1754 4791 2041 4861 aerivago-

451 4879 574 4921 tum
595 4877 651 4919 et
682 4869 1013 4924 tnarinorum
1035 4872 1104 4927 ab
1132 4874 1236 4929 hoc
1268 4877 1574 4945 gubernata
1596 4882 2044 4939 successionihus

451 4958 769 5016 conservari
796 4974 861 5012 ac
894 4963 1205 5029 perpetuari
1234 5004 1248 5026 ,
1289 4964 1383 5019 sed
1417 4959 1538 5020 cum
1583 4969 1899 5038 angelorum
1932 4973 2043 5027 vita

453 5059 834 5121 comparatum
864 5055 1138 5121 superari,
1179 5056 1380 5125 quibus
1413 5058 1651 5129 coniugii
1682 5077 1813 5116 usus
1842 5078 2040 5131 super-

455 5151 727 5195 vacaneus
751 5151 837 5197 est
867 5158 1045 5212 neque
1070 5149 1424 5214 expetendus.
1446 5147 1650 5204 Tamen
1677 5152 1841 5207 multa
1866 5166 2043 5207 ostenp

525 5314 572 5346 ”
604 5314 739 5375 Luc.
777 5335 827 5385 v,
858 5318 942 5372 II.
1024 5318 1072 5351 ’δ
1104 5319 1269 5376 Hebr.
1302 5335 1424 5388 xui,
1452 5322 1507 5378 4.

2148 4262 2265 4298 πων
2308 4243 2599 4316 τιμηθείς·
2650 4242 2788 4313 πρὸς
2840 4240 2898 4293 δὲ
2935 4242 3035 4309 τὴν
3092 4239 3401 4311 παρθενίαν
3461 4239 3534 4308 μὴ
3573 4235 3705 4306 ἁμιλο

2147 4335 2366 4402 λάσθω,
2423 4334 2540 4388 ἀλλ’
2599 4334 2658 4387 ἐν
2718 4334 2833 4395 τοῖς
2889 4332 3114 4393 οἰκείοις
3172 4330 3390 4400 μενέτω
3456 4331 3610 4400 ὅροις.
3656 4327 3706 4378 Ei

2142 4429 2250 4499 γὰρ
2298 4428 2393 4482 καὶ
2431 4427 2602 4481 θέλων
2644 4425 2808 4480 αὐτὸν
2843 4425 2985 4496 ὑπὲρ
3036 4424 3099 4477 τὸ
3146 4422 3266 4476 δέον
3308 4423 3576 4493 κοσμῆσαι
3622 4418 3699 4471 καὶ

2143 4520 2447 4590 σεμνῦναι,
2484 4518 2621 4590 ἔφης
2643 4558 2659 4583 ,
2703 4519 2787 4570 ὅτι.
2834 4517 2930 4570 καὶ
2981 4515 3212 4586 οὐρανὸν
3260 4515 3363 4584 μὲν
3396 4517 3466 4583 γῇ
3499 4511 3583 4565 διὰ
3617 4509 3707 4562 τῶν

2142 4612 2314 4664 ὑετῶν
2376 4610 2610 4681 ὁμιλεῖν,
2661 4610 2814 4679 ἥλιόν
2859 4626 2921 4661 τε
2986 4609 3086 4679 τὴν
3158 4607 3395 4677 σελήνην
3450 4600 3699 4675 φωτίζειν·

2143 4704 2425 4773 ποταμοὺς
2469 4702 2527 4755 δὲ
2575 4701 2847 4771 θαλάττης
2883 4700 2997 4770 (94)
3048 4697 3488 4771 ἀνακιρτᾶσθαι,
3537 4695 3622 4747 καὶ
3652 4691 3707 4743 τὰ

2143 4798 2377 4850 παντοῖα
2423 4794 2558 4866 γένη
2604 4795 2713 4847 τῶν
2767 4794 3062 4865 χερσαίων,
3106 4792 3204 4845 καὶ
3250 4789 3588 4862 άεροπόρων,
3627 4783 3707 4836 καὶ

2143 4884 2375 4937 ἐναλίων
2424 4884 2530 4936 ὑπὸ
2575 4867 2768 4937 τούτου
2818 4882 3219 4953 κυόερνὼμενα
3285 4882 3413 4943 ταῖς
3465 4874 3708 4943 διαδοχαῖς

2142 4972 2556 5045 διατηρεῖσθαι,
2608 4974 2724 5028 ἀλλ’
2762 4974 3030 5045 ἡττᾶσθαι
3063 4973 3202 5043 πρὸς
3226 4972 3331 5042 τὴν
3352 4969 3466 5023 τῶν
3488 4965 3708 5035 ἀγγέλων

2145 5068 2576 5138 συγκρινόμενος
2601 5066 2878 5123 πολιτείαν
2911 5061 2991 5129 οἷς
3021 5068 3054 5137 ἡ
3096 5065 3191 5118 τοῦ
3220 5065 3409 5134 γάμου
3443 5060 3596 5134 χρεία
3628 5072 3706 5109 πε·

2146 5156 2311 5234 ριττὴ
2333 5158 2427 5216 καὶ
2452 5157 2769 5229 ἀνέραστος.
2806 5159 3046 5228 Ἔχομεν
3078 5151 3171 5211 οὖν
3204 5154 3382 5221 δεῖξαι
3412 5151 3578 5207 πολλὰ
3596 5147 3711 5218 γένη

1554 5452 1790 5510 νΑΙὶΙᾹΞ
1827 5453 2214 5515 LECTIONES
2247 5460 2338 5516 ΕΤ
2379 5461 2610 5521 ΝΟΤιΕ.

534 5606 646 5673 (9'5)
679 5605 880 5678 Confer
910 5607 1072 5677 epist.
1098 5607 1190 5671 95,
1217 5624 1400 5678 supra.
1431 5608 1596 5665 RITT.

534 5678 666 5754 (iii-3')
995 5694 1100 5732 non
1130 5676 1397 5752 Θεοδοσίῳ
1428 5684 1567 5737 hanc
1606 5683 1889 5754 epistolam
1920 5683 2040 5739 Vat.

460 5749 565 5805 650
591 5747 857 5804 inscribit.
891 5748 1104 5805 Possm.

2225 5617 2336 5687 (94)
2376 5618 2519 5673 Idem
2552 5620 2672 5674 cod.
2699 5636 2824 5675 mox
2860 5622 2894 5676 5
2921 5621 3210 5685 θαλάτταις
3246 5620 3381 5689 legit
3404 5634 3503 5691 pro
3533 5615 3697 5673 θαλιὶε·

2152 5705 2269 5762 της,
2295 5702 2348 5746 et
2383 5703 2525 5747 vers.
2567 5692 2794 5762 ἡττᾶται
2820 5708 2919 5763 pro
2951 5693 3233 5762 ἡττᾶσθαι.
3271 5691 3353 5748 Ιι).
