3906 6416
184 386 286 452 1281
1009 376 1556 446 'EPISTOLARUM
1594 376 1724 445 LIB

1874 432 1885 444 .
1912 410 1982 419 -
2006 379 2244 444 EPIST.
2287 384 2529 446 CXCIV.
3270 382 3406 449 1282

179 498 254 550 καὶ
276 494 361 547 ἐπὶ
386 492 477 562 τῆς
499 491 602 561 γῆς
629 492 759 546 ἄνευ
794 492 1017 545 συνόδου
1043 494 1361 563 τικτόμενα⁸
1394 494 1536 565 πλὴν
1554 493 1715 547 τοῦτο

1862 506 1948 548 ere
1980 507 2268 561 possumus
2288 507 2515 561 genera,
2553 505 2676 562 qum
2705 492 2871 549 etiam
2901 493 2955 547 in
2985 501 3128 549 terra
3166 493 3404 565 gignun-

178 588 226 641 οὐ
256 584 478 655 ποιήσω·
505 583 640 637 ἀλλὰ
662 585 757 639 καὶ
792 584 1028 656 χρειώδη
1064 586 1158 639 καὶ
1180 586 1491 655 ἀναγκαίαν
1509 586 1716 658 ταύτην

1866 603 1913 640 ιι-
1949 586 2069 641 sine
2120 586 2503 641 commistione
2560 600 2877 655 corporum.
2905 585 3014 641 Sed
3070 586 3178 642 hoc
3224 584 3408 641 facere

176 679 410 750 ὁρίζομαι,
431 674 482 727 εί
512 675 649 745 πρὸς
679 675 1027 730 παιδοποιίαν
1054 679 1150 730 καὶ
1181 678 1257 749 μὴ
1272 678 1411 749 πρὸς
1428 678 1718 748 ἀσέλγειαν

1863 676 2227 744 upersedebo;
2282 692 2470 732 verum
2554 686 2611 731 et
2671 676 2857 731 utilem
2933 684 2989 730 et
3038 676 3405 733 necessariam

178 769 352 839 βλέπει.
416 766 621 820 Ἐκεῖνο
670 767 728 820 δὲ
772 767 973 839 μᾶλλον
1020 770 1267 840 εἴποιμι,
1308 770 1392 823 ὅτι
1435 770 1573 841 πρὸς
1618 770 1719 842 τὴν

1867 784 1965 824 anc
2017 783 2132 824 rem
2176 783 2301 824 esse
2350 770 2669 838 pronuntio,
2710 769 2756 823 si
2804 770 2871 823 ad
2928 768 3227 824 liberorum
3281 785 3409 839 pro-

175 862 389 933 οὑράνιον
430 859 590 924 ἀξίαν
639 861 1035 930 συγκρίνεσθαι
1082 862 1185 916 οὐκ
1230 861 1298 916 ἂν
1348 862 1434 929 εἴη
1485 862 1714 927 δίκαιος.

1864 859 2174 923 reationem,
2207 870 2260 915 et
2292 876 2399 915 nou
2435 861 2501 915 ad
2537 860 2815 917 libidinem
2843 861 3168 931 explendam
3196 860 3406 915 relera-

175 952 433 1021 Κοσμικοίς
454 950 554 1021 μὲν
575 952 686 1022 γάρ
708 955 737 1005 ό
768 951 945 1021 γάμος
969 951 1357 1023 ὲναϐρυνέσθω
1386 952 1717 1024 ὑποδείγμα-

1866 965 1932 1004 tr.
1965 949 2079 1005 Hoc
2106 960 2285 1005 autem
2304 951 2484 1019 potius
2535 950 2939 1015 aﬂirmaverim,
2966 951 3244 1022 indignam
3285 963 3408 1007 esse

176 1058 257 1097 σιν·
285 1041 661 1113 ὑπερκοσμίοις
692 1041 751 1095 δὲ
807 1041 882 1113 μὴ
917 1042 1212 1113 κεχρήσθω
1246 1043 1357 1115 (95)
1393 1044 1715 1116 ὑπεροχαῖς.

1866 1053 1943 1096 uae
1968 1056 2091 1097 cum
2127 1040 2334 1096 caelesti
2386 1039 2655 1107 dignitate
2702 1052 3074 1112 comparetur.
3112 1041 3408 1095 Mundanis

174 1134 405 1205 Κοσμικοὶ
445 1132 576 1202 γοῦν
620 1134 719 1188 καὶ
776 1135 886 1188 είσὶ
952 1128 1049 1187 καὶ
1097 1134 1388 1189 καλοῦνται
1440 1137 1490 1188 ot
1529 1136 1716 1190 τοῦτον

1865 1132 2039 1187 uidem
2070 1131 2336 1203 exemplis
2362 1148 2482 1187 sese
2503 1132 2671 1202 jactet
2718 1132 3125 1188 matrimonium
3161 1150 3174 1186 :
3208 1148 3407 1201 supra-

172 1224 531 1293 ἀσπασάμενοι.
550 1224 616 1277 Οί
635 1224 695 1277 δὲ
715 1224 814 1294 τῆς
836 1222 1138 1295 παρθενίας
1160 1223 1389 1295 ἐρασταὶ⁵
1405 1224 1619 1294 γνήσιοι
1639 1224 1714 1287 είς

1865 1224 2107 1279 tundanis
2153 1233 2333 1279 autem
2388 1224 2728 1281 excellentiis
2780 1239 2853 1280 ne
2911 1232 3113 1280 utatur.
3154 1224 3407 1279 Mundaul

173 1317 251 1379 τὰς
282 1315 380 1367 τῶν
420 1316 671 1384 ἀγγέλων
718 1314 1064 1385 τεταγμένας
1111 1316 1498 1387 ἐνεγράφησαν
1536 1314 1715 1379 ἀξίας.

1863 1317 1987 1386 gitur
2011 1325 2066 1371 et
2081 1328 2208 1371 sunt
2240 1323 2297 1371 et
2318 1328 2583 1372 vocantur
2600 1317 2675 1373 illi
2702 1316 2794 1387 qui
2819 1317 2871 1373 id
2894 1317 3127 1388 amplexi
3156 1316 3405 1384 fuerunt;

171 1410 304 1477 Λέγει
331 1408 435 1479 γὰρ
467 1408 531 1463 τὸ
586 1403 781 1480 ’ᾼσμα
828 1407 891 1460 τὸ
941 1409 1227 1480 μυστικὸν,
1277 1408 1489 1480 θάμϐος
1535 1410 1713 1472 αὐτοῖς

1866 1410 2014 1465 lveri
2051 1412 2408 1482 germanique
2436 1411 2769 1480 virginitatis
2822 1419 3100 1466 amatores
3121 1420 3171 1465 et
3230 1420 3408 1465 secta-

172 1504 413 1571 προσεῖναι
439 1502 516 1565 ὠς
553 1500 928 1572 τεταγμένων.
985 1501 1151 1555 Οὐδὲν
1183 1502 1293 1574 γὰρ
1326 1503 1454 1574 παρ’
1487 1504 1714 1567 ἐκείνοις

1865 1517 1969 1557 tres
1994 1502 2045 1557 in
2070 1501 2382 1573 angelorum
2414 1503 2697 1557 ordinatas
2735 1502 2957 1572 ascripti
3003 1512 3130 1557 sunt
3171 1502 3407 1571 dignita-

171 1597 368 1648 ἄτακτον
391 1634 406 1659 ,
456 1595 580 1649 οὐδὲ
626 1594 941 1666 ἀνώμαλον,
998 1596 1135 1652 άλλά
1186 1597 1369 1651 πάντα
1415 1596 1572 1665 τάξει
1623 1595 1713 1651 καὶ

1860 1609 1924 1650 :s.
1957 1595 2049 1648 Ait
2086 1594 2233 1647 enim
2278 1608 2537 1648 arcanum
2600 1594 2730 1649 illud
2786 1595 3060 1649 canticum
3122 1603 3402 1661 stuporem

171 1686 333 1758 ῥυθμῷ
363 1685 453 1740 καὶ
481 1688 721 1759 ἁρμονίᾳ
754 1688 1122 1760 κεκόσμηται.
1157 1690 1372 1761 Ὥσπερ
1403 1690 1585 1744 τοίνυν
1625 1691 1713 1743 οὐ-

1853 1687 1951 1754 psis
1979 1685 2169 1742 adesse
2192 1696 2449 1757 tanquam
2476 1685 2876 1743 ordinatorum.
2906 1686 3051 1740 Nihil
3077 1688 3224 1741 enim
3256 1687 3395 1754 apud

170 1774 304 1845 ρανὸς
340 1775 439 1846 γῆς
467 1775 737 1847 καὶψυχὴ
774 1775 1025 1845 σώματος
1062 1777 1347 1849 διαφέρει,
1380 1775 1524 1831 οὕτω
1563 1778 1712 1848 καὶὴ

1866 1778 1944 1831 los
1986 1788 2069 1832 est
2098 1778 2487 1839 inordinatum,
2538 1776 2672 1832 nihil
2750 1777 3036 1847 inaequale,
3069 1778 3164 1833 sed
3216 1777 3408 1831 omnia

171 1865 403 1936 παρθενία
425 1865 520 1919 τοῦ
546 1867 751 1937 γάμου.
782 1866 943 1919 Κατὰ
967 1867 1065 1938 μὲν
1091 1869 1201 1938 γὰρ
1230 1869 1330 1940 τὴν
1356 1869 1577 1937 ἁγνείαν
1607 1871 1713 1933 τοῖς

1870 1870 2015 1924 rdine
2068 1880 2125 1922 et
2180 1870 2434 1940 rhythmo
2492 1879 2655 1937 atque
2713 1868 2995 1923 harmonia
3038 1878 3412 1937 concentuque

168 1956 385 2025 ἀγγέλοις
434 1956 715 2028 ὁμοιοῦται
770 1956 1077 2028 ἄνθρωπος’
1132 1960 1275 2013 κατὰ
1307 1960 1365 2013 δὲ
1413 1958 1506 2013 τὸν
1540 1960 1710 2031 γάμον

1866 1960 2191 2014 ulcherrimo
2215 1971 2406 2015 ornata
2438 1971 2586 2015 sunt.
2618 1960 2773 2016 Sicut
2812 1976 2944 2031 ergo
2991 1962 3187 2016 coelum
3233 1968 3408 2019 terra,

166 2049 253 2100 τῶν
284 2048 480 2119 θηρίων
525 2049 679 2102 οὐδὲν
700 2048 1031 2119 διενήνοχεν,
1064 2044 1145 2113 οἷς
1177 2052 1211 2121 ἡ
1247 2050 1506 2105 συνουσία
1551 2052 1708 2121 ἀνάγ·

1871 2095 1874 2103 ,
1919 2054 2099 2107 anima
2152 2069 2402 2124 corpore,
2457 2056 2537 2110 sic
2592 2056 2758 2110 etiam
2820 2057 3109 2127 virginitas
3160 2054 3413 2125 conjugio

166 2140 271 2192 καέα
296 2140 424 2205 ἐστὶ,
458 2139 555 2193 καὶ
585 2139 734 2192 δοκεῖ
780 2138 879 2208 τὴν
945 2139 1197 2212 διαδοχὴν
1225 2139 1323 2195 τοῦ
1366 2141 1559 2211 γένους
1613 2157 1708 2212 μη-

1871 2145 2166 2200 raastantior
2182 2154 2287 2199 est.
2320 2144 2457 2199 Nam
2491 2148 2750 2202 castitate
2775 2150 2991 2217 quidem
3012 2147 3221 2220 angelis
3249 2147 3413 2201 homo

164 2230 415 2299 χιινᾶσθαι.
1823 2235 1884 2289 ﬁt
1912 2235 2107 2292 sim'ilis
2137 2255 2151 2293 :
2187 2236 2440 2308 coniugio
2500 2251 2683 2293 autem
2736 2240 2872 2295 nihil
2935 2239 3115 2293 differt
3160 2255 3190 2294 a
3240 2237 3415 2293 brutis

164 2330 473 2396 animalibus,
516 2332 713 2401 quibus
734 2346 1027 2404 corporum
1049 2332 1359 2390 commistio
1387 2332 1697 2388 necessaria
1738 2340 1843 2400 est,
1877 2340 1935 2388 et
1998 2335 2401 2391 successionem
2468 2336 3001 2407 perpetuitatemque
3051 2336 3270 2407 generis
3294 2348 3414 2390 mo-

162 2421 230 2475 liri
257 2424 481 2481 videtur.

662 2541 823 2610 rm.
857 2570 930 2583 -
960 2542 1189 2616 nemo.

2364 2538 2592 2595 CXCIII.
2610 2538 2872 2595 —NILO.

365 2652 508 2722 Περὶ
540 2649 645 2722 τῆς
668 2652 741 2706 τὰ
765 2651 877 2708 δύο
908 2654 1100 2708 λεπτὰ
1125 2655 1475 2725 βαλούσης.
1517 2686 1524 2692 -
1825 2651 1905 2707 De

1877 2669 1905 2707 e
1931 2651 2172 2721 muliere,
2197 2668 2315 2724 qua:
2369 2655 2473 2707 duo
2752 2654 2977 2724 conjecit
3015 2656 3071 2709 in
3097 2657 3417 2727 gasopltylae

226 2824 337 2881 Ἐπὶ
371 2828 471 2899 μὲν
507 2828 618 2883 τῶν
669 2827 945 2900 βιωτικῶν
989 2830 1339 2901 πραγμάτων
1386 2832 1447 2884 οὐ
1498 2831 1717 2895 πάντως

1893 2836 1952 2891 In
1982 2836 2085 2892 illis
2106 2837 2325 2906 quidem
2367 2837 2550 2899 rebus,
2580 2852 2700 2905 qua:
2736 2838 2803 2892 ad
2857 2839 2997 2892 hanc
3022 2838 3192 2893 vitam
3235 2840 3409 2909 perti-

156 2922 251 2984 τοῖς
280 2919 625 2991 βουλομένοις
652 2922 845 2977 ἕπεται
873 2922 935 2975 τὸ
982 2921 1267 2977 δύνασθαι·
1304 2922 1403 2987 τὰς
1433 2922 1541 2994 γὰρ
1574 2923 1698 2977 ίδιω

1863 2939 1974 2996 ent,
2012 2931 2087 2984 ita
2119 2941 2497 2999 comparatmn
2529 2942 2634 2994 est,
2666 2940 2723 2985 ut
2780 2946 2884 2985 non
2927 2934 3111 2987 statim
3172 2947 3268 2988 eos
3313 2933 3405 3003 qui

156 3012 290 3073 τικὰς
330 3012 595 3083 δυνάμεις
642 3014 1037 3085 ὑπερϐαίνουσι
1082 3014 1497 3086 μεγαλουργίαι·
1536 3014 1631 3069 ἐπὶ
1661 3015 1698 3069 δὲ

1867 3019 2032 3083 olunt,
2065 3018 2230 3073 etiam
2265 3018 2496 3073 facultas
2555 3021 2845 3073 comitetur
2875 3018 3040 3091 (nam
3073 3021 3409 3091 plebeiorum

154 3102 247 3153 τῶν
262 3103 645 3174 πνευματικῶν
670 3103 861 3157 ἕπεται
887 3106 1001 3167 τοῖς
1027 3103 1370 3175 βουλομένοις
1399 3107 1433 3176 ή
1462 3104 1694 3176 δύναμις

1871 3111 2107 3165 ominum
2148 3110 2295 3165 vires
2352 3119 2613 3179 superant
2645 3125 2964 3180 magnorum
3020 3127 3243 3181 operum
3279 3111 3413 3167 aﬂ'e-

154 3193 215 3245 Τὸ
243 3193 343 3263 γὰρ
372 3196 520 3249 κατὰ
550 3195 783 3267 δύναμιν
812 3196 1156 3269 κατορθωθὲν
1177 3237 1193 3263 ,
1220 3197 1597 3269 οὐρανομῆκες
1621 3200 1696 3252 δεί

1874 3202 2103 3273 tiones).
2138 3201 2195 3256 In
2226 3201 2607 3270 spiritualibus
2630 3210 2835 3269 autem,
2869 3204 3069 3272 quibus
3136 3206 3291 3259 adest
3323 3220 3416 3259 vo-

154 3300 341 3339 κνυται.
397 3285 507 3339 Δύο
554 3284 647 3341 οὖν
692 3288 865 3343 λεπτὰ
911 3290 996 3351 είς
1026 3289 1087 3343 τὸ
1127 3289 1273 3360 ἱερὸν
1315 3289 1696 3359 γαζοφυλάκια

1875 3305 2032 3359 mtas,
2068 3295 2259 3350 iisdem
2306 3304 2360 3348 ct
2406 3294 2645 3351 facultas
2695 3311 2803 3350 non
2861 3296 3034 3353 deest.
3070 3293 3205 3349 Nam
3270 3298 3417 3366 quod

152 3375 365 3443 βαλοῦσα
405 3380 561 3451 χήρα
585 3380 747 3452 γυνὴ,
789 3380 865 3445 ὡς
896 3382 1109 3446 πάντας
1140 3382 1274 3445 τοὺς
1318 3382 1573 3452 βασιλέας
1625 3400 1694 3437 κα

1870 3402 1925 3442 ro
1975 3387 2116 3441 virili
2172 3387 2406 3457 quisque
2444 3402 2541 3441 sua
2579 3385 2768 3441 fecerit
2791 3388 2941 3453 boni,
2971 3388 3021 3439 id
3083 3388 3150 3441 ad
3211 3387 3412 3443 cadum

152 3468 311 3533 πάσας
330 3468 428 3534 τὰς
457 3470 743 3542 βασιλίδας
770 3471 1259 3544 ὑπερακοντίσασα
1282 3472 1490 3545 ᾅδεται·
1520 3475 1579 3527 οὐ
1610 3473 1694 3547 γὰι

1876 3492 2001 3548 sque
2056 3479 2368 3548 pertingere
2411 3476 2841 3532 demonstratur.
2868 3476 3042 3541 Quam
3080 3478 3150 3531 ob
3193 3491 3418 3530 causam

148 3561 199 3613 τὸ
222 3562 367 3617 τεθὲν
405 3563 651 3636 ἔκρινεν,
682 3565 840 3626 εάλλὰ
887 3565 989 3637 τὴν
1035 3554 1359 3638 προαίρεσιν
1394 3566 1585 3638 αὐτῆς,
1618 3568 1690 3639 τὴ

1876 3570 1994 3624 idua
2026 3570 2279 3640 illa,quae
2303 3573 2411 3624 duo
2448 3570 2661 3624 minuta
2719 3569 2771 3623 in
2815 3584 3033 3623 sacrum
3099 3568 3418 3623 thesaurum

149 3654 309 3709 πᾶσαν
356 3656 685 3729 περιουσίαν
753 3646 1185 3729 ἀφιερώσασαν,
1244 3659 1622 3729 ἐστεφάνωσεν
1687 3681 1691 3704 ε

1874 3659 2086 3728 onjecit,
2106 3661 2263 3730 quasi
2284 3676 2477 3716 omnes
2512 3670 2567 3715 et
2604 3675 2761 3731 reges
2786 3670 2840 3715 et
2870 3660 3083 3729 reginas
3114 3659 3274 3729 longo
3297 3668 3416 3729 post

148 3748 339 3821 κριτήςο
1829 3766 1892 3808 se
1932 3752 2217 3807 intervallo
2247 3752 2551 3822 reliquerit,
2594 3754 2667 3805 ita
2724 3750 3054 3806 celebratur.
3092 3749 3207 3805 Non
3269 3750 3417 3805 enim

149 3841 193 3894 id
219 3842 452 3898 celestis
486 3841 581 3899 ille
613 3842 822 3898 arbiter
844 3841 988 3913 quod
1026 3844 1205 3912 posuit
1257 3842 1440 3906 vidua,
1469 3843 1785 3908 aesaimavit,
1860 3853 2126 3913 quantum
2182 3853 2353 3919 esset
2419 3856 2514 3911 per
2543 3856 2624 3911 se,
2695 3839 2792 3895 sed
2827 3839 2995 3893 animi
3022 3838 3194 3909 ipsius
3220 3853 3421 3911 propo-

146 3934 428 4006 situm,quo
453 3950 678 3992 omnem
715 3951 869 3991 suam
910 3936 1277 3991 substantiam
1323 3948 1708 4002 consecrarat,
1752 3951 1956 3992 corona
1992 3935 2216 4006 dignum
2251 3935 2486 3990 censuit.

295 4074 451 4141 PLA'.
492 4100 566 4114 -
598 4071 1047 4127 ΝΕΙΛΛΜΜΩΝΙ
1084 4071 1544 4142 ΣΧΟΛΑΣΤΙΚῼ.
1823 4071 1837 4140 ε

1878 4071 2187 4143 23-524
2199 4067 2893 4126 mem—nmmum
2920 4066 3418 4126 SCHOLASTICO.

147 4185 268 4254 Περὶ
312 4186 442 4255 τοῦ,
499 4206 519 4241 ι
583 4186 932 4251 Φάσκοντες
982 4181 1137 4239 εἶναι
1192 4184 1405 4255 σοφοὶ,
1454 4183 1689 4253 ἐμωράν

1873 4202 1899 4239 e
1927 4186 2071 4239 dicto
2108 4185 2224 4248 illo,
2296 4203 2314 4236 ι
2363 4182 2516 4255 Cum_
2539 4199 2613 4255 se,
2636 4182 2957 4255 crediderint
2986 4196 3096 4235 esse
3130 4182 3415 4249 sapientes,

779 4260 997 4324 θησαν.
1047 4274 1065 4306 ι
1274 4253 1282 4255 ⁷
2286 4272 2321 4309 σι

2286 4255 2438 4309 stulti
2488 4253 2618 4323 [acti
2661 4262 2785 4306 sunt
2824 4253 2887 4305 ³⁸.
2929 4270 2947 4303 ι

220 4366 306 4435 Ἐξ
323 4364 399 4425 ὧν
432 4373 462 4424 ὁ
492 4369 770 4432 Μουσικός
799 4382 881 4432 τις
907 4368 1038 4440 (96),
1070 4366 1146 4431 ὥς
1172 4384 1305 4437 φασι
1340 4366 1580 4438 (δίκαιον
1608 4364 1718 4437 γὰρ

1891 4367 2028 4423 Cum
2072 4381 2273 4437 praeses
2327 4367 2549 4420 musicze
2599 4365 2813 4434 Apollo,
2856 4374 2915 4419 ut
2967 4364 3122 4418 aiunt
3178 4363 3417 4436 (oportet

144 4460 195 4527 ἐξ
226 4454 296 4515 ὧν
328 4461 669 4534 φλυαροῦσιν
690 4501 705 4528 ,
740 4461 937 4524 αὐτοὺς
963 4459 1500 4530 καταγωνίσασθαι),
1536 4460 1685 4512 πᾶσα

1873 4461 1964 4514 tim
1984 4459 2129 4529 ipsos
2152 4474 2221 4513 ex
2243 4459 2359 4514 suis
2391 4457 2632 4523 ipsorum
2658 4456 2814 4527 nugis
2842 4455 3131 4526 refellere),
3156 4457 3415 4513 omnibus

144 4554 354 4622 κινήσας
397 4551 671 4624 μελῳδίαν
712 4552 792 4615 είς
835 4552 1041 4623 θήραν,
1074 4549 1350 4622 σώφρονος
1380 4551 1441 4605 οὐ
1486 4550 1684 4622 περιγέ

1877 4552 2086 4607 lhibitis
2129 4552 2305 4606 modis
2332 4550 2556 4605 musicis
2596 4564 2701 4605 non
2742 4549 2981 4619 potuerit
3012 4563 3207 4620 capere
3250 4558 3419 4621 atque

144 4661 254 4713 γονε
282 4646 475 4718 κόρης,
510 4648 577 4700 ὲκ
605 4642 812 4698 τούτων
839 4644 935 4696 καὶ
960 4644 989 4695 ὁ
1019 4642 1270 4715 περὶτῆς
1307 4642 1575 4714 μουσικῆς
1602 4642 1686 4697 δια

1874 4640 2081 4710 abigere
2112 4648 2320 4695 castam
2355 4639 2590 4708 puellam
2630 4657 2644 4693 :
2678 4654 2745 4694 ex
2801 4639 2887 4694 bis
2912 4639 3077 4695 etiam
3127 4640 3268 4695 ratio
3296 4655 3416 4695 mu-

141 4737 398 4807 γράφεται
418 4738 605 4807 λόγος.
633 4736 830 4806 Θέλγει
853 4735 955 4806 μὲν
981 4734 1092 4808 γὰρ
1122 4737 1275 4802 ἴσως,
1300 4736 1549 4791 τουτέστι
1575 4735 1679 4809 (χρ

1873 4746 1950 4788 σαι
1986 4745 2054 4787 ac
2106 4731 2187 4787 vis
2225 4731 2534 4801 depingitur
2582 4738 2785 4801 quanta
2831 4731 2925 4785 sit.
2983 4730 3119 4786 Nam
3169 4730 3410 4789 fortasse

140 4828 235 4895 γὰρ
262 4829 356 4882 καὶ
386 4828 791 4900 ὲτυμολογῆσαι
820 4826 970 4898 (97),
1019 4824 1243 4883 θέλοντα
1272 4826 1396 4897 ἄγει
1417 4844 1432 4859 ⁶
1491 4827 1554 4881 οὗ
1607 4827 1682 4899 μὴ

1866 4824 2011 4894 έλγει
2060 4822 2355 4892 demulcet,
2384 4824 2487 4880 hoc
2526 4834 2632 4891 est,
2683 4824 2730 4879 si
2777 4822 2953 4879 Grazci
3003 4824 3156 4880 verbi
3186 4835 3408 4897 etymon

138 4920 559 4975 καταδουλοῦται
606 4920 669 4975 τὸ
720 4919 998 4992 φρόνημα,
1041 4918 1151 4973 οὐδ’
1198 4918 1515 4985 ἐκϐιάζεται
1537 4936 1552 4952 ·
1595 4920 1680 4974 οὑξ

1868 4924 2170 4986 pectemus,
2190 4913 2420 4970 θέλοντα
2458 4915 2606 4984 ἄγει,
2650 4914 2920 4970 volentem
2956 4917 3177 4986 quidem
3210 4917 3361 4973 ducit
3393 4935 3410 4974 :

138 5011 395 5085 τοσαύτην
427 5012 548 5084 ἔχει
577 5011 676 5083 τὴν
724 5011 901 5082 ἰσχὺν,
937 5011 1013 5076 ὡς
1038 5011 1118 5083 μὴ
1161 5010 1489 5082 βουλόμενον
1516 5010 1680 5083 χειρὼ

1874 5022 1934 5064 on
1978 5016 2158 5064 tamen
2199 5008 2443 5063 animum
2480 5008 2714 5064 hominis
2761 5011 2814 5063 in
2853 5009 3168 5064 servitutem
3198 5011 3416 5079 redigit,

138 5102 344 5160 σασθαι.
387 5103 616 5175 Ἐπειδὴ
653 5103 712 5159 δὲ
739 5105 838 5158 καὶ
865 5104 997 5176 περὶ
1025 5102 1314 5173 γενέσεως,
1338 5104 1431 5169 ’ὡς
1463 5102 1592 5175 φὴς,
1622 5102 1680 5175 λη

1879 5116 2010 5172 eque
2039 5101 2207 5170 cogit,
2237 5116 2413 5170 neque
2449 5111 2655 5155 tantam
2698 5102 2807 5156 vim
2842 5100 3026 5163 habet,
3069 5109 3128 5154 ut
3182 5115 3288 5155 non
3334 5117 3421 5155 vn-

141 5194 311 5262 ροῦσιν
329 5237 346 5263 ,
375 5197 505 5251 εἰπὲ
530 5197 670 5269 πρὸς
697 5196 897 5261 αὐτούς
916 5213 931 5228 ·
964 5195 1093 5263 Πῶς
1119 5197 1180 5251 ὃν
1208 5214 1347 5267 φατε
1375 5195 1683 5269 μαντικώτα

1876 5202 2037 5249 antem
2072 5206 2290 5264 quoque
2346 5193 2585 5265 subigat.
2630 5193 2901 5260 Quoniam
2950 5201 3134 5248 autem
3163 5192 3230 5248 de
3260 5207 3418 5247 crea-

193 5377 240 5409 "
270 5377 407 5437 Luc.
434 5383 694 5447 ηαδ-5.
768 5382 816 5414 ³⁸
847 5379 1007 5437 Rom.
1040 5397 1081 5447 ι,
1104 5378 1196 5435 22.

1220 5467 1457 5526 νΑΒΙᾹΞ
1492 5462 1885 5525 LECTIONES
1922 5465 2014 5522 ET
2090 5464 2327 5525 NOTE.

196 5631 306 5707 (95)
339 5633 656 5707 Κεχρήσθω
704 5641 881 5707 mutat
934 5612 987 5686 in
1036 5627 1374 5707 ἁμιλλάσθω.
1430 5627 1602 5707 versu
1656 5633 1712 5682 et

947 5612 987 5685 in
1036 5627 1374 5707 άμιλλάσθω.
1430 5627 1602 5707 versu
1656 5633 1712 5682 et
1813 5623 2073 5707 σηγέξῃς.
2200 5693 2218 5707 ι
2300 5694 2329 5707 _
2478 5694 2489 5707 ,

128 5693 299 5760 νείῢό
316 5693 779 5775 ultir'ii'o'epistolaz
799 5704 940 5759 idem
984 5693 1354 5775 μηγξανωμένη
1381 5698 1571 5755 scribit
1610 5711 1670 5768 pr

1880 5693 2429 5775 (θη-ἐτυμολογῆσαι
2477 5694 2617 5754 idem
2650 5694 2900 5770 producit
2926 5694 2980 5753 in
3010 5696 3422 5769 ὲτυμολογήσασ

132 5774 501 5844 μηχανᾶσθαι.
529 5767 750 5831 Possm.
985 5767 996 5775 ⁷
1218 5767 1228 5771 ⁷
1339 5767 1352 5772 ⁷
1453 5841 1463 5853 ⁸
1512 5841 1522 5851 _
1613 5767 1620 5768 ⁷

194 5844 305 5916 (96)
341 5844 455 5901 Pro
495 5845 765 5909 Μουσικός
797 5860 884 5908 τις
919 5844 1038 5901 cod.
1078 5840 1311 5898 Vat.650
1361 5839 1551 5897 scribit
1599 5857 1674 5911 po‘

550 5767 750 5831 Possm.
985 5767 996 5775 ’
1218 5767 1228 5771 ⁷
1339 5767 1352 5772 ⁷
1613 5767 1620 5768 ⁷
1825 5767 1972 5823 σθαι.
2016 5767 2092 5823 ID.

550 5846 765 5909 ουσικός
797 5860 884 5908 τις
919 5844 1038 5901 cod.
1078 5840 1311 5898 Vat.650
1361 5839 1551 5897 scribit
1599 5857 1721 5911 μου·
