3906 6416
498 347 645 418 1283

1695 346 1769 411 ’8.
1810 350 2105 412 ISIDORI
2143 352 2583 414 PELUSIOT/E

3634 350 3745 420 1284

499 466 647 520 tione
672 477 888 534 quoque
927 476 1131 531 rerum,
1175 470 1236 518 ut
1276 460 1499 528 scribis,
1551 471 1849 531 nugantur,
1903 462 1993 517 dic
2026 462 2095 518 ad

2213 481 2289 517 ιον
2314 459 2477 527 εἶναι,
2500 460 2545 532 ᾧ
2575 461 2689 535 (98)
2712 462 2891 517 καὶτὸ
2912 461 3007 515 τοῦ
3029 462 3184 534 ἡλίου
3207 461 3562 533 ἐπιψεύδεσθε
3586 463 3746 534 ὄνομα,

497 571 593 611 eos
626 556 755 611 talia
797 556 1043 626 quaedam
1117 575 1131 611 :
1180 554 1483 622 Quomodo,
1537 568 1744 623 quaeso,
1791 553 1861 619 is,
1925 566 2087 623 quem

498 658 677 701 vatem
710 648 973 717 optimum
1004 661 1139 702 esse.
1168 645 1471 711 allirmatis,
1506 646 1592 700 cui
1634 644 1800 699 etiam
1838 643 1966 699 solis
2000 658 2092 698 no-

500 755 625 794 men
659 740 937 809 aﬂingitis,
996 741 1183 797 omnia
1218 738 1516 805 cernentis,
1560 737 1833 808 ignoravit
1879 745 2086 793 castam

500 848 624 887 esse
657 832 890 900 puellam
929 832 1097 897 illam,
1137 846 1238 887 nec
1261 830 1538 899 voluptate
1560 829 1683 899 capi
1712 829 1908 900 posse?
1945 828 2084 884 Nam

486 922 587 977 vel
620 922 753 976 artis
783 922 1116 977 vaticinandi
1150 921 1435 985 benelicio,
1464 920 1548 973 vel
1580 936 1647 973 ex
1682 934 1779 974 sua
1803 919 2086 990 sapientia.

504 1015 758 1084 quodque
788 1015 1207 1086 potentissimus
1253 1023 1401 1069 esset
1433 1013 1708 1078 omnium,
1739 1013 1855 1083 qui,
1888 1020 1948 1066 ut
2013 1011 2090 1066 di-

503 1110 661 1174 citis,
688 1110 804 1164 haec
852 1119 947 1163 aut
975 1108 1183 1163 faciunt
1219 1115 1314 1160 aut
1356 1105 1688 1177 signiﬁcant,
1745 1103 1887 1159 scire
1918 1102 2093 1173 prole-

2193 556 2460 626 ἠγνόησεν
2478 556 2562 609 ὃτι
2587 555 2821 625 σώφρων
2849 555 2998 608 ἐστὶν
3029 557 3062 625 ἡ
3086 554 3247 626 κόρη,
3285 556 3383 608 καὶ
3406 555 3508 607 οὑκ
3532 554 3591 608 ἂν
3616 556 3745 625 ἁλοίη

2193 645 2357 714 ¹ἡδονῇ
2381 662 2397 712 ;
2429 645 2556 698 Εῐτε
2584 645 2693 716 γὰρ
2716 646 2781 698 ὲκ
2806 645 2908 715 τῆς
2945 644 3234 715 μαντικῆς,
3270 645 3384 696 εἴτε
3414 646 3481 697 ὲκ
3498 642 3589 696 τοῦ
3616 645 3750 711 copi;

2202 730 2342 789 εἶναι
2365 777 2381 803 ,
2426 736 2521 789 καὶ
2556 736 2932 800 δυνατώτατος
2958 735 3069 790 τῶν
3115 735 3292 791 ταῦτα
3313 775 3327 799 ,
3359 737 3437 799 ῶς
3468 752 3596 803 φατε
3616 776 3629 802 ,
3676 756 3756 791 κα-

2195 826 2643 892 τασκευαζόντων
2681 827 2714 899 ἢ
2755 829 3133 899 σημαινόντων
3157 869 3173 893 ,
3228 827 3402 898 ὲχρῆν
3444 828 3602 881 αὑτὸν
3644 828 3755 882 εἰδέ-

2197 937 2307 975 ναι.
2345 921 2409 973 Εί
2442 919 2500 974 δὲ
2530 920 2619 974 διὰ
2644 922 2863 975 πάντων
2897 922 3122 990 ἄγνοιαν
3178 919 3459 989 δυστυχῶν
3515 920 3739 990 ἐφωράθη

2197 1011 2484 1067 παύσασθε
2504 1052 2520 1079 ,
2542 1007 2590 1067 ὧ
2612 1014 2914 1068 δεινότατοι
2938 1053 2956 1082 ,
2982 1014 3050 1067 δι’
3079 1008 3155 1069 ὧν
3179 1031 3316 1084 φατε
3336 1053 3353 1079 ,
3381 1015 3604 1077 ἑαυτοὺς
3630 1014 3758 1081 ἐλέγ-

2198 1110 2406 1173 χοντες.

504 1210 591 1255 cto
625 1202 800 1271 ipsum
835 1201 1141 1270 oportebat.
1176 1198 1333 1265 Quod
1405 1198 1451 1252 si
1499 1198 1742 1251 omnium
1792 1194 2134 1265 ignoratione
2172 1195 2360 1252 infelix
2426 1197 2597 1254 fuisse
2664 1197 3038 1268 deprehensus
3084 1206 3191 1264 est,
3227 1196 3483 1265 desinite,
3536 1211 3569 1253 ο
3611 1198 3760 1252 miser-

505 1294 628 1349 rimi
660 1293 996 1359 mortalium,
1025 1308 1123 1362 per
1146 1307 1232 1357 ea,
1272 1306 1393 1361 quae
1439 1288 1718 1360 profertis,
1750 1297 1860 1343 tam
1895 1288 2080 1353 stulta,
2124 1290 2484 1367 vosmetipsos
2514 1289 2787 1346 refellere.

752 1406 959 1463 CXCV.
998 1437 1067 1449 —-
1113 1405 1468 1461 TIMOTHEO
1520 1404 1841 1461 LECTORI.

506 1516 631 1573 Rem
666 1536 777 1574 esse
821 1519 1126 1590 difﬁcilem,
1172 1521 1218 1573 si
1248 1521 1471 1587 a/I‘ectus
1518 1519 1757 1587 corporei
1810 1519 1962 1573 nobis
2001 1518 2095 1572 im-

1203 1600 1402 1658 perent.

576 1701 655 1755 Ex
708 1701 838 1768 illis,
875 1718 995 1773 quae
1038 1712 1271 1769 sectare,
1318 1702 1736 1767 certaminibus,
1788 1718 1874 1756 vnr
1918 1704 2094 1757 admi-

2368 1408 2535 1475 PkE'.
2575 1438 2647 1447 —
2682 1406 2989 1479 ΤΙΜΟΘΕῼ
3028 1405 3453 1477 ΑΝΑΓΝΩΣΤῌ
3493 1405 3623 1475 (99).

2201 1516 2333 1572 ’Ότι
2377 1517 2685 1586 χαλεπὸν,
2717 1517 2827 1571 ἐὰν
2869 1518 2945 1571 τὰ
2988 1514 3146 1604 πιξθη
3183 1514 3258 1568 τὰ
3285 1515 3600 1583 σωματικὰ
3624 1511 3759 1582 ἡμῶν

2712 1601 3290 1655 κατακυριευσωσιν.

2286 1704 2378 1770 Ἐξ
2439 1698 2515 1760 ὧν
2585 1704 2825 1778 μετέρχῃ
2893 1704 3107 1770 ἄθλων,
3175 1703 3485 1775 θαυμάσιε,
3565 1704 3757 1757 πέπειςο

506 1794 699 1859 raude,
730 1810 1050 1863 persuasum
1078 1795 1173 1849 tibi
1212 1804 1353 1860 esto,
1393 1803 1715 1865 praesentem
1753 1794 1895 1850 hanc
1927 1797 2093 1849 vitam

2213 1795 2419 1850 στάδιον
2462 1798 2594 1867 ἡμῖν
2630 1795 2698 1849 τά
2745 1796 2992 1867 παρόντα
3036 1794 3370 1867 προκεῖσθαι
3420 1795 3678 1865 ἀόρατον,
3715 1796 3759 1845 ἐν

504 1887 664 1956 nobis
712 1888 1044 1957 propositam
1076 1902 1198 1942 esse
1238 1896 1494 1957 tanquam
1545 1886 1777 1941 stadium
1822 1887 2093 1956 quoddam

506 1980 561 2033 in
621 1994 728 2048 quo
764 1978 921 2033 nobis
968 1978 1369 2034 colluctaudum
1427 1980 1498 2034 sit
1545 1994 1667 2033 cum
1710 1977 1993 2033 aﬂ‘ectibus
2044 1988 2100 2033 et

508 2074 1011 2141 perturbationibus
1053 2073 1242 2139 animi,
1288 2088 1406 2141 qua:
1448 2082 1575 2126 suut
1614 2072 1798 2126 bestia:
1850 2075 2096 2138 quaedam

508 2177 612 2216 non
648 2162 957 2225 sensibiles,
1013 2164 1108 2217 scd
1172 2161 1588 2232 iutelligibiles:
1636 2176 1755 2230 qua:
1790 2162 2007 2229 quidem
2051 2163 2099 2217 si

506 2253 693 2319 robur,
728 2255 874 2321 quod
906 2253 959 2306 iu
1004 2253 1159 2308 nobis
1188 2262 1295 2317 est,
1330 2253 1663 2320 subjecerint
1706 2255 1835 2319 sibi,
1870 2269 1973 2308 non
2015 2263 2099 2307 ta-

506 2358 627 2395 men
661 2346 837 2413 quoad
879 2358 1079 2412 corpus
1122 2345 1321 2400 sistunt
1355 2345 1675 2414 periculum,
1751 2346 1845 2401 sed
1896 2355 1952 2399 et
1994 2344 2097 2415 ipsi

508 2436 702 2491 animae
732 2447 962 2493 mortem
1012 2437 1269 2492 all‘eruul.
1306 2437 1401 2493 Siu
1451 2450 1630 2493 autem
1664 2440 1975 2503 vincantur,
2007 2446 2101 2491 aut

509 2524 697 2597 fugam
733 2529 1086 2599 arripueriut,
1123 2538 1234 2584 tum
1267 2544 1396 2585 vero
1436 2539 1491 2584 ct
1535 2546 1769 2585 coronas
1795 2539 1848 2586 et
1892 2543 2100 2599 praeco-

509 2620 598 2673 nia
628 2636 815 2691 magna
848 2637 1263 2691 consequemur,
1289 2624 1457 2675 etiam
1480 2622 1532 2676 in
1566 2624 1668 2678 hac
1689 2624 1799 2678 vita
1819 2635 2095 2694 persaepe;

2197 1878 2242 1953 ᾧ
2282 1884 2491 1956 Θηρίοις
2522 1885 2621 1937 οὑκ
2651 1883 2929 1955 αἰσθητοῖς
2949 1923 2963 1949 ,
2995 1884 3132 1937 ἀλλὰ
3155 1888 3367 1955 νοητοῖς
3398 1884 3597 1938 πάθεσι
3618 1900 3755 1954 προς·

2204 1975 2513 2047 παλαίομεν
2543 2016 2559 2043 ,
2605 1975 2747 2044 ἆπερ
2794 1977 2845 2028 εἰ
2891 1976 2991 2045 τῆς
3032 1976 3092 2029 ἐν
3144 1977 3276 2047 ἡμῖν
3344 1976 3537 2048 ῥώμης
3590 1980 3757 2047 κρατή-

2208 2085 2390 2123 σουσιν
2413 2107 2428 2132 ,
2461 2069 2523 2121 οὑ
2562 2068 2723 2140 μέχρι
2749 2066 2843 2121 τοῦ
2884 2068 3135 2139 σώματος
3178 2069 3371 2122 ἑστῶσι
3400 2069 3490 2122 τὸν
3518 2070 3755 2133 κίνδυνον,

2204 2160 2319 2214 ἀλλ’
2366 2160 2504 2231 αὐτῇ
2553 2162 2620 2231 τῇ
2670 2159 2817 2230 ψυχῇ
2862 2160 2954 2212 τὸν
3001 2159 3233 2213 θάνατον
3290 2160 3576 2232 φέρουσιν.
3622 2161 3675 2213 Εἰ
3717 2159 3759 2210 δὲ

2204 2251 2558 2322 κρατηθῶσιν
2577 2292 2591 2314 ,
2621 2251 2655 2320 ἢ
2703 2249 3118 2322 δραπετεύσωσι
3144 2292 3159 2317 ,
3194 2250 3478 2319 στεφάνων
3507 2251 3599 2303 καὶ
3626 2251 3759 2319 ἀναῤ-

2206 2344 2421 2414 ῥήσεων
2461 2342 2717 2413 μεγάλων
2747 2340 3059 2411 τευξόμεθα
3083 2381 3099 2406 ,
3129 2342 3226 2394 καὶ
3256 2340 3495 2395 ἐνταῦθα
3526 2342 3622 2411 μὲν
3660 2341 3759 2393 πολ-

2200 2436 2389 2499 λάκις⁹
2442 2435 2581 2505 μετά
2632 2433 2807 2489 ταῦτα
2842 2436 2901 2488 δὲ
2944 2435 3196 2501 πάντως,
3244 2435 3435 2506 ἐπειδὴ
3479 2435 3547 2488 τὰ
3586 2433 3757 2487 ἐπαθὲα

2200 2531 2229 2581 ὁ
2275 2528 2488 2599 μέλλων
2538 2526 2674 2582 αἰὼν
2703 2527 3103 2598 ὲμπιστεύεται
3128 2566 3144 2593 ,
3188 2528 3263 2592 ὡς
3293 2522 3454 2592 οὗτος
3493 2528 3561 2580 τὰ
3608 2526 3753 2595 σκάμ-

2205 2634 2371 2688 ματα.

507 2714 778 2783 posthaec
810 2724 989 2769 autem
1028 2715 1081 2768 in
1108 2715 1276 2768 altera
1302 2715 1410 2767 vita
1484 2717 1705 2770 omnino
1745 2733 1759 2770 :
1801 2711 2237 2787 quandoquidem
2308 2711 2385 2765 ita
2453 2706 2765 2764 ordinatum
2808 2716 2915 2773 est,
2973 2714 3034 2763 ut
3085 2706 3297 2781 futurae
3335 2712 3462 2766 vitae
3507 2712 3757 2767 commissa

508 2810 618 2863 siut
642 2808 885 2878 praemia,
918 2808 1059 2862 sicut
1082 2808 1205 2862 huic
1230 2810 1482 2877 praesenti
1516 2810 1741 2865 fossata.

975 2918 1205 2973 CXCVI.
1234 2949 1305 2959 —
1336 2920 1630 2976 DANIELI.

508 3030 588 3085 De
631 3032 910 3105 sapientia,
946 3032 1238 3105 injustilia,
1287 3043 1336 3087 et
1378 3034 1699 3087 contumelia
1740 3036 2094 3105 comparatio.

589 3121 609 3152 ι
649 3101 706 3156 Si
735 3103 943 3166 quidem
970 3101 1107 3155 male
1138 3106 1344 3158 locutus
1368 3121 1506 3166 sum,
1527 3105 1808 3172 testiﬁcare
1830 3101 1894 3160 de
1919 3106 2099 3172 malo;

579 3174 626 3227 si
648 3187 764 3226 vero
795 3172 1086 3242 bene,quid
1111 3189 1192 3226 me
1221 3176 1451 3243 percutis
1477 3175 1560 3228 ‘7?
1595 3194 1613 3226 ι

577 3283 751 3350 Licet,
803 3300 837 3340 ο
877 3285 1194 3340 admirande
1230 3287 1334 3353 vir,
1367 3287 1488 3343 aliis
1534 3288 1918 3343 contumeliam
1959 3288 2098 3344 infe-
2127 3264 2171 3322 (ἶ

509 3379 755 3432 rentibus
787 3392 899 3430 non
930 3384 1109 3431 tamen
1145 3376 1286 3432 afﬁci
1316 3378 1536 3448 injuria,
1574 3390 1631 3434 et
1662 3380 1985 3436 laedentibus
2013 3382 2096 3434 in-

470 3468 471 3471 “
506 3468 675 3539 iuste,
706 3485 811 3523 non
839 3470 982 3524 laedi.
1016 3469 1170 3536 Quod
1198 3472 1242 3525 si
1263 3467 1491 3541 aenigma
1519 3473 1621 3528 hoc
1649 3473 1745 3528 tibi
1774 3472 2006 3540 videtur,
2030 3472 2097 3527 il-

512 3562 617 3617 lico
649 3563 699 3617 id
733 3563 829 3617 tibi
861 3563 1072 3619 solvere
1094 3564 1353 3622 conabor.
1382 3564 1521 3619 Nam
1565 3567 1657 3637 qui
1688 3566 2097 3636 philosophatur

514 3653 643 3726 (hoc
685 3663 770 3708 est
820 3654 871 3707 in
915 3669 1099 3708 rerum
1140 3656 1450 3710 divinarum
1507 3657 1864 3712 meditatione
1915 3672 2097 3713 versa-

514 3745 649 3817 tur),
691 3754 747 3801 et
789 3745 856 3800 ab
890 3746 1129 3802 inimicis
1166 3747 1347 3803 illatas
1367 3748 1729 3804 contumelias
1766 3758 1929 3820 atque
1963 3749 2096 3818 inju-

516 3836 629 3890 rias
654 3836 936 3892 moderate
974 3853 1041 3895 ac
1083 3848 1368 3897 mansuete
1410 3839 1535 3907 fert,
1572 3841 1619 3896 is
1648 3855 1823 3911 neque
1846 3841 1950 3897 illis
1978 3857 2103 3897 con-

515 3925 796 3981 tumeliam
852 3926 1201 3994 facientibus,
1236 3932 1464 3999 patitur,
1521 3945 1698 4001 neque
1741 3930 1996 4001 iniuriam
2026 3931 2102 3985 iu-

468 4080 472 4086 ,
515 4017 841 4083 ferentibus,
884 4018 1050 4073 ullam
1092 4021 1312 4090 accipit.
1362 4021 1468 4076 Sed
1510 4021 1555 4076 si
1581 4036 1771 4077 verum
1817 4021 2105 4077 dicendum

2648 2916 2826 2987 Ριιεῖκ
2864 2950 2934 2960 -
2964 2919 3223 2973 ΔΑΝΙΗΛ
3259 2919 3357 2991 (l).

2206 3031 2350 3102 Περὶ
2386 3033 2639 3104 σοφίας,
2689 3032 2960 3104 ᾀδικίας,
3016 3033 3117 3086 καὶ
3169 3033 3396 3101 ὕϐρεως
3443 3035 3752 3104 παράθεσις·

2286 3123 2306 3155 ι
2337 3104 2408 3157 El
2424 3102 2541 3172 μὲν
2563 3103 2760 3169 κακῶς
2780 3103 3080 3171 ἐλάλησα,
3107 3105 3501 3173 μαρτύρησον
3527 3102 3642 3173 περὶ
3667 3106 3753 3159 τοῦ

2281 3174 2471 3229 κακοῦ
2492 3191 2506 3205 °
2541 3176 2595 3227 sl
2626 3173 2695 3227 δὲ
2720 3173 2949 3240 καλῶς,
2981 3175 3040 3227 τί
3063 3191 3141 3244 με
3169 3172 3396 3243 δέρεις;
3432 3195 3451 3227 ι

2278 3283 2565 3349 Ἔξεστιν,
2622 3276 2668 3339 ὦ
2714 3284 3023 3355 θαυμάσιε,
3072 3284 3250 3340 ἄλὶων
3298 3286 3643 3358 ὑϐριζόντων,
3693 3283 3753 3355 μὴ

2204 3373 2523 3446 ὑϐρίζεσθαι
2573 3374 2687 3447 (ﬂ),
2730 3378 2824 3429 καὶ
2851 3377 3217 3445 ἀδικούντων,
3255 3377 3331 3450 μὴ
3379 3378 3674 3433 ἀδικεῖσθαι.
3705 3377 3756 3428 Εἰ

2204 3466 2250 3519 δ’
2279 3467 2511 3537 αἴνιγμά
2554 3484 2637 3521 σοι
2685 3467 2837 3521 τοῦτ’
2872 3464 3014 3524 εῖναι
3060 3469 3241 3537 δοκεῖ,
3289 3470 3503 3541 ταχέως
3544 3470 3652 3525 αὐτὸ
3678 3468 3755 3520 λῦ-

2206 3577 2298 3613 σαι
2339 3561 2694 3632 πειράσομαι.
2742 3562 2801 3616 Ὀ
2832 3562 2944 3635 γὰρ
2987 3563 3321 3633 φιλοσοφῶν,
3354 3567 3451 3619 καὶ
3482 3566 3645 3637 πράως
3669 3564 3753 3625 τὰς

2206 3652 2358 3724 παρὰ
2389 3653 2497 3706 τῶν
2543 3654 2757 3726 ἐχθρῶν
2803 3655 2988 3727 φέρων
3038 3656 3230 3728 ὕϐρεις
3277 3660 3375 3711 καὶ
3402 3659 3621 3726 ἀδικίας,
3654 3657 3751 3710 οὗθ’

2202 3743 2537 3815 ὑϐριζόντων
2586 3746 2868 3817 ὑϐρίζεται
2893 3787 2908 3813 ,
2950 3746 3064 3802 οὔτ’
3119 3748 3457 3804 ἀδικούντων
3504 3750 3751 3804 ἀδικεῖται.

2218 3836 2361 3889 Ἀλλ’
2387 3838 2436 3890 εί
2477 3837 2583 3910 χρὴ
2610 3839 2845 3911 τάληθὲς
2866 3840 2944 3912 (ὅ)
2976 3842 3176 3910 εἰπεῖν,
3216 3842 3422 3897 ἐκεῖνοί
3450 3846 3579 3897 slew
3600 3846 3639 3896 oi
3658 3842 3753 3896 ἀδι-

2210 3926 2469 3999 κούμενοι
2518 3928 2614 3981 καὶ
2645 3928 3027 4001 ὑϐριζόμενοι,
3073 3932 3122 3983 οἱ
3170 3932 3265 3986 καὶ
3299 3933 3454 4002 παρά
3499 3932 3756 4005 ἀνθρώπων

2213 4024 2755 4095 καταγινωσκόμενοι
2788 4026 2885 4079 καὶ
2907 4025 3345 4097 καταϐοὼμενοι.
3383 4028 3444 4080 '0
3468 4027 3512 4080 δ’
3538 4026 3753 4097 ὑψηλότε-

516 4117 623 4175 est,
657 4106 733 4163 illi
769 4119 895 4164 sunt
923 4109 1016 4179 qui
1048 4110 1301 4182 injuriam
1330 4120 1385 4167 et
1418 4112 1805 4171 contumeliam
1834 4114 2100 4183 patiuntur

2221 4131 2310 4187 ρος
2338 4116 2414 4170 ὢν
2460 4118 2553 4170 καὶ
2596 4117 2809 4191 ὕϐρεως
2853 4120 2929 4191 (si)
2980 4120 3073 4173 καὶ
3103 4119 3351 4186 ἀδικίας,
3388 4119 3638 4175 κάνταῦθα
3660 4118 3752 4177 τοῖς

474 4346 477 4349 γ
588 4266 631 4296 ’⁷
663 4263 824 4322 Joan.
854 4281 1014 4333 xvm,
1044 4265 1136 4323 25.

1617 4427 1858 4483 VARUE
1896 4426 2287 4487 LECTIONES
2322 4431 2414 4487 ET
2452 4430 2686 4490 ΝΟΤΑΞ.

594 4584 880 4668 (θὸηιιειῃ
915 4586 1043 4668 cod;
1065 4578 1315 4668 mutat
1353 4586 1521 4668 inab:
1551 4596 1605 4641 et
1647 4603 1791 4643 vers.
1827 4605 1943 4668 seq.
1974 4589 2100 4644 ἐπι-

2213 4560 2408 4650 ascribi
2439 4595 2673 4667 legique.

518 4654 813 4730 ψεύδεσθαι
859 4656 911 4730 in
953 4656 1492 4730 inliuitivo‘sctjbit;
1547 4673 1692 4714 vers.
1741 4670 1864 4729 post
1900 4654 1956 4727 3,
2000 4676 2100 4730 pro

474 4722 481 4731 ’
521 4722 685 4795 σοφὸς
714 4727 993 4780 substituit
1033 4726 1309 4795 μουσικός.
1339 4725 1557 4783 Possm.

593 4796 708 4868 (99)
743 4795 869 4850 Haec
891 4811 1293 4868 supervacanee
1317 4797 1409 4868 hic
1453 4798 1737 4867 reponitur
1767 4798 1917 4868 prius
1955 4800 2103 4855 edita

520 4882 645 4937 pag.
682 4867 737 4930 2,
772 4881 920 4919 num.
969 4867 1035 4937 4,
1074 4867 1168 4921 lib.
1211 4882 1263 4937 I._
1302 4866 1540 4922 Tantum
1588 4869 1716 4923 hinc
1764 4866 2105 4925 observanda

520 4931 657 5011 levis
687 4937 912 5011 mutatio
944 4936 1038 4989 τοῦ
1070 4938 1199 5008 περὶ
1227 4931 1304 5011 ὧν
1332 4939 1623 5011 (quomodo
1654 4940 1762 4995 illic
1812 4940 2019 5011 incipit)
2050 4940 2106 4995 iu

521 5008 580 5073 ἐξ
601 4999 716 5090 ὧν.
750 5006 1004 5090 Reliquas
1045 4999 1389 5090 variatione;
1405 5024 1471 5064 ex
1506 5010 1664 5065 codd.
1706 5025 1836 5066 mss.
1866 4999 1964 5066 su'o
1990 4999 2107 5066 loco

521 5084 849 5131 notavimus.
883 5084 959 5130 ID.
1236 5084 1243 5091 ’

593 5147 671 5217 (l)
710 5148 1002 5218 Inscriptio
1039 5149 1181 5203 nulla
1205 5159 1326 5205 erat
1355 5149 1408 5204 in
1453 5149 1582 5205 edit.
1626 5149 1836 5218 Paris.;
1870 5152 2105 5207 sumitur

520 5233 583 5272 ex
611 5216 797 5271 cudice
825 5216 1103 5273 Vaticano.
1126 5220 1283 5274 Eutr.

593 5288 670 5357 (Ξ)
708 5287 994 5361 ’Ἔξεστιν-
1069 5289 1276 5343 ἄλλων
1332 5291 1689 5360 ὑϐριζόντων
1737 5290 1823 5361 μὴ
1881 5291 2106 5360 ὑϐρίζε-

522 5356 780 5433 σθαιηΝιξ
807 5359 1021 5433 ουὶᾼῇοο
1039 5365 1351 5427 paradoxon
1377 5356 1648 5425 videatur,
1674 5356 1907 5432 legat"D.
1933 5356 2107 5433 Chry-

520 5443 657 5484 sost.
684 5430 736 5481 in
767 5428 955 5483 homil.
982 5434 1093 5484 sive
1119 5433 1513 5485 commentario
1542 5434 1624 5486 cui
1658 5428 1749 5486 lit:
1774 5433 1918 5497 fecit,
1947 5428 2101 5497 Quod

520 5515 670 5552 nemo
703 5501 929 5552 (ludatur
953 5502 1054 5554 nisi
1077 5519 1106 5553 a
1134 5518 1186 5554 se
1209 5503 1339 5568 ipso.
1362 5503 1457 5555 Cui
1480 5502 1672 5556 similia
1699 5503 1858 5558 habet
1877 5504 2103 5557 Seneca.

519 5568 647 5622 Plus
676 5571 838 5622 etiam
871 5571 1003 5624 dicit
1036 5573 1275 5626 comicus
1300 5571 1617 5625 Philemon:
1645 5572 1702 5626 Si
1742 5575 1787 5626 is
1818 5575 1903 5626 cui
1928 5574 2108 5626 convi-

463 5692 477 5702 ,
522 5640 660 5692 cium
690 5640 772 5705 ﬁt,
800 5639 1115 5708 dissimulet,
1165 5659 1256 5709 nec
1290 5643 1358 5695 ad
1408 5659 1461 5696 se
1507 5645 1678 5709 rapiat
1714 5644 2107 5708 contumeliam,

524 5721 633 5781 tum
677 5724 793 5762 vero
836 5713 891 5764 in
936 5713 1107 5780 ipsum
1150 5708 1431 5781 faEientem
1479 5708 1775 5766 redundare
1824 5713 2103 5781 injuri’am.

524 5778 728 5834 Versus
767 5782 879 5836 noti
925 5778 1160 5850 quidem
1195 5792 1342 5850 sunt,
1391 5783 1538 5853 digni
1586 5794 1765 5840 tamen
1810 5778 1975 5840 etiam
2020 5784 2109 5839 hic

2213 4686 2662 4762 :{I8tqrwot‘16sn
2696 4692 2841 4745 οὐδὲ
2866 4693 3317 4762 μουσικώτερον
3346 4692 3543 4761 λέγειν

2216 4760 2465 4832 ξΕστζῇ
2491 4761 2788 4832 δρνασθαι
2829 4760 3298 4832 λοιδορούμενον
3340 4760 3557 4832 φέρειν.

2220 4829 2600 4903 λοιδορῶν
2625 4832 2770 4903 γὰρ,
2801 4832 2878 4887 ἂν
2912 4838 2945 4888 ὁ
2984 4829 3449 4903 λοιδορούμεᾶοξ

2166 4914 2169 4917 ·
2210 4897 2309 4967 Μὴ
2342 4897 2767 4971 προσποιῆτάι,
2804 4904 3115 4973 λοιδορεῖθ’
3141 4897 3175 4959 ὃ
3207 4897 3518 4973 λοιδορῶν.

2216 5007 2687 5086 Nec-dissimiliter
2710 5012 2944 5086 Basilius
2963 5014 3187 5086 Magnus
3219 5035 3231 5069 :
3276 5015 3366 5081 Ὦς
3412 5018 3440 5070 ὁ
3463 5017 3657 5070 τύπτων
3674 5016 3738 5086 ἴδ’)

2260 5078 2596 5202 ηδὰλγοὺντα
2636 5084 2829 5137 ἑαυτὸν
2865 5078 3190 5202 τιὲιωρέἰται
3216 5103 3231 5117 ο
3264 5078 3411 5157 (οὔτε
3454 5089 3555 5157 γὰρ
3582 5085 3657 5137 τὸν
3678 5085 3739 5147 ἐῖ-

2260 5166 2280 5201 ο
2312 5167 2341 5201 ν
2366 5154 2636 5202 ἡμυνατο.
2671 5154 2766 5202 καὶ
2796 5154 2887 5202 τὸν
2952 5157 3089 5202 υιιὸν
3119 5158 3219 5202 οὐκ
3242 5158 3543 5202 ἀνέπᾱυαεν
3561 5154 3738 5202 ’ὶοῧτωζ

2213 5097 2310 5202 δ’δὲ
2324 5097 2596 5148 αλγουντα
2636 5097 2829 5137 εαυτον
2865 5097 3190 5207 τιὸιωρεῐται
3216 5103 3231 5117 ·
3264 5097 3411 5157 (οῡτε
3454 5097 3555 5157 γάρ
3582 5097 3657 5137 τῂν
3678 5098 3739 5147 εἰ-

2251 5166 2280 5220 ρ
2312 5167 2341 5201 ν
2366 5151 2636 5220 ἠμύνατο,
2671 5154 2766 5208 καὶ
2796 5154 2887 5209 τὸν
2952 5157 3089 5226 υμὸν
3119 5158 3219 5210 οὑκ
3242 5158 3543 5212 ἀνέπαυσεν
3561 5154 3738 5226 ·)οὓτως

2211 5223 2240 5274 ὁ
2266 5220 2356 5273 τὸν
2393 5221 2739 5279 ἀλοιδόρητον
2787 5225 3058 5279 ὀνειδίζων
3094 5228 3444 5279 παραμυθίαν
3488 5228 3645 5279 εὑρεῖν
3673 5239 3739 5272 τω

2214 5226 2240 5274 ό
2266 5226 2356 5273 τὸν
2393 5226 2739 5294 ἀλοιδόρητον
2787 5226 3058 5291 ὀνειδίζων
3094 5228 3444 5299 παραμυθίαν
3488 5228 3645 5295 εὑρεῖν
3673 5239 3741 5272 τε)

2214 5290 2421 5348 πάθους
2450 5293 2510 5344 οὑ
2540 5294 2785 5351 δύναται.
2812 5295 2978 5351 Rtrr.

2287 5362 2365 5431 ('5)
2388 5360 2497 5437 Pro
2533 5365 2581 5437 τ’
2604 5364 2803 5435 ἀληθὲς
2853 5367 2993 5421 idem
3043 5374 3163 5421 cod.
3204 5370 3368 5424 habet
3397 5369 3447 5421 τ’
3469 5365 3682 5437 ἀκριϐὲς.
3707 5370 3743 5409 et

2215 5444 2359 5510 vers.
2386 5434 2510 5487 inde
2528 5433 2582 5496 2,
2611 5433 2729 5510 post
2752 5437 3164 5510 καταϐοώμενοι
3192 5439 3309 5494 haec
3329 5440 3494 5505 addit,
3522 5433 3606 5489 καὶ
3631 5445 3742 5494 in.“

2213 5500 2356 5577 Θεοιῖ·
2373 5500 2851 5577 κατακρινόμενοι.
2887 5500 3095 5562 Possm.

2290 5573 2366 5644 (4)
2410 5573 2516 5647 Pro
2559 5573 2645 5647 ’ᾣν
2681 5573 2794 5630 καὶ
2847 5578 3060 5647 ὕϐρεως
3112 5578 3253 5633 idem
3314 5578 3435 5634 cod.
3482 5577 3646 5647 ponit,_
3676 5585 3747 5645 13’-

2216 5640 2429 5723 ὕβρεων
2461 5643 2557 5698 ὤν.
2584 5645 2740 5723 Yers.
2764 5658 2894 5723 post
2919 5640 2991 5713 ’5,
3017 5640 3155 5723 _pro_
3175 5651 3402 5723 κάκεῖσε
3444 5640 3585 5719 παρὰ
3616 5640 3745 5698 Θεοῦ,

2217 5715 2295 5767 sic
2324 5715 2508 5781 habet,
2546 5717 2637 5769 καὶ
2668 5719 2848 5772 ἐκεῖσε
2888 5715 3050 5790 παρᾶ
3071 5720 3165 5773 τοῦ
3190 5719 3349 5774 θεοῦ.
3385 5718 3460 5775 In.
