3906 6416
204 398 320 465 1285
1019 390 1560 455 EPISTOLARUM
1600 392 1748 454 LIB.
1789 391 1891 455 IV.
1925 417 1995 428 —
2032 389 2273 451 EPIST.
2312 383 2620 449 CXCVIII.
3248 370 3259 377 ’
3304 366 3442 439 1286

201 514 460 584 ἐγκωμίοις
485 512 633 583 παρά
660 500 880 564 πάντων
915 508 1308 580 στεφθήσεται,
1350 507 1426 580 μὴ
1469 508 1631 578 μόνον
1659 506 1743 560 τοῐ

1898 506 1950 560 ui
1994 515 2047 561 et
2090 505 2159 559 ab
2186 501 2497 558 hominibus
2529 496 2986 560 condemnantur,
3017 500 3072 547 et
3097 490 3440 546 sermonibus

202 581 407 678 ὲγθροῦ,
439 581 575 658 ἀλλά
607 605 701 658 καὶ
751 602 844 656 τοῦ
872 601 1050 672 θυμοῦ
1099 600 1479 673 κεκρατηκὼς,
1525 602 1744 653 κάκεῖσε

1901 595 2207 651 itferuntur.
2268 588 2636 662 525-526
2678 588 2748 640 At
2788 585 2879 654 qui
2924 593 2979 639 et
3008 581 3333 638 contumelia
3381 589 3438 635 et

204 673 329 767 σέαρᾶ
354 694 481 748 Θεοῦ
515 694 777 766 μεγίστας
812 692 924 757 ἐξει
954 692 1055 755 τὰς
1084 692 1342 762 ἀμοιὸάς.
1376 691 1441 744 EI
1466 691 1523 744 δὲ
1562 692 1746 762 φαίης,

1894 689 2059 759 ijuria
2103 687 2264 741 altior
2292 694 2395 748 est,
2421 684 2467 737 is
2488 692 2542 736 et
2586 680 2674 734 hic
2722 679 2790 733 ab
2820 677 3072 732 omnibus
3115 673 3436 731 mortalibus

204 789 349 843 πολὺν
394 788 531 859 ἔχειν
568 786 771 856 ἱδρῶτα
808 784 903 837 καὶ
942 786 1103 837 πόνον
1126 824 1139 848 ,
1169 782 1231 835 τὸ
1258 781 1615 854 ὑϐριζόμενον
1654 783 1746 851 φέ-

1902 780 2218 835 aronabitur
2240 775 2529 837 encomiis,
2556 772 2700 842 quod
2734 786 2839 825 non
2887 770 3047 824 modo
3078 768 3316 831 hostem,
3348 768 3444 821 sed

205 897 327 953 ρειν,
357 857 463 932 οὐδ’
503 877 666 940 αὐτὸς
699 876 1053 947 ἀρνησαίμην
1080 891 1093 903 '
1139 875 1257 953 ἀλλ’
1290 875 1466 927 ἐκεῖνο
1509 873 1747 944 λέξαιμι,

1903 872 2069 925 nimos
2090 872 2334 938 iramque
2354 881 2505 921 suam
2536 861 2908 933 superaverit:
2930 860 3060 916 etin
3082 859 3252 913 altera
3273 857 3382 912 vita
3412 870 3445 910 tt

205 950 271 1026 δτι
298 974 339 1025 οἱ
380 971 619 1040 μέγιστοι
664 968 819 1022 πόνοι
851 967 928 1041 (5)
958 950 1255 1036 στεφάνους
1277 967 1575 1020 τίκτουσιν.
1608 966 1669 1019 El
1698 965 1747 1019 δὲ

1900 974 1976 1019 leo
1998 962 2232 1016 maxima
2260 957 2528 1015 obtinebit
2556 953 2963 1026 praemia.Quod
2987 956 3027 1008 si
3055 950 3442 1020 dixeris,inju-

205 1067 282 1118 καὶ
324 1063 719 1134 παραδείγματι
760 1060 1158 1133 εύπαραὸλήτῳ
1207 1059 1589 1129 καταπραῧναι
1631 1058 1747 1129 βού·

1899 1057 2063 1110 iarum
2093 1054 2434 1109 tolerantiam
2467 1049 2637 1105 multo
2664 1058 2918 1103 constare
2947 1046 3145 1101 sudore
3164 1044 3441 1107 etlabore,

201 1160 267 1212 λει
291 1158 378 1230 τὴν
402 1155 708 1226 φλεγμονὴν
734 1156 833 1227 τῆς
859 1156 1070 1226 ψυχῆς,
1104 1157 1280 1208 ἐκεῖνο
1306 1155 1499 1219 ἐννόει,
1539 1155 1620 1206 ὅτι
1652 1153 1743 1223 τῆς

1902 1164 1963 1203 ec
1992 1149 2108 1218 ipse
2150 1146 2362 1200 inficias
2399 1143 2587 1197 iverim
2620 1157 2634 1195 :
2673 1142 2767 1195 sed
2814 1139 2945 1193 illud
3004 1137 3232 1192 dixerim
3272 1135 3444 1190 maxi-

203 1226 375 1324 μιαρᾶίς
400 1251 609 1321 ἐκείνης
633 1250 707 1319 (6)
735 1226 942 1321 χειρὸς,
968 1247 1029 1301 τὸ
1059 1247 1205 1317 ἱερὸν
1232 1247 1407 1299 ἐκεῖνο
1444 1246 1745 1317 ραπισάσης

1902 1256 1978 1294 nos
2002 1240 2217 1293 labores
2249 1251 2443 1305 parere
2472 1248 2723 1289 coronas.
2756 1231 2811 1286 Si
2844 1246 2972 1285 vero
2999 1231 3167 1283 etiam
3190 1226 3444 1297 exemplo

203 1319 492 1414 πρόσωπον,
550 1319 875 1411 φιλοσοφίας
946 1339 1235 1413 κρείττονα
1289 1339 1384 1393 καὶ
1448 1337 1745 1409 ὑψηλότερα

1904 1333 2095 1385 uodam
2130 1328 2275 1383 facili
2305 1329 2371 1381 ad
2398 1325 2823 1395 comparandum
2857 1322 3029 1381 lenire
3052 1322 3137 1375 vis
3164 1319 3331 1374 animi
3368 1329 3446 1372 tu-

202 1432 468 1502 ἐφθέγξατο
508 1435 749 1503 ῥήματα·
802 1452 820 1482 ι
863 1430 927 1484 Εἰ
961 1432 1059 1502 μὲν
1094 1431 1281 1493 κακῶς
1319 1430 1587 1500 ἐλάλησα,
1624 1446 1744 1500 μαρ

1903 1440 2072 1478 iorem
2107 1433 2269 1492 atque
2307 1429 2521 1486 :estum,
2578 1418 2706 1473 illud
2740 1416 2940 1487 cogita,
2982 1415 3125 1485 quod
3163 1428 3284 1468 cum
3323 1427 3445 1466 sce-

198 1527 403 1596 τύρησον
453 1524 582 1595 περὶ
618 1525 714 1577 τοῦ
754 1522 929 1579 κακοῦ
953 1540 967 1553 ·
1002 1524 1051 1576 εί
1084 1523 1139 1576 δὲ
1195 1522 1407 1587 καλῶς,
1458 1522 1511 1575 τί
1565 1538 1632 1592 με
1667 1520 1740 1573 δέ·

1902 1524 2027 1570 :rata
2062 1529 2126 1569 ac
2152 1513 2361 1568 nefaria
2412 1512 2502 1566 ilia
2539 1524 2731 1564 manus
2783 1523 2999 1563 sacrum
3050 1506 3199 1561 illum
3235 1503 3444 1560 Christi

201 1636 329 1688 ρεις;
366 1638 383 1669 ι
425 1618 535 1671 Καὶ
556 1617 731 1691 ταύτῃ
758 1620 824 1689 τῇ
852 1618 1035 1690 ἐπῳδῇ
1058 1618 1136 1689 (7)
1167 1617 1243 1689 μὴ
1270 1615 1508 1670 παύσαιο
1538 1616 1613 1685 (8)
1655 1612 1743 1684 τὴι

1905 1609 2073 1663 ultum
2109 1607 2265 1677 alapa
2302 1604 2690 1676 percussisset,
2724 1600 2838 1669 ipse
2872 1599 3034 1654 verba
3063 1598 3288 1669 protulit
3316 1612 3447 1667 prm-

196 1708 347 1779 ψυχὴν
376 1707 619 1777 ἰώμενος.
704 1689 712 1691 ἡ
1026 1689 1032 1690 ί

1905 1698 2128 1753 .antiora
2168 1695 2594 1764 sublimioraque
2625 1706 2786 1762 quam
2816 1692 3104 1761 quisquam
3137 1689 3447 1745 meditando

199 1803 384 1870 assequi
417 1802 653 1871 possitu
677 1803 732 1857 Si
749 1800 967 1873 quidem
985 1799 1123 1854 male
1157 1815 1276 1854 sum
1312 1799 1546 1865 locutus,
1583 1799 1877 1855 testiﬁcare
1939 1794 2005 1848 de
2037 1790 2199 1845 malo.
2261 1789 2358 1845 Sin
2386 1796 2567 1844 autem
2608 1789 2765 1854 bene,
2806 1802 2975 1858 quare
3005 1801 3089 1841 me
3120 1782 3392 1856 percutis?
3423 1802 3442 1834 ι

196 1892 344 1961 Atque
374 1894 472 1948 hoc
503 1894 749 1948 carmine
782 1892 1097 1959 supradicto
1132 1906 1198 1946 ne
1223 1906 1407 1947 cesses
1431 1893 1624 1946 anima:
1652 1887 1979 1947 medicinam
2009 1883 2209 1938 facere.

712 2003 867 2071 Ptz'.
904 2034 974 2046 —
1012 2005 1199 2077 ΗΛΙᾼ.
1780 1989 1828 2049 Β

1780 1989 1828 2049 Β
2322 1994 2576 2052 CXCVII.
2612 2025 2684 2038 —
2726 1993 2982 2049 HELIAE.

646 2120 785 2187 Περὶ
824 2119 1261 2175 Καππαδοκῶν.

2394 2110 2471 2165 De
2495 2108 2918 2180 Cappadocibus.

262 2231 339 2285 Ἐν
375 2230 451 2303 τῷ
488 2233 683 2305 κομιδῇ
739 2234 814 2305 (9)
854 2233 952 2306 τὴν
986 2235 1262 2306 ὑμετέραν
1304 2236 1571 2309 ἐλαφρίαν
1619 2239 1751 2292 θαυ-

1934 2228 2301 2283 Vehementer
2324 2224 2573 2295 equidem
2608 2232 2843 2278 vestram
2881 2222 3155 2278 levitatem
3181 2222 3446 2287 admiror,

195 2324 347 2395 μάζω,
380 2326 459 2379 ὅτι
500 2326 675 2397 βραχὺ
710 2326 928 2398 πνεῦμα
961 2328 1058 2382 καὶ
1093 2328 1359 2401 ὀλίγωρον
1389 2330 1483 2383 τοῦ
1519 2315 1737 2384 Καππαη

1905 2323 2005 2375 uod
2030 2320 2209 2375 brevis
2237 2329 2291 2372 et
2328 2319 2393 2373 ad
2422 2318 2681 2386 exiguum
2713 2327 2929 2387 tempus
2962 2316 3258 2372 duraturus
3287 2316 3447 2370 ﬂatus

193 2415 328 2468 δόκου
372 2416 505 2487 (10),
551 2416 727 2481 οὓτως
764 2418 1012 2481 ἅπαντας
1062 2419 1207 2489 ὑμᾶς
1233 2418 1309 2483 ὡς
1346 2420 1600 2492 καλάμην
1639 2420 1735 2473 ἐδό-

1903 2411 2196 2483 appadocis
2238 2410 2402 2475 illius,
2453 2411 2592 2463 adeo
2640 2424 2735 2463 vos
2776 2424 2967 2463 omnes
3022 2409 3196 2463 instar
3247 2409 3445 2463 calami

194 2523 331 2575 νησε,
362 2510 453 2561 καὶ
479 2512 603 2572 ταῖς
646 2510 902 2564 ἀσεϐέσιν
934 2510 1101 2565 αὑτοῦ
1141 2515 1515 2575 κατασκευαῖς
1544 2512 1736 2583 ὑπουρ-

1904 2502 2160 2565 uassavit,
2207 2501 2461 2570 quodque
2518 2494 2711 2569 impiis’
2769 2500 3011 2554 hominis
3074 2500 3446 2554 molitionibus

194 2596 338 2660 γείτε,
367 2594 471 2648 δέει
510 2596 607 2649 τοῦ
643 2596 718 2669 μὴ
747 2597 815 2651 τὰ
836 2599 999 2667 ὃμοια
1031 2601 1147 2662 τοῖς
1188 2599 1289 2670 ήδη
1315 2599 1612 2653 πεπονθόσι
1646 2617 1736 2653 πα-

1906 2610 1961 2648 os
2017 2593 2303 2647 ministros
2354 2592 2665 2661 pra’beatis,
2694 2592 2818 2646 dum
2864 2592 3130 2657 metuitis,
3155 2606 3223 2646 ne
3265 2592 3448 2646 cousi-

196 2685 311 2742 θεῖν.
366 2689 429 2741 Εἰ
459 2688 644 2743 τοίνυν
691 2690 1091 2761 συναπολήγειν
1126 2690 1277 2762 αύτῷ
1309 2693 1402 2745 καὶ
1459 2693 1738 2763 συμμεταί-

1904 2684 2010 2739 tilia
2042 2700 2230 2739 eorum
2258 2700 2378 2753 qua)
2402 2684 2552 2753 prius
2584 2685 2825 2754 perpessi
2857 2683 3055 2747 fuiStis,
3084 2685 3135 2738 in
3170 2694 3445 2753 posterum

198 2794 294 2846 ρειν
359 2779 655 2851 παυομένῳ
709 2780 1062 2852 βεϐούλησθε,
1114 2782 1341 2845 εἰκότως
1385 2782 1482 2853 τὴν
1525 2781 1740 2853 πατρίδα

1905 2791 2079 2846 uoque
2129 2776 2535 2846 perpetiamini.
2600 2774 2658 2829 Si
2726 2775 2889 2845 igitur
2950 2789 3055 2829 una
3120 2790 3245 2829 cum
3308 2775 3447 2844 ipso,

194 2863 438 2934 ληῖζεσθε.
485 2867 552 2921 Et
594 2868 651 2921 δὲ
686 2871 714 2922 ὀ
752 2869 852 2938 μὲν
898 2865 1169 2924 παύσεται
1215 2872 1312 2923 καὶ
1358 2870 1723 2923 ἀπελεύσεται

1905 2871 2086 2923 nando
2110 2869 2220 2939 jam
2243 2867 2416 2924 abibit
2434 2868 2776 2937 magistratu,
2796 2866 3078 2921 discedere
3097 2867 3445 2932 decrevistis,

197 2957 332 3023 ὑμεῖς
353 2959 407 3011 δὲ
436 2962 651 3031 μενεῖτε
675 2961 760 3031 ἐφ’
786 2956 854 3033 ἦς
882 2962 1187 3031 πεφύκατε,
1216 2961 1328 3017 τῶν
1350 2962 1611 3018 ἐναντίων
1644 2962 1739 3034 (Η)

1907 2961 2217 3017 robabililer
2238 2975 2373 3016 sane
2396 2960 2629 3030 patriam
2646 2959 2989 3030 praedamini.
3017 2959 3113 3013 Sin
3137 2969 3315 3013 autem
3336 2958 3449 3027 ipse

195 3046 495 3119 ἀπόσχεσθε,
527 3049 639 3103 τῶν
667 3050 712 3103 δ’
744 3050 962 3105 οίκείων
992 3050 1309 3122 ἀντέχεσθε.

1910 3053 2078 3107 iidem
2109 3052 2279 3107 abibit
2300 3067 2366 3107 ac
2389 3052 2653 3116 discedet,
2699 3066 2790 3106 vos
2820 3058 3001 3105 autem
3034 3051 3087 3105 in
3133 3065 3197 3106 ea
3225 3052 3452 3121 regione

194 3136 238 3190 in
277 3155 372 3209 qua
403 3144 514 3195 nati
546 3142 701 3208 estis,
731 3143 1043 3211 manebitis,
1080 3145 1148 3199 ab
1176 3144 1509 3200 adversariis
1535 3144 1754 3213 quidem
1795 3144 2086 3210 abstinete,
2122 3144 2357 3215 propriis
2423 3158 2556 3199 vero
2618 3150 2783 3212 atque
2833 3143 3148 3199 domesticis
3188 3142 3441 3199 defenso-

194 3243 268 3284 res
293 3245 381 3285 vos
413 3233 671 3301 praebete.

413 3341 584 3410 PtJI’.
619 3372 689 3382 —
718 3345 1000 3416 ΔΟΜΙΤΙῼ
1029 3346 1334 3418 ΔΙΑΚΟΝῼ
1368 3346 1504 3422 (ιε).
1787 3333 1833 3396 C

1787 3333 1833 3396 C
2146 3345 2422 3402 CXCVIII.
2451 3378 2521 3388 —
2545 3345 2824 3402 DOMITIO
2858 3343 3176 3402 DIACONO.

264 3471 538 3545 Ἐνέτυχόν
578 3491 711 3528 ποτε
771 3476 986 3547 ἱστορίᾳ
1032 3477 1313 3549 Περσικῇ,
1363 3475 1592 3532 τοιαῦτά
1633 3495 1754 3531 τινα

1932 3478 2100 3534 Incidi
2130 3479 2422 3550 anquando
2447 3478 2499 3533 in
2520 3477 2812 3534 historiam
2831 3476 3134 3545 Persicam,
3154 3478 3281 3534 talia
3305 3494 3453 3548 quaa-

195 3564 521 3640 περιεχούσῃ,
583 3567 664 3619 ὅτι
715 3568 764 3620 οἱ
827 3567 1019 3631 παῖδες
1069 3569 1376 3638 ἐμάνθανον
1430 3569 1529 3639 μὲν
1589 3569 1737 3642 μηδέι

1913 3587 1989 3625 ιω
2032 3571 2483 3640 complectentem
2543 3589 2557 3625 :
2595 3570 2740 3639 quod
2774 3571 2926 3641 pueri
2984 3571 3202 3640 quidem
3251 3571 3455 3627 didice-

194 3655 364 3726 ψευδὲς
404 3659 519 3730 (I5)
565 3660 706 3731 μήτε
751 3660 964 3727 λέγειν,
1023 3662 1163 3732 μήτε
1212 3661 1467 3715 ἀκούειν·
1508 3664 1644 3733 μήτε
1694 3660 1736 3714 τί

1919 3674 1999 3729 nt,
2030 3664 2236 3718 nullum
2261 3663 2603 3718 mendacium
2628 3677 2803 3732 neque
2822 3663 3002 3717 dicere
3030 3678 3205 3733 neque
3226 3664 3453 3728 audire;

195 3748 450 3819 συμφέρον
474 3749 687 3803 δίκαιον
710 3792 726 3815 ,
759 3748 897 3803 ἀλλὰ
932 3748 995 3801 τὸ
1026 3748 1234 3803 δίκαιον
1263 3748 1515 3820 ἡγεῖσθαι
1548 3746 1737 3817 συμφέ·

1910 3770 2042 3826 eque
2068 3756 2120 3810 id
2145 3753 2351 3823 justum
2374 3754 2519 3823 quod
2549 3754 2701 3817 utile,
2725 3754 2819 3808 sed
2856 3755 2906 3808 id
2933 3753 3061 3807 utile
3088 3754 3229 3823 quod
3247 3753 3452 3820 justum

196 3854 305 3908 ρον
335 3842 423 3894 καὶ
453 3839 551 3894 τοῦ
579 3839 779 3894 διδόναι
808 3841 869 3893 τὸ
896 3840 1197 3910 λαμϐάνειν
1223 3833 1364 3893 εἶναι
1386 3839 1738 3892 λυσιτελέστε·

1912 3858 2035 3913 sset,
2064 3847 2395 3911 existimare;
2424 3864 2438 3900 :
2493 3854 2548 3901 et
2578 3848 2712 3901 dare
2746 3833 2913 3916 quam
2963 3849 3232 3915 accipere,
3266 3846 3454 3901 utilius

197 3947 275 4002 ρον
301 3934 428 4004 (14).
468 3935 603 3988 Ὅτε
637 3934 681 3988 δ’
712 3933 949 4005 ἤμελλον
978 3935 1059 3997 είς
1089 3933 1291 4005 ἄνδρας
1320 3932 1560 3985 τελέσειν
1580 3971 1596 3997 ,
1636 3931 1739 4004 ὧμ·

1910 3938 2163 3996 sse.Cum
2191 3947 2368 3993 autem
2387 3938 2500 4007 jam
2530 3939 2583 3991 in
2608 3939 2850 3993 virorum
2881 3938 3110 3993 classem
3140 3938 3452 3993 ascribemli

197 4028 505 4099 νυονὸρκον,
544 4028 703 4097 ὀλίγα
754 4028 853 4099 μὲν
884 4028 1082 4100 κομιδῇ
1122 4027 1446 4098 περιέχοντα
1490 4026 1624 4099 (15),
1657 4044 1739 4098 με·

1911 4039 2069 4098 ssent,
2095 4028 2480 4101 jusjurandum
2532 4028 2754 4095 dabant,
2805 4030 3003 4100 oppido
3029 4031 3243 4099 quidem
3279 4046 3453 4102 pauca

195 4116 366 4186 γίστην
409 4121 466 4174 δὲ
509 4119 745 4191 δύναμιν
796 4120 1123 4191 περιέχοντα
1167 4120 1420 4191 ῥήματα,
1466 4120 1560 4172 καὶ
1618 4119 1737 4190 ὑπὲξ

1911 4125 2057 4190 erba,
2086 4122 2182 4177 sed
2206 4122 2315 4176 vim
2340 4136 2404 4176 ac
2420 4130 2750 4190 potestatem
2774 4112 3067 4177 maximam
3092 4123 3453 4191 complexum,

195 4210 355 4274 πάσας
396 4212 495 4277 τὰς
541 4212 654 4267 τῶν
710 4212 984 4283 Ἑλλήνων
1030 4211 1371 4283 φιλοσοφίας.
1407 4212 1611 4281 Ὤμνυε
1646 4213 1737 4281 γάι

1914 4229 2192 4285 mnemque
2217 4213 2532 4270 Grzecorum
2565 4213 2961 4285 philosophiam
2986 4229 3269 4286 superans.
3291 4214 3456 4270 Jura-

195 4299 420 4371 ἕκαστος,
454 4305 532 4370 ὡς
565 4303 677 4374 ἐγὼ
713 4305 1114 4377 καταφρονήσω
1153 4304 1257 4377 μὲν
1304 4304 1505 4369 παντὸς
1540 4303 1737 4376 κέρδουη

1912 4314 1968 4361 at
2005 4306 2151 4361 enim
2201 4303 2577 4375 unusquisque
2601 4304 2658 4361 in
2698 4306 2816 4362 haec
2872 4307 3037 4363 verba
3087 4323 3103 4362 :
3154 4306 3268 4379 Ego
3322 4323 3454 4364 con-

1261 4480 1500 4539 VARI‘E
1536 4480 1923 4538 LECTIONES
1957 4477 2048 4536 ET
2081 4480 2315 4538 NOTAE.

253 4639 323 4706 (5)
351 4639 488 4716 Ante
525 4639 828 4716 στεφάνους
858 4638 1012 4716 Idem
1044 4640 1195 4716 addit
1221 4640 1370 4716 τοὺς,
1393 4649 1448 4696 et
1469 4654 1616 4695 vers.
1644 4655 1759 4711 seq.

1903 4639 2022 4716 io_ne
2050 4635 2274 4716 Persica
2293 4637 2455 4716 facile
2483 4638 2847 4716 credit;_i_llud
2872 4650 3060 4716 au_tem
3088 4641 3262 4716 eidem
3277 4645 3445 4716 ,παρά

196 4706 579 4783 εὐπαραϐλήτῳ
603 4706 774 4783 mutat
800 4712 866 4783 in
895 4710 1292 4783 ἀπαραόλήτῳ,
1326 4710 1541 4767 Possm.
1720 4706 1739 4711 ”
1795 4712 1841 4768 D
1869 4708 2047 4776 δοξον,
2097 4708 2157 4763 τὸ
2194 4709 2395 4783 διδόναι
2425 4710 2517 4764 τοῦ
2559 4710 2865 4783 λαμϐάνειν
2902 4708 3040 4766 εἶναι
3090 4706 3460 4768 λυσιτελέστε-

196 4845 207 4857 σ
258 4778 335 4847 (6)
365 4778 730 4857 Ριυσέκείνης
760 4782 902 4857 idem
948 4778 1077 4857 legit
1119 4778 1329 4857 ἐκεῖνος
1351 4793 1415 4857 _et
1455 4795 1738 4857 v_ers._seq

1914 4797 1992 4847 ον,
2019 4778 2289 4857 quomodo
2314 4782 2602 4857 hiecontra
2627 4778 2727 4857 ius.
2750 4782 3031 4857 lectionem
3057 4786 3456 4857 restituendum

195 4849 321 4969 inter
366 4849 769 4906 ποόσωπον”οι
824 4849 1143 4923 φιλοσοφίας
1199 4852 1391 4908 inserit
1438 4851 1507 4905 τά
1559 4849 1737 4924 πάσης

216 4932 259 4971 ι).

1917 4864 1995 4905 sse
2029 4849 2136 4904 aio.
2169 4849 2613 4906 Concordatcum
2634 4852 2739 4907 hac
2759 4854 3022 4907 sententia
3056 4852 3269 4908 Persica
3293 4855 3459 4911 etiam

1923 4919 2079 4974 hristi
2111 4919 2236 4974 Jesn
2269 4922 2689 4974 anonhtherzma.
2724 4924 2866 4974 anod
2897 4922 3055 4974 nobis
3084 4938 3149 4974 ex
3182 4934 3459 4974 contesta-

216 4932 329 5062 ”’‹τ)
366 4995 556 5074 Tum
715 4990 940 5074 έίτερδῆτ
974 4991 1247 5074 suntiam.
1271 4991 1488 5074 ξπφδὴν
1540 4993 1678 5066 πρὸς
1706 4993 1758 5047 τε

1923 4921 2079 4974 hristi
2111 4921 2236 4975 Jesn
2269 4922 2689 5045 apophthegma,
2724 4924 2866 4992 quod
2897 4922 3055 4980 nobis
3084 4938 3149 4980 ex
3182 4934 3459 4980 contesta-

1917 5005 2031 5046 ione
2059 4989 2213 5074 Bauli
2244 5007 2273 5044 a
2345 4992 2740 5074 presbyterium
2776 4992 3110 5074 Ep_h_esin_n_m
3144 4995 3282 5074 facta
3324 5011 3459 5074 con-

195 5060 597 5136 καταπραΰνειν
626 5060 726 5136 τᾲς
752 5060 941 5135 ὕϐρεις
968 5062 1191 5118 tradidit
1229 5060 1423 5119 Isidor.
1446 5060 1643 5121 noster
1678 5078 1737 5120 su

1916 5062 2119 5136 e_r_vavit
2145 5060 2366 5136 [:u‘casg
2385 5060 2632 5136 Actfgtx,
2655 5078 2797 5136 vers_.
2824 5060 2912 5118 ’55
2941 5081 2954 5117 :
3002 5064 3292 5136 Μακάριόν
3344 5066 3458 5120 ἐστι

196 5130 465 5205 pra‘ep'ist.
503 5134 629 5188 I79.
657 5130 840 5205 Il_t'r'r.'
1119 5202 1131 5205 _
1306 5164 1311 5167 '

1873 5130 2075 5205 διδόναι
2096 5131 2310 5205 μᾶλλον
2338 5132 2723 5205 ἤίλαμϐάνειν.
2759 5134 2925 5205 Rt'r'r.

258 5202 328 5276 (ἐξ)
352 5205 650 5276 ῌέκύσαιο.
686 5203 840 5276 Fort.
865 5202 1281 5276 καταπαύσαιο.
1317 5205 1394 5260 In.
1884 5271 1902 5276 _
1924 5202 2061 5276 _(I_5_)
2096 5202 2301 5272 Ὀλίγα
2324 5202 2445 5276 μὲν
2481 5202 2701 5272 κομιδῇ
2723 5274 2730 5276 Α
2754 5204 3133 5276 περιέχοντα,
3162 5207 3463 5276 μεγίστην

260 5270 465 5345 (9)7?!
494 5272 576 5339 τῷ
601 5273 837 5344 κομιδῇ.
864 5274 925 5330 F.
958 5273 1068 5343 ἐγὼ
1091 5292 1219 5345 κομ.
1242 5277 1321 5331 In.

1920 5270 2244 5345 ἐδύναμινί
2279 5270 2633 5345 περιέχοντα
2670 5270 2745 5328 τὰ
2773 5270 3033 5345 piutita.
3083 5270 3381 5345 Lego'haec
3405 5270 3462 5332 et

258 5342 364 5417 (Ill)
403 5341 495 5399 Sic
526 5347 590 5399 de
616 5341 1052 5417 impio'aposta'ta
1100 5341 1312 5401 Ju'liano
1353 5346 1570 5402 dicebat
1600 5344 1765 5414 Greg.

1920 5343 2155 5417 ξειιὶηδιιοΔ
2180 5344 2271 5417 ita,
2313 5343 2471 5412 ὀλίγα
2511 5345 2610 5417 μὲν
2652 5341 2951 5417 κομιδῆτά
2991 5341 3234 5416 ρήματά*
3304 5348 3462 5417 μεγί-

199 5406 509 5503 Ξιιοοῐοευε,
555 5431 577 5465 ι
626 5406 946 5470 ιιιὶῠεουῐοιη
989 5429 1111 5470 esse
1155 5418 1267 5471 cito
1312 5406 1741 5473 transituram."

1919 5430 2014 5503 την
2134 5406 2849 5503 δύναμιν-περξέχονταξκοίῖ
2879 5406 3267 5503 ύπέρ,’ὲιο.8ἰε
3292 5406 3461 5484 exigit

198 5475 355 5557 locu“
387 5475 414 5485 ⁷
450 5475 504 5557 μ’
559 5554 570 5557 _
746 5556 753 5557 ί
902 5556 933 5557 νγ
1064 5555 1074 5557 _
1256 5556 1261 5557 γ
1691 5554 1707 5557 _
1874 5475 2143 5557 sententia
2181 5475 2439 5538 auctoris.
2474 5475 2641 5557 'Atuiu
2686 5475 2785 5540 Ius.
2834 5486 2903 5539 τὰ
2942 5475 3169 5557 ῥήματα
3212 5504 3314 5540 non
3360 5475 3460 5539 sim

255 5552 363 5627 (II)
398 5554 521 5627 ζῶν
546 5554 862 5627 ἐναντίων.
896 5556 1027 5610 Fort
1063 5555 1115 5609 in
1149 5556 1326 5611 medio
1352 5558 1500 5613 deest
1532 5557 1653 5626 μέν.
1691 5554 1768 5611 In.

1919 5568 1992 5607 ico
2017 5552 2188 5621 posita
2211 5565 2357 5617 sunt,
2392 5569 2449 5608 et
2481 5555 2807 5625 περιέχοντα
2834 5558 2915 5610 bis
2942 5552 3203 5627 scriptum
3238 5567 3324 5611 est
3345 5572 3461 5625 per-

396 5622 527 5697 βοά.
557 5625 691 5697 Vat.
710 5625 839 5697 650,
866 5627 1112 5697 Δομετίῳ
1156 5627 1384 5697 κόμητι.
1410 5620 1623 5683 Possm.

1872 5620 2081 5697 peram,
2116 5638 2239 5697 cum
2275 5634 2481 5697 tantum
2529 5620 2694 5697 semiil
2736 5629 2805 5680 sit
2843 5620 3236 5681 necessarium.
3269 5620 3346 5681 In.

257 5691 368 5769 μᾷ)
398 5693 539 5769 Idem
571 5695 763 5769 ψευδὲς
793 5691 969 5769 mutat
998 5699 1049 5750 in
1078 5691 1379 5769 ᾦεῦδὸςξιιξ

1917 5724 1940 5733 -
1970 5691 2105 5769 C_m|.
2138 5692 2261 5747 Vat.
2308 5695 2448 5749 inter
2482 5694 2807 5769 περιέχοντα
2856 5709 2910 5750 et
2944 5698 3210 5769 μεγίστην
3257 5697 3459 5769 inserit

262 5762 366 5831 (η)
403 5764 513 5819 Τοῦ
546 5762 798 5839 ,διδόναι
840 5766 907 5820 τὸ
938 5762 1278 5839 λαμϐάνειν
1320 5766 1475 5823 εἶναι
1518 5772 1765 5823 λυσιτε-
1871 5763 2143 5839 ῥημάτια,
2195 5774 2250 5820 et
2289 5780 2413 5822 mox
2460 5762 2782 5837 περιέχοντα
2835 5762 3083 5825 decurtat
3132 5762 3185 5824 ni
3242 5768 3457 5839 ἔχοντα.

201 5828 494 5903 λέστερον.
528 5838 701 5907 Atque
742 5839 843 5895 hoc
874 5828 1045 5895 etiam
1074 5837 1266 5909 vulgus
1305 5841 1512 5911 absque
1543 5841 1762 5897 institu-
1870 5828 2077 5892 Possm.
