3906 6416
476 324 611 401 I237

1668 324 1738 391 ‘s.
1775 323 2071 391 ISIDORI
2108 316 2550 392 PELUSIOT/E

3600 328 3719 404 l288

478 465 716 509 tenmam
747 451 967 523 quidem
992 457 1157 506 omne
1179 440 1385 507 malum
1419 446 1628 502 lucrum
1656 463 1672 512 ;
1714 455 2058 501 contemnam

2186 443 2402 516 πονηροῦ
2424 460 2436 472 ·
2469 444 2870 515 καταφρονήσω
2894 438 3009 516 (16)
3038 441 3231 515 ἡδονῆς
3261 445 3510 515 σώματος
3529 464 3543 479 ο
3572 467 3722 504 κατα-

475 546 807 616 voluptatem
836 544 1084 615 corporis
1106 561 1122 610 ;
1143 553 1485 597 contemnam
1535 542 1749 595 inanem
1779 538 2009 610 gloriam
2042 552 2057 603 ;

475 637 773 692 :emulabor
826 646 1010 690 autem
1058 644 1341 701 Virtutem,
1382 642 1437 690 et
1466 632 1642 689 colam
1685 633 1927 687 divinum
1961 646 2063 685 uu-

478 743 623 793 men,
651 736 708 783 et
743 737 1000 797 parentes
1031 767 1047 793 ,
1078 742 1207 782 vera
1232 726 1442 791 dicens,
1475 735 1531 781 et
1571 727 1711 781 bona
1735 738 1931 795 agens;
1966 738 2063 778 ne-

476 834 584 889 que
619 819 817 874 horum
843 819 1143 889 quidquam
1191 817 1403 873 violabo
1451 818 1633 873 sciens
1658 825 1713 872 et
1760 815 1970 872 volens.
2004 814 2061 869 Si

478 911 644 981 igitur
668 910 882 966 divinas
914 905 1175 977 Litteras,
1208 910 1353 979 quod
1384 925 1576 967 earum
1613 908 1883 978 fulgorem
1911 907 2065 963 velut

477 1003 513 1056 ii
546 1002 638 1071 qui
678 1000 1000 1070 lippitudine
1033 998 1318 1054 oculorum
1364 998 1640 1063 laborant,
1696 996 1887 1060 solem,
1921 994 2064 1048 ferre

478 1106 737 1161 nequeas.
768 1106 868 1147 nec
892 1092 1009 1162 ipse
1041 1092 1197 1160 legis,
1223 1104 1324 1145 nec
1365 1089 1469 1160 legi
1494 1105 1526 1144 a
1557 1088 1683 1143 ﬁliis
1707 1087 1813 1142 tuis
1837 1086 2066 1157 permit-

477 1178 593 1232 tis:
624 1187 680 1233 at
723 1178 843 1232 haec
875 1179 1069 1233 saltem
1124 1177 1462 1242 meminisse,
1498 1186 1556 1232 et
1600 1177 1717 1247 ipse
1755 1185 1809 1232 te
1849 1186 1908 1230 et
1940 1183 2065 1228 tuos

477 1272 677 1325 liberos
712 1269 1065 1326 assuefacito.
1117 1270 1296 1326 Credo
1326 1270 1472 1324 enim
1510 1267 1634 1324 fore
1702 1276 1762 1323 ut
1808 1267 1875 1323 ab
1914 1266 2065 1320 hisce

478 1363 712 1431 permoti
761 1363 816 1418 in
852 1363 1069 1419 divinos
1126 1377 1341 1432 quoque
1383 1375 1669 1417 sermones
1720 1358 1938 1414 tandem
1974 1358 2059 1411 in-

476 1455 691 1510 cidatis.

688 1565 852 1636 527
898 1565 1131 1621 CXCIX.
1176 1595 1245 1607 —
1279 1565 1434 1621 Caret
1481 1565 1849 1633 inscriptione.

550 1678 604 1731 ltt
639 1681 738 1731 hac
767 1678 982 1747 quidem
1008 1680 1140 1744 vita,
1174 1679 1380 1748 optime
1417 1678 1521 1743 vir,
1568 1678 1682 1732 ﬁeri
1731 1691 1838 1731 non
1887 1678 2066 1745 potest

477 1782 541 1824 ut
568 1781 902 1824 concurrant
945 1780 1197 1839 utraque,
1252 1770 1616 1835 vehementia,
1675 1768 1817 1833 dico,
1861 1767 2066 1837 suppli-

480 1862 688 1914 ciorum
726 1868 782 1915 et
807 1860 1039 1914 duratio.
1086 1859 1330 1914 Alterum
1376 1860 1522 1914 enim
1564 1859 1723 1913 alteri
1779 1868 2062 1930 repugnat,

476 1953 625 2023 quod
657 1962 847 2007 natura
875 1954 1139 2021 corporis,
1169 1967 1289 2021 qua:
1317 1962 1401 2007 est
1436 1952 1768 2020 corruptioni
1799 1952 2060 2017 obnoxia,

477 2058 806 2099 concursum
848 2043 1064 2097 illorum
1107 2059 1212 2096 nou
1240 2042 1400 2097 ferat.
1430 2043 1484 2095 In
1523 2042 1691 2096 altera
1721 2052 1901 2097 autem
1925 2044 2059 2107 vita,

484 2139 573 2191 ubi
604 2151 799 2206 expers
829 2136 1197 2207 corruptionis
1243 2136 1484 2190 conditio
1524 2134 1827 2189 introducta
1880 2135 2066 2202 fuerit,

480 2236 540 2281 et
572 2227 980 2297 corruptionem
1013 2226 1306 2297 expulerit,
1339 2234 1470 2280 tunc
1501 2226 1663 2280 etiam
1690 2225 1848 2294 hujus
1877 2242 2071 2296 pugna:

483 2318 607 2373 linis
630 2320 757 2382 erit,
809 2326 870 2371 ut
890 2317 1232 2373 vehementia
1258 2317 1601 2373 cruciatuum
1630 2331 1808 2386 neque
1836 2317 2073 2386 expellat

485 2410 719 2464 animam
762 2425 830 2465 ex
884 2424 1136 2480 ccipere,
1166 2424 1370 2481 ,neque
1401 2424 1600 2479 corpus
1628 2409 1681 2463 in
1724 2408 1952 2464 nihilum
1987 2424 2070 2464 re-

485 2501 650 2571 digat.

764 2609 873 2664 CC.
900 2639 968 2649 —
986 2606 1283 2665 OPIIELIO
1314 2607 1790 2665 GRAMMATICO.

484 2704 667 2766 Quare
708 2699 880 2755 Moses
917 2715 1149 2754 reversos
1178 2714 1243 2752 ea:
1273 2698 1407 2754 bello
1433 2700 1676 2770 relegarit
1699 2708 1850 2755 extra
1877 2710 2071 2765 castra,

1020 2778 1077 2822 ut
1094 2780 1449 2839 purgarentur
1468 2770 1536 2825 ³⁸.

558 2953 617 3007 Si
656 2953 831 3008 caedes
856 2952 960 3008 illae
1007 2952 1228 3024 quidem
1275 2968 1396 3023 qua:
1424 2952 1585 3009 aliter
1640 2955 2075 3019 committuntur,

492 3059 600 3099 non
648 3052 776 3098 sunt
827 3059 979 3113 purae
1037 3054 1202 3115 atque
1247 3044 1653 3112 innocentes,a
1702 3044 1858 3101 bellis
1896 3055 2076 3101 autem

2165 535 2420 606 φρονήσω
2440 534 2600 604 δόξης
2625 534 2791 605 κενῆς
2810 551 2822 562 ·
2850 534 3081 606 ζηλώσω
3095 535 3153 588 δὲ
3166 536 3394 608 ἀρετὴν,
3419 537 3513 591 καὶ
3529 542 3725 610 τιμήσω

2162 626 2225 680 τὸ
2256 626 2431 691 θεῖον,
2466 628 2561 680 καὶ
2606 629 2787 696 γονεῖς
2814 643 2827 656 ·
2875 628 3051 699 ἀληθῆ
3101 628 3307 697 λέγων,
3345 629 3524 698 ἀγαθὰ
3565 636 3724 701 πράσ-

2165 735 2274 772 σων
2300 735 2314 748 °
2355 718 2480 772 οὐδέ
2510 735 2563 772 τι
2600 719 2806 773 τούτων
2830 719 3214 791 ὑπερϐήσομαι
3241 719 3401 784 εἰδὼς
3447 721 3551 774 οὐδ’
3582 724 3722 779 ἑκών.

2165 811 2229 864 Εἰ
2274 811 2454 865 τοίνυν
2497 811 2558 865 τὸ
2601 811 2761 874 σέλας
2807 811 2883 883 μὴ
2929 811 3111 882 φέρων
3150 812 3261 866 τῶν
3289 812 3455 866 θείων
3488 813 3724 884 Γραφῶν,

2164 902 2354 974 ὥσπερ
2380 904 2431 957 οἱ
2457 898 2870 975 ὀφθαλμιῶντες
2905 903 3000 959 τὸν
3033 903 3206 975 ἥλιον,
3236 904 3349 959 οὔτ’
3381 906 3541 969 αὐτὸς
3559 899 3725 976 ἁναγῖ·

2165 992 2432 1061 νὼσκεις,
2485 995 2610 1049 οὔτε
2648 997 2775 1060 τοὺς
2831 996 3032 1051 σαυτοῦ
3068 1000 3202 1061 υἱεῖς
3259 1002 3594 1069 συγχωρεῖς,
3638 1001 3725 1055 κᾶν

2164 1085 2339 1140 ταῦτα
2361 1087 2457 1141 καὶ
2478 1086 2675 1141 σαυτὸν
2698 1087 2944 1151 καὶτοὺς
2974 1088 3173 1141 σαυτοῦ
3202 1090 3400 1152 παῖδας
3428 1089 3608 1158 φέρειν
3629 1092 3724 1160 (I7)

2167 1178 2262 1232 ἐπὶ
2283 1181 2510 1251 μνήμης
2540 1179 2707 1244 ἔθιζε.
2739 1180 2986 1234 Πιστεύω
3017 1180 3149 1251 γὰρ,
3173 1182 3255 1234 ὅτι
3278 1181 3589 1249 κινήσουσιν
3604 1182 3727 1252 ὑμᾶς

2166 1269 2262 1324 καὶ
2288 1273 2401 1335 τοῖς
2428 1270 2597 1335 θείοις
2630 1270 2809 1341 λόγοις
2834 1272 3097 1344 ἐντυχεῖν.

2563 1550 2723 1629 Pw.
2758 1592 2826 1602 —
2855 1560 3353 1616 ΑΝΕηιΓρΑφυΣ.

2250 1662 2518 1730 Ἐνταῦθα
2565 1674 2687 1746 μὲν,
2727 1668 2773 1727 ὧ
2813 1674 3078 1745 βέλτιστε,
3112 1676 3212 1746 οὐχ
3239 1672 3354 1730 οἷόν
3382 1693 3443 1730 τε
3474 1678 3728 1749 ἀμφότερα

2100 1807 2141 1862 Β
2168 1765 2521 1843 συνδραμεῖν,
2558 1768 2895 1839 σφοδρότητα
2935 1768 3081 1837 λέγω
3121 1769 3404 1841 τιμωριῶν
3435 1773 3531 1825 καὶ
3575 1790 3729 1844 παρα-

2171 1864 2360 1937 μονήν.
2390 1863 2631 1934 Θὰτερον
2659 1862 2766 1933 γὰρ
2788 1861 3001 1934 θατέρῳ
3028 1860 3280 1931 πολεμεῖ,
3304 1861 3393 1937 διὰ
3417 1863 3481 1915 τὺ
3514 1863 3729 1933 φθαρτὴν

2164 1955 2335 2011 οὖσαν
2363 1956 2458 2010 τοῦ
2501 1955 2755 2027 σώματος
2785 1955 2885 2025 τὴν
2924 1954 3088 2024 φύσιν
3126 1956 3201 2025 μὴ
3233 1932 3423 2024 φέρειν
3452 1955 3624 2008 αὐτῶν
3646 1956 3728 2025 τὴν

2172 2051 2405 2105 σύνοδον.
2473 2051 2685 2105 Ἐκεῖσε
2724 2049 2779 2102 δὲ
2825 2050 2925 2119 τῆς
2972 2047 3290 2119 ἀφθαρσίας
3328 2046 3729 2118 εἰσϐιασαμένης

2170 2143 2267 2199 καὶ
2312 2142 2412 2213 τὴν
2457 2140 2664 2211 φθορὰν
2700 2139 3203 2212 ὲξοστρακισάσης,
3238 2139 3337 2193 καὶ
3383 2141 3417 2209 ή
3451 2140 3549 2210 τῆς
3580 2141 3729 2211 μάχης

2170 2236 2375 2305 ταύτης
2402 2232 2647 2296 διάλυσις
2692 2231 2887 2301 γένοιτ’
2914 2229 3001 2298 ἂν,
3044 2230 3121 2293 ὡς
3154 2231 3257 2301 τὴν
3302 2232 3609 2302 ὑπερϐολὴν
3641 2233 3730 2284 τῶν

2176 2325 2617 2398 βασανιστηρίων
2662 2325 2801 2395 μήτε
2830 2322 2929 2395 τὴν
2956 2322 3137 2394 ψυχὴν
3178 2322 3433 2388 ἐξελάσαι
3458 2324 3553 2378 τοῦ
3577 2324 3731 2396 σῶμα·

2173 2437 2283 2485 τος,
2319 2419 2456 2490 μήτε
2485 2417 2547 2471 τὸ
2582 2415 2742 2488 σῶμα
2765 2417 2846 2481 εἰς
2867 2416 2927 2468 τὸ
2959 2415 3034 2487 μὴ
3065 2414 3127 2469 δν
3158 2416 3552 2487 παραπέμψαι.

2484 2614 2558 2670 Σ¹.
2592 2642 2664 2652 ——
2698 2604 2941 2682 ΩΦΕΛΙῼ
2973 2609 3456 2682 ΓΡΔΜΜΑΤῘΚῼ.

2184 2707 2352 2772 Τίνος
2399 2705 2577 2774 χάριν
2627 2708 2659 2760 ό
2694 2702 2920 2772 Μωσῆς
2960 2702 3106 2769 τοὺς
3153 2704 3600 2767 ἐπανελθόντας
3631 2698 3730 2774 ἀιρ

2249 2771 2521 2845 πολέῖιόυ
2563 2775 2680 2840 ἔξω
2729 2774 2842 2844 τῆς
2874 2771 3275 2844 παρεμϐολῆς
3322 2771 3731 2843 καθαρθησομέ-

2250 2863 2400 2912 γους
2425 2845 2803 2915 ἀπέπεμψεν.

2252 2956 2317 3009 EI
2343 2956 2453 3010 τῶν
2479 2957 2657 3027 φόνων
2679 2958 2728 3010 οἱ
2763 2958 2864 3028 μὲν
2886 2960 3064 3024 ἄλλως
3085 2959 3199 3031 (I8)
3230 2957 3631 3028 συμϐαίνοντες,
3650 2955 3732 3007 οὐκ

2184 3048 2438 3118 εὐαγεῖς,
2467 3050 2575 3103 τῶν
2607 3050 2666 3106 δὲ
2702 3050 2956 3124 πολέμων
2989 3052 3051 3105 τὸ
3087 3051 3258 3122 μύσος
3283 3052 3481 3105 ἄπεστι
3500 3093 3513 3112 ,
3542 3047 3626 3102 διὰ
3657 3047 3730 3109 ί,

491 3134 673 3191 scelus
701 3134 877 3201 abest,
910 3136 1289 3205 quamobrem,
1326 3135 1527 3206 inquis,
1556 3134 1732 3192 Moses
1757 3150 1852 3192 eos
1888 3136 1979 3206 qui
2008 3151 2070 3192 ex

2186 3141 2336 3212 ἔφης,
2369 3143 2397 3195 ὁ
2422 3141 2630 3212 Μωσῆς
2666 3145 2795 3208 τοὺς
2825 3143 2935 3197 ἀπὸ
2962 3144 3203 3215 πολέμου
3238 3141 3622 3203 ἐπανελθόντας
3646 3139 3735 3203 ἔξω

494 3227 639 3283 bello
666 3229 1088 3284 revertebantur
1111 3236 1264 3283 extra
1290 3238 1471 3283 castra
1524 3228 1837 3299 purgandos
1868 3227 2078 3298 relega-

496 3323 619 3377 vit?
647 3322 752 3377 Aio
799 3322 987 3393 igitur,
1026 3321 1282 3390 quamvis
1332 3321 1589 3391 legitimae
1626 3335 1747 3376 esse
1796 3322 2081 3377 videantur

495 3414 733 3469 hostium
758 3414 811 3469 in
848 3413 1003 3469 bellis
1034 3415 1235 3480 caedes,
1266 3423 1323 3470 et
1345 3415 1612 3470 columna:
1652 3415 1925 3469 victorum
1970 3416 2081 3469 eri-

492 3513 717 3575 guntur,
772 3504 1031 3575 praeclara
1079 3505 1323 3576 ipsorum
1364 3504 1607 3560 facinora
1657 3506 2019 3575 praedicantes
2062 3524 2076 3560 :

498 3609 683 3652 tamen
710 3597 755 3651 si
784 3608 1055 3652 accurata:
1091 3611 1158 3653 ac
1180 3612 1448 3668 suprema:
1474 3598 1813 3668 cognationis
1846 3611 1966 3667 quae
1994 3596 2080 3651 in-

494 3700 580 3744 ter
610 3688 856 3744 homines
906 3697 1009 3753 est,
1078 3688 1218 3743 ratio
1273 3689 1563 3755 habeatur,
1602 3704 1670 3745 ne
1710 3690 1809 3745 bas
1838 3690 2079 3760 .quidem

493 3780 653 3851 plane
692 3781 938 3836 innoxius
966 3795 1126 3848 esse;
1156 3794 1318 3851 quam
1348 3780 1418 3836 ob
1446 3796 1665 3838 causam
1711 3781 1846 3853 ipsis
1873 3796 2080 3853 praece-

494 3874 598 3942 pit,
628 3882 692 3928 ut
729 3873 1143 3944 purgationibus
1179 3881 1235 3927 et
1269 3873 1680 3944 aspersionibus
1707 3881 2006 3930 uterentur.

987 3984 1119 4041 CCI.
1156 4007 1228 4027 ἃ
1254 3984 1563 4044 ΗΕΚΜΙᾹΞ.

1031 4079 1109 4135 De
1142 4080 1545 4137 resurrectione.

568 4191 627 4247 Si
659 4191 880 4262 quidem
937 4192 1053 4249 sola
1090 4183 1279 4249 'anima
1344 4193 1635 4263 praeclaras
1686 4194 1858 4251 edidit
1917 4195 2082 4251 cilicii

2183 3233 2282 3304 τῆς
2334 3234 2690 3306 παρεμϐολῆς
2742 3234 3265 3306 καθαρθησομένους
3316 3234 3559 3304 ἐπεμψες
3608 3232 3732 3301 Φημὶ

2181 3323 2362 3378 τοίνυν
2402 3323 2513 3391 ὅτι,
2564 3326 2613 3378 εί
2665 3326 2761 3379 καὶ
2798 3325 3022 3397 νόμιμοι
3075 3321 3216 3380 εἶναι
3260 3326 3507 3397 δοκοῦσιν
3544 3325 3599 3376 αἱ
3642 3321 3734 3374 τῶν

2182 3412 2441 3470 ἐναντίων
2462 3416 2520 3468 ἐν
2543 3415 2801 3486 πολέμοις
2831 3417 3060 3486 σφαγαὶ,
3092 3417 3189 3471 καὶ
3212 3416 3407 3487 στῆλαι
3433 3396 3540 3469 τιῖῖν
3570 3412 3733 3468 νικών-

2182 3521 2291 3557 των
2319 3504 2626 3577 ἐγείρονται
2653 3507 3025 3579 κηρύττουσαι
3052 3494 3123 3561 ei;
3152 3508 3554 3580 κατορθώματα
3572 3523 3585 3537 ·
3614 3505 3730 3560 and

2183 3611 2245 3665 γε
2276 3598 2373 3667 τῆς
2396 3598 2662 3669 ἀκριϐοῦς
2692 3601 3014 3669 συγγενείας
3044 3600 3444 3672 ἐξεταζομένης
3479 3598 3605 3671 (I9).
3629 3598 3730 3651 οὐδὲ

2182 3680 2341 3741 αὗται
2365 3687 2535 3742 ἀθῶοί
2563 3690 2723 3756 εἰσιν,
2753 3690 2945 3761 διόπερ
2971 3690 3157 3753 αὐτοῖς
3185 3691 3281 3748 καὶ
3329 3691 3631 3763 καθαρσίοις
3653 3684 3734 3742 καὶ

2183 3780 2664 3853 περιρῤαντηρίοις
2693 3781 3006 3855 χρήσασθαι
3036 3783 3323 3849 ἐπέταξεν.

2704 3985 2824 4040 ΣΑν.
2859 4015 2931 4026 -
2968 3984 3251 4056 ΕΡΜΕΙᾼ.

2674 4078 2817 4146 Περὶ
2859 4079 3273 4146 ἀναστάσεως.

2257 4188 2319 4243 El
2353 4188 2454 4260 μὲν
2488 4189 2623 4262 μόνη
2655 4190 3024 4262 κατώρθωσεν
3061 4193 3094 4264 ἡ
3132 4191 3311 4264 ψυχὴ,
3350 4194 3487 4263 μόνη
3515 4192 3598 4246 καῖ
3628 4208 3730 4244 στε-

495 4283 763 4350 sctiones,
804 4282 917 4338 sola
947 4284 1115 4338 etiam
1164 4292 1475 4339 coronetur.
1524 4283 1621 4339 Sin
1671 4294 1854 4341 autem
1890 4300 2070 4354 corpus

2186 4282 2494 4353 φανούσθω.
2518 4284 2583 4337 El
2600 4282 2659 4336 δὲ
2683 4284 2777 4338 καὶ
2804 4285 2867 4338 τὸ
2896 4284 3055 4357 σῶμα
3077 4286 3378 4357 ἐμερίσατο
3401 4288 3524 4349 τοὺς
3543 4286 3728 4349 ἄθλους,

494 4390 714 4446 quoque
764 4385 973 4446 partem
1027 4376 1290 4431 sustinuit
1333 4376 1735 4441 certaminum,
1792 4388 2084 4433 coronetur

2189 4374 2309 4444 μετ’
2353 4373 2519 4427 αὐτοῦ
2578 4374 2676 4428 καὶ
2737 4377 3142 4445 στεφανούσθω.
3204 4376 3428 4431 Δίκαιον
3473 4379 3603 4448 γὰρ,
3649 4374 3731 4428 καὶ

498 4467 666 4522 etiam
695 4468 877 4521 anima
913 4483 1019 4520 una
1072 4483 1193 4522 cum
1235 4468 1352 4537 ipso
1387 4482 1638 4539 corpore.
1693 4468 1805 4523 [Ioc
1829 4470 1973 4524 enim
1991 4470 2070 4539 ju-

2188 4466 2410 4537 εὔλογον
2428 4508 2444 4534 ,
2476 4466 2573 4521 καὶ
2603 4467 2750 4532 εἰκὸς
2770 4507 2785 4531 ,
2818 4469 2915 4524 καὶ
2958 4469 3419 4541 πρεπωδέστατον
3446 4469 3595 4522 τοῦτο
3618 4483 3729 4535 τυγ-

500 4567 646 4613 stum
680 4568 735 4611 et
763 4572 976 4628 mquam
1004 4565 1062 4613 et
1091 4567 1516 4614 consentaneum
1540 4567 1597 4613 et
1630 4558 2083 4615 convenientissi-

499 4664 647 4704 tuum
677 4657 780 4704 εει.

1007 4738 1157 4795 CCII.
1190 4768 1261 4779 -
1294 4738 1568 4795 ALPHIO.

573 4832 960 4890 Divinissimus
982 4831 1162 4887 Patris
1175 4843 1228 4888 et
1245 4832 1414 4889 Filius
1436 4845 1490 4890 et
1506 4832 1723 4898 Sermo,
1742 4833 1828 4889 ille
1840 4834 2082 4890 omnium

566 4992 613 5024 "
639 4990 801 5047 Num.
826 5008 979 5060 xxu,
1008 4992 1099 5050 I9.

2187 4560 2360 4631 χάνει.

2746 4745 2861 4798 ΣΒ¹.
2895 4774 2970 4785 -
3000 4746 3219 4799 ΑΛΦΙΩ.

2746 4747 2861 4798 ΣΒ’.
2895 4774 2970 4785 -
3000 4747 3154 4798 ΑΛΦΙ
3206 4785 3219 4799 .

2274 4836 2333 4888 '0
2365 4834 2637 4902 θειότατος
2666 4837 2760 4892 τοῦ
2793 4837 3005 4909 Πατρὸς
3034 4747 3245 4903 Υίόςῼτε
3269 4840 3366 4894 καὶ
3393 4840 3577 4910 Λόγος,
3602 4834 3729 4892 ὁτῶν

1609 5112 1842 5171 VARIIE
1882 5113 2268 5172 LECTIONES
2297 5113 2386 5170 ET
2420 5106 2648 5172 ΝΟΤᾸΞ.

579 5267 691 5341 (lii)
747 5267 895 5323 Inter
956 5270 1359 5341 καταφρονήσω
1408 5279 1465 5325 et
1522 5270 1621 5339 μὲν
1686 5270 1827 5328 idem
1896 5271 2070 5327 inseril

2195 5270 2358 5326 tuerit
2399 5282 2615 5341 natura.
2661 5271 2723 5326 L.
2757 5273 2810 5338 5,
2841 5268 2913 5325 Ut
2951 5272 3073 5327 vim.
3109 5266 3171 5326 D.
3216 5268 3294 5327 De
3326 5272 3506 5338 justit.
3547 5281 3593 5327 et
3622 5272 3726 5341 jar,

499 5338 607 5393 ἀεί.
637 5338 845 5395 Possm.

603 5409 688 5482 Π)
721 5409 864 5482 Idem
899 5412 1089 5482 φερειν
1122 5419 1294 5482 mutat
1322 5410 1376 5465 in
1402 5413 1609 5482 φορεῖν.
1648 5411 1724 5466 In.

605 5478 885 5552 I8)__Yel_'s.
914 5478 1087 5552 ’l;ep.
1133 5479 1323 5552 ἄλλαις
1367 5478 1490 5550 μεθ’
1516 5482 1691 5546 ἄλλως
1732 5482 2083 5552 ponitcodex

502 5548 626 5603 Vat.
655 5548 760 5605 650
788 5548 1414 5623 Vers._7,3tnptictouodt
1444 5564 1619 5623 mutat
1670 5548 2083 5623 ξιι⁷κηρύττουσι

505 5629 594 5694 ειΔ
621 5635 765 5694 vers.
808 5620 1015 5694 penult.
1047 5620 1234 5694 et’fult.
1262 5622 1571 5694 χρήσασθαι
1607 5624 1661 5675 in
1708 5620 1965 5694 χρῆσθαι.
1999 5622 2076 5678 In.

578 5689 722 5776 (19)
783 5689 894 5772 Τῆς
926 5769 937 5776 Δ
957 5691 1242 5776 ᾀκριϐοῦς
1263 5689 1671 5776 mauu-neniae
1711 5689 2081 5776 ’ἐξεταζομέ-

504 5771 639 5824 me.
684 5762 817 5814 Cum
863 5762 1003 5816 inter
1050 5778 1149 5817 nos
1180 5764 1557 5833 cognationem
1597 5765 1883 5833 quamdam
1920 5762 2077 5820 inSti-

2196 5350 2250 5397 et
2274 5350 2335 5395 ut
2365 5341 2443 5413 ait
2475 5340 2582 5413 Leo
2615 5340 2884 5413 M.iserm.
2919 5342 2954 5396 4
3002 5342 3078 5397 De
3102 5341 3548 5413 Quadragesima,
3574 5363 3591 5395 ι
3623 5340 3727 5395 cum

2194 5413 2247 5466 in
2271 5411 2527 5482 omnibus
2562 5411 2873 5467 hominibus
2905 5420 3112 5466 natura:
3132 5414 3203 5467 sit
3224 5411 3497 5482 diligenda
3531 5426 3723 5468 commu-

2190 5483 2304 5536 nio.
2345 5499 2366 5553 ι
2427 5481 2564 5537 Vide
2623 5483 2876 5553 eumdem
2931 5497 3096 5553 Serm.
3138 5482 3164 5536 1
3214 5483 3291 5553 De
3326 5481 3534 5553 jejunio
3578 5482 3726 5553 deciri}

2189 5552 2404 5607 mensis.
2433 5552 2534 5606 Adi
2557 5560 2612 5608 et
2641 5552 2909 5607 Plutarch.
2959 5551 3183 5606 Roman.
3228 5549 3433 5618 Quizs't.
3459 5555 3547 5614 39.
3572 5552 3649 5608 ubi
3670 5549 3720 5601 lii

2190 5638 2313 5697 eum
2358 5622 2451 5697 qui
2507 5622 2655 5697 nulla
2710 5623 3405 5697 obstricmsmecessitate
3438 5629 3725 5697 sacramenti

2191 5690 2472 5756 militaris,
2507 5692 2780 5749 hominem
2815 5694 2978 5751 etiam
3014 5692 3069 5747 in
3110 5692 3256 5750 bello
3293 5696 3566 5760 occiderit,
3593 5690 3724 5748 crdis

2189 5776 2338 5819 reum
2370 5777 2508 5820 esse.
2540 5762 2707 5821 Rt-rr.
