3906 6416
118 630 128 675 I

181 361 287 425 1289

992 349 1525 417 EPISTOLARUM
1563 351 1710 441 LIB.
1750 350 1848 418 Iv.
1887 380 1957 392 —
1994 350 2227 417 EPIST.
2270 353 2465 423 CCIII.

3224 360 3357 429 1290

176 476 385 530 ἁπάντων
413 468 765 540 Δημιουργὸς,
800 467 829 519 ὁ
851 466 1028 531 mare;
1051 485 1110 519 τε
1146 468 1240 521 καὶ
1266 468 1523 539 ἄρῤητος,
1551 466 1697 537 δεῦρ’

1815 483 1980 521 rerum
2021 468 2199 538 Opifex
2231 479 2286 522 et
2307 479 2538 533 creator,
2585 470 2673 525 ille
2701 471 3062 539 sempiternus
3094 482 3151 528 et
3175 473 3363 530 inell'a-

120 608 127 633 γ
176 563 515 633 ὲπιφοιτήσας,
576 560 676 629 τὴν
733 557 1001 627 ἀσάφειαν
1054 559 1151 611 τοῦ
1214 559 1570 628 κηρύγματος
1625 560 1693 628 τῇ

172 656 314 725 οἰκείᾳ
333 652 627 722 ἡρμήνευσε
651 649 877 719 δυνάμει
894 666 907 679 ⁸
945 648 1027 701 διὸ
1061 650 1156 703 καὶ
1188 649 1560 714 θεοδιδάκτους
1580 649 1697 702 ἐσε-

174 748 269 801 σθαι
295 745 480 804 πάντας
503 741 563 794 τὸ
588 741 921 811 προφητικὸν
947 742 1292 812 προεμήνυσε
1318 740 1516 808 λόγιον.
1553 741 1697 793 Πάν-

170 857 241 901 τες
260 834 519 903 τοιγαροῦν
538 835 587 885 oi.
613 835 703 885 νοῦ
734 834 831 886 καὶ
861 835 1174 903 φρονήσεως
1194 832 1294 884 οὐκ
1314 830 1693 901 ἀμοιροῦντες,

172 931 246 984 ire
276 926 365 980 ὑπὸ
392 926 485 994 τῆς
510 926 771 977 ἀνωτάτω
796 926 986 992 σοφίας
1014 923 1413 985 παιδευθέντες,
1441 922 1696 975 ἀπάντων

168 1017 254 1069 τῶν
284 1015 622 1087 ἀνθρωπίνων
654 1016 939 1083 ἀφέμενοι,
972 1016 1065 1068 καὶ
1098 1013 1207 1067 τῶν
1251 1013 1526 1083 λογισμῶν
1555 1014 1696 1065 ἀνω·

169 1106 283 1177 τὲρω
314 1106 666 1177 χωρήσαντες,
699 1106 767 1159 τά
799 1105 1144 1175 ὑπερκόσμια
1172 1103 1551 1174 φαντάζονται.

351 1387 454 1440 ΣΡ.
491 1412 563 1426 --
594 1388 895 1459 ΛΕΟΝΤΙῼ
928 1389 1278 1458 animone
1312 1387 1467 1457 (ω’).

169 1503 249 1565 Εἰς
285 1502 375 1555 τό·
434 1520 454 1553 ι
510 1502 633 1569 Πρὸ
684 1502 791 1555 τοῦ
826 1502 1024 1588 ’ἡλίου
1077 1501 1341 1570 διαμένει
1396 1502 1460 1554 τὸ
1514 1502 1701 1571 ὄνομα

770 1588 979 1625 αυτου.
1029 1591 1048 1623 ι

230 1696 281 1750 '0
313 1696 445 1761 θεῖος
470 1698 567 1751 καὶ
601 1698 877 1770 ἀκήρατος
916 1698 1061 1764 νοῦς,
1098 1697 1153 1751 εἴ
1181 1699 1313 1751 ποτέ
1347 1716 1397 1751 τι
1420 1698 1528 1751 τῶν
1568 1699 1698 1768 μελ-

1799 558 1943 622 bilis,
1968 573 2088 611 cum
2112 558 2218 612 huc
2241 558 2293 611 in
2329 574 2545 613 carnem
2576 561 2832 627 venisset,
2857 562 3245 620 obscuritatem
3273 582 3363 622 sa-

1799 647 1985 702 lutaris
2013 648 2262 717 praeconii
2296 651 2509 718 pr0pria
2553 651 2752 705 virtute
2806 629 3116 708 elucidavit.
3162 655 3367 723 Quam-

1799 741 1983 793 obrem
2018 740 2179 793 etiam
2206 754 2235 792 a
2258 740 2366 795 Deo
2385 740 2573 795 doctos
2608 740 2725 797 fore
2753 757 2961 807 omnes,
2991 746 3365 815 propheticum

1799 829 2048 898 praedixit
2102 830 2405 883 oraculum.
2443 830 2642 887 Omnes
2682 833 2867 903 igitur,
2903 836 2993 903 qui
3038 837 3256 905 quidem
3294 839 3369 892 in-

1802 919 2087 989 telligentia
2119 934 2175 974 et
2218 922 2498 989 prudentia
2534 939 2636 975 non
2675 924 3057 993 destituuntur,
3111 936 3366 999 tanquam

1800 1009 1873 1063 illi
1906 1010 1995 1078 qui
2026 1026 2057 1062 a
2094 1025 2345 1078 suprema
2378 1012 2637 1081 sapientia
2673 1014 2906 1068 instituti
2951 1017 3080 1081 sint,
3114 1018 3369 1075 omnibus

1799 1100 1961 1155 rebus
1993 1101 2240 1155 humanis
2266 1102 2468 1157 relictis
2495 1113 2545 1157 et
2582 1104 2718 1157 ultra
2756 1107 3231 1163 ratiocinationum
3257 1109 3361 1164 hu-

1802 1206 2080 1246 manarum
2116 1202 2285 1247 metas
2319 1196 2514 1260 evecti,
2547 1196 2680 1249 nihil
2706 1195 2811 1249 nisi
2836 1212 2923 1253 res
2970 1201 3367 1269 supramunda-

1756 1355 1759 1357 ἓ
1799 1297 1897 1338 nas
1932 1284 2278 1339 meditantur.

2081 1396 2254 1452 CCIII.
2284 1428 2353 1438 ——
2395 1399 2691 1456 LEONTIO
2735 1402 3086 1460 EPISCOPO.

1802 1510 1870 1564 1η
1904 1511 2064 1575 illud,
2098 1531 2117 1562 ε
2158 1516 2291 1566 Ante
2338 1513 2496 1569 solem
2538 1531 2802 1583 permanet
2839 1534 3027 1573 nomen
3077 1519 3192 1587 ejus
3238 1519 3305 1574 ”.
3343 1538 3363 1572 ι

1874 1697 2067 1753 Divina
2096 1698 2187 1754 illa
2204 1708 2257 1754 et
2279 1715 2412 1769 pura
2430 1716 2605 1765 mens,
2636 1702 2682 1757 si
2709 1705 2925 1772 quando
2951 1720 3061 1760 rem
3084 1704 3248 1776 528
3267 1705 3368 1760 ali-

166 1789 331 1844 λόντων
375 1789 719 1860 προμηνῦσαι
767 1790 1059 1858 ἠϐούλετο,
1100 1791 1199 1860 οὐχ
1233 1790 1427 1853 ἁπλῶς
1472 1790 1699 1862 ἔρριπτε

1815 1804 1962 1859 luam
1991 1789 2229 1845 futuram
2261 1792 2685 1864 praesigniﬁcare
2719 1794 2906 1855 voluit.
2955 1810 3058 1850 non
3108 1796 3368 1865 simplici-

167 1882 245 1952 τὴν
283 1882 643 1952 προφητείανο
695 1881 962 1950 ἐγέλασαν
996 1883 1107 1953 γὰρ
1150 1882 1218 1936 ἂν
1255 1882 1430 1935 πλατὺ
1459 1883 1510 1935 οἱ
1539 1883 1697 1935 ἀπαί-

165 1975 310 2028 δευτοι
354 1973 611 2038 Ἰουδαῖοι,
645 1974 693 2027 oi
723 1974 818 2027 καὶ
853 1975 992 2044 πρὸς
1014 1974 1084 2027 τά
1115 1973 1237 2026 λίαν
1268 1974 1419 2043 σαφῆ
1443 1974 1699 2027 ἀπαιδευ-

167 2063 351 2126 τοῦντες
393 2062 500 2133 (20)
522 2080 535 2091 ·
572 2063 709 2117 ἀλλὰ
754 2064 995 2134 κεράσας
1032 2066 1144 2126 τοῖς
1191 2063 1430 2133 παροῦσι
1457 2063 1558 2132 τὴν
1591 2062 1701 2116 τῶν

169 2153 429 2223 μελλόντων
455 2155 679 2224 γνῶσιν,
712 2155 855 2209 οὕτω
883 2157 984 2225 τὴν
1010 2156 1349 2226 προφητείαν
1381 2155 1697 2225 ἐσέμνυνεν,

165 2249 285 2311 ὅπως
310 2248 395 2301 καὶ
419 2250 465 2301 οἱ
486 2248 611 2300 τότε
645 2247 987 2317 ἀκροώμενοι
1012 2246 1362 2300 ἀπολαύσωσι
1394 2263 1537 2310 τινος
1563 2246 1701 2316 ὠφε·

165 2336 305 2403 λείας,
332 2341 421 2393 καὶ
440 2341 489 2403 οἱ
518 2339 657 2411 μετὰ
682 2338 852 2392 ταῦτα
874 2341 938 2392 ὲκ
962 2339 1061 2408 τῆς
1081 2338 1375 2409 περιϐολῆς
1395 2339 1504 2391 τῶν
1533 2354 1705 2409 πραγ-

167 2431 321 2507 μάτων
346 2431 404 2484 τὸ
433 2432 664 2501 ἀκριϐὲς
686 2434 885 2499 γνοῖεν.
914 2432 1023 2484 Καὶ
1056 2430 1142 2483 ἵνα
1178 2430 1255 2502 μὴ
1284 2431 1464 2493 πάσας
1490 2446 1705 2500 napisp-

165 2504 360 2591 χόμενος
401 2523 500 2587 τὰς
549 2522 890 2593 προφητείας
950 2521 1088 2586 δόξω
1146 2523 1555 2593 μακρηγορεῖν,
1610 2520 1706 2575 ἕνα

166 2616 466 2686 προφητείας
503 2616 708 2684 τρόπον
754 2614 1057 2684 παραθεὶς,
1086 2613 1177 2668 διὰ
1216 2614 1407 2667 τούτου
1443 2616 1539 2666 καὶ
1578 2615 1704 2676 τοὺς

164 2702 351 2767 λοιποὺς
374 2706 484 2767 τοῖς
509 2704 897 2775 συνετωτέροις
930 2686 1233 2773 σαφηνίσω.
1260 2703 1575 2773 Γέγραπται
1597 2704 1706 2774 γὰρ

158 2791 345 2861 ψαλμδς
399 2796 478 2856 εἰς
539 2792 896 2863 Σολομῶντα,
950 2788 1011 2846 οὗ
1063 2794 1223 2861 ὀλίγα
1282 2793 1380 2864 μὲν
1417 2793 1497 2855 εἰς
1543 2793 1707 2846 Σολο-

176 2882 327 2937 ιῶντα
369 2884 479 2953 (Si)
513 2883 730 2954 βλέπει’
778 2885 846 2937 τά
879 2883 937 2937 δὲ
973 2884 1203 2938 πλεῖστα
1235 2884 1330 2937 καὶ
1360 2882 1591 2954 μέγιστα
1627 2886 1709 2947 είς

161 2974 237 3027 τὸν
264 2976 507 3046 Χριστόν.
553 2976 615 3028 Ὀ
664 2976 762 3042 μὲν
793 2976 904 3046 γάρ
935 2976 1223 3047 πρόχειρος
1252 2975 1378 3040 νοῦς
1421 2974 1512 3028 τὸν
1557 2977 1710 3030 Σολο-

1801 1892 1882 1938 ter
1908 1883 2149 1953 proludit
2172 1884 2485 1939 vaticinium
2517 1884 2792 1954 (risissent
2817 1885 2960 1941 enim
3002 1885 3172 1941 effuse
3202 1887 3370 1956 impe-

1801 1974 1890 2029 riti
1924 1982 2088 2045 atque
2132 1974 2393 2030 indociles
2423 1972 2622 2039 Judaei,
2657 1976 2749 2045 qui
2785 1977 2946 2030 etiam
2984 1978 3051 2031 ad
3090 1991 3176 2032 res
3214 1977 3372 2032 valde

1802 2065 1979 2120 claras
2010 2079 2075 2120 ac
2108 2065 2425 2136 perspicuas
2455 2066 2688 2121 ruditate
2715 2077 2974 2135 perpetua
2994 2066 3329 2137 laborabant)
3352 2108 3368 2133 ,

1802 2156 1898 2212 sed
1924 2156 2158 2213 miscens
2204 2172 2269 2212 ac
2321 2164 2632 2228 temperans
2669 2158 3025 2227 praesentibus
3062 2156 3368 2213 futurorum

1805 2248 2189 2316 cognitionem,
2248 2248 2331 2303 ita
2361 2249 2704 2319 prophetiam
2755 2250 3211 2314 accommodavit,
3236 2261 3293 2304 ut
3318 2260 3375 2305 et

1804 2339 1949 2395 illius
2000 2339 2259 2409 temporis
2289 2340 2569 2395 auditores
2616 2340 2905 2395 utilitatem
2958 2341 3080 2395 inde
3134 2340 3369 2410 aliquam

1805 2431 2166 2500 perciperent,
2200 2441 2257 2486 et
2292 2440 2416 2500 post
2449 2429 2615 2485 futuri
2643 2445 2709 2485 ex
2741 2431 2857 2500 ipso
2886 2444 3062 2485 rerum
3104 2432 3250 2485 exitu
3280 2446 3372 2485 ac-

1807 2522 1977 2579 curati
2014 2521 2292 2594 quidpiam
2330 2523 2556 2583 scirent.
2593 2522 2675 2583 Ac
2714 2536 2782 2579 ne
2809 2522 2919 2588 cui,
2966 2523 3011 2577 si
3040 2523 3221 2577 omnia
3254 2538 3375 2592 per-

1805 2629 2067 2684 sequerer
2124 2616 2405 2682 vaticinia,
2460 2617 2729 2686 prolixior
2785 2631 2907 2672 ess-e
2961 2614 3169 2682 videar,
3212 2628 3375 2671 unam

1807 2707 2096 2776 quamdam
2144 2707 2441 2776 prophetiae
2476 2707 2706 2763 formam
2742 2708 2831 2763 ubi
2887 2721 3239 2776 proposuero,
3281 2722 3375 2776 per

1809 2798 1948 2852 hanc
1981 2798 2141 2853 simul
2176 2808 2230 2853 et
2258 2807 2484 2854 ceteras
2519 2799 3028 2870 intelligentioribus
3068 2797 3374 2852 declarabo.

1813 2886 2061 2958 Scriptus
2103 2899 2188 2943 est
2216 2889 2361 2944 enim
2387 2890 2439 2944 in
2480 2888 2825 2944 Salomonem
2862 2889 3102 2958 psalmus
3134 2888 3375 2958 quidam.

1809 2975 1962 3044 cujus
1987 2992 2159 3045 pauca
2192 2993 2323 3033 sane
2342 2980 2519 3048 capita
2542 2978 2883 3037 Salomonem
2916 2979 3210 3045 respiciunt
3245 2996 3258 3031 :
3283 2978 3374 3033 sed

166 3065 324 3132 μῶντα
349 3067 521 3121 ἐδόκει
565 3068 745 3137 ᾄδεινι
779 3069 809 3119 ὁ
839 3068 896 3121 δὲ
930 3069 1380 3140 είλικρινέστερος
1419 3073 1513 3125 καὶ
1549 3071 1710 3138 ὀξυω-

1815 3067 2042 3135 plurima
2084 3076 2139 3123 et
2166 3069 2405 3123 maxima
2442 3071 2495 3124 in
2541 3069 2835 3124 Christum.
2879 3068 3012 3123 Nam
3074 3068 3375 3124 intellectus

161 3158 395 3226 πὲστερος
419 3159 511 3211 τὸν
540 3160 621 3229 τῷ
646 3160 759 3213 ὄντι
780 3161 1053 3231 εἰρηνικόν
1073 3177 1088 3191 ’
1111 3162 1207 3214 καὶ
1328 3164 1425 3217 καὶ
1452 3166 1564 3227 τοῖς
1587 3163 1709 3217 τότε
1732 3139 1780 3197 C

158 3243 259 3300 οὖσι
290 3250 613 3320 παραμυθία
647 3252 877 3321 μεγίστη
897 3295 911 3316 ,
949 3254 1045 3305 καὶ
1075 3254 1186 3315 τοῖς
1218 3254 1509 3321 »ἐσομένοις
1539 3272 1712 3325 παρα-

1812 3159 1990 3229 primo
2005 3159 2222 3226 quidem
2246 3160 2438 3215 obvius
2463 3159 2805 3215 Salomonem
2833 3174 3030 3216 canere
3058 3159 3375 3215 videbatur:

1810 3252 2075 3307 sincerior
2102 3261 2283 3307 autem
2315 3261 2478 3322 atque
2507 3253 2734 3308 interior
2758 3266 2953 3308 sensus
2982 3267 3103 3307 eum
3141 3251 3374 3306 celebra-

162 3338 304 3407 μυθία
330 3339 439 3410 (22)
465 3342 687 3413 ἀρίστη.
715 3343 789 3395 Τὸ
819 3344 945 3414 γάρ·
975 3361 995 3394 ε
1028 3343 1140 3413 Πρὸ
1166 3343 1258 3396 τοῦ
1286 3344 1437 3414 ἡλίου
1465 3345 1711 3414 διαμένει

1815 3342 1924 3404 bat,
1947 3341 2039 3410 qui
2066 3356 2193 3395 vere
2216 3351 2301 3396 est
2328 3341 2609 3409 paciﬁcus,
2631 3350 2686 3397 et
2711 3349 2830 3396 erat
2856 3356 2977 3395 cum
3006 3340 3147 3394 illius
3173 3349 3375 3407 tempo-

158 3430 209 3481 τὸ
240 3429 399 3501 ὄνομα
451 3432 656 3498 αὐτοῦ,
690 3433 783 3486 καὶ
833 3437 940 3503 πρὸ
982 3434 1082 3503 τῆς
1132 3434 1362 3505 σελήνης
1410 3437 1492 3499 είς
1518 3434 1710 3502 γενεὰς

158 3522 355 3587 γενεῶν,
404 3542 422 3574 ι
461 3524 557 3577 καὶ
586 3524 654 3577 τά
692 3524 826 3577 ἀλλα
858 3526 1034 3578 πάντα
1062 3525 1130 3578 τά
1162 3526 1433 3597 ὑπερφυῆ,
1466 3527 1559 3579 καὶ
1590 3526 1709 3578 θεο-

157 3616 338 3684 πρεπῆ,
365 3617 460 3670 καὶ
485 3617 710 3687 μείζονα
735 3618 796 3670 οὐ
822 3620 983 3689 μόνον
1010 3618 1042 3690 ἦ
1074 3619 1217 3674 κατὰ
1245 3620 1550 3691 ἄνθρωπον,
1577 3621 1712 3674 ἀλλὰ

155 3706 393 3761 καὶκατὰ
423 3708 527 3772 τὰς
560 3710 674 3762 ἄνω
707 3709 986 3780 δυνάμεις,
1022 3713 1102 3775 είς
1144 3712 1235 3766 τὸν
1270 3713 1506 3783 Χριστὸν
1530 3714 1709 3785 ᾔδετο.

154 3795 217 3847 Τὸ
232 3798 310 3850 δέ·
347 3818 365 3850 ‹
401 3800 514 3853 Καὶ
546 3801 937 3871 προσεύξονται
965 3804 1091 3873 περὶ
1122 3803 1285 3857 αὑτοῦ
1308 3803 1397 3856 διὰ
1432 3807 1650 3867 παντὸς,
1688 3824 1706 3856 ι

155 3888 265 3956 περὶ
311 3891 665 3961 Σολομῶντος
722 3892 960 3963 εἴρηται.
1023 3896 1115 3964 Μὴ
1168 3895 1348 3947 τοίνυν
1403 3896 1710 3967 νομίζωμεν

155 3978 318 4043 ἁπλῶς
346 3984 447 4052 τὴν
473 3985 755 4054 ἀκήρατον
785 3985 978 4055 σοφίαν
1006 3985 1093 4038 διὰ
1132 3987 1244 4041 τῶν
1278 3987 1575 4057 προφητῶν
1611 3989 1711 4059 τὴν

155 4071 434 4139 μέλλουσαν
496 4077 988 4146 προμεμηνυκέναι
1047 4078 1286 4145 γνῶσινο
1352 4079 1489 4132 ἀλλὰ
1546 4081 1713 4150 κερά·

155 4178 322 4226 σαντες
352 4165 466 4235 (9.5)
498 4169 614 4228 τοῖς
639 4168 898 4220 ἐνεστῶσι
928 4168 995 4221 τά
1023 4168 1303 4239 μέλλοντα,
1332 4170 1466 4240 μηδὲ
1490 4171 1712 4225 ἐπειδάν

150 4268 195 4302 τι
220 4257 471 4309 ταπεινὸν
512 4258 869 4329 ἀκούσωμεν,
898 4260 991 4311 καὶ⁹
1023 4259 1121 4329 τῆς
1161 4259 1311 4325 θείας
1333 4260 1429 4313 τοῦ
1462 4262 1713 4334 Σωτῆρος

151 4342 423 4414 ἐπιδημίας
449 4347 757 4417 ἀλλότριον,
793 4349 1012 4413 πάντως
1036 4352 1115 4413 είς
1139 4350 1303 4404 αὐτὸν
1337 4350 1592 4423 εἰρῆσθαι
1626 4370 1712 4405 νο-

155 4431 383 4503 μίσωμεν
404 4453 419 4465 ·
450 4437 593 4490 ἀλλὰ
628 4438 762 4507 μηδὲ
795 4437 865 4491 τά
907 4438 1325 4512 μεγαλοπρεπῆ,
1362 4440 1458 4493 καὶ
1481 4443 1550 4512 τῇ
1590 4442 1711 4513 θείᾳ

154 4520 272 4591 μόνῃ
296 4523 427 4595 ἀξίᾳ
454 4526 762 4596 πρέποντα,
784 4529 913 4599 περὶ
938 4528 1282 4598 Σολομῶντος
1302 4531 1551 4601 εἰρῆσθαι
1574 4532 1712 4602 ήγώ-

154 4612 298 4678 μεθα,
325 4616 422 4668 τοῦ
454 4618 594 4688 μηδὲ
617 4618 906 4688 ἄμεμπτον
928 4621 1223 4689 ἐσχηκότος
1250 4621 1311 4673 τὸ
1341 4621 1516 4692 πέρας
1538 4639 1552 4652 ο
1579 4623 1711 4693 μηδὲ

150 4701 528 4776 ἐκῦιαζώμεθα
557 4708 658 4773 τὰς
691 4711 1029 4779 προφητείας
1078 4711 1194 4782 (‘24)
1216 4729 1229 4741 ·
1279 4712 1415 4782 μηδὲ
1445 4712 1539 4765 τοῦ
1576 4714 1711 4782 ὁμα-

150 4789 330 4863 λισμοῦ
355 4797 522 4869 χάριν
540 4798 649 4853 τῶν
679 4801 1033 4869 προφητικῶν
1058 4800 1275 4870 χωρίων
1300 4803 1380 4863 είς
1413 4802 1713 4873 ἀγυρτικὰς

149 4882 506 4960 ἑμπίπτωμεν
556 4890 864 4958 λογοποιίας
883 4907 897 4921 ·
936 4891 1076 4947 ἀλλὰ
1128 4892 1395 4963 νουνεχῶς
1450 4894 1545 4946 καὶ
1589 4893 1713 4948 καθ’

218 5066 260 5098 ¹⁹
292 5065 441 5122 Psal.
468 5083 623 5132 Lxxt,
659 5068 714 5133 5,
750 5068 836 5123 I7.
881 5069 923 5101 ³⁰
950 5069 1082 5124 ibid.
1159 5069 1201 5101 ³¹
1244 5068 1372 5123 ibid.
1421 5070 1505 5125 I5.

1742 4481 1787 4535 D

1813 3432 1890 3486 ris
1920 3432 2230 3487 hominibus
2264 3433 2496 3487 maxima
2525 3432 2843 3496 consolatio,
2871 3441 2980 3489 tum
3016 3432 3178 3488 etiam
3202 3438 3373 3500 poste-

1814 3523 1889 3576 ris
1923 3524 2124 3592 optima
2152 3524 2351 3577 futura.
2382 3523 2515 3578 Illud
2558 3525 2702 3579 enim
2746 3541 2760 3578 :
2800 3541 2819 3575 ι
2861 3523 3003 3579 Ante
3048 3523 3215 3578 solem
3256 3536 3367 3590 per-

1812 3623 1995 3668 manet
2027 3629 2220 3668 nomen
2253 3616 2391 3681 ejus,
2445 3625 2501 3670 et
2556 3625 2678 3669 ante
2712 3614 2892 3669 lunam
2952 3615 3006 3669 in
3038 3615 3377 3684 generatione

1811 3706 2222 3775 generationum
2247 3705 2313 3769 ³ο,
2353 3724 2372 3758 ι
2406 3715 2459 3760 et
2495 3707 2697 3775 reliqua
2726 3706 2931 3771 omnia,
2960 3721 3077 3775 qua:
3114 3721 3377 3775 superna-

1816 3796 2008 3851 turalia
2035 3806 2091 3852 et
2117 3798 2388 3852 divinitati
2411 3799 2793 3854 convenientia
2822 3807 2969 3865 sunt,
3003 3814 3174 3869 neque
3205 3799 3380 3855 solum

1816 3890 2020 3957 majora
2056 3898 2183 3945 sunt
2218 3905 2378 3959 quam
2411 3907 2508 3961 pro
2546 3891 2783 3955 homine,
2819 3907 3007 3947 verum
3037 3893 3198 3947 etiam
3222 3908 3384 3960 quam

1812 3993 1914 4047 pro
1942 3980 2210 4049 supremis
2242 3993 2404 4050 atque
2445 3980 2757 4036 coelestibus
2786 3982 3074 4036 virtutibus
3125 3984 3177 4035 iu
3223 3981 3383 4036 Chri-

1813 4081 1955 4126 stum
1993 4074 2345 4127 cancbantur.
2382 4071 2512 4125 Illud
2548 4084 2724 4127 autem
2773 4092 2786 4126 :
2820 4091 2839 4124 ι
2875 4073 2941 4125 Et
2991 4073 3291 4127 adorabunt
3319 4075 3387 4128 de

1814 4165 1930 4231 ipso
1954 4175 2167 4233 semper
2187 4164 2231 4195 “
2272 4183 2287 4218 :
2332 4184 2350 4215 ι
2381 4165 2446 4218 de
2476 4165 2766 4219 Salomone
2797 4166 3000 4219 dictum
3037 4173 3138 4218 est.
3180 4163 3258 4218 Ne
3285 4165 3387 4233 igi-

1814 4263 1906 4307 tur
1926 4263 2181 4322 putemur
2204 4254 2524 4325 simpliciter
2555 4264 2611 4310 et
2643 4256 2954 4311 indistincte
2987 4254 3254 4308 sinceram
3288 4253 3388 4308 Dei

1813 4345 2132 4413 sapientiam
2180 4361 2277 4415 per
2329 4350 2619 4415 prophetas
2666 4346 2901 4401 futuram
2942 4345 3389 4415 praesigniﬁcasse

1817 4437 2175 4506 cognitionem
2212 4455 2226 4491 :
2259 4438 2352 4491 sed
2388 4438 2743 4507 pla-sentibus
2774 4437 2952 4491 futura
2976 4446 3389 4504 contemperan-

1823 4537 1926 4591 tes,
1957 4541 2131 4596 neque
2156 4528 2200 4583 si
2223 4528 2350 4598 quid
2375 4528 2579 4584 humile
2599 4538 2758 4598 atque
2783 4527 3075 4598 abiectum,
3098 4527 3391 4596 divinoque

1825 4617 2120 4673 Salvatoris
2148 4619 2202 4673 in
2245 4630 2420 4676 terras
2465 4621 2696 4676 adventu
2730 4620 3006 4689 indignum
3035 4627 3126 4673 aut
3155 4618 3389 4673 alienum

1825 4710 2212 4773 audiverimus.
2264 4713 2485 4767 omnino
2518 4713 2571 4767 in
2616 4714 2788 4781 ipsum
2834 4712 3017 4766 statim
3047 4712 3247 4767 dictum
3272 4723 3394 4764 esse
3425 4716 3447 4739 ν

1824 4800 2174 4857 arbitremur.
2209 4802 2316 4858 Sed
2368 4818 2543 4873 neque
2581 4804 2865 4875 magniﬁca
2902 4804 3015 4868 illa,
3059 4803 3269 4871 solique
3310 4802 3393 4855 di-

1824 4892 1968 4949 vim
1989 4894 2259 4965 maiestati
2281 4895 2678 4966 convenientia,
2704 4895 2773 4955 de
2792 4896 3081 4953 Salomone
3101 4894 3246 4949 dicta
3271 4908 3393 4948 esse

1253 5219 1489 5275 VARIA‘Z
1522 5217 1909 5275 LECTIONES
1945 5218 2035 5273 ET
2062 5217 2300 5275 NOTAE.

220 5380 349 5453 (19‘)
382 5382 594 5453 Deerat
636 5382 915 5452 inscriptio
945 5382 999 5437 in
1035 5382 1166 5437 edit.
1194 5381 1409 5448 Paris.;
1451 5379 1730 5451 suppletur

156 5461 214 5502 ex
238 5451 356 5509 cod.
379 5451 558 5507 Vatic.
583 5453 707 5507 650.
737 5451 896 5506 Eutr.

1898 5378 2015 5522 E25)
2050 5378 2158 5433 Pro
2187 5380 2519 5452 κεράσαντες
2568 5382 2708 5438 idem
2747 5384 2908 5439 habet
2948 5384 3280 5455 κεράσασαν.
3313 5383 3392 5439 In.

1921 5449 2011 5522 ἑο)
2044 5449 2210 5518 Μηδὲ
2229 5449 2619 5519 ἐκϐιάζωμεθα
2646 5455 2753 5519 τὰς
2790 5456 3172 5522 προφητείας.
3217 5456 3392 5507 Aurea

1921 5449 2011 5523 ἰόν)
2044 5449 2210 5523 Μηδὲ
2229 5449 2619 5523 ἐκϐιάζωμεθα
2646 5455 2753 5519 τὰς
2790 5449 3172 5523 προφητείας.
3217 5456 3393 5507 Aurea

169 5589 181 5602 '
225 5520 332 5591 (20)
361 5522 950 5603 Proﬁmwe'otoﬁv‘reg
989 5521 1109 5577 cod.
1142 5520 1263 5577 Vat.
1306 5519 1411 5575 650
1451 5519 1731 5576 substituit
1827 5519 2012 5603 regula
2038 5522 2106 5574 de
2137 5522 2579 5603 interpretatione
2604 5519 3003 5603 prophetarum
3038 5540 3105 5603 n_e
3143 5524 3250 5603 illis
3285 5524 3391 5576 vim

160 5590 653 5660 ἀναισχυντοῦντες.
684 5590 897 5647 Possm.

230 5659 340 5731 (2i)
372 5661 466 5716 Bis
502 5674 625 5716 ante
663 5662 983 5729 Σολομῶντα
1013 5661 1223 5731 supplet
1250 5661 1361 5715 τόν.
1396 5659 1473 5714 In.

230 5729 341 5800 (Ἡ)
379 5731 711 5802 Παραμυθία
759 5732 901 5787 idem
958 5729 1128 5786 mutat
1165 5731 1221 5785 in
1267 5730 1594 5802 προφητεία.
1648 5729 1727 5784 In.

484 5823 751 5886 Ριπιοι..
795 5826 911 5886 Gn.
954 5824 1278 5887 LXXVIII.

1827 5591 2201 5687 idhibearmjs,
2232 5590 2909 5687 eosqt‘reyloquico'gamus
2935 5595 3076 5663 quod
3124 5595 3391 5649 volumus.

1829 5659 2038 5715 Similia
2067 5660 2187 5716 vide
2206 5659 2397 5717 sunra'?
2416 5659 2582 5715 mn.

3032 5812 3065 5821 .-

3020 5822 3084 5886 41
