3906 6416
588 366 718 434 1291
1765 365 1823 426 s.
1866 360 2157 426 ISIDORI
2194 358 2628 427 PELUSIOTPE
2812 335 2830 349 “
3625 374 3723 448 1292

580 483 978 546 existimemus,
1000 477 1090 549 qui
1128 492 1196 534 ne
1222 477 1382 531 linem
1408 476 1624 546 quidem
1651 475 1775 529 vita:
1803 476 1922 532 labe
1955 493 2118 533 caren

2189 485 2235 542 Α
2265 481 2509 551 ἱστορίαν
2542 478 2812 551 εἰρημένα
2867 478 3112 550 νοῶμεν,
3163 478 3259 534 καὶ
3306 480 3374 535 τὰ
3416 485 3531 541 κατὰ
3560 488 3728 562 θεωρίαν

582 576 950 639 tem,sorlitus
977 583 1091 636 est;
1131 586 1304 639 neque
1341 570 1449 623 vini
1497 570 1758 623 faciamus
1804 572 2103 639 prophetiis

2259 571 2707 642 προφητευθέντα
2728 572 3187 640 ἐκλαμϐάνωμεν,
3221 572 3353 643 μηδέ
3374 574 3434 628 τὰ
3459 579 3607 646 σαφῶς
3630 584 3731 641 tm.

578 683 754 738 neque
791 665 968 721 studio
1000 663 1412 733 redigendorum
1462 660 1528 713 ad
1570 661 1933 729 atqnalitatem
1965 677 2120 730 quam

2265 660 2498 731 ρηθέντα
2520 660 2601 723 εἰς
2627 658 2865 730 θεωρίαν
2889 658 3295 728 ἐκϐιαζόμενοι,
3322 662 3445 730 μήτε
3466 665 3521 718 τὰ
3537 666 3734 741 λαμπρῶς

578 761 698 812 dam
732 757 972 810 locorum
1017 752 1454 822 propheticorum
1484 750 1536 803 in
1595 751 1852 805 scurriles
1889 753 2120 821 quasdar

2262 748 2603 820 θεωρηθῆναι
2624 748 2911 818 ὀφείλοντα
2936 748 3050 819 (25)
3073 750 3155 812 είς
3183 750 3416 822 ἱστορίαν
3440 757 3732 825 καταϐιϐάζω-

579 849 870 901 verborum
904 843 1135 912 ineptias
1183 840 1485 895 incidamus
1522 857 1538 893 :
1577 841 1669 894 sed
1699 842 1994 909 prudenter
2031 856 2121 897 cor

2258 858 2371 903 τες,
2391 839 2506 893 ἀλλ’
2528 840 2862 911 ἀμφοτέροις
2891 839 3203 911 πρόσφορον
3229 841 3323 895 καὶ
3354 843 3630 917 κατάλληλον
3650 852 3726 904 νοῦ·

574 940 809 1005 dateque
850 944 905 989 et
928 932 1222 989 secundum
1270 931 1557 985 historiam
1594 931 1734 986 dicta
1764 932 2116 1003 intelligamus

2261 930 2688 1003 ἐφαρμόζοντες.
2729 932 2794 984 El
2842 930 2900 984 δὲ
2943 929 3169 1003 τοιαύτη
3201 931 3439 1005 εὑρεθείη
3479 941 3734 1009 προφητεία,

572 1038 623 1083 et
649 1043 769 1098 quzc
814 1026 1109 1080 secundum
1152 1022 1665 1091 contemplationem
1707 1032 1762 1078 et
1816 1024 2114 1092 spiritualei

2259 1024 2357 1077 καὶ
2406 1022 2506 1093 τὴν
2551 1020 2791 1093 ἱστορίαν
2839 1022 3128 1093 ἀρηρότως
3168 1023 3283 1095 (26)
3318 1025 3408 1078 καὶ
3446 1027 3530 1098 τὴν
3568 1028 3741 1102 θεωρίαν

572 1133 791 1174 sensum
827 1116 1061 1170 vatidice
1086 1113 1296 1183 prolata
1330 1112 1568 1181 fuerunt,
1600 1115 1680 1171 sic
1705 1116 1884 1181 etiam
1922 1116 2114 1185 accipi:

2088 1117 2157 1170 ia-
2260 1114 2535 1177 ἀδιάστως
2566 1112 2815 1177 σώζουσα
2834 1152 2849 1175 ,
2878 1111 3148 1183 χρηστέον
3176 1112 3317 1185 αὐτῇ
3349 1116 3455 1170 κατ’
3480 1119 3630 1188 ἄμφω.

570 1231 715 1271 mus.
751 1214 868 1270 Non
933 1227 1111 1272 autem
1158 1217 1278 1271 vice
1322 1228 1502 1278 versa,
1554 1225 1674 1282 qum
1734 1212 1996 1267 historice
2027 1220 2155 1267 sunt
2191 1210 2423 1281 prolata,
2448 1208 2516 1263 ad
2583 1207 2922 1277 spiritualem
2984 1208 3342 1278 intellectmn,
3362 1219 3447 1267 aut
3469 1213 3743 1283 spiritualiter

570 1308 938 1379 intelligenda,
984 1308 1053 1363 ad
1081 1308 1393 1362 historicum
1437 1320 1657 1361 sensum
1688 1318 1786 1374 per
1814 1305 1918 1358 vim
1953 1304 2227 1358 trahamus
2265 1321 2279 1357 :
2346 1302 2441 1357 sed
2515 1300 2733 1370 utrique
2785 1301 2971 1370 generi
3049 1302 3319 1358 dictorum
3396 1314 3553 1374 aptum
3595 1321 3744 1361 conve.

571 1402 919 1470 nientemque
961 1414 1180 1455 sensum
1213 1398 1709 1455 accommodemus.
1761 1395 1916 1463 Quod
1938 1396 1981 1451 si
2021 1396 2143 1449 talis
2178 1403 2482 1465 reperiatur
2507 1393 2687 1462 aliqua
2754 1393 3064 1461 prophetia,
3099 1408 3222 1462 qua:
3268 1403 3328 1450 et
3387 1394 3628 1451 historiam
3654 1408 3744 1467 apte

568 1494 1066 1563 convenienterque
1091 1502 1144 1547 et
1169 1492 1509 1563 spiritualem
1538 1506 1755 1548 sensum
1788 1492 1995 1562 absque
2013 1490 2296 1546 coactione
2364 1495 2668 1553 conservet,
2707 1501 2771 1542 ea
2834 1501 2965 1543 sane
3026 1490 3155 1559 quin
3180 1490 3247 1545 ad
3310 1499 3566 1560 utramque
3588 1500 3741 1561 partem

568 1595 786 1641 utamur
812 1584 944 1638 nihil
969 1584 1240 1654 prohibet.

747 1681 929 1752 529.
959 1678 1137 1735 CCIV.
1188 1709 1261 1719 -—
1310 1678 1589 1735 ISIDOBO
1622 1678 1944 1735 DIACONO.

2526 1676 2642 1729 ΣΑν.
2675 1705 2745 1715 -
2768 1675 3036 1746 ιΣιΔΩΡῼ
3079 1674 3381 1746 ΔΙΔΚΟΝῼ
3410 1675 3508 1745 (27)

567 1778 632 1831 In
659 1776 792 1830 illud
821 1773 1022 1827 Christi
1052 1774 1269 1837 dictum,
1324 1792 1342 1824 ι
1382 1772 1503 1827 Nisi
1543 1775 1886 1846 abundaverit
1923 1771 2109 1843 justiti

2200 1757 2355 1833 3mg
2403 1766 2472 1820 τό
2494 1781 2508 1796 ·
2562 1785 2582 1819 ι
2644 1766 2818 1846 Ἐζιν⁵
2833 1766 2919 1834 μὴ
2976 1768 3358 1846 περισσεύειν
3397 1768 3431 1836 ἡ
3464 1767 3742 1837 δικαιοσύνη

894 1853 1088 1909 vestra,
1119 1861 1138 1895 ι
1171 1853 1217 1897 et
1251 1836 1369 1913 quis
1404 1843 1767 1913 sequuntur".
1923 1836 1940 1843 ⁷

2695 1836 2885 1906 ὑμῶν,
2928 1855 2947 1887 ι
2986 1836 3087 1889 καὶ
3115 1836 3190 1890 τὰ
3220 1836 3387 1904 ἑξῆς.
3607 1878 3614 1889 .

635 1959 862 2024 Quando
910 1957 1120 2026 primus
1158 1957 1322 2011 homo
1373 1956 1442 2010 ab
1471 1956 1608 2026 ipsa,
1640 1963 1700 2009 ut
1751 1956 1875 2026 quis
1917 1956 2138 2020 dixerit,

2331 1948 2597 2021 Ὀπηνίκα
2619 1950 2648 2003 6
2666 1949 3091 2021 πρωτόπλαστος
3118 1949 3216 2004 άνθ
3226 1967 3404 2021 ρωπος
3432 1950 3484 2018 ἐξ
3511 1950 3667 2020 αὐτῆς,
3686 1952 3740 2014 ὡς

570 2048 716 2104 linea
749 2048 937 2117 (stadii
973 2055 1136 2117 atque
1175 2045 1429 2101 curriculi
1469 2046 1569 2101 sibi
1595 2061 1623 2099 a
1651 2044 1765 2100 Deo
1812 2045 2107 2114 praescripti

2246 2039 2313 2096 ἄν
2331 2059 2418 2105 τις
2446 2042 2610 2106 εῐποι,
2653 2040 2923 2112 γραμμῆς
2955 2040 3057 2111 τῆς
3094 2039 3248 2103 θείας
3301 2040 3505 2110 ἐντολῆς
3530 2042 3742 2112 ἀλογήσας

565 2140 749 2195 divino
800 2139 1055 2194 mandato
1101 2137 1370 2209 neglecto,
1431 2137 1674 2191 fraudem
1704 2136 1949 2209 (diaboli)
1982 2137 2105 2207 plan

2245 2134 2345 2206 τὴν
2397 2134 2616 2206 ἀπάτην
2672 2135 3015 2207 προύτίμησε
3050 2131 3146 2185 τοῦ
3190 2133 3354 2186 αὑτὸν
3384 2133 3610 2187 ἀπολέσαι
3646 2149 3742 2186 παν-

564 2229 741 2300 ipsum
779 2231 1006 2299 perdere
1039 2228 1332 2299 satagentis
1364 2226 1628 2297 praetulit,
1667 2235 1797 2282 tunc
1843 2237 1899 2283 et
1945 2241 2106 2295 corpu

2241 2228 2414 2292 τελῶς
2451 2227 2941 2299 μηχανησαμένου,
2991 2224 3053 2281 τὸ
3103 2225 3406 2295 τηνικαῦτα
3438 2225 3590 2280 καὶτὸ
3628 2225 3744 2294 σῶμα

562 2321 682 2392 ejus
710 2336 818 2376 non
853 2321 1027 2375 solum
1059 2320 1244 2384 morti,
1278 2321 1373 2375 sed
1400 2330 1455 2374 et
1485 2319 1654 2373 variis
1698 2318 2104 2389 perpessionibu

2241 2318 2409 2372 αὐτοῦ
2439 2318 2663 2388 γέγονεν
2698 2320 2760 2371 οὑ
2790 2318 2949 2388 μόνον
2998 2316 3215 2388 θνητὸν,
3250 2316 3387 2371 ἀλλὰ
3434 2319 3520 2371 καὶ
3539 2317 3735 2385 παθητόν.

562 2413 863 2481 subjectum
930 2425 1051 2466 esse
1110 2411 1293 2479 coepit.
1367 2410 1531 2464 Multa
1583 2410 1730 2465 enim
1785 2410 1921 2464 mala
1978 2418 2103 2479 atqu

2241 2408 2419 2463 Πολλά
2450 2407 2560 2479 γὰρ
2612 2405 2974 2478 ἐλαττώματα
3009 2406 3340 2479 ἐϐλάστησε,
3374 2409 3464 2461 καὶ
3503 2406 3644 2479 βαρὺς
3677 2408 3742 2460 καὶ

563 2501 939 2565 incommoda,
996 2502 1193 2571 quibus
1253 2514 1311 2556 se
1366 2500 1486 2569 ipso
1533 2500 1771 2556 deterior
1818 2500 1995 2555 factus
2028 2510 2105 2556 est

2242 2499 2499 2568 ὃυσήνιος
2549 2501 2577 2552 6
2632 2499 2801 2563 ἵππος
2847 2498 3110 2572 κατέστη.
3180 2500 3340 2553 Ἐπεὶ
3383 2499 3547 2553 τοίνυν
3587 2499 3740 2561 nisi;

564 2593 689 2648 inde
734 2592 1107 2664 pullularunt,
1164 2600 1220 2647 ct
1271 2592 1452 2661 gravis
1497 2601 1662 2661 atque
1707 2591 1775 2645 ad
1838 2591 2106 2662 regendus

2237 2589 2448 2650 πάντας
2473 2587 2786 2660 ὴδυσκλεὴς
2812 2588 2952 2660 αὕτη
2974 2589 3069 2644 καὶ
3097 2590 3283 2660 πάσης
3312 2590 3507 2661 ζημίας
3532 2590 3741 2661 βαρυτέρα

559 2680 795 2737 ditiicilis
833 2696 1006 2751 equus
1067 2681 1156 2736 ille
1205 2682 1399 2737 evasit.
1441 2681 1709 2748 Quoniam
1770 2681 1935 2751 igitur
1979 2690 2033 2735 et
2080 2681 2094 2737 i

2236 2679 2575 2751 κληρονομία
2604 2678 2966 2750 κατεπέμφθη
2994 2679 3130 2751 (28),
3161 2680 3261 2733 καὶ
3291 2682 3409 2744 ταῖς
3426 2681 3515 2751 τῆς
3541 2680 3739 2751 προαιρέ-

558 2787 744 2828 omnes
782 2772 1039 2827 mortales
1069 2771 1300 2841 ingloria
1342 2781 1506 2842 atque
1549 2771 1735 2827 infelix
1787 2772 1911 2838 ista,
1958 2771 2100 2826 omni

2237 2785 2375 2832 σεως
2455 2768 2749 2841 ῥᾳθυμίαις
2816 2769 3027 2843 ηὐξήθη
3093 2773 3127 2843 ή
3204 2771 3452 2842 άπευκτὴ
3504 2772 3740 2843 περιουσία,

545 2878 665 2930 sque
710 2862 921 2932 jactura
961 2862 1178 2933 gravior
1212 2862 1502 2917 haereditas
1546 2863 1862 2918 transmissa
1890 2903 1905 2924 .
1935 2871 1990 2918 et
2038 2863 2087 2917 al

2232 2857 2395 2932 δεῦρο
2418 2860 2484 2931 δὴ
2509 2860 2869 2931 ἐπιφοιτήσας
2899 2863 2928 2915 6
2950 2862 3204 2932 Χριστὸς,
3239 2864 3553 2932 κουφότερον
3570 2865 3674 2933 ἡμῖν
3697 2861 3740 2913 τὸ

542 2956 911 3011 Ὁιηὶηειησιυηι
964 2954 1093 3009 illud
1127 2954 1508 3024 patrimonium
1547 2955 1794 3009 socordia
1831 2954 2080 3008 voluntat

2233 2947 2394 3019 σῶμα
2436 2948 2525 3003 διὰ
2564 2949 2659 3003 τοῦ
2733 2949 3110 3022 βαπτίσματος
3144 2953 3438 3023 πεποίηκε,
3488 2954 3558 3025 τῷ
3600 2950 3741 3024 πτερῷ

557 3048 808 3098 humanae
839 3042 1001 3098 etiam
1035 3042 1324 3098 adauctum
1359 3050 1441 3097 est
1480 3060 1494 3097 :
1530 3042 1735 3098 idcirco
1773 3042 2025 3098 Christus
2071 3043 2099 3097 il

2229 3038 2324 3092 τοῦ
2376 3039 2696 3112 Πνεύματος
2742 3042 3062 3114 διεγείρωνο
3108 3044 3196 3099 διὰ
3250 3045 3408 3098 τοῦτο
3455 3045 3643 3114 μείζονα
3663 3042 3741 3095 τῶν

555 3142 729 3187 terras
752 3133 981 3187 veniens
1011 3146 1208 3200 corpus
1240 3131 1397 3185 nobis
1447 3130 1623 3186 levius
1658 3132 1859 3201 (atque
1907 3131 1973 3185 ad
2019 3132 2097 3186 vir

2195 3105 2197 3153 ί
2230 3127 2476 3183 παλαιῶν
2507 3098 2639 3202 ημῖν
2659 3098 2962 3204 προσετέθη
2985 3131 3101 3205 (29)
3143 3098 3239 3187 καὶ
3263 3132 3402 3189 ἆθλα
3433 3098 3521 3189 καὶ
3547 3098 3737 3189 ἐπαθλα.

556 3224 688 3278 tutis
717 3224 960 3279 actiones
997 3222 1326 3294 expeditius)
1358 3222 1589 3277 reddidit
1636 3238 1732 3293 per
1769 3224 2097 3292 baptismum

2230 3220 2306 3273 Οὐ
2341 3221 2450 3293 γάρ
2471 3222 2635 3291 φόνου
2673 3222 2949 3296 καθαροὺς
2977 3220 3120 3279 εἶναι
3167 3226 3421 3297 βούλεται
3448 3227 3605 3297 μόνον,
3638 3225 3735 3279 ἄλλα

554 3315 639 3369 ala
683 3315 919 3384 Spiritus
978 3313 1108 3369 illud
1179 3314 1425 3369 excitans
1474 3323 1637 3382 atque
1698 3315 1939 3382 erigens.
1994 3313 2096 3382 Qua

2229 3313 2324 3367 καὶ
2367 3313 2575 3385 ὀργῆς·
2615 3316 2738 3370 οὐδὲ
2792 3317 3040 3388 μοιχείας
3086 3319 3182 3373 καὶ
3232 3318 3504 3391 πορνείας,
3535 3318 3648 3373 ἀλλὰ
3673 3316 3742 3372 καὶ

555 3407 720 3460 etiam
753 3419 916 3460 causa
948 3415 1055 3470 est,
1084 3420 1181 3460 cur
1207 3405 1362 3459 nobis
1397 3403 1599 3471 majora
1633 3404 1829 3474 priscis
1863 3414 1919 3460 et
1950 3414 2097 3461 certa

2230 3404 2531 3460 ἀκολάστου
2557 3407 2705 3471 θέας·
2737 3408 2858 3462 οὐδὲ
2891 3410 3201 3481 ἐπιορκίας,
3237 3410 3377 3464 ἀλλά
3409 3412 3495 3464 καὶ
3527 3410 3740 3479 εὐορκίας.

542 3498 700 3552 mina
727 3504 784 3551 et
820 3497 1040 3566 praemia
1069 3496 1179 3549 sint
1213 3497 1508 3564 proposita.
1559 3495 1674 3549 Non
1704 3496 1877 3552 solum
1913 3497 2059 3551 enim

2227 3496 2339 3550 Καὶ
2371 3497 2511 3569 μετὰ
2534 3498 2643 3553 τῶν
2674 3499 2843 3569 φίλων
2874 3502 2967 3555 καὶ
3000 3503 3129 3565 τοὺς
3148 3502 3436 3574 δυσμενεῖς
3471 3500 3650 3555 κελεύει
3674 3517 3737 3569 φι-

552 3588 699 3642 caade
722 3602 887 3657 puros
922 3602 1022 3642 nos
1067 3601 1189 3641 esse
1218 3587 1352 3654 vult,
1393 3602 1578 3653 verum
1631 3588 1793 3642 etiam
1838 3588 1903 3642 ab
1943 3587 2021 3641 ira
2041 3586 2086 3619 ³³

2226 3586 2379 3643 λεῖνο
2443 3591 2537 3642 καὶ
2587 3591 2646 3643 ἐν
2712 3593 2825 3656 τοῖς
2879 3592 3062 3657 ἄλλοις
3132 3593 3190 3647 δέ
3264 3594 3439 3648 ἆπασι
3492 3592 3741 3663 μακρότερα

555 3692 730 3748 neque
759 3677 932 3733 solum
993 3678 1061 3732 ab
1119 3677 1383 3733 adulterio
1436 3687 1494 3734 et
1544 3680 1897 3742 scortatione,
1936 3693 2097 3734 verun

2229 3677 2453 3749 ἐποίησε
2485 3679 2553 3733 τὰ
2611 3680 2801 3733 στάδια
2827 3696 2842 3712 ·
2879 3682 2973 3733 καὶ
3006 3683 3120 3746 τοῖς
3175 3682 3255 3754 μὴ
3310 3681 3625 3753 πειθομένοις
3664 3677 3741 3745 πῦρ

550 3768 714 3823 etiam
772 3782 801 3822 a
855 3768 1143 3823 libidinoso
1200 3777 1255 3822 et
1310 3769 1680 3825 incontinente
1727 3779 2019 3840 conspectu
2041 3769 2088 3803 ”

2226 3768 2489 3824 ἄσϐεστον
2511 3772 2795 3843 ἠπείλησε,
2845 3773 3080 3839 δεικνὺς,
3126 3774 3210 3826 ὅτι
3253 3775 3318 3829 οὐ
3355 3775 3455 3843 τῆς
3498 3769 3742 3843 φιλοτιμίας

552 3872 727 3927 neque
763 3857 937 3913 solum
965 3872 994 3912 a
1031 3858 1290 3928 perjurio,
1321 3874 1511 3915 verum
1543 3860 1708 3915 etiam
1742 3876 1772 3913 ιι
1810 3859 2088 3930 jurejuratt

2225 3860 2335 3915 τῶν
2360 3861 2779 3932 ἀγωνιζομένων
2799 3864 2915 3915 ἐστὶ
2934 3863 3129 3927 ταῦτα,
3160 3862 3355 3935 ὥσπερ
3380 3858 3742 3935 ήάκτημοσύνηι

549 3950 620 4005 do
651 3950 910 4005 liberos”
945 3968 959 4005 :
993 3958 1047 4005 et
1071 3949 1223 4019 juxta
1251 3967 1374 4005 cum
1402 3952 1595 4006 amicis
1625 3952 1872 4007 inimicos
1912 3968 2088 4022 quoqu

2227 3953 2322 4006 καὶ
2351 3954 2384 4024 ἡ
2414 3952 2683 4024 παρθενία
2701 3971 2716 3987 ο
2749 3956 2869 4007 ἐκεῖ
2899 3954 3006 4025 γὰρ
3046 3956 3436 4027 προύτρέψατο
3459 3972 3471 3983 ·
3495 3974 3512 4005 ι
3538 3954 3593 4006 Εἰ
3618 3951 3746 4011 θέλεις

540 4038 698 4107 jubet
730 4038 953 4108 diligere
976 4039 1044 4093 ³⁸.
1081 4038 1186 4095 Sed
1220 4049 1274 4094 et
1302 4040 1355 4094 in
1395 4040 1517 4095 aliis
1545 4041 1799 4096 omnibus
1828 4042 2082 4111 prolixior

2225 4043 2427 4108 τέλειος
2458 4040 2617 4097 εἶναι·
2659 4063 2679 4095 ›
2714 4046 2809 4099 καί
2840 4063 2854 4076 ·
2885 4063 2903 4096 ι
2951 4046 3007 4099 '0
3026 4046 3333 4116 δυνάμενος
3361 4048 3576 4117 χωρεῖν,
3598 4039 3744 4113 χωρεί-

548 4125 919 4195 amplioraque
986 4124 1117 4180 fecit
1182 4127 1357 4182 stadia
1409 4142 1428 4181 :
1475 4136 1533 4182 et
1586 4140 1692 4181 non
1737 4128 2089 4183 obedientibu

2224 4150 2324 4189 τω.
2366 4152 2387 4184 ι
2434 4134 2597 4189 Ἀλλὰ
2625 4134 2846 4200 πάντως
2889 4137 3030 4191 οὖτά
3056 4138 3367 4209 ἀνυσθῆναι
3389 4136 3617 4208 βούλεται
3642 4150 3655 4164 ’
3679 4130 3748 4184 καὶ

550 4218 726 4286 ignem
761 4215 1255 4285 inexstinguibilem
1290 4217 1655 4272 comminatus
1684 4226 1789 4283 est,
1816 4219 2089 4287 {ostenden

2224 4226 2333 4297 γὰρ
2376 4226 2487 4280 τῶν
2517 4228 2831 4296 ἀναγκαίων
2883 4230 3022 4284 ἐστι.
3072 4230 3164 4285 Διὸ
3210 4232 3309 4285 καὶ
3340 4231 3443 4301 ἔφη
3470 4228 3618 4291 τοῦθ’,
3646 4226 3748 4293 ὅπερ

547 4323 612 4364 eo
636 4309 776 4378 ipso,
802 4323 909 4363 non
943 4322 1066 4365 esse
1107 4313 1225 4363 haec
1251 4309 1303 4362 in
1333 4308 1613 4364 voluntate
1664 4318 1720 4365 et
1763 4311 1993 4365 arbitrio
2025 4327 2089 4381 po

2227 4316 2420 4388 μαθεῖν
2460 4319 2766 4390 ὴθέλησαςσ
2814 4338 2837 4373 ι
2904 4322 3031 4375 Ἐὰν
3074 4323 3149 4393 μὴ
3212 4323 3551 4395 περισσεύσῃ
3590 4317 3749 4389 ύμῶνὴ

538 4401 648 4456 sita
670 4416 854 4456 eorum
885 4401 977 4470 qui
1008 4409 1242 4466 certant,
1276 4409 1334 4455 ut
1359 4408 1445 4457 est
1478 4412 1770 4471 paupertas
1820 4413 2080 4473 spontane

2224 4410 2537 4482 δικαιοσύνη
2567 4412 2730 4466 πλέον
2748 4414 2858 4467 τῶν
2876 4415 3261 4486 Γραμματέων
3292 4417 3391 4470 καὶ
3421 4412 3743 4486 Φαρισαίων.»

545 4493 719 4545 nullas
762 4491 1050 4561 possidens
1082 4490 1368 4547 facultates
1390 4533 1405 4556 ,
1438 4501 1499 4546 ut
1544 4493 1675 4547 item
1708 4500 1791 4548 est
1831 4493 2084 4564 virginita

2310 4504 2522 4568 ιτέστιν,
2558 4507 2607 4557 εί
2660 4506 2736 4577 μὴ
2777 4506 3035 4560 τοσοῦτον
3066 4508 3538 4578 ὑπερακοντίσητε
3580 4504 3683 4565 τοὺς
3710 4502 3751 4552 ὲν

543 4591 823 4654 perpetua.
851 4582 926 4637 lbi
955 4583 1101 4637 enim
1133 4583 1514 4639 exhortatione
1551 4598 1682 4639 usus
1704 4592 1790 4640 est
1824 4599 1839 4637 :
1876 4602 1896 4636 ι
1945 4586 2002 4640 Si
2034 4586 2082 4639 vi

2219 4596 2289 4664 τῇ
2322 4595 2535 4666 Παλαιᾷ
2563 4596 2997 4668 εὐδοκιμηκότας
3018 4616 3033 4631 ο
3083 4599 3145 4652 ού
3182 4599 3297 4671 γὰρ
3344 4600 3475 4669 περὶ
3508 4597 3605 4650 τῶν
3633 4594 3748 4657 δίκην

542 4675 811 4741 perfectus
847 4672 1061 4739 esse";
1106 4692 1125 4725 ›
1157 4683 1211 4728 et
1260 4690 1274 4728 :
1320 4694 1339 4727 ι
1393 4674 1494 4742 Qui
1545 4684 1722 4746 potest
1766 4691 1983 4746 capere,
2020 4693 2082 4734 ca

2219 4684 2497 4740 δωσόντων
2523 4690 2639 4741 νυνὶ
2671 4688 3029 4760 διαλέγομαιο
3078 4691 3202 4745 ὅσον
3238 4692 3270 4744 6
3302 4689 3532 4763 οὐρανὸς
3572 4688 3655 4756 τῆς
3676 4684 3749 4750 γῆς

540 4763 731 4830 piat".
780 4782 799 4815 ›
853 4763 961 4819 Sed
1003 4767 1225 4834 praecise
1271 4765 1385 4820 vult
1413 4782 1476 4821 ea
1520 4767 1749 4838 impleri.
1783 4768 1921 4823 Sunt
1968 4771 2082 4825 enim

2217 4775 2527 4849 διενήνοχεν
2554 4798 2568 4811 ·
2604 4798 2625 4831 ι
2658 4781 2718 4833 ού
2743 4781 2820 4852 μὴ
2848 4781 3127 4853 εἰσέλθητε
3147 4784 3226 4846 είς
3260 4784 3363 4854 τὴν
3387 4780 3646 4853 βασιλείαν
3668 4794 3746 4828 των

540 4855 841 4909 necessaria
873 4854 1002 4926 (non
1031 4856 1367 4927 arbitraria.)
1399 4858 1571 4925 Quam
1600 4860 1764 4914 etiam
1792 4860 1862 4915 ob
1892 4875 2082 4917 causan

2219 4867 2488 4938 οὐρανῶν.
2526 4888 2547 4921 δ
2581 4870 2707 4934 Τοῖς
2733 4872 2843 4943 γὰρ
2889 4871 3073 4936 ἄθλοις
3107 4873 3204 4927 καὶ¹
3232 4873 3309 4926 τὰ
3346 4871 3553 4926 ἔπαθλα
3577 4866 3745 4923 εἰκότως

539 4947 639 4999 hoc
663 4945 821 5013 dixit,
852 4946 993 5017 quod
1020 4947 1230 5004 discere
1251 4949 1470 5007 voluisti
1497 4970 1510 5005 :
1543 4970 1563 5004 ‹
1604 4950 1721 5008 Nisi
1757 4953 2081 5010 abundaveri

2310 4956 2527 5010 ολουθεῖ.
2577 4958 2805 5012 Ἐκεῖνοι
2855 4961 2952 5031 μὲν
3002 4960 3112 5032 γάρ
3167 4961 3491 5033 σύμμετρον
3527 4952 3745 5012 mittam

604 5098 649 5130 ³⁸
684 5099 875 5157 Matth.
902 5117 957 5171 ν,
986 5102 1079 5157 20.
1157 5102 1206 5135 ³³
1233 5102 1424 5159 Matth.
1454 5118 1507 5171 v,
1532 5104 1621 5160 22.
1702 5105 1751 5137 "
1781 5106 1907 5162 ibid.
1948 5107 2041 5163 28.

535 5166 581 5197 ³³
614 5169 743 5225 ibid.
773 5170 860 5225 12.

2201 5111 2322 5167 ibid.
2355 5112 2449 5178 54,
2474 5114 2564 5169 55.
2678 5114 2723 5147 ³⁸
2746 5114 2876 5171 ibid.
2906 5116 2999 5183 45,
3028 5119 3119 5172 44.
3219 5115 3268 5147 ³⁷
3301 5114 3501 5174 Matth.
3554 5129 3654 5177 nx,
3682 5106 3743 5163 εί·

1623 5333 1858 5390 νΑιιυΕ
1893 5335 2283 5395 LECTIONES
2312 5339 2405 5395 ET
2442 5340 2675 5397 NOTAE.

892 5483 1297 5583 Fariib‘pﬁrs
1328 5488 1475 5583 τᾰ.σ.
1512 5488 1644 5583 ξστ..
1679 5488 1714 5561 ῆ
1757 5487 2103 5583 θεωρηθῆναι
2142 5532 2145 5535 -

2212 5494 2482 5583 “(27),le
2518 5500 2599 5583 tit.
2622 5501 2857 5574 διακόνῳ
2898 5515 3135 5561 mutatur
3186 5507 3246 5563 in
3283 5512 3570 5583 ἐπιδ-κόπῳ
3595 5523 3620 5563 a
3652 5502 3740 5562 cod.

656 5552 859 5638 εξςίξτ.
892 5548 1335 5638 Hygieia/'15:,
1361 5568 1468 5614 etc.
1505 5548 2013 5629 Locus'supp'teiur
2035 5576 2077 5617 e:

1062 5548 1335 5638 [ι’άξοντες,
1361 5568 1468 5614 etc.
1505 5548 1713 5613 Locus'
1731 5548 2013 5629 supp'teiur
2035 5576 2102 5617 ex
2212 5548 2333 5638 Vat.
2351 5548 2491 5638 £36.
2520 5548 2604 5625 ibi

533 5624 654 5673 cod.
684 5618 856 5674 Vatic.
890 5623 1009 5677 650.
1036 5618 1195 5682 Enr}.
1294 5618 1331 5623 ⁷⁷
1801 5618 1813 5628 ’
1835 5618 1850 5629 ’

606 5688 718 5726 (ΘΙἎ
750 5688 883 5726 Vare
947 5702 1105 5726 onlnn
1165 5708 1213 5726 nl
1258 5711 1358 5726 nnn
1428 5711 1526 5726 nun
1570 5696 1856 5726 2.....-1-.4.
1909 5701 2074 5726 ..η-εις

2196 5650 2199 5651 ’
2283 5618 2751 5726 ςὲἕξέἷέοῖιᾶτεξτ-
2797 5643 2938 5726 idem
2974 5644 3136 5701 habet
3166 5651 3567 5726 τῖςρεπέεὲφοης
3601 5646 3660 5703 ιιι·

606 5688 718 5827 (ἐξ)
750 5688 902 5744 Vers.
944 5702 1126 5765 antep.
1164 5708 1219 5754 et
1257 5711 1381 5767 pen.
1428 5711 1527 5767 pro
1569 5696 1856 5770 ἂρηρὸτως
1909 5701 2102 5756 scribit

612 5775 641 5809 α
708 5775 833 5821 τως.
866 5759 1075 5819 Possm.

2284 5688 2396 5774 (29}
2420 5688 3321 5791 ra...'.:."i.;ge'.‘.1i.'.'.;."$25262?
3333 5688 3661 5787 ’ἳῗτῖιὲἓεὲῗ
3673 5712 3723 5767 6t

2214 5771 2377 5827 Rt'r'r.
2398 5805 2464 5818 —-
2488 5778 2621 5827 le-
2654 5780 2779 5827 Vm-
2809 5785 3073 5827 ποηετέθτι
3134 5799 3182 5827 ιιι
3225 5789 3464 5827 ίιιιιὶῖυοίι
3494 5792 3635 5827 nun,

533 5756 833 5827 ἀραρότως.
866 5756 1090 5819 Possm:
1257 5756 1274 5767 ’
1429 5756 1445 5767 “
1609 5756 1620 5770 ’
1665 5756 1695 5770 ”
1835 5756 1852 5763 ⁷

2214 5756 2464 5829 [ιιὶητί-
2488 5778 2621 5836 Cod.
2654 5756 3467 5856 νειῗῗὲρςὶέἑέθῖῖῖιῗἱᾏὶιίέἑὶι
3492 5756 3638 5845 iiii}:
