3906 6416
85 592 198 656 1393
995 583 1526 644 EPISTOLARUM
1563 582 1709 643 LIB.
1749 582 1845 645 IV.
1886 606 1953 619 -
1991 582 2226 644 EPIST.
2267 582 2421 644 CCV.
3176 578 3310 644 1294

83 702 187 754 τινὰ
234 698 664 768 πολιτευόμενοι,
724 696 828 766 γῆν
868 695 963 748 καὶ
1023 693 1442 765 μακροημερίαν
1477 693 1635 764 ἔσχον

1747 692 1943 759 iustitia
1962 705 2142 750 vestra
2161 697 2280 765 plus
2299 709 2461 764 quam
2476 690 3312 764 8οιί1ιιιτυηιειΡ1ιοτίειεοιιιιη;ι

82 794 164 862 τὴν
189 790 445 860 ἀμοιϐήν.
492 807 511 840 ι
539 788 684 858 Τίμα
703 788 833 858 γὰρ,
859 787 1016 856 φησὶ,
1051 788 1142 839 τὸν
1165 787 1380 856 πατέρα
1407 787 1502 839 καὶ
1536 784 1636 856 τὴν

1747 785 1848 839 hoc
1869 791 1972 848 est.
2003 786 2108 839 nisi
2134 795 2281 840 tanto
2305 785 2589 840 intervallo
2627 785 3018 856 superaveritis
3059 802 3155 844 eos
3179 829 3195 854 ,
3221 789 3313 859 qui

87 885 274 955 μητέρα
327 898 448 945 σου,
504 881 592 932 ἵνα
627 877 685 932 εὗ
729 896 813 932 σοι
871 877 1122 948 γένηται,
1177 877 1271 929 καὶ
1307 877 1405 948 ἔσῃ
1434 892 1640 946 μακρο-

1747 875 1800 930 in
1830 875 2010 932 Veteri
2041 876 2435 946 (Testamento)
2463 877 2661 931 virtute
2687 877 2819 932 clari
2844 893 2908 934 ac
2926 877 3168 935 celebres
3191 879 3315 934 lue-

84 975 268 1044 χρόνιος
310 971 406 1023 ἐπὶ
449 972 550 1040 τῆς
579 973 706 1040 γῆς,
753 969 820 1037 ἢν
864 967 1074 1040 Κύριος
1099 968 1128 1019 ὁ
1155 966 1286 1029 Θεός
1320 983 1412 1018 σου
1447 963 1630 1018 δίδωσί

1747 976 1875 1020 runt
1895 965 2024 1035 (non
2052 965 2321 1035 enimjam
2346 966 2537 1036 loquor
2552 967 2618 1020 de
2638 967 2724 1031 iis,
2749 967 2841 1037 qui
2864 982 3056 1037 paenas
3073 969 3315 1034 dabunt;

85 1082 172 1116 σοι.
207 1081 223 1114 ι
277 1063 437 1132 Ἡμῖν
478 1063 534 1114 δὲ
585 1065 695 1125 τοῖς
734 1062 860 1124 τοὺς
928 1060 1318 1128 εὐαγγελικοὺς
1371 1058 1626 1120 διαύλους

1747 1057 1838 1112 sed
1862 1059 1926 1111 de
1961 1057 2068 1111 illis
2097 1058 2188 1126 qui
2223 1059 2435 1112 virtutis
2460 1059 2638 1112 studio
2661 1059 2852 1124 dediti,
2881 1073 3056 1128 eoque
3097 1062 3318 1116 nomine

85 1155 378 1226 δραμοῦσιν,
430 1155 658 1225 οὐρανὸς
727 1153 1040 1218 ἀπόκειται,
1117 1152 1210 1204 καὶ
1260 1151 1331 1204 τὰ
1377 1151 1437 1202 ὲν
1485 1148 1636 1218 αὐτῷ

1749 1147 1881 1202 clari
1933 1147 2173 1219 fuerunt)
2201 1188 2217 1212 ,
2261 1158 2467 1217 quanto
2515 1149 2798 1204 intervallo
2848 1151 3011 1206 distat
3053 1152 3251 1206 coelum
3287 1168 3318 1206 a

83 1247 259 1314 ἀγαθά.
1748 1251 1945 1304 terra,¢
1977 1253 2081 1294 non
2097 1239 2391 1294 introibitis
2411 1240 2464 1294 in
2480 1254 2700 1310 regnum
2724 1240 3041 1296 caelorum.»
3059 1241 3324 1299 Certami.

83 1340 222 1392 nibus
247 1339 388 1394 enim
423 1339 621 1393 merito
639 1337 1027 1408 consequentia
1056 1343 1182 1390 sunt
1208 1334 1372 1389 etiam
1393 1331 1634 1403 praemia.
1671 1329 1750 1386 Illi
1791 1344 2026 1399 namque
2082 1329 2368 1384 honestam
2390 1339 2445 1385 et
2497 1330 2816 1399 aequabilem
2849 1331 3012 1386 vitam
3048 1331 3316 1400 colentes,

83 1441 259 1485 terram
291 1442 345 1487 et
375 1434 766 1501 longaevitatem
797 1444 894 1500 pro
923 1429 1142 1500 praemio
1174 1429 1431 1482 habuere.
1482 1445 1500 1479 ι
1539 1425 1784 1490 Honora,
1827 1423 2025 1493 inquit,
2048 1433 2254 1493 patrem
2292 1432 2346 1480 et
2384 1431 2610 1480 matrem
2647 1434 2820 1491 tuam,
2845 1433 2904 1480 ut
2935 1425 3073 1481 bene
3099 1426 3196 1482 tibi
3225 1423 3325 1506 sit.

82 1533 128 1576 et
163 1523 230 1578 sis
265 1524 536 1591 longaevus
581 1538 744 1592 super
802 1532 1026 1585 terram,
1056 1535 1216 1588 quam
1240 1519 1500 1574 Dominus
1524 1515 1668 1572 Deus
1698 1524 1821 1572 tuus
1867 1515 2016 1570 dabit
2044 1515 2174 1580 tibi;
2213 1533 2234 1567 ι
2295 1514 2450 1570 nobis
2511 1523 2693 1570 autem
2727 1515 3051 1587 evangelicis
3074 1514 3319 1574 decursis

83 1617 266 1679 stadiis,
291 1617 489 1670 caelum
509 1657 525 1681 ,
556 1627 610 1671 et
651 1616 808 1686 hujus
838 1617 980 1671 bona
1014 1624 1140 1669 sunt
1167 1613 1421 1682 reposita.

80 1749 266 1805 Σει-
311 1751 629 1822 ΟΛΥΜΠΙῼ
666 1749 1139 1819 ΠΡΕΣΒΥΤΕΡῼ,
1172 1745 1632 1815 ΣΧΟΛΑΣΤΙΚῼ.
1741 1743 1904 1817 530
1935 1742 2089 1800 ccv.
2122 1775 2194 1786 --
2235 1742 3068 1871 οιιγιιιξὲοηιὲἑιεδθγτειιο.
3093 1744 3322 1816 nsano-

142 1923 256 1976 Ὀτι
289 1922 389 1992 μὲν
437 1921 546 1992 πρὸ
592 1919 806 1974 πολλῶν
853 1920 920 1974 ἂν
963 1917 1182 1990 δωρεῶν
1221 1917 1316 1971 καὶ
1366 1913 1637 1987 μεγίστης

1815 1930 2112 2002 Equidem,
2172 1932 2344 1986 amice
2393 1930 2497 1994 vir,
2549 1928 2762 1984 inﬁcias
2830 1943 2937 1983 non
3003 1929 3177 1995 ivero,
3235 1944 3322 1986 me

89 2013 316 2071 εὐκλείας
345 2012 572 2081 ἐθέμην,
605 2012 666 2066 τὸ
691 2012 821 2082 περὶ
851 2005 927 2065 ὧν
956 2009 1148 2081 πρώην
1169 2009 1421 2080 γέγραφα
1450 2023 1636 2059 πεπει-

1747 2023 2161 2097 praepositurum
2245 2023 2349 2078 hoc
2447 2020 2619 2075 fuisse
2708 2019 2896 2076 multis
2962 2022 3316 2088 muneribus,

83 2106 179 2169 κὼς
207 2105 427 2166 ἁνῦσαι,
451 2105 550 2157 οὐκ
575 2104 642 2157 ἂν
672 2104 916 2174 ἔξαρνος,
960 2096 1006 2156 ὦ
1031 2101 1175 2170 φίλε,
1203 2100 1473 2170 ἐγενόμην
1497 2097 1635 2165 ('50).

1747 2096 2112 2183 maximasque
2143 2111 2319 2166 laudis
2366 2111 2485 2166 loco
2532 2104 2865 2174 habiturum,
2917 2109 2964 2164 si
3009 2125 3073 2166 ea
3105 2112 3171 2167 de
3199 2112 3323 2181 qui-

83 2196 245 2266 Ταύτῃ
281 2213 343 2262 γε
375 2196 556 2256 αἰτίας
603 2196 734 2248 είσω
780 2193 1163 2264 ὑπελάμϐανον
1195 2187 1336 2244 εἶναι
1379 2191 1560 2256 δόξας,
1588 2189 1642 2243 ετ

1747 2205 1847 2260 bus
1881 2219 2054 2274 nuper
2077 2203 2291 2272 scripsi,
2317 2203 2690 2272 persuadendo
2709 2205 2971 2272 perlicere
2999 2202 3320 2273 potuissem.

81 2305 205 2350 τινες
251 2289 322 2340 τὰ
379 2287 631 2357 βέλτιστα
678 2285 988 2349 ἀκούοντες,
1044 2285 1118 2356 μὴ
1184 2285 1501 2356 προσέχοιεν
1549 2282 1643 2336 τὸν

81 2379 208 2443 νοῦν,
265 2380 357 2432 καὶ
415 2378 617 2447 ταύτης
678 2378 779 2448 τῆς
836 2377 944 2432 ἀπὸ
996 2377 1106 2430 τῶν
1151 2376 1325 2445 λόγων
1373 2375 1640 2444 ὠφελείας

81 2472 488 2538 ἀποστερήσειαν
543 2470 768 2532 ἑαυτούς
793 2487 807 2500 ·
853 2469 968 2522 ἀλλ’
1009 2467 1236 2538 ἤλπιζον
1292 2467 1480 2531 ἁπλῶς
1515 2467 1644 2520 ἕκα-

87 2577 196 2614 στον
227 2563 257 2631 ἦ
298 2563 391 2613 ἐπὶ
441 2562 568 2622 τοὺς
611 2561 685 2632 μὴ
710 2560 1028 2624 πεισθέντας
1053 2561 1153 2631 τὴν
1212 2559 1421 2630 μέμψιν
1452 2559 1640 2623 οἴσειν,

81 2657 111 2724 ἦ
145 2658 262 2725 μήτ’
307 2657 453 2726 ἐμοὶ,
514 2656 637 2724 μήτ’
681 2654 910 2717 ἐκείνοις
955 2654 1322 2723 ἐπιτιμήσειν.
1379 2651 1535 2704 Ἐπεὶ
1586 2651 1643 2704 δὲ

81 2748 150 2804 εἰς
203 2744 454 2797 τοσοῦτον
491 2744 602 2811 (5|)
649 2744 934 2813 προήκεις,
975 2743 1052 2804 ὡς
1103 2742 1226 2811 ἐμοὶ
1287 2739 1638 2811 μέμψασθαισ

82 2835 190 2887 ἀλλ’
221 2837 249 2886 ὁ
281 2835 378 2904 μὲν
424 2834 585 2905 μηδὲν
618 2833 754 2904 ἔχων
801 2835 996 2898 εἰπεῖν,
1049 2833 1186 2886 ἀλλὰ
1227 2833 1322 2885 καὶ
1343 2832 1414 2885 τὰ
1464 2831 1642 2884 πάντα

81 2929 362 2993 ἐκθειάζων
396 2945 410 2957 °
470 2927 528 2979 ἒν
575 2928 631 2980 δὲ
678 2927 896 2998 ἰσχυρὸν
941 2925 1084 2996 ἔχειν
1129 2925 1389 2994 νομίζων,
1443 2924 1507 2976 τὸ
1558 2923 1636 2995 μὴ

80 3021 382 3092 δεδυνῆσθαι
415 3024 601 3074 πεῖσαι
627 3035 642 3052 ο
677 3020 890 3090 ἀνάγκη
931 3036 1013 3072 σοι
1053 3019 1184 3089 περὶ
1237 3015 1429 3070 τούτου
1469 3015 1644 3086 χαρά-

83 3114 157 3178 ξαι
185 3115 509 3185 γράμματα.
543 3113 637 3166 καὶ
688 3112 763 3183 μὴ
816 3111 976 3181 σιγὴν
1021 3109 1121 3181 τὴν
1161 3109 1342 3163 αἰτίαν
1376 3110 1639 3176 ἐνεγκεῖν.

85 3208 307 3260 ’Δτοπον
343 3207 474 3275 γὰρ,
536 3206 597 3259 σὲ
628 3205 729 3276 μὲν
769 3204 975 3276 τολμᾷν
1018 3203 1054 3257 ἃ
1095 3203 1168 3274 μὴ
1215 3203 1482 3274 προσήκει
1505 3200 1638 3273 γρά-

82 3313 223 3364 φεινο
270 3297 372 3368 ἐμὲ
409 3297 452 3349 δ’
506 3295 942 3350 ἀντεπιστέλλειν
992 3295 1061 3348 τὰ
1105 3295 1287 3347 δίκαια
1327 3293 1637 3347 κατοκνεῖν.

83 3387 134 3440 ΕΞ
165 3389 259 3458 μὲν
289 3388 399 3457 γὰρ
441 3384 615 3450 εἶπες,
672 3386 747 3457 μὴ
797 3384 1119 3448 ἐπέστειλας
1165 3384 1242 3447 δὲ,
1271 3384 1371 3455 τὴν
1409 3384 1641 3453 ἡσυχίαν

81 3477 311 3552 ἀνῆγον.
354 3480 575 3550 Ἐπειδὴ
613 3477 669 3530 δὲ
718 3478 1063 3548 μεμήνυκας,
1104 3476 1140 3529 ἃ
1171 3476 1310 3547 μήτε
1356 3474 1468 3544 ἐγὼ
1498 3475 1644 3527 σεσί-

80 3590 231 3641 γηκα,
262 3573 357 3625 καὶ
384 3572 487 3640 τῆς
530 3572 630 3640 σῆς
659 3569 852 3638 σοφίας
872 3567 949 3637 τῷ
976 3567 1153 3621 δοκεῖν
1179 3566 1389 3637 τάληθῆ
1424 3566 1642 3636 μέμψα-

82 3666 324 3734 ςθαιβὲ)
384 3663 748 3734 περιγίνεται.
809 3661 1114 3730 Βουλοίμην
1172 3659 1272 3730 μὲν
1329 3655 1422 3712 οὖν
1475 3659 1642 3728 μηδὲν

80 3757 262 3826 πικρὸν
296 3755 432 3825 μηδὲ
465 3751 938 3822 καταφρονητικὸν
988 3751 1229 3804 ἐκθεῖναι
1251 3751 1374 3812 ταῖς
1416 3749 1637 3802 ἀποδεί-

82 3845 229 3909 ξεσιν·
268 3846 330 3896 οὐ
365 3842 473 3913 γὰρ
519 3842 729 3912 ἑτέροις
772 3841 893 3910 ἥκω
940 3839 1126 3903 κακῶς
1155 3837 1324 3902 λέξων
1347 3851 1361 3866 ⁸
1413 3837 1529 3890 ἀλλ’
1565 3837 1645 3899 ὡς

78 3939 167 3988 οὐκ
194 3936 357 3998 αὐτὸς
384 3937 633 4005 ἥμαρτον
681 3932 1005 3999 ἀποδείξων.
1040 3932 1104 3984 Εἰ
1143 3930 1202 3982 δέ
1229 3947 1284 3982 τι
1341 3929 1434 3982 ὑπ’
1472 3929 1644 3998 αὐτῆς

78 4031 166 4097 τῆς
201 4029 449 4097 ἀνάγκης
502 4027 677 4078 εἰπεῖν
708 4022 1008 4088 ἑκϐιασθῶ,
1055 4025 1125 4092 τῇ
1148 4021 1259 4075 τῶν
1295 4021 1644 4092 πραγμάτων

79 4121 247 4185 φύσει,
279 4118 344 4170 οὑ
399 4119 465 4187 τῇ
521 4114 615 4168 τοῦ
665 4114 972 4185 γράφοντος
1003 4111 1198 4185 γνώμῃ
1227 4112 1327 4183 τὴν
1355 4111 1536 4165 αἰτίαν
1557 4111 1646 4163 λο-

79 4212 302 4275 γιστέον.
351 4207 625 4279 ’Λρξομαι
675 4207 732 4259 δὲ
785 4206 878 4275 ἀφ’
921 4200 996 4260 ὧν
1040 4205 1206 4268 αὐτὸς
1258 4204 1522 4277 ἔγραψας.
1571 4203 1636 4256 El

79 4303 174 4372 γὰρ
207 4299 504 4370 γεγραφὼς
536 4296 801 4360 πολλάκις
851 4295 928 4358 ὥς
948 4312 1092 4366 φημι
1124 4296 1402 4366 προσῆκεν
1425 4307 1440 4322 ⁸
1475 4294 1646 4363 ὅνπερ

77 4394 132 4459 δὴ
163 4393 410 4463 πῳσῆκε
438 4392 639 4462 τρόπον
661 4407 676 4421 ο
709 4388 846 4460 πρὸς
865 4387 1128 4440 Εὐσέϐιον
1173 4387 1270 4440 καὶ
1310 4384 1642 4456 Μαρτιανὸν,

77 4485 313 4555 ῗιέισιμὸν
367 4501 426 4535 τε
479 4482 576 4535 καὶ
624 4481 892 4552 Μάρωνα.
943 4478 1084 4531 ὥστε
1129 4478 1329 4540 κακίας
1374 4478 1473 4547 μὲν
1528 4477 1642 4548 (55)

78 4577 394 4643 ἀποστῆναι,
445 4575 543 4643 τῆς
594 4573 716 4626 κατ’
771 4569 973 4642 ἀρετὴν
1014 4571 1071 4623 δὲ
1123 4568 1641 4638 ἀντιλαμϐάνεσθαι,

77 4663 182 4719 εἶτα
211 4666 360 4719 τοῦτ’
388 4668 490 4719 οὐκ
542 4665 760 4729 ἔπεισα,
802 4664 1051 4734 ποτέρων
1101 4663 1138 4733 ἠ
1168 4661 1507 4732 κατηγορία;
1548 4661 1642 4714 καί
1674 4694 1719 4750 D

80 4775 157 4826 μοι
187 4759 368 4819 δοκεῖς
413 4756 558 4826 λόγῳ
610 4756 710 4826 μὲν
759 4755 862 4826 ὲμὲ
904 4753 1188 4807 αἰτιᾶσθαι
1213 4770 1228 4782 ·
1261 4753 1409 4823 ἔργῳ
1429 4753 1475 4806 δ’
1495 4754 1639 4806 ὲκεί-

77 4867 182 4911 νννδς
224 4848 532 4918 κωμῳδεῖν.
580 4848 639 4899 Ὀ
675 4845 752 4916 μὴ
794 4845 1136 4915 πειθόμενοςε
1154 4843 1457 4913 κορυφαίῳ,
1484 4843 1644 4915 χορὸς

74 4941 345 5006 annoso:
399 4942 428 4991 ὁ
484 4939 560 5008 μὴ
606 4937 930 5006 πειθόμενος
998 4935 1190 5007 ἰατρῷ,
1245 4934 1449 4998 ἄθλιος.
1490 4935 1548 4988 '0
1587 4935 1647 4989 δὲ

75 5035 362 5100 κορυφαῖος
392 5032 486 5083 καὶ
521 5031 728 5101 ἰατρὸς,
768 5028 874 5095 ἔξω
911 5028 1092 5090 αἰτίας
1128 5027 1488 5097 ὲσκήνωνται.
1522 5025 1647 5078 Τῶν

71 5125 166 5191 γὰρ
207 5123 445 5193 μάλιστα
473 5121 813 5191 δυνηθέντων
845 5119 1044 5185 εἰπεῖν,
1075 5119 1172 5172 καὶ
1199 5118 1467 5188 μεγίστην
1485 5117 1645 5181 δόξαν

71 5207 153 5264 ἐπὶ
211 5213 478 5282 φρονήσει
536 5210 833 5276 λαϐόντων,
899 5209 1077 5273 οὐδείς
1147 5212 1319 5275 ἐστιν,
1377 5209 1436 5273 ὂς
1498 5207 1646 5262 τοῦτ’

136 5387 176 5419 ”
209 5389 389 5443 Exod.
429 5405 523 5455 xx,
553 5388 637 5445 12.

1743 2294 2016 2350 Hactenus
2072 2309 2202 2350 sane
2245 2293 2416 2363 culpae
2464 2292 2649 2350 amnes
2704 2295 3098 2358 existimarem,
3150 2293 3196 2348 si
3227 2292 3320 2364 qui

1743 2385 1945 2454 Optima
1979 2385 2260 2439 audientes
2303 2382 2531 2451 monita,
2563 2399 2668 2440 non
2705 2385 3029 2441 adhiberent
3061 2385 3322 2451 animum,

1744 2490 1810 2531 ac
1841 2476 2164 2546 semetipsos
2210 2473 2353 2530 ultro
2381 2489 2467 2540 ea,
2496 2490 2617 2545 qua:
2659 2490 2726 2531 ex
2770 2475 3032 2545 ejusmodi
3064 2476 3325 2532 orationi-

1743 2571 1846 2624 bus
1900 2568 2207 2622 redundare
2253 2575 2494 2636 poterat,
2544 2567 2780 2624 utilitate
2841 2570 3141 2639 privarent.
3212 2569 3322 2624 Sed

1744 2661 2030 2730 sperabam
2091 2659 2411 2729 simpliciter
2465 2673 2912 2730 unumquemque
2969 2661 3055 2716 vel
3104 2661 3161 2715 in
3226 2674 3323 2716 eos

1745 2751 2133 2805 translaturum
2165 2751 2661 2821 reprehensionem,
2677 2752 2767 2822 qui
2793 2753 2954 2808 rectis
2972 2753 3190 2809 monitis
3214 2769 3320 2807 non

1743 2841 2234 2908 obtemperassent,
2275 2843 2358 2897 vel
2401 2856 2575 2912 neque
2621 2843 2749 2910 illis,
2793 2857 2972 2914 neque
2997 2844 3128 2899 mihi
3160 2844 3322 2899 ullam

1744 2935 2076 3005 ingesturum
2126 2935 2581 3006 obiurgationem.
2647 2935 2785 3004 Quia
2855 2951 2984 2993 vero
3037 2950 3103 2992 eo
3143 2953 3316 3007 usque
3421 2990 3424 2994 .

1742 3024 2010 3095 procedis,
2036 3033 2093 3078 ιιι
2117 3039 2201 3078 me
2227 3024 2520 3094 vituperes,
2547 3033 2627 3090 tu,
2664 3025 2908 3092 inquam,
2932 3025 3026 3096 qui
3050 3026 3187 3081 nihil
3209 3028 3310 3081 ha-

1743 3117 1838 3171 bes
1860 3117 2059 3180 dicere,
2101 3115 2194 3170 sed
2226 3117 2406 3169 omnia
2454 3130 2669 3186 quoque
2715 3125 2972 3185 tanquam
3004 3117 3182 3172 divina
3219 3132 3320 3172 ex-

1754 3206 1931 3273 tollis,
1972 3222 2035 3261 ac
2067 3221 2230 3259 unum
2279 3205 2542 3260 duntaxat
2575 3214 2630 3260 te
2667 3205 2866 3260 habere
2912 3206 3044 3259 satis
3101 3205 3316 3260 firmum

1747 3299 2054 3362 arbitraris,
2085 3311 2279 3365 nempe
2314 3297 2457 3367 quod
2483 3311 2589 3352 non
2633 3296 2900 3366 potuerim
2934 3297 3263 3365 persuadere
3297 3339 3312 3351 .

1746 3391 2042 3446 necessitas
2065 3389 2324 3460 postulat,
2350 3398 2411 3444 ut
2433 3386 2528 3443 tibi
2547 3393 2645 3442 hac
2663 3387 2731 3443 de
2754 3403 2813 3443 re
2830 3388 3063 3444 scribam
3088 3388 3320 3451 litteras,

1746 3498 1922 3553 neque
1967 3483 2323 3546 committam,
2378 3491 2436 3535 ut
2486 3480 2703 3536 silentio
2759 3480 2975 3550 culpam
3026 3481 3315 3551 agnovisse

1746 3574 1950 3628 videar.
2004 3573 2309 3626 Absurdum
2348 3572 2494 3626 enim
2542 3569 2730 3636 fuerit,
2781 3581 2841 3626 ut
2880 3580 2936 3626 tu
2985 3572 3202 3642 quidem
3249 3587 3314 3628 ea

1746 3680 1866 3732 quae
1910 3678 2012 3716 non
2049 3664 2205 3718 decet
2283 3664 2527 3719 scribere
2575 3666 2762 3732 ausis;
2818 3680 2918 3737 ego
2969 3677 3149 3723 autem
3177 3667 3324 3737 iusta

1747 3753 2048 3808 rescribere
2070 3769 2175 3808 non
2205 3754 2401 3809 ausim.
2435 3753 2569 3808 Nam
2593 3755 2640 3811 si
2669 3757 2884 3826 quidem
2907 3758 3146 3815 dixisses
3202 3769 3294 3814 tan

1750 3855 1885 3911 tum,
1920 3855 2026 3900 non
2054 3846 2222 3900 etiam
2268 3846 2579 3916 scripsisses
2603 3848 2751 3912 talia,
2788 3848 3116 3917 quievissem
3162 3866 3316 3908 sane.

1747 3938 2012 4003 Quoniam
2047 3947 2226 3992 autem
2253 3936 2570 4007 signiﬁcasti
2603 3951 2689 4003 ea,
2743 3951 2865 4008 qua:
2911 3955 3086 4010 neque
3110 3956 3211 4009 ego
3234 3957 3321 3996 re-

1747 4029 1900 4093 ticui,
1933 4039 1989 4083 et
2014 4037 2158 4084 tuam
2193 4029 2540 4098 sapientiam,
2596 4045 2718 4100 quae
2775 4030 2882 4085 sibi
2935 4032 3148 4087 videtur
3190 4047 3320 4087 vera

1746 4117 1975 4173 crimina
2047 4116 2354 4186 obiecisse,
2423 4127 2700 4185 superant.
2761 4118 2907 4174 Nihil
2939 4120 3120 4191 itaque
3162 4121 3320 4178 velim

1747 4207 1942 4262 acerbe
1973 4221 2152 4276 neque
2198 4208 2550 4277 contemptim
2591 4210 2928 4279 argumentis
2974 4210 3323 4281 interponere

1748 4302 1875 4372 (non
1897 4299 2040 4355 enim
2073 4314 2137 4356 ea
2164 4314 2326 4356 causa
2351 4300 2566 4365 adsum,
2605 4311 2666 4355 ut
2696 4300 2817 4357 aliis
2843 4301 3186 4370 maledicam,
3220 4305 3316 4360 sed

1747 4400 1806 4445 ut
1831 4390 2136 4454 ostendam,
2165 4405 2251 4446 me
2287 4391 2374 4446 hic
2416 4391 2547 4445 nihil
2593 4392 2890 4460 peccasse).
2928 4391 2987 4447 Si
3025 4394 3155 4464 quid
3191 4409 3326 4450 vero

1747 4483 1865 4552 ipsa
1916 4496 2002 4536 me
2055 4491 2216 4552 cogat
2257 4482 2439 4537 dicere
2493 4484 2812 4548 necessitas,
2867 4483 2986 4552 ejus
3029 4484 3107 4539 rei
3157 4499 3320 4540 causa

1747 4580 1956 4626 naturae
2016 4570 2382 4640 negotiorum,
2434 4585 2544 4625 non
2597 4579 2777 4626 autem
2830 4585 2965 4626 mea:
3019 4568 3317 4626 scribentis

1748 4659 2011 4715 voluntati
2046 4659 2363 4729 imputanda
2385 4667 2489 4714 est.
2523 4659 2726 4714 Ducam
2756 4673 2887 4715 vero
2918 4660 3048 4716 hinc
3073 4660 3319 4726 initium,

1749 4752 1817 4807 de
1849 4765 1958 4822 quo
2003 4751 2118 4821 ipse
2143 4751 2432 4821 scripsisti.
2466 4750 2525 4806 Si
2574 4751 2662 4807 vel
2708 4751 2965 4818 maxime,
3014 4767 3141 4807 cum
3181 4766 3327 4823 saepe

1747 4842 2083 4912 scripserim,
2112 4855 2213 4913 pro
2238 4857 2305 4897 eo
2338 4856 2400 4897 ac
2423 4842 2648 4898 decebat
2677 4845 2760 4913 (ut
2788 4852 2936 4899 certe
2979 4843 3226 4913 decebat)
3257 4844 3324 4898 ad

1748 4934 2043 4990 Eusebium
2073 4942 2128 4987 et
2154 4932 2476 4988 Martianum
2511 4942 2567 4989 et
2595 4933 2873 4989 Zosimum
2923 4943 2979 4991 et
3018 4933 3317 4999 Maronem,

1750 5027 1996 5082 hortatus
2023 5040 2141 5091 eos,
2168 5036 2230 5080 ut
2278 5040 2309 5079 a
2336 5025 2482 5080 vitiis
2507 5026 2724 5096 quidem
2760 5036 2816 5081 et
2851 5027 3198 5096 improbitate
3225 5028 3322 5083 de-

1749 5119 2030 5184 sisterent,
2056 5118 2124 5174 ad
2157 5117 2324 5174 vitam
2357 5133 2486 5174 vero
2510 5120 2808 5174 secundum
2840 5120 3096 5176 virtutem
3119 5120 3324 5190 degen-

1750 5207 1873 5263 dam
1902 5207 2140 5263 studium
2163 5221 2328 5263 omne
2355 5222 2513 5264 suum
2539 5208 2853 5264 conferrent
2899 5209 2950 5264 id
2981 5219 3161 5267 tamen
3187 5211 3321 5280 ipsis

1193 5539 1427 5598 VARIE
1466 5539 1848 5596 LECTIONES
1880 5541 1971 5597 ΕΤ
2008 5542 2242 5598 NOTAE.

136 5707 243 5772 (56)
280 5705 384 5758 Pro
432 5705 537 5767 his,
571 5703 713 5772 φίλε,
746 5702 1033 5772 ἐγενόμην,
1064 5701 1178 5754 lucc
1218 5703 1342 5772 cod.
1387 5703 1501 5758 Vat.
1539 5703 1644 5757 650

86 5769 358 5835 mbstttuil,
392 5769 647 5841 φιλαίτιε.
681 5769 942 5840 γενοίμην
970 5769 1030 5823 οὐ
1067 5773 1194 5840 μήν.
1217 5769 1428 5826 Possm.

135 5849 240 5909 (5|)
281 5846 428 5898 Inter
457 5843 709 5895 τοσοῦτον
743 5853 797 5896 et
836 5842 1100 5912 προήκεις
1149 5842 1288 5895 idem
1327 5843 1519 5896 inserit
1550 5861 1640 5895 σο-

92 5917 605 6056 Ιιῗῖζὲῖἳίέμφεσθαι
661 5980 849 6035 scribit
899 5979 1039 6036 idem
1091 5995 1187 6048 pro
1219 5979 1554 6052 μέμψασθαι,
1591 5994 1645 6038 el.

1743 5705 2196 5779 mo§_§6_ou)t6p~qv
2239 5721 2335 5779 pro
2369 5706 2683 5779 βουλοίμην.
2716 5708 2792 5763 In.

1770 5772 1927 5860 γ(53)
1957 5772 2102 5860 ξοει
2127 5772 2328 5860 κακίας
2369 5772 2482 5859 ’μὲν
2523 5772 2642 5860 qua;
2686 5788 2988 5860 sequuntur
3019 5783 3317 5860 lisque‘ancl

1743 5845 1862 5897 εἶτα
1889 5845 2033 5898 τοῦτ’
2072 5845 2395 5910 εκςιιιδίινιςζ
2431 5851 2508 5901 sic
2544 5845 2690 5902 habe
2732 5845 2796 5903 ei
2845 5853 2964 5905 cmi.
3019 5845 3144 5906 Vat;
3193 5851 3319 5906 650.

1743 5917 2124 5987 ἁποφοιτῆσαι,
2149 5918 2350 5988 ἀρετῆς
2377 5919 2433 5971 δὲ
2456 5919 2854 5975 ἀντιλαϐέσθαι.
2888 5922 2962 5976 In.
