3906 6416
596 563 732 632 1295

1780 560 1837 619 S.
1877 559 2170 618 ISIDORI
2206 559 2645 619 PELUSIOTE

3712 559 3811 626 1⁵296

597 701 702 739 non
744 678 1007 753 persuasi,
1041 677 1215 732 utrius
1238 674 1406 744 partis
1441 674 1555 728 iure
1608 683 1689 729 est
1724 675 1925 745 culpa?
1954 675 2167 729 Videris

2282 674 2553 744 ἐξέφυγεν,
2611 676 2672 728 οὐ
2727 676 2878 747 παρά
2930 677 3031 747 τὴν
3087 676 3296 729 οίκείαν
3352 676 3661 741 ἀσθένειαν,
3711 680 3813 736 ἀλλὰ

596 783 775 829 autem
815 771 945 824 mihi
977 771 1141 823 verbo
1175 768 1391 836 quidem
1441 765 1495 819 in
1545 780 1629 818 me
1656 764 1869 834 culpam
1899 765 2164 833 rejieere;

596 866 770 933 reipsa
828 877 955 916 vero
1012 860 1134 915 illos
1209 860 1517 912 traducere.
1579 856 1682 924 Qui
1737 858 2020 926 praesidem
2059 872 2165 912 non

592 955 881 1017 auscultat,
913 954 1113 1007 chorus
1138 952 1493 1004 inconcinnus
1539 960 1655 1015 est;
1698 950 1789 1017 qui
1823 948 2031 1003 medico
2059 963 2166 1002 non

593 1049 953 1116 obtemperat,
989 1046 1152 1098 miser
1188 1052 1271 1096 est
1309 1061 1322 1096 :
1368 1052 1424 1095 at
1454 1056 1655 1110 prmses
1678 1041 1830 1095 chori
1872 1040 2086 1104 musici,
2115 1050 2171 1093 et

593 1137 853 1201 medicus,
912 1144 1069 1189 extra
1126 1133 1339 1201 culpam
1382 1141 1487 1185 est.
1527 1130 1659 1184 Nam
1699 1139 1754 1185 et
1789 1130 2022 1196 illorum,
2079 1130 2167 1198 qui

592 1229 880 1296 plurimum
937 1227 1161 1280 dicendo
1207 1225 1520 1287 valuerunt,
1582 1222 1987 1291 maximamque
2038 1236 2169 1290 pru-

593 1320 785 1375 dentia:
814 1319 1120 1388 Opinionem
1149 1326 1203 1370 et
1257 1316 1483 1384 gloriam
1538 1314 1767 1369 assecuti
1814 1322 1959 1376 sunt,
1998 1327 2161 1366 nemo

591 1420 695 1476 est,
730 1410 822 1479 qui
875 1411 976 1463 hoc
1022 1407 1260 1479 effugere
1306 1406 1543 1477 potuerit
1589 1407 1799 1461 crimen
1835 1403 1906 1476 (si
1958 1404 2168 1457 crimen

595 1501 975 1573 appellandum
1006 1502 1136 1567 est),
1174 1499 1337 1567 idQue
1372 1512 1479 1552 non
1519 1496 1591 1553 ob
1640 1512 1793 1552 suam
1824 1494 2170 1550 imbecillita-

596 1604 782 1659 tatem,
840 1592 936 1647 sed
970 1591 1115 1653 ideo,
1173 1590 1299 1657 quia
1358 1590 1632 1644 auditores
1668 1588 1720 1641 in
1757 1602 1850 1641 sua
1902 1594 2171 1656 potestate

594 1688 795 1743 habent
841 1685 1000 1739 ﬁnem
1034 1682 1146 1752 (qui
1195 1690 1277 1735 est
1332 1678 1663 1748 persuasio),
1700 1688 1921 1747 propter
1952 1677 2173 1731 liberta-

596 1791 701 1831 tetn
726 1776 959 1831 arbitrii.
984 1774 1156 1841 Quam
1192 1772 1357 1826 etiam
1382 1772 1450 1825 ob
1480 1784 1699 1826 causam
1736 1770 1890 1823 ﬁrma
1919 1769 2171 1824 consistit

591 1868 779 1939 iudicii
820 1867 978 1922 ratio.
1008 1861 1367 1935 531-532
1416 1862 1482 1915 Et
1510 1862 1638 1929 quid
1692 1862 1888 1915 attinet
1926 1860 2173 1914 homines

595 1972 1044 2024 commemorare,
1068 1972 1190 2011 cum
1219 1956 1272 2007 in
1292 1963 1543 2025 promptu
1566 1953 1723 2007 sitab
1744 1952 1860 2020 ipso
1893 1950 2172 2006 Salvatorc

596 2053 963 2120 exemplorum
1021 2062 1216 2118 capere
1281 2045 1679 2115 primordium?
1740 2044 1966 2111 Quando
2027 2045 2169 2098 enim
2206 2035 2248 2089 Β

594 2145 762 2201 Judaei
822 2154 877 2199 et
920 2146 1112 2196 horum
1162 2138 1500 2208 cognominis
1566 2136 1768 2200 Judas,
1827 2137 1900 2190 illi
1954 2137 2171 2205 quidem

597 2234 839 2290 inﬁdeles
893 2231 1203 2295 manebant,
1245 2238 1300 2284 et
1355 2228 1631 2283 Christum
1680 2242 1712 2281 e
1760 2229 1935 2281 medio
1987 2227 2173 2281 tollere

598 2326 949 2390 conabantur,
980 2322 1083 2378 iste
1105 2336 1237 2376 vero
1282 2321 1532 2376 eumdem
1588 2319 1820 2387 prodere
1863 2320 2170 2383 nitebatur,

599 2428 728 2471 tunc
758 2415 949 2471 aeterni
984 2414 1159 2469 Patris
1194 2411 1427 2467 Verbum
1453 2410 1651 2465 talibus
1688 2411 1871 2465 verbis
1907 2412 2168 2465 utebatur

599 2506 837 2576 (tametsi
886 2504 1027 2573 apud
1062 2503 1313 2558 homines
1364 2516 1425 2555 ea
1470 2501 1606 2555 nihil
1662 2501 2006 2570 proﬁcerent,
2054 2516 2174 2571 qua:

597 2596 833 2669 lapidum
881 2610 1096 2666 quoque
1136 2602 1388 2646 naturam
1419 2590 1693 2647 inﬂectere
1723 2608 1881 2661 posse
1914 2593 2174 2647 videban-

600 2690 750 2759 tur),
784 2703 927 2743 nunc
953 2669 1168 2757 quidem
1195 2684 1421 2754 justitiaa
1444 2684 1746 2739 rationibus
1783 2699 1878 2739 eos
1913 2700 2173 2741 revocans

596 2799 626 2837 a
659 2781 927 2844 facinore,
969 2793 1111 2834 nunc
1148 2792 1280 2833 vero
1321 2775 1708 2847 suppliciorum
1744 2776 2171 2831 comminatione

597 2870 832 2936 ipsorum
858 2868 1118 2923 malitiam
1146 2871 1466 2938 reprimens.
1485 2866 1806 2937 Quidigitur
1826 2867 1848 2919 ?
1868 2864 2009 2919 Num
2044 2868 2174 2936 ipsis

598 2957 1061 3029 persuasit?Nihil
1079 2960 1278 3015 minus.
1323 2958 1709 3024 Curita?Quia
1733 2967 1793 3012 ut
1816 2958 2173 3027 persuadean-

600 3061 688 3107 tur
713 3052 1009 3119 auditores,
1039 3060 1093 3106 et
1121 3052 1173 3105 in
1205 3052 1529 3107 sententiam
1561 3052 1794 3121 aliquam
1813 3050 2175 3118 perducantur

602 3142 850 3205 dicendo,
883 3142 968 3197 vel
998 3158 1140 3209 non,
1169 3145 1410 3213 ipsorum
1444 3143 1498 3197 in
1537 3153 1805 3214 potestate
1850 3144 2014 3198 situm
2056 3157 2176 3198 esse

600 3242 832 3303 oportet,
859 3236 929 3289 ob
946 3249 1087 3301 eam,
1112 3250 1272 3305 quam
1298 3235 1432 3302 dixi,
1452 3234 1664 3290 arbitrii
1682 3234 2008 3288 libertatem.
2036 3232 2174 3287 Num

604 3336 657 3379 tu
691 3326 875 3396 igitur,
900 3325 942 3381 si
972 3340 1036 3380 eo
1060 3335 1301 3395 tempore
1324 3327 1574 3391 vixisses,
1593 3325 1888 3380 acessisses
1913 3326 1978 3378 ad
2007 3324 2173 3377 Deum

602 3418 857 3485 Verbum,
906 3426 962 3471 et
1017 3416 1232 3486 culpam
1294 3418 1346 3471 in
1403 3418 1577 3487 ipsum
1629 3415 2175 3487 conjecisses?(talia

601 3507 846 3575 quaedam
880 3507 1042 3562 verba
1086 3508 1152 3560 ad
1191 3522 1314 3562 eum
1356 3506 1638 3576 proferens
1663 3507 1726 3577 :)
1776 3505 1893 3560 Non
1946 3509 2176 3561 servasti

602 3599 818 3652 Judam.
848 3597 1167 3666 Quanquam
1201 3600 1429 3653 dicendo
1476 3614 1582 3653 non
1633 3599 1869 3653 servavit
1898 3615 2043 3654 eum.
2071 3598 2177 3652 Sed

604 3704 721 3743 utea
754 3690 970 3758 quidem
1014 3691 1267 3759 opinione
1315 3705 1505 3745 omnes
1555 3699 1607 3745 te
1648 3691 1884 3745 habituri
1947 3689 2179 3744 fuissent

604 3797 701 3849 pro
726 3781 998 3845 demente,
1050 3791 1106 3836 et
1153 3782 1462 3836 accusaturi
1494 3793 1544 3835 te
1589 3789 1851 3836 extremae
1899 3781 2181 3849 imperitia:

605 3884 767 3940 atque
812 3874 1080 3943 importun
1106 3874 1256 3928 tatis.
1320 3873 1457 3927 Nam
1512 3874 1579 3929 ad
1666 3872 1905 3928 doctoris
1960 3871 2178 3942 quidem

604 3964 837 4019 oﬁicium
872 3966 1130 4033 pertinet,
1173 3965 1307 4019 nihil
1340 3980 1527 4020 eorum
1563 3982 1685 4036 quae
1731 3967 1798 4020 ad
1842 3965 2179 4033 persuaden-

604 4057 735 4115 dum
793 4054 974 4111 facere
1016 4066 1261 4123 possunt,
1304 4060 1763 4127 praetermittere;
1813 4071 1979 4127 penes
2027 4056 2182 4111 audi-

608 4160 751 4205 tores
801 4163 928 4203 vero
970 4159 1057 4204 est
1109 4149 1195 4204 vel
1232 4144 1591 4219 persuaderi,
1631 4149 1716 4205 vel
1766 4166 1893 4205 non.
1942 4149 2025 4204 Ab
2079 4151 2182 4204 hoc

605 4241 769 4310 igitur
818 4241 1066 4311 exemplo
1117 4256 1353 4310 praesens
1395 4255 1611 4309 quoque
1641 4240 1774 4295 nihil
1805 4242 2096 4309 discrepat,
2134 4242 2180 4296 si

607 4331 736 4383 mihi
770 4330 1065 4401 imputetur
1094 4332 1211 4398 ejus
1234 4332 1309 4387 rei
1339 4331 1491 4401 culpa
1517 4349 1532 4396 ;
1561 4332 1701 4399 quod
1730 4346 1847 4399 quae
1873 4332 2041 4397 volui,
2071 4347 2180 4385 non

608 4423 987 4487 persuaserim.
1045 4421 1199 4488 Quod
1237 4423 1281 4477 si
1333 4421 1505 4477 Graeci
1551 4433 1645 4476 aut
1688 4421 1856 4477 Judtei
1886 4431 2184 4478 occurrant

607 4514 746 4566 forte
776 4513 929 4568 nobis
958 4513 1191 4584 (Oportet
1232 4514 1381 4568 enim
1431 4513 1706 4568 sexcentis
1750 4512 1921 4568 oculis
1966 4528 2030 4567 ea
2064 4526 2184 4581 quae

610 4619 663 4657 tn
732 4605 1063 4661 contrarium
1129 4604 1309 4660 aﬁerri
1373 4614 1644 4673 possunt,
1718 4606 2181 4675 circumapicere,

2278 766 2431 835 παρᾶ
2478 767 2538 817 τὸ
2588 767 2714 829 τοὺς
2748 767 3025 838 ἀκροατὰς
3083 768 3307 837 κυρίους
3350 764 3490 820 εἷναι
3525 767 3619 819 τοῦ
3647 768 3813 833 τέλους,

2268 856 2357 909 διὰ
2385 858 2474 909 τὸν
2498 860 2598 927 τῆς
2627 859 2730 911 αὐτ
2743 858 3116 929 εξουσιότητος
3144 860 3289 929 ὅρον.
3327 859 3417 910 Διὸ
3445 860 3559 927 (54)
3592 860 3679 911 καὶ
3706 862 3816 930 ὁτῆς

2275 949 2513 1019 κρίσεως
2568 950 2786 1018 βέϐαιος
2842 952 3077 1020 ὑπάρχει
3115 949 3292 1017 λόγος.
3354 951 3465 1002 Καὶ
3510 950 3563 1001 τί
3604 951 3682 1002 δεῖ
3722 955 3818 1015 τοὺς

2270 1040 2593 1107 ἀνθρώπους
2613 1041 2814 1110 λέγειν,
2840 1042 2960 1107 ἐξὸν
2990 1027 3236 1105 sea-.3106
3264 1042 3358 1093 τοῦ
3390 1028 3644 1109 Σωτῆρος
3670 1042 3819 1094 λαϐεῖν

2268 1131 2377 1184 τῶν
2403 1133 2864 1202 παραδειγμάτων
2895 1134 2995 1204 τὴν
3038 1134 3253 1203 ἀρχήν;
3292 1133 3422 1185 Ὅτε
3453 1134 3565 1203 γὰρ
3613 1134 3820 1187 Ἰουδαῖοι

2270 1225 2366 1276 καὶ
2412 1226 2440 1276 6
2472 1224 2676 1277 τούτων
2718 1225 3028 1295 ἐπώνυμος,
3073 1226 3124 1277 οί
3178 1225 3277 1295 μὲν
3314 1225 3603 1293 ἠπίστουν,
3640 1226 3725 1278 καὶ
3755 1228 3825 1277 ἁν-

2272 1315 2411 1369 ελεῖν
2439 1317 2777 1386 ἐπεχείρουν,
2811 1319 2838 1370 6
2878 1317 2935 1369 δὲ
2966 1316 3275 1387 προδιδόναι
3295 1318 3577 1387 ἐπειρᾶτο,
3599 1316 3823 1378 τοιούτοις

2282 1407 2460 1475 λόγοις
2491 1410 2759 1479 ἐχρήσατο
2787 1409 2815 1461 6
2836 1409 3008 1476 Λόγος
3030 1409 3058 1440 ’⁸
3073 1409 3275 1479 καίπερ
3315 1410 3374 1462 οὐ
3407 1412 3520 1472 τοῖς
3550 1409 3822 1478 ἀνθρώποις

2270 1501 2298 1551 6
2327 1498 2484 1566 λόγος
2509 1499 2644 1569 (55),
2696 1498 2746 1551 οἳ
2777 1499 2873 1552 καὶ
2915 1500 3014 1570 τὴν
3058 1500 3167 1553 τῶν
3226 1499 3394 1554 λίθων
3428 1500 3591 1568 φύσιν
3624 1500 3821 1561 εἰκότως

2270 1591 2564 1643 δεινότατοι
2629 1586 2773 1659 ἦσαν
2828 1591 3139 1660 ἐπικάμψαι
3172 1606 3187 1620 ·
3268 1589 3399 1643 ποτὲ
3453 1590 3553 1659 μὲν
3604 1591 3709 1652 τοῖς
3752 1590 3823 1641 τοῦ

2272 1684 2481 1737 δικαίου
2516 1683 2799 1753 λογισμοῖς
2838 1683 3109 1752 ἀνείργων
3136 1702 3150 1715 ’
3204 1684 3334 1736 ποτὲ
3364 1684 3421 1735 δὲ
3454 1685 3521 1753 τῇ
3549 1682 3656 1734 τῶν
3678 1699 3825 1750 rapui-

2276 1772 2411 1841 ριῶν
2460 1770 2658 1840 ἀπειλῇ
2687 1772 3029 1826 ἀναστέλλων
3051 1773 3232 1827 αὐτῶν
3270 1776 3368 1843 τὴν
3398 1774 3611 1827 κακίαν.
3642 1773 3705 1823 Τί
3728 1770 3823 1835 οὖν,

2277 1862 2567 1927 Ἐπεισεν;
2606 1862 2892 1933 Οὐδαμῶς.
2924 1864 3022 1917 Διά
3044 1864 3136 1930 τί;
3180 1865 3399 1933 Ἐπειδὴ
3437 1864 3531 1916 τοῦ
3566 1864 3826 1932 πεισθῆναι

2273 1954 2494 2024 καὶμὴ,
2521 1957 2649 2019 τοὺς
2688 1956 2987 2020 ἀκούοντας
3030 1957 3255 2027 κυρίους
3297 1952 3437 2009 εἶναι
3497 1957 3603 2027 χρὴ
3644 1958 3729 2009 διὰ
3757 1958 3827 2009 τὸν

2273 2045 2375 2114 τῆς
2426 2044 2930 2117 αὑτεξουσιότητος,
2990 2048 3067 2111 ὠς
3116 2048 3274 2117 ἔφην,
3320 2048 3467 2117 ὅρον.
3504 2040 3628 2118 Ἆρ’
3664 2044 3829 2107 οὗν,εἰ

2273 2137 2393 2191 κατ’
2429 2139 2638 2191 ἐκεῖνον
2671 2139 2949 2207 ὲγεγόνεις
2981 2140 3072 2193 τὸν
3104 2142 3317 2211 χρόνον,
3351 2140 3659 2210 προσῆλθες
3686 2140 3745 2193 ἂν
3768 2139 3830 2207 τῷ

2273 2228 2392 2298 Θεῷ
2416 2231 2599 2299 Λόγῳ,
2631 2232 2727 2284 καὶ
2749 2233 3097 2301 κατῃτιάσω;
3124 2234 3240 2285 Οὐκ
3270 2233 3480 2294 ἔσωσας
3500 2233 3590 2285 τὸν
3633 2233 3830 2285 Ἰούδαν.

2273 2322 2467 2376 Καίτοι
2493 2322 2670 2391 λέγων
2702 2324 2803 2377 οὐκ
2834 2324 3038 2377 ἔσωσεν
3067 2341 3080 2354 ·
3129 2325 3245 2378 ἀλλ’
3274 2321 3431 2394 οἶμαι
3479 2326 3687 2385 πάντας
3708 2324 3764 2377 ἄν
3784 2341 3830 2375 σε

2275 2414 2665 2485 παραπληξίας
2694 2415 2790 2469 καὶ
2821 2416 2920 2485 τῆς
2956 2415 3194 2487 ἐσχάτης
3226 2415 3550 2485 γράψασθαι
3598 2415 3832 2468 ἀπαιδευ-

2277 2505 2555 2576 σίας,Τοῦ
2583 2506 2684 2575 μὲν
2714 2507 2823 2578 γὰρ
2854 2507 3199 2570 διδάσκοντός
3233 2510 3374 2571 ἐστι,
3397 2508 3460 2561 τὸ
3491 2507 3659 2577 μηδὲν
3692 2523 3832 2574 παρει-

2274 2596 2457 2665 λεῖψαι
2495 2597 2605 2650 τῶν
2659 2598 2936 2668 φερόντων
2980 2600 3059 2661 εἰς
3110 2598 3319 2651 πειθώο
3353 2598 3461 2651 τῶν
3488 2598 3531 2649 δ’
3577 2598 3836 2668 ὰκροωμέι

2275 2708 2403 2753 νων,
2459 2690 2521 2742 τὸ
2570 2690 2884 2759 πεισθῆναι,
2947 2690 3043 2743 καὶ
3106 2690 3201 2758 μή.
3241 2689 3445 2741 Τούτου
3485 2687 3664 2742 τοίνυν
3704 2687 3835 2739 οῦδὲν

2274 2778 2522 2848 διαφέρει
2555 2778 2651 2831 καὶ
2698 2778 2758 2830 τὸ
2786 2778 2981 2846 παρὸν,
3025 2780 3072 2830 εὶ
3117 2778 3218 2848 τὴν
3245 2779 3426 2831 αἰτίαν
3466 2777 3579 2829 τῶν
3621 2776 3694 2847 μὴ
3736 2792 3833 2827 πει-

2279 2870 2512 2923 σθέντων
2555 2870 2584 2921 6
2618 2869 2692 2940 μὴ
2718 2868 2998 2932 πεπεικὼς
3050 2870 3293 2938 οἴσομαι.
3343 2870 3406 2921 Εἰ
3452 2868 3497 2920 δ’
3541 2866 3838 2938 Ἕλληνεςῆ

2288 2961 2533 3015 Ἰουδαῖοι
2591 2962 2726 3031 πρὸς
2760 2960 2919 3014 τοῦτο
2951 2962 3293 3014 ἀντείποιενο
3325 2960 3431 3031 χρὴ
3484 2961 3596 3030 γὰρ
3646 2958 3838 3030 μυρίοις

2276 3052 2575 3123 ὀφθαλμοῖς
2630 3052 2729 3116 τὰς
2790 3052 3095 3115 ἀντιθέσεις
3163 3055 3547 3122 περισκοπεῖν,
3602 3054 3697 3105 καὶ
3744 3051 3843 3118 (56)

2276 3144 2483 3207 ταύτας
2539 3144 2914 3215 ἀνατρέπειν*
2964 3145 3101 3214 πρὸς
3150 3144 3252 3214 μὲν
3301 3144 3546 3207 ἐκείνους
3594 3146 3840 3215 φήσομεν⁴

2277 3237 2357 3288 Δι’
2384 3238 2448 3307 ἣν
2479 3236 2658 3289 αἰτίαν
2690 3236 2719 3286 6
2752 3236 2909 3299 Ζεὺς,
2940 3234 3017 3298 ὣς
3052 3252 3217 3305 φησιν
3258 3236 3527 3307 Ὄμηρος,
3558 3238 3661 3289 οὐκ
3690 3236 3847 3287 ἒσωπ

2278 3327 2387 3380 τῶν
2420 3327 2683 3381 κινδύνων
2714 3326 2992 3395 φίλτατον,
3025 3327 3166 3380 ἀλλὰ
3211 3328 3603 3381 συνεϐούλευσε
3666 3328 3844 3398 μόνον;

2234 3411 2247 3429 ⁸
2282 3420 2425 3489 Πρὸς
2449 3420 2507 3473 δὲ
2540 3418 2785 3483 τούτους,
2809 3419 2909 3471 Διά
2940 3420 2992 3471 τί
3044 3422 3103 3472 ἐν
3132 3422 3199 3490 τῇ
3248 3422 3465 3492 Παλαιᾷ
3494 3422 3582 3475 διὰ
3619 3422 3852 3480 Μωσέως

2281 3512 2375 3564 καὶ
2422 3510 2531 3564 τῶν
2585 3511 2760 3563 ἄλλων
2808 3510 3107 3581 προφητῶν
3150 3512 3393 3583 λαλήσας
3452 3517 3479 3566 6
3533 3514 3688 3575 Θεδς,
3762 3512 3853 3562 οὐκ

2280 3600 2485 3653 ἔσωσεν
2512 3598 2650 3669 (57),
2684 3597 2821 3651 ἀλλὰ
2854 3599 3303 3669 παρακουόμενος
3329 3602 3630 3672 τιμωρίαις
3670 3602 3859 3661 afﬁci;

2283 3690 2582 3761 μετῆλθεν;
2638 3691 2806 3743 Ὅταν
2836 3690 2948 3759 γὰρ
2976 3707 3060 3754 τις
3102 3690 3260 3761 δίκην
3292 3692 3391 3762 δῷ,
3438 3694 3576 3764 ὁμοῦ
3602 3711 3667 3745 τε
3708 3693 3860 3744 κεκὰ-

2279 3781 2497 3845 λασται,
2523 3781 2618 3834 καὶ
2648 3781 2710 3833 τὸ
2744 3781 2820 3851 μὴ
2859 3782 3154 3834 πεπεῖσθαι
3182 3782 3259 3852 τῷ
3292 3777 3563 3854 νομοθέτῃ
3586 3784 3831 3836 δείκνυσι
3850 3796 3861 3806 ·

2285 3873 2483 3943 μᾶλλον
2518 3873 2576 3925 δὲ
2623 3871 2785 3935 αὐτὸς
2812 3873 2840 3924 6
2890 3872 3213 3941 νομοθέτης,
3257 3875 3341 3926 δτι
3368 3874 3433 3927 οὐ
3460 3875 3633 3947 πείσῃ
3664 3874 3865 3933 πάντας

2283 3963 2554 4033 χρηστοὺς
2587 3958 2748 4027 εἶναι,
2797 3963 3067 4031 προεὶδεν.
3119 3964 3178 4017 '0
3232 3965 3341 4036 γὰρ
3392 3964 3597 4035 ὁρίζων
3630 3968 3765 4035 περὶ
3794 3981 3869 4014 :2-

2285 4056 2521 4127 μωρίας,
2559 4057 2635 4119 ὼς
2665 4057 2726 4109 οὐ
2763 4054 2982 4121 καθέξει
3013 4058 3142 4121 τοὺς
3186 4060 3483 4128 πονηροὺς,
3529 4059 3701 4128 δῆλός
3734 4061 3873 4109 ἐστιν

2282 4147 2462 4211 εἰδώς.
2520 4150 2697 4217 Ὅπερ
2754 4151 2865 4222 γὰρ
2917 4149 2984 4203 ἂν
3043 4151 3122 4211 εἰς
3169 4150 3329 4202 τοῦτο
3382 4151 3873 4221 ἀπολογήσωνται.

2282 4238 2442 4292 τοῦτο
2469 4239 2560 4291 καὶ
2598 4241 2690 4292 ἐπὶ
2732 4241 2827 4293 τοῦ
2877 4240 3047 4295 Ἰούδα
3090 4240 3386 4306 λελέξεται.
3448 4241 3607 4294 Ἔδει
3663 4243 3767 4311 μὲν
3794 4236 3880 4291 οὖν

2284 4327 2517 4381 ἐνταῦθα
2548 4329 2740 4396 στῆναι
2763 4329 2862 4399 τὴν
2888 4329 3165 4394 ἀπόδειξιν
3194 4346 3207 4359 ·
3262 4331 3373 4382 πᾶν
3424 4330 3537 4400 γάρ
3574 4333 3673 4384 ὅτι
3707 4331 3774 4385 ἀν
3796 4330 3881 4383 ἐπὶ

2285 4417 2421 4487 τῷδε
2476 4418 2696 4489 λεχθείη
2738 4419 3113 4490 παράδειγμα,
3160 4418 3303 4472 τοῦδ’
3350 4419 3609 4475 ἔλαττον.
3673 4422 3745 4473 Τί
3786 4422 3883 4487 γὰρ

2286 4509 2619 4579 θαυμαστὸν,
2651 4512 2731 4573 είς
2753 4510 3040 4581 ἄνθρωπον
3061 4511 3255 4576 ἐλθεῖν,
3277 4512 3306 4565 ὃ
3334 4514 3431 4565 καλ⁸
3456 4514 3642 4567 αὖτοῦ
3664 4513 3759 4566 τοῦ
3782 4512 3881 4571 (38':

2286 4601 2463 4670 Λόγου
2497 4601 2704 4670 ﬁgi/atto;
2739 4601 2802 4654 τὸ
2832 4602 2888 4655 δὲ
2916 4604 2992 4672 μὴ
3018 4602 3192 4656 δοκεῖν
3218 4606 3600 4673 εὐπρόσωπον
3629 4605 3889 4672 1561;93-

607 4708 778 4762 caque
818 4692 1108 4767 evertere),
1143 4696 1212 4751 ad
1262 4695 1384 4750 illos
1433 4697 1649 4765 quidem
1708 4697 1949 4752 dicemus
1982 4695 2175 4764 :Quid,

2286 4692 2439 4745 κέναι
2465 4690 2763 4762 ρᾳθυμίαν,
2794 4692 2917 4745 οὐδὲ
2955 4694 3063 4745 τῶν
3104 4693 3414 4764 ἀνθρώπων
3461 4696 3787 4764 ἀφέξομαι.
3823 4695 3889 4742 Δι’

607 4798 807 4852 quaeso,
839 4800 1015 4841 causae
1041 4795 1147 4849 est,
1175 4801 1274 4841 cur
1304 4785 1536 4855 Jupiter,
1568 4796 1626 4840 ut
1662 4787 1936 4842 Homerus
1982 4788 2078 4852 ait,
2113 4802 2181 4843 ex

608 4876 860 4943 periculis
899 4892 1006 4932 non
1032 4879 1263 4932 servarit
1315 4878 1735 4949 (Sarpedonem)
1772 4879 2177 4946 charissimum,

607 4970 699 5022 sed
753 4967 1039 5022 consilium
1101 4969 1149 5022 ei
1201 4976 1407 5023 tantum
1460 4968 1650 5022 dedit?
1697 4968 1779 5023 Ad
1820 4969 1919 5024 hos
1953 4978 2183 5023 autem:

607 5062 744 5127 Quid
773 5075 935 5115 causa
963 5059 1066 5114 fuit
1098 5076 1195 5115 cur
1220 5061 1273 5115 in
1298 5060 1479 5115 Veteri
1499 5059 1846 5116 Testamento
1875 5075 1971 5130 per
1993 5061 2183 5115 Mosen

605 5164 937 5220 caeterosque
960 5151 1251 5221 prophetas
1307 5151 1522 5206 locutus
1562 5151 1725 5216 Deus,
1786 5168 1893 5209 non
1946 5153 2186 5211 servavit

608 5244 873 5304 homines,
918 5244 1012 5297 sed
1062 5243 1342 5312 neglectus
1391 5252 1715 5312 spretusque
1761 5244 2179 5309 contumaciter,

2286 4783 2353 4854 ἢν
2384 4782 2568 4836 αἰτίαν
2626 4784 2807 4837 τοίνυν
2866 4785 3070 4854 Μωσῆς
3115 4786 3473 4838 κατελιθοῧτο
3528 4788 3891 4858 ἱεροςνανττις,

2307 4873 2535 4936 Ἡσαΐας
2594 4873 2649 4926 δὲ
2723 4873 2999 4944 ὲπρίζετο,
3062 4877 3091 4928 6
3140 4876 3250 4929 τῶν
3322 4877 3599 4948 Σεραςέιμ
3671 4877 3885 4945 θεαιρὲ-

2301 4965 2572 5036 Ἰερεμίας
2611 4966 2669 5019 δὲ
2702 4969 2782 5030 εἰς
2812 4967 3017 5021 λάκκον
3055 4968 3321 5040 βορϐόρου
3349 4972 3766 5037 ζκατεκλείετο,
3814 4970 3891 5019 κεί

2288 5056 2498 5128 Πέτρος
2558 5057 2657 5127 μὲν
2708 5061 2983 5130 ἀνῃρεῖτο,
3037 5060 3248 5123 Παῦλος
3278 5061 3762 5132 δὲάπετέμνετος
3796 5060 3889 5111 Οἱ]

2286 5150 2481 5218 ἐπειδὴ
2513 5148 2588 5220 μὴ
2622 5150 2822 5213 πάντες
2866 5154 2980 5213 τοῖς
3024 5151 3204 5219 λόγοις
3255 5156 3592 5223 προσεῖχον,
3652 5158 3750 5210 καί
3794 5154 3891 5211 ni;

2285 5240 2710 5313 παραινέσεσιν;
2739 5244 2801 5295 Εἰ
2842 5243 2897 5296 δὲ
2916 5243 3009 5296 διὰ
3040 5244 3101 5298 τὸ
3125 5245 3301 5311 λόγων
3334 5247 3677 5317 ῥητορικῶν
3711 5248 3746 5317 ἢ
3782 5244 3889 5297 mal-

1715 5418 1952 5475 VARI/E
1991 5418 2375 5475 LECTIONES
2413 5418 2500 5474 ET
2532 5419 2765 5476 NOTAE.

602 5605 785 5729 Ρ(ζ’)ἐι)
815 5602 923 5659 Pro
948 5606 1093 5675 ὅρον,
1137 5604 1237 5670 διὸ,
1286 5603 1426 5659 idem
1495 5603 1681 5658 scribit
1740 5605 1935 5674 τρόπον
1983 5601 2051 5653 δι’
2102 5602 2182 5656 ὅν.

622 5691 808 5728 essm.

622 5691 808 5728 L'OSSIN.

2355 5604 2466 5675 (56)
2496 5602 2643 5659 Inter
2676 5605 2773 5659 acati.
2805 5612 2861 5677 et
2881 5605 3086 5670 ταύτας
3115 5605 3259 5662 idem
3294 5609 3420 5663 end.
3454 5610 3519 5665 in
3553 5616 3744 5668 εἰκόσι
3775 5616 3891 5677 λςτι.

2286 5679 2465 5755 σμοῖς,
2497 5687 2731 5755 et_vers_.
2776 5676 2901 5755 inAde
2932 5678 2997 5755 '5_.
3036 5678 3179 5733 inter
3210 5679 3482 5735 κινδύνων
3556 5696 3623 5740 ει
3664 5676 3891 5755 ςζλτδτέςο

674 5745 783 5815 (35)
826 5742 952 5808 H330
985 5744 1170 5809 verba,
1212 5745 1415 5812 καίπερ
1450 5744 1511 5795 οὐ
1545 5746 1657 5815 τοῖς
1692 5742 2001 5815 ἀνθρώποις
2026 5745 2054 5795 6
2092 5742 2175 5795 λό·

2283 5742 2493 5809 inscrit,
2529 5746 2621 5798 τὸν
2650 5746 2929 5813 Αἴγισθον.
2961 5747 3039 5800 ID.

602 5813 718 5880 γος,
750 5824 942 5867 cuncta
991 5815 1373 5884 omittuntur_a
1416 5815 1533 5868 cod.
1578 5814 1699 5867 Vat.
1731 5813 1857 5879 650,
1897 5815 1990 5884 qui
2038 5829 2181 5867 vers.

604 5879 717 5951 Seq.
749 5885 887 5936 inter
913 5883 1203 5954 δεινότατοι
1229 5894 1282 5937 et
1305 5879 1447 5954 ἦσαν
1495 5885 1681 5938 inserit
1710 5885 1799 5954 ἂνἶ
1839 5879 1999 5939 uti-et
2034 5900 2175 5939 vers.

605 5960 723 6012 post
748 5954 835 6019 10,
875 5953 991 6016 πῶς
1023 5955 1163 6008 inter
1205 5952 1517 6023 κατῄτιάσω
1545 5965 1598 6008 et
1636 5954 1755 6011 ούκ.
1781 5952 1860 6009 lu.

2279 5954 2336 6020 ιβ

2353 5815 2464 5884 ('57)
2492 5815 2599 5871 Pro
2629 5816 2834 5871 ἔσωσεν
2865 5819 3005 5872 idem
3028 5817 3152 5873 cod.
3186 5818 3383 5874 scribit
3408 5820 3660 5879 Emtae.
3702 5826 3891 5883 Possm.

2353 5886 2466 5955 (58)
2513 5885 2659 5942 inter
2690 5886 2785 5939 τοῦ
2832 5899 2887 5944 et
2917 5887 3094 5963 Λόγου
3148 5890 3292 5945 idem
3342 5894 3472 5948 cod.
3536 5901 3714 5967 ponit
3754 5898 3889 5956 8:25.
