3906 6416
154 389 258 456 1297

1015 383 1544 446 EPISTOLARUM
1595 386 1741 448 LIB.
1787 367 1990 448 1v.'—
2027 387 2263 450 EPIST.
2302 391 2456 452 ccv.

3213 389 3346 455 1298

151 499 414 569 λογιστικῶν
440 496 692 566 ἀπείρους
733 490 893 561 εἶναι,
927 494 1093 564 φαίης
1118 496 1293 550 ταῦτα
1316 495 1666 562 πεπονθέναι,

1783 499 1948 566 poenis
1981 515 2074 556 eos
2111 513 2434 569 persecutus
2464 502 2580 556 est?
2616 501 2750 556 Cum
2803 503 2926 572 quis
2974 502 3119 560 enim
3150 519 3340 574 pomus

149 596 209 656 είς
220 593 324 653 τοὺς
348 589 550 656 ἔξωθεν,
580 589 706 642 τοὺς
731 588 826 642 καὶ
849 588 940 641 ἐπὶ
960 589 1124 658 λόγῳ,
1145 590 1237 642 καὶ
1256 590 1539 660 δεινότητι,
1573 588 1668 641 καὶ

150 681 286 734 πειθοῖ
313 680 556 751 μεγίστην
581 680 742 746 δόξαν
773 680 1098 751 ἐσχηκότας,
1150 679 1443 750 τρέψομαι.
1487 678 1588 732 Διά
1614 678 1668 731 τί

149 770 228 838 γὰρ
249 768 464 831 Πλάτων,
507 771 535 821 6
581 769 846 840 Ἐλλήνων
887 769 1180 839 θησαυρὸς,
1241 770 1334 824 καὶ
1369 769 1541 840 αὐτῆς
1564 769 1667 839 τῆς

147 861 400 930 ἐλευθερίας
444 861 737 928 ἐξέπεσεν;
774 863 917 916 Οὐκ·
943 863 1132 933 ἐπειδὴ
1169 864 1374 933 μηδένα
1403 863 1666 934 τύραννον

151 955 295 1004 πεῖσαι
332 949 588 1022 ήδυνήθη;
617 951 944 1023 Πυθαγόρας
984 953 1065 1015 δὲ,
1101 954 1130 1006 6
1171 953 1312 1022 μέγα
1358 954 1450 1006 ἐπὶ
1500 952 1668 1024 σοφία

147 1044 389 1112 φρονήσας,
422 1031 516 1112 τῆς
564 1043 862 1115 Φαλάριδος
903 1045 1189 1109 συνουσίας
1225 1045 1321 1098 ’διά
1352 1045 1406 1097 τί
1451 1045 1666 1116 ἀπεπή-

149 1134 304 1203 δησενς
331 1134 431 1186 Οὐκ
472 1134 660 1206 ἐπειδὴ
683 1135 776 1188 καὶ
811 1135 953 1206 μετὰ
979 1135 1080 1206 τὴν
1121 1136 1393 1206 τοσαύτην
1419 1135 1672 1188 διδασκα-

146 1225 238 1278 λίαν
274 1228 457 1288 ἐκεῖνος
491 1227 654 1281 πάλιν
698 1226 964 1296 τύραννος
989 1223 1090 1296 ἦν;
1129 1227 1227 1281 Διὰ
1258 1229 1311 1280 τί
1344 1228 1400 1282 δὲ
1445 1228 1670 1298 Σωκρά-

148 1333 240 1384 της,
263 1318 287 1368 ὁ
311 1316 514 1368 πάντων
560 1315 672 1370 τῶν
703 1317 826 1369 τότε
861 1317 1044 1385 σοφῶν
1083 1318 1524 1390 περιγενόμενος,
1561 1335 1670 1371 κω-

147 1408 244 1477 νείῳ
273 1406 606 1476 κατακριθεὶς
666 1407 972 1472 άπὲθανεν;
1006 1411 1120 1462 Οὐκ
1180 1410 1369 1479 ἐπειδὴ
1401 1411 1528 1474 τοὺς
1563 1427 1672 1464 σω-⁸

149 1499 393 1570 φρονιστὰς
430 1498 488 1550 οὐ
541 1499 804 1570 φέρουσιν
848 1499 1169 1570 direpto-ttat;
1231 1501 1452 1568 Ἐπειδὴ
1485 1501 1542 1552 δὲ
1572 1501 1668 1554 καὶ

158 1588 464 1659 Ἀριστοτέλει
498 1589 830 1652 κινδυνεύεις
878 1590 1166 1659 ἡττᾶσθαι,
1200 1588 1365 1643 ἄκουε
1405 1590 1458 1642 τί
1507 1607 1670 1659 φησιν

148 1683 344 1744 ἐκεῖνος·
376 1699 394 1732 ι
449 1680 576 1734 Οῦθ’
622 1683 651 1735 6
700 1682 990 1752 ῥητορικὸς
1023 1682 1188 1736 παντὶ
1231 1682 1419 1752 τρόπῳ
1471 1682 1670 1748 πείσει,

146 1776 233 1829 οὔθ’
259 1779 282 1830 6
308 1777 538 1845 ἰατρικὸς
585 1776 823 1844 ὑγιάσει,
853 1776 969 1830 ἀλλ’
1023 1775 1117 1830 ἐὰν
1163 1775 1272 1830 τῶν
1307 1777 1671 1846 ἐνδεχομένων

1773 591 1886 655 dat,
1923 591 2086 647 simul
2114 602 2169 647 et
2200 594 2442 661 punitur,
2471 601 2525 647 et
2553 595 2697 662 quod
2740 594 3034 662 legislatori
3093 609 3200 650 non
3243 611 3338 664 pa-

1770 679 1964 745 ruerit,
1992 682 2230 737 ostendit
2270 701 2284 738 :
2317 682 2446 752 quin
2498 683 2678 750 potius
2727 685 2840 753 ipse
2894 684 3172 754 legislalor
3207 700 3345 752 prae-

1769 771 1926 836 vidit,
1956 786 2016 827 se
2046 789 2154 827 non
2205 775 2458 830 omnibus
2502 790 2892 844 persuasurum
2947 789 3070 830 esse
3103 785 3162 830 ut
3189 775 3344 845 probi

1769 864 1901 919 sint.
1931 863 2063 920 Nam
2090 867 2181 936 qui
2211 867 2277 921 de
2305 883 2460 935 poma
2492 867 2692 932 sancit,
2723 882 2788 923 eo
2827 868 2943 936 ipso
2984 854 3119 922 satis
3145 867 3351 921 indicat

1771 957 1915 1011 scire
1936 971 2016 1024 se,
2039 960 2181 1027 quod
2196 960 2470 1030 improbos
2499 969 2724 1030 nequeat
2749 960 2804 1014 in
2830 959 3007 1016 ollicio
3044 960 3345 1014 continere.

1770 1046 2042 1117 Quidquid
2064 1049 2207 1104 enim
2244 1052 2311 1106 ad
2339 1052 2440 1106 hoc
2462 1051 2794 1107 defensionis
2839 1066 3004 1107 causa
3044 1050 3186 1106 forte
3229 1050 3352 1104 alie-

1771 1149 1910 1204 rent,
1961 1140 2102 1195 idem
2151 1143 2314 1196 etiam
2375 1144 2441 1198 de
2477 1141 2613 1198 Juda
2666 1143 2769 1198 dici
2827 1143 3047 1211 poterit.
3106 1139 3344 1195 Tametsi

1769 1231 1936 1300 igitur
1987 1232 2077 1288 hic
2125 1234 2425 1290 consistere
2473 1236 2777 1304 oportuerit
2828 1235 3348 1290 demonstrationem

1773 1322 1920 1392 (nam
1960 1324 2221 1394 quidquid
2247 1326 2477 1395 exempli
2515 1335 2713 1396 praeter
2742 1326 2792 1380 id
2820 1327 2963 1395 quod
2995 1325 3214 1379 allatum
3248 1333 3346 1388 est,

1771 1411 2052 1481 allegetur,
2079 1414 2258 1468 minus
2279 1417 2384 1469 erit.
2417 1416 2506 1470 illo
2537 1424 2700 1484 atque
2733 1414 2960 1469 inferius
2989 1433 3003 1468 :
3043 1414 3168 1484 quid
3199 1412 3342 1465 enim

1774 1503 1894 1556 iniri
1925 1505 2014 1565 sit,
2050 1505 2101 1558 in
2131 1507 2401 1560 hominem
2433 1507 2648 1574 cadere,
2715 1505 2767 1561 id
2822 1505 2964 1576 quod
2998 1505 3176 1573 ipsum
3219 1503 3351 1558 Ver-

1773 1596 1898 1648 bum
1951 1595 2144 1652 Filium
2204 1598 2296 1652 Dei
2349 1599 2605 1669 attigit?),
2655 1606 2833 1651 tamen
2892 1612 2958 1651 ne
3017 1595 3348 1666 probabilem

1774 1687 2003 1756 ignaviae
2055 1689 2400 1745 occasionem
2447 1698 2697 1758 captasse
2757 1689 2965 1752 videar,
3029 1702 3205 1757 neque
3272 1686 3341 1739 ab

1774 1774 2082 1833 horninibus
2119 1779 2420 1834 abstinebo.
2456 1776 2811 1850 533-534
2833 1776 2971 1841 Quid
2995 1776 3158 1846 igitur
3175 1790 3352 1830 causa:

149 1869 280 1938 μηδὲν
312 1869 607 1941 παραλίπῃ,
668 1868 866 1932 ἱκανῶς
924 1868 1066 1938 ἔχειν
1114 1868 1280 1921 αὐτὸν
1307 1867 1406 1938 τὴν
1439 1856 1666 1936 ἐπιστή-

1783 1863 1874 1918 l‘uit
1895 1882 1992 1921 cur
2012 1867 2187 1924 Moses
2211 1869 2477 1938 lapidibus
2506 1870 2857 1936 iinpeteretur
2877 1868 3162 1935 propheta,
3188 1865 3352 1918 Isaias

149 1979 230 2030 μην
257 1962 500 2032 φήσομεν.
544 1979 562 2011 ›
602 1961 726 2025 Πῶς
774 1962 882 2032 γάρ
917 1961 1188 2033 Περικλῆς
1252 1960 1416 2022 ἑάλω,
1456 1960 1515 2023 ὃς
1564 1958 1673 2012 ἀπὸ

146 2053 245 2104 δέκα
269 2051 427 2104 ποδῶν
453 2052 575 2122 ᾕρει
597 2053 723 2114 τοὺς
751 2051 1006 2122 ῥήτορας,
1039 2052 1134 2103 καὶ
1157 2051 1378 2123 προσέτι
1400 2067 1464 2117 γε
1482 2049 1668 2112 αὐτοῦ,

148 2144 256 2196 κατά
283 2142 336 2195 τὸ
360 2142 619 2213 κωμικὸν,
658 2140 833 2194 πειθώ
867 2158 952 2204 τις
979 2141 1111 2212 ᾧκει
1145 2143 1202 2194 ὲν
1256 2143 1371 2203 τοῖς
1405 2141 1668 2210 χείλεσιν;

145 2233 202 2285 Οὐ
223 2233 314 2302 γὰρ
347 2233 430 2298 ἃν,
471 2235 520 2285 εί
570 2232 802 2303 ἐδυνήθη
837 2234 1044 2297 πεῖσαι,
1093 2230 1234 2284 ἑκὼν
1265 2232 1330 2284 διν
1367 2228 1671 2300 ἐζημιώθη.

147 2326 242 2388 Πῶς
261 2325 311 2378 δὲ
337 2325 724 2396 Θεμιστοκλῆς,
761 2326 789 2376 6
815 2311 916 2376 Eat).
947 2322 1162 2391 φύσεως
1205 2321 1434 2393 δυνάμει
1466 2323 1673 2392 ἀνακη-

146 2417 442 2487 ρυττόμενος,
485 2419 584 2470 καὶ
623 2416 1058 2486 αὑτοσχεδιάζων
1087 2415 1146 2467 τὸ
1194 2414 1333 2472 δέον,
1381 2411 1676 2484 ἐζημιοῦτο

144 2509 287 2576 eum;
328 2507 441 2570 Πῶς
465 2507 523 2559 δὲ
568 2507 919 2578 Δημοσθένης
961 2509 989 2560 6
1034 2505 1103 2558 τὰ
1134 2505 1270 2557 αὐτὰ
1309 2503 1528 2562 δυνατὰ,
1575 2505 1671 2556 καὶ

142 2599 272 2652 πάλιν
310 2599 538 2652 ἀδύνατα
593 2599 830 2663 δεικνὺς,
893 2599 982 2650 ἶνα
1032 2597 1202 2650 τᾶλλα
1255 2597 1434 2648 πάντα
1487 2596 1672 2666 παρῶ,

143 2690 322 2753 καὶτὰς
359 2691 547 2761 ἦττας,
580 2690 793 2744 καὶτὸν
841 2689 974 2761 περὶ
1014 2689 1124 2742 τῶν
1165 2688 1508 2760 Ἀρπαλείων
1539 2705 1676 2758 χρη-

142 2783 294 2849 μάτων
316 2782 466 2850 λόγον
512 2783 798 2854 σιωπήσω,
842 2781 933 2835 τὸν
970 2780 1196 2834 Μειδίαν
1249 2781 1349 2850 οὑχ
1426 2774 1560 2845 εἷλε,
1588 2780 1677 2832 τὸν

139 2873 334 2926 τοσαῦτα
370 2873 530 2927 αὐτὸν
566 2874 717 2927 κακά
765 2873 1056 2938 διαθέντα;
1094 2875 1216 2925 ’Ὁτι
1257 2874 1354 2943 μὲν
1385 2872 1492 2941 γὰρ
1522 2870 1678 2923 ἐϐού-

138 2963 234 3018 λετο
273 2966 423 3020 αὑτὸν
470 2967 614 3020 ἑλεῖν
642 3007 658 3030 ,
713 2965 793 3019 διὸ
838 2967 933 3018 καὶ
972 2966 1137 3019 παντὶ
1185 2964 1363 3018 σθένει
1398 2964 1498 3035 τὴν
1545 2981 1678 3017 κατ-

138 3058 332 3127 ηγορίαν
365 3058 593 3129 ἔγραψε,
641 3057 799 3126 δῆλον
820 3073 834 3087 ·
869 3057 958 3110 διὰ
985 3057 1038 3109 τί
1067 3057 1160 3109 οὖν
1216 3057 1315 3127 οὐχ
1351 3050 1530 3121 εἷλεν;
1565 3057 1681 3108 υύκ

137 3148 290 3218 ἐπειδὴ
315 3148 737 3219 ἀσθενεστέρους
786 3150 912 3211 τοὺς
959 3148 1148 3216 λόγους
1178 3148 1277 3217 τῆς
1317 3147 1426 3200 τῶν
1468 3145 1678 3216 ἐχθρῶν
1705 3182 1748 3241 C

136 3238 412 3304 δυναστείας
443 3241 698 3309 ἐνόμισεν
721 3257 736 3271 ·
770 3240 833 3293 οὐ
866 3239 977 3309 γάρ
1005 3257 1056 3292 τι
1081 3237 1283 3302 λαϐὼν,
1314 3240 1389 3302 ὡς
1417 3237 1678 3308 Αἰσχίνης

136 3331 237 3400 ἔφη,
293 3332 517 3386 ἀπέδοτο
563 3331 664 3404 τὴν
735 3331 1218 3403 καταχειροτονίαν
1247 3331 1360 3402 (59)
1393 3349 1406 3362 ·
1455 3331 1516 3384 οὐ
1568 3331 1680 3400 γάρ

134 3421 313 3492 δέχεται
340 3425 435 3496 τὴν
470 3425 658 3479 αἰτίαν
685 3428 786 3496 τῆς
817 3425 1266 3496 αἰσχροκερδείας
1297 3428 1329 3495 ἡ
1370 3424 1681 3494 μεγαλοψυ-

134 3514 206 3581 χία
235 3515 319 3569 τοῦ
355 3519 587 3588 ῥήτορος
606 3533 620 3546 ·
656 3516 766 3570 οὐδ’
797 3519 826 3570 6
845 3519 959 3582 τοῖς
1006 3516 1327 3587 ἐπιτρόποις
1355 3515 1677 3569 εὐποδοῦσιν

133 3605 263 3673 ἀφεὶς
288 3607 352 3660 τὰ
373 3608 610 3682 πατρῷα
647 3609 786 3678 μετά
826 3609 926 3679 τὴν
974 3609 1154 3680 νίκην,
1204 3602 1362 3672 οὗτος
1391 3609 1457 3662 ἂν
1483 3608 1676 3664 ἐλαϐεν

133 3694 340 3764 αὲσχρῶς
360 3697 467 3750 ἀπὸ
505 3697 612 3766 τῆς
642 3697 915 3768 κεφαλῆς·
962 3699 1098 3750 ἀλλὰ
1118 3698 1244 3762 τοὺς
1276 3698 1506 3768 ἐχθροὺς
1531 3701 1683 3768 ἰσχυ-

134 3785 238 3850 ροὺς
269 3787 619 3857 ἡγησάμενος
648 3786 741 3839 τοῦ
769 3786 952 3855 λόγου,
985 3786 1080 3838 καὶ
1127 3786 1204 3849 ὼς
1247 3785 1384 3856 πρὸς
1407 3785 1506 3857 τὴν
1539 3784 1686 3838 ὲκεί-

133 3890 218 3926 νων
246 3875 359 3945 βίαν
397 3878 645 3949 οὐδαμοῦ
684 3878 973 3946 φανεῖσθαι
1011 3878 1112 3948 τὴν
1138 3877 1335 3948 τέχνην
1383 3877 1683 3949 λογισάμε-

129 3981 203 4027 νος
217 3966 340 4037 (40),
363 3969 662 4040 εὐπρεπῶς
693 3968 958 4022 κατέθετο
983 3968 1082 4038 τὴν
1120 3967 1428 4037 συμφορὰν,
1461 3967 1685 4038 ἄμεινον

131 4058 442 4130 ἡγησάμενος
483 4063 551 4115 τὸ
587 4061 854 4132 πραότητι
877 4060 1196 4128 καθυφεῖναι
1221 4060 1392 4125 δόξαι,
1439 4061 1535 4114 τοῦ
1565 4061 1687 4132 κρί-

132 4165 197 4200 σει
225 4150 490 4204 δικαστῶν
530 4149 844 4221 ἡττᾶσθαι·
907 4152 1085 4204 καίτοι
1133 4151 1195 4204 τὸ
1234 4152 1324 4205 διὰ
1375 4152 1469 4205 τὸν
1520 4153 1686 4219 φόὸον

128 4237 291 4293 τοῦτον
333 4241 668 4312 ὑποστῆναι,
719 4241 916 4295 ταυτόν
951 4243 1070 4294 ὲστι
1117 4241 1193 4310 τῷ
1253 4243 1563 4313 παραδόντα
1593 4243 1687 4296 τὸν

127 4331 327 4387 Μειδίαν
357 4365 369 4373 -
389 4334 536 4387 ἑλεῖν
585 4334 658 4404 μὴ
707 4332 1035 4402 δυνηθῆναι·
1088 4332 1292 4403 μᾶλλον
1341 4333 1401 4386 δὲ
1430 4334 1524 4387 καὶ
1555 4332 1690 4405 λαμο

131 4422 374 4492 προτέραν
403 4423 570 4476 τοῦτο
607 4423 720 4493 ἔχει
768 4422 864 4493 τὴν
907 4416 1100 4493 ἧτταν.
1173 4422 1382 4476 Ἐκεῖνο
1433 4423 1531 4494 μὲν
1578 4423 1688 4495 γὰρ

1774 1966 1951 2010 autem
1979 1972 2128 2012 serra
2161 1959 2574 2023 discinderetur,
2606 1959 2716 2019 ille.
2751 1959 2992 2026 inquam,
3048 1958 3134 2012 cui
3182 1957 3346 2012 Sera-

1774 2046 1920 2114 phim
1949 2047 2134 2103 videre
2161 2050 2462 2117 comigerat
2487 2049 2533 2080 ‘°
2553 2091 2566 2115 ,
2605 2048 2871 2104 Jeremias
2898 2063 3025 2103 vero
3060 2049 3112 2102 iu
3157 2063 3348 2102 emno-

1776 2153 1891 2193 sam
1939 2140 2355 2196 concluderetur
2408 2141 2724 2196 foveam“?
2756 2140 2866 2197 Cur
2909 2140 3098 2196 Petrus
3133 2141 3348 2211 quidem

1776 2229 1830 2284 in
1866 2246 2079 2285 crucem
2115 2243 2391 2303 ageretur,
2441 2233 2636 2287 Paulus
2683 2242 2861 2286 autem
2903 2232 3087 2302 capite
3130 2241 3350 2287 trunca—

1776 2321 1966 2375 retur?
1999 2322 2188 2378 Nonne
2225 2325 2336 2378 hatc
2371 2323 2484 2393 ipsa
2519 2323 2620 2378 fuit
2655 2339 2840 2388 causa,
2872 2325 2994 2392 quia
3034 2339 3137 2376 non
3162 2338 3352 2377 omnes

1777 2409 2017 2478 ipsorum
2065 2411 2248 2468 verbis
2319 2423 2375 2467 et
2449 2413 2908 2468 admonitionibus
2942 2412 3351 2466 auscultarunt?

1778 2502 1927 2566 Quod
1955 2503 2000 2556 si
2035 2503 2240 2558 dixeris
2288 2504 2492 2559 idcirco
2551 2505 2664 2557 hmc
2719 2504 2851 2571 ipsis
2894 2505 3182 2567 accidisse,
3229 2505 3353 2572 quia

1778 2594 2086 2646 orationum
2124 2593 2518 2648 rhetoricarum
2548 2604 2641 2646 aut
2691 2593 3145 2664 syllogisticarum
3195 2594 3356 2646 ruch

1778 2694 1940 2751 atque
1972 2685 2204 2754 imperiti
2242 2685 2445 2740 fuerint
2473 2699 2489 2739 :
2517 2701 2615 2756 age
2644 2684 2708 2738 ad
2734 2701 2827 2740 eos
2855 2686 2948 2753 qui
2994 2695 3147 2739 extra
3175 2685 3357 2739 Eccle-

1779 2775 1915 2828 siaui
1947 2775 2185 2840 fuerunt,
2213 2787 2268 2831 et
2304 2777 2596 2830 maximam
2634 2776 2956 2846 eloquentia:
2981 2787 3035 2832 et
3059 2779 3354 2832 vehemen—

1782 2865 1869 2920 tiae
1894 2875 1942 2920 et
1977 2867 2342 2936 persuasionis
2369 2866 2593 2936 gloriam
2628 2868 2806 2935 adepti
2865 2877 3013 2933 sunt,
3045 2883 3354 2923 sermonem

1781 2968 2116 3012 convertam.
2142 2958 2254 3014 Cur
2283 2959 2424 3012 enim
2459 2958 2636 3023 Plato,
2670 2958 2761 3013 ille
2793 2957 3106 3014 Graecorum
3137 2959 3356 3013 thesau-

1783 3065 1896 3114 rus,
1949 3050 2066 3118 ipsa
2110 3065 2325 3122 quoque
2372 3051 2623 3108 libertate
2674 3051 2921 3106 excidit?
2975 3049 3163 3106 Nonne
3213 3049 3354 3115 ideo,

1782 3141 1924 3208 quod
1972 3155 2073 3196 nec
2147 3157 2312 3196 unum
2373 3143 2609 3212 potuerit
2664 3144 2990 3212 persuadere
3032 3143 3360 3214 tyrannum?

1781 3230 1954 3288 Porro
1989 3247 2087 3287 cur
2130 3232 2484 3303 Pythagoras,
2518 3235 2608 3304 qui
2653 3235 2930 3304 sapientiae
2963 3234 3217 3303 opinione
3241 3233 3360 3302 plu-

1782 3324 1978 3380 rimum
2004 3325 2275 3396 turgebat,
2308 3340 2338 3379 a
2363 3324 2671 3380 Phalaridis
2706 3325 3102 3380 consuetudine
3132 3325 3362 3379 resiliit?

1777 3415 1972 3472 Nonne
1989 3417 2138 3484 ideo,
2161 3419 2306 3488 quod
2330 3417 2492 3472 etiam
2538 3428 2661 3487 post
2691 3424 2900 3471 tantam
2939 3416 3240 3472 doctrinam
3270 3416 3364 3471 ille

1785 3519 2049 3581 tyrannus
2082 3524 2204 3567 esse
2244 3509 2532 3582 pergeret?
2564 3509 2707 3577 Quid
2752 3507 3008 3565 Socrates
3046 3509 3138 3578 qui
3173 3523 3364 3564 omnes

1783 3600 1898 3669 ejus
1926 3600 2025 3654 aevi
2071 3600 2345 3670 sapientes
2393 3603 2696 3670 superavit,
2731 3615 2829 3655 cur
2869 3600 3046 3655 cicuta
3073 3600 3361 3653 damnatus

1783 3690 1978 3760 periit?
2011 3690 2200 3746 Nonne
2227 3691 2367 3758 ideo,
2393 3695 2518 3762 quia
2558 3692 2802 3746 homines
2830 3707 2936 3746 non
2983 3689 3167 3746 ferunt
3208 3706 3364 3760 aequo

1785 3782 1970 3836 animo
2014 3795 2108 3837 eos
2149 3795 2178 3834 a
2210 3781 2410 3852 quibus
2439 3782 2825 3851 corriguntur?
2873 3780 3010 3848 Quia
3048 3796 3178 3836 vero
3201 3797 3367 3852 prope

1786 3882 1870 3928 est
1904 3881 1961 3927 ut
1987 3873 2150 3928 etiam
2178 3873 2486 3929 Aristotelis
2514 3875 2828 3929 testimonio
2858 3877 3206 3940 succumbas,
3241 3875 3365 3930 audi

1787 3967 1916 4037 quid
1945 3967 2035 4022 ille
2067 3967 2210 4022 dicat
2243 3985 2256 4022 :
2296 3986 2315 4018 ε
2353 3965 2539 4036 Neque
2568 3977 2755 4021 orator
2776 3967 2924 4021 omni
2949 3967 3106 4022 modo
3136 3980 3365 4036 persua-

1788 4056 1955 4122 debit,
1990 4072 2167 4127 neque
2211 4056 2453 4112 medicus
2499 4058 2714 4111 sanabit
2757 4074 2771 4109 :
2831 4059 2924 4112 sed
2983 4058 3200 4126 quando
3236 4057 3367 4110 nihil

1789 4162 1972 4201 eorum
1997 4163 2115 4216 quae.
2159 4147 2340 4204 facere
2388 4158 2571 4218 potest
2604 4148 3035 4218 praetermiserit,
3081 4157 3194 4202 tum
3221 4149 3368 4202 dice-

1789 4254 1912 4294 mus
1940 4239 2115 4309 ipsum
2140 4239 2277 4295 satis
2308 4239 2554 4310 perfecte
2576 4254 2748 4295 artem
2781 4251 2986 4296 tenere.
3028 4259 3048 4292 ι
3086 4238 3367 4306 Quomodo

1790 4332 1934 4386 enim
1963 4330 2201 4388 Pericles
2251 4338 2442 4400 captus
2476 4332 2597 4386 est?
2643 4331 2732 4400 qui
2766 4341 2946 4386 tamen
2984 4333 3168 4386 decem
3210 4331 3367 4402 pedi-

1790 4424 1892 4479 bus
1917 4426 2205 4494 superabat
2243 4433 2490 4480 oratores
2549 4441 2564 4479 :
2619 4433 2675 4479 et
2708 4426 2952 4494 insuper,
2987 4425 3284 4479 secundum
3316 4424 3369 4479 id

126 4505 182 4580 ἦν
210 4514 338 4583 πρὸς
365 4516 499 4578 τοὺς
549 4514 872 4579 δικάζοντας
921 4515 1023 4567 οὐκ
1075 4513 1292 4584 ἰσχύσαι
1349 4515 1442 4567 τὸν
1493 4514 1679 4584 λόγον⁴

1794 4517 1939 4584 quod
1989 4517 2042 4570 in
2104 4515 2373 4571 comoedia
2421 4517 2489 4572 de
2541 4518 2660 4586 ipso
2723 4517 3148 4588 pronuntiatur:
3183 4518 3366 4573 Suada

127 4603 262 4656 τοῦτο
289 4605 344 4658 δὲ
368 4609 473 4659 καὶ
523 4607 658 4677 παρ’
703 4605 853 4676 αὐτῷ
880 4604 960 4675 τῷ
1004 4605 1326 4676 γεγραφότι,
1356 4606 1561 4677 ταύτην
1594 4607 1686 4660 λα-

124 4694 221 4748 ϐεῖν
249 4697 344 4766 τὴν
363 4697 550 4762 δόξαν.
589 4699 652 4750 Ei
679 4698 859 4750 τοίνυν
891 4698 920 4749 6
964 4697 1205 4760 τοιοῦτος
1237 4696 1393 4761 λόγος
1433 4699 1515 4751 ὀὐ
1547 4716 1690 4770 παρ-

124 4786 328 4856 έστησεν
354 4789 552 4842 ἐλπίδα
605 4787 924 4858 πειθοῦςτῴ
977 4789 1188 4858 ῥήτορι,
1239 4787 1298 4848 ὃς
1347 4789 1424 4858 μὴ
1479 4790 1690 4844 πείσειν

121 4876 326 4945 ἤλπιζεν
372 4879 514 4949 (41)·
587 4881 704 4942 πῶς
758 4875 853 4933 οῦν
911 4879 973 4932 οὐ
1031 4878 1225 4943 δεινὸν,
1283 4873 1328 4932 ὦ
1391 4881 1684 4947 δεινότατε,

121 4969 328 5022 ἐκείνων
370 4971 475 5042 μὲν
508 4972 621 5026 ἀπὸ
658 4973 760 5040 τῆς
805 4971 1033 5038 γνώμης
1087 4969 1318 5026 ἕκαστον
1367 4973 1685 5044 κρίνεσθαι,

121 5058 201 5110 καὶ
229 5058 302 5131 μὴ
328 5061 432 5132 τὴν
462 5063 672 5133 ἐτέρων
717 5060 1003 5116 ἀπείθειαν
1033 5059 1241 5130 ἑτέροις
1276 5061 1483 5134 βλάϐην
1517 5059 1682 5131 εἶναι,

182 5221 222 5250 ⁸⁰
251 5221 354 5277 lsa.
382 5238 464 5287 vt,
488 5222 549 5288 2,
580 5222 634 5276 5.
715 5221 758 5252 ’δι
792 5220 993 5277 Jereni.
1020 5236 1247 5286 xxxvm,
1279 5220 1334 5282 6,
1363 5220 1415 5273 7.

1795 4607 2039 4677 quaedam
2101 4608 2394 4664 sessitabat
2443 4608 2495 4662 in
2549 4609 2718 4679 ipsius
2770 4609 2954 4664 labris.
2992 4608 3178 4678 Neque
3226 4610 3370 4664 enim

1793 4700 2090 4756 verisimile
2113 4711 2220 4769 est,
2262 4703 2310 4758 si
2365 4705 2698 4770 persuadere
2731 4704 3026 4768 potuisset,
3061 4705 3240 4774 ipsum
3275 4719 3374 4760 sua

1792 4789 2068 4846 voluntate
2085 4791 2310 4846 multam
2341 4793 2650 4848 subiturum
2680 4793 2864 4847 fuisse.
2892 4792 3175 4859 Quomodo
3194 4804 3373 4848 autem

1793 4879 2212 4949 Themistocles,
2243 4883 2396 4951 cujus
2428 4885 2626 4938 eximia
2655 4885 2856 4956 ingenii
2893 4886 2974 4942 vis
3006 4896 3168 4957 atque
3193 4890 3373 4942 excel-

1797 4972 1962 5028 lentia
2020 4977 2368 5045 praedicatur,
2425 4984 2478 5030 et
2529 4977 2618 5047 qui
2661 4977 2808 5032 nullo
2856 4980 3075 5046 negotio
3140 4979 3371 5034 oliicium

1795 5064 1974 5122 facere
2003 5079 2185 5136 norat,
2219 5069 2417 5126 exsilio
2449 5069 2670 5140 punitus
2701 5071 2831 5126 est?
2861 5069 2985 5138 Quo
3018 5071 3148 5127 item
3179 5071 3376 5127 Demo-

1241 5357 1469 5412 VARIA']
1504 5356 1885 5415 LECTIONES
1915 5359 2004 5415 ΕΤ
2036 5361 2267 5417 NOTAE.

195 5513 313 5588 (39)_
339 5514 447 5570 Pro
504 5517 984 5588 καταχειροτονίαν
1043 5517 1182 5572 idem
1239 5516 1401 5570 habet
1455 5533 1694 5588 κατηγο-

136 5582 257 5650 ρίαν.
286 5585 476 5639 Possm
488 5628 500 5640 .

194 5650 301 5723 μθ)
330 5658 464 5727 Quae
509 5667 808 5725 sequuntur
845 5667 966 5726 post
1017 5655 1376 5725 λογισάμενος
1418 5673 1588 5727 usqtte
1623 5655 1690 5710 ad

134 5719 490 5798 ibinpgdrm‘rt
526 5719 819 5784 ex'clnsive.
845 5719 1067 5782 'absunt
1091 5719 1288 5798 'ornriia
1415 5719 1534 5784 cod.
1567 5727 1685 5783 Vat.

137 5786 420 5850 Gillfhlox'
439 5796 585 5852 idem
612 5812 710 5866 pro
741 5798 890 5862 δόξαι
920 5800 1080 5854 habet
1111 5797 1301 5861 δεῖξαι.
1329 5797 1404 5853 In.

1877 5519 1987 5588 (4|)
2022 5521 2128 5574 Pro
2178 5522 2281 5583 his,
2312 5521 2371 5583 ὃς
2409 5520 2482 5589 μὴ
2525 5521 2732 5590 πείσειν
2781 5519 3027 5590 ἤλπιζεν,
3063 5519 3178 5573 hth
3224 5521 3376 5586 ponit

1802 5589 1945 5660 idem
1976 5591 2118 5656 cod.,
2147 5591 2174 5643 6
2213 5590 2288 5660 μὴ
2326 5592 2520 5651 πείσας
2554 5589 2662 5659 ὲγὼ
2696 5589 2836 5642 κατά
2867 5589 3025 5642 τοῦτο
3049 5590 3377 5660 οὑίδιαφέρω

1799 5658 1891 5711 τοῦ
1927 5658 2160 5783 διίαὺτὺ
2190 5658 2346 5715 τοῦτο
2379 5661 2452 5732 μὴ
2488 5658 2766 5732 είρηκότος
2797 5661 2879 5713 ὅτι
2917 5661 2990 5730 μὴ
3039 5659 3249 5714 πείσειν
3279 5659 3376 5729 ἦλ-

1799 5746 1976 5784 πισεν.
2028 5745 2083 5783 υ.
