3906 6416
511 367 644 435 1299

1649 377 1709 436 s.
1752 338 2043 438 Ismont
2082 380 2520 443 PELUSIOTzE

3613 390 3725 460 1300

509 484 753 550 sthenes,
786 482 879 554 qui
905 482 1120 539 easdem
1181 498 1270 539 res
1329 498 1472 539 nunc
1531 484 1648 538 ﬂeri
1691 500 1873 554 posse,
1922 504 2057 544 nunt

2183 493 2436 564 ῆδόξαιο
2476 501 2569 546 em
2615 493 2660 546 δ’
2713 493 2846 563 ἐμοῦ
2888 497 3323 567 καινοτομιῖσθαι
3373 499 3469 554 καὶ
3501 509 3724 576 νεωτερί-

507 576 626 632 ﬁeri
653 591 758 631 non
813 589 974 645 posse
1002 575 1430 640 demonstrabat,
1481 585 1540 632 ut
1583 576 1687 630 alia
1717 580 1897 634 omnia
1947 595 2075 650 pro.

504 677 625 738 pter
653 681 795 731 eam.
828 675 883 722 et
923 680 1018 722 eas
1051 681 1244 722 causas
1279 667 1332 721 in
1362 666 1556 736 quibus
1605 668 1780 724 victus
1819 671 1976 736 abiit,
2007 681 2062 727 et

503 759 800 815 orationem
825 759 894 814 de
919 760 1160 829 pecuniis
1190 757 1404 828 llarpali
1427 758 1622 829 quibus
1640 770 1928 830 corruptus
1948 777 2070 818 esse

502 853 804 917 dicebatur,
859 851 1077 906 silentio
1121 859 1319 922 tegam,
1347 853 1639 922 quomodo,
1694 855 1934 923 inquam,
1981 854 2070 909 hic

502 953 683 998 tantus
733 954 921 999 orator
949 943 1170 998 Midiam
1217 959 1324 999 non
1365 945 1506 1014 cepit
1547 945 1756 1014 laqueis
1797 944 2009 1014 judicii,
2037 962 2068 1000 a

497 1048 605 1100 quo
635 1035 799 1088 tantis
826 1041 943 1086 erat
978 1032 1135 1087 malis
1155 1041 1319 1102 atque
1355 1033 1571 1102 injuriis
1615 1033 1881 1090 affectus?
1931 1034 2067 1089 Nam

497 1125 640 1190 quod
681 1124 898 1192 quidem
927 1124 1160 1180 voluerit
1200 1124 1379 1194 ipsum
1425 1139 1621 1195 capere
1683 1134 1739 1179 et
1771 1123 1978 1189 tollere,
2013 1124 2069 1179 in

2178 581 2368 645 ζεσθαι
2388 581 2448 634 τδ
2469 583 2731 652 πράγμας
2765 583 2952 636 Ταῦτα
2981 584 3027 637 δ’
3057 585 3157 638 οὐκ
3184 588 3418 642 ἐπαίνων
3451 589 3728 647 ἀπολαῦσαι

2175 672 2500 743 ὀρεγόμενος
2533 673 2818 744 γέγραφα·
2854 669 3010 728 οἶσθα
3034 677 3145 748 γὰρ
3173 677 3323 741 ὅπως
3359 680 3543 733 αὐτῶν
3583 701 3728 738 κατα-

2175 761 2374 832 φρονῶ.
2399 763 2464 817 Εί
2495 763 2604 836 γὰρ
2632 764 2869 818 ἐπαίνων
2885 766 3055 837 ἥρων,
3077 769 3561 842 ἀπηριθμησάμην
3579 773 3635 827 ἂν
3651 777 3731 829 καὶ

2173 854 2267 918 οὓς
2295 853 2491 909 ἔπεισα
2521 857 2723 927 ἀρετὴν
2761 858 3148 924 ἀσπάσασθαι,
3190 860 3424 925 πολλοὺς
3471 862 3626 927 ὄντας
3653 869 3732 918 καὶ

2168 945 2489 1017 εὐδοκίμους
2512 964 2525 977 ·
2559 948 2697 1001 ἀλλὰ
2733 949 2903 1013 δεῖξαι
2935 953 3277 1020 σπουδάζων,
3301 953 3383 1006 ὅτι
3405 951 3474 1005 ἄν
3503 970 3561 1006 τε
3591 954 3734 1026 πείσῃ

2168 1051 2272 1099 τις,
2305 1037 2370 1092 ἄν
2398 1054 2457 1090 τε
2491 1038 2565 1109 μὴ
2601 1039 2788 1110 πείσῃ,
2837 1040 2940 1111 τὴν
2986 1040 3217 1113 γνώμην
3262 1044 3368 1116 χρὴ
3406 1043 3733 1108 ἐξετάζεσθαι

2166 1124 2263 1178 τοῦ
2325 1126 2814 1197 συμϐουλεύοντος,
2847 1131 2942 1183 καὶ
2980 1130 3055 1202 μὴ
3108 1132 3218 1184 ἀπὺ
3244 1132 3340 1185 τοῦ
3389 1132 3584 1195 τέλους
3642 1133 3734 1185 τῶν

497 1215 780 1284 propatulo
805 1225 908 1280 est,
943 1231 1104 1286 quam
1132 1215 1202 1271 ob
1238 1231 1456 1271 causam
1481 1216 1627 1272 omni
1656 1229 1872 1285 quoque
1905 1215 2057 1270 adlii«

2172 1216 2533 1285 πραγμάτων,
2567 1211 2630 1268 οὗ
2665 1217 2767 1270 οὐκ
2806 1215 2921 1271 ἔστι
2950 1219 3167 1289 κύριος,
3199 1222 3512 1292 κρίνεσθαι.

496 1314 612 1369 bita
645 1314 695 1370 vi
727 1315 1128 1371 accusationem
1170 1313 1411 1383 scripsit.
1444 1311 1583 1378 Quid
1625 1312 1790 1380 igitur
1821 1311 2054 1376 obstitit,
2096 1313 2387 1380 quominus
2412 1311 2593 1382 ipsum
2655 1313 2913 1382 caperet?
2971 1313 3088 1370 Non
3135 1331 3268 1371 sane
3295 1318 3441 1385 quod
3496 1317 3734 1371 inﬁrmio-

498 1426 586 1466 res
657 1418 872 1480 putaret
940 1400 1073 1466 ‘suas
1133 1410 1409 1466 orationes
1485 1409 1722 1480 potentia
1790 1409 2049 1466 hostium.
2087 1405 2269 1478 Neque
2326 1408 2497 1474 enim,
2524 1417 2584 1463 ut
2647 1398 2942 1466 Eschines
3017 1413 3116 1482 ipsi
3166 1413 3486 1482 objiciebat,
3535 1425 3734 1482 accepta

495 1504 724 1572 pecunia
781 1503 1002 1559 tradidit
1051 1503 1353 1569 victoriam,
1413 1518 1518 1557 non
1569 1503 1710 1556 enim
1765 1502 2040 1556 caditboc
2078 1502 2253 1569 turpis
2293 1500 2427 1555 lucri
2459 1501 2666 1556 crimen
2722 1503 2775 1555 in
2841 1503 3001 1571 hujus
3029 1505 3267 1558 oratoris
3296 1506 3467 1558 animi
3541 1507 3733 1574 magni-

497 1591 756 1660 tudinem,
783 1611 955 1664 neque
976 1593 1270 1650 verisimile
1298 1601 1381 1649 est
1418 1608 1565 1658 eum,
1607 1594 1699 1662 qui
1730 1595 1843 1647 suis
1890 1591 2180 1654 tutoribus,
2237 1590 2548 1645 hominibus
2599 1591 2732 1645 satis
2777 1591 3139 1661 locupletibus
3196 1603 3250 1645 et
3325 1594 3538 1647 idoneis
3571 1595 3726 1662 patria

492 1690 634 1744 bona
661 1697 784 1759 post
828 1688 1109 1742 victoriam
1149 1697 1337 1742 contra
1391 1701 1485 1742 eos
1541 1694 1870 1756 reportatam
1911 1682 2228 1752 reliquerat,
2308 1683 2538 1752 turpiter
2596 1682 2800 1752 aliquid
2852 1684 2906 1736 in
2968 1701 3130 1737 causa
3192 1685 3385 1753 capitis
3449 1685 3728 1752 accepisse.

493 1782 851 1855 535-536
881 1782 985 1838 Sed
1025 1798 1144 1837 cum
1175 1783 1358 1836 hostes
1387 1795 1514 1836 suos
1552 1781 1798 1834 oratione
1831 1779 2161 1849 potentiores
2186 1792 2308 1831 esse
2353 1778 2598 1843 duceret,
2629 1792 2919 1848 secumque
2959 1788 3255 1846 reputaret,
3310 1789 3486 1833 artem
3538 1779 3732 1833 dicendi

491 1876 751 1931 adversus
785 1875 1023 1943 ipsorum
1063 1873 1374 1929 violentiam
1409 1887 1598 1941 parum
1654 1870 2042 1940 profecturam,
2097 1870 2464 1924 calamitatem
2514 1870 2661 1925 illam
2729 1871 2927 1927 decore
2993 1872 3136 1938 tulit,
3180 1871 3371 1925 melius
3395 1887 3518 1926 esse
3566 1875 3732 1926 existi-

492 1983 670 2032 mans,
701 1969 747 2024 si
775 1969 1048 2023 videretur
1110 1966 1520 2022 mansuetudine
1556 1982 1652 2022 sua
1710 1981 1769 2021 se
1792 1966 1933 2021 ultro
2003 1965 2320 2020 submisisse
2346 1980 2412 2021 ac
2441 1965 2676 2022 cessisse
2764 1966 3200 2022 adversariorum
3257 1969 3538 2036 potentize,
3588 1983 3730 2037 quam

487 2063 730 2131 judicum
757 2063 1025 2119 sententia
1055 2063 1191 2116 vinci
1223 2076 1566 2131 :quanquam
1642 2065 1784 2116 inter
1833 2063 1974 2116 hanc
2018 2075 2087 2116 ex
2150 2071 2296 2115 metu
2387 2062 2841 2128 submissionem,
2898 2074 2955 2117 et
2996 2065 3138 2120 inter
3179 2064 3231 2118 id
3281 2067 3423 2132 quod
3480 2075 3589 2127 est,
3639 2083 3726 2118 ttutt

493 2160 730 2228 potuisse
789 2157 1031 2222 Midiam,
1117 2172 1277 2226 quem
1328 2156 1535 2226 judicio
1582 2157 1911 2221 tradiderat,
1987 2170 2248 2224 superare
2296 2156 2432 2210 nihil
2486 2158 2782 2226 quidquam
2865 2157 3119 2213 interest.
3182 2156 3297 2212 lmo
3351 2173 3480 2212 vero
3519 2159 3731 2210 alterum

490 2252 652 2307 etiam
681 2249 1106 2318 conspectiorem
1163 2248 1326 2302 tradit
1373 2247 1704 2302 adversariis
1739 2247 2042 2301 victoriam.
2077 2246 2210 2301 Illud
2267 2248 2411 2301 enim
2448 2248 2583 2301 nihil
2623 2249 2770 2302 aliud
2831 2261 2972 2313 erat,
3025 2265 3189 2318 quam
3241 2251 3305 2302 ad
3347 2247 3566 2315 iudices
3613 2250 3731 2305 nibii

491 2342 725 2398 valuisse
755 2341 1054 2396 orationem
1096 2357 1108 2392 :
1145 2340 1244 2394 hoc
1284 2348 1466 2393 autem
1517 2341 1658 2410 apud
1695 2341 1867 2410 ipsum
1917 2354 2136 2410 quoque
2196 2351 2474 2395 auctorem
2501 2343 2770 2396 orationis
2834 2345 2996 2397 talem
3063 2343 3342 2411 accepisse
3400 2343 3729 2411 opinionem.

491 2433 548 2490 Si
581 2434 742 2504 igitur
774 2433 897 2486 talis
929 2432 1104 2487 oratio
1137 2448 1241 2486 non
1266 2433 1496 2502 praebuit
1525 2435 1726 2486 oratori
1753 2449 1904 2501 spem
1963 2434 2342 2502 persuadendi,
2415 2435 2504 2501 qui
2545 2435 2850 2502 desperavit
2929 2436 3336 2505 persuasionem
3371 2454 3384 2489 :
3449 2436 3729 2504 quomodo,

486 2543 696 2600 quaeso,
731 2541 836 2581 non
866 2535 948 2580 est
969 2539 1134 2596 grave
1158 2539 1222 2579 ac
1252 2526 1616 2590 molestum,o
1654 2525 1975 2596 gravissime
1996 2524 2099 2591 vir,
2133 2534 2194 2578 ut
2229 2524 2443 2579 illorum
2514 2527 2732 2596 quidem
2777 2531 3148 2597 unusquisque
3200 2540 3266 2580 ex
3321 2526 3490 2579 animi
3553 2539 3730 2594 propo-

486 2620 896 2688 sitojudicetur,
929 2629 984 2674 et
1013 2633 1118 2675 non
1145 2622 1218 2674 sit
1241 2621 1554 2675 videaturve
1583 2634 1704 2673 esse
1731 2620 1854 2674 aliis
1877 2620 2054 2675 l’raudi
2091 2619 2321 2677 aliorum
2383 2623 2723 2677 contumacia
2758 2637 2821 2675 ac
2878 2621 3214 2691 pertinacia;
3265 2621 3320 2676 in
3355 2635 3444 2674 me
3474 2635 3606 2674 vero
3652 2634 3727 2671 res

489 2725 601 2770 tota
632 2714 722 2766 llat
750 2711 872 2776 alia,
919 2719 1080 2780 atque
1148 2725 1319 2766 novus
1360 2711 1580 2780 quidam
1647 2724 1766 2764 mos
1829 2710 2247 2766 introducatur?
2287 2713 2415 2766 Hac
2461 2720 2639 2764 autem
2699 2727 2803 2765 non
2888 2711 3095 2765 idcirco
3176 2709 3391 2779 scripsi,
3447 2709 3602 2775 quasi
3648 2707 3728 2776 qui

486 2809 676 2864 laudes
729 2806 987 2876 aucupari
1043 2805 1200 2860 velim
1250 2804 1419 2876 (nosti
1487 2805 1633 2860 enim
1706 2820 1870 2875 quam
1930 2803 2050 2860 illas
2121 2805 2327 2861 soleam
2400 2815 2794 2860 contemnere:
2855 2819 2978 2857 nam
3014 2803 3060 2858 si
3088 2805 3273 2858 laudes
3333 2802 3728 2870 appetivissem,

484 2914 890 2959 enumerassem
927 2899 1089 2955 etiam
1119 2914 1235 2964 eos,
1283 2900 1480 2970 quibus
1542 2901 1783 2970 persuasi
1857 2909 1917 2956 ut
1976 2902 2234 2956 virtutem
2312 2899 2794 2969 amplecterentur,
2856 2900 2946 2968 qui
2988 2899 3206 2969 quidem
3254 2912 3354 2952 nec
3400 2899 3555 2965 pauci
3618 2908 3730 2949 sunt

491 3008 742 3062 numero,
769 3003 826 3050 et
847 2995 984 3050 satis
1013 2994 1303 3063 celebres),
1365 2996 1460 3050 sed
1529 2996 1818 3051 ostendere
1898 2997 2144 3064 studens,
2179 2997 2297 3053 sive
2319 2997 2440 3065 quis
2482 2996 2802 3064 persuadeat
2859 3011 2924 3050 ea
2979 3009 3102 3064 qua:
3148 2992 3429 3064 proposuit
3474 2993 3590 3045 sive
3634 3004 3730 3044 non

481 3087 830 3160 persuadeat,
869 3097 1123 3157 oportere
1176 3087 1418 3143 animum
1492 3091 1724 3159 expendi
1770 3090 1885 3158 ejus
1950 3091 2046 3161 qui
2116 3092 2404 3146 consilium
2457 3092 2589 3145 dare
2644 3090 2918 3154 instituit;

2999 3105 3105 3144 non
3169 3096 3349 3142 autem
3448 3086 3622 3154 ipsum
3669 3099 3730 3139 ex

483 3193 678 3240 eventu
740 3198 944 3248 rerum,
989 3184 1083 3254 qui
1133 3183 1376 3254 inipsius
1436 3194 1705 3255 potestate
1763 3201 1870 3242 non
1929 3196 2035 3257 est,
2065 3189 2343 3244 aestimari.

734 3294 912 3352 CCVI.
952 3325 1023 3334 —-
1057 3295 1447 3353 THEODOSIO
1477 3297 1795 3355 DlACONO.

485 3384 552 3441 In
572 3385 771 3442 dictum
807 3386 960 3450 illud,
1007 3405 1026 3438 ι
1054 3386 1187 3452 Quis
1212 3390 1374 3441 nescit
1413 3387 1758 3452 Ephesiorum
1792 3391 2056 3446 civitatem

779 3472 889 3512 esse
915 3457 1170 3512 wdituam
1205 3474 1410 3527 magna:
1445 3457 1629 3514 Dianae
1652 3459 1758 3513 ηερ»

553 3632 818 3698 Quoniam
866 3631 1075 3688 discere
1123 3632 1340 3687 voluisti
1404 3632 1534 3686 illud
1587 3634 1728 3700 quod
1795 3633 1851 3687 in
1902 3636 2055 3689 Actis

483 3723 846 3794 apostolorum
897 3724 1158 3780 habetur:
1194 3723 1358 3790 «Quis
1384 3724 1557 3780 nescit
1585 3724 1939 3792 Ephesiorum
1975 3728 2054 3780 ci-

484 3816 704 3869 vitatem
757 3816 1010 3870 mdituam
1063 3831 1184 3872 esse
1229 3833 1439 3886 magnae
1496 3819 1707 3884 Dianae,
1753 3830 1805 3874 et
1849 3835 1878 3874 a
1921 3818 2054 3876 Jove

484 3905 688 3976 delapsi
731 3905 1058 3961 simulacri?
1109 3924 1130 3960 ι
1186 3907 1328 3963 scire
1376 3908 1540 3963 debes
1595 3924 1699 3963 non
1743 3925 1864 3965 esse
1912 3912 2054 3967 banc

484 3995 782 4065 Scriptura:
807 3995 976 4064 ipsius
1001 3985 1214 4060 vocem,
1241 3995 1337 4050 sed
1365 3997 1561 4052 scribae
1582 3997 1957 4067 Ephesiorum.
1988 4001 2055 4055 Et

480 4101 947 4155 supervacaneum
981 4100 1104 4142 esse
1160 4088 1298 4141 duco
1340 4100 1621 4142 sermones
1651 4086 1706 4141 in
1739 4087 1898 4143 trivio
1931 4105 2053 4158 pro-

489 4175 637 4230 fusos
667 4176 1049 4247 interpretari;
1076 4176 1141 4231 de
1161 4177 1360 4247 quibus
1387 4177 1551 4231 etiam
1587 4179 1781 4248 opinor
1810 4176 2070 4235 Psalmo-~

482 4281 602 4321 rum
634 4265 956 4337 scriptorem
1007 4267 1391 4334 pronuntiasse
1432 4267 1577 4322 ista:
1636 4265 2055 4323 (Narraverunt

479 4357 613 4412 mihi
655 4357 828 4428 iniqui
873 4356 1276 4424 tabulationes;
1311 4358 1406 4413 sed
1436 4373 1545 4415 non
1581 4369 1642 4415 ut
1672 4359 1762 4415 lex
1798 4365 1914 4425 tua,
1947 4359 2053 4414 Do-

479 4449 626 4504 mine
646 4448 714 4502 “.
735 4466 755 4500 ι

972 4559 1176 4618 CCVII.
1210 4591 1281 4604 -—
1325 4561 1556 4620 EIDEM.

2403 3303 2536 3369 Σςν.
2574 3333 2640 3342 -
2661 3300 2984 3370 ΘΕΟΔΟΣΙῼ
3013 3297 3319 3368 ΔΙΑΚΟΝῼ
3349 3295 3489 3366 (se).

2156 3392 2262 3456 Εἰς
2291 3389 2357 3443 τὸ
2391 3389 2708 3459 εἰρημένον
2731 3406 2742 3420 ·
2781 3408 2798 3439 ι
2831 3391 2946 3459 ῌῚίς
2975 3390 3087 3459 οὐκ
3129 3383 3253 3440 οἵδε
3296 3384 3414 3459 τὴν
3450 3383 3728 3459 Ἐρεσίων

2226 3451 2408 3582 ἑώλων·
2440 3451 2741 3528 ὂρέἷυκόρον
2783 3451 2988 3515 οὖσάν
3022 3458 3134 3526 τῆς
3172 3451 3448 3527 μεγάλης
3491 3451 3730 3522 ’Ἀρτέμι-

2265 3548 2334 3582 oc
2355 3546 2373 3582 :
2415 3549 2433 3582 ι

2265 3546 2433 3596 ος;›

2236 3643 2457 3715 Ἐπειδὴ
2479 3644 2753 3714 ἠθέλησας
2793 3641 2986 3711 μαθεῖν
3013 3640 3074 3693 τὸ
3104 3642 3162 3694 ὲν
3192 3642 3313 3703 ταῖς
3361 3639 3592 3710 πράξεσι
3621 3635 3721 3688 τῶν

2154 3737 2466 3790 ἀποστόλων
2503 3736 2789 3806 κείμενον·
2832 3753 2851 3786 ι
2888 3733 2985 3794 Τίς
3031 3732 3131 3786 οὐκ
3164 3727 3274 3784 οἶδε
3301 3731 3404 3800 τὴν
3467 3729 3722 3798 Ἐφεσίων

2155 3824 2310 3876 πόλιν
2353 3824 2622 3894 νεωκόρον
2667 3820 2808 3876 εἶναι
2841 3823 2942 3890 τῆς
2979 3821 3222 3891 μεγάλης
3257 3819 3608 3889 Ἀρτέμιδος,
3639 3817 3726 3868 καὶ

2154 3914 2251 3968 τοῦ
2281 3915 2604 3982 διοπετους;
2643 3935 2661 3966 ι
2701 3911 2809 3966 ἴσθι
2835 3953 2850 3977 ,
2885 3911 2968 3965 ὅτι
3001 3910 3104 3964 οὐκ
3131 3909 3247 3964 ἐστι
3296 3909 3396 3980 τῆς
3439 3907 3654 3979 Γραφῇ
3689 3908 3725 3975 ἡ

2155 4006 2306 4080 φωνὴ
2335 4048 2350 4071 ,
2385 4007 2523 4061 ἀλλὰ
2578 4006 2674 4060 τοῦ
2705 4003 3083 4076 γραμματέως
3130 4003 3239 4055 τῶν
3296 4001 3556 4069 Ἐφεσίων
3582 4016 3596 4030 ⁸
3634 4000 3724 4051 καὶ

2153 4099 2407 4171 περιττὸν
2433 4096 2712 4166 ποιοῦμαι,
2735 4095 3036 4166 ἀγυρτικὰς
3052 4093 3365 4162 λογοποιῖας
3389 4089 3720 4162 ἑρμηνεύειν

2155 4189 2284 4259 περὶ
2327 4181 2404 4242 ὧν
2443 4183 2596 4257 οἶμαι
2635 4186 2728 4238 καὶ
2774 4184 2865 4238 τὸν
2918 4183 3173 4253 Μελῳδὸν
3218 4182 3501 4254 εἰρηκέναι
3529 4195 3543 4209 ·
3583 4198 3600 4230 ι
3639 4182 3725 4229 Δι-

2152 4279 2430 4352 ηγήσαντό
2463 4295 2553 4349 μοι
2581 4276 2890 4348 παράνομοι
2920 4273 3273 4343 ἀδολεσχίαςῖ
3307 4274 3425 4328 ἀλλ’
3457 4273 3553 4343 οὐχ
3581 4270 3657 4333 ὡς
3696 4268 3725 4320 ό

2165 4372 2333 4442 νόμος
2366 4387 2482 4438 σου,
2515 4368 2709 4440 Κύριε.
2749 4385 2768 4419 ι

2674 4572 2791 4624 ΣΖο.
2829 4599 2900 4611 -
2923 4571 3011 4642 To
3031 4570 3239 4641 arm.

551 4673 819 4741 Quoniam
850 4676 1095 4731 discendi
1122 4675 1421 4747 cupiditate
1461 4675 1699 4746 ﬂagrans
1728 4678 1894 4735 etiam
1928 4694 2054 4735 eru-

2246 4682 2464 4753 Ἐπειδὴ
2497 4682 2803 4752 φιλομαθὴς
2833 4681 2931 4749 ὢν,
2972 4680 3298 4752 πολυμαθὴς
3331 4679 3535 4745 ἐθέλεις
3564 4696 3723 4741 ειναι,

481 4764 686 4819 ditione
719 4763 918 4833 plenus
963 4780 1085 4822 esse
1106 4765 1212 4830 vis,
1246 4766 1351 4821 hoc
1395 4782 1614 4838 quoque
1644 4783 1935 4840 exponam,
1983 4786 2054 4826 ne

482 4856 666 4909 videar
711 4856 764 4910 in
793 4869 1084 4912 maerorem
1113 4864 1165 4911 te
1193 4855 1484 4925 conjicere.
1524 4856 1626 4924 Qui
1652 4859 1795 4929 apud
1835 4859 2055 4916 Gracos

482 4945 772 5019 (inﬁdeles)
798 4946 1087 5003 simulacra
1117 4948 1479 5004 conﬁciebant
1499 4989 1518 5016 ,
1551 4949 1589 5004 ii
1643 4949 1895 5008 volentes
1923 4967 2051 5023 spe-

477 5037 782 5094 ctatoribus
827 5047 1090 5095 terrorem
1115 5040 1381 5107 incutere,
1431 5040 1789 5110 dictitabant,
1836 5043 1928 5100 illa
1975 5047 2042 5100 de

525 5190 570 5222 “
590 5191 714 5248 Act.
743 5205 862 5258 nx,
890 5191 979 5248 35.
1081 5192 1128 5225 “
1157 5191 1300 5248 Psal.
1328 5208 1517 5257 cxvm.
1552 5195 1642 5252 85.

2162 4772 2441 4827 καὶτοῦτο
2470 4776 2684 4844 φράσω,
2711 4775 2801 4828 ἵνα
2827 4775 2901 4846 μὴ
2937 4774 3154 4844 δόξαιμί
3185 4791 3245 4826 σε
3266 4773 3481 4830 λυπεῖν.
3517 4775 3572 4827 Οἱ
3593 4773 3724 4842 παρ’

2159 4863 2392 4933 Ἕλλησι
2417 4865 2487 4918 τὰ
2505 4865 2668 4930 ξόανα
2696 4868 3228 4930 κατασκευάσαντες,
3250 4865 3420 4935 φόϐον
3445 4865 3720 4937 ἐμποιῆσαι

2159 4957 2271 5018 τοῖς
2298 4955 2467 5027 ὁρῶσι
2506 4956 2841 5028 βουλόμενοι,
2878 4957 3136 5026 ἔφασκον,
3165 4959 3246 5011 ὅτι
3273 4957 3387 5026 (44)
3418 4957 3478 5023 ἐξ
3509 4953 3723 5024 οὐρανοῦ

2149 5047 2298 5119 παρὰ
2311 5046 2408 5101 τοῦ
2422 5047 2542 5112 Διὸς
2552 5048 2809 5120 ἐπέμφθη
2821 5049 2853 5120 ἢ
2868 5049 3384 5120 κατέπτη,κρεῖττον
3397 5048 3508 5119 (45)
3522 5043 3648 5100 ἁπάσ
3659 5059 3722 5112 ης

1575 5341 1814 5398 ἾΑΒΙΔΕ
1849 5341 2235 5400 LECTIONES
2269 5343 2359 5398 ET
2395 5345 2632 5402 ΝΟΤιΕ.

457 5513 472 5536 ι
551 5496 664 5566 (ιί)
702 5496 825 5550 lla-t2
861 5497 1084 5564 epistola
1135 5497 1380 5552 inscribit
1418 5499 1469 5551 in
1506 5500 1624 5552 cod.
1661 5497 1782 5553 Vat.
1815 5500 1920 5553 650
1949 5517 2051 5556 non

480 5567 745 5639 θεοδοσίῳ
764 5567 1018 5639 διακόνῳ.
1049 5570 1140 5622 sed
1167 5568 1375 5639 Ἥρωνι
1405 5569 1778 5638 πρεσϐυτέρῳ.
1819 5570 1971 5625 Vers.
2020 5572 2054 5624 5

483 5653 571 5707 ειν.
621 5638 759 5707 inter
809 5638 1048 5707 μεγάλης
1093 5647 1149 5690 et
1196 5638 1414 5707 Ἀρτεμ.
1457 5639 1647 5692 inserit
1697 5641 1834 5692 idem
1893 5640 2051 5702 Θεᾶς.

484 5706 640 5776 Vers.
680 5706 994 5776 tiaratoﬁpat
1028 5709 1165 5762 idem
1196 5706 1366 5765 mutat
1398 5711 1447 5761 in
1477 5708 1738 5776 ἡγοῦμαι.
1769 5709 1840 5760 In.

556 5774 671 5847 ‘43)
701 5774 834 5830 Erat
865 5774 916 5829 in
957 5779 1083 5831 edit.
1134 5777 1302 5830 Paris.
1343 5774 1731 5848 ἀνεπίγραφος.
1773 5779 1903 5834 Cod.
1933 5778 2050 5834 Vat.

2158 5503 2396 5571 suggerit
2427 5503 2506 5572 τῷ
2537 5503 2705 5573 αὐτῷ,
2740 5505 2790 5557 id
2818 5513 2920 5569 est,
2957 5506 3248 5560 secundum
3295 5508 3417 5562 cod.
3459 5505 3588 5566 τοι..
3611 5501 3713 5570 ipsi

2157 5575 2544 5645 uti_s_t_tperior,
2581 5573 2774 5645 Heroni
2819 5577 3158 5645 presbytero.
3189 5578 3348 5631 Ευιτ.

2229 5640 2355 5711 (4-4)
2375 5642 2516 5695 luter
2543 5644 2625 5695 ὅτι
2654 5654 2707 5697 et
2730 5643 2788 5709 ἐξ
2819 5640 3009 5698 inserit
3032 5648 3152 5700 cod.
3185 5646 3304 5701 Vat.
3344 5647 3446 5700 650
3470 5645 3522 5696 τὸ
3547 5640 3709 5709 ἄγκλ-

2161 5728 2253 5779 μα.
2286 5713 2471 5765 Possm

2227 5781 2340 5852 (45)
2373 5782 2515 5838 lnter
2550 5785 2790 5854 κρεῖττον
2818 5794 2872 5839 et
2895 5787 3112 5857 ἁπάσης
3139 5787 3279 5842 idem
3328 5787 3502 5841 inserit
3523 5783 3590 5835 ὃν.
3618 5777 3702 5834 ιο.
