3906 6416
216 406 343 474 1285

1058 404 1599 469 EPISTOLARUM
1638 406 1787 469 LIB.
1828 407 1929 470 IV.-
1963 432 2033 444 -
2070 405 2311 467 EPIST.
2350 401 2658 467 CXCVIII.

3284 389 3296 397 ’
3342 384 3479 459 1286

213 524 495 594 ἐγκωμίοις
520 524 671 595 παρά
698 512 918 577 πάντων
952 522 1346 593 στεφθήσεται,
1388 521 1464 594 μὴ
1507 522 1669 593 μόνον
1696 521 1792 575 τοῦ

1900 521 1988 592 qui
2032 531 2085 577 et
2128 522 2197 576 ab
2224 518 2534 574 hominibus
2566 513 3024 579 condemnamur,
3055 519 3109 566 et
3135 510 3479 565 sermonibus

214 616 400 687 ἐχθροῦ
422 657 437 681 ,
471 617 609 670 ἀλλά
644 617 739 670 καὶ
789 615 881 669 τοῦ
910 613 1088 685 θυμοῦ
1137 614 1517 687 κεκρατηκὼς,
1562 616 1787 668 κάκεῖσε

215 708 351 776 παρὰ
378 706 516 759 Θεοῦ
551 707 814 778 μεγίστας
850 705 961 770 ἐξει
992 705 1093 768 τὰς
1122 705 1379 776 ἀμοιϐάς.
1415 705 1480 758 El
1503 705 1561 758 δὲ
1598 706 1786 777 φαίης,

216 798 373 853 πολὺν
422 799 567 870 ἔχειν
606 798 808 869 ἱδρῶτα
845 798 940 849 καὶ
980 800 1176 861 πόνον,
1206 796 1268 849 τὸ
1295 796 1652 868 ὑϐριζόμενον
1691 798 1785 866 φέ-

217 907 350 961 ρειν,
383 890 497 943 οὐδ’
538 889 703 953 αὐτὸς
736 888 1090 960 ἀρνησαίμην
1117 904 1130 917 ⁸
1176 889 1294 943 ἀλλ’
1327 889 1503 941 ἐκεῖνο
1545 888 1786 959 λέξαιμι,

217 983 290 1036 ὅτι
318 984 363 1035 οἱ
407 982 656 1052 μέγιστοι
700 980 855 1035 πόνοι
888 979 964 1053 (5)
994 964 1292 1050 στεφάνους
1314 981 1612 1034 τίκτουσιν.
1645 981 1706 1033 Εἰ
1734 980 1791 1033 δὲ

217 1077 301 1128 καὶ
346 1074 755 1145 παραδείγματι
796 1073 1194 1146 εὐπαραϐλήτῳ
1243 1072 1626 1144 καταπραῧναι
1667 1073 1792 1144 βού-

213 1168 285 1221 λει
310 1168 405 1240 τὴν
430 1166 743 1238 φλεγμονὴν
770 1169 870 1239 τῆς
895 1168 1106 1239 ψυχῆς,
1140 1171 1316 1222 ἐκεῖνο
1343 1170 1535 1233 ἐννόει,
1575 1169 1656 1221 ὅτι
1688 1168 1791 1238 τῆς

216 1263 402 1333 μιαρᾶς
429 1262 645 1333 ἐκείνης
668 1262 742 1331 (6)
771 1262 978 1333 χειρὸς,
1004 1260 1065 1314 τὸ
1095 1260 1241 1331 ἱερὸν
1268 1261 1443 1314 ἐκεῖνο
1480 1260 1791 1331 ραπισάσης

215 1355 527 1425 πρόςωπον,
585 1354 911 1424 φιλοσοφίας
981 1353 1270 1425 κρείττονα
1325 1353 1420 1408 καὶ
1484 1352 1795 1425 ὑψηλότερα

214 1443 501 1513 ἐφθέγξατο
543 1446 784 1515 ῥήματα·
837 1464 855 1495 ι
898 1443 962 1497 El
996 1445 1094 1515 μὲν
1129 1445 1317 1507 κακῶς
1355 1444 1622 1514 ἐλάλησα,
1659 1461 1798 1515 μαρ-

210 1537 431 1606 τύρησον
485 1536 616 1606 περὶ
653 1537 748 1589 τοῦ
788 1535 965 1591 κακοῦ
988 1553 1001 1566 ⁸
1037 1538 1086 1590 εί
1120 1536 1175 1590 δὲ
1230 1536 1443 1601 καλῶς,
1493 1536 1547 1590 τί
1601 1553 1667 1607 με
1702 1535 1791 1588 δέ-

213 1645 352 1698 ρεις-ς
392 1648 410 1680 ι
455 1629 568 1682 Καὶ
590 1629 765 1703 ταύτῃ
792 1633 859 1702 τῇ
887 1631 1070 1703 ἐπῳδῇ
1093 1632 1172 1703 (7)
1202 1630 1278 1703 μῂ
1305 1628 1543 1684 παύσαιο
1573 1630 1649 1701 (8)
1690 1628 1791 1699 τὴν

207 1718 371 1790 ψυχὴν
403 1718 653 1789 ἰώμενος.

1901 611 2245 667 dill'eruntur.
2306 606 2673 679 525-526
2715 606 2785 658 At
2826 603 2916 673 qui
2961 611 3015 657 et
3045 600 3371 656 contumelia
3418 608 3475 654 et

1896 705 2095 775 injuria
2140 703 2301 757 altior
2329 711 2432 765 est,
2458 700 2504 753 is
2526 708 2579 753 et
2624 698 2711 752 hic
2760 697 2827 751 ab
2857 695 3109 750 omnibus
3152 693 3474 750 mortalibus

1897 796 2255 851 coronabitur
2276 792 2566 855 encomiis,
2593 789 2737 859 quod
2770 803 2876 842 non
2924 788 3084 842 modo
3115 787 3353 851 hostem,
3385 787 3481 841 sed

1895 888 2105 941 animos
2126 888 2370 955 iramque
2390 899 2541 938 suam
2573 879 2945 950 superaverit:
2967 887 3022 934 et
3042 879 3097 932 in
3119 877 3289 933 altera
3310 876 3419 931 vita
3448 890 3482 929 a

1898 979 2013 1035 Deo
2035 978 2269 1032 maxima
2297 974 2564 1031 obtinebit
2593 971 2999 1043 praemia.Quod
3023 974 3064 1026 si
3092 970 3480 1039 dixeris,inju-

1899 1073 2098 1127 riarum
2129 1070 2470 1124 tolerantiam
2503 1067 2673 1122 multo
2700 1075 2955 1121 constare
2983 1065 3182 1119 sudore
3200 1072 3254 1118 et
3269 1063 3478 1126 labore,

1898 1180 1999 1219 nec
2029 1166 2145 1234 ipse
2186 1162 2398 1217 inficias
2435 1160 2623 1214 iverim
2656 1175 2670 1212 :
2709 1159 2804 1213 sed
2850 1157 2981 1211 illud
3040 1156 3268 1211 dixerim
3307 1154 3481 1208 maxi-

1900 1271 2015 1310 mos
2038 1256 2253 1309 labores
2284 1267 2478 1322 parere
2507 1266 2759 1306 coronas.
2791 1249 2847 1304 Si
2880 1264 3008 1304 vero
3035 1249 3203 1302 etiam
3225 1245 3480 1316 exemplo

1897 1349 2131 1418 quodam
2166 1344 2310 1399 facili
2341 1346 2407 1398 ad
2433 1342 2858 1412 comparandum
2892 1340 3065 1401 lenire
3087 1340 3172 1395 vis
3199 1338 3367 1393 animi
3403 1349 3483 1392 tu-

1899 1455 2107 1494 morem
2142 1450 2303 1508 atque
2343 1445 2556 1504 :estum,
2613 1435 2741 1490 illud
2775 1435 2975 1505 cogita,
3017 1434 3160 1503 quod
3198 1447 3320 1487 cum
3358 1446 3481 1486 sce-

1896 1531 2063 1586 lerata
2098 1545 2161 1585 ac
2188 1529 2397 1585 nefaria
2447 1529 2537 1583 illa
2573 1542 2766 1582 manus
2818 1542 3033 1581 sacrum
3085 1525 3235 1579 illum
3270 1523 3479 1579 Christi

1896 1625 2108 1678 vultum
2144 1623 2300 1693 alapa
2336 1621 2725 1692 percussisset,
2759 1618 2873 1687 ipse
2908 1618 3069 1672 verba
3098 1617 3323 1688 protulit
3349 1632 3483 1687 prac-

1895 1714 2163 1771 stantiora
2203 1712 2629 1781 sublimioraque
2659 1724 2820 1780 quam
2850 1710 3138 1779 quisquam
3171 1709 3483 1763 meditando

211 1814 411 1881 assequi
446 1814 687 1883 possitu
711 1816 766 1869 Si
783 1812 1002 1886 quidem
1019 1812 1158 1868 male
1192 1829 1310 1868 sum
1346 1813 1580 1880 locutus,
1618 1806 1913 1869 testiﬁcare
1974 1810 2039 1864 de
2071 1806 2233 1862 malo.
2295 1805 2392 1862 Sin
2421 1812 2602 1861 autem
2642 1806 2800 1872 bene,
2841 1820 3009 1876 quare
3040 1820 3123 1860 me
3154 1802 3426 1874 percutis?
3457 1821 3476 1854 ι

207 1901 368 1972 Atque
400 1904 506 1960 hoc
536 1906 782 1960 carmine
815 1906 1131 1972 supradicto
1166 1920 1233 1959 ne
1257 1920 1441 1961 cesses
1465 1907 1659 1961 anima:
1686 1902 2013 1961 medicinam
2043 1899 2242 1954 facere.

746 2016 901 2085 PL,Z'.
937 2047 1008 2059 —
1045 2018 1233 2090 ΗΛΙᾼ.

679 2132 819 2199 Περὶ
858 2132 1295 2189 Καππαδοκῶν.

280 2243 363 2297 Ἐν
402 2243 482 2315 τῷ
522 2245 716 2317 κομιδῇ
772 2246 847 2318 (9)
887 2247 986 2319 τὴν
1020 2248 1295 2321 ὑμετέραν
1338 2250 1604 2323 ἐλαφρίαν
1652 2254 1785 2307 θαυ-

209 2335 370 2406 μάζω,
407 2338 493 2391 ὅτι
535 2338 707 2409 βραχὺ
743 2338 961 2411 πνεῦμα
994 2342 1092 2395 καὶ
1126 2342 1392 2415 ὀλίγωρον
1422 2344 1516 2398 τοῦ
1552 2330 1788 2399 Καππα-

206 2425 350 2479 ὂόκου
397 2428 539 2498 (10),
584 2428 759 2493 οὕτως
795 2430 1045 2495 ἅπαντας
1095 2432 1241 2503 ὑμᾶς
1266 2432 1341 2496 ὡς
1378 2435 1632 2507 καλάμην
1671 2436 1785 2488 ἐδό-

206 2534 355 2586 νησε,
387 2521 486 2574 καὶ
514 2524 636 2585 ταῖς
679 2522 934 2577 ἀσεϐέσιν
966 2524 1133 2577 αὑτοῦ
1174 2529 1547 2590 κατασκευαῖς
1576 2526 1785 2598 ὑπουρ-

207 2607 361 2672 γεῖτε,
392 2607 505 2660 δέει
544 2608 640 2661 τοῦ
675 2609 750 2681 μὴ
779 2610 848 2663 τὰ
868 2611 1032 2681 ὅμοια
1064 2614 1179 2675 τοῖς
1221 2612 1321 2684 ἤδη
1347 2614 1644 2667 πεπονθόσι
1678 2632 1785 2669 πα-

208 2697 332 2753 θεῖν.
391 2701 458 2753 El
493 2700 676 2755 τοίνυν
722 2703 1123 2774 συναπολήγειν
1158 2705 1308 2777 αὐτῷ
1341 2706 1434 2759 καὶ
1491 2708 1790 2778 συμμεταί-

211 2806 315 2858 ρειν
384 2791 686 2863 παυομένῳ
739 2792 1093 2865 βεϐούλησθε,
1146 2795 1373 2859 εἰκότως
1416 2797 1514 2868 τὴν
1557 2796 1790 2867 πατρίδα

207 2874 469 2946 ληῒζεσθε.
519 2878 584 2933 Εἰ
625 2880 682 2933 δὲ
717 2883 745 2934 ὀ
783 2881 884 2951 μὲν
929 2878 1201 2937 παύσεται
1246 2885 1343 2937 καὶ
1390 2884 1785 2951 ἀπελεύσεται,

211 2968 356 3035 ὑμεῖς
378 2970 436 3024 δέ
469 2974 681 3042 μενεῖτε
706 2973 790 3042 ἐφ’
817 2969 885 3045 ἧς
913 2975 1218 3043 πεφύκατε,
1247 2975 1358 3030 τῶν
1381 2977 1642 3032 ἐναντίων
1675 2976 1786 3049 (11)

208 3058 528 3131 ἀπόσχεσθε,
560 3061 669 3115 τῶν
698 3062 743 3115 δ’
775 3063 993 3118 οἰκείων
1023 3064 1340 3135 ἀντέχεσθε.

1814 2004 1862 2065 Β

2356 2011 2609 2069 CXCVII.
2645 2042 2718 2055 —
2760 2011 3016 2067 HELIAE.

2427 2127 2505 2183 De
2529 2126 2952 2198 Cappadocibus.

1968 2244 2335 2298 Vehementer
2356 2241 2606 2311 equidem
2641 2250 2876 2296 vestram
2914 2241 3187 2296 levitatem
3214 2241 3481 2307 admiror,

1894 2338 2038 2406 quod
2064 2336 2242 2391 brevis
2270 2345 2324 2389 et
2361 2336 2426 2390 ad
2454 2336 2713 2404 exiguum
2746 2344 2962 2405 tempus
2995 2335 3291 2391 duraturus
3320 2335 3481 2390 ﬂatus

1892 2427 2229 2499 Cappadocis
2270 2427 2434 2493 illius,
2486 2428 2624 2480 adeo
2672 2442 2768 2481 vos
2809 2442 3000 2481 omnes
3054 2428 3229 2482 instar
3279 2429 3479 2482 calami

1893 2518 2193 2588 quassavit,
2240 2518 2493 2587 quodque
2550 2512 2744 2587 impiis’
2802 2518 3043 2573 hominis
3105 2519 3479 2574 molitionibus

1894 2624 1993 2663 vos
2049 2610 2335 2664 ministros
2386 2609 2698 2677 pra’beatis,
2726 2611 2850 2663 dum
2896 2611 3162 2676 metuitis,
3188 2626 3255 2665 ne
3297 2612 3481 2666 cousi-

1896 2700 2042 2754 milia
2074 2716 2262 2755 eorum
2290 2716 2409 2770 qua:
2434 2701 2584 2769 prius
2616 2703 2857 2772 perpessi
2889 2701 3087 2765 fuistis,
3115 2703 3167 2757 in
3202 2713 3478 2772 posterum

1895 2806 2111 2862 quoque
2160 2793 2567 2863 perpetiamini.
2632 2791 2691 2847 Si
2757 2792 2920 2863 igitur
2981 2808 3087 2847 una
3152 2809 3276 2848 cum
3340 2795 3480 2864 ipso,

1895 2886 2117 2955 quando
2142 2885 2252 2955 jam
2275 2884 2447 2941 abibit
2466 2885 2807 2954 magistratu,
2828 2884 3110 2940 discedere
3128 2886 3478 2952 decrevistis,

1890 2977 2249 3048 probabiliter
2269 2992 2405 3033 sane
2427 2977 2660 3047 patriam
2678 2977 3020 3047 praedamini.
3048 2977 3144 3032 Sin
3168 2989 3346 3033 autem
3367 2978 3481 3047 ipse

1890 3068 2109 3138 quidem
2140 3068 2309 3123 abibit
2331 3084 2396 3124 ac
2419 3068 2683 3133 discedet,
2729 3084 2821 3123 vos
2851 3076 3032 3124 autem
3065 3069 3118 3123 iu
3164 3084 3227 3125 ea
3256 3072 3484 3139 regione

207 3147 255 3202 iu
298 3167 398 3221 qua
431 3154 547 3207 nati
578 3155 732 3221 estis,
762 3156 1074 3224 manebitis,
1110 3158 1179 3212 ab
1207 3158 1540 3214 adversariis
1566 3159 1786 3227 quidem
1826 3160 2117 3226 abstinete,
2153 3161 2388 3231 propriis
2454 3175 2587 3216 vero
2649 3168 2815 3230 atque
2864 3161 3178 3217 domesticis
3219 3162 3472 3218 defenso-

207 3255 287 3296 res
313 3257 407 3297 vos
441 3245 702 3313 praebete.

442 3353 613 3421 Ριιῐίν.
648 3384 719 3394 -
747 3357 1031 3429 ΔΟΜΙΤΙῼ
1059 3359 1364 3431 ΔΙΑΚΟΝῼ
1399 3360 1533 3435 (ιε).

283 3482 569 3556 Ἐνέτυχόν
607 3502 741 3540 ποτε
800 3489 1016 3560 ἱστορίᾳ
1062 3490 1343 3562 Περσικῇ,
1393 3489 1621 3546 τοιαῦτά
1664 3510 1785 3546 τινα

210 3575 553 3649 περιεχούσῃ,
611 3578 693 3631 ὅτι
744 3580 793 3632 οἱ
856 3580 1048 3643 παῖδες
1098 3582 1405 3651 ἐμάνθανον
1459 3583 1558 3654 μὲν
1618 3584 1785 3656 μηδὲν

208 3667 389 3737 ψευδὲς
433 3670 550 3740 (15)
594 3672 735 3743 μήτε
780 3672 993 3740 λέγειν,
1052 3675 1193 3745 μήτε
1242 3674 1496 3729 ἀκούειν·
1536 3678 1674 3747 μήτε
1724 3675 1787 3728 τὸ

209 3759 482 3830 συμφέρον
507 3760 717 3815 δίκαιον
740 3803 755 3827 ,
787 3760 926 3815 ἀλλά
962 3760 1024 3814 τὸ
1055 3761 1263 3816 δίκαιον
1292 3761 1545 3833 ἡγεῖσθαι
1577 3761 1786 3831 συμφέ-

210 3866 325 3920 ρον·
358 3852 453 3905 κα“ι
485 3850 580 3905 τοῦ
607 3850 808 3906 διδόναι
838 3852 898 3906 τὸ
925 3852 1225 3923 λαμϐάνειν
1252 3847 1394 3907 εἶναι
1415 3854 1787 3907 λυσιτελέστε-

212 3958 294 4014 ρον
322 3946 460 4015 (14).
500 3946 632 3999 Ὅτε
666 3946 710 4000 δ’
741 3946 978 4017 ἤμελλον
1007 3948 1087 4010 είς
1118 3946 1319 4019 ἄνδρας
1348 3946 1589 3999 τελέσειν
1609 3986 1624 4011 ,
1665 3945 1788 4018 ὦμ-

211 4052 324 4092 νυον
344 4039 536 4111 ὅρκον,
573 4039 732 4109 ὀλίγα
782 4040 882 4110 μὲν
913 4041 1111 4113 κομιδῇ
1151 4040 1474 4111 περιέχοντα
1519 4040 1653 4113 (15),
1685 4059 1784 4113 με-

210 4128 390 4198 γίστην
439 4131 497 4185 δὲ
540 4131 774 4203 δύναμιν
824 4133 1152 4204 περιέχοντα
1195 4133 1448 4204 ῥήματα,
1494 4133 1589 4187 καὶ
1646 4133 1785 4205 ὑπὲρ

210 4221 379 4287 πάσας
424 4223 527 4287 τὰς
570 4224 682 4278 τῶν
738 4224 1012 4295 Ἑλλήνων
1057 4224 1399 4296 φιλοσοφίας.
1435 4225 1785 4296 Ὠμνυενγὰρ

210 4310 451 4382 ἕκαστος,
485 4315 562 4381 ὡς
593 4315 706 4386 ἐγὼ
741 4318 1142 4389 καταφρονήσω
1180 4317 1285 4390 μὲν
1331 4318 1533 4383 παντὸς
1567 4317 1793 4390 κέρδους

2176 3362 2452 3419 CXCVIII.
2481 3394 2551 3405 —
2575 3363 2855 3420 DOMITIO
2889 3362 3207 3421 DIACONO.

1962 3494 2130 3551 Incidi
2160 3496 2452 3566 auquando
2478 3495 2529 3550 in
2550 3495 2842 3552 historiam
2861 3494 3164 3563 Persicam,
3185 3497 3311 3553 talia
3335 3513 3484 3567 qua:-

1893 3587 2019 3642 dam
2061 3587 2513 3656 complectentem
2572 3606 2586 3642 :
2624 3588 2769 3657 quod
2802 3589 2956 3659 pueri
3014 3589 3231 3659 quidem
3280 3590 3486 3646 didice-

1893 3680 2028 3744 rint,
2059 3680 2265 3734 nullum
2290 3680 2632 3734 mendacium
2657 3694 2833 3750 neque
2851 3681 3032 3735 dicere
3059 3696 3234 3751 neque
3255 3683 3482 3748 audire;

1894 3786 2071 3841 neque
2097 3772 2149 3825 id
2174 3768 2381 3839 justum
2404 3772 2549 3840 quod
2578 3771 2730 3835 utile,
2754 3772 2848 3826 sed
2885 3773 2935 3826 id
2962 3772 3090 3826 utile
3117 3772 3258 3841 quod
3276 3772 3482 3838 justum

1892 3873 2063 3928 esset,
2092 3863 2425 3928 existimare}
2453 3880 2466 3917 :
2522 3872 2577 3917 et
2607 3866 2741 3917 dare
2775 3852 2942 3934 quam
2991 3867 3261 3934 accipere,
3294 3864 3483 3920 utilius

1893 3954 2192 4011 esse.Cum
2220 3964 2397 4009 autem
2416 3954 2529 4024 jam
2559 3956 2612 4008 in
2637 3956 2878 4011 virorum
2910 3956 3138 4012 classem
3168 3957 3483 4012 ascribendi

1893 4054 2098 4114 essent,
2124 4045 2508 4116 jusjurandum
2560 4045 2783 4113 dabant,
2833 4048 3031 4117 oppido
3056 4050 3271 4117 quidem
3307 4066 3482 4121 pauca

1896 4140 2085 4204 verba,
2114 4138 2210 4193 sed
2235 4139 2343 4193 vim
2368 4152 2432 4192 ac
2449 4147 2779 4207 potestatem
2801 4130 3095 4195 maximam
3119 4142 3482 4211 complexum,

1893 4245 2221 4301 omnemque
2246 4229 2560 4287 Graecorum
2594 4231 2989 4303 philosophiam
3014 4248 3297 4305 superans.
3318 4233 3485 4289 Jura-

1901 4319 1996 4376 bat
2033 4322 2179 4377 enim
2228 4320 2605 4392 unusquisque
2629 4321 2686 4378 in
2726 4324 2845 4380 haec
2900 4326 3065 4381 verba
3115 4342 3131 4380 :
3183 4325 3295 4398 Ego
3350 4343 3483 4384 cou-

1288 4494 1528 4552 VARIAE
1563 4494 1950 4553 LECTIONES
1985 4492 2075 4552 ET
2108 4496 2342 4554 NOTAE.

271 4651 344 4719 (5)
373 4651 518 4725 Ante
553 4650 855 4725 στεφάνους
885 4650 1039 4725 ’.σθω
1071 4653 1222 4725 addit
1248 4653 1397 4725 τοὺς,
1419 4663 1475 4710 et
1497 4668 1642 4710 vers.
1671 4670 1786 4725 seq.

210 4718 605 4796 εὐπαραϐλήτῳ
629 4718 802 4796 mutat
826 4724 893 4796 _in
922 4724 1319 4796 ἀπαραϐλήτῳ.
1352 4724 1569 4781 Possm.

277 4790 356 4860 (6)“
390 4790 757 4866 Ρτοέκείνης
787 4794 929 4866 idem
975 4790 1102 4866 legit
1146 4790 1356 4857 ἐκεῖνος
1388 4807 1442 4849 et
1480 4809 1789 4866 vers.seq.

208 4858 342 4982 inter
390 4858 796 4918 ποόσωπονόι
852 4858 1170 4935 φιλοσοφίας
1225 4866 1418 4921 inserit
1464 4864 1533 4919 τά
1585 4858 1790 4938 πάσης.

232 4945 277 4984 ι).

276 5003 350 5074 (7)
390 5005 582 5080 Ταύτῃ
635 5002 712 5080 τῇ
741 5003 967 5080 ἐπῳδῇ,
1010 5003 1273 5080 Similem
1297 5005 1515 5080 ἐπῳδὴν
1567 5007 1703 5080 πρὸς
1732 5008 1795 5061 τὸ

209 5073 621 5147 καταπραΰνειν
652 5076 752 5147 τᾲς
779 5073 968 5147 ὕϐρεις
994 5075 1217 5130 tradidit
1255 5073 1448 5132 Isidor.
1471 5073 1668 5135 noster
1703 5093 1794 5135 su-

209 5154 297 5209 pra
330 5144 492 5212 epist.
530 5145 654 5200 179.
682 5144 865 5200 Βιττζ
1332 5178 1335 5181 ν

275 5215 348 5283 (8)
374 5216 676 5269 Παύσαιο.
711 5214 865 5270 Fort.
903 5215 1306 5273 καταπαύσαιο.
1343 5218 1419 5273 In.

278 5284 490 5358 {illi};
520 5284 601 5350 τῷ
626 5284 863 5358 κομιδῇ.
889 5286 950 5341 F.
983 5285 1094 5355 ἐγὼ
1116 5304 1245 5358 κομ.
1267 5290 1346 5344 In.

275 5352 387 5424 (10)
427 5352 520 5411 Sic
550 5358 615 5411 de
642 5352 1078 5428 inipio‘aposta’ta
1125 5352 1337 5414 Ju‘liano
1377 5360 1595 5416 dicebat
1625 5358 1790 5428 Greg.

275 5371 387 5424 μυ)
427 5371 520 5411 mc
550 5371 615 5411 de
642 5371 806 5423 tmpto
832 5372 860 5409 a
904 5371 1078 5412 ostata
1125 5371 1337 5414 Juliano
1377 5371 1595 5416 dicebat
1625 5371 1787 5428 ureg.

212 5419 532 5544 il'llteologus,
580 5441 602 5477 ι
651 5371 971 5481 nubecuIam
1015 5441 1135 5482 esse
1180 5430 1291 5484 cito
1337 5432 1717 5487 transituram.
1768 5448 1787 5482 ι

235 5507 285 5545 Β.

273 5564 384 5641 (ll)
420 5565 544 5641 ζῶν
569 5565 886 5641 ἐναντίων.
910 5567 1053 5641 Fort
1081 5567 1139 5641 in
1174 5569 1350 5641 medio
1376 5571 1525 5626 deest
1556 5571 1678 5641 μέν.
1716 5568 1792 5626 In.

277 5633 388 5773 (12)
417 5633 550 5692 Cod.
581 5636 702 5691 Vat.
735 5637 864 5700 650,
892 5640 1136 5707 Δομετίῳ
1186 5640 1408 5711 κόμητι.
1434 5633 1647 5697 Possm.

274 5705 367 5771 (15
420 5705 562 5760 Idem
594 5706 789 5773 ψευδὲς
818 5718 993 5762 mutat
1022 5711 1074 5762 in
1102 5707 1318 5773 ψεῦδος.
1342 5710 1400 5764 In

274 5705 387 5778 (15)
420 5705 562 5778 Idem
594 5706 789 5778 ψευδὲς
818 5705 993 5762 mutat
1022 5711 1074 5762 in
1102 5705 1400 5778 ψεῦδοςξιι)

279 5775 385 5845 (14)
423 5776 533 5830 Τοῦ
594 5777 823 5831 διδόναι
864 5778 930 5831 τὸ
974 5775 1302 5848 λαμϐάνειν
1344 5778 1499 5835 εῖναι
1541 5785 1788 5837 λυσιτε-

215 5842 514 5915 λέστερον.
550 5849 725 5918 Atque
767 5850 867 5906 hoc
899 5842 1069 5906 etiam
1098 5850 1289 5921 vulgus
1329 5854 1535 5923 absque
1567 5855 1785 5911 institu-

1899 4654 2049 4736 tione
2077 4651 2304 4736 Persica
2319 4653 2481 4736 facile
2510 4656 2732 4736 credit;
2742 4657 2874 4736 illud
2900 4668 3086 4736 au_tem
3115 4660 3473 4736 eidemfrrapa't

1821 4727 1867 4783 D
1895 4724 2073 4792 δοξον,
2123 4724 2184 4778 τὺ
2221 4725 2422 4799 διδόναι
2452 4727 2544 4781 τοῦ
2585 4727 2884 4799 λαμϐάνειν
2929 4727 3067 4785 εῖναι
3117 4724 3487 4788 λυσιτελέστε-

1904 4788 2018 4865 ρον,
2044 4788 2315 4866 quomodo
2340 4798 2628 4852 hiccontra
2654 4788 2754 4853 ius.
2776 4800 3058 4855 lectionem
3091 4805 3483 4859 resmucndum

1899 4879 2021 4921 esse
2056 4865 2163 4920 aio.
2195 4865 2499 4923 Coucordat
2517 4883 2640 4922 cum
2660 4869 2765 4925 hac
2785 4872 3048 4925 sententia
3082 4871 3296 4927 Persica
3319 4874 3486 4930 etiam

1901 4933 2117 5009 Christi
2137 4934 2262 5009 Iesu
2295 4938 2714 5009 apophthegma,
2750 4942 2892 5009 quod
2924 4941 3081 4998 nobis
3110 4957 3175 4999 ex
3208 4954 3486 4999 contesta-

1885 5007 2056 5061 't1‘one
2085 5005 2239 5081 Pauli
2270 5005 2342 5061 ad
2370 5005 2781 5081 presbyterium
2802 5009 3135 5080 Ephesinum
3169 5013 3308 5069 facta
3350 5031 3486 5069 con-

1902 5077 2144 5156 servavit
2171 5076 2392 5156 lippam;
2409 5076 2657 5156 ᾼριζκχ,
2680 5094 2823 5156 vers_.
2849 5076 2937 5135 '55
2966 5098 2980 5135 :
3027 5084 3317 5156 Μακάριόν
3369 5086 3485 5140 ἐστι

1899 5145 2100 5221 διδόναι
2122 5146 2336 5221 Δμᾶλλον
2364 5150 2397 5221 ἢ
2432 5149 2749 5221 λαμϐάνειν.
2785 5151 2951 5207 Rt'r'r.

1972 5217 2086 5295 (15)
2120 5218 2327 5289 Ὀλὶγα
2350 5217 2470 5295 μὲν
2506 5217 2726 5289 κομιδῇ
2747 5292 2756 5295 _
2779 5222 3158 5295 περιέχοντα,
3186 5226 3488 5295 μεγίστην

1897 5286 2269 5364 δρδὐναμιν
2304 5286 2658 5364 περιέχοντα
2694 5286 2769 5345 τὰ
2798 5286 3059 5364 Myrica.
3108 5286 3406 5364 Leko'haec
3429 5286 3488 5352 et

1896 5358 2295 5436 distinguo‘ita,
2338 5360 2496 5428 ὀλίγα
2536 5362 2636 5436 μὲν
2677 5358 3259 5436 κομιδῇπάίρήμαῖαο
3330 5368 3488 5436 μεγί-

1904 5444 2039 5497 στην
2069 5427 2133 5508 δέ.
2158 5427 2875 5522 δύναμιννπερξέχονταζκοίὶ
2904 5427 3292 5522 ύπέρ,”ὲιο.δίο
3318 5427 3487 5504 exigit

1900 5503 2169 5576 sententia
2205 5503 2464 5554 auctoris.
2512 5505 2580 5554 At
2615 5504 2665 5576 in
2710 5519 2810 5557 ms.
2858 5504 2928 5558 τὰ
2967 5503 3194 5576 ῥήματα
3237 5523 3339 5560 non
3385 5503 3485 5559 suo

1897 5568 2016 5621 loco
2040 5568 2213 5637 posita
2236 5580 2381 5633 sunt,
2417 5585 2473 5624 et
2505 5572 2832 5646 περιέχοντα
2858 5576 2940 5628 bis
2967 5568 3227 5646 scriptum
3263 5586 3349 5631 est
3370 5592 3487 5645 per-

1895 5653 2105 5707 peram,
2140 5652 2263 5691 cum
2299 5649 2505 5694 tantum
2554 5644 2719 5695 semel
2760 5646 2830 5697 sit
2867 5644 3261 5701 necessarium.
3293 5644 3381 5701 In.

1895 5738 1964 5749 —
1994 5706 2129 5760 Cod.
2162 5707 2284 5762 Vat.
2332 5711 2472 5764 inter
2507 5712 2831 5764 πεοιέγοντα
2880 5727 2934 5764 et
2970 5718 3235 5764 υεγίστην
3293 5718 3454 5764 inseri

1894 5738 1964 5749 —
1994 5728 2129 5760 UOH.
2173 5728 2284 5762 Val.
2332 5728 2472 5764 IIIICI'
2507 5728 2831 5767 πεοιεγοντα
2880 5731 2909 5767 e

1894 5738 1964 5749 —
1994 5727 2129 5760 um.
2172 5727 2284 5762 vat.
2332 5727 2472 5764 mter
2507 5727 2831 5781 περιεχοντα
2880 5727 2934 5768 et
2969 5727 3235 5789 μεγίστην
3293 5727 3485 5773 inserit

1893 5778 2166 5907 ἑτὲμέἔια,
2219 5790 2273 5836 et
2313 5796 2436 5837 mox
2483 5783 2805 5854 περιέχοντα
2858 5788 3107 5842 dccurtat
3156 5791 3209 5844 in
3267 5787 3481 5860 ἔχοντα,

1938 5865 2101 5906 OSSIN.
