3906 6416
497 355 632 433 1237
1690 356 1759 421 's.
1796 354 2039 421 Ism‘or

2159 348 2571 422 ’ELUSIOTIE
3592 360 3701 436 19.88

499 496 737 540 temnam
768 482 988 554 quidem
1013 488 1177 537 omne
1200 478 1405 537 malum
1440 476 1649 532 lucrum
1677 494 1692 543 ;
1735 486 2041 532 contemnat

2184 474 2423 547 πονηροῦ
2445 491 2457 503 ·
2490 474 2891 545 καταφρονήσω
2915 468 3030 546 (16)
3058 471 3248 546 ἡδονῆς
3277 475 3511 547 σώματος
3528 495 3541 511 ι
3568 498 3705 536 κατα..

496 578 828 647 voluptatem
857 575 1105 647 corporis
1127 592 1143 641 ;
1164 582 1506 628 contemnam
1556 572 1770 625 inanem
1800 569 2030 641 gloriam

2186 566 2441 636 φρονήσω
2462 563 2621 634 δόξης
2646 564 2813 635 κενῆς
2830 581 2844 593 ⁸
2871 564 3101 636 ζηλώσω
3116 565 3173 619 δὲ
3187 566 3404 639 ἀρετὴν,
3427 569 3514 622 καὶ
3529 573 3708 643 τιμήσω

496 668 795 724 :emulabor
847 677 1031 722 autem
1079 675 1362 731 virtutem,
1404 674 1459 721 et
1488 663 1664 719 colam
1706 663 1948 718 divinum
1982 677 2038 716 nt

2184 657 2247 711 τὸ
2278 657 2453 721 θεῖον,
2487 659 2582 711 καὶ
2627 659 2808 727 γονεῖς
2834 673 2848 686 ο
2897 658 3071 729 ἀληθῆ
3121 658 3324 727 λέγων.
3358 660 3525 729 ἀγαθὰ
3562 668 3708 733 πράτ-

498 774 645 823 men,
673 767 729 815 et
764 768 1021 829 parentes
1052 798 1069 824 ,
1098 773 1228 813 vera
1254 756 1463 821 dicens,
1496 766 1552 811 et
1592 758 1732 812 bona
1757 770 1953 825 agens;
1987 768 2040 809 nt

2186 766 2296 802 σων
2322 766 2335 779 ⁸
2376 748 2502 802 οὐδέ
2532 767 2584 802 τι
2622 748 2827 803 τούτων
2852 749 3233 821 ὑπερὸήσομαι
3260 749 3413 814 εἰδὼς
3454 752 3549 805 οὐδ’
3578 755 3708 811 ἑκών.

497 865 605 920 quo
641 850 838 906 horum
865 850 1164 920 quidquam
1212 847 1425 904 violabo
1472 848 1654 905 sciens
1680 856 1735 903 et
1782 846 1991 902 volens.
2026 844 2039 897 ι

2186 841 2251 894 El
2295 842 2476 895 τοίνυν
2519 841 2579 895 τὸ
2623 842 2783 904 σέλας
2828 842 2904 913 μὴ
2950 842 3131 913 φέρων
3171 842 3281 896 τῶν
3309 842 3461 896 θείων
3492 845 3709 916 Γραφῶν,

500 943 665 1013 igitur
689 942 903 998 divinas
936 936 1196 1008 Litteras,
1229 942 1375 1011 quod
1406 956 1598 997 earum
1634 939 1904 1009 fulgorem
1932 938 2041 993 veh

2185 932 2375 1004 ὥσπερ
2402 934 2452 987 οἱ
2480 928 2891 1005 ὀφθαλμιῶντες
2926 933 3021 989 τὸν
3053 934 3227 1005 ἣλιον,
3256 934 3366 988 οὔτ’
3397 937 3540 1000 αὐτὸς
3558 930 3712 1007 ἀναγῖ-

498 1034 535 1087 ii
568 1034 659 1103 qui
701 1031 1021 1101 lippitudine
1054 1029 1339 1085 oculorum
1385 1028 1661 1094 laborant,
1717 1027 1909 1090 solem,
1942 1024 2040 1079 fer:

2187 1023 2454 1091 νώσκεις,
2507 1025 2631 1079 οὕτε
2669 1027 2796 1090 τοὺς
2853 1027 3053 1081 σαυτοῦ
3089 1030 3223 1091 υἱεῖς
3279 1032 3590 1100 συγχωρεῖς,
3632 1032 3712 1086 κᾶν

499 1138 759 1193 nequeas,
790 1137 890 1179 nec
914 1123 1031 1193 ipse
1062 1122 1218 1191 legis.
1244 1135 1345 1176 nec
1386 1120 1490 1191 legi
1515 1136 1547 1175 a
1579 1119 1705 1174 ﬁliis
1729 1118 1835 1173 tuis
1858 1116 2031 1188 permi

2186 1116 2361 1170 ταῦτα
2383 1117 2479 1172 καὶ
2500 1117 2696 1170 σαυτὸν
2720 1118 2963 1181 καὶτοὺς
2994 1118 3194 1171 σαυτοῦ
3223 1120 3416 1181 παῖδας
3440 1120 3603 1188 φέρειν
3623 1121 3711 1191 (l7)

499 1209 615 1264 tis:
646 1218 701 1264 at
745 1210 865 1264 haec
897 1210 1091 1265 saltem
1146 1208 1483 1273 meminisse,
1520 1217 1577 1263 et
1622 1208 1738 1278 ipse
1777 1215 1831 1263 te
1871 1216 1930 1260 et
1962 1214 2041 1259 tut

2188 1209 2285 1263 ἐπὶ
2305 1211 2532 1282 μνήμης
2562 1209 2728 1274 ἔθιζε.
2760 1210 3007 1264 Πιστεύω
3038 1210 3169 1281 γὰρ,
3194 1212 3275 1264 ὅτι
3298 1211 3586 1278 κινήσουσιν
3601 1212 3714 1283 ὑμᾶς

499 1302 699 1357 liberos
734 1300 1087 1357 assuefacito.
1138 1301 1317 1357 Credo
1348 1302 1494 1355 enim
1532 1298 1656 1355 fore
1723 1307 1783 1353 ut
1829 1297 1897 1353 ab
1937 1296 2041 1351 bist

1575 1312 1656 1355 πο
1723 1307 1783 1353 ut
1829 1297 1897 1353 ab
1937 1296 2087 1351 hisce
2188 1300 2424 1365 καὶτοῖς
2451 1300 2618 1365 θείοις
2650 1300 2831 1371 λόγοις
2855 1302 3117 1373 ἐντυχεῖν.

500 1394 734 1462 permoti
784 1394 837 1449 in
874 1393 1091 1450 divinos
1148 1408 1363 1463 quoque
1404 1405 1691 1448 sermones
1742 1390 1960 1444 tandem
1996 1389 2081 1442 in-

498 1486 713 1541 cidaﬁs.

713 1596 874 1667 527
920 1596 1152 1652 CXCIX.
1198 1626 1267 1638 —
1300 1596 1455 1651 Caret
1503 1596 1871 1665 inscriptione.

1828 1606 1871 1649 ε.
2584 1589 2745 1659 Pw.
2779 1622 2847 1632 -
2876 1588 3370 1646 ΑΝΕΠιΓΡΑφυΣ.

572 1709 626 1763 ln
661 1711 760 1763 hac
789 1709 1005 1778 quidem
1031 1710 1162 1774 vita,
1196 1710 1401 1779 optime
1438 1709 1543 1773 vir,
1590 1708 1704 1764 fieri
1752 1722 1860 1761 non
1910 1708 2088 1775 potest

2272 1692 2540 1760 Ἐνταῦθα
2587 1704 2708 1776 μὲν,
2749 1698 2795 1758 ὧ
2834 1704 3099 1775 βέλτιστε,
3134 1706 3234 1775 οὐχ
3261 1701 3372 1759 οἷόν
3398 1723 3454 1759 τε
3481 1708 3716 1779 ἀμφότερα

499 1812 924 1856 ntconcurrant
967 1811 1218 1869 utraque,
1274 1801 1639 1866 vehementia,
1697 1799 1840 1864 dico,
1884 1798 2039 1867 suppl

2192 1796 2544 1873 συνδραμεῖν,
2580 1798 2915 1869 σφοδρότητα
2956 1798 3103 1867 λέγω
3143 1798 3420 1870 τιμωριῶν
3447 1802 3533 1854 καὶ
3573 1820 3716 1873 παρα-

502 1894 711 1946 ciorum
748 1900 804 1947 et
829 1891 1061 1946 duratio.
1109 1890 1353 1945 Alterum
1398 1892 1543 1945 enim
1586 1890 1745 1944 alteri
1802 1904 2038 1960 repugna

2194 1895 2382 1967 μονήν.
2412 1893 2652 1964 Θὰτερον
2682 1892 2787 1963 γὰρ
2810 1891 3023 1963 θατέρῳ
3050 1890 3301 1961 πολεμεῖ,
3326 1891 3410 1967 διὰ
3432 1892 3488 1945 τὸ
3517 1893 3716 1963 φθαρτὴν

498 1985 647 2055 quod
680 1993 870 2039 natura
897 1985 1162 2052 corporis,
1191 1998 1311 2052 quae
1340 1993 1423 2038 est
1458 1983 1791 2051 corruptioni
1822 1983 2040 2038 obnoxi:

2186 1985 2357 2042 ὀὖσαν
2386 1986 2481 2040 τοῦ
2523 1985 2777 2057 σώματος
2807 1985 2906 2054 τὴν
2946 1983 3110 2053 φύσιν
3147 1985 3223 2054 μὴ
3256 1961 3437 2054 φέρειν
3462 1985 3618 2037 αὐτῶν
3640 1986 3716 2055 τὴν

500 2090 828 2130 concursum
870 2076 1086 2129 illorum
1130 2091 1234 2128 non
1262 2073 1423 2128 ferat.
1452 2073 1506 2126 In
1546 2072 1714 2126 altera
1744 2083 1923 2128 autem
1948 2074 2042 2128 vit:

2194 2082 2427 2135 σύνοδον.
2495 2080 2707 2135 Ἐκεῖσε
2746 2078 2801 2131 δὲ
2846 2080 2947 2148 τῆς
2994 2076 3313 2149 ἀφθαρσίας
3350 2076 3716 2147 εἰσϐιασαμένης

507 2171 595 2223 ubi
626 2183 821 2238 expers
852 2168 1219 2238 corruptionis
1265 2166 1506 2221 conditio
1546 2164 1850 2220 introducta
1902 2165 2039 2220 fueri

2194 2174 2289 2229 xui.
2334 2172 2435 2243 τὴν
2479 2170 2686 2241 φθορὰν
2722 2168 3226 2241 ἐξοστρακισάσης,
3262 2169 3357 2222 καὶ
3401 2169 3432 2238 ή
3463 2170 3551 2239 τῆς
3578 2170 3717 2240 μάχης

504 2268 562 2313 et
594 2258 1003 2329 corruptionem
1034 2257 1328 2328 expulerit,
1362 2266 1492 2312 tunc
1524 2257 1685 2311 etiam
1712 2256 1870 2324 hujus
1899 2272 2041 2327 pugn

2192 2266 2398 2335 ταύτης
2425 2262 2669 2325 διάλυσις
2713 2261 2909 2331 γένοιτ’
2936 2259 3022 2327 ἂν,
3066 2260 3143 2323 ὡς
3176 2260 3281 2330 τὴν
3326 2260 3605 2331 ὑπερϐολὴν
3636 2262 3717 2313 τῶν

507 2350 629 2403 linis
654 2352 779 2412 erit,
832 2357 892 2403 ut
913 2348 1254 2404 vehementia
1281 2348 1624 2404 cruciatuum
1654 2361 1831 2417 neque
1859 2348 2049 2417 expell:

2198 2355 2639 2429 βασανιστηρίων
2683 2355 2823 2425 μήτε
2852 2352 2951 2425 τὴν
2978 2351 3159 2423 ψυχὴν
3199 2351 3449 2417 ἐξελάσαι
3471 2353 3553 2407 τοῦ
3576 2352 3718 2424 σώμα-

508 2441 742 2496 animam
784 2456 853 2496 ex
907 2455 1158 2511 corpore,
1188 2456 1392 2513 ,neque
1424 2455 1623 2510 corpus
1651 2440 1703 2494 in
1746 2440 1975 2494 nihilum
2010 2455 2050 2494 rt

2010 2454 2093 2494 1³6·
2196 2467 2306 2515 τος,
2342 2450 2479 2521 μήτε
2507 2448 2569 2501 τὸ
2603 2445 2763 2517 σῶμα
2788 2447 2868 2510 εἰς
2888 2445 2949 2498 τὸ
2980 2444 3056 2516 μὴ
3087 2443 3149 2498 δν
3179 2444 3552 2516 παραπέμψαι.

508 2533 673 2602 «ligat.

786 2640 896 2695 CC.
923 2670 991 2680 —
1009 2637 1306 2697 OPHELIO
1336 2638 1812 2697 GRAMMATICO.

2506 2643 2580 2699 Συ.
2614 2672 2685 2682 -
2720 2632 2964 2711 nota/ua
2996 2638 3470 2709 ΓΡΔΜΜΔΤΙΚῼ.

507 2736 689 2798 Quare
730 2730 904 2786 Moses
941 2746 1173 2785 reversos
1201 2746 1265 2783 ea:
1296 2730 1430 2785 bello
1456 2731 1698 2804 relegarit
1722 2739 1873 2786 extra
1899 2740 2049 2784 casm

2206 2737 2375 2802 Τίνος
2423 2734 2599 2804 χάριν
2648 2736 2681 2789 ὀ
2716 2731 2943 2804 Μωσῆς
2982 2731 3127 2798 τοὺς
3174 2732 3599 2804 ἐπανελθόντας
3628 2728 3717 2804 ἀπό

1044 2809 1101 2854 ut
1117 2811 1472 2870 purgarentur
1491 2799 1572 2857 ".V
2272 2799 2543 2875 aoléﬁdv

2272 2799 2543 2875 ποαέξιὶόυ
2586 2804 2702 2869 ἔξω
2751 2803 2864 2873 τῆς
2894 2799 3299 2873 παρεμϐολῆς
3346 2799 3720 2871 καθαρθησομέ-

2272 2893 2422 2942 γους
2447 2875 2825 2945 ἀπέπεμψεν.

582 2985 640 3040 Si
679 2984 983 3040 cacdesillze
1030 2984 1251 3056 quidem
1298 2998 1420 3055 quae
1447 2983 1607 3040 aliter
1663 2986 2097 3049 committuntur,

2275 2986 2339 3039 Εί
2366 2985 2476 3040 τῶν
2502 2986 2679 3056 φόνων
2701 2988 2751 3040 οἱ
2786 2987 2886 3057 μὲν
2908 2989 3085 3053 ἄλλως
3106 2988 3221 3060 (18)
3254 2985 3629 3057 συμϐαίνοντες,
3647 2982 3721 3035 οὐκ

515 3091 623 3131 non
671 3084 800 3131 sunt
850 3090 1002 3145 purae
1061 3086 1225 3146 atque
1269 3075 1675 3142 innocentes,a
1725 3074 1881 3131 bellis
1919 3085 2057 3131 auter

2207 3078 2429 3148 εὐαγεῖς
2447 3119 2461 3143 ,
2489 3079 2597 3132 τῶν
2630 3080 2688 3135 δέ
2724 3080 2978 3153 πολέμων
3011 3082 3073 3134 τὸ
3108 3080 3284 3151 μύσος
3310 3081 3526 3139 ἄπεστι,
3552 3074 3625 3128 διὰ
3653 3074 3720 3136 '1,

514 3166 697 3223 scelus
724 3166 900 3233 abest,
933 3168 1312 3237 quamobrem,
1349 3166 1550 3237 inquis,
1578 3164 1755 3223 Moses
1780 3180 1875 3222 eos
1910 3166 2002 3237 qui
2031 3182 2056 3221 ε

2202 3172 2359 3241 ἔφης,
2392 3173 2420 3225 ὁ
2445 3171 2652 3241 Μωσῆς
2688 3173 2817 3237 τοὺς
2847 3172 2957 3227 ἀπὸ
2983 3173 3225 3244 πολέμου
3264 3170 3623 3231 ἐπανελθόντας
3646 3166 3724 3229 ἔξω

517 3259 663 3315 bello
690 3260 1111 3315 revertebantur
1134 3268 1287 3314 extra
1313 3268 1493 3314 castra
1547 3259 1860 3330 purgandos
1890 3258 2059 3329 relega

2206 3263 2305 3334 τῆς
2357 3264 2712 3336 παρεμϐολῆς
2764 3264 3292 3335 καθαρθησομένους
3342 3262 3568 3333 ἐπεμψες
3611 3258 3724 3328 Φημὶ

520 3355 643 3409 vit“!
671 3353 775 3408 Aio
822 3353 1011 3424 igitur,
1050 3352 1305 3422 quamvis
1355 3352 1612 3422 legitimae
1648 3365 1769 3407 esse
1818 3352 2062 3407 videantu

2204 3353 2385 3408 τοίνυν
2424 3353 2535 3420 ὅτι,
2587 3356 2637 3408 εί
2687 3356 2784 3408 καὶ
2821 3354 3045 3426 νόμιμοι
3097 3350 3239 3409 εῖναι
3288 3355 3524 3426 δοκοῦσιν
3556 3352 3604 3403 αἱ
3643 3348 3726 3400 τῶν

519 3445 756 3501 hostium
782 3423 1027 3500 inbellis
1058 3445 1258 3511 caedes,
1289 3454 1346 3501 et
1368 3445 1635 3501 columnae
1675 3446 1948 3500 victorum
1993 3447 2061 3500 er}

2205 3442 2463 3500 ἐναντίων
2485 3446 2543 3498 ἐν
2566 3445 2823 3516 πολέμοις
2853 3423 3082 3515 σφαγαὶ,
3114 3446 3211 3501 καὶ
3235 3445 3430 3516 στῆλαι
3455 3423 3551 3497 τῶν
3579 3439 3726 3493 νικών-

516 3544 740 3607 guntur,
795 3535 1055 3606 prmclara
1102 3536 1346 3606 ipsorum
1388 3535 1630 3591 facinora
1679 3537 2042 3606 prmdicantes

2206 3552 2315 3588 των
2342 3534 2649 3607 ἐγείρονται
2676 3536 3047 3609 κηρύττουσαι
3074 3523 3144 3590 ei
3173 3538 3594 3609 κατορθώματα·
3622 3531 3725 3587 am

522 3640 707 3683 tamen
733 3629 778 3683 si
808 3639 1078 3683 accuratae
1115 3642 1181 3683 ac
1203 3643 1471 3699 suprema:
1497 3628 1837 3699 cognationis
1868 3641 1989 3697 quae
2018 3627 2064 3682 in

2206 3642 2268 3694 γε
2299 3627 2397 3697 τῆς
2419 3628 2685 3699 ἀκριϐοῦς
2716 3630 3035 3697 συγγενείας
3066 3629 3465 3701 ἐξεταζομένης
3498 3626 3613 3700 (19).
3635 3623 3726 3677 οὐδὲ

518 3730 603 3775 ter
632 3719 880 3775 homines
930 3728 1032 3784 est,
1102 3719 1241 3773 ratio
1297 3720 1586 3786 habeatur,
1625 3734 1693 3775 ne
1732 3720 1833 3775 has
1862 3720 2060 3790 .quidcl

2206 3710 2364 3771 αὗται
2388 3716 2559 3772 ἀθῶοί
2586 3720 2746 3784 εἰσιν,
2776 3720 2968 3791 διόπερ
2994 3720 3178 3782 αὐτοῖς
3206 3721 3309 3777 καί⁹
3357 3718 3640 3791 καθαρσίοις
3660 3710 3732 3767 καὶ

517 3812 677 3881 plane
717 3812 962 3867 innoxius
990 3825 1150 3878 esse;
1179 3825 1342 3881 quam
1371 3811 1441 3867 ob
1469 3827 1689 3868 causam
1734 3811 1869 3883 ipsis
1896 3827 2059 3883 praeor

1808 3812 1869 3868 sis
1896 3827 2103 3883 praece-
2207 3810 2687 3883 περιῤῥαντηρίοις
2717 3811 3029 3883 χρήσασθαι
3058 3813 3350 3878 ἐπέταξεν.

519 3904 622 3973 pit,
652 3913 716 3959 ut
752 3903 1167 3975 purgationibus
1202 3912 1259 3957 et
1293 3904 1703 3974 aspersionibus
1730 3912 2029 3961 uterentur.

1011 4014 1143 4072 CCI.
1180 4038 1251 4058 ι·-
1278 4014 1587 4074 HERMIE.

2728 4014 2847 4070 ΣΑι.
2882 4044 2954 4055 -
2991 4014 3277 4085 ΕΡΜΕΙᾼ.

1055 4110 1134 4165 De
1166 4112 1569 4167 resurrectione.

2698 4108 2841 4175 Περὶ
2882 4108 3300 4176 ἀναστάσεως.

592 4222 651 4278 Si
683 4222 903 4293 quidem
961 4223 1077 4279 sola
1115 4214 1304 4279 'anima
1369 4223 1659 4294 praeclaras
1709 4225 1882 4281 edidit
1940 4225 2106 4280 ofﬁcii

2280 4219 2343 4273 Εί
2376 4218 2477 4290 μὲν
2511 4218 2647 4291 μόνη
2679 4220 3047 4291 κατώρθωσεν
3084 4223 3118 4293 ἡ
3155 4220 3338 4293 ψυχὴ,
3376 4221 3507 4292 μόνη
3534 4219 3615 4272 καὶ
3644 4232 3735 4269 στε-

519 4314 786 4382 actiones,
827 4312 942 4369 sola
971 4314 1139 4368 etiam
1188 4322 1499 4370 coronetur.
1548 4314 1644 4369 Sin
1694 4324 1878 4371 autem
1914 4330 2061 4384 corpt

2210 4312 2517 4383 φανούσθω.
2542 4314 2606 4367 Ei
2624 4312 2683 4367 δέ
2706 4313 2801 4367 καὶ
2828 4314 2891 4367 τὸ
2921 4314 3080 4385 σῶμα
3100 4315 3402 4386 ἐμερίσατο
3425 4315 3543 4376 τοὺς
3562 4312 3733 4372 ἄθλους,

519 4422 739 4477 quoque
789 4416 997 4477 partem
1052 4406 1314 4462 sustinuit
1357 4407 1758 4472 certaminum,
1815 4417 2061 4463 coronett

2214 4404 2333 4474 μετ’
2377 4403 2543 4458 αὑτοῦ
2602 4404 2699 4458 καὶ⁵
2761 4406 3166 4475 στεφανούσθω.
3228 4406 3451 4460 Δίκαιον
3493 4406 3620 4474 γὰρ.
3664 4398 3738 4453 καὶ

523 4498 690 4553 etiam
720 4499 900 4552 anima
937 4514 1043 4551 una
1096 4513 1218 4553 cum
1260 4498 1377 4567 ipso
1412 4513 1663 4569 corpore.
1717 4498 1829 4554 lloc
1853 4500 1997 4554 enim
2014 4500 2065 4569 ju

2212 4495 2434 4567 εὔλογον
2452 4539 2468 4563 ,
2500 4496 2598 4551 καὶ
2627 4497 2774 4561 εἰκὸς
2794 4537 2809 4561 ,
2842 4499 2939 4554 καὶ
2981 4498 3443 4571 πρεπωδέστατον
3469 4496 3612 4549 τοῦτο
3636 4508 3738 4559 τυγ-

525 4599 671 4645 stum
705 4599 760 4642 et
789 4602 1000 4658 aequum
1028 4597 1087 4643 et
1115 4598 1540 4644 consentaneum
1564 4598 1621 4644 et
1654 4589 2107 4646 convenientissi-
2212 4591 2385 4662 χάνει.

524 4694 671 4735 mum
701 4688 805 4735 est.

1030 4769 1181 4826 CCII.
1216 4800 1285 4810 —
1318 4769 1592 4826 ALPHIO.

2770 4775 2885 4827 ΣΒν.
2919 4803 2993 4814 -
3023 4775 3242 4845 anno.

598 4863 985 4921 Divinissimus
1006 4862 1186 4918 Patris
1200 4875 1253 4919 et
1270 4863 1439 4920 Filius
1460 4876 1514 4922 et
1531 4864 1747 4930 Sermo,
1766 4863 1851 4920 ille
1864 4864 2105 4920 omnium

2299 4866 2358 4917 '0
2389 4864 2661 4931 θειότατος
2690 4867 2784 4921 τοῦ
2816 4866 3029 4939 Πατρὸς
3058 4868 3185 4933 Υίός
3211 4885 3268 4922 τε
3293 4867 3389 4923 καὶ
3416 4866 3593 4936 Λόγος,
3618 4858 3741 4916 ὁτῶν

591 5024 638 5055 ’³
664 5022 825 5079 Num.
852 5039 1003 5091 xm,
1033 5023 1123 5081 l9.

1634 5142 1866 5200 VARIE
1906 5143 2292 5202 LECTIONES
2320 5142 2410 5199 ET
2444 5134 2673 5200 ΝΟΤΑΞ.

603 5298 716 5371 (16)
773 5297 921 5355 inter
981 5300 1384 5371 καταφρονήσω
1432 5309 1489 5355 et
1546 5300 1646 5368 μὲν
1710 5300 1851 5357 idem
1920 5300 2111 5357 inserit
2220 5299 2382 5355 tuerit
2423 5299 2749 5371 naturauL.
2782 5301 2835 5368 5,
2866 5296 3098 5371 Utrvim.
3134 5296 3195 5371 Ι).
3238 5296 3317 5355 De
3349 5299 3521 5366 justit.
3561 5305 3604 5351 et
3633 5296 3739 5365 jam.

524 5369 632 5424 ἀεί.
662 5369 871 5441 Possm.
1172 5369 1181 5371 ἡ
1290 5369 1296 5370 “
2221 5379 2359 5426 etut
2390 5371 2468 5425 ait
2499 5369 2607 5425 Leo
2640 5370 2711 5427 Μ.
2746 5385 2909 5425 serm.
2944 5370 2979 5425 4
3026 5370 3103 5425 De
3127 5370 3562 5441 Quadragesima,
3586 5386 3603 5419 ι
3648 5380 3739 5417 cum

628 5441 714 5512 l7)
746 5441 889 5512 Iidem
924 5442 1115 5512 φέρειν
1146 5449 1319 5512 mutat
1346 5441 1400 5495 in
1426 5442 1633 5511 φορεῖν.
1672 5441 1748 5496 In.

2218 5442 2272 5495 in
2296 5441 2551 5512 omnibus
2586 5441 2899 5496 horninibus
2930 5450 3137 5495 natura:
3158 5442 3227 5512 sit
3248 5441 3516 5512 diligenda
3544 5449 3734 5512 contum:

628 5442 691 5492 l7
746 5442 889 5495 Idem
924 5442 1115 5512 φέρειν
1146 5449 1319 5495 mutat
1346 5442 1400 5495 in
1426 5442 1633 5511 φορεῖν.
1672 5442 1748 5496 lo.

600 5442 910 5583 ἶίὸζγςιξε.
956 5512 1113 5583 μοι).
1158 5510 1346 5583 ἄλλαις
1391 5526 1488 5580 pro
1539 5512 1715 5575 ἄλλως
1757 5512 2107 5581 ponitcodex

2218 5442 2272 5495 in
2296 5442 2551 5495 omnibus
2586 5442 2899 5496 horninibus
2930 5450 3137 5495 natura:
3158 5442 3227 5495 sit
3248 5442 3511 5509 diligenda
3544 5449 3735 5513 continu:

2215 5512 2328 5565 nio.
2368 5528 2391 5583 ρ
2452 5510 2589 5583 Vide
2648 5513 2900 5583 eumdem
2957 5526 3122 5583 serui.
3164 5511 3190 5565 l
3239 5511 3313 5583 Qe
3350 5510 3547 5583 jejunio
3589 5507 3736 5583 deerrat

528 5571 651 5635 Vat.
681 5571 785 5637 650
814 5571 1438 5655 νυιεᾷριηρυττουσαι
1467 5593 1643 5655 mutat
1693 5571 2070 5655 ἷη’κῃρι5ττουε

2213 5581 2428 5636 mensis.
2457 5582 2558 5655 Adi
2582 5590 2643 5655 et
2664 5581 2934 5655 Plutarch.
2984 5580 3208 5635 Roman.
3251 5571 3451 5655 ρυὼέι.
3476 5580 3560 5639 39.
3584 5575 3657 5632 Ubi
3679 5571 3730 5655 ²ξ¹

530 5660 790 5724 υιγνειῖε.
832 5651 1040 5724 penult.
1072 5651 1257 5724 etalt.
1287 5652 1595 5724 χρήσασθαι
1632 5654 1685 5706 in
1734 5651 1989 5724 χρῆσθαι.
2023 5652 2101 5707 In.
2214 5666 2337 5724 eum
2383 5651 2476 5721 qui
2532 5651 2679 5724 nulla
2734 5652 3426 5724 obstrictusnecessitate
3454 5653 3733 5724 sacramenti

604 5721 747 5808 (19)
808 5714 919 5804 T735
951 5800 961 5808 ‘
980 5723 1266 5808 ᾁκριϐοῦς
1287 5714 1696 5808 ωσᾷξγγενείας
1736 5714 2105 5808 "egeram-‘3-

2214 5714 2497 5786 militaris,
2532 5721 2806 5808 hominem
2840 5723 3003 5780 etiam
3039 5721 3095 5776 in
3136 5720 3277 5779 bello
3314 5721 3579 5783 occiderit,
3605 5714 3732 5771 cadis

529 5804 663 5855 νης.
709 5791 842 5846 Cum
888 5794 1028 5847 inter
1059 5791 1173 5849 nos
1204 5791 1582 5863 cognatibnem
1621 5794 1908 5864 quamdam
1945 5791 2101 5850 inSti-
2214 5806 2363 5849 reum
2395 5806 2533 5849 esse.
2565 5791 2732 5849 Rrr'r.
