3906 6416
122 614 129 633 ι
181 562 539 633 ἐπιφοιτήσας,
600 560 699 629 τὴν
755 557 1025 627 ἀσάφειαν
1078 558 1176 611 τοῦ
1238 559 1594 628 κηρύγματος
1649 561 1717 628 τῇ

121 629 131 673 l

172 4271 219 4305 τι
246 4258 502 4310 ταπεινὸν
542 4259 896 4329 ἀκούσωμεν,
924 4260 1017 4311 καὶ
1048 4259 1147 4328 τῆς
1187 4259 1337 4325 θείας
1359 4260 1454 4313 τοῦ
1487 4261 1739 4333 Σωτῆρος

183 359 297 424 1289
1016 348 1549 416 EPISTOLARUM
1586 349 1734 439 LIB.
1774 350 1872 419 IV.
1911 380 1981 391 —
2018 348 2251 416 EPIST.
2294 353 2488 422 CCIII.

3247 358 3381 429 1390

180 475 403 528 ἁπάντων
432 467 788 540 Δημιουργδς,
824 467 852 519 ὀ
875 466 1052 531 etate;
1075 485 1135 519 τε
1170 468 1264 521 καὶ
1290 467 1547 538 ἀρρητος,
1575 465 1720 537 δεῦρ’

1833 482 2004 521 rerum
2045 467 2222 537 opifex
2254 477 2309 522 et
2330 478 2562 532 creator,
2608 468 2697 524 ille
2725 470 3086 538 sempiternus
3118 481 3174 527 et
3198 472 3386 529 inetia-

1822 557 1966 622 bilis,
1991 572 2112 611 cum
2135 557 2241 611 huc
2264 558 2317 610 in
2353 572 2568 612 carnem
2600 560 2856 625 venisset,
2880 561 3269 619 obscuritatem
3297 581 3387 621 sa-

1822 647 2009 701 lutaris
2037 648 2286 717 praeconii
2320 650 2534 718 pr0pria
2577 650 2776 705 virtute
2830 628 3139 707 elucidavit.
3186 654 3391 721 Quam-

1822 740 2007 792 obrem
2042 740 2203 793 etiam
2230 754 2258 792 a
2281 738 2389 794 Deo
2410 740 2596 794 doctos
2632 739 2749 795 fore
2776 756 2985 806 omnes,
3015 745 3388 814 propheticum

1822 828 2072 897 praedixit
2125 829 2429 883 oraculum.
2466 829 2666 886 Omnes
2706 832 2891 902 igitur,
2927 834 3017 902 qui
3062 836 3280 903 quidem
3317 838 3393 891 in-

1826 918 2111 988 telligentia
2143 934 2199 973 et
2242 922 2522 988 prudentia
2557 938 2660 974 non
2699 924 3081 993 destituuntur,
3135 936 3389 997 tanquam

1823 1008 1897 1063 illi
1930 1009 2019 1077 qui
2050 1024 2080 1061 a
2118 1024 2369 1077 suprema
2402 1012 2661 1080 sapientia
2697 1013 2930 1067 instituti
2975 1016 3104 1081 sint,
3138 1017 3392 1073 omnibus

1824 1100 1986 1155 rebus
2018 1100 2264 1155 humanis
2290 1101 2492 1156 relictis
2519 1112 2569 1156 et
2606 1104 2743 1156 ultra
2780 1106 3255 1162 ratiocinationum
3280 1108 3385 1162 hu-

1826 1206 2105 1245 manarum
2140 1202 2309 1246 metas
2343 1195 2539 1260 evecti,
2570 1195 2705 1248 nihil
2731 1194 2835 1248 nisi
2861 1211 2948 1252 res
2995 1200 3391 1268 supramunda—

1824 1297 1921 1337 nas
1956 1284 2303 1338 meditantur.

2104 1395 2279 1452 CCIII.
2308 1428 2377 1437 —-
2419 1398 2716 1455 LEONTIO
2759 1401 3110 1459 EPISCOPO.

1826 1509 1894 1564 In
1928 1510 2089 1575 illud,
2122 1531 2142 1561 ‹
2182 1514 2315 1566 Ante
2362 1512 2521 1568 solem
2562 1530 2827 1582 permanet
2863 1533 3052 1572 nomen
3101 1518 3216 1586 ejus
3262 1518 3329 1573 ".
3367 1537 3387 1570 ι

178 655 329 724 οἰκείᾳ
348 652 651 722 ἡρμήνευσε
674 649 931 718 δυνάμει·
969 648 1050 701 διὸ
1085 650 1179 703 καὶ
1213 649 1583 714 Οεοδιδάκτους
1604 648 1720 701 ἔσε-

180 747 281 800 σθαι
309 745 502 805 πάντας
527 742 587 794 τὸ
611 742 945 812 προφητικὸν
971 742 1317 812 προεμήνυσε
1343 740 1539 808 λόγιον.
1577 740 1721 793 115w—

177 856 252 900 τες
272 834 543 904 τοιγαροῦν
561 836 611 886 cl.
636 835 727 886 νοῦ
757 834 854 886 καὶ
885 834 1199 903 φρονήσεως
1219 832 1318 884 οὐκ
1339 830 1717 901 ἀμοιροῦντες,

178 930 257 983 ἀτε
289 926 383 980 ὑπὸ
411 926 507 994 τῆς
534 926 794 978 ἀνωτάτω
820 925 1011 992 σοφίας
1038 922 1437 985 παιδευθέντες,
1465 922 1720 974 ἁπάντων

176 1017 267 1069 τῶν
298 1016 646 1087 ἀνθρωπίνων
677 1016 963 1084 ἀφέμενοι,
996 1016 1089 1067 καὶ
1122 1013 1231 1067 τῶν
1275 1012 1550 1083 λογισμῶν
1579 1013 1720 1065 ἀνω-

177 1106 298 1176 τέρω
330 1107 690 1177 χωρήσαντες,
722 1106 790 1159 τά
822 1105 1168 1175 ὑπερκόσμια
1196 1102 1574 1174 φαντάζονται.

369 1387 477 1441 Σιν.
516 1411 587 1427 -ι
619 1388 919 1459 ΛΕΟΝΤΙῼ
952 1389 1303 1458 ΕΠιΣιςοιιᾳ
1337 1388 1491 1457 (19').

178 1503 262 1565 Είς
301 1503 394 1556 τό·
457 1520 477 1553 ι
535 1502 656 1570 Πρὸ
708 1502 815 1556 τοῦ
850 1503 1048 1589 ’ἡλίου
1102 1501 1365 1570 διαμένει
1419 1502 1484 1554 τὸ
1538 1501 1725 1570 ὄνομα

795 1589 1003 1626 αυτου.
1053 1592 1072 1623 ι

244 1697 297 1751 '0
330 1696 468 1762 θεῖος
495 1698 591 1752 καὶ
625 1699 902 1770 ἀκήρατος
941 1698 1085 1765 νοῦς,
1122 1697 1178 1751 εἴ
1205 1699 1337 1751 ποτέ
1371 1716 1421 1751 τι
1445 1697 1552 1750 τῶν
1592 1699 1723 1768 μελ-

1898 1696 2091 1753 Divina
2122 1697 2211 1753 illa
2228 1707 2282 1753 et
2304 1714 2436 1769 pura
2455 1715 2629 1764 mens,
2660 1702 2706 1756 si
2734 1704 2948 1771 quando
2975 1719 3086 1759 rem
3108 1703 3271 1775 528
3291 1704 3392 1759 ali-

176 1789 351 1844 λόντων
395 1790 744 1861 προμηνύσαι
791 1790 1084 1859 ἠϐούλετο,
1124 1792 1223 1860 οὐχ
1256 1790 1450 1853 ἁπλῶς
1496 1790 1723 1862 ἔρριπτε

1833 1803 1986 1859 quam
2016 1788 2253 1845 futuram
2286 1791 2709 1863 praesigniﬁcare
2743 1793 2931 1855 voluit,
2979 1810 3082 1849 non
3132 1795 3392 1864 simplici-

177 1882 259 1953 τὴν
299 1882 632 1953 προφητείαν
653 1898 668 1913 ⁸
720 1882 986 1950 ἐγέλασαν
1021 1883 1132 1954 γὰρ
1174 1882 1242 1936 ἂν
1280 1882 1454 1935 πλατὺ
1484 1883 1534 1935 οἱ
1564 1882 1721 1935 ἀπαί-

1833 1891 1907 1937 ter
1932 1882 2173 1953 profudit
2197 1883 2509 1939 vaticinium
2542 1884 2816 1953 (risissent
2841 1884 2985 1940 enim
3027 1884 3197 1941 ell'use
3227 1886 3394 1955 impe-

175 1975 328 2028 δευτοι
373 1974 636 2039 Ἰουδαῖοι,
669 1974 719 2027 oi
747 1974 843 2028 καὶ
878 1975 1016 2045 πρὸς
1038 1975 1108 2027 τά
1140 1973 1261 2026 λίαν
1292 1974 1443 2043 σαφῆ
1469 1974 1723 2027 ἀπαιδευ-

1833 1973 1915 2028 riti
1949 1982 2113 2044 atque
2156 1973 2417 2029 indociles
2448 1971 2645 2038 Judaei.
2682 1975 2773 2044 qui
2810 1976 2971 2029 etiam
3008 1976 3076 2030 ad
3114 1990 3200 2031 res
3238 1976 3397 2031 valde

178 2064 371 2126 τοῦντες
414 2064 526 2134 (ΞΟ)
548 2080 561 2092 ’
596 2063 733 2117 ἀλλά
778 2065 1020 2135 κεράσας
1056 2066 1169 2127 τοῖς
1214 2063 1455 2133 παροῦσι
1482 2063 1583 2132 τὴν
1615 2062 1725 2116 τῶν

1833 2065 2004 2120 claras
2035 2079 2100 2120 ac
2132 2064 2449 2135 perspicuas
2480 2065 2713 2121 ruditate
2739 2076 2998 2134 perpetua
3018 2065 3354 2136 laborabant)
3375 2107 3392 2131 ,

181 2154 451 2224 μελλόντων
480 2155 704 2224 γνῶσιν,
736 2155 880 2209 οὕτω
908 2157 1008 2225 τὴν
1035 2155 1374 2226 προφητείαν
1406 2155 1721 2225 ἐσέμνυνεν,

1833 2156 1922 2211 sed
1949 2156 2182 2212 miscens
2228 2171 2293 2211 ac
2345 2163 2656 2227 temperans
2693 2157 3049 2226 praesentibus
3086 2155 3393 2212 futurorum

177 2249 302 2312 ὅπως
329 2249 417 2302 καὶ
441 2250 492 2302 οί
514 2249 635 2301 τότε
669 2247 1011 2318 ἀκροώμενοι
1037 2246 1387 2299 ἀπολαύσωσί
1419 2263 1563 2309 τινος
1587 2246 1726 2316 ὠφεο

1833 2247 2213 2316 cognitionem,
2273 2248 2356 2302 ita
2386 2248 2728 2319 prophetiam
2779 2249 3236 2313 accommodavit,
3261 2260 3318 2304 ut
3343 2258 3399 2305 et

176 2336 324 2403 λείας,
351 2342 442 2394 καὶ
462 2342 516 2401 ,οἱ
544 2339 682 2411 μετά
707 2338 877 2392 ταῦτα
898 2342 963 2392 ὲκ
987 2339 1086 2408 τῆς
1106 2337 1400 2409 περιϐολῆς
1420 2338 1529 2391 τῶν
1558 2354 1729 2409 πραγ-

1833 2338 1975 2395 illius
2025 2339 2283 2408 temporis
2314 2340 2593 2395 auditores
2642 2339 2929 2394 utilitatem
2983 2340 3104 2395 inde
3159 2339 3394 2409 aliquam

179 2432 341 2507 μάτων
366 2432 425 2484 τὸ
457 2432 688 2502 ἀκριϐὲς
711 2434 910 2500 γνοῖεν.
939 2432 1047 2484 Καὶ
1081 2430 1168 2483 ἵνα
1202 2430 1281 2502 μὴ
1309 2430 1489 2493 πάσας
1514 2446 1731 2499 περιερ-

1833 2430 2191 2499 perciperent,
2225 2440 2282 2485 et
2317 2439 2441 2499 post
2473 2427 2640 2484 futuri
2667 2444 2734 2484 ex
2765 2430 2882 2499 ipso
2911 2444 3087 2485 rerum
3128 2431 3275 2484 exitu
3305 2445 3398 2485 ac-

176 2505 380 2592 χὸμενος
422 2523 528 2587 τὰς
575 2522 915 2594 προφητείας
974 2521 1113 2585 δόξω
1171 2522 1580 2592 μακρηγορεῖν,
1634 2519 1731 2574 ἕνα

1833 2522 2002 2578 curati
2038 2520 2317 2594 quidpiam
2355 2522 2581 2583 scirent,
2618 2522 2699 2582 Ac
2738 2536 2807 2577 ne
2834 2522 2944 2587 cui,
2991 2521 3035 2576 si
3064 2522 3246 2576 omnia
3278 2537 3399 2591 per-

177 2616 494 2687 προφητείας
532 2617 733 2684 τρόπον
778 2614 1043 2691 πειραθείς
1065 2652 1082 2679 ,
1110 2612 1202 2668 διὰ
1241 2614 1432 2667 τούτου
1468 2616 1565 2665 καὶ
1603 2615 1729 2676 τοὺς

1833 2628 2092 2683 sequerer
2148 2615 2430 2681 vaticinia,
2485 2617 2753 2685 prolixior
2811 2630 2931 2672 esse
2986 2614 3194 2681 videar,
3236 2627 3399 2669 unam

176 2703 372 2768 λοιποὺς
396 2707 512 2768 τοῖς
537 2704 923 2775 συνετωτέροις
956 2704 1259 2773 σαφηνίσω.
1285 2703 1601 2772 Γέγραπται
1622 2703 1731 2774 γάρ

1833 2706 2121 2775 quamdam
2169 2706 2465 2776 prophetia
2500 2706 2731 2763 formam
2767 2707 2856 2762 ubi
2912 2720 3264 2776 proposuero,
3306 2722 3399 2775 per

170 2793 366 2863 ψαλμδς
421 2796 507 2857 είς
566 2793 921 2863 Σολομῶντα,
975 2788 1036 2847 οὗ
1088 2794 1248 2861 ὀλίγα
1307 2793 1405 2863 μὲν
1441 2793 1521 2855 εἰς
1569 2793 1731 2846 Σολο-

1833 2797 1973 2852 hanc
2005 2797 2165 2853 simul
2200 2807 2256 2853 et
2283 2806 2509 2853 caeteras
2544 2798 3053 2868 intelligentioribus
3094 2796 3399 2852 declarabo.

190 2884 347 2938 ιῶντα
391 2884 507 2954 (9.1)
541 2883 755 2955 βλέπει·
803 2885 871 2937 τὰ
904 2883 962 2938 δὲ
998 2884 1229 2939 πλεῖστα
1261 2884 1355 2937 καὶ
1385 2882 1616 2953 μέγιστα
1652 2885 1731 2947 είς

1838 2886 2087 2957 Scriptus
2129 2898 2213 2942 est
2241 2888 2387 2942 enim
2412 2889 2465 2942 in
2504 2887 2851 2943 Salomonem
2887 2888 3127 2956 psalmus
3160 2888 3401 2957 quidam.

174 2976 254 3028 τὸν
282 2977 535 3048 Χριστόν.
579 2976 640 3029 '0
688 2976 787 3043 μὲν
818 2976 929 3046 γὰρ
961 2976 1248 3047 πρόχειρος
1278 2975 1403 3040 νοῦς
1446 2974 1537 3027 τὸν
1582 2977 1731 3030 Σολο-

1834 2975 1987 3044 cujus
2012 2991 2185 3045 pauca
2217 2992 2348 3032 sane
2366 2979 2544 3047 capita
2567 2977 2908 3034 Salomonem
2941 2978 3235 3044 respiciunt
3271 2995 3283 3030 :
3308 2977 3399 3032 sed

179 3067 345 3135 μῶντα
371 3068 550 3122 ἐδόκει
590 3068 770 3138 ᾅδειν·
805 3069 834 3120 ὁ
864 3069 921 3122 δὲ
955 3070 1405 3140 είλικρινέστερος
1443 3072 1539 3124 καὶ
1575 3071 1731 3137 ὀξυω·

1835 3066 2067 3135 plurima
2109 3075 2164 3122 et
2192 3068 2431 3122 maxima
2467 3069 2521 3123 in
2566 3068 2860 3123 Christum.
2903 3066 3037 3122 Nam
3100 3067 3400 3124 intellectus

176 3159 419 3227 πέστερος
446 3159 541 3212 τὸν
568 3160 646 3230 τῷ
671 3161 784 3214 ὄντι
805 3161 1078 3232 εἰρηνικόν
1099 3138 1114 3191 ·
1136 3162 1233 3214 καὶ
1353 3163 1450 3216 καὶ
1477 3166 1589 3227 τοῖς
1612 3163 1731 3217 τότε

1837 3158 2015 3228 primo
2030 3158 2247 3225 quidem
2271 3159 2463 3214 obvius
2488 3158 2831 3214 Salomonem
2859 3173 3055 3215 canere
3083 3159 3401 3214 videbatur:

172 3244 279 3302 οὖσι
310 3250 638 3321 παραμυθία
672 3253 902 3322 μεγίστη
923 3295 937 3316 ,
975 3254 1071 3305 καὶ
1100 3254 1212 3315 τοῖς
1246 3254 1534 3321 ἐσομένοις
1565 3272 1731 3325 παρα-

1836 3252 2101 3307 sincerior
2128 3259 2308 3307 autem
2340 3259 2503 3322 atque
2532 3252 2759 3308 interior
2783 3266 2978 3307 sensus
3007 3266 3129 3307 eum
3166 3250 3399 3305 celebra-

178 3340 327 3410 μυθία
353 3340 468 3412 (22)
494 3342 712 3413 ἀρίστη.
740 3343 814 3395 Τὸ
842 3345 970 3414 γάρ·
1000 3362 1020 3395 ι
1054 3342 1167 3413 Πρὸ
1190 3343 1284 3397 τοῦ
1311 3344 1462 3414 ἡλίου
1490 3345 1731 3414 διαμένει

1835 3342 1950 3403 hat,
1973 3340 2064 3409 qui
2091 3355 2218 3395 vere
2242 3350 2327 3396 est
2353 3341 2634 3409 paciﬁcus,
2657 3350 2711 3397 et
2736 3348 2855 3395 erat
2881 3355 3002 3395 cum
3032 3339 3173 3394 illius
3198 3348 3401 3406 tempo-

173 3432 227 3483 τὸ
260 3432 425 3503 ὄνομα
482 3432 682 3499 αὑτοῦ,
715 3433 809 3486 καὶ
859 3437 966 3503 πρὸ
1008 3434 1108 3503 τῆς
1157 3434 1387 3505 σελήνης
1435 3436 1517 3499 είς
1543 3434 1731 3501 γενεὰς

1838 3432 1915 3486 ris
1945 3431 2255 3486 hominibus
2289 3432 2521 3486 maxima
2551 3431 2869 3496 consolatio,
2896 3441 3005 3487 tum
3041 3431 3203 3487 etiam
3226 3438 3398 3499 poste-

175 3524 380 3589 γενεῶν,
430 3544 451 3575 ι
491 3524 585 3576 καὶ
612 3524 679 3577 τὰ
718 3524 851 3577 ἄλλα
883 3526 1059 3578 πάντα
1087 3525 1156 3578 τά
1187 3526 1458 3597 ὑπερφυῆ,
1492 3527 1585 3579 xui.
1616 3526 1731 3577 θεο-

1839 3523 1914 3575 ris
1947 3523 2149 3591 optima
2178 3523 2376 3576 futura.
2408 3522 2541 3577 Illud
2583 3524 2727 3578 enim
2771 3540 2785 3577 :
2826 3541 2845 3575 ι
2886 3522 3029 3578 Ante
3074 3522 3240 3577 solem
3280 3536 3393 3590 per-

174 3617 363 3686 πρεπῆ,
390 3618 491 3671 καὶ
515 3617 736 3687 μείζονα
761 3618 821 3670 οὐ
848 3619 1008 3689 μόνον
1035 3619 1068 3690 ἢ
1099 3619 1242 3674 κατά
1270 3619 1576 3691 ἄνθρωπον,
1602 3621 1731 3674 ἀλλὰ

1838 3623 2021 3667 manet
2053 3628 2245 3668 nomen
2279 3615 2416 3681 eius,
2471 3625 2527 3669 et
2581 3625 2704 3669 ante
2737 3613 2918 3669 lunam
2978 3614 3031 3668 in
3063 3615 3403 3683 generatione

174 3708 257 3760 καὶ
285 3710 418 3763 κατά
453 3709 555 3773 τάς
587 3710 699 3762 ἄνω
733 3709 1011 3781 δυνάμεις,
1047 3713 1127 3775 είς
1170 3712 1260 3766 τὸν
1296 3712 1531 3783 Χριστὸν
1555 3715 1731 3784 ᾔδετο.

1836 3705 2248 3775 generationqu
2273 3705 2339 3769 ³ο,
2379 3724 2398 3757 ι
2432 3715 2485 3760 et
2521 3706 2723 3774 reliqua
2752 3706 2957 3771 omnia,
2985 3720 3103 3774 quae
3140 3720 3402 3773 superna-

173 3798 239 3849 Τὸ
254 3799 335 3852 δέ·
373 3819 391 3851 ι
430 3800 543 3853 Καὶ
574 3801 962 3871 προσεύξονται
990 3804 1117 3873 περὶ
1147 3803 1310 3857 αὐτοῦ
1333 3803 1423 3856 διά
1457 3807 1675 3867 παντὸς,
1713 3824 1731 3856 ι

1842 3796 2034 3850 turalia
2061 3805 2117 3852 et
2142 3797 2414 3852 divinitati
2437 3799 2819 3853 convenientia
2848 3806 2995 3863 sunt,
3029 3813 3200 3868 neque
3231 3798 3405 3854 solum

174 3890 289 3959 περὶ
336 3892 690 3960 Σολομῶντος
748 3892 985 3963 εἴρηται.
1048 3896 1140 3964 Μὴ
1194 3896 1374 3947 τοίνυν
1428 3895 1731 3966 νομίζωμεν

1841 3889 2045 3957 majora
2082 3898 2209 3945 sunt
2243 3904 2404 3958 quam
2436 3906 2534 3960 pro
2571 3890 2808 3955 homine,
2845 3906 3033 3946 verum
3061 3892 3223 3945 etiam
3247 3906 3410 3959 quam

176 3980 344 4046 ἁπλῶς
374 3984 480 4053 τὴν
504 3985 781 4055 ἀκήρατον
811 3985 1004 4056 σοφίαν
1032 3985 1119 4039 διὰ
1158 3986 1269 4041 τῶν
1303 3987 1601 4057 προφητῶν
1636 3988 1731 4059 τὴν

1839 3993 1940 4047 pro
1968 3980 2236 4048 supremis
2268 3992 2430 4049 atque
2470 3979 2783 4035 coelestibus
2811 3980 3100 4035 virtutibus
3151 3982 3203 4034 in
3249 3980 3409 4036 Chri-

178 4073 465 4141 μέλλουσαν
526 4077 1014 4147 προμεμηνυκέναι
1072 4077 1312 4146 γνῶσιν·
1377 4079 1515 4132 ἀλλά
1573 4080 1731 4149 κερά‹

1839 4080 1981 4126 stum
2018 4074 2370 4126 canebantur.
2408 4071 2538 4125 Illud
2573 4084 2750 4127 autem
2799 4091 2813 4126 :
2847 4090 2865 4123 ‹
2901 4072 2967 4125 Et
3018 4072 3317 4127 adorabunt
3345 4074 3413 4127 de

178 4181 351 4228 σαντες
381 4165 497 4236 (9.5)
528 4169 641 4229 τοῖς
665 4169 924 4221 ἐνεστῶσι
955 4169 1021 4221 τὰ
1048 4168 1329 4238 μέλλοντα,
1358 4170 1492 4239 μηδὲ
1516 4171 1731 4224 ἐπειδάν

1840 4164 1956 4231 ipso
1980 4176 2192 4232 semper
2213 4163 2256 4195 “
2298 4182 2313 4218 :
2356 4183 2376 4214 ι
2408 4164 2472 4217 de
2502 4163 2792 4219 Salomone
2823 4165 3027 4219 dictum
3063 4172 3165 4218 est.
3205 4163 3285 4217 Ne
3311 4164 3413 4232 igi-

1839 4263 1931 4307 tur
1952 4263 2207 4322 pntemur
2230 4254 2550 4324 simpliciter
2581 4264 2638 4309 et
2670 4255 2981 4310 indistincte
3013 4253 3281 4307 sinceram
3314 4252 3414 4307 Dei

1839 4345 2158 4413 sapientiam
2205 4360 2303 4414 per
2356 4349 2645 4415 prophetas
2691 4346 2927 4400 futuram
2968 4344 3416 4414 praesigniﬁcasse

1843 4436 2201 4505 cognitionem
2238 4454 2251 4490 :
2285 4437 2378 4491 sed
2413 4438 2768 4507 pmsentihus
2800 4436 2978 4490 futura
3003 4446 3415 4503 contemperan-

1849 4536 1952 4590 tes,
1984 4541 2157 4595 neque
2183 4527 2226 4582 si
2250 4528 2376 4597 quid
2402 4528 2605 4583 humile
2625 4538 2784 4597 atque
2810 4527 3102 4597 abjectum,
3124 4526 3418 4595 divinoque

1851 4616 2146 4673 Salvatoris
2174 4618 2228 4672 in
2271 4629 2446 4675 terras
2491 4620 2722 4675 adventu
2756 4619 3033 4688 indignum
3062 4626 3153 4672 aut
3181 4617 3415 4671 alienum

175 4345 456 4416 ἐπιδημίας
482 4346 783 4417 ἀλλότριον,
820 4349 1038 4413 πάντως
1061 4351 1141 4413 είς
1165 4350 1328 4403 αὑτὸν
1362 4350 1618 4422 εἰρῆσθαι
1652 4370 1738 4405 νο-

179 4434 412 4505 μίσωμεν
436 4453 451 4466 ·
482 4437 619 4491 ἀλλά
654 4439 788 4508 μηδὲ
821 4438 892 4491 τὰ
934 4439 1350 4511 μεγαλοπρεπῆ,
1389 4440 1484 4492 καὶ
1507 4444 1575 4511 τῇ
1616 4442 1737 4512 θείᾳ.

178 4523 301 4594 μόνῃ
326 4524 459 4595 ἀξίᾳ
486 4526 788 4596 πρέποντα,
810 4529 940 4599 περὶ
964 4529 1308 4598 Σολομῶντος
1328 4530 1577 4601 εἰρῆσθαι
1600 4532 1737 4601 ἡγώ-

179 4614 327 4681 μεθα,
356 4616 454 4670 τοῦ
485 4618 620 4689 μηδὲ
643 4619 932 4689 ἄμεμπτον
954 4621 1249 4689 ἐσχηκότος
1276 4621 1336 4673 τὸ
1366 4621 1542 4691 πέρας
1565 4639 1578 4652 ·
1604 4623 1737 4692 μηδὲ

1768 4480 1813 4534 D

176 4704 556 4778 ἐκσιαζώμεθα
585 4709 684 4773 τὰς
718 4711 1055 4779 προφητείας
1104 4711 1220 4781 (24)
1241 4729 1255 4741 ·
1305 4712 1441 4782 μηδὲ
1471 4711 1565 4764 τοῦ
1602 4714 1738 4781 ὁμα-

176 4792 361 4865 λισμοῦ
388 4798 549 4869 χάριν
568 4799 676 4853 τῶν
706 4801 1058 4870 προφητικῶν
1084 4800 1301 4871 χωρίων
1326 4803 1406 4863 εἰς
1439 4802 1739 4872 ἀγυρτικὰς

176 4884 533 4961 ὲμπίπτωμεν
582 4891 924 4959 λογοποιίας·
962 4891 1102 4946 ἀλλὰ
1154 4892 1422 4963 νουνεχῶς
1476 4893 1572 4946 καὶ
1615 4893 1740 4947 καθ’

1851 4709 2239 4772 audiverimns,
2291 4712 2511 4767 onmino
2545 4712 2597 4766 in
2642 4713 2814 4780 ipsum
2861 4712 3043 4765 statim
3073 4710 3273 4766 dictum
3298 4722 3419 4763 esse
3451 4715 3475 4738 ν

1850 4800 2201 4856 arbitremur.
2236 4802 2343 4858 Sed
2394 4818 2569 4872 neque
2608 4803 2892 4874 magniﬁca
2928 4803 3041 4867 illa,
3086 4802 3296 4871 sollque
3336 4801 3420 4854 di-

1850 4891 1994 4947 vina:
2015 4893 2285 4965 maiestati
2307 4895 2704 4965 convenientia,
2730 4894 2799 4954 de
2818 4895 3107 4952 Salomone
3127 4893 3272 4949 dicta
3298 4907 3419 4947 esse

247 5068 291 5099 '9
325 5067 473 5123 Psal.
498 5084 649 5133 LXXI,
685 5069 741 5134 5,
777 5068 863 5122 17.
907 5069 951 5101 ³ο
977 5070 1108 5149 ibid.
1186 5069 1228 5101 “
1270 5068 1398 5123 ibid.
1447 5070 1531 5124 l5.

1279 5219 1515 5275 νΑιιιλΕ
1548 5216 1935 5275 LECTIONES
1972 5218 2062 5272 ET
2089 5216 2326 5274 ΝΟΤιΕ.

250 5382 383 5455 (l9')
415 5382 637 5455 peerati
662 5383 943 5455 inscriptio
972 5383 1026 5437 in
1062 5382 1193 5437 edit.
1222 5381 1435 5449 Paris.;
1478 5379 1722 5451 suppleta

2076 5377 2546 5455 Rro‘gcepdt‘o'ctgre;
2595 5381 2734 5455 idem
2774 5383 2935 5438 habet
2974 5383 3307 5454 κεράσασαν.
3340 5382 3419 5438 In.

183 5448 389 5511 ex'cod'.
412 5452 584 5508 Vatic.
609 5454 734 5507 650.
764 5448 923 5507 Eutr.
1171 5521 1176 5522 ν
1205 5520 1211 5522 _
1634 5520 1643 5522 _
1718 5519 1727 5522 Α

1925 5448 2038 5522 (ἰᾷ)
2071 5448 2236 5517 Μηδὲ
2255 5448 2645 5522 ἐκϐιάζῳμεθα
2673 5454 2780 5517 τὰς
2817 5448 3199 5522 προφητείας.
3244 5455 3419 5507 Aurea

254 5522 365 5593 (20)
395 5523 977 5593 Ρτοάπαιδευτοῦντες
1016 5521 1136 5577 cod.
1170 5520 1290 5577 Val.
1333 5519 1438 5575 6'50
1478 5519 1729 5577 substitui

1854 5519 2040 5593 regula
2065 5522 2133 5573 de
2164 5520 2606 5593 interpretatione
2632 5519 3030 5593 5pr0plieiarnm
3065 5539 3131 5578 ne
3170 5524 3276 5577 illis
3312 5523 3417 5575 vim

185 5589 681 5662 ἀναισχυντοῦντες.
712 5591 925 5648 Possm.

260 5662 371 5685 [an
408 5663 490 5685 DZ-
529 5676 649 5685 -__.-
691 5662 1007 5685 \‘-\---."._.__
1041 5662 1246 5685 -----_I-n
1280 5662 1369 5685 -ι..
1423 5659 1473 5685 Ι-

1855 5591 2228 5685 adhibeamus,
2258 5589 2935 5685 eosqgaloquico‘gamus
2962 5594 3102 5662 quod
3151 5592 3417 5648 volumus.

258 5657 378 5731 (2l')'
405 5663 493 5718 Bis
527 5676 652 5716 ante
690 5662 1009 5730 Σολομῶντα
1039 5662 1250 5731 supplet
1276 5662 1389 5715 τόν.
1423 5659 1500 5714 lc.
1556 5730 1559 5731 ν
1678 5730 1694 5731 7

1856 5658 2065 5715 Similia
2094 5659 2213 5715 vide
2233 5657 2423 5715 sunra'?
2443 5657 2609 5714 Rt'r'r.

258 5731 374 5801 (Ἠ)
410 5732 739 5804 Παραμυθία
786 5733 927 5787 idem
985 5730 1156 5787 mutat
1193 5731 1247 5786 in
1295 5730 1621 5802 προφητεία.
1674 5730 1754 5784 In.

508 5825 779 5887 Pamon.
823 5827 939 5887 GR.
981 5824 1305 5887 LXXVIII.

3060 5810 3090 5819 .—

3047 5821 3111 5884 41
