3906 6416
561 311 691 379 1291
1738 310 1797 371 S.
1839 306 2131 371 ISIDORI
2168 304 2600 373 PELUSIOT/E
3604 318 3707 391 1292

553 428 951 490 existimemus,
974 422 1064 493 qui
1102 437 1169 478 ne
1196 422 1356 476 linem
1381 421 1598 491 quidem
1625 420 1748 475 vita:
1777 422 1895 477 labe
1928 438 2103 478 carenl

2202 426 2483 497 ,ἱστορίαν
2515 423 2785 496 εἰρημένα
2841 423 3084 495 νοῶμεν,
3136 424 3231 479 καὶ
3278 425 3347 479 τὰ
3390 430 3508 485 κατά
3537 432 3712 506 θεωρίαν

554 521 923 584 tem,sortitus
950 528 1065 581 est;
1104 531 1278 584 neque
1316 516 1422 568 vim
1470 515 1732 567 faciamus
1777 517 2076 585 prOphctiis

2233 516 2679 587 προφητευθέντα
2701 517 3160 585 ὲκλαμϐἀνωμεν,
3192 517 3325 589 μηδὲ
3347 519 3408 573 τὰ
3434 523 3586 590 σαφῶς
3610 528 3715 584 toto.

552 627 727 682 neque
764 610 941 665 studio
974 608 1386 678 redigendorum
1436 605 1502 658 ad
1543 606 1907 674 aequalitatem
1938 622 2103 676 quam

2238 605 2471 676 ρηθέντα
2494 606 2573 669 είς
2600 604 2839 675 Θεωρίαν
2863 604 3267 673 ἐκϐιαζόμενοι,
3295 607 3419 675 μήτε
3441 609 3498 663 τά
3514 611 3719 686 λαμπρῶς

550 706 671 757 dam
704 702 945 755 locorum
990 697 1428 767 propheticorum
1458 695 1509 749 in
1568 696 1825 751 scurriles
1863 698 2103 767 quasdan

2235 694 2576 766 θεωρηθῆναι
2597 692 2883 763 ὀφείλοντα
2909 694 3023 764 (25)
3045 696 3128 757 είς
3155 695 3390 767 ἱστορίαν
3414 702 3718 769 καταϐιϐάζω

552 793 843 847 verborum
878 788 1108 856 ineptias
1157 786 1458 839 incidamus
1496 802 1511 838 :
1549 786 1643 839 sed
1672 787 1967 855 prudenter
2004 802 2103 842 cor

2231 803 2345 849 τες,
2365 785 2479 838 ἀλλ’
2501 786 2834 856 ἀμφοτέροις
2864 784 3175 857 πρόσφορον
3201 786 3295 840 καὶ
3326 788 3610 861 κατάλληλον
3631 796 3711 848 νοῦ·

546 884 782 950 «lateque
824 888 878 934 et
902 877 1195 933 secundum
1244 876 1530 930 historiam
1567 876 1707 931 dicta
1738 877 2103 949 intelligamus

2234 875 2661 949 ἐφαρμόζοντες.
2701 877 2767 930 Εἰ
2815 876 2873 930 δὲ
2915 875 3141 948 τοιαύτη
3172 877 3414 950 εὑρεθείη
3455 885 3720 954 προφητεία,

544 983 595 1028 et
622 988 743 1042 qua:
787 970 1082 1025 secundum
1125 967 1637 1036 contemplationem
1680 977 1736 1023 et
1790 968 2103 1038 spiritualen

2232 970 2330 1023 καὶ
2379 968 2479 1039 τὴν
2524 966 2764 1038 ἱστορίαν
2811 967 3099 1039 ἀρηρ’ότως
3141 967 3255 1040 (26)
3291 970 3382 1023 καὶ
3421 971 3507 1043 τὴν
3546 972 3727 1046 θεωρίαν

545 1078 764 1119 sensum
800 1060 1034 1116 vatidice
1060 1058 1269 1128 prolata
1303 1057 1542 1126 fuerunt,
1574 1060 1653 1116 sic
1693 1062 1857 1117 etiam
1896 1060 2101 1131 accipia

2233 1059 2507 1122 ἀϐιάστως
2538 1057 2788 1122 σώζουσα
2807 1096 2822 1121 ,
2851 1056 3121 1128 χρηστέον
3148 1058 3289 1130 αὐτῇ
3320 1060 3431 1115 κατ’
3456 1062 3611 1133 ἄμφω.

544 1176 688 1217 mus.
724 1159 842 1216 Non
906 1173 1084 1217 autem
1131 1162 1251 1217 vice
1296 1173 1475 1223 versa,
1527 1171 1647 1228 quas
1707 1158 1970 1212 historice
2000 1164 2128 1211 sunt
2165 1155 2396 1227 prolata,
2421 1153 2488 1208 ad
2556 1153 2895 1223 spiritualem
2957 1154 3313 1222 intellectum,
3335 1164 3421 1212 aut
3444 1158 3728 1227 spiritualiter

544 1254 911 1324 intelligenda,
957 1253 1026 1308 ad
1054 1253 1367 1308 historicum
1410 1265 1630 1306 sensum
1661 1264 1759 1319 per
1788 1251 1891 1303 vim
1926 1249 2201 1303 trahamus
2238 1266 2252 1302 :
2320 1248 2414 1302 sed
2488 1245 2705 1315 utrique
2757 1245 2944 1315 generi
3022 1247 3291 1304 dictorum
3369 1260 3531 1319 aptum
3574 1265 3730 1305 conve.

544 1348 891 1415 nientemque
934 1358 1153 1400 sensum
1186 1343 1683 1399 accommodemus.
1734 1340 1890 1408 Quod
1911 1341 1955 1396 si
1994 1341 2116 1394 talis
2152 1348 2454 1410 reperiatur
2481 1338 2659 1407 aliqua
2726 1338 3037 1406 prophetia,
3071 1353 3194 1408 qua:
3240 1348 3299 1395 et
3361 1339 3608 1395 historiam
3636 1352 3729 1411 apte

542 1438 1039 1508 convenienterque
1064 1447 1117 1493 et
1142 1437 1481 1508 spiritualem
1511 1451 1727 1493 sensum
1761 1437 1968 1507 absque
1987 1436 2269 1492 coactione
2337 1440 2641 1499 conservet,
2680 1446 2744 1487 ea
2806 1446 2938 1488 sane
2998 1434 3127 1504 quin
3152 1434 3219 1489 ad
3281 1444 3544 1505 utramque
3568 1445 3727 1506 partem

541 1541 759 1586 utamur
785 1530 917 1583 nihil
942 1530 1213 1599 prohibet.

720 1626 902 1697 529.
932 1624 1110 1681 CCIV.
1160 1655 1234 1665 —
1283 1624 1563 1680 lSlDOﬂO
1595 1623 1917 1680 DIACONO.

2500 1621 2614 1674 ΣΑι.
2647 1650 2718 1660 -
2740 1620 3008 1690 Ismara
3051 1620 3355 1691 ΔΙΑΚΟΝῼ
3384 1620 3486 1689 (27)

540 1723 605 1775 In
632 1721 765 1775 illud
794 1718 995 1773 Christi
1024 1720 1243 1782 dictum,
1296 1738 1315 1769 ι
1355 1718 1475 1772 Nisi
1516 1720 1859 1791 abundaverit
1896 1717 2103 1789 justitit

2222 1712 2328 1779 Είς
2376 1712 2445 1765 τό
2467 1726 2481 1741 ⁸
2535 1730 2554 1764 ι
2617 1711 2790 1791 Ἐᾁν-
2805 1711 2892 1779 μὴ
2950 1713 3332 1791 «academiam
3370 1713 3405 1780 ἠ
3440 1712 3729 1781 δικαιοσύνη

868 1798 1061 1854 vestra,
1092 1807 1111 1840 ι
1144 1799 1190 1842 et
1223 1805 1341 1857 qua:
1377 1788 1740 1859 sequuntur".
1896 1781 1913 1789 ’

2668 1781 2858 1851 ὑμῶν,
2901 1800 2920 1831 ι
2958 1781 3059 1834 καὶ
3088 1781 3162 1835 τὰ
3192 1781 3361 1849 ἑξῆς.
3586 1823 3596 1833 .

2304 1894 2570 1967 Ὀπηνίκα
2592 1896 2620 1949 6
2638 1894 3063 1967 πρωτόπλαστος
3090 1894 3378 1966 ἄνθρωπος
3407 1895 3460 1962 ἐξ
3488 1894 3648 1965 αὑτῆς,
3670 1897 3727 1958 ὡς

2219 1985 2286 2041 ἄν
2304 2004 2391 2050 τις
2419 1988 2583 2052 εῐποι,
2624 1985 2896 2058 γραμμῆς
2928 1985 3029 2056 τῆς
3067 1984 3219 2048 θείας
3271 1985 3481 2055 ἐντολῆς
3506 1987 3729 2057 ἀλογήσας

2218 2079 2318 2151 τὴν
2370 2080 2589 2151 ἀπάτην
2644 2080 2988 2152 προὺτίμησε
3022 2076 3118 2130 τοῦ
3162 2077 3327 2131 αὑτὸν
3358 2078 3591 2132 ἀπολέσαι
3627 2093 3729 2131 παν»

2215 2173 2387 2237 τελῶς
2424 2172 2914 2244 μηχανησαμένου,
2963 2169 3026 2226 τὸ
3075 2169 3381 2240 τηνικαῦτα
3412 2170 3569 2225 καὶτὸ
3608 2171 3731 2239 σῶμα

2215 2263 2382 2317 αὐτοῦ
2412 2264 2637 2333 γέγονεν
2671 2264 2733 2317 οὐ
2763 2262 2922 2333 μόνον
2971 2262 3186 2334 θνητὸν,
3220 2261 3361 2315 ἀλλά
3410 2264 3496 2316 καὶ
3516 2261 3723 2330 παθητόν.

2214 2353 2392 2408 Πολλά
2422 2352 2532 2425 γὰρ
2585 2351 2946 2423 ἐλαττώματα
2981 2351 3313 2424 ἐϐλάστησε,
3348 2354 3439 2406 καὶ
3479 2351 3625 2423 βαρὺς
3660 2353 3731 2405 καὶ

2215 2445 2471 2513 δυσὴνιος
2521 2446 2550 2498 ὁ
2604 2444 2773 2508 ἵππος
2820 2443 3082 2517 κατέστη.
3152 2445 3314 2498 Ἐπεὶ
3356 2444 3526 2498 τοίνυν
3566 2444 3643 2497 καὶ
3667 2445 3728 2506 είς

2210 2534 2420 2595 πάντας
2445 2532 2760 2605 ῆδυσκλεὴς
2785 2533 2924 2606 αὕτη
2946 2534 3041 2589 καὶ
3069 2535 3254 2605 πάσης
3285 2534 3483 2606 ζημίας
3510 2534 3729 2606 βαρυτέρα

2208 2624 2547 2697 κληρονομία
2577 2624 2937 2695 κατεπέμφθη
2965 2624 3103 2696 (28),
3133 2625 3232 2678 καὶ
3262 2628 3382 2689 ταῖς
3400 2626 3492 2695 τῆς
3519 2626 3728 2695 προαιρέ-

2210 2730 2347 2777 σεως
2427 2713 2721 2786 ῥᾳθυμίαις
2788 2714 2999 2787 ηὐξήθη
3064 2718 3099 2787 ἡ
3177 2715 3428 2788 ἀπευκτη
3481 2717 3729 2787 περιουσία,

2205 2803 2368 2877 δεῦρο
2391 2805 2456 2876 δὴ
2481 2806 2842 2876 ὲπιφοιτήσας
2871 2808 2900 2860 6
2922 2807 3177 2877 Χριστὸς,
3208 2809 3530 2877 κουφότερον
3549 2810 3658 2877 ἡμῖν
3683 2806 3731 2859 τὸ

2206 2892 2366 2964 σῶμα
2408 2892 2497 2948 διὰ
2536 2893 2631 2948 τοῦ
2706 2894 3082 2967 βαπτίσματος
3116 2897 3413 2969 πεποίηκε,
3465 2899 3536 2970 τῷ
3581 2897 3731 2970 πτερῷ

2201 2983 2297 3038 τοῦ
2348 2985 2670 3057 Πνεύματος
2714 2987 3034 3059 διεγείρων·
3081 2988 3168 3044 διὰ
3220 2990 3383 3044 τοῦτο
3432 2990 3627 3059 μείζονα
3647 2988 3732 3040 τῶν

2127 3044 2170 3103 c
2203 3072 2449 3128 παλαιῶν
2480 3044 2612 3147 ῆμῖν
2631 3044 2934 3149 προσετέθη
2957 3076 3072 3150 (29)
3114 3079 3209 3133 καὶ
3234 3076 3378 3133 ἆθλα
3409 3044 3499 3135 καὶ
3525 3044 3728 3134 ἔπαθλα.

608 1904 835 1969 Quando
883 1902 1093 1971 primus
1131 1902 1296 1957 homo
1347 1901 1415 1955 ab
1444 1902 1581 1971 ipsa,
1613 1909 1674 1955 ut
1724 1901 1848 1971 quis
1890 1901 2111 1965 dixerit,

542 1993 689 2049 linea
721 1993 911 2063 (stadii
946 2000 1109 2062 atque
1148 1990 1403 2046 curriculi
1441 1991 1543 2046 sibi
1568 2006 1597 2044 a
1624 1989 1738 2045 Deo
1787 1990 2116 2062 prmscripti)

539 2084 722 2139 divino
772 2084 1028 2139 mandato
1074 2082 1343 2154 neglecto,
1403 2082 1647 2137 fraudem
1677 2081 1921 2154 (diaboli)
1954 2083 2116 2153 plane

537 2175 714 2244 ipsum
752 2176 979 2243 perdere
1012 2173 1305 2244 satagentis
1337 2172 1601 2242 praetulit,
1640 2180 1770 2227 tunc
1816 2182 1872 2228 et
1917 2186 2115 2241 corpus

534 2266 655 2337 ejus
684 2280 791 2321 non
826 2266 1000 2321 solum
1032 2266 1218 2329 morti,
1252 2266 1346 2320 sed
1373 2276 1428 2319 et
1459 2264 1627 2319 variis
1671 2264 2114 2334 perpessionibus

535 2358 837 2425 subjectum
903 2370 1024 2411 esse
1083 2356 1267 2424 coepit.
1340 2355 1504 2410 Multa
1556 2355 1703 2409 enim
1758 2355 1893 2409 mala
1951 2363 2113 2424 atque

535 2446 913 2510 incommoda,
969 2446 1167 2516 quibus
1226 2459 1285 2500 se
1340 2445 1459 2514 ipso
1505 2446 1744 2501 deterior
1791 2445 1967 2500 factus
2001 2455 2111 2510 est,

537 2538 662 2593 inde
706 2537 1080 2608 pullularunt,
1137 2545 1193 2592 ct
1244 2537 1425 2606 gravis
1471 2546 1635 2606 atque
1680 2536 1748 2591 ad
1812 2536 2105 2607 regendum

532 2625 768 2682 tliﬂicilis
806 2641 979 2697 equus
1040 2625 1129 2681 ille
1178 2627 1373 2682 evasit.
1414 2626 1682 2693 Quoniam
1743 2625 1908 2697 igitur
1952 2635 2006 2680 et
2052 2626 2107 2681 in

531 2731 717 2773 omnes
755 2717 1012 2771 mortales
1042 2716 1274 2787 ingloria
1315 2727 1479 2787 atque
1522 2716 1707 2771 infelix
1760 2717 1883 2783 ista,
1931 2716 2107 2771 omni-

520 2822 639 2876 ique
684 2807 895 2877 jactura
934 2808 1151 2878 gravior
1185 2808 1475 2862 haereditas
1519 2808 1834 2863 transmissa
1862 2848 1877 2869 ,
1908 2816 1963 2863 et
2011 2808 2107 2862 ab-

514 2900 884 2955 ominandum
937 2900 1066 2954 illud
1100 2899 1482 2969 patrimonium
1521 2900 1767 2954 socordia
1804 2899 2104 2953 voluntatis

530 2993 781 3043 humana:
811 2988 974 3043 etiam
1008 2988 1298 3042 adauctum
1332 2996 1415 3042 est
1453 3006 1467 3042 :
1503 2987 1708 3043 idcirco
1745 2987 1998 3043 Christus
2044 2988 2100 3043 in

528 3088 702 3132 terras
724 3078 954 3132 veniens
984 3090 1181 3144 corpus
1214 3076 1371 3131 nobis
1420 3075 1596 3130 levius
1631 3077 1832 3145 (atque
1879 3076 1946 3130 ad
1992 3076 2103 3131 vir-

528 3169 660 3223 tutis
689 3169 933 3223 actiones
970 3166 1299 3239 expeditius)
1330 3167 1563 3222 reddidit
1609 3183 1705 3238 per
1743 3169 2096 3237 baptismum,

527 3260 611 3314 ala
657 3259 892 3330 Spiritus
952 3258 1081 3313 iliud
1152 3259 1398 3314 excitans
1447 3268 1609 3328 atque
1671 3260 1910 3327 erigens.
1967 3259 2100 3327 Quae

528 3352 692 3405 etiam
726 3365 889 3405 causa
921 3359 1028 3415 est,
1056 3365 1153 3405 cur
1180 3350 1335 3404 nobis
1370 3348 1572 3416 majora
1606 3349 1802 3418 priscis
1836 3360 1892 3405 et
1923 3359 2100 3406 certa-

516 3443 673 3496 mina
700 3450 756 3497 et
792 3441 1012 3511 praemia
1042 3441 1152 3494 sint
1186 3442 1481 3509 proposita.
1531 3439 1646 3495 Non
1677 3441 1850 3497 solum
1886 3442 2031 3496 enim
2067 3456 2098 3496 a

526 3533 672 3587 caede
695 3547 860 3602 puros
895 3547 995 3588 nos
1040 3546 1161 3586 esse
1190 3532 1324 3599 vult,
1366 3547 1551 3599 verum
1604 3532 1766 3587 etiam
1811 3533 1876 3587 ab
1916 3532 1995 3587 ira
2014 3531 2096 3600 ³³;

527 3638 702 3693 neque
731 3622 905 3678 solum
966 3622 1034 3677 ab
1091 3621 1356 3678 adulterio
1409 3633 1467 3679 et
1517 3624 1870 3688 scortatione,
1908 3638 2096 3679 verum

524 3713 688 3768 etiam
745 3728 775 3767 a
828 3712 1116 3768 libidinoso
1173 3722 1228 3767 et
1283 3715 1653 3770 incontinente
1700 3725 1993 3785 conspectu
2013 3714 2094 3782 ’5;

524 3816 700 3872 neque
736 3802 910 3858 solum
938 3817 967 3857 a
1003 3803 1263 3873 perjurio,
1293 3818 1483 3859 verum
1516 3806 1681 3859 etiam
1715 3821 1744 3858 a
1783 3805 2097 3876 jurejuran-

522 3895 593 3949 do
624 3895 883 3950 liberos"
918 3913 932 3950 :
965 3903 1021 3950 et
1044 3894 1197 3963 juxta
1224 3912 1347 3951 cum
1375 3897 1568 3951 amicis
1599 3897 1845 3952 inimicos
1884 3912 2098 3967 quoque

519 3982 671 4052 jubet
703 3983 926 4053 diligere
948 3984 1017 4038 ³⁸.
1054 3982 1159 4040 Sed
1192 3994 1247 4040 et
1274 3986 1328 4039 in
1368 3986 1491 4041 aliis
1518 3986 1771 4041 omnibus
1801 3986 2095 4056 prolixiora

521 4070 892 4141 amplioraque
960 4069 1090 4126 fecit
1155 4072 1329 4127 stadia
1382 4087 1401 4127 :
1448 4082 1505 4128 et
1558 4085 1665 4126 nou
1711 4073 2095 4130 obedientibus

523 4162 699 4231 ignem
735 4161 1228 4231 inexstinguibilem
1262 4163 1628 4218 comminatus
1657 4172 1762 4230 est,
1789 4164 2095 4233 {ostendens

521 4268 586 4309 eo
610 4254 749 4324 ipso,
775 4268 882 4308 non
916 4268 1039 4310 esse
1080 4258 1198 4309 haec
1224 4255 1276 4308 in
1306 4254 1585 4309 voluntate
1636 4264 1693 4311 et
1736 4256 1966 4311 arbitrio
1997 4272 2095 4327 po-

2203 3165 2279 3218 Οὐ
2312 3166 2423 3238 γὰρ
2444 3168 2606 3236 φόνου
2645 3168 2921 3241 καθαροὺς
2949 3165 3091 3224 εἶναι
3139 3171 3395 3242 βούλεται
3424 3172 3587 3243 μόνον,
3622 3171 3727 3225 ἄλλα

2201 3258 2297 3311 καὶ
2340 3259 2547 3330 ὀργῆςο
2587 3262 2710 3315 οὐδὲ
2763 3262 3012 3333 μοιχείας
3058 3264 3154 3317 καὶ
3202 3264 3481 3337 πορνείας,
3513 3264 3633 3318 ἀλλὰ
3659 3262 3735 3317 καὶ

2203 3350 2503 3405 ἀκολάστου
2528 3352 2678 3417 θέας·
2709 3353 2830 3407 οὐδὲ
2863 3355 3172 3425 ἐπιορκίας,
3207 3355 3352 3409 ἀλλά
3385 3357 3473 3410 καὶ
3506 3355 3732 3425 εὐορκίας.

2199 3440 2311 3495 Καὶ
2343 3442 2483 3513 μετά
2506 3443 2616 3497 τῶν
2646 3444 2815 3514 φίλων
2846 3447 2941 3499 καὶ
2973 3448 3101 3509 τοὺς
3120 3447 3412 3519 δυσμενεῖς
3447 3446 3636 3501 κελεύει
3661 3463 3730 3515 φι-

2199 3531 2313 3587 λεῖν
2336 3549 2351 3564 ⁸
2415 3536 2509 3587 καὶ
2560 3536 2619 3589 ἐν
2685 3539 2797 3600 τοῖς
2852 3537 3034 3602 ἄλλοις
3104 3538 3162 3592 δὲ
3236 3539 3416 3593 ἅπασι
3471 3538 3735 3609 μακρότερα

2202 3622 2425 3694 ἐποίησε
2458 3624 2526 3678 τὰ
2583 3624 2773 3679 στάδια
2799 3641 2815 3657 ο
2852 3626 2945 3678 καὶ
2979 3629 3091 3690 τοῖς
3148 3627 3227 3699 μὴ
3283 3626 3611 3698 πειθομένοις
3651 3623 3736 3691 πῦρ

2198 3713 2462 3769 ἄσϐεστον
2483 3717 2768 3787 ⁴ίιπείλησε,
2818 3717 3052 3783 δεικνὺς,
3098 3719 3181 3772 ὅτι
3225 3720 3293 3773 οὐ
3331 3721 3433 3790 τῆς
3478 3716 3739 3788 φιλοτιμίας

2198 3805 2308 3860 τῶν
2333 3806 2751 3877 ἀγωνιζομένων
2772 3808 2887 3860 ἐστὶ
2907 3808 3102 3873 ταῦτα,
3133 3807 3330 3881 ὥσπερ
3356 3812 3390 3880 ἡ
3411 3806 3738 3878 ἀκτημοσύνητ

2199 3898 2294 3951 καὶ
2323 3899 2356 3968 ἡ
2387 3898 2656 3969 παρθενία
2674 3916 2689 3932 ο
2722 3900 2841 3952 ἐκεῖ
2871 3900 2979 3971 γὰρ
3018 3901 3414 3972 προύτρέψατο
3439 3918 3451 3929 ο
3476 3919 3494 3951 ι
3520 3900 3579 3953 Ei
3605 3898 3744 3958 θέλεις

2197 3988 2399 4052 τέλειος
2431 3984 2591 4043 εἶναι’
2632 4008 2651 4041 ›
2686 3991 2782 4045 καί
2812 4007 2827 4021 ’
2857 4008 2877 4042 ι
2924 3992 2980 4044 '0
2998 3991 3307 4062 δυνάμενος
3336 3994 3561 4062 χωρεῖν,
3584 3985 3743 4059 χωρεί-

2197 4095 2296 4134 τω.
2339 4097 2359 4130 ι
2406 4079 2570 4134 Ἀλλά
2598 4080 2819 4145 πάντως
2862 4082 3003 4135 οὓτά
3028 4083 3343 4154 ἀνυσθῆναι
3366 4082 3606 4154 βούλεται
3633 4097 3646 4111 ·
3672 4076 3748 4131 καὶ

2196 4172 2306 4242 γὰρ
2348 4171 2459 4225 τῶν
2489 4173 2803 4243 ἀναγκαίων
2857 4175 2994 4228 ὲστί.
3045 4175 3138 4230 Διὸ
3180 4177 3283 4230 καὶ
3316 4177 3422 4247 ἔφη
3450 4175 3607 4239 τοῦθ’,
3637 4173 3748 4241 ὅπερ

2200 4261 2392 4333 μαθεῖν
2433 4264 2739 4335 ἠθέλησας·
2788 4284 2810 4318 ι
2876 4267 3003 4320 Ἐὰν
3046 4268 3122 4338 μὴ
3184 4269 3536 4340 περισσεύσῃ
3578 4265 3750 4335 ὑμιῖινὴ

514 4346 621 4401 sita
644 4360 827 4401 eorum
858 4346 949 4415 qui
981 4354 1215 4412 certant,
1248 4354 1307 4400 ut
1331 4353 1418 4402 est
1451 4357 1742 4417 paupertas
1793 4358 2087 4418 spontanea

2202 4355 2510 4428 δικαιοσύνη
2539 4357 2702 4411 πλέον
2721 4359 2831 4413 τῶν
2849 4360 3236 4431 Γραμματέων
3267 4363 3369 4415 καὶ
3400 4359 3705 4433 Φαρισαίων.
3729 4374 3744 4405 ι

519 4438 693 4491 nullas
736 4436 1023 4506 possidens
1056 4436 1341 4492 facultates
1363 4478 1378 4501 ,
1411 4446 1472 4492 ut
1517 4438 1648 4492 item
1681 4446 1763 4493 est
1803 4438 2090 4510 virginitas

2202 4449 2495 4513 τουτέστιν,
2531 4453 2579 4502 εί
2632 4452 2710 4522 μὴ
2750 4452 3007 4506 τοσοῦτον
3039 4453 3523 4524 ὑπερακοντίσητε
3568 4452 3678 4512 τοὺς
3708 4450 3753 4500 ὲν

516 4536 796 4599 perpetua.
824 4527 899 4582 lbi
928 4528 1073 4582 enim
1105 4529 1487 4583 exhortatione
1525 4543 1655 4584 usus
1677 4537 1762 4585 est
1797 4544 1812 4583 :
1848 4548 1868 4582 ι
1918 4531 1974 4585 Si
2006 4532 2087 4587 vis

2202 4541 2260 4610 τῇ
2294 4540 2508 4612 Παλαιᾷ
2536 4541 2970 4613 εὐδοκιμηκότας
2991 4561 3005 4576 ·
3056 4545 3118 4597 οὐ
3154 4544 3272 4616 γὰρ
3321 4546 3457 4616 περὶ
3492 4544 3594 4596 τῶν
3624 4541 3752 4606 δίκην

515 4620 784 4687 perfectus
820 4632 941 4673 esse
958 4618 1034 4685 '7;
1079 4638 1097 4670 ι
1130 4629 1184 4673 et
1232 4636 1247 4673 :
1292 4639 1313 4672 ι
1365 4619 1467 4687 Qui
1518 4629 1695 4691 potest
1739 4636 1956 4691 capere,
1992 4638 2085 4679 ca-

2202 4629 2469 4684 Βωσόντων
2496 4635 2613 4687 νυνλ⁵
2643 4633 2968 4705 διαλέγομαι
2987 4652 3001 4667 ο
3050 4636 3175 4690 ὅσον
3211 4638 3244 4689 6
3277 4636 3518 4708 οὐρανὸς
3560 4635 3648 4703 τῆς
3671 4632 3753 4699 γῆς

513 4708 704 4775 piat”.
753 4728 772 4760 ι
827 4708 933 4764 Sed
976 4712 1198 4778 pratcise
1244 4711 1357 4765 vult
1385 4727 1449 4766 ea
1492 4712 1722 4783 impleri.
1755 4714 1893 4768 Sunt
1940 4717 2086 4771 enim

2202 4721 2500 4794 διενήνοχεν
2526 4743 2540 4756 ο
2577 4743 2598 4777 ι
2631 4727 2691 4778 οὐ
2716 4726 2792 4797 μὴ
2821 4727 3099 4798 εἰσέλθητε
3119 4730 3200 4792 είς
3233 4731 3341 4800 τὴν
3366 4726 3639 4798 βασιλείαν
3663 4742 3751 4776 τιον

514 4800 813 4854 necessaria
846 4800 975 4872 (non
1004 4802 1340 4873 arbitraria.)
1371 4803 1543 4870 Quam
1573 4806 1737 4859 etiam
1765 4805 1834 4860 ob
1865 4820 2086 4862 causam

2202 4812 2460 4883 οὐρανῶν.
2500 4833 2519 4867 δ
2554 4816 2681 4880 Τοῖς
2706 4818 2816 4889 γὰρ
2861 4816 3046 4881 ἄθλοις
3080 4819 3177 4873 καὶ
3206 4818 3284 4873 τὰ
3323 4818 3540 4874 ἔπαθλα
3565 4814 3751 4872 εἰκότως

513 4893 612 4944 hoc
636 4891 794 4958 dixit,
824 4891 966 4962 quod
993 4892 1203 4949 discere
1224 4894 1442 4951 voluisti
1470 4915 1483 4951 :
1516 4915 1535 4949 ι
1577 4896 1694 4953 Nisi
1729 4898 2087 4956 abundaverit

2202 4901 2500 4956 ἀκολουθεῖ.
2549 4903 2778 4958 Ἐκεῖνοι
2828 4906 2925 4976 μὲν
2976 4906 3084 4978 γὰρ
3138 4907 3474 4980 σύμμετρον
3513 4901 3751 4960 πολιτείαν

577 5044 1052 5123 ignauiam.
1130 5048 1179 5080 υ
1205 5048 1397 5104 Matth.
1426 5064 1479 5117 ν,
1504 5049 1593 5105 22.
1674 5050 1723 5083 ιι
1754 5051 1879 5107 ibid.
1921 5052 2013 5108 as.
2089 5055 2103 5088 ι

2202 5057 2295 5112 iid.
2327 5058 2421 5123 54,
2446 5059 2537 5114 55.

577 5056 621 5075 οι
657 5056 848 5102 mini.
874 5062 930 5116 ν,
959 5056 1052 5103 au.
1130 5056 1179 5080 ιι
1205 5056 1397 5104 Matth.
1426 5064 1479 5117 ν,
1504 5056 1593 5105 22.
1674 5056 1723 5083 ιι
1754 5056 1879 5107 ibid.
1921 5056 2013 5108 28.
2089 5056 2103 5088 ι

508 5111 554 5142 ³³
587 5114 717 5170 ibid.
746 5115 832 5171 η.

2202 5057 2537 5123 iid.5t,5s.
2650 5059 3091 5129 "ibid.43,u.
3192 5060 3243 5092 ιτ
3277 5060 3485 5121 Matth.
3542 5056 3749 5126 mai.

2650 5059 2696 5092 ³ο
2719 5060 2850 5116 ibid.
2879 5062 2972 5129 ιδ,
3001 5064 3091 5117 ιι.

1596 5278 1830 5336 VARle
1866 5280 2255 5340 LECTIONES
2285 5284 2377 5339 ET
2414 5285 2647 5342 NOTAE.

588 5425 706 5530 ‘23).
866 5429 1286 5530 si}:
1301 5434 1447 5530 τις·
1478 5434 1686 5530 ,ξίῖἒῖηῆ
1705 5433 2074 5530 ,9.ἱίὲξὲ9ῗὲνῗὲ

2202 5414 2455 5530 "gul?
2490 5445 2572 5530 t_it.
2594 5447 2830 5520 διακένῳ
2870 5460 3107 5506 mutatur
3160 5453 3220 5508 in
3258 5457 3556 5530 ὲπισκὸπῳ
3584 5471 3611 5511 a
3646 5452 3744 5511 cod.

628 5496 833 5583 eiciar.
864 5493 1307 5583 καταξιάζοντες,
1333 5514 1440 5560 etc.
1478 5493 1984 5575 *Locns'supp'te'tur
2007 5522 2074 5563 ex

2202 5493 2305 5583 Vat.

506 5569 627 5617 cod.
656 5563 829 5619 Vatic.
862 5568 983 5623 650.
1008 5563 1167 5628 Ent'i'.
1266 5563 1304 5568 n
1773 5563 1785 5574 ’
1807 5563 1823 5575 ’

578 5632 690 5670 ΙΩΙῖὶ
723 5634 855 5670 ναι-α
919 5648 1078 5670 nnlnn
1138 5652 1186 5670 ,ιι
1230 5657 1331 5670 nam
1402 5656 1498 5670 ...ηε
1544 5643 1827 5670 1.-....1-..-
1881 5647 2070 5670 ---τιτι

2208 5563 2211 5564 ν
2255 5563 2724 5670 Ero—saxea.
2770 5589 2910 5670 idem
2946 5589 3109 5646 habet
3139 5598 3553 5670 παρεπέμφθη.
3589 5594 3655 5651 ib.

578 5632 1098 5737 (antigmyersdnaont'ep.
1137 5652 1191 5699 et
1229 5657 1354 5713 pen.
1402 5656 1499 5711 pro
1542 5643 1827 5716 ἀρηρότως
1881 5647 2074 5702 scribit

2202 5717 2223 5737 ἴ
2256 5632 2367 5721 (ea)
2392 5632 3725 5737 ﬂagitiégeﬁliiiiu($324362?fimiisif"si

506 5701 805 5773 ἀραρότως.
839 5701 1062 5764 Possm:
1229 5701 1246 5713 ’
1402 5701 1417 5711 “
1582 5701 1593 5715 ’
1638 5701 1667 5716 ”
1806 5701 1823 5709 ’
2012 5701 2017 5702 ί
2038 5701 2042 5702 ί

2202 5701 2436 5775 ἶιίτί-
2460 5723 2593 5781 Cod.
2781 5701 3068 5801 προετέθη,
3106 5701 3447 5801 υἰωξξξξῇᾕξξῆ
