3906 6416
156 549 258 614 1293

1027 538 1560 599 EPISTOLARUM
1596 535 1743 598 LIB.
1781 536 1879 599 IV.
1919 560 1987 573 -
2023 535 2260 599 EPIST.
2299 535 2455 598 CCV.

3207 528 3343 598 1294

150 659 246 713 τινὰ
287 652 698 723 πολιτευόμενοι,
756 649 861 721 γῆν
901 649 997 702 καὶ⁵
1056 647 1476 720 μακροημερίαν
1509 648 1669 719 ἔσχον

1782 647 1977 712 iustitia
1995 659 2175 704 vestra
2194 651 2313 720 plus
2331 663 2493 717 quam
2508 643 3312 718 Seriharumethat-isteorum;
3325 668 3344 701 ι

149 751 225 820 τὴν
247 745 479 818 ἀμοιϐήν.
525 760 545 794 t
570 741 718 813 Τίμα
735 742 867 812 γὰρ,
892 741 1049 811 φησὶ,
1084 741 1176 794 τὸν
1198 741 1413 810 πατέρα
1440 740 1536 794 καὶ
1569 738 1670 810 τὴν

149 840 322 912 μητέρα
370 852 482 901 σου,
537 834 626 887 ἵνα
659 830 719 887 εὗ
762 850 847 886 σοι
904 831 1156 902 γένηται,
1210 831 1305 884 καὶ
1340 831 1439 903 ἔσῃ
1466 846 1674 901 μακρο-

146 930 316 1001 χρόνιος
354 926 441 979 ὲπὶ
481 926 583 995 τῆς
612 926 739 993 γῆς,
785 923 854 991 ἢν
897 921 1107 994 Κύριος
1133 921 1163 974 ὁ
1188 920 1321 985 Θεός
1353 937 1446 973 σου
1480 917 1664 973 δίδωσί

143 1038 225 1073 σοι.
256 1037 273 1069 ι
323 1017 471 1088 Ἡμῖν
510 1016 569 1070 δὲ
617 1018 729 1080 τοῖς
766 1015 895 1078 τοὺς
961 1014 1352 1083 εὐαγγελικοὺς
1404 1011 1660 1074 διαύλους

144 1110 416 1183 δραμοῦσιν,
463 1109 693 1180 οὐρανὸς
761 1107 1074 1172 ἀπόκειται,
1151 1106 1245 1159 καὶ
1294 1105 1365 1158 τὰ
1411 1105 1471 1157 ὲν
1518 1101 1671 1172 αὐτῷ

138 1201 304 1271 ἀγαθά.
830 1210 833 1213 λ

1775 738 1882 794 hoc
1902 744 2006 803 est.
2036 739 2142 794 nisi
2166 749 2315 794 tanto
2338 738 2623 795 intervallo
2659 738 3052 810 superaveritis
3091 755 3188 798 eos
3212 782 3228 808 ,
3253 742 3346 813 qui

1776 829 1834 884 in
1862 828 2044 886 Veteri
2073 829 2467 900 (Testamento)
2496 831 2695 885 virtute
2720 830 2852 886 clari
2877 846 2941 888 ac
2959 831 3202 889 celebres
3224 833 3348 888 fue-

1779 930 1909 974 runt
1928 919 2057 989 (non
2085 920 2228 974 enim
2240 919 2355 989 jam
2378 920 2570 990 loquor
2585 920 2651 975 de
2671 920 2758 985 iis,
2782 920 2875 991 qui
2897 935 3089 991 poenas
3105 922 3348 989 dabunt;

1776 1011 1871 1066 sed
1895 1012 1960 1065 de
1994 1010 2101 1065 illis
2129 1011 2222 1080 qui
2256 1012 2468 1066 virtutis
2492 1012 2671 1066 studio
2695 1012 2886 1078 dediti,
2914 1026 3089 1083 eoque
3129 1015 3351 1070 nomine

1782 1101 1915 1156 clari
1965 1101 2206 1173 fuerunt)
2234 1142 2250 1166 ,
2294 1112 2501 1171 quanto
2547 1103 2832 1158 intervallo
2881 1105 3045 1160 distat
3086 1105 3284 1161 caelum
3319 1121 3351 1160 a

1780 1203 1978 1257 terra,t
2010 1207 2114 1248 non
2130 1193 2425 1248 introibitis
2444 1193 2498 1249 in
2513 1208 2733 1264 regnum
2757 1193 3074 1251 caelorum.»
3093 1194 3358 1253 Certami.

139 1294 270 1348 nibus
292 1293 423 1349 enim
455 1293 654 1348 merito
671 1290 1061 1362 consequentia
1090 1296 1216 1345 sunt
1241 1288 1405 1343 etiam
1426 1285 1668 1357 praemia.
1704 1282 1784 1340 llli
1824 1297 2060 1354 namque
2114 1282 2402 1338 honestam
2422 1292 2479 1339 et
2529 1283 2850 1353 aequabilem
2882 1284 3045 1340 vitam
3081 1284 3349 1354 colentes,

136 1395 301 1441 terram
330 1396 381 1442 et
409 1388 800 1456 longaevitatetn
830 1398 928 1454 pro
956 1383 1176 1454 praemio
1207 1383 1466 1437 habuere.
1516 1399 1535 1433 ι
1572 1378 1818 1445 Honora,
1859 1376 2058 1448 inquit,
2080 1386 2287 1447 patrem
2325 1385 2380 1434 et
2417 1384 2643 1434 matrem
2680 1386 2855 1445 tuam,
2878 1385 2938 1433 ut
2968 1377 3106 1435 bene
3131 1379 3229 1435 tibi
3258 1376 3359 1461 sit.

134 1486 179 1532 et
211 1478 276 1533 sis
306 1478 570 1547 longaevus
614 1492 778 1547 super
835 1486 1061 1540 terram,
1090 1488 1251 1543 quam
1273 1472 1534 1529 Dominus
1557 1469 1701 1527 Deus
1731 1477 1855 1525 tuus
1900 1468 2049 1525 dabit
2077 1468 2208 1534 tibi;
2247 1486 2268 1521 ι
2328 1467 2483 1525 nobis
2544 1477 2727 1525 autem
2760 1469 3085 1540 evangelicis
3107 1467 3352 1527 decursis

132 1571 307 1634 stadiis,
330 1572 522 1626 ctBlutn
542 1611 559 1636 ,
589 1580 644 1626 et
684 1570 843 1641 hujus
872 1571 1015 1626 bona
1047 1577 1175 1624 sunt
1201 1566 1455 1637 reposita.

131 1704 307 1759 ZE'.—
348 1705 663 1777 ΟΛΥΜΠΙῼ
698 1702 1173 1773 ΠΡΕΣΒΥΤΕΡῼ,
1205 1696 1666 1769 ΣΧΟΔΑΣΤΙΚῼ.

187 1876 294 1930 Ὀτι
325 1876 421 1946 μὲν
468 1875 580 1946 πρὸ
625 1874 839 1929 πολλῶν
886 1874 955 1928 ἂν
997 1871 1216 1945 δωρεῶν
1254 1870 1350 1925 καὶ
1400 1867 1672 1941 μεγίστης

1774 1697 1938 1771 530
1969 1695 2124 1754 CCV.
2156 1727 2227 1739 —
2268 1695 3101 1824 OLYlllenglggFSBYTERO,
3125 1696 3356 1768 150Ηο-

1848 1883 2145 1956 Equidem,
2206 1884 2379 1939 amice
2427 1882 2531 1947 vir,
2583 1881 2796 1938 inﬁcias
2864 1897 2971 1937 non
3035 1882 3211 1949 ivero,
3267 1897 3357 1939 me

132 1966 351 2026 εὐκλείας
377 1966 605 2036 ἐθέμην,
638 1966 700 2021 τὸ
723 1966 855 2037 περὶ
885 1958 962 2020 ὧν
990 1962 1182 2051 πρώην
1202 1962 1456 2034 γέγραφα
1484 1976 1670 2051 πεπει-

1782 1976 2195 2051 praepositurum
2277 1975 2383 2031 hoc
2480 1972 2654 2029 fuisse
2742 1971 2931 2029 multis
2996 1974 3350 2042 muneribus,

126 2058 218 2122 κὼς
245 2058 458 2122 ἀνῢσαι,
483 2059 585 2112 οὐκ
609 2058 676 2112 ἂν
705 2057 951 2128 ἔξαρνος,
994 2050 1041 2110 ὦ
1066 2054 1210 2125 φίλε,
1237 2053 1507 2124 ἐγενόμην
1530 2050 1669 2118 (30).

126 2148 279 2221 Ταύτῃ
315 2166 376 2216 γε
404 2150 590 2211 αἰτίας
636 2150 768 2203 είσω
813 2147 1198 2218 ὑπελάμϐανον
1228 2140 1370 2199 εἶναι
1413 2144 1594 2210 δόξας,
1621 2142 1678 2197 εῐ

120 2258 241 2305 τινες
283 2242 354 2295 τὰ
408 2241 665 2313 βέλτιστα
710 2239 1022 2303 ἀκούοντες,
1077 2238 1154 2310 μὴ
1217 2238 1535 2310 προσέχοιεν
1583 2235 1677 2290 τὸν

121 2331 241 2397 νοῦν,
298 2334 388 2386 καὶ
443 2332 651 2402 ταύτης
710 2331 813 2402 τῆς
869 2331 979 2386 ἀπὸ
1030 2330 1141 2384 τῶν
1185 2330 1359 2399 λόγων
1407 2327 1674 2398 ὠφελείας

117 2424 521 2493 ἀποστερήσειαν
576 2423 801 2487 ἑαυτούς
826 2440 841 2455 ⁸
886 2423 1003 2477 ἀλλ’
1042 2420 1271 2493 ἡλπιζον
1326 2420 1514 2485 ἁπλῶς
1548 2420 1679 2474 ἕκα-

122 2529 228 2567 στον
257 2516 287 2585 ἦ
327 2517 419 2568 ἐπὶ
470 2516 602 2577 τοὺς
644 2515 718 2586 μὴ
742 2513 1062 2578 πεισθέντας
1087 2513 1188 2584 τὴν
1246 2512 1455 2584 μέμψιν
1486 2512 1674 2576 οἴσειν,

113 2608 290 2679 ἦμήτ’
333 2612 485 2681 ἐμοὶ,
546 2610 671 2679 μήτ’
713 2608 943 2671 ἐκείνοις
988 2607 1357 2677 ὲπιτιμήσειν.
1413 2604 1569 2658 Ἐπεὶ
1619 2604 1677 2658 δὲ

114 2699 182 2757 εἰς
232 2698 487 2751 τοσοῦτον
524 2698 605 2766 (51
617 2708 636 2766 )
682 2698 969 2768 προήκεις,
1009 2696 1087 2759 ὡς
1136 2694 1260 2766 ἐμοὶ
1320 2693 1673 2765 μέμψασθαι·

110 2787 217 2840 ἀλλ’
247 2790 275 2841 ό
306 2789 405 2859 μὲν
451 2788 618 2860 μηδὲν
649 2787 788 2859 ἔχων
834 2789 1029 2853 εἰπεῖν,
1083 2786 1221 2841 ἀλλὰ
1262 2786 1357 2840 καὶ
1376 2786 1449 2840 τὰ
1498 2785 1678 2839 πάντα

111 2880 388 2947 ἐκθειάζων
421 2899 437 2912 ·
503 2881 562 2935 ἓν
607 2882 665 2934 δὲ
709 2881 930 2952 ἰσχυρὸν
974 2879 1119 2952 ἔχειν
1164 2878 1423 2949 νομίζων,
1478 2877 1542 2931 τὸ
1592 2876 1671 2949 μὴ

104 2972 407 3046 δεδυνῆσθαι
440 2978 634 3029 πεῖσαι
659 2989 676 3006 ⁸
709 2974 924 3044 ἀνάγκη
964 2990 1047 3027 σοι
1086 2973 1218 3043 περὶ
1272 2969 1464 3024 τούτου
1502 2970 1679 3041 χαράς

108 3065 183 3129 ξαι
209 3068 542 3139 γράμματα,
575 3067 670 3121 καὶ
721 3066 797 3138 μὴ
850 3064 1010 3135 σιγὴν
1053 3064 1155 3136 τὴν
1194 3063 1376 3118 αἰτίαν
1410 3063 1674 3131 ἐνεγκεῖν.

107 3159 328 3214 ’Δτοπον
364 3162 509 3231 γὰρ,
568 3160 630 3214 σὲ
661 3159 764 3231 μὲν
803 3158 1009 3230 τολμᾷν
1052 3157 1088 3212 ἃ
1129 3157 1202 3228 μὴ
1248 3156 1517 3229 προσήκει
1539 3154 1673 3227 γρά-

103 3265 245 3316 φειν’
290 3251 396 3323 ἐμὲ
434 3251 483 3304 δ’
539 3248 976 3305 ἀντεπιστέλλειν
1025 3249 1096 3303 τὰ
1138 3248 1322 3301 δίκαια
1361 3247 1672 3301 κατοκνεῖν.

99 3300 154 3392 ἐξ
184 3300 1154 3412 μινῖἆρἐτᾷέξξρἧὲπὲέτεέᾲᾲς
1199 3338 1277 3401 δι,
1305 3337 1406 3409 τὴν
1443 3337 1676 3407 ἡσυχίαν
1702 3300 1748 3360 ο

98 3431 156 3484 ἂν
176 3429 331 3504 ἦγον.
374 3435 609 3505 Ἐπειδὴ
646 3432 702 3485 δὲ
751 3432 1097 3503 μεμήνυκας,
1137 3430 1174 3484 ἃ
1205 3430 1345 3502 μήτε
1390 3427 1503 3498 ἐγὼ
1532 3428 1679 3481 σεσί-

96 3540 248 3594 γηκα,
281 3527 378 3581 καὶ
407 3527 522 3595 τῆς
562 3526 663 3596 σῆς
692 3523 887 3592 σοφίας
906 3521 983 3592 τῷ
1010 3522 1188 3575 δοκεῖν
1213 3520 1423 3591 τάληθῆ
1458 3519 1677 3590 μέμψα-

96 3619 207 3670 σθαι
226 3619 341 3690 (39.)
406 3617 782 3690 περιγίνεται.
843 3614 1148 3684 Βουλοίμην
1205 3613 1307 3685 μὲν
1363 3608 1458 3667 οὖν
1509 3611 1677 3682 μηδὲν

94 3709 279 3780 πικρὸν
311 3710 460 3780 μηδὲ
496 3705 973 3777 καταφρονητικὸν
1023 3705 1264 3759 ἐκθεῖναι
1285 3705 1409 3767 ταῖς
1450 3702 1673 3756 ἀποδεί-

93 3795 243 3861 ξεσινο
283 3800 346 3852 οὐ
383 3798 506 3869 γὰρ
553 3797 765 3868 ἑτέροις
806 3795 928 3866 ἥκω
974 3793 1161 3857 κακῶς
1188 3791 1396 3857 λέξων⁶
1447 3790 1565 3844 ἀλλ’
1600 3791 1680 3854 ὼς

90 3889 180 3941 οὐκ
206 3890 376 3953 αὐτὸς
405 3891 667 3961 ἥμαρτον
715 3886 1039 3953 ἀποδείξων.
1074 3885 1139 3939 El.
1177 3883 1236 3937 δέ
1262 3901 1319 3937 τι
1375 3883 1468 3936 ὑπ’
1507 3882 1680 3952 αὐτῆς

86 3982 176 4050 τῆς
210 3983 479 4052 ἀνάγκης
536 3981 712 4033 εἰπεῖν
742 3977 1043 4042 ὲκδιασθῶ,
1089 3979 1159 4047 τῇ
1182 3975 1294 4030 τῶν
1328 3974 1679 4047 πραγμάτων

88 4072 259 4137 φύσει,
292 4072 360 4125 οὐ
422 4074 497 4142 τῇ
554 4068 650 4123 τοῦ
699 4068 1007 4139 γράφοντος
1037 4064 1233 4139 γνώμῃ
1261 4065 1362 4137 τὴν
1390 4064 1571 4119 αἰτίαν
1591 4064 1682 4117 λο-

82 4165 315 4228 γιστέον.
366 4162 660 4234 Ἀρξομαι
709 4161 768 4214 δὲ
819 4159 914 4229 ἀφ’
956 4153 1031 4213 ὧν
1074 4158 1240 4222 αὐτὸς
1292 4158 1558 4231 ἔγραψας.
1605 4157 1671 4210 El

82 4253 184 4325 γὰρ
214 4254 541 4326 γεγραφὼς
571 4250 835 4314 πολλάκις
886 4249 962 4313 ῶς
983 4266 1128 4320 φημι
1158 4250 1437 4320 προσῆκεν
1459 4261 1475 4277 ⁸
1509 4247 1681 4317 ὅνπερ

76 4347 136 4414 δὴ
166 4347 437 4418 προσῆκε
469 4346 673 4418 τρόπον
694 4360 711 4376 ο
743 4342 881 4415 πρὸς
900 4340 1162 4395 Εὐσέϐιον
1207 4340 1305 4394 καὶ
1344 4337 1677 4411 Μαρτιανὸν,

78 4436 325 4509 nempe.
383 4456 456 4491 τε
512 4437 613 4490 καὶ
657 4435 927 4507 Μάρωνα,
977 4431 1119 4486 ὥστε
1164 4431 1364 4495 κακίας
1408 4431 1509 4501 μὲν
1563 4430 1678 4502 (55)

73 4530 417 4599 ἀποστῆναι,
476 4530 579 4598 τῆς
629 4527 753 4581 κατ’
806 4523 1009 4596 ἀρετὴν
1049 4524 1107 4577 δὲ
1158 4522 1677 4592 ἀπιλαμΰάνεσθαι,

73 4616 185 4673 εἶτα
212 4621 374 4675 τοῦτ’
409 4622 525 4675 οὐκ
577 4620 795 4684 ἔπεισα,
836 4617 1087 4688 ποτέρων
1136 4618 1173 4688 ἠ
1202 4614 1543 4687 κατηγορία;
1583 4614 1678 4668 καί
1708 4648 1755 4704 D

70 4728 155 4779 μοι
184 4713 383 4776 δοκεῖς
439 4711 593 4781 λόγῳ
644 4710 746 4779 μὲν
794 4708 897 4780 ἐμὲ
939 4707 1223 4762 αἰτιᾶσθαι
1247 4723 1265 4736 ⁶
1295 4706 1444 4778 ἔργῳ
1463 4707 1511 4760 δ’
1530 4707 1675 4760 ὲκεί-

68 4820 183 4865 νοος
222 4804 566 4874 κωμῳδεῖν.
614 4801 674 4853 ’0
708 4799 787 4871 μὴ
829 4798 1171 4869 πειθόμενοςε
1189 4797 1493 4868 κορυφαίῳ,
1519 4796 1680 4869 χορὸς

60 4895 313 4961 ἄμουσος
339 4912 358 4927 ο
421 4896 457 4948 ὁ
517 4893 594 4963 μὴ
641 4891 966 4960 πειθόμενος
1033 4888 1226 4961 ίατρῷ,
1281 4888 1484 4953 ἄθλιος.
1525 4889 1585 4942 Ὀ
1622 4888 1683 4943 δὲ

61 4991 376 5055 κορυφαῖος
412 4986 520 5039 καὶ
555 4985 763 5055 ἰατρὸς,
802 4981 910 5049 ἔξω
946 4981 1128 5044 αἰτίας
1164 4981 1524 5051 ὲσκήνωνται.
1557 4978 1682 5033 Τῶν

56 5076 160 5148 γὰρ
200 5078 480 5150 μάλιστα
507 5074 849 5146 δυνηθέντων
881 5073 1080 5140 είπεϊν,
1110 5072 1209 5127 καὶ
1235 5071 1502 5143 μεγίστην
1521 5070 1681 5135 δόξαν

52 5164 144 5220 ἐπὶ
205 5169 513 5241 φρονήσει
570 5165 870 5231 λαϐόντων,
934 5163 1113 5228 οὐδείς
1182 5165 1356 5230 ἐστιν,
1412 5162 1472 5227 ὃς
1532 5160 1681 5216 τοῦτ’

118 5344 166 5376 ³⁸
200 5345 410 5401 Exod.
459 5359 559 5410 xx,
587 5342 672 5400 12.

1778 2067 2147 2136 maximasque
2176 2064 2353 2120 laudis
2400 2064 2520 2120 loco
2566 2056 2900 2128 habiturum,
2950 2061 2999 2117 si
3041 2078 3107 2119 ea
3138 2065 3206 2120 de
3233 2065 3357 2134 qui-

1778 2157 1882 2213 bus
1915 2172 2088 2227 nuper
2110 2156 2325 2226 scripsi,
2351 2155 2725 2225 persuadendo
2743 2158 3005 2226 perlicere
3032 2155 3354 2227 potuissem.
3430 2154 3434 2158 Α

1776 2247 2051 2304 Hactenus
2106 2261 2237 2304 sane
2279 2246 2450 2317 culpa)
2497 2245 2683 2304 amnes
2738 2249 3132 2312 existimarem,
3183 2245 3231 2301 si
3260 2245 3353 2317 qui

1777 2337 1979 2408 Optima
2012 2337 2295 2393 audientes
2337 2334 2565 2405 monita,
2597 2352 2702 2393 non
2739 2338 3063 2394 adhiberent
3094 2337 3356 2404 animum,

1777 2442 1844 2484 ac
1875 2429 2198 2500 semetipsos
2243 2427 2387 2484 ultro
2415 2442 2502 2494 ea,
2530 2442 2652 2499 quae
2693 2443 2761 2485 ex
2804 2428 3065 2498 ejusmodi
3097 2428 3359 2485 orationi-

1776 2524 1880 2578 bus
1934 2521 2242 2577 redundare
2288 2528 2529 2590 poterat,
2578 2521 2815 2578 utilitate
2875 2522 3175 2592 privarent.
3246 2521 3357 2577 Sed

1777 2614 2065 2684 sperabam
2125 2612 2445 2683 simpliciter
2499 2627 2946 2683 unumquemque
3004 2613 3089 2669 vel
3137 2614 3195 2668 in
3260 2627 3358 2669 eos

1779 2705 2168 2760 translaturum
2199 2704 2695 2775 reprehensionem,
2710 2705 2801 2776 qui
2826 2705 2989 2761 rectis
3006 2706 3225 2762 monitis
3248 2722 3354 2760 non

1777 2795 2269 2863 obtemperassent,
2308 2795 2393 2850 vel
2434 2810 2609 2866 neque
2655 2795 2783 2864 illis,
2826 2810 3006 2868 neque
3030 2797 3162 2853 mihi
3194 2796 3356 2852 ullam

1778 2889 2111 2959 ingesturum
2160 2888 2615 2960 obiurgationem.
2681 2888 2819 2957 Quia
2888 2904 3018 2947 vero
3071 2903 3137 2946 eo
3176 2905 3351 2960 usque
3452 2942 3457 2948 .

1776 2977 2046 3049 procedis,
2070 2987 2128 3032 ut
2150 2992 2236 3032 me
2260 2977 2555 3047 vituperes,
2581 2985 2662 3043 tu,
2698 2978 2943 3046 inquam,
2966 2978 3060 3049 qui
3083 2978 3222 3034 nihil
3243 2980 3344 3034 ha-

1778 3070 1873 3125 bes
1894 3070 2094 3134 dicere,
2135 3069 2228 3124 sed
2260 3069 2441 3123 omnia
2488 3082 2703 3139 quoque
2748 3078 3007 3138 tanquam
3037 3070 3216 3126 divina
3252 3085 3354 3125 ex-

1789 3160 1966 3227 tollis,
2006 3175 2069 3214 ac
2101 3173 2265 3213 unum
2313 3158 2577 3213 duntaxat
2610 3166 2664 3214 te
2700 3157 2901 3213 habere
2945 3158 3079 3212 satis
3135 3158 3351 3213 nrmutn

1782 3252 2090 3316 arbitraris,
2119 3264 2314 3319 nempe
2348 3249 2492 3320 quod
2518 3263 2624 3305 non
2667 3248 2935 3319 potuerim
2967 3249 3297 3318 persuadere
3331 3291 3346 3303 .

1780 3344 2076 3399 necessitas
2098 3341 2359 3414 postulat,
2384 3350 2446 3397 ut
2467 3339 2563 3396 tibi
2582 3345 2680 3396 hac
2697 3340 2766 3396 de
2788 3356 2847 3396 re
2864 3340 3097 3397 scribam
3122 3341 3355 3404 litteras.

1780 3450 1957 3507 neque
2001 3436 2357 3500 committam,
2413 3444 2471 3489 ut
2520 3433 2738 3489 silentio
2792 3432 3009 3503 culpam
3060 3434 3350 3505 agnovisse

1780 3527 1985 3582 videar.
2038 3526 2344 3580 Absurdum
2382 3525 2528 3579 enim
2577 3521 2766 3589 fuerit,
2814 3533 2875 3579 ut
2914 3532 2971 3579 tu
3020 3525 3237 3595 quidem
3282 3540 3348 3581 ea

1781 3633 1900 3687 quae
1944 3631 2047 3670 non
2084 3616 2240 3672 decet
2317 3617 2562 3673 scribere
2610 3618 2797 3685 ausls;
2852 3632 2954 3690 ego
3003 3629 3183 3676 autem
3211 3620 3358 3690 iusta

1781 3706 2083 3762 rescribere
2104 3721 2210 3761 non
2240 3706 2436 3763 ausim.
2469 3706 2604 3762 Nam
2627 3708 2675 3764 si
2703 3709 2919 3780 quidem
2941 3710 3181 3767 dixisses
3236 3721 3329 3767 tan

1785 3808 1920 3864 tum,
1954 3806 2061 3853 non
2089 3798 2257 3854 etiam
2302 3799 2614 3870 scripsisses
2637 3800 2787 3866 talia,
2822 3800 3151 3871 quievissem
3197 3817 3351 3861 sane.

1781 3890 2047 3958 Quoniam
2081 3900 2261 3945 autem
2287 3889 2606 3961 signiﬁcasti
2636 3903 2725 3957 ea,
2777 3903 2900 3960 quae
2946 3907 3122 3963 neque
3145 3908 3246 3962 ego
3268 3909 3356 3949 re-

1781 3982 1936 4048 ticui,
1967 3991 2025 4037 et
2048 3989 2193 4038 tuam
2227 3981 2576 4052 sapientiam,
2631 3996 2753 4053 qua:
2809 3982 2917 4038 sibi
2970 3984 3184 4040 videtur
3225 4000 3356 4041 vera

1781 4071 2010 4127 crimina
2081 4069 2388 4140 obiecisse,
2457 4079 2736 4139 superant.
2796 4070 2942 4127 Nihil
2972 4073 3157 4144 itaque
3197 4074 3356 4131 velim

1781 4160 1978 4216 acerbe
2007 4175 2187 4229 neque
2232 4160 2586 4231 contemptim
2626 4162 2963 4232 argumentis
3008 4162 3359 4235 interponere

1783 4255 1910 4326 (non
1931 4252 2076 4309 enim
2107 4267 2172 4309 ea
2199 4267 2362 4309 causa
2385 4252 2601 4319 adsum,
2639 4263 2701 4309 ut
2730 4253 2853 4310 aliis
2878 4253 3222 4323 maledicam,
3255 4258 3351 4313 sed

1781 4354 1841 4400 ut
1866 4343 2171 4407 ostendam,
2198 4346 2287 4399 me
2320 4344 2409 4399 hic
2450 4343 2582 4399 nihil
2627 4344 2925 4413 peccasse).
2963 4343 3022 4400 Si
3059 4346 3191 4417 quid
3226 4362 3362 4403 vero

1782 4436 1901 4506 ipsa
1950 4449 2038 4490 me
2090 4444 2252 4505 cogat
2291 4435 2474 4490 dicere
2527 4436 2848 4502 necessitas,
2902 4435 3022 4505 ejus
3064 4437 3143 4492 rei
3191 4452 3356 4492 causa

1782 4533 1992 4580 natura:
2050 4523 2417 4594 negotiorum,
2468 4537 2579 4578 non
2631 4531 2813 4579 autem
2865 4537 3001 4579 mea
3054 4521 3353 4579 scribentis

1783 4612 2047 4669 voluntati
2080 4612 2399 4682 imputanda
2420 4620 2524 4669 est.
2558 4611 2762 4667 Ducam
2791 4626 2924 4669 vero
2953 4612 3084 4669 hinc
3108 4612 3355 4678 initium,

1784 4705 1853 4761 de
1884 4718 1994 4775 quo
2038 4704 2153 4774 ipse
2178 4703 2468 4774 scripsisti.
2501 4703 2560 4759 Si
2608 4703 2697 4760 vel
2743 4704 3001 4771 maxime,
3050 4719 3177 4761 cum
3216 4718 3363 4775 ειεῃο

1782 4795 2119 4866 scripserim,
2146 4808 2249 4866 pro
2272 4810 2340 4851 eo
2372 4809 2436 4851 ac
2458 4795 2684 4851 decebat
2712 4796 2796 4867 (ut
2823 4804 2971 4852 certe
3014 4795 3261 4867 decebat)
3292 4797 3360 4851 ad

1783 4886 2079 4944 Eusebium
2108 4894 2164 4941 et
2189 4884 2511 4942 Martianum
2546 4895 2603 4942 et
2630 4885 2909 4943 Zosimum
2958 4895 3015 4944 et
3052 4886 3353 4953 Maronem,

1785 4980 2032 5035 hortatus
2057 4993 2177 5045 eos,
2202 4988 2265 5034 ut
2312 4993 2345 5033 a
2370 4978 2518 5034 vitiis
2542 4978 2760 5049 quidem
2795 4989 2852 5035 et
2885 4980 3233 5049 improbitate
3259 4980 3358 5036 de-

1784 5072 2066 5138 sisterent,
2091 5070 2160 5127 ad
2191 5070 2360 5127 vitam
2392 5086 2522 5127 vero
2544 5072 2845 5128 secundum
2876 5072 3132 5129 virtutem
3154 5072 3359 5143 degen-

1785 5160 1909 5217 dam
1937 5160 2176 5217 studium
2198 5173 2364 5217 omne
2390 5174 2550 5218 suum
2574 5160 2890 5218 conferrent
2934 5162 2986 5218 id
3016 5171 3197 5219 tamen
3221 5163 3357 5233 ipsis

1229 5492 1463 5552 VARIE
1501 5492 1885 5550 LECTIONES
1915 5493 2007 5551 ET
2043 5494 2279 5552 ΝΟΤᾸΞ.

109 5663 233 5732 (5D)
275 5661 403 5716 Pro
464 5658 575 5732 Itis,
606 5657 750 5728 φίλε,
781 5656 1070 5732 ἐγενόμην..
1099 5654 1214 5732 haec
1253 5657 1378 5732 _c_ocl.
1422 5656 1537 5712 Vat.
1574 5655 1680 5711 650

35 5723 372 5793 substituit,
412 5723 683 5796 φιλαίτίε,
716 5723 978 5795 γενοίμην
1006 5723 1067 5777 οὐ
1103 5726 1230 5795 μήν.
1253 5723 1465 5780 Possm.

108 5806 231 5869 (3|)
280 5803 463 5855 Inter
494 5798 745 5850 τοσοῦτον
778 5808 834 5850 et
872 5796 1136 5867 προήκεις
1184 5796 1324 5849 idem
1362 5796 1555 5850 inserit
1585 5814 1677 5849 σο-

30 5873 642 6017 ᾳῗζξέἶῗίέμφεσθαι
696 5934 886 5990 scribit
935 5933 1076 5990 idem
1126 5948 1224 6003 pro
1255 5933 1590 6011 μέμψασθαι,
1626 5947 1681 5992 et

1778 5658 2232 5732 ιηοξέόρυλόμην
2273 5674 2371 5732 pro
2405 5659 2719 5732 βουλοίμην.
2752 5660 2828 5716 In.

1806 5725 1963 5814 φ(33)
1992 5725 2138 5814 Post
2163 5725 2365 5814 κακίας
2405 5725 2519 5813 ’μὲν
2559 5725 2679 5814 qua}
2722 5741 3024 5814 sequuntur
3055 5735 3353 5814 lisquehad

1778 5798 1898 5851 εἶτα
1924 5798 2069 5851 τοῦτ’
2107 5798 2431 5863 θκεΙιιδίνιεξ
2466 5803 2545 5855 sic
2579 5798 2727 5856 'halle
2768 5798 2832 5856 ei
2880 5806 3000 5859 coci.
3055 5798 3180 5860 νηιζ
3229 5803 3356 5859 650.

1778 5870 2160 5941 ἁποφοιτῆσαι,
2185 5871 2386 5942 ἀρετῆς
2413 5872 2890 5929 δὲ’ἀντιλαδὲσθαι.
2923 5874 2998 5929 In.
