3906 6416
554 561 690 630 .1295

1739 558 1795 616 S.
1836 556 2128 616 ISIDORI
2166 556 2604 617 PELUSIOTzE

3674 556 3775 623 1996

555 699 661 737 non
702 676 966 751 persuasi,
1000 675 1173 730 utrius
1196 672 1365 741 partis
1400 671 1515 725 hmc
1567 680 1648 726 est
1683 673 1884 743 culpa?
1912 672 2126 727 Videris

2241 672 2512 742 ἐξέφυγεν,
2569 673 2630 725 ού
2685 674 2837 744 παρὰ
2889 674 2989 743 τὴν
3045 673 3254 726 οίκείαν
3310 673 3619 738 ἀσθένειαν,
3670 676 3775 732 ἀλλὰ

554 779 734 827 autem
773 769 904 822 mihi
936 769 1101 821 verbo
1134 766 1350 834 quidem
1400 762 1454 817 in
1504 777 1588 815 me
1615 761 1827 832 culpam
1859 762 2123 831 rejicere;

555 864 729 931 reipsa
787 875 914 914 vero
971 858 1093 912 illos
1168 858 1476 910 traducere.
1538 854 1641 921 Qui
1696 855 1979 923 praesidem
2017 870 2123 909 non

551 952 840 1014 auscultat,
872 952 1071 1004 chorus
1097 949 1452 1003 inconcinnus
1498 958 1614 1012 est;
1657 947 1748 1015 qui
1782 945 1991 1001 medico
2018 961 2125 999 non

552 1046 911 1114 obtemperat,
946 1044 1110 1096 miser
1146 1050 1230 1094 est
1267 1058 1281 1095 :
1326 1051 1382 1093 at
1412 1054 1614 1109 prmses
1638 1040 1790 1093 chori
1831 1038 2045 1101 musici,
2074 1048 2129 1091 et

552 1135 811 1198 medicus,
871 1142 1026 1187 extra
1085 1131 1297 1199 culpam
1341 1139 1447 1183 est.
1485 1128 1619 1182 Nam
1658 1137 1713 1183 et
1748 1127 1981 1194 illorum,
2038 1128 2126 1196 qui

551 1227 839 1295 plurimum
895 1225 1119 1278 dicendo
1165 1223 1479 1285 valuerunt,
1542 1220 1947 1289 maximamque
1997 1233 2128 1287 pru-

552 1318 744 1373 dentiae
773 1317 1078 1385 Opinionem
1108 1324 1161 1368 et
1216 1314 1441 1381 gloriam
1496 1312 1726 1367 assecuti
1773 1321 1918 1374 sunt,
1958 1325 2120 1363 nemo

550 1418 653 1473 est,
689 1408 779 1476 qui
834 1409 934 1461 hoc
981 1405 1219 1477 effugere
1264 1404 1502 1475 potuerit
1548 1405 1758 1459 crimen
1794 1402 1865 1473 (si
1917 1401 2127 1455 crimen

554 1499 933 1571 appellandum
965 1500 1094 1564 est),
1132 1497 1296 1565 idque
1332 1510 1437 1549 non
1478 1494 1550 1551 ob
1599 1509 1751 1550 suam
1784 1492 2130 1548 imbecillita-

554 1602 741 1657 tatem,
799 1590 894 1645 sed
930 1589 1073 1652 ideo,
1132 1588 1258 1656 quia
1316 1588 1590 1641 auditores
1626 1586 1680 1639 in
1716 1600 1809 1639 sua
1862 1592 2130 1654 potestate

552 1685 753 1741 habent
799 1683 958 1737 tinem
993 1680 1106 1750 (qui
1153 1688 1235 1733 est
1291 1676 1621 1746 persuasio),
1660 1686 1880 1745 propter
1912 1676 2132 1729 liberta-

556 1788 659 1830 tem
684 1774 918 1829 arbitrii.
943 1772 1115 1839 Quam
1150 1769 1315 1823 etiam
1341 1769 1409 1822 ob
1439 1783 1658 1823 causam
1695 1768 1848 1821 ﬁrma
1878 1766 2129 1821 consistit

550 1866 738 1937 iudicii
779 1865 937 1920 ratio.
967 1859 1326 1933 531-532
1374 1860 1441 1913 Et
1469 1860 1597 1927 quid
1651 1859 1847 1912 attinet
1886 1858 2132 1913 homines

554 1970 1003 2021 commemorare,
1027 1969 1149 2009 cum
1177 1954 1230 2006 in
1250 1961 1503 2023 promptu
1526 1951 1681 2004 sitab
1704 1950 1819 2019 ipso
1852 1948 2131 2004 Salvatorc

555 2051 921 2119 exemplorum
980 2060 1175 2116 capere
1240 2043 1639 2113 primordium?
1699 2042 1925 2109 Quando
1985 2043 2129 2096 enim
2166 2032 2207 2086 Β

553 2142 721 2198 ιιιόωί
780 2152 836 2196 et
879 2144 1071 2195 horum
1121 2136 1459 2207 cognominis
1525 2133 1727 2199 Jndas,
1786 2135 1859 2187 illi
1914 2135 2130 2203 quidem

558 2232 797 2288 inﬁdeles
852 2229 1162 2293 manebant,
1204 2236 1259 2281 et
1314 2227 1591 2280 Christum
1639 2240 1671 2279 e
1719 2226 1894 2278 medio
1946 2224 2132 2279 tollere

558 2324 909 2387 conabantur,
939 2321 1042 2376 iste
1065 2334 1196 2374 vero
1241 2319 1491 2374 eumdem
1547 2317 1779 2386 prodere
1822 2317 2129 2381 nitebatur,

558 2426 686 2469 tunc
717 2413 907 2470 aeterni
943 2412 1117 2467 Patris
1154 2410 1386 2465 Verbum
1412 2408 1611 2463 talibus
1648 2409 1831 2463 verbis
1866 2410 2127 2463 utebatur

557 2504 796 2575 (tametsi
846 2502 985 2571 apud
1021 2501 1272 2556 homines
1323 2514 1384 2555 ea
1428 2499 1565 2553 nihil
1622 2498 1965 2568 proﬁcerent,
2013 2514 2133 2569 qua:

556 2595 792 2667 lapidum
840 2608 1055 2664 quonue
1095 2600 1347 2645 naturam
1378 2589 1653 2645 inﬂectere
1682 2606 1840 2659 posse
1873 2591 2133 2646 videban-

559 2700 645 2742 tur
665 2689 709 2758 ),
743 2701 886 2741 nunc
912 2668 1128 2755 quidem
1154 2683 1380 2751 justitiae
1404 2682 1705 2737 rationibus
1741 2697 1837 2737 eos
1871 2698 2133 2739 revocans

555 2798 585 2835 a
618 2780 886 2842 facinore,
928 2791 1071 2832 nunc
1108 2791 1239 2831 vero
1280 2773 1668 2845 suppliciorum
1703 2774 2130 2829 comminatione

556 2868 791 2935 ipsorum
817 2866 1077 2921 malitiam
1105 2869 1425 2936 reprimens.
1444 2865 1584 2933 Quid
1602 2865 1766 2935 igitur
1784 2865 1808 2917 Ἰ
1828 2862 1967 2917 Num
2003 2866 2133 2934 ipsis

557 2956 1019 3027 persuasit?Nihil
1039 2958 1237 3013 minus.
1283 2956 1669 3023 Curita?Quia
1693 2965 1752 3010 ut
1776 2956 2133 3025 persuadean-

558 3059 647 3105 tur
672 3050 967 3118 auditores,
998 3058 1052 3104 et
1080 3050 1132 3104 in
1164 3051 1488 3106 sententiam
1520 3050 1753 3119 aliquam
1772 3049 2135 3117 perducantur

561 3140 809 3205 dicendo,
842 3141 927 3196 vel
958 3157 1099 3208 non,
1127 3142 1369 3211 ipsorum
1403 3142 1457 3196 in
1496 3151 1765 3212 potestate
1809 3143 1973 3196 situm
2014 3155 2136 3196 esse

559 3241 790 3301 oportet,
819 3235 888 3287 ob
905 3247 1046 3299 eam,
1071 3248 1232 3303 quam
1258 3233 1391 3301 dixi,
1411 3233 1623 3288 arbitrii
1642 3232 1968 3287 libertatem.
1995 3230 2133 3285 Num

564 3334 617 3377 tu
650 3324 834 3394 igitur,
859 3324 901 3379 si
931 3338 995 3378 eo
1019 3334 1260 3393 tempore
1283 3325 1533 3390 vixisses,
1553 3324 1847 3379 acessisses
1872 3325 1937 3376 ad
1967 3322 2132 3376 Deum

561 3417 816 3483 Verbum,
865 3424 921 3470 et
977 3415 1191 3485 culpam
1253 3417 1305 3469 in
1362 3416 1536 3485 ipsum
1589 3413 2135 3485 cortjecisses?(talia

560 3506 805 3574 quaedam
839 3506 1001 3560 verba
1045 3506 1112 3558 ad
1151 3521 1273 3560 eum
1315 3505 1597 3575 proferens
1622 3506 1685 3575 :)
1735 3504 1852 3559 Non
1906 3506 2135 3560 servasti

560 3597 777 3650 Judam.
807 3596 1127 3665 Quanquam
1161 3598 1387 3652 dicendo
1435 3613 1542 3652 non
1592 3598 1828 3652 servavit
1857 3613 2002 3653 eum.
2030 3596 2136 3650 Sed

563 3702 681 3741 mea
713 3689 929 3757 quidem
973 3688 1226 3758 opinione
1275 3703 1465 3743 omnes
1514 3697 1566 3744 te
1608 3690 1844 3743 habituri
1907 3688 2138 3742 fuissent

563 3796 660 3847 pro
685 3779 957 3843 demente,
1010 3790 1066 3835 et
1112 3780 1421 3835 accusaturi
1454 3791 1504 3833 te
1548 3788 1811 3834 extremae
1857 3779 2139 3848 imperitia:

564 3882 725 3939 atque
771 3872 1039 3942 importun
1066 3872 1215 3926 tatis.
1280 3871 1416 3926 Nam
1471 3873 1539 3927 ad
1625 3871 1864 3926 doctoris
1921 3869 2137 3940 quidem

564 3962 797 4018 oﬂicium
832 3965 1089 4031 pertinet,
1132 3964 1266 4018 nihil
1300 3979 1486 4019 eorum
1523 3980 1645 4034 quae
1691 3964 1757 4018 ad
1802 3964 2137 4031 persuaden-

564 4056 694 4109 dum
752 4053 933 4109 facere
975 4064 1221 4122 possunt,
1262 4058 1723 4126 praetermittere;
1772 4069 1938 4125 penes
1986 4054 2141 4109 audi—

567 4158 711 4203 tores
761 4162 888 4202 vero
929 4157 1017 4204 est
1069 4148 1155 4203 vel
1192 4143 1551 4218 persuaderi,
1590 4147 1675 4203 vel
1724 4164 1853 4203 non.
1902 4147 1985 4202 Ab
2038 4149 2141 4202 hoc

566 4240 729 4309 igitur
778 4239 1026 4309 exemplo
1077 4254 1313 4308 praesens
1354 4253 1570 4307 quoque
1600 4238 1733 4293 nihil
1764 4240 2055 4308 discrepat,
2093 4240 2139 4294 si

567 4330 695 4382 mihi
730 4328 1025 4399 imputetur
1054 4329 1170 4397 ejus
1194 4330 1269 4384 rei
1299 4330 1450 4400 culpa
1476 4347 1491 4393 ;
1520 4330 1660 4397 quod
1689 4344 1805 4397 qua:
1833 4329 2000 4395 volui,
2030 4344 2139 4383 non

567 4421 947 4485 persuaserim.
1005 4419 1159 4486 Quod
1197 4422 1241 4475 si
1292 4420 1465 4475 Graeci
1510 4431 1604 4474 aut
1647 4418 1815 4475 Judaai
1846 4429 2143 4475 occurrant

566 4512 706 4565 forte
736 4511 888 4567 nobis
917 4512 1151 4583 (oportet
1193 4512 1341 4566 enim
1391 4511 1665 4567 sexcentis
1710 4511 1881 4566 oculis
1925 4525 1989 4565 ea
2023 4524 2143 4579 quae

569 4618 623 4655 tn
691 4603 1023 4661 contrarium
1088 4602 1269 4658 alIerri
1332 4612 1603 4671 possunt,
1676 4604 2140 4673 circumspicere,

2237 763 2391 832 παρά
2437 765 2497 815 τὸ
2547 765 2673 827 τοὺς
2706 764 2983 835 ἀκροατὰς
3041 766 3266 835 κυρίους
3308 760 3449 817 εἶναι
3482 764 3575 816 τοῦ
3604 765 3776 829 τέλους,

2228 853 2316 907 διὰ
2343 855 2433 907 τὸν
2458 857 2557 925 τῆς
2586 856 2688 908 αὐτ
2701 856 3074 927 εξουσιότητος
3102 857 3249 927 ὅρον.
3284 857 3375 908 Διὸ
3403 856 3515 926 (5.4)
3548 858 3636 908 καὶ
3662 860 3777 927 ὁτῆς

2234 946 2472 1017 κρίσεως
2528 947 2745 1015 βέϐαιος
2800 949 3035 1017 ὑπάρχει
3073 946 3250 1015 λόγος.
3312 948 3424 999 Καὶ
3467 947 3519 998 τί
3559 949 3639 999 δεῖ
3677 952 3779 1011 τοὺς

2229 1037 2551 1105 ἀνθρώπους
2571 1038 2772 1107 λέγειν,
2799 1039 2918 1105 ἐξὸν
2948 1039 3008 1102 ἐξ
3029 1025 3193 1091 αὐτού
3222 1039 3317 1091 τοῦ
3349 1025 3599 1107 Σωτῆρος
3624 1040 3781 1090 λαϐεῖν

2228 1128 2336 1183 τῶν
2361 1130 2823 1200 παραδειγμάτων
2854 1132 2953 1202 τὴν
2996 1132 3211 1201 ἀρχήν;
3251 1131 3380 1183 Ὅτε
3412 1131 3519 1200 γὰρ
3569 1132 3784 1183 Ἰουδαῖοι

2229 1222 2325 1273 καὶ
2371 1224 2399 1274 6
2431 1222 2635 1275 τούτων
2677 1222 2987 1293 ἐπώνυμος,
3031 1224 3082 1274 οί
3136 1222 3235 1292 μὲν
3272 1222 3558 1291 ἠπίστουν,
3594 1224 3677 1275 καὶ
3706 1226 3788 1274 ἀν-

2230 1313 2370 1367 ελεῖν
2398 1314 2736 1383 ἐπεχείρουν,
2769 1316 2796 1367 6
2837 1315 2893 1367 δὲ
2925 1313 3233 1384 προδιδόναι
3253 1315 3533 1385 ἐπειρᾶτο,
3554 1313 3786 1375 τοιούτοις

2241 1405 2420 1472 λόγοις
2450 1407 2717 1476 ἐχρήσατο
2746 1407 2773 1458 6
2795 1406 2965 1474 Λόγος
2989 1407 3016 1437 ·“
3032 1406 3234 1476 καίπερ
3272 1407 3332 1459 οὐ
3365 1409 3477 1469 τοῖς
3506 1406 3785 1475 ἀνθρώποις

2229 1498 2257 1549 6
2286 1496 2443 1564 λόγος
2468 1496 2603 1567 (55),
2655 1496 2705 1548 οἳ
2736 1497 2832 1550 καὶ
2873 1498 2973 1567 τὴν
3016 1497 3125 1550 τῶν
3184 1496 3351 1551 λίθων
3385 1497 3548 1565 φύσιν
3579 1497 3784 1559 εἰκότως

2230 1588 2523 1641 δεινότατοι
2588 1584 2731 1658 ἦσαν
2786 1589 3096 1658 ἐπικάμψαι
3130 1604 3145 1618 ’
3226 1586 3357 1640 ποτὲ
3410 1587 3511 1657 μὲν
3559 1589 3661 1649 τοῖς
3701 1586 3787 1637 τοῦ

2230 1682 2440 1735 δικαίου
2474 1681 2758 1751 λογισμοῖς
2796 1681 3067 1749 ἀνείργων
3094 1699 3109 1712 υ
3161 1682 3292 1734 ποτὲ
3323 1681 3379 1732 δὲ
3412 1683 3479 1750 τῇ
3507 1679 3609 1731 τῶν
3630 1696 3787 1747 τιμω-

2235 1770 2369 1839 ριῶν
2419 1767 2617 1838 ἀπειλῇ
2646 1770 2987 1823 ἀναστέλλων
3008 1770 3190 1824 αὐτῶν
3228 1773 3325 1841 τὴν
3356 1772 3567 1824 κακίαν.
3596 1770 3657 1821 Τί
3680 1768 3784 1832 οὖν;

2236 1860 2525 1925 Ἔπεισεν;
2564 1859 2851 1931 Οὐδαμῶς.
2882 1862 2980 1915 Διὰ
3002 1862 3095 1928 τί;
3138 1862 3357 1931 Ἐπειδὴ
3396 1862 3491 1913 τοῦ
3524 1860 3784 1929 πεισθῆναι

2232 1953 2329 2004 καὶ
2354 1952 2453 2021 μὴ,
2480 1954 2607 2016 τοὺς
2647 1954 2945 2017 ἀκούοντας
2988 1954 3214 2024 κυρίους
3254 1949 3396 2007 εἶναι
3456 1954 3559 2024 χρὴ
3599 1954 3683 2007 διὰ
3713 1956 3786 2006 τὸν

2232 2043 2333 2113 τῆς
2385 2042 2889 2115 αὐτεξουσιότητος,
2949 2045 3025 2108 ὡς
3074 2046 3233 2115 ἔφην,
3278 2046 3425 2115 ὅρον.
3462 2036 3585 2115 τΑρ³
3619 2041 3788 2104 οὗν,εἰ

2232 2135 2352 2189 κατ’
2388 2137 2597 2190 ἐκεῖνον
2630 2136 2908 2205 ὲγεγόνεις
2940 2137 3030 2190 τὸν
3062 2139 3275 2208 χρόνον,
3309 2138 3614 2208 προσῆλθες
3639 2139 3700 2189 ἂν
3725 2135 3789 2205 τῷ

2231 2225 2351 2296 Θεῷ
2375 2228 2558 2297 Λόγῳ,
2590 2230 2685 2282 καὶ
2709 2230 3055 2299 κατῃτιάσω;
3082 2231 3199 2283 Οὐκ
3228 2230 3440 2291 ἔσωσας
3460 2231 3549 2282 τὸν
3589 2231 3788 2282 Ἰούδαν.

2232 2320 2425 2373 Καίτοι
2452 2320 2629 2389 λέγων
2660 2322 2762 2374 οὐκ
2792 2321 2996 2375 ἔσωσεν
3025 2338 3039 2351 ⁸
3088 2322 3202 2375 ἀλλ’
3232 2318 3390 2391 οἶμαι
3438 2322 3638 2383 πάντας
3660 2322 3720 2374 ἄν
3740 2337 3787 2372 σε

2234 2412 2624 2483 παραπληξίας
2653 2413 2749 2467 καὶ
2780 2414 2878 2482 τῆς
2916 2413 3152 2483 ἐσχάτης
3184 2413 3509 2482 γράψασθαι
3555 2412 3789 2465 ἀπαιδευ-

2236 2503 2514 2573 σίας..Τοῦ
2542 2504 2643 2573 μὲν
2674 2504 2782 2575 γὰρ
2812 2504 3157 2567 διδάσκοντός
3191 2507 3333 2569 ἐστι,
3355 2505 3419 2557 τὸ
3450 2504 3612 2574 μηδὲν
3644 2520 3790 2572 παρα-

2233 2594 2415 2664 λεῖψαι
2454 2594 2564 2648 τῶν
2618 2596 2894 2665 φερόντων
2938 2598 3018 2658 εἰς
3070 2596 3277 2649 πειθώ·
3310 2596 3420 2648 τῶν
3447 2596 3491 2647 δ’
3533 2594 3791 2665 ἀκροωμέι

2234 2706 2363 2751 νων,
2418 2687 2480 2740 τὸ
2529 2687 2843 2757 πεισθῆναι,
2905 2688 3001 2740 καὶ
3064 2688 3159 2756 μή.
3199 2686 3403 2739 Τούτου
3444 2685 3617 2738 τοίνυν
3658 2684 3791 2736 οὐδὲν

2234 2777 2482 2846 διαφέρει
2514 2776 2611 2829 καὶ
2657 2776 2717 2828 τὸ
2745 2776 2939 2844 παρὸν,
2983 2777 3031 2827 εἰ
3076 2775 3175 2846 τὴν
3203 2776 3383 2828 αἰτίαν
3425 2775 3535 2826 τῶν
3576 2774 3646 2843 μὴ
3688 2789 3790 2825 πει-

2238 2867 2471 2921 σθέντων
2514 2867 2543 2919 6
2576 2867 2652 2938 μὴ
2677 2866 2956 2930 πεπεικὼς
3008 2867 3251 2936 οἴσομαι.
3300 2867 3364 2919 Εἰ
3410 2866 3455 2918 δ’
3499 2862 3792 2934 Ἕλληνεςῆ

2247 2960 2492 3013 Ἰουδαῖοι
2550 2960 2686 3029 πρὸς
2719 2958 2877 3012 τοῦτο
2910 2960 3216 3011 ἀντείποιεν
3236 2975 3250 2991 ο
3283 2958 3390 3029 χρὴ
3443 2958 3553 3027 γὰρ
3604 2955 3792 3027 μυρίοις

2234 3050 2534 3121 ὀφθαλμοῖς
2588 3050 2688 3113 τὰς
2749 3050 3054 3113 ἀντιθέσεις
3121 3052 3504 3120 περισκοπεῖν,
3559 3051 3648 3103 καὶ
3694 3048 3796 3116 (56)

2236 3142 2441 3205 ταύτας
2497 3142 2872 3213 ἀνατρέπεινο
2922 3142 3060 3211 πρὸς
3109 3141 3209 3211 μὲν
3258 3142 3503 3205 ἐκείνους
3552 3144 3793 3212 φήσομεν·

2237 3235 2317 3286 Δι’
2343 3236 2407 3305 ἢν
2438 3234 2617 3287 αἰτίαν
2649 3234 2678 3284 6
2711 3233 2867 3297 Ζεὺς,
2899 3231 2975 3296 ὥς
3011 3250 3174 3303 φησιν
3215 3234 3485 3304 Ὄμηρος,
3516 3235 3615 3287 οὐκ
3640 3232 3800 3285 ἔσωσε

2238 3325 2345 3379 τῶν
2378 3325 2642 3379 κινδύνων
2673 3324 2950 3393 φίλτατον,
2983 3325 3124 3377 ἀλλά
3169 3325 3561 3378 συνεϐούλευσε
3617 3325 3797 3395 μόνως

2194 3409 2206 3427 ⁸
2241 3417 2384 3487 Πρὸς
2408 3418 2467 3470 δὲ
2499 3416 2743 3481 τούτους,
2768 3416 2867 3469 Διά
2898 3417 2951 3469 τί
3004 3420 3062 3470 ἐν
3091 3420 3157 3487 τῇ
3206 3419 3421 3489 Παλαιᾷ
3451 3420 3539 3472 διὰ
3577 3418 3804 3478 Μωσέως

2240 3511 2333 3562 καὶ
2381 3508 2490 3561 τῶν
2544 3509 2719 3561 ἄλλων
2768 3508 3066 3579 προφητῶν
3109 3510 3352 3580 λαλήσας
3408 3513 3437 3563 6
3491 3510 3637 3573 Θεὸς,
3711 3508 3803 3559 ούιι

2239 3597 2444 3650 ἔσωσεν
2471 3596 2609 3667 ('57),
2643 3595 2780 3648 ἀλλά
2813 3596 3261 3667 παρακουόμενος
3287 3599 3582 3669 τιμωρίαις
3616 3597 3809 3659 αὐτοὺς

2242 3688 2540 3759 μετῆλθεν;
2597 3688 2765 3741 Ὅταν
2795 3687 2907 3757 γὰρ
2935 3705 3019 3752 τις
3061 3688 3218 3759 δίκην
3250 3690 3349 3759 δῷ,
3396 3690 3531 3761 ὁμοῦ
3557 3708 3613 3742 τε
3655 3691 3811 3742 κεκό-

2238 3780 2455 3843 λασται,
2481 3779 2576 3831 καὶ
2607 3778 2669 3830 τὸ
2703 3778 2778 3849 μὴ
2818 3778 3112 3832 πεπεῖσθαι
3140 3779 3217 3850 τῷ
3250 3774 3519 3851 νομοθέτῃ
3541 3781 3811 3833 δείκνυσι·

2244 3871 2441 3941 μᾶλλον
2477 3870 2535 3923 δὲ
2582 3869 2744 3932 αὐτὸς
2771 3870 2799 3921 6
2848 3870 3170 3939 νομοθέτης,
3215 3872 3300 3923 ὃτι
3327 3872 3391 3923 οὐ
3419 3872 3581 3943 πείσῃ
3611 3871 3816 3930 πάντας

2242 3961 2513 4031 χρηστοὺς
2546 3955 2707 4025 εἶναι,
2756 3960 3025 4029 προεῖδεν.
3077 3961 3136 4014 '0
3190 3962 3300 4032 γὰρ
3350 3962 3549 4032 ὁρίζων
3578 3964 3819 4031 περιτι-

2245 4054 2480 4125 μωρίας,
2518 4054 2593 4117 ὡς
2624 4054 2685 4106 οὐ
2722 4052 2941 4118 καθέξει
2972 4055 3101 4118 τοὺς
3144 4056 3441 4125 πονηροὺς,
3485 4056 3647 4125 δῆλός
3680 4057 3823 4107 ἐστιν

2242 4145 2421 4208 εἰδώς.
2478 4147 2656 4215 Ὅπερ
2713 4148 2825 4220 γὰρ
2876 4147 2943 4200 ἂν
3002 4148 3081 4209 εἰς
3127 4146 3288 4200 τοῦτο
3340 4149 3823 4218 ἀπολογήσωνται,

2242 4236 2401 4290 τοῦτο
2428 4236 2519 4289 καὶ
2557 4238 2649 4290 ἐπὶ
2691 4238 2786 4291 τοῦ
2836 4238 3006 4292 Ἰούδα
3048 4237 3345 4304 λελέξεται.
3407 4238 3554 4291 Ἔδει
3609 4239 3715 4309 μὲν
3742 4233 3831 4289 οὖν

2244 4325 2476 4379 ἐνταῦθα
2507 4326 2699 4394 στῆναι
2722 4326 2820 4397 τὴν
2847 4328 3123 4391 ἀπόδειξιν
3152 4343 3165 4356 ⁸
3221 4328 3331 4380 πᾶν
3384 4326 3493 4398 γὰρ
3528 4329 3619 4380 ὅτι
3654 4328 3724 4381 ἂν
3745 4328 3831 4380 ἐπὶ

2244 4415 2380 4485 τῷδε
2435 4416 2655 4486 λεχθείη
2697 4416 3072 4487 παράδειγμα,
3118 4416 3262 4469 τοῦδ’
3310 4416 3557 4472 ἔλαττον,
3621 4419 3692 4469 Τί
3734 4418 3836 4485 γὰρ

2246 4506 2578 4577 θαυμαστὸν,
2610 4509 2689 4571 είς
2712 4507 2999 4578 ἄνθρωπον
3020 4508 3214 4575 ἐλθεῖν,
3236 4509 3265 4562 ὃ
3294 4511 3389 4562 καὶ
3415 4510 3589 4564 αὐτοῦ
3612 4510 3707 4562 τοῦ
3731 4509 3835 4577 (38)

2245 4599 2422 4667 Λόγου
2456 4599 2664 4667 ἧψατο;
2698 4599 2762 4652 τὸ
2791 4599 2847 4653 δὲ
2875 4601 2951 4669 μὴ
2977 4600 3151 4653 δοκεῖν
3177 4603 3548 4670 εὐπρόσωπον
3577 4602 3841 4668 τεθηρεν·

566 4707 737 4760 caque
777 4691 1068 4765 evertere),
1102 4695 1171 4749 ad
1222 4693 1343 4748 illos
1392 4695 1609 4763 quidem
1667 4696 1908 4750 dicemus
1941 4693 2134 4762 :Quid.

2246 4689 2399 4742 κέναι
2425 4689 2723 4759 ῥαθυμίαν,
2754 4689 2876 4742 οὐδὲ
2914 4691 3022 4743 τῶν
3063 4690 3373 4761 ἀνθρώπων
3420 4692 3737 4761 ἀιρέξομαι.
3774 4691 3843 4740 Δι’

567 4796 767 4850 quaeso,
799 4799 974 4839 causae
1001 4793 1106 4849 est,
1135 4799 1234 4840 cur
1264 4783 1496 4853 Jupiter,
1527 4794 1585 4839 ut
1621 4785 1895 4840 Homerus
1941 4786 2037 4850 ait,
2072 4800 2141 4841 ex

568 4875 820 4941 periculis
859 4891 965 4930 non
992 4878 1222 4930 servarit
1275 4876 1694 4947 (Sarpedonem)
1731 4877 2136 4943 charissimum,

566 4968 659 5021 sed
713 4965 999 5020 consilium
1060 4967 1109 5020 ei
1160 4974 1367 5021 tantum
1420 4966 1610 5019 dedit?
1657 4966 1739 5020 Ad
1779 4967 1878 5022 hos
1913 4976 2143 5021 autem:

567 5060 704 5126 Quid
733 5073 895 5113 causa
922 5058 1026 5112 fuit
1058 5074 1155 5112 cur
1180 5058 1233 5112 in
1258 5058 1439 5113 Veteri
1458 5056 1806 5113 Testamento
1834 5073 1931 5128 per
1952 5058 2143 5113 Mosen

565 5162 896 5218 caeterosque
919 5149 1210 5219 prophetas
1268 5149 1481 5203 locutus
1521 5149 1684 5214 Deus,
1745 5166 1852 5206 non
1906 5151 2146 5207 servavit

567 5242 832 5302 homines.
878 5241 971 5295 sed
1022 5241 1301 5310 neglectus
1351 5250 1674 5310 spretnsque
1721 5242 2139 5307 contumaciter,

2246 4780 2313 4851 ἢν
2343 4779 2527 4833 αἰτίαν
2585 4781 2767 4834 τοίνυν
2824 4782 3030 4852 Μωσῆς
3074 4782 3431 4836 κατελιθοῦτο
3485 4784 3845 4855 ἱεροφάντης.

2266 4870 2494 4933 Ἡσαΐας
2553 4871 2609 4923 δὲ
2682 4871 2958 4941 ὲπρίζετο,
3021 4874 3050 4925 6
3100 4874 3209 4926 τῶν
3282 4874 3549 4945 Σεραφὶμ
3620 4874 3840 4941 θεωρὸς.

2260 4963 2530 5034 Ἱερεμίας
2570 4963 2629 5016 δὲ
2661 4966 2742 5028 εἰς
2770 4965 2976 5018 λάκκον
3014 4965 3279 5036 βορϐόρου
3308 4969 3717 5034 ξκατεκλείετο,
3764 4968 3845 5017 xa‘:

2247 5054 2457 5126 Πέτρος
2517 5055 2617 5124 μὲν
2667 5058 2943 5127 ἀνῃρεῖτο,
2996 5057 3208 5120 Παῦλος
3238 5058 3295 5110 δὲ
3318 5059 3714 5129 ἀπετέμνετο;
3748 5057 3847 5108 Οὐκ

2245 5147 2439 5216 ἐπειδὴ
2471 5146 2548 5217 μὴ
2581 5148 2781 5210 πάντες
2824 5150 2939 5211 τοῖς
2985 5148 3163 5216 λόγοις
3213 5154 3543 5220 προσεῖχον,
3602 5154 3703 5205 καί
3744 5150 3848 5207 tsi;

2244 5238 2670 5311 παραινέσεσιν;
2698 5241 2761 5293 Ei.
2800 5241 2856 5293 δὲ
2876 5240 2970 5293 διὰ
3000 5242 3060 5295 τὸ
3083 5242 3259 5310 λόγων
3292 5244 3628 5315 ῥητορικῶν
3662 5246 3697 5315 ἧ
3735 5241 3846 5294 συλ-

1675 5415 1911 5472 νΛιῖῐίΕ
1950 5416 2334 5473 LECTIONES
2372 5416 2459 5471 ΕΤ
2491 5416 2724 5474 ΝΟΤΛΕ.

562 5671 602 5727 Ρ
630 5602 745 5671 (54)
776 5600 883 5657 Pro
907 5603 1053 5672 ὅρον,
1096 5602 1198 5667 διὸ,
1246 5600 1386 5656 idem
1455 5601 1640 5656 scribit
1700 5603 1894 5672 τρόπον
1943 5599 2010 5652 δι’
2061 5600 2141 5655 ὅν.

606 5689 768 5726 ossm.

606 5689 912 5811 Οξὲἑῗᾚαιο
945 5742 1130 5806 verba,
1171 5742 1375 5809 καίπερ
1410 5742 1471 5793 οὐ
1504 5744 1617 5804 τοῖς
1651 5740 1961 5808 ἀνθρώποις
1986 5743 2014 5793 ὁ
2052 5740 2147 5794 λό-

562 5828 677 5878 γος,
710 5822 901 5865 cuncta
951 5812 1333 5882 omittuntur_a
1376 5813 1493 5866 cod.
1537 5812 1658 5866 Vat.
1691 5811 1816 5876 650,
1857 5813 1950 5882 qni
1997 5827 2139 5865 vers.

563 5897 677 5949 seq.
709 5883 847 5934 inter
872 5881 1162 5934 δεινότατοι
1188 5891 1242 5934 et
1265 5877 1407 5951 ἦσαν
1454 5882 1640 5935 inserit
1670 5882 1759 5951 δινἶ
1799 5877 1959 5937 uti-ct
1994 5898 2135 5936 vers.

564 5952 794 6019 hostio,
834 5951 951 6014 πῶς
982 5952 1123 6005 inter
1165 5949 1477 6021 κατῂτιάσω
1506 5963 1559 6006 et
1596 5952 1715 6008 οὐκ.
1740 5949 1819 6006 In.

2238 5951 2295 6017 In

2314 5602 2425 5678 ('56)
2454 5600 2603 5657 Inter
2635 5603 2824 5678 xciet
2841 5603 3044 5678 ταύτας
3074 5603 3218 5659 idem
3253 5606 3379 5678 cod.
3412 5606 3474 5662 in
3508 5612 3699 5665 εἰκόσι
3729 5611 3847 5678 1:37:-

2245 5677 2424 5751 σμοῖς,
2456 5684 2691 5751 οιινοςεῌ.
2735 5674 2861 5751 in‘de
2891 5675 2957 5751 3_,
2996 5676 3138 5730 inter
3170 5676 3438 5733 κινδύνων
3511 5692 3577 5736 et
3617 5674 3849 5751 φίλτατον

2242 5742 2452 5806 inserit,
2488 5744 2580 5797 τὸν
2608 5743 2888 5812 Αἴγισθον.
2920 5745 2998 5798 In.

2313 5813 2423 5882 (57)
2452 5812 2559 5869 Pro
2588 5813 2793 5868 ἔσωσεν
2824 5817 2963 5869 idem
2987 5814 3112 5870 cod.
3147 5815 3343 5871 scribit
3368 5817 3612 5877 ἔπεισε.
3656 5823 3848 5879 Possm.

2312 5884 2424 5953 (38)
2472 5883 2619 5940 inter
2650 5884 2745 5937 τοῦ
2792 5896 2847 5942 et
2876 5885 3053 5961 Λόγου
3107 5888 3251 5943 idem
3300 5891 3430 5945 cod.
3491 5898 3666 5963 ponit
3707 5895 3845 5952 Θεοῦ.
