3906 6416
156 386 271 453 1297

1058 386 1586 447 EPISTOLARUM
1638 389 1783 450 LIB.
1829 368 2032 451 1v.'—
2069 390 2305 452 EPIST.
2345 394 2497 455 cev.

3255 393 3387 459 1298

153 500 449 566 λογιστικῶν
478 498 734 568 ἀπείρους
775 492 935 563 εἶναι,
969 497 1135 567 φαίης
1161 498 1336 552 ταῦτα
1358 498 1707 564 πεπονθέναι,

1824 502 1990 569 poenis
2024 518 2117 558 eos
2154 515 2477 571 persecutus
2506 505 2621 558 est?
2658 504 2792 558 Cum
2846 506 2968 575 quis
3016 506 3161 562 enim
3193 522 3382 577 prunas

153 594 220 654 είς
232 591 347 652 τοὺς
376 590 592 657 ἔξωθεν,
623 591 748 653 τοὺς
773 590 868 644 καὶ
891 590 983 643 ἐπὶ
1003 591 1166 661 λόγῳ,
1186 592 1279 643 καὶ
1298 592 1581 662 δεινότητι,
1616 592 1710 643 καὶ

154 680 306 732 πειθοῖ
337 681 598 753 μεγίστην
623 682 784 747 δόξαν
815 682 1140 753 ἐσχηκότας,
1193 681 1486 753 τρέψομαι.
1530 681 1630 734 Διὰ
1656 681 1709 733 τί

154 768 242 837 γὰρ
267 768 505 833 Πλάτων,
550 773 578 823 6
624 770 889 841 Ἐλλήνων
928 772 1221 841 θησαυρὸς,
1283 773 1376 825 καὶ
1412 772 1583 842 αὐτῆς
1607 772 1709 841 τῆς

153 861 435 930 ἐλευθερίας
483 862 778 929 ἐξέπεσεν;
817 866 931 918 Οὐκ
985 866 1174 935 ἐπειδὴ
1211 866 1416 936 μηδένα
1445 865 1709 937 τύραννον

156 953 318 1002 πείσαι
359 951 629 1024 ήδυνήθη;
659 953 985 1025 Πυθαγόρας
1027 956 1106 1018 δὲ,
1143 956 1171 1008 ὁ
1213 954 1371 1025 μέγα
1400 957 1493 1008 ἐπὶ
1542 955 1709 1026 σοφίᾳ

156 1044 423 1111 φρονήσας,
458 1032 559 1114 τῆς
606 1045 905 1117 Φαλάριδος
945 1047 1231 1111 συνουσίας
1275 1047 1363 1101 διὰ
1394 1047 1447 1099 τί
1493 1048 1709 1118 ἀπεπή-

156 1134 328 1201 δησεν;
360 1135 469 1187 Οὐκ
513 1136 701 1208 ἐπειδὴ
725 1137 817 1190 καὶ
853 1137 995 1208 μετὰ
1022 1137 1122 1208 τὴν
1163 1139 1435 1209 τοσαύτην
1461 1137 1713 1191 διδασκα-

155 1224 257 1278 λίαν
297 1229 498 1289 ἐκεῖνος
533 1228 696 1283 πάλιν
740 1228 1006 1299 τύραννος
1031 1225 1132 1299 ἦν;
1171 1230 1269 1283 Διὰ
1300 1230 1353 1283 τί
1386 1230 1443 1283 δὲ
1487 1230 1711 1301 Σωκρά-

156 1333 259 1385 της,
285 1318 311 1368 6
339 1317 556 1370 πάντων
602 1317 713 1371 τῶν
745 1319 867 1371 τότε
904 1319 1086 1387 σοφῶν
1125 1321 1566 1391 περιγενόμενος,
1604 1338 1711 1373 κω-

157 1408 265 1477 νείῳ
297 1409 648 1478 κατακριθεὶς
708 1409 1014 1475 ἀπέθανενς
1049 1413 1162 1464 Οὐκ
1222 1412 1411 1481 ἐπειδὴ
1444 1414 1570 1476 τοὺς
1605 1429 1713 1466 σωκ

159 1500 428 1571 φρονιστὰς
469 1501 531 1552 οὐ
584 1501 846 1571 φέρουσιν
891 1502 1211 1571 ἄνθρωποι;
1274 1503 1495 1570 Ἐπειδὴ
1526 1503 1584 1555 δὲ
1613 1504 1710 1556 καὶ

170 1590 505 1660 Ἀριστοτέλει
541 1591 871 1653 κινδυνεύεις
920 1592 1207 1661 ἡττᾶσθαι,
1242 1590 1407 1644 ἄκουε
1446 1592 1499 1644 τί
1548 1609 1712 1662 φησιν

159 1684 375 1745 ἐκεῖνος·
410 1700 428 1733 ι
489 1683 618 1736 Οῦθ’
663 1685 691 1737 6
741 1684 1031 1753 ῥητορικὸς
1065 1684 1229 1738 παντὶ
1273 1684 1461 1755 τρόπῳ
1512 1685 1711 1750 πείσει,

158 1778 253 1830 οὔθ’
282 1780 308 1831 6
336 1779 581 1846 ίατρικὺς
626 1778 865 1846 ὑγιάσει,
895 1778 1010 1832 ἀλλ’
1065 1778 1159 1831 ἐὰν
1204 1777 1313 1832 τῶν
1348 1779 1712 1848 ἐνδεχομένων

1815 594 1928 658 dat,
1964 593 2128 648 simul
2156 604 2211 650 et
2242 597 2484 663 punitur,
2514 604 2567 651 et
2596 599 2739 665 quod
2782 597 3076 665 legislatori
3135 613 3242 653 non
3286 614 3381 667 pa-

1812 682 2005 748 ruerit,
2035 685 2273 739 ostendit
2313 704 2326 740 :
2359 686 2488 754 quin
2540 686 2720 752 potius
2769 688 2883 756 ipse
2935 687 3214 757 legislator
3248 703 3387 756 pra:-

1810 774 1967 838 vidit,
1998 789 2057 829 se
2089 791 2196 829 non
2247 777 2500 833 omnibus
2545 793 2933 847 persuasurum
2989 793 3112 834 esse
3145 788 3204 833 ut
3231 779 3386 848 probi

1811 866 1943 921 sint.
1974 866 2105 922 Nam
2132 869 2223 938 qui
2253 870 2319 923 de
2347 886 2502 938 poma
2535 870 2734 935 sancit,
2766 885 2829 925 eo
2868 871 2985 939 ipso
3026 860 3161 925 Satis
3188 870 3393 925 indicat

1813 960 1956 1014 scire
1978 973 2059 1026 se,
2081 962 2511 1032 quodimprobos
2542 972 2766 1033 nequeat
2792 963 2846 1018 in
2873 962 3049 1018 ollicio
3086 964 3386 1017 continere.

1813 1049 2084 1120 Quidquid
2106 1052 2249 1107 enim
2286 1055 2353 1108 ad
2381 1055 2481 1108 hoc
2504 1054 2836 1109 defensionis
2882 1068 3045 1109 causa
3087 1053 3227 1108 forte
3272 1052 3393 1106 all‘e.

1812 1151 1952 1206 rent,
2002 1143 2144 1197 idem
2194 1145 2355 1199 etiam
2417 1146 2483 1200 de
2519 1144 2655 1201 Juda
2708 1146 2811 1200 dici
2868 1146 3088 1214 poterit.
3148 1143 3386 1197 Tametsi

1812 1233 1978 1303 igitur
2029 1235 2118 1290 hic
2167 1236 2467 1293 consistere
2516 1239 2818 1307 oportuerit
2870 1237 3389 1293 demonstrationem

1816 1325 1962 1395 (nam
2003 1328 2263 1397 quidquid
2289 1329 2519 1397 exempli
2556 1338 2755 1399 prmter
2784 1329 2834 1384 id
2862 1329 3004 1398 quod
3036 1328 3255 1382 allatum
3289 1336 3388 1391 est,

1813 1414 2093 1483 allegetur,
2122 1417 2300 1471 minus
2320 1420 2426 1472 erit
2459 1419 2548 1472 illo
2579 1428 2741 1487 atque
2775 1417 3002 1473 inferius
3031 1436 3044 1471 :
3084 1417 3210 1486 quid
3240 1416 3383 1467 enim

1816 1507 1935 1558 miri
1967 1508 2056 1568 sit,
2092 1508 2142 1560 in
2172 1509 2443 1563 hominem
2475 1510 2690 1576 cadere,
2756 1509 2808 1563 id
2863 1508 3005 1579 quod
3041 1508 3218 1576 ipsum
3260 1506 3392 1561 Ver-

1815 1598 1940 1651 bum
1992 1598 2187 1654 Filium
2246 1601 2337 1655 Dei
2391 1602 2647 1671 attigit?),
2697 1610 2874 1654 tamen
2934 1615 2999 1654 ne
3060 1599 3389 1669 probabilem

1816 1690 2044 1759 ignavia:
2098 1692 2441 1747 occasionem
2488 1701 2738 1760 captasse
2799 1693 3005 1755 videar,
3070 1705 3247 1760 neque
3313 1689 3382 1742 ab

1815 1777 2124 1835 hominibus
2160 1782 2461 1836 abstinebo.
2498 1780 2852 1852 533-534
2875 1779 3012 1844 Quid
3037 1780 3199 1849 igitur
3216 1794 3392 1833 causa:

161 1871 304 1939 μηδὲν
340 1871 648 1944 παραλίπῃ,
709 1870 909 1934 ἱκανῶς
966 1870 1108 1940 ἔχειν
1156 1870 1322 1923 αὑτὸν
1348 1870 1448 1941 τὴν
1481 1858 1708 1938 ἐπιστή-

1824 1866 1915 1920 iuit
1937 1884 2033 1923 cur
2054 1870 2228 1926 Moses
2253 1872 2519 1941 lapidibus
2548 1874 2898 1939 iinpeteretur
2920 1871 3203 1938 propheta,
3229 1868 3393 1922 Isaias

162 1981 251 2031 μην
280 1964 543 2033 φήσομεν.
586 1982 603 2013 ›
642 1963 767 2027 Πῶς
815 1964 924 2034 γὰρ
959 1963 1229 2035 Περικλῆς
1294 1962 1458 2023 ἑάλω,
1497 1962 1557 2025 ὃς
1606 1961 1715 2014 ἀπὸ

157 2054 268 2106 δέκα
293 2053 465 2106 ποδῶν
495 2054 617 2124 ᾕρει
639 2054 764 2116 τοὺς
792 2054 1047 2123 ῥήτορας,
1080 2054 1175 2105 καὶ
1199 2053 1420 2124 προσέτι
1442 2069 1506 2119 γε
1525 2051 1710 2114 αὑτοῦ,

160 2144 279 2198 κατὰ
309 2144 366 2196 τὸ
391 2144 660 2214 κωμικὸν,
698 2143 874 2196 πειθώ
909 2160 995 2206 τις
1020 2144 1153 2213 ᾤκει
1186 2145 1243 2196 ἐν
1298 2146 1413 2205 τοῖς
1447 2143 1711 2212 χείλεσιν;

158 2235 221 2287 Οὐ
244 2234 343 2305 γὰρ
380 2235 469 2299 ἂν,
514 2237 563 2287 εί
612 2234 843 2305 ἐδυνήθη
878 2236 1086 2299 πεῖσαι,
1135 2232 1276 2286 ἑκὼν
1306 2234 1372 2286 ἂν
1409 2230 1713 2302 ἐζημιώθη.

159 2328 264 2390 Πῶς
285 2327 340 2380 δὲ
367 2326 764 2398 Θεμιστοκλῆς,
802 2328 830 2378 ὁ
857 2313 958 2377 ’ἐπὶ
990 2324 1204 2392 φύσεως
1246 2324 1476 2395 δυνάμει
1508 2325 1715 2395 ἀνακη-

159 2419 485 2489 ρυττόμενος,
530 2421 626 2472 καὶ
665 2418 1099 2488 αὐτοσχεδιάζων
1129 2417 1189 2469 τὸ
1235 2416 1374 2474 δέον,
1422 2414 1718 2486 ἐζημιοῦτο

157 2512 314 2579 φυγῇς
358 2509 484 2572 Πῶς
509 2509 566 2561 δὲ
610 2510 960 2580 Δημοσθένης
1004 2511 1030 2562 6
1076 2507 1145 2560 τὰ
1175 2507 1311 2559 αὐτὰ
1351 2505 1570 2564 δυνατὰ.
1616 2506 1712 2559 καὶ

156 2603 298 2655 πάλιν
340 2601 581 2655 ἀδύνατα
635 2601 871 2665 δεικνὺς,
935 2600 1022 2652 ἵνα
1074 2599 1243 2652 τᾶλλα
1297 2598 1476 2651 πάντα
1528 2599 1713 2668 παρῶ,

157 2693 353 2755 καὶτὰς
393 2694 590 2763 ἧττας,
622 2692 834 2745 καὶτὸν
882 2691 1016 2763 περὶ
1056 2691 1165 2744 τῶν
1206 2690 1549 2761 Ἀρπαλείων
1580 2707 1718 2761 χρη-

157 2786 323 2852 μάτων
347 2785 509 2853 λόγον
556 2785 839 2855 σιωπήσω,
884 2783 974 2837 τὸν
1011 2782 1238 2836 Μειδίαν
1291 2783 1390 2852 οὐχ
1467 2776 1601 2847 εἷλε,
1629 2782 1718 2834 τὸν

154 2875 367 2928 τοσαῦτα
405 2876 575 2930 αὐτὸν
608 2876 758 2929 κακὰ
806 2875 1097 2940 διαθέντας
1135 2877 1257 2927 Ὅτι
1297 2876 1396 2945 μὲν
1427 2875 1533 2943 γὰρ
1563 2872 1719 2925 ἐδού⁹

154 2967 260 3021 λετο
301 2970 464 3023 αὐτὸν
514 2969 655 3021 ἐλεῖν
683 3009 698 3033 ,
754 2968 834 3021 διδ
879 2969 974 3020 καὶ
1014 2968 1178 3021 παντὶ
1227 2966 1404 3019 σθένει
1439 2966 1538 3037 τὴν
1587 2983 1719 3019 κατ-

155 3061 365 3131 ηγορίαν
400 3060 634 3131 ἔγραψε,
682 3059 875 3128 δῆλον·
911 3059 999 3111 διὰ
1027 3060 1079 3111 τί
1108 3059 1201 3111 οὖν
1258 3060 1356 3129 οὐχ
1393 3052 1571 3123 εἷλεν;
1606 3058 1721 3111 Οὐκ

155 3151 321 3222 ἐπειδὴ
348 3150 778 3221 ἀσθενεστέρους
828 3152 953 3212 τοὺς
1000 3150 1189 3218 λόγους
1219 3150 1319 3219 τῆς
1358 3149 1467 3202 τῶν
1509 3147 1719 3218 ἐχθρῶν
1746 3184 1789 3243 C

153 3242 454 3307 δυναστείας
488 3243 740 3311 ἐνόμισεν
762 3259 777 3273 ·
812 3242 874 3294 οὐ
907 3241 1019 3311 γάρ
1046 3260 1097 3294 τι
1122 3240 1324 3305 λαϐὼν,
1355 3241 1431 3304 ὡς
1459 3240 1719 3310 Αἰσχίνης

156 3334 266 3405 ἔφη,
325 3335 561 3388 ἀπέδοτο
604 3334 705 3405 τὴν
775 3334 1258 3405 καταχειροτονίαν
1288 3333 1400 3405 (59)
1434 3351 1447 3364 °
1496 3334 1557 3386 οὐ
1610 3333 1721 3403 γάρ

154 3426 347 3496 δέχεται
377 3428 481 3498 τὴν
516 3427 698 3481 αἰτίαν
727 3430 826 3497 τῆς
859 3428 1306 3499 αἰσχροκερδείας
1338 3430 1370 3497 ή
1411 3426 1721 3497 μεγαλοψυ-

154 3519 234 3586 χὶα
265 3519 355 3572 τοῦ
394 3522 627 3590 ῥήτορος
647 3535 661 3548 ·
697 3518 807 3572 οὐδ’
838 3521 866 3572 6
886 3521 999 3583 τοῖς
1047 3518 1368 3589 ἐπιτρόποις
1397 3518 1718 3572 εὐποδοῦσιν

155 3610 294 3677 ἀφεὶς
323 3611 390 3664 τὰ
413 3610 650 3683 πατρῷα
688 3611 827 3681 μετὰ
867 3611 967 3681 τὴν
1016 3611 1195 3681 νίκην,
1245 3604 1402 3674 οὗτος
1431 3611 1497 3664 ἂν
1524 3610 1717 3666 ἐλαϐεν

156 3698 377 3768 αἰσχρῶς
399 3699 513 3753 άπὸ
551 3699 654 3768 τῆς
684 3698 957 3769 κεφαλῆςο
1003 3700 1139 3752 ἀλλὰ
1160 3700 1285 3763 τοὺς
1317 3700 1545 3770 ἐχθροὺς
1573 3704 1724 3771 ἰσχυ-

159 3790 270 3856 ροὺς
304 3789 661 3859 ἡγησάμενος
689 3789 782 3841 τοῦ
810 3789 993 3856 λόγου,
1025 3788 1121 3840 καὶ⁹
1168 3788 1245 3851 ὡς
1288 3788 1425 3858 πρὸς
1448 3787 1546 3858 τὴν
1580 3787 1727 3840 ὲκεί-

157 3896 250 3931 νων
281 3880 399 3949 βίαν
441 3880 685 3951 οὐδαμοῦ
725 3880 1013 3949 φανεῖσθαι
1053 3880 1153 3951 τὴν
1179 3879 1375 3950 τέχνην
1425 3879 1724 3950 λογισάμε-

157 3986 235 4032 νος
251 3971 380 4041 (40),
406 3971 704 4042 εὐπρεπῶς
734 3971 999 4024 κατέθετο
1025 3970 1123 4040 τὴν
1161 3969 1469 4039 συμφορὰν,
1502 3969 1725 4040 ἄμεινον

158 4064 490 4133 ἡγησάμενος
529 4064 593 4116 τὸ
628 4063 895 4133 πραότητι
918 4062 1237 4131 καθυφεῖναι
1261 4062 1432 4127 δόξαι,
1479 4063 1575 4116 τοῦ
1605 4064 1727 4133 κρί-

162 4171 232 4205 σει
262 4153 536 4207 δικαστῶν
574 4152 842 4222 ἡττᾶσθαι
868 4169 884 4183 ⁶
948 4153 1126 4206 καίτοι
1173 4153 1236 4206 τὸ
1274 4154 1364 4207 διὰ
1416 4155 1509 4208 τὸν
1561 4155 1727 4222 φόϐον

158 4243 331 4297 τοῦτον
375 4244 709 4314 ὑποστῆναι,
760 4243 956 4297 ταυτόν
993 4245 1110 4296 ἐστι
1158 4243 1234 4312 τῷ
1293 4245 1603 4315 παραδόντα
1634 4245 1727 4299 τὸν

160 4336 371 4391 Μειδίαν
403 4336 580 4389 -ἐλεῖν
625 4336 698 4406 μὴ
748 4335 1075 4404 δυνηθῆναιο
1128 4335 1332 4405 μᾶλλον
1382 4335 1441 4388 δὲ
1471 4336 1565 4389 καὶ
1596 4335 1730 4406 λαμ-

164 4426 419 4496 προτέραν
450 4425 610 4477 τοῦτο
648 4424 761 4494 ἕχει
809 4424 905 4495 τὴν
948 4418 1141 4494 ἧτταν.
1213 4425 1422 4477 Ἐκεῖνο
1474 4425 1571 4496 μὲν
1619 4425 1729 4497 γὰρ

1816 1969 1992 2013 autem
2021 1975 2169 2014 serra
2202 1962 2615 2025 discinderetur,
2648 1962 2757 2022 ille,
2793 1962 3033 2029 inquam,
3090 1961 3175 2014 cui
3224 1960 3388 2015 Scra-

1816 2049 1962 2116 phim
1991 2050 2176 2106 videre
2203 2053 2503 2120 contigerat
2529 2052 2574 2082 ‘°
2594 2094 2607 2117 ,
2646 2051 2911 2106 Jeremias
2940 2067 3066 2106 vero
3101 2052 3152 2105 in
3199 2066 3389 2106 emno-

1818 2155 1933 2195 sam
1981 2143 2396 2198 concluderetur
2450 2144 2765 2198 foveam“?
2798 2143 2906 2200 Cur
2950 2143 3139 2199 Petrus
3174 2144 3388 2214 quidem

1818 2231 1871 2286 in
1908 2249 2120 2287 crucem
2157 2245 2433 2305 ageretur,
2482 2236 2677 2290 Paulus
2724 2244 2902 2289 autem
2944 2235 3129 2305 capite
3171 2244 3392 2289 trunca-

1818 2324 2007 2377 retur?
2041 2324 2229 2380 Nonne
2266 2328 2377 2381 harc
2412 2326 2525 2396 ipsa
2560 2326 2661 2380 fuit
2696 2342 2881 2390 causa,
2912 2327 3035 2395 quia
3075 2342 3178 2379 non
3203 2341 3393 2380 omnes

1819 2411 2058 2480 ipsorum
2107 2413 2290 2470 verbis
2361 2426 2417 2469 et
2491 2416 2949 2469 admonitionibus
2983 2416 3392 2469 auscultarunt?

1820 2504 1969 2568 Quod
1997 2506 2042 2558 si
2077 2506 2282 2560 dixeris
2329 2506 2533 2561 idcirco
2592 2507 2705 2559 hmc
2760 2508 2892 2573 ipsis
2935 2508 3223 2570 accidisse,
3270 2507 3394 2575 quia

1820 2596 2127 2648 orationum
2165 2596 2559 2651 rhetoricarum
2589 2606 2682 2648 aut
2732 2597 3186 2666 syllogisticarum
3238 2598 3396 2650 rudes

1819 2697 1981 2754 atque
2013 2687 2245 2757 imperiti
2283 2688 2486 2742 fuerint
2514 2702 2530 2741 :
2558 2703 2657 2758 age
2685 2687 2749 2741 ad
2775 2704 2868 2742 cos
2897 2689 2988 2756 qui
3035 2699 3188 2742 extra
3216 2688 3397 2742 Eccle-

1820 2777 1956 2831 siam
1989 2777 2226 2841 fuerunt,
2254 2789 2310 2833 et
2345 2779 2638 2832 maximam
2675 2778 2996 2848 eloquentia:
3022 2790 3076 2835 et
3100 2782 3395 2834 vehemen—

1823 2867 1910 2922 tia?
1935 2877 1984 2923 et
2018 2869 2383 2938 persuasionis
2410 2868 2634 2938 gloriam
2669 2871 2846 2938 adepti
2907 2880 3053 2936 sunt,
3086 2886 3394 2926 sermonem

1823 2970 2157 3015 convertam.
2183 2960 2295 3016 Cur
2324 2961 2465 3014 enim
2500 2961 2677 3025 Plato,
2712 2961 2801 3016 ille
2835 2960 3147 3017 Graecorum
3178 2963 3397 3016 thesano

1824 3068 1937 3117 rus,
1991 3052 2106 3121 ipsa
2151 3068 2367 3123 quoque
2414 3054 2664 3109 libertate
2715 3054 2962 3108 excidit?
3016 3053 3204 3108 Nonne
3254 3053 3395 3117 ideo,

1824 3144 1966 3210 quod
2013 3158 2114 3198 nec
2188 3160 2353 3198 unum
2414 3146 2650 3214 potuerit
2706 3146 3031 3214 persuadere
3073 3146 3401 3216 tyrannum?

1823 3233 1995 3290 Porro
2030 3249 2127 3290 cur
2171 3235 2525 3305 Pythagoras,
2560 3237 2650 3306 qui
2694 3238 2970 3306 sapientia:
3004 3238 3257 3306 opinione
3282 3236 3400 3305 plu-

1823 3327 2019 3382 rimum
2044 3328 2315 3397 turgebat,
2350 3343 2380 3381 a
2405 3326 2712 3382 Phalaridis
2748 3328 3143 3383 consuetudine
3172 3328 3402 3382 resiliit?

1818 3418 2177 3486 "Nonneideo,
2202 3421 2346 3490 quod
2371 3421 2533 3475 etiam
2580 3431 2702 3489 post
2732 3426 2941 3474 tantam
2980 3418 3281 3475 doctrinam
3312 3419 3404 3474 ille

1827 3522 2089 3583 tyrannus
2124 3527 2244 3569 esse
2286 3512 2573 3584 pergeret?
2606 3512 2748 3579 Quid
2793 3510 3048 3567 Socrates
3086 3512 3178 3581 qui
3215 3526 3405 3567 omnes

1824 3602 1938 3671 ejus
1967 3602 2067 3656 aevi
2112 3603 2385 3673 sapientes
2434 3604 2737 3673 superavit,
2772 3618 2871 3657 cur
2911 3602 3087 3657 cicuta
3114 3603 3403 3656 damnatus

1825 3693 2019 3762 periit?
2052 3692 2240 3748 Nonne
2268 3693 2408 3760 ideo,
2434 3697 2558 3764 quia
2599 3695 2843 3748 homines
2871 3709 2977 3748 non
3024 3692 3207 3749 ferunt
3249 3709 3405 3763 aequo

1826 3785 2010 3839 animo
2055 3798 2149 3839 eos
2190 3798 2218 3837 a
2251 3784 2451 3853 quibus
2480 3785 2866 3853 corriguntur?
2914 3782 3051 3850 Quia
3089 3798 3219 3839 vero
3242 3800 3408 3855 prope

1827 3885 1911 3930 est
1945 3884 2002 3929 ut
2028 3876 2192 3931 etiam
2219 3876 2527 3931 Aristotelis
2556 3877 2868 3932 testimonio
2899 3880 3247 3942 succumbas,
3281 3879 3405 3933 audi

1828 3970 1955 4039 quid
1986 3970 2076 4024 ille
2107 3970 2250 4024 dicat
2284 3988 2297 4024 :
2337 3988 2355 4021 ι
2393 3969 2579 4039 Neque
2609 3980 2796 4023 orator
2818 3970 2965 4023 omni
2990 3970 3147 4024 modo
3177 3983 3406 4039 persua-

1829 4059 1995 4125 debit,
2031 4075 2209 4129 neque
2252 4058 2493 4114 medicus
2540 4061 2755 4113 sanabit
2797 4076 2812 4112 :
2872 4061 2965 4114 sed
3024 4061 3241 4129 quando
3276 4060 3408 4113 nihil

1829 4165 2156 4219 eorumquae
2200 4150 2380 4206 facere
2429 4161 2611 4221 potest
2645 4151 3075 4220 praetermiserit,
3122 4161 3234 4204 tum
3262 4152 3408 4205 dice-

1829 4257 1952 4297 mus
1981 4242 2155 4311 ipsum
2181 4242 2318 4298 satis
2349 4242 2595 4312 perfecte
2617 4257 2789 4297 artem
2822 4253 3027 4298 tenere.
3069 4261 3089 4294 ι
3127 4242 3408 4308 Quomodo

1830 4335 1974 4388 enim
2004 4333 2241 4390 Pericles
2292 4341 2482 4403 captus
2517 4335 2638 4388 est?
2683 4334 2773 4402 qui
2807 4343 2986 4388 tamen
3025 4335 3208 4388 decem
3251 4334 3407 4404 pedi-

1831 4426 1932 4481 bus
1957 4429 2246 4497 superabat
2284 4436 2531 4483 oratores
2590 4444 2605 4481 :
2660 4437 2715 4481 et
2749 4429 2993 4496 insuper,
3028 4428 3324 4481 secundum
3356 4428 3408 4482 id

160 4510 220 4585 ἧν
250 4517 383 4587 πρὸς
412 4518 544 4579 τοὺς
591 4515 912 4580 δικάζοντας
962 4516 1063 4569 οὐκ
1116 4516 1333 4585 ἰσχύσαι
1390 4517 1482 4569 τὸν
1534 4517 1718 4586 λόγον⁴

1835 4519 1979 4586 quod
2030 4519 2083 4573 in
2144 4518 2413 4573 commdia
2462 4520 2529 4574 de
2582 4520 2701 4588 ipso
2762 4520 3188 4590 pronuntiatur:
3223 4520 3406 4576 Suada

161 4608 304 4661 τοῦτο
332 4609 520 4662 δὲκαὶ
568 4609 698 4678 παρ’
744 4607 894 4677 αὑτῷ
921 4607 1001 4677 τῷ
1045 4608 1366 4677 γεγραφότι,
1397 4608 1602 4678 ταύτην
1635 4610 1727 4661 λα-

160 4700 262 4754 ϐεῖν
292 4700 388 4770 τὴν
411 4700 592 4763 δόξαν.
630 4701 692 4752 Et
720 4700 900 4752 τοίνυν
933 4700 961 4750 6
1005 4698 1245 4761 τοιοῦτος
1278 4698 1433 4764 λόγος
1473 4701 1556 4752 ὀὐ
1587 4718 1731 4772 παρ-

159 4792 373 4860 έστησεν
402 4790 594 4843 ἐλπίδα
646 4789 866 4852 πειθοῦς
888 4789 965 4859 τῷ
1018 4791 1230 4860 ῥήτορι,
1280 4790 1339 4851 ὃς
1387 4790 1465 4860 μὴ
1520 4792 1730 4845 πείσειν

158 4882 374 4951 ἤλπιζεν
422 4882 559 4950 (41)⁶
627 4882 745 4944 πῶς
799 4877 894 4935 οὖν
952 4881 1014 4933 οὐ
1072 4880 1266 4945 δεινὸν,
1324 4875 1369 4934 ῶ
1432 4882 1725 4949 δεινότατε,

157 4974 375 5026 ἐκείνων
419 4973 521 5043 μὲν
553 4974 661 5027 ἀπὸ
699 4974 801 5042 τῆς
846 4973 1074 5040 γνώμης
1128 4972 1358 5028 ἕκαστον
1408 4975 1726 5046 κρίνεσθαι,

158 5063 242 5115 καὶ
273 5062 351 5134 μὴ
376 5064 480 5134 τὴν
509 5064 711 5135 ἑτέρων
757 5062 1043 5117 ἀπείθειαν
1074 5062 1281 5132 ἑτέροις
1317 5063 1523 5136 βλάϐην
1557 5061 1721 5133 εἶναι,

223 5225 265 5255 ⁸ο
296 5226 403 5281 lsa.
432 5240 511 5289 vi,
533 5224 589 5290 2,
620 5224 674 5278 5.
756 5224 799 5254 δί
832 5222 1034 5279 Jerem.
1060 5238 1287 5287 xxxvm,
1320 5222 1374 5284 (ἱ,
1403 5222 1456 5275 7.

1836 4610 2081 4679 quaedam
2142 4610 2435 4666 sessitabat
2484 4612 2535 4664 in
2590 4612 2759 4681 ipsius
2810 4612 2994 4666 labris.
3034 4611 3218 4680 Neque
3266 4612 3410 4666 enim

1833 4702 2130 4758 verisimile
2154 4714 2260 4771 est,
2303 4705 2350 4760 si
2405 4708 2739 4773 persuadere
2772 4707 3066 4771 potuisset,
3101 4708 3280 4776 ipsum
3315 4722 3413 4762 sua

1832 4791 2108 4849 voluntate
2126 4793 2350 4848 multam
2382 4796 2690 4850 subiturum
2720 4795 2904 4849 fuisse.
2933 4796 3216 4861 Quomodo
3235 4807 3412 4851 autem

1833 4881 2251 4950 Themistocles,
2283 4885 2437 4954 cujus
2468 4887 2666 4940 eximia
2696 4888 2897 4958 ingenii
2933 4889 3014 4945 vis
3047 4899 3208 4959 atque
3233 4893 3413 4944 excel-

1836 4974 2002 5031 lentia
2060 4979 2408 5046 praadicatur,
2465 4987 2519 5033 et
2568 4979 2659 5049 qui
2701 4980 2848 5035 nullo
2897 4983 3115 5048 negotio
3180 4982 3412 5037 oﬂicium

1835 5066 2014 5123 facere
2044 5080 2225 5137 norat,
2260 5071 2457 5127 exsilio
2489 5072 2710 5141 punitus
2741 5073 2871 5128 est?
2902 5072 3025 5141 Quo
3060 5074 3188 5129 item
3219 5073 3416 5130 Demo-

1282 5358 1509 5414 VARIAS
1545 5359 1925 5417 LECTIONES
1955 5361 2044 5417 ET
2077 5363 2307 5419 NOTAE.

235 5518 355 5590 (39)
388 5517 493 5572 Pro
547 5519 1025 5590 καταχειροτονίαν
1084 5519 1221 5574 idem
1280 5518 1441 5572 habet
1496 5536 1734 5590 κατηγο-

172 5586 302 5655 ρίαν.
334 5589 542 5642 Possm.

235 5655 347 5727 μυ)
379 5661 508 5729 Quas
551 5670 849 5727 sequuntur
886 5670 1007 5728 post.
1058 5658 1415 5727 λογισάμενος
1459 5675 1629 5729 usque
1663 5658 1731 5712 ad

169 5723 534 5803 ξδξπραότητι-
566 5723 1107 5803 ρκὀιιιείγοείιιιειιιιι
1133 5723 1328 5803 omnia
1371 5746 1408 5803 _a
1455 5723 1575 5786 cod.
1607 5729 1726 5785 Vat.

171 5792 624 5854 Gaiiofhlox’idem
651 5814 750 5868 pro
781 5800 930 5864 δόξαι
960 5802 1121 5856 habet
1151 5798 1341 5863 δεῖξαι.
1370 5799 1444 5854 ln.

1916 5520 2027 5589 (41)
2063 5523 2167 5576 Pro
2218 5525 2321 5585 his,
2352 5524 2411 5585 ὃς
2449 5522 2522 5591 μὴ
2565 5523 2773 5575 πείσειν
2822 5522 3067 5592 ἤλπιζεν,
3104 5521 3219 5575 litec
3265 5524 3417 5589 ponit

1842 5591 1986 5663 idem
2016 5592 2214 5663 φα,ίὸ
2254 5593 2327 5663 μὴ
2366 5594 2560 5654 πείσας
2594 5592 2703 5661 ἐγὼ
2737 5591 2876 5645 κατᾶ
2907 5591 3065 5644 τοῦτο
3089 5592 3417 5663 οὐδιαφέρω

1839 5660 1931 5713 τοῦ
1968 5660 2200 5786 διἸαὺτὸ
2231 5660 2386 5717 τοῦτο
2420 5664 2493 5734 μὴ
2528 5660 2807 5734 είρηκότος
2837 5664 2919 5715 ὅτι
2958 5664 3030 5732 μὴ
3080 5660 3290 5717 πείσειν
3320 5662 3416 5732 ήλ-

1839 5748 2016 5787 πισεν.
2069 5748 2123 5785 o.
