3906 6416
548 379 682 446 1299
1686 387 1746 445 s.
1789 347 2079 446 Ismonl
2119 389 2556 451 PELUSIOT/E
3600 401 3702 472 13m

545 495 790 560 sthenes,
822 492 916 564 qui
942 493 1158 548 easdem
1219 507 1306 549 res
1366 507 1509 548 nunc
1567 493 1685 547 tieri
1728 509 1910 563 posse,
1959 513 2098 553 nunc

2219 502 2253 572 ἢ
2284 502 2472 567 δόξαι·
2513 509 2605 554 sm
2651 502 2696 553 δ’
2749 500 2880 570 ἐμοῦ
2923 503 3351 574 καινοτομήσοαι
3397 507 3701 586 καὶνεωτερῐ.

544 587 663 643 ﬁeri
690 602 795 642 non
850 600 1011 656 posse
1039 585 1468 650 demonstrabat,
1518 595 1578 641 ut
1620 585 1724 639 alia
1754 589 1934 643 omnia
1984 604 2098 659 pro-

2216 589 2406 653 ζεσθαι
2425 589 2485 642 τὸ
2506 591 2768 660 πρᾶγμας
2801 589 2987 644 Ταῦτα
3017 591 3062 644 δ’
3091 593 3190 645 οὐκ
3218 595 3437 650 ἐπαίνων
3463 585 3706 658 ἀπολαῦσαι

542 689 662 749 pter
690 692 832 742 eam,
865 685 920 732 et
960 691 1055 732 eas
1089 692 1281 732 causas
1316 677 1369 731 in
1399 676 1593 746 quibus
1643 677 1818 733 victus
1856 679 2013 745 abiit,
2045 689 2098 735 et

2213 680 2538 750 ὀρεγόμενος
2569 681 2822 751 γέγραφα
2841 698 2854 712 ⁸
2889 676 3046 735 οἶσθα
3069 684 3178 754 γὰρ
3208 685 3353 748 ὅπως
3385 689 3539 742 αὐτῶν
3575 709 3706 748 κατα-

539 771 838 826 orationem
863 770 931 825 de
957 769 1199 840 pecuniis
1228 767 1442 838 Harpali
1464 767 1660 839 quibus
1678 779 1965 839 corruptus
1986 785 2098 826 esse

2213 769 2412 840 φρονῶ.
2436 771 2501 825 Ei
2531 770 2640 843 γὰρ
2669 772 2905 825 ἐπαίνων
2921 773 3090 844 ἥρων,
3112 775 3555 850 ἀπηριθμησάμην
3571 783 3622 836 ἂν
3637 787 3709 838 καὶ

540 864 842 928 dicebatur,
897 861 1114 917 silentio
1158 869 1356 932 tegam,
1385 862 1677 931 quomodo,
1732 864 1972 932 inquam,
2019 862 2098 916 hic

2210 861 2304 926 οὓς
2333 861 2528 916 ἔπεισα
2558 864 2759 934 ἀρετὴν
2797 865 3149 919 ἀσπάσασθαι
3167 906 3183 931 ,
3225 867 3444 931 πολλοὺς
3483 871 3614 936 ὄντας
3638 879 3710 928 καὶ

540 964 720 1010 tantus
771 964 959 1010 orator
987 953 1208 1008 Midiam
1255 968 1360 1009 non
1403 955 1544 1023 cepit
1584 954 1794 1023 laqueis
1835 953 2047 1022 iudicii,
2075 971 2098 1008 a

2206 953 2526 1025 εὐδοκίμους
2549 972 2562 984 ·
2596 955 2733 1008 ἀλλὰ
2769 955 2939 1020 δεῖξαι
2972 959 3311 1026 σπουδάζων,
3335 960 3410 1012 ὅτι
3429 959 3484 1012 ἄν
3509 979 3556 1013 τε
3583 964 3712 1035 πείσῃ

535 1058 643 1112 quo
674 1045 838 1098 tantis
864 1051 980 1097 erat
1015 1042 1173 1097 malis
1194 1050 1357 1112 atque
1393 1042 1609 1112 injuriis
1652 1042 1920 1099 aﬂectus‘l
1970 1042 2098 1098 Nam

2206 1059 2310 1107 τις,
2343 1045 2408 1099 ἄν
2435 1062 2494 1098 τε
2529 1045 2603 1117 μὴ
2638 1045 2824 1117 πείσῃ,
2874 1047 2977 1118 τὴν
3022 1047 3251 1120 γνώμην
3297 1051 3398 1122 χρὴ
3431 1051 3712 1116 ἐξετάζεσθαι

535 1135 679 1200 quod
719 1135 937 1203 quidem
965 1133 1198 1189 voluerit
1239 1133 1416 1204 ipsum
1463 1149 1659 1204 capere
1721 1143 1777 1189 et
1808 1131 2016 1198 tollere,
2050 1133 2098 1187 in

2205 1132 2301 1186 τοῦ
2363 1133 2850 1204 συμϐουλεύοντος,
2884 1137 2978 1189 καὶ
3017 1137 3092 1209 μὴ
3143 1138 3254 1191 ἀπὸ
3280 1138 3372 1192 τοῦ
3417 1139 3579 1202 τέλους
3630 1142 3712 1194 τῶν

535 1226 819 1295 propatulo
843 1235 947 1290 est,
981 1241 1143 1296 quam
1170 1225 1241 1281 ob
1277 1240 1495 1280 causam
1519 1225 1666 1282 omni
1694 1237 1910 1294 quoque
1944 1223 2098 1278 adhi-

2208 1223 2570 1293 πραγμάτων,
2604 1218 2667 1275 οὗ
2703 1223 2804 1276 οὐκ
2842 1223 2958 1277 ἔστι
2987 1225 3202 1296 κύριος,
3235 1228 3522 1298 κρίνεσθαι.

535 1325 650 1380 bita
683 1325 733 1380 vi
765 1325 1166 1382 accusationem
1209 1323 1449 1393 scripsit.
1483 1321 1622 1387 Quid
1663 1321 1829 1389 igitur
1860 1319 2093 1384 obstitit,
2135 1321 2424 1388 quominus
2450 1319 2631 1388 ipsum
2693 1320 2950 1389 caperet?
3010 1320 3125 1376 Non
3171 1338 3306 1378 sane
3332 1325 3462 1392 quod
3508 1325 3714 1378 inﬁrmio-

536 1437 624 1477 res
695 1429 911 1491 putaret
979 1409 1112 1476 suas
1173 1420 1448 1476 orationes
1523 1418 1760 1489 potentia
1829 1418 2088 1474 hostium.
2125 1414 2308 1486 Neque
2365 1415 2535 1482 enim,
2562 1424 2622 1470 ut
2685 1415 2979 1473 Eschines
3054 1419 3154 1488 ipsi
3202 1419 3500 1488 objiciebat,
3541 1432 3715 1489 accepta

535 1516 763 1584 pecunia
821 1514 1042 1570 tradidit
1089 1513 1393 1580 victoriam,
1451 1527 1557 1566 non
1607 1513 1749 1565 enim
1803 1511 2079 1564 eadithoc
2117 1509 2291 1578 turpis
2332 1508 2465 1562 lucri
2497 1508 2703 1563 crimen
2759 1509 2812 1562 in
2879 1510 3039 1577 hujus
3066 1511 3304 1565 oratoris
3334 1513 3485 1564 animi
3546 1514 3714 1581 magni-

535 1603 794 1671 tudinem,
823 1621 994 1675 neque
1015 1603 1310 1660 verisimile
1337 1611 1420 1659 est
1457 1618 1604 1668 eum,
1646 1603 1738 1672 qui
1769 1603 1882 1656 suis
1929 1599 2219 1662 tutoribus,
2275 1598 2587 1653 hominibus
2637 1597 2770 1652 satis
2815 1598 3176 1668 locupletibus
3233 1609 3288 1652 ct
3360 1599 3544 1654 idoneis
3571 1602 3709 1668 patria

531 1701 674 1756 bona
700 1708 822 1770 post
867 1698 1148 1754 victoriam
1188 1706 1377 1752 contra
1430 1710 1525 1752 eos
1581 1703 1909 1765 reportatam
1950 1691 2268 1761 reliquerat,
2347 1690 2576 1759 turpiter
2634 1689 2838 1759 aliquid
2890 1690 2943 1744 in
3005 1707 3168 1744 causa
3230 1690 3416 1759 capitis
3471 1691 3711 1758 accepisse.

533 1793 890 1867 535-536
920 1793 1024 1849 Sed
1064 1808 1184 1848 cum
1214 1793 1397 1846 hostes
1426 1805 1554 1846 suos
1591 1790 1838 1844 oratione
1870 1787 2199 1858 potentiores
2225 1800 2346 1839 esse
2392 1786 2636 1850 duceret,
2667 1799 2957 1854 secumque
2997 1794 3295 1853 reputaret,
3348 1795 3504 1840 artem
3547 1785 3716 1840 dicendi

531 1887 790 1942 adversus
825 1886 1062 1954 ipsorum
1103 1883 1413 1939 violentiam
1449 1897 1638 1950 parum
1694 1879 2082 1949 profecturam,
2136 1878 2502 1933 calamitatem
2553 1877 2700 1932 illam
2768 1878 2964 1934 decore
3032 1878 3174 1944 tulit,
3219 1877 3404 1931 melius
3427 1893 3532 1932 esse
3569 1881 3715 1932 existi-

531 1994 709 2043 mans,
741 1980 787 2034 si
815 1980 1087 2034 videretur
1150 1976 1560 2032 mansuetudine
1596 1991 1693 2031 sua
1750 1990 1809 2030 se
1832 1974 1973 2030 ultro
2043 1973 2358 2029 submisisse
2385 1988 2450 2028 ac
2480 1973 2714 2029 cessisse
2803 1973 3239 2028 adversariorum
3298 1975 3549 2042 potentiae,
3590 1989 3713 2042 quant

527 2075 769 2143 judicum
797 2073 1064 2130 sententia
1094 2073 1231 2127 vinci
1262 2086 1606 2140 :quanquam
1683 2074 1824 2125 inter
1873 2071 2014 2124 banc
2057 2083 2127 2124 ex
2189 2079 2335 2123 metu
2427 2069 2880 2135 submissionem,
2938 2081 2993 2124 ct
3035 2071 3177 2127 inter
3218 2071 3270 2124 id
3323 2073 3453 2139 quod
3502 2081 3591 2132 cst,
3634 2089 3711 2123 lltlll

532 2171 770 2240 potuisse
828 2169 1071 2232 Midiam,
1156 2182 1317 2237 quem
1368 2165 1576 2236 judicio
1622 2165 1951 2228 tradiderat,
2027 2178 2288 2232 superare
2336 2163 2472 2218 nihil
2525 2165 2821 2233 quidquam
2905 2165 3157 2219 interest.
3221 2162 3338 2218 lino
3389 2178 3504 2217 vero
3537 2164 3716 2216 alterum

530 2264 692 2318 etiam
721 2260 1146 2329 conspectiorem
1202 2258 1366 2312 tradit
1413 2257 1745 2312 adversariis
1779 2255 2083 2310 victoriam.
2118 2254 2250 2309 Illud
2307 2256 2451 2308 enim
2488 2255 2622 2308 nihil
2662 2255 2809 2309 aliud
2871 2267 3010 2319 erat,
3064 2271 3228 2324 quam
3282 2257 3346 2308 ad
3385 2253 3574 2322 iudices
3613 2255 3715 2309 nihii

531 2353 765 2408 valuisse
795 2352 1094 2406 orationem
1135 2368 1149 2402 :
1185 2351 1285 2404 hoc
1325 2357 1506 2403 autem
1557 2350 1698 2419 apud
1736 2351 1907 2418 ipsum
1957 2362 2175 2419 quoque
2236 2358 2514 2403 auctorem
2541 2350 2809 2404 orationis
2874 2351 3036 2404 talem
3102 2350 3381 2418 accepisse
3435 2349 3714 2417 opinionem.

531 2444 589 2500 Si
622 2445 782 2515 igitur
815 2444 938 2498 talis
970 2443 1145 2498 oratio
1177 2458 1282 2496 non
1305 2442 1537 2511 praebuit
1565 2444 1767 2496 oratori
1794 2457 1944 2510 spem
2003 2442 2382 2511 persuadendi,
2456 2443 2545 2509 qui
2585 2443 2890 2510 desperavit
2969 2442 3376 2512 persuasionem
3409 2459 3422 2495 :
3479 2440 3715 2510 quomodo,

527 2554 737 2610 quaeso,
773 2552 877 2592 non
906 2545 988 2591 est
1010 2549 1174 2606 grave
1198 2549 1262 2589 ac
1293 2535 1657 2599 Inolestum,o
1694 2534 2016 2605 gravissime
2037 2533 2139 2599 vir,
2173 2542 2234 2586 ut
2270 2533 2483 2587 illorum
2554 2535 2772 2604 quidem
2817 2539 3188 2603 unusquisque
3240 2547 3311 2586 ex
3364 2531 3516 2585 animi
3565 2544 3716 2599 propo-

527 2631 937 2699 sitojudicetur,
970 2641 1024 2685 et
1053 2645 1159 2685 non
1186 2632 1258 2684 sit
1281 2630 1594 2685 videaturve
1625 2643 1744 2683 esse
1772 2629 1896 2683 aliis
1917 2629 2095 2684 fraudi
2132 2628 2360 2684 aliorum
2423 2630 2764 2684 contumacia
2799 2644 2862 2682 ac
2919 2627 3255 2698 pertinacia;
3310 2627 3363 2682 in
3397 2641 3477 2679 me
3503 2639 3611 2678 vero
3650 2638 3714 2675 res

530 2736 642 2781 tota
673 2725 763 2777 [lat
791 2723 914 2787 alia,
961 2729 1121 2790 atque
1188 2736 1360 2776 novus
1401 2721 1621 2790 quidam
1687 2733 1807 2773 mos
1869 2719 2288 2774 introducatur?
2327 2720 2455 2773 Haac
2501 2728 2680 2772 autem
2739 2735 2844 2772 non
2929 2717 3134 2772 idcirco
3215 2716 3430 2786 scripsi,
3479 2713 3608 2780 quasi
3647 2709 3716 2780 qui

527 2820 717 2875 laudes
771 2817 1029 2887 aucupari
1084 2815 1241 2871 velim
1292 2815 1460 2886 (nosti
1529 2815 1674 2870 enim
1747 2829 1910 2884 quam
1971 2812 2092 2870 illas
2162 2813 2367 2869 solemn
2439 2823 2835 2868 contemnere:
2897 2826 3020 2864 nam
3055 2810 3100 2864 si
3129 2811 3319 2864 laudes
3376 2806 3716 2876 appetivissem,

525 2925 932 2970 ennmerassem
969 2910 1131 2966 etiam
1160 2925 1276 2974 eos,
1325 2910 1522 2981 quibus
1583 2910 1824 2980 persuasi
1899 2918 1958 2965 ut
2018 2911 2274 2965 virtutem
2353 2907 2836 2977 amplecterentur,
2897 2907 2987 2975 qui
3029 2905 3249 2975 quidem
3300 2918 3396 2957 nec
3439 2901 3572 2970 pauci
3623 2911 3720 2953 sunt

534 3019 784 3073 numero,
812 3013 868 3061 et
889 3006 1026 3061 satis
1055 3004 1344 3073 celebres),
1407 3006 1502 3060 sed
1571 3006 1859 3060 ostendere
1939 3005 2185 3072 studens,
2221 3005 2337 3061 sive
2360 3005 2480 3072 quis
2523 3003 2844 3072 persuadeat
2900 3017 2966 3056 ea
3020 3016 3143 3071 qua:
3189 2997 3465 3069 proposuit
3505 2996 3602 3050 sive
3639 3007 3719 3046 non

524 3099 873 3171 persuadeat,
911 3107 1164 3168 oportere
1218 3098 1459 3154 animum
1533 3100 1765 3168 eXpendi
1811 3099 1927 3167 ejus
1992 3100 2088 3170 qui
2157 3100 2445 3154 consilium
2498 3099 2630 3153 dare
2685 3097 2959 3162 instituit;

3041 3111 3147 3151 non
3210 3103 3394 3148 autem
3482 3091 3629 3158 ipsum
3668 3100 3720 3141 ex

525 3204 721 3252 eventu
781 3209 986 3259 rerum,
1031 3195 1125 3265 qui
1175 3193 1418 3264 inipsius
1477 3204 1746 3265 potestate
1805 3211 1911 3251 non
1971 3206 2076 3266 est,
2106 3197 2385 3252 aestimari.

777 3305 954 3362 CCVI.
995 3335 1065 3345 —
1099 3305 1489 3363 THEODOSIO
1519 3307 1837 3364 DlACONO.

528 3395 594 3452 In
615 3397 813 3453 dictum
849 3397 1003 3460 illud,
1049 3416 1068 3448 ι
1096 3396 1230 3463 Quis
1254 3399 1416 3451 nescit
1455 3397 1800 3462 Ephesiorum
1834 3399 2098 3454 civitatem

821 3483 931 3522 esse
957 3467 1213 3523 aedituum
1247 3483 1452 3537 magna:
1488 3467 1671 3522 Dianae
1694 3468 1800 3522 ⁸³2»

596 3643 861 3710 Quoniam
908 3642 1118 3698 discere
1167 3642 1382 3697 voluisti
1447 3641 1576 3696 illud
1630 3643 1770 3710 quod
1837 3642 1893 3695 in
1945 3644 2098 3697 Actis

526 3735 889 3804 apostolorum
940 3735 1200 3790 habetur:
1237 3733 1400 3800 «Quis
1426 3733 1600 3790 nescit
1628 3733 1982 3801 Ephesiorum
2017 3736 2097 3788 ci-

526 3827 748 3880 vitatem
801 3827 1053 3880 :edituam
1106 3841 1226 3882 esse
1272 3842 1482 3896 magnae
1538 3828 1750 3894 Dianas,
1795 3839 1848 3883 et
1892 3844 1921 3882 a
1964 3827 2097 3885 Jove

527 3917 732 3987 delapsi
774 3916 1102 3972 simulacri?
1151 3934 1172 3969 ι
1229 3918 1371 3972 scire
1419 3917 1582 3972 debes
1639 3934 1742 3972 non
1786 3933 1907 3973 esse
1956 3921 2097 3975 hane

527 4007 825 4076 Scriptura».
851 4006 1020 4074 ipsius
1043 3995 1257 4070 vocem,
1285 4005 1381 4060 sed
1409 4007 1604 4062 scribae
1625 4006 2001 4076 Ephesiorum.
2031 4010 2098 4064 Et

525 4112 991 4166 supervacaneum
1025 4111 1147 4152 esse
1203 4097 1341 4151 duco
1383 4109 1664 4152 sermones
1694 4095 1750 4150 in
1783 4096 1942 4151 trivio
1975 4113 2096 4167 pro-

533 4187 682 4242 fusos
711 4187 1092 4258 interpretari;
1119 4186 1184 4241 de
1205 4187 1403 4257 quibus
1430 4186 1595 4241 etiam
1631 4188 1825 4257 opinor
1854 4184 2112 4243 Psalmo--

527 4293 646 4332 rum
678 4275 1000 4348 scriptorem
1050 4276 1435 4345 pronuntiasse
1477 4277 1620 4332 ista:
1679 4274 2098 4332 «Narraverunt

525 4368 657 4423 mihi
699 4367 871 4438 iniqui
917 4366 1320 4434 tabulationes;
1355 4367 1451 4423 sed
1480 4383 1590 4425 non
1625 4378 1686 4424 ut
1716 4368 1806 4424 lex
1842 4374 1958 4433 tua,
1991 4367 2098 4422 Do-

525 4460 670 4515 mine
690 4458 758 4513 “.
779 4476 800 4510 ι

1016 4569 1221 4628 CCVII.
1254 4601 1326 4614 -—
1370 4571 1600 4629 EIDEM.

2444 3311 2578 3377 Σςῖν.
2615 3339 2681 3350 -
2703 3307 3027 3377 ΘΕΟΔΟΣΙῼ
3054 3304 3364 3374 ΔΙΑΚΟΝῼ
3395 3300 3520 3371 (te).

2197 3401 2304 3463 Εἷς
2333 3397 2398 3451 τι)
2433 3397 2750 3466 εἰρημένον
2772 3413 2783 3426 ·
2823 3415 2840 3446 ι
2872 3398 2988 3466 ΔἸίς
3018 3396 3137 3466 οὐκ
3170 3389 3301 3446 οἶδε
3344 3390 3454 3466 τὴν
3487 3385 3720 3466 Eysch

2268 3453 2449 3590 ἓτόλιν
2482 3453 2782 3535 ἶρέῶκόρον
2825 3453 3031 3522 οὗσὰν
3064 3464 3176 3532 τῆς
3214 3453 3484 3533 μεγάλης
3522 3453 3722 3524 ’Ἀρτέμι-

2307 3556 2375 3590 oc
2396 3554 2414 3590 :
2457 3556 2476 3589 ι

2307 3554 2414 3604 ος;
2457 3556 2476 3589 ν

2279 3651 2498 3722 Ἐπειδὴ
2521 3651 2795 3721 ἠθέλησας
2835 3648 3028 3718 μαθεῖν
3055 3647 3116 3700 τὸ
3147 3647 3204 3700 ὲν
3235 3648 3360 3709 ταῖς
3408 3643 3613 3714 πράξεσι
3636 3635 3718 3689 τῶν

2196 3745 2509 3798 ἀποστόλων
2545 3743 2831 3813 κείμενον·
2874 3761 2893 3793 ‹
2930 3740 3027 3800 Τίς
3073 3738 3174 3792 οὐκ
3205 3733 3322 3790 οἶδε
3350 3736 3448 3806 τὴν
3503 3730 3720 3801 Ἐφεσίων

2198 3832 2353 3884 πόλιν
2395 3831 2664 3902 νεωκόρον
2709 3827 2850 3884 εἶναι
2883 3829 2984 3897 τῆς
3021 3826 3268 3897 μεγάλης
3307 3822 3630 3894 Ἀρτέμιδος,
3653 3816 3723 3868 καὶ

2197 3922 2294 3976 τοῦ
2323 3923 2604 3985 διοπετους
2632 3940 2647 3988 ;
2685 3941 2704 3973 ι
2743 3918 2852 3973 ἴσθι
2878 3959 2893 3983 ,
2927 3917 3011 3972 ὅτι
3044 3916 3148 3970 οὐκ
3174 3915 3296 3969 ἔστι
3344 3915 3439 3984 τῆς
3478 3908 3668 3982 Γραςῆς
3697 3908 3723 3975 il

2197 4014 2349 4087 φωνὴ
2377 4056 2392 4079 ,
2428 4015 2566 4068 ἀλλὰ
2621 4013 2716 4066 τοῦ
2747 4008 3126 4083 γραμματέως
3171 4008 3288 4061 τῶν
3343 4004 3586 4073 Ἐφεσίων
3609 4018 3622 4031 ·
3653 3999 3724 4051 καὶ

2197 4107 2450 4179 περιττὸν
2476 4104 2755 4174 ποιοῦμαι,
2778 4101 3078 4173 ἀγυρτικὰς
3094 4099 3411 4168 λογοποιϊας
3433 4090 3724 4166 ἑρμηνεύειν

2198 4197 2328 4266 περὶ
2370 4189 2447 4250 ὧν
2486 4190 2638 4264 οἶμαι
2678 4193 2771 4245 καὶ
2817 4191 2908 4244 τὸν
2961 4189 3215 4258 Μελῳδὺν
3263 4187 3536 4260 εἰρηκέναι
3563 4198 3576 4210 ·
3613 4199 3629 4231 ι
3660 4183 3727 4229 Δι-

2196 4287 2474 4360 ηγήσαντό
2506 4302 2596 4356 μοι
2624 4283 2933 4355 παράνομοι
2963 4280 3321 4348 ἀδολεσχίαςε
3353 4278 3466 4334 ἀλλ’
3497 4275 3588 4345 οὐχ
3613 4271 3675 4334 ὡς
3706 4267 3729 4321 δ

2209 4380 2377 4450 νόμος
2410 4395 2526 4446 σου,
2559 4375 2752 4447 Κύριε.
2791 4392 2811 4425 ι

2717 4579 2834 4630 ΣΖ⁹.
2872 4606 2944 4617 -
2967 4577 3054 4648 To
3075 4576 3285 4647 ΑΥΤῼ.

596 4684 864 4751 Quoniam
894 4685 1140 4741 discendi
1166 4685 1466 4756 cupiditate
1506 4685 1744 4756 ﬂagrans
1772 4686 1938 4744 etiam
1973 4702 2098 4744 eru-

2291 4689 2509 4761 Ἑπειδὴ
2541 4689 2846 4759 φιλομαθὴς
2877 4687 2975 4756 ὢν,
3016 4687 3345 4758 πολυμαθὴς
3377 4683 3574 4747 ἐθέλεις
3602 4696 3731 4741 eum,

526 4774 732 4830 ditione
764 4774 962 4844 plenus
1008 4790 1130 4832 esse
1151 4775 1256 4840 vis,
1291 4775 1395 4831 hoc
1441 4791 1659 4847 quoque
1689 4791 1980 4848 exponam,
2028 4795 2098 4834 ne

2207 4780 2305 4834 καὶ
2325 4781 2486 4834 τοῦτο
2514 4782 2728 4851 φράσω,
2755 4781 2845 4834 ἵνα
2871 4782 2945 4852 μὴ
2981 4780 3198 4849 δόξαιμί
3230 4797 3292 4832 σε
3313 4779 3521 4832 λυπεῖν.
3556 4776 3610 4829 0i
3631 4772 3733 4840 παρ’

528 4867 711 4920 videar
756 4867 809 4921 in
837 4880 1129 4922 mterorem
1159 4874 1210 4920 te
1239 4865 1529 4934 conjicere.
1569 4865 1670 4933 Qui
1697 4867 1840 4938 apud
1880 4867 2100 4925 Graecos

528 4956 816 5029 (inﬁdeles)
843 4956 1132 5012 simulacra
1162 4958 1524 5014 conﬁciebant
1543 4998 1563 5025 ,
1596 4958 1634 5013 ii
1688 4958 1940 5016 volentes
1967 4976 2096 5031 spe-

2204 4871 2436 4941 Ἕλλησι
2461 4872 2531 4926 τὰ
2549 4873 2712 4937 ξόανα
2741 4875 3273 4938 κατασκευάσαντες,
3297 4870 3464 4942 φόὸον
3487 4866 3734 4940 ἐμποιῆσαι

2204 4965 2315 5026 τοῖς
2343 4963 2511 5034 ὁρῶσι
2550 4963 2886 5034 βουλόμενοι,
2922 4964 3181 5033 ἔφασκον,
3210 4965 3292 5017 ὅτι
3320 4962 3433 5033 (44)
3462 4960 3518 5026 ἐξ
3549 4951 3736 5025 οὐρανοῦ

523 5047 827 5104 ctatoribus
872 5058 1136 5105 terrorem
1160 5050 1427 5116 incutere,
1476 5049 1834 5119 dictitabant,
1882 5052 1973 5108 illa
2019 5055 2088 5109 de

2204 5054 2343 5127 παρὰ
2357 5053 2453 5108 τοῦ
2467 5054 2586 5119 Διὸς
2597 5055 2854 5126 ἐπέμφθη
2867 5056 2898 5127 ἢ
2914 5055 3431 5126 κατέπτη,κρεῖττον
3443 5050 3548 5123 (45)
3564 5045 3737 5113 ἁπάσης

570 5200 616 5233 ⁸³
636 5201 759 5258 Act.
789 5215 907 5268 ιιι,
935 5201 1024 5258 '55.
1126 5202 1173 5235 “
1202 5201 1346 5257 Psal.
1373 5218 1562 5266 cxvtu,
1597 5204 1688 5260 85.

1621 5349 1859 5406 VARUE
1894 5350 2281 5408 LECTIONES
2314 5351 2404 5406 ET
2442 5352 2678 5410 ΝΟΤΕ.

504 5523 559 5580 Ἀ
597 5507 710 5580 (42)
734 5506 872 5580 Hajc
907 5507 1130 5580 epistola
1177 5506 1427 5580 inscribit
1464 5508 1515 5560 in
1552 5508 1670 5580 cod.
1707 5505 1828 5580 _Vat.
1861 5508 1966 5580 βξὶυ
1995 5525 2098 5580 non

2204 5511 2442 5579 suggerit
2473 5510 2552 5579 τῷ
2583 5510 2752 5580 αὐτῷ,
2787 5512 2837 5564 id
2864 5520 2966 5575 est,
3003 5512 3294 5566 secundum
3342 5512 3463 5566 cod.
3506 5508 3634 5568 νει..
3659 5502 3734 5572 ipsi

527 5577 792 5652 Θεοδοσίῳ
810 5577 1064 5652 διακόνῳ.
1095 5579 1186 5631 sed
1213 5577 1421 5652 ’ῌρωνι
1451 5577 1825 5652 πρεσϐυτέρῳ.
1865 5577 2044 5652 νεεδἈ
2066 5579 2098 5632 5

2204 5577 2292 5652 cui
2311 5577 2602 5652 superbit,
2626 5577 2821 5652 Hei-oui
2866 5583 3206 5652 presbytero.
3235 5584 3396 5636 Ευιτ.

530 5664 617 5711 ep.
668 5649 805 5699 inter
855 5648 1093 5715 μεγάλης
1140 5657 1195 5699 et
1243 5647 1461 5716 Ἀρτεμ.
1504 5647 1693 5700 inserit
1743 5648 1880 5699 idem
1939 5648 2097 5710 Θεᾶς.

531 5716 686 5786 Vers.
727 5717 1040 5786 (iunicum:
1074 5719 1211 5771 idem
1242 5728 1413 5774 inuitat
1445 5719 1494 5769 in
1524 5717 1783 5785 ἡγοῦμαι.
1815 5718 1886 5768 In.

603 5785 718 5859 κάξ)
747 5784 880 5841 Erat
912 5784 963 5839 iu
1002 5789 1130 5841 edit.
1180 5787 1349 5840 Paris.
1389 5784 1778 5857 ἀνεπίγραφος.
1819 5787 1950 5842 Cod.
1979 5786 2097 5842 Vat.

2275 5641 2404 5718 (44)·
2422 5641 2672 5702 Ιιιιθνὸτι
2701 5661 2753 5704 et
2776 5650 2835 5716 ἐξ
2865 5641 3056 5705 luserit
3080 5654 3199 5707 cod.
3232 5652 3352 5706 Vat.
3392 5652 3496 5706 650
3519 5648 3572 5700 τὸ
3599 5641 3735 5713 ἄταλ-

2207 5736 2300 5786 μα.
2333 5721 2518 5773 Possm
2540 5762 2541 5765 η

2265 5789 2386 5860 ’(43)
2419 5789 2562 5845 lnter
2596 5792 2837 5862 κρεῖττον
2865 5801 2919 5846 et
2942 5793 3158 5863 ἁπάσης
3187 5793 3326 5848 idem
3376 5791 3554 5846 inserit
3576 5786 3645 5840 ὃν.
3673 5780 3732 5837 ιβ.
