3906 6416
510 343 641 408 13ίΒ

925 453 1084 510 CCIX
1144 484 1213 496 -—-
1252 452 1668 513 THEOLOGIO.

510 547 575 602 1η
617 545 772 611 illud,
804 545 1060 600 (Oculum
1095 562 1190 617 pro
1229 547 1435 614 oculo,»
1471 555 1518 600 et
1545 563 1663 616 qua:
1691 554 1984 617 sequuntur
2006 543 2074 598 "'.

579 723 675 779 Est
698 724 914 794 quidem
944 735 1084 778 unus
1115 724 1398 792 utriusque
1417 719 1748 777 Testamenti
1770 723 1904 792 (tam
1931 720 2088 776 Vete-

508 815 587 872 ris
615 830 776 884 quam
808 814 964 884 Novi)
990 813 1282 885 legislator,
1302 815 1396 868 sed
1417 813 1503 868 lex
1529 811 1748 880 Iudaeis,
1766 821 1824 868 ut
1853 813 2088 868 homini-

513 907 611 961 bus
642 907 708 959 ad
741 905 1040 974 regendum
1085 903 1390 959 iliﬂicilibus
1437 914 1602 975 atque
1640 905 2088 971 contumacibus,

512 997 754 1052 actiones
799 995 944 1051 solas
993 996 1311 1066 prohibuit;
1369 995 1721 1066 Evangelium
1764 1004 1981 1062 autem,
2032 1007 2092 1050 ut

514 1088 657 1156 quod
695 1087 1112 1157 perfectioribus
1145 1095 1309 1156 atque
1338 1087 1406 1142 ad
1456 1085 1950 1157 philosophandum
1997 1101 2092 1156 ap-

518 1179 744 1235 tioribus
771 1179 988 1232 decreta
1025 1180 1222 1240 tradat,
1247 1179 1410 1234 etiam
1440 1179 1817 1248 cogitationes,
1851 1177 2094 1247 aquibus

517 1274 759 1329 actiones
785 1281 1140 1336 enascuntur,
1162 1281 1418 1340 tanquam
1452 1268 1628 1325 fontes
1651 1270 1915 1324 malorum
1943 1269 2093 1339 prius

519 1365 750 1421 obstruit
767 1361 950 1436 (quam
967 1364 1071 1418 illa:
1091 1364 1415 1433 scaturiant)
1438 1381 1450 1416 :
1472 1361 1636 1433 539
1651 1376 1756 1419 non
1775 1362 1950 1419 solum
1971 1377 2098 1432 pec-

519 1463 661 1520 cata,
683 1468 807 1509 cum
831 1453 1209 1517 admittuntur,
1229 1466 1418 1507 severe
1445 1453 1692 1522 puniens,
1711 1456 1804 1510 sed
1830 1455 1994 1508 etiam
2028 1467 2098 1508 ne

520 1546 895 1611 admittautur,
921 1544 1204 1614 diligenter
1222 1545 1533 1614 prohibens.
1555 1543 1706 1612 Quod
1741 1546 1786 1600 si
1813 1544 1917 1611 vis,
1933 1544 2096 1598 etiam

521 1639 634 1706 ipsa
673 1637 1005 1707 explicemus
1040 1637 1226 1692 verba.
1267 1637 1542 1706 Optimum
1578 1647 1757 1690 autem
1793 1647 1878 1692 est
1923 1637 2096 1706 ipsam

521 1730 709 1785 audire
744 1729 1114 1798 Scripturam.
1163 1728 1409 1784 «Dictum
1445 1737 1547 1795 est,
1587 1729 1782 1798 inquit,
1819 1729 2094 1797 antiquis:

1655 341 1714 402 S.
1757 338 2050 400 ISIDORI
2086 338 2229 399 PE'L
2238 336 2526 399 USIOT/E

3615 334 3735 404 1304

2663 451 2779 505 ΣΘι.
2811 481 2881 491 -
2909 449 3261 522 ΘΕΟΛΟΓῙῼ.

2214 547 2322 610 Εἰς
2348 547 2420 598 τό
2442 564 2457 577 ο
2498 563 2528 622 ι.
2562 542 3062 676 Ὀφθαλμὼέἑὶῖτὶ
3093 539 3415 611 ὀφθαλμοῦ
3435 582 3454 608 ,
3485 560 3504 594 ι
3533 555 3625 597 καί
3643 548 3712 602 τὰ

2953 631 3048 676 ης-

2953 631 3048 680 ης-

2259 722 2357 792 ET;
2384 728 2484 800 μέν
2513 728 2660 782 ἐστιν
2690 726 3018 797 ἀμφοτέρων
3047 725 3154 779 τῶν
3180 724 3461 796 διαθηκῶν
3488 726 3516 778 ό
3540 726 3739 797 νρμοθέ-

2189 832 2291 887 της
2314 831 2329 846 ·
2355 817 2472 870 ἀλλ’
2508 817 2538 870 ὁ
2561 815 2659 887 μὲν
2683 816 2846 886 νόμος
2886 814 3157 884 δυσηνίοις
3193 809 3314 867 οὖσι
3345 817 3458 878 τοῖς
3496 816 3742 880 Ἰουδαίοις

2189 909 2290 972 τὰς
2341 906 2570 978 πράξεις
2623 907 2938 979 ἀπηγόρευε
2984 906 3181 976 μόνον·
3230 907 3294 960 τὺ
3342 907 3400 960 δὲ
3439 908 3744 976 Εὑαγγέλιον

2192 1000 2290 1054 ἀτε
2313 997 2622 1069 φιλοσόφοις
2649 997 3012 1069 δογματίζων,
3043 997 3260 1062 καὶτὰς
3300 997 3532 1061 ἐννοίας,
3563 998 3646 1067 ἀφ’
3674 991 3744 1051 ὧν

2193 1095 2248 1148 αἱ
2279 1093 2508 1164 πράξεις
2564 1091 2811 1162 φύουσιν,
2835 1091 3023 1162 ὥσπερ
3058 1090 3244 1160 πηγὰς
3272 1091 3386 1144 τῶν
3412 1090 3592 1143 κακῶν
3621 1106 3733 1160 προ-

2193 1181 2530 1249 αναστέλλει,
2559 1182 2620 1236 οὐ
2643 1183 2909 1254 γενόμενα
2933 1184 3089 1254 μόνον
3117 1184 3187 1237 τὰ
3217 1184 3592 1254 ἁμαρτήματα
3606 1183 3745 1236 κολα-

2196 1273 2287 1337 ζον
2316 1271 2579 1344 ἀκριῦὦς,
2612 1271 2749 1326 ἀλλὰ
2783 1273 2918 1344 μηδὲ
2944 1274 3221 1342 γενέσθαι,
3254 1272 3471 1327 κωλύον
3495 1273 3745 1340 ἀσφαλῶς.

2196 1365 2259 1418 Εἰ
2287 1364 2342 1416 δὲ
2371 1363 2571 1434 βούλει,
2595 1365 2689 1418 καὶ
2708 1364 2848 1418 αὐτὰ
2873 1367 3243 1436 γυμνάσωμεν
3267 1365 3340 1418 τὰ
3375 1368 3589 1436 ῥήματα
3618 1365 3742 1435 (51)ο

2196 1455 2349 1509 οὐδὲν
2365 1455 2441 1523 δὲ,
2472 1452 2584 1509 οἷον
2606 1456 2776 1527 αὐτῆς
2803 1456 3033 1511 ἀκοῦσαι
3053 1456 3155 1527 τῆς
3183 1457 3436 1527 Γραφῆς.
3465 1476 3483 1508 ι
3522 1457 3745 1528 Ἐρῤέθην

2200 1550 2334 1619 φησὶ
2360 1589 2375 1612 ,
2407 1551 2518 1612 τοῖς
2552 1549 2824 1620 ἀρχαίοιςο
2864 1549 3169 1619 Ὀφθαλμὸν
3196 1549 3322 1603 ἀντί
3349 1550 3639 1620 ὀφθαλμοῦ,
3669 1551 3746 1603 καίΙ

2198 1640 2385 1693 ὀδόντα
2413 1640 2535 1694 ἀντὶ
2555 1637 2784 1704 ὀδόντος.
2832 1640 2974 1709 Ἐγὼ
3003 1642 3062 1695 δὲ
3124 1641 3270 1710 λέγω
3315 1642 3464 1711 ὑμῖν,
3518 1643 3587 1712 μὴ
3619 1644 3744 1694 ἀντι-

2206 1732 2402 1802 στῆναι
2423 1731 2504 1802 τῷ
2534 1732 2776 1802 πονηρῷ.
2809 1751 2832 1784 ›
2863 1733 2922 1785 '0
2954 1733 3052 1804 μὲν
3085 1733 3288 1802 μέτρον
3311 1733 3410 1802 τῆς
3436 1733 3582 1801 δίκης
3599 1733 3742 1802 ὁρίζει

519 1819 748 1876 Oculum
780 1797 882 1890 pro
896 1820 1074 1884 oculo,
1103 1830 1158 1875 et
1183 1823 1398 1876 dentem
1434 1835 1532 1890 pro
1547 1797 1727 1876 dente.
1769 1819 1881 1890 Ego
1910 1829 2093 1874 autem

2205 1821 2302 1892 τὴν
2329 1820 2551 1891 ἰσότητα
2587 1820 2683 1874 τοῦ
2725 1821 2934 1884 πάθους
2955 1862 2970 1882 ,
3005 1821 3265 1874 τοσοῦτον
3293 1822 3488 1892 δρᾶσαι
3513 1825 3616 1883 τοῖς
3642 1823 3738 1889 ἠδι-

522 1911 642 1967 dico
675 1913 856 1968 vobis:
899 1911 978 1966 Ne
1013 1912 1250 1967 resistite
1283 1913 1478 1967 malo.»
1536 1911 1644 1966 Lex
1675 1911 1891 1980 quidem
1921 1924 2096 1979 paenae

525 2016 832 2057 mensuram
862 2001 1049 2056 definit
1077 1999 1388 2070 mqualitate
1419 1999 1784 2069 perpessionis
1805 2040 1820 2063 ,
1853 1999 1979 2052 dum
2014 1999 2098 2051 in-

518 2093 658 2160 iuria
695 2093 902 2148 affectis
935 2103 1140 2147 tantum
1176 2094 1440 2161 permittit
1467 2092 1946 2160 facere,quantum
1976 2103 2098 2157 per-

524 2186 666 2254 pessi
696 2187 918 2249 fuerint,
957 2196 1098 2239 metu
1135 2185 1403 2249 videlicet,
1439 2200 1504 2237 ne
1530 2184 1651 2252 quis
1682 2182 1884 2237 similia
1922 2181 2100 2250 patia-

528 2287 621 2330 tur
647 2276 720 2330 iis
751 2289 872 2344 qua:
907 2275 1070 2338 fecit,
1106 2273 1366 2329 cohibens
1405 2273 1606 2326 malum
1665 2281 1955 2340 antequam
2008 2269 2102 2324 fiat

527 2368 666 2437 (hac
690 2368 836 2421 enim
867 2366 1133 2436 expositio
1157 2366 1480 2435 profundam
1514 2363 1835 2434 lcgislatoris
1865 2371 2099 2416 mentem

526 2455 788 2526 attingit.)
849 2455 1202 2524 Evangelium
1231 2469 1360 2510 vero
1390 2455 1803 2508 mansuetudine
1851 2453 2104 2508 lenitate-

527 2562 634 2618 que
662 2547 782 2617 ejus
815 2548 905 2617 qui
948 2547 1148 2602 malum
1195 2548 1454 2616 patiatur,
1489 2547 1630 2600 stitit
1660 2554 1822 2613 atque
1867 2544 2105 2599 inhibuit

531 2638 971 2708 improbitatem,
1018 2651 1089 2692 ne
1117 2637 1185 2691 ad
1228 2637 1495 2691 deteriora
1529 2635 1926 2705 progrediatur.
1967 2632 2105 2699 Quia

509 2731 676 2786 .enim
709 2731 1084 2786 ulciscentium
1117 2729 1380 2798 iniquitas
1421 2726 1567 2798 juste
1597 2729 2015 2792 terminabatur,
2053 2736 2108 2782 et

532 2838 600 2878 ne
632 2823 764 2893 quid
791 2836 957 2892 grave
991 2829 1047 2876 et
1066 2828 1221 2875 atrox
1254 2819 1428 2882 ﬁeret,
1459 2822 1543 2873 lex
1561 2818 1665 2871 lata
1682 2827 1842 2872 erat:
1879 2817 2108 2871 imitatio

533 2927 651 2972 erat
673 2916 954 2972 similium.
990 2914 1048 2970 id
1068 2914 1212 2970 enim
1233 2913 1462 2983 quisque
1501 2911 1731 2967 faciebat
1759 2911 1837 2981 (in
1856 2910 2107 2982 alterum)

533 3010 676 3080 quod
709 3007 902 3077 injuria
925 3007 1150 3063 affectus
1172 3007 1485 3061 accusabat.
1519 3003 1705 3073 Neque
1737 3018 1798 3058 ea
1831 3018 1920 3058 res
1950 3001 2108 3059 ﬁnem

2199 1931 2267 1982 κη
2278 1913 2460 1982 μένοις
2488 1914 2882 1983 συγχωρήσας,
2913 1906 3026 1965 οἷον
3053 1913 3392 1966 πεπόνθασιν
3430 1912 3538 1983 (5‘2)
3559 1954 3572 1978 ,
3604 1914 3653 1966 ἐν

2200 2005 2351 2076 φόϐῳ
2379 2005 2472 2059 τοῦ
2508 2005 2581 2076 μὴ
2610 2005 2680 2060 τὰ
2705 2007 2847 2058 αὐτὰ
2873 2005 3064 2059 παθεῖν
3095 2007 3546 2077 προαναστέλλων
3571 2007 3626 2059 τὸ
3661 2025 3742 2060 κα·

2199 2097 2313 2151 κόν.
2344 2096 2491 2169 Αὕτη
2521 2097 2629 2168 γὰρ
2683 2099 2717 2168 ἡ
2757 2096 2950 2168 ἐκδοχὴ
2977 2100 3078 2168 τῆς
3103 2099 3199 2151 τοῦ
3234 2097 3524 2168 νομοθέτου
3556 2097 3742 2167 βαθείας

2201 2190 2432 2244 ἅπτεται
2462 2188 2658 2260 φρενός
2682 2207 2694 2219 ·
2717 2189 2777 2242 τὸ
2809 2189 2854 2242 δ’
2879 2193 2934 2242 έν
2964 2192 3030 2260 τῇ
3080 2191 3355 2263 πραότητι
3380 2190 3474 2242 τοῦ
3497 2189 3738 2254 παθόντος,

2202 2280 2398 2353 ἔστησε
2424 2285 2522 2344 τῆς
2544 2281 2744 2345 κακίας
2761 2279 2863 2351 τὴν
2888 2283 2981 2334 ἐπὶ
3005 2283 3074 2335 τὰ
3103 2281 3277 2352 χείρω
3305 2281 3545 2353 πρόοδον.
3561 2280 3737 2350 Ἐπειδὴ

2204 2371 2313 2441 γὰρ
2345 2372 2453 2423 τῶν
2482 2370 2840 2441 ἀμυνομένων
2871 2372 2903 2441 ἡ
2934 2370 3116 2424 ἀδικία
3153 2370 3268 2442 (55)
3305 2373 3526 2434 δικαίως
3553 2372 3737 2442 ὥριστο,

2205 2462 2458 2533 καὶπρὸς
2486 2463 2548 2516 τὸ
2590 2463 2757 2534 μηδὲν
2801 2463 3117 2534 πραχθῆναι
3159 2465 3339 2517 δεινὸν
3367 2464 3736 2535 νενομοθέτητο,

2209 2553 2436 2623 μίμησις
2476 2547 2544 2624 ἦν
2593 2550 2700 2604 τῶν
2744 2551 2947 2622 ὁμοίων
2977 2569 2990 2584 ·
3033 2551 3165 2622 ἔδρα
3210 2553 3327 2626 γὰρ
3379 2553 3592 2616 ἕκαστος
3631 2555 3739 2622 ὅπερ

2207 2643 2534 2715 ἠδικημένος
2562 2644 2842 2698 ἐνεκάλει·
2878 2647 2974 2698 καὶ
2994 2646 3054 2698 οὐ
3082 2645 3236 2714 λῆξις
3272 2641 3343 2715 ἦν
3365 2644 3471 2698 τῶν
3499 2645 3737 2715 προτέρων

2209 2733 2388 2799 τοῦτο,
2429 2733 2566 2787 ἀλλὰ
2601 2735 2696 2786 καὶ
2744 2733 3048 2804 πρόκλησις
3093 2735 3525 2806 ἀργαλεωτέρων
3549 2734 3731 2787 κακῶν·

2210 2824 2304 2877 τοῦ
2338 2825 2436 2894 μὲν
2474 2820 2629 2888 αὖθις
2668 2823 3111 2896 παροξυνομένου
3157 2828 3255 2880 καὶ
3286 2827 3519 2897 δρῶντος
3545 2842 3559 2858 ο
3587 2825 3663 2878 τοῦ
3693 2825 3736 2878 δὲ

2211 2917 2307 2971 καὶ
2325 2915 2573 2985 δεύτερον
2603 2915 2914 2984 ἀμύνασθαι
2943 2916 3384 2984 φιλονεικοῦντος
3404 2935 3417 2947 ·
3448 2918 3561 2987 590v
3587 2917 3634 2968 δὲ
3655 2915 3737 2968 τῶν

2211 3005 2398 3059 κακῶν
2422 2993 2611 3059 οὐδένα
2633 3005 2836 3070 εἰδότος
2853 3021 2866 3034 '
2895 3006 3019 3059 οὐδὲ
3044 3009 3110 3078 τῇ
3143 3007 3334 3078 ἀμύνῃ
3374 2990 3483 3074 (54)
3509 3004 3734 3073 τελευτὴν,

536 3101 806 3169 prioribus
847 3098 1108 3154 afferebat
1155 3097 1344 3163 malis,
1402 3098 1495 3152 sed
1550 3097 1864 3165 provocatio
1897 3110 2099 3166 quoque

2213 3097 2330 3150 ἀλλ’
2375 3096 2549 3168 ἀρχὴν
2587 3097 2848 3168 μειζόνων
2892 3097 3190 3169 συμφορῶν
3237 3098 3561 3162 ὠδίνουσαν,
3596 3098 3660 3160 εἰς
3689 3097 3738 3150 ἇ-

536 3201 656 3248 erat
690 3193 1002 3262 graviorum
1039 3189 1340 3253 malorum,
1373 3189 1548 3243 altero
1575 3189 1792 3257 quidem
1827 3187 2002 3242 denuo
2037 3186 2111 3240 ir-

535 3285 699 3339 ritato
725 3292 780 3338 et
829 3284 1104 3348 faciente;
1159 3281 1332 3336 altero
1363 3292 1544 3334 autem
1594 3281 1759 3335 etiam
1807 3280 2006 3334 iterato
2049 3292 2109 3333 se

537 3375 708 3431 ultum
740 3376 820 3431 ire
844 3375 1225 3437 contendente,
1258 3372 1420 3428 finem
1442 3384 1572 3427 vero
1608 3371 1872 3426 malorum
1899 3369 2107 3424 nullum

538 3468 770 3523 sciente:
804 3480 978 3536 neque
1005 3465 1212 3521 ultione
1246 3463 1434 3530 finem,
1469 3467 1563 3520 sed
1597 3464 1811 3518 initium
1841 3462 2109 3531 majorum

539 3559 907 3614 calamitatum
973 3555 1256 3626 pariente,
1315 3568 1544 3625 uterque
1600 3556 1652 3609 in
1715 3552 2113 3624 implacabilem

541 3649 999 3718 contemptionem
1031 3646 1364 3711 incidebant,
1401 3657 1458 3700 et
1486 3647 1702 3716 sapiens
1740 3644 1873 3714 legis
1900 3643 2119 3698 institu-

2216 3188 2440 3241 σπονδόν
2473 3206 2598 3243 τινα
2629 3190 3068 3243 ἐκπεπτωκότων
3111 3190 3252 3261 έριν,
3296 3189 3394 3244 καὶ
3424 3190 3511 3243 τοῦ
3534 3191 3671 3260 νόμου
3693 3188 3740 3240 τὸ

2214 3278 2380 3346 σοφὸν
2405 3277 2811 3348 ὲκὸιαζομένων
2835 3277 3045 3346 ἐφόδιον
3078 3278 3356 3332 ποιεῖσθαι
3385 3277 3629 3342 κακίας,ὄ
3654 3275 3738 3329 τῶν

2215 3368 2577 3437 πταισμάτων
2603 3368 2792 3434 ἔταξεν
2813 3370 3182 3442 ἀναιρετικόν.
3228 3370 3450 3440 Ἐπειδὴ
3485 3368 3640 3422 τοίνυν
3668 3383 3737 3418 το-

2217 3460 2389 3514 σαῦτα
2422 3462 2673 3516 ἐτίκτετο
2703 3462 2870 3528 κακὰ,
2903 3464 3003 3532 τὴν
3035 3463 3213 3535 ἀρχὴν
3242 3463 3434 3534 ὥσπερ
3459 3461 3560 3533 πῦρ
3585 3459 3738 3513 σϐέσαν

2215 3549 2278 3603 τὸ
2307 3551 2662 3621 Εὐαγγέλιον,
2698 3551 2895 3624 ἔστησε
2932 3551 3028 3606 τοῦ
3055 3553 3228 3608 κακοῦ
3277 3554 3379 3626 τὴν
3420 3556 3495 3616 είς
3517 3553 3572 3608 τὸ
3593 3550 3739 3618 πρόσω

2220 3659 2413 3712 φοραν.

546 3753 656 3799 tum
714 3741 894 3798 facere
953 3741 1268 3796 nitebantur
1319 3741 1476 3809 quasi
1526 3740 1787 3794 viaticum
1876 3737 2152 3808 nequitiae,
2179 3730 2326 3807 quod
2386 3735 2709 3808 (legislator)
2764 3737 2820 3792 in
2855 3752 2980 3793 eum
3016 3739 3198 3808 potius
3227 3739 3393 3794 finem
3424 3736 3736 3797 constituerat,

545 3845 604 3893 ut
655 3846 874 3907 peccata
905 3850 937 3891 e
966 3836 1140 3890 medio
1177 3834 1408 3890 tolleret.
1448 3834 1587 3902 Quia
1621 3834 1785 3905 igitur
1815 3841 1894 3890 tot
1932 3841 2187 3902 tantaque
2255 3831 2394 3886 mala
2476 3833 2604 3888 hinc
2671 3834 3058 3896 nascebantur,
3121 3833 3245 3889 ideo
3297 3831 3624 3902 Evangelium
3650 3829 3739 3900 ipso

545 3931 814 3986 exstincto
850 3928 1004 3984 initio
1053 3937 1307 3996 tanquam
1338 3928 1485 3996 igne,
1533 3925 1732 3982 malum
1762 3925 2004 3982 cohibuit
2047 3939 2111 3980 ac
2147 3923 2312 3989 stitit,
2344 3936 2410 3977 ne
2441 3922 2666 3978 ulterius
2731 3925 3070 3993 procederet.

1015 4037 1170 4095 CCX.
1211 4069 1280 4079 —
1331 4035 1650 4092 NEMESIO.

2647 4035 2746 4089 ΣῙ⁹.
2779 4066 2850 4076 ——
2884 4037 3195 4108 ΝΕΜΕΣΙῼ
3241 4036 3379 4107 (35).

547 4132 616 4188 In
639 4133 694 4186 id
715 4135 852 4204 quod
894 4132 1092 4204 dictum
1125 4140 1199 4204 eg
1225 4146 1243 4183 :
1260 4127 1378 4204 sive
1399 4131 1626 4204 declines
1658 4131 1726 4183 ad
1755 4131 1992 4204 dext_ru_m
2023 4145 2099 4183 ait

2223 4132 2330 4196 Εὶς
2367 4128 2433 4181 τὸ
2462 4127 2817 4204 εἰρημένην·
2858 4148 2878 4182 ι
2910 4129 3009 4204 Μὴ
3043 4130 3339 4204 ἐκκλίνῃς
3368 4126 3564 4204 δεξιὰ,
3586 4125 3619 4192 ἣ
3645 4124 3741 4204 ἀρι-

715 4139 852 4204 quod
894 4139 1092 4185 dictum
1125 4140 1199 4184 est
1225 4146 1243 4183 :
1263 4139 1378 4184 (ﬂe
1399 4139 1626 4184 declines
1658 4139 1725 4183 ad
1755 4139 1992 4183 dextrum
2023 4145 2099 4183 ait

711 4205 983 4258 sinistrum
1005 4201 1107 4255 ⁸⁸.»
1150 4198 1220 4253 Et
1251 4201 1429 4254 labore
1469 4203 1717 4254 virtutem
1756 4199 1963 4270 perﬁci.

2223 4139 2330 4196 Εἰς
2367 4139 2433 4181 το
2464 4139 2817 4198 ειρημένον’
2858 4148 2878 4182 ι
2910 4139 3009 4196 Μὴ
3043 4139 3339 4198 ἐκκλίνῃς
3368 4139 3547 4192 δεξιὰ,
3586 4139 3619 4192 ἡ
3645 4139 3674 4176 a

2293 4197 2497 4266 στερά.
2539 4217 2560 4250 ι
2594 4199 2705 4252 Καὶ
2729 4198 2818 4252 ὅτι
2849 4201 3014 4265 πόνῳ
3038 4200 3437 4268 κατορθοῦται
3469 4199 3504 4267 ή

617 4313 882 4382 Quoniam
927 4310 1071 4368 inter
1118 4312 1485 4383 profusionem
1514 4321 1570 4368 et
1593 4313 1782 4368 sordes
1831 4312 2008 4368 media
2037 4325 2098 4369 es

2308 4308 2528 4379 Ἐπειδὴ
2556 4310 2589 4379 ἡ
2621 4307 2720 4379 μὲν
2749 4308 3034 4381 ἐλευθερία
3069 4309 3181 4380 (56)
3213 4309 3355 4380 μέση
3386 4308 3526 4362 ἐστὶν
3551 4303 3741 4363 ἀσωτίας

549 4407 881 4464 liberal-itas:
904 4405 1070 4461 animi
1097 4417 1278 4460 autem
1308 4405 1622 4475 magnitudo
1650 4405 1792 4460 inter
1812 4403 2099 4474 superbian

2225 4403 2322 4455 καὶ
2351 4401 2639 4470 φειδωλίας
2661 4441 2678 4467 ,
2712 4402 2746 4472 ἡ
2791 4401 2851 4453 δὲ
2890 4401 3267 4471 μεγαλοψυχία
3299 4397 3648 4471 ὑπερηφανίας
3669 4393 3738 4446 καὶ

549 4509 604 4554 et
631 4500 992 4555 humilitatem
1019 4497 1311 4568 interiecta
1334 4505 1420 4553 est
1445 4514 1460 4551 :
1515 4495 1691 4567 pietas
1721 4496 1956 4565 denique
1985 4495 2096 4550 inte

2216 4493 2602 4564 ταπεινότητος
2619 4508 2635 4524 ο
2671 4493 2705 4562 ἡ
2731 4492 2787 4545 δὲ
2810 4492 3065 4544 εὐσέϐεια
3091 4491 3512 4562 δεισιδαιμονίας
3541 4488 3622 4542 καὶ
3645 4487 3742 4539 ἀσε-

550 4590 988 4662 superstitionem
1032 4598 1087 4644 et
1127 4589 1460 4657 impietatem
1515 4589 1662 4657 (qua:
1712 4602 1878 4643 causa
1909 4601 2099 4657 quoqu:

2233 4584 2423 4648 ϐείαςο
2458 4583 2539 4637 διὸ
2581 4583 2676 4638 καὶ
2724 4582 3058 4655 ἀγχιθύρους
3106 4579 3245 4638 εἶναι
3298 4583 3398 4646 τὰς
3444 4585 3621 4641 κακίας
3655 4576 3743 4636 tu"?

551 4690 656 4749 est,
685 4681 828 4752 quod
859 4681 1162 4751 sapientes,
1191 4695 1314 4735 cum
1343 4680 1474 4734 vitia
1500 4679 1790 4735 virtutibus
1818 4678 1992 4734 vicina
2025 4681 2099 4734 de-

2222 4678 2445 4746 ἀρεταίς
2476 4676 2592 4745 (57)
2637 4676 2792 4744 σοφοὶ
2838 4674 3152 4745 ὁρισάμενοι
3196 4675 3426 4746 ἄνδρες,
3476 4672 3565 4741 τὴν
3608 4669 3742 4738 μέσην

555 4772 888 4836 finivissent,
919 4771 1153 4827 medium
1180 4771 1357 4827 locum
1392 4769 1685 4826 virtutibus
1737 4769 2073 4841 tribuerunt)

2222 4769 2408 4837 χώραν
2437 4769 2558 4831 ταῖς
2584 4770 2809 4838 ἀρεταῖς
2842 4767 3113 4821 ἀπέδοσαν
3137 4783 3150 4796 ⁸
3199 4767 3368 4838 κάμοὶ
3398 4765 3474 4828 εἰς
3496 4763 3650 4821 πασας
3670 4756 3741 4816 τὰς

555 4860 685 4918 mihi
733 4861 898 4917 etiam
955 4864 1025 4916 ad
1073 4875 1262 4916 omnes
1291 4861 1523 4917 virtutes
1572 4860 1748 4916 media
1778 4861 1865 4916 via
1919 4860 2099 4931 optim:

2221 4857 2422 4930 ἀρετὰς
2455 4859 2756 4930 μεσαιτάτη
2803 4860 2920 4923 ὁδὸς
2960 4858 3159 4931 ἀρίστη
3207 4859 3472 4929 φαίνεται.
3503 4854 3600 4907 Καὶ
3631 4846 3740 4902 τοῦτ’

620 5019 668 5052 ⁸⁵
695 5017 950 5083 Mattb.v,
980 5016 1050 5072 58
1073 5031 1232 5086 seqq.
1305 5015 1352 5047 ⁸⁸
1386 5015 1539 5070 Deut.
1573 5031 1706 5078 xvii,
1736 5017 1820 5071 l-l.

1663 5167 1898 5223 γΑιιιίΕ
1935 5165 2317 5222 LECTIONES
2356 5164 2441 5220 ET
2477 5161 2706 5220 norm.

628 5328 742 5398 (51)
817 5327 1066 5398 Ῥήματα
1126 5330 1298 5379 mutat
1343 5325 1396 5378 in
1451 5323 1591 5395 ρητὰ
1643 5323 1762 5377 cod.
1817 5322 1936 5376 Vat.
2003 5321 2128 5376 650.
2311 5320 2427 5398 (55)
2474 5319 3063 5398 lnscriptio_nem_,_quze
3113 5320 3165 5373 in
3188 5320 3333 5398 _edit.
3371 5317 3532 5373 Paris.
3576 5313 3732 5371 deerat,

558 5389 764 5453 Possm.
899 5389 933 5398 ”
1451 5389 1463 5393 ”
1507 5389 1519 5395 ’
2235 5389 2548 5458 supplemus
2579 5405 2646 5442 ex
2666 5389 2851 5458 codice
2878 5390 3156 5458 Vaticano.
3188 5391 3340 5444 Eutr.

629 5447 900 5538 (δὲ’)Ῥοει
929 5465 1277 5538 πεπόνθασιν
1305 5463 1619 5538 tolli_t_ide_m
1647 5464 1765 5516 cod.
1810 5462 1889 5525 ἐν,
1921 5471 1979 5517 et
2016 5461 2096 5516 loc

2451 5458 2555 5514 Pro
2587 5457 2869 5530 ἐλευθερία
2901 5461 3023 5514 cod.
3068 5457 3244 5514 Vatic.
3288 5457 3467 5513 scribit
3495 5447 3730 5518 ἐλευθεριό-

561 5530 840 5609 ἰΙΙίίιεὶιιῑίο
871 5538 1040 5609 ponit.
1073 5538 1213 5609 πέρα
1238 5537 1296 5590 δὲ
1323 5533 1521 5609 ,μηδέντ
1560 5533 1635 5609 'P-
1795 5602 1806 5609 .
1853 5602 1864 5609 .
1980 5603 1991 5609 -

2235 5530 2584 5609 τηέιὲὀξεικο
2690 5604 2700 5609 ,
2888 5597 2914 5609 -
3086 5601 3097 5609 .
3297 5600 3308 5609 .
3463 5594 3556 5609 -,
3673 5585 3690 5596 ο

630 5607 744 5677 (55)
790 5594 894 5663 Pro
943 5594 1262 5662 ἀδικίαέἱο
1319 5594 1459 5660 idem
1510 5604 1702 5670 habet,
1755 5602 1902 5657 αἰτία
1946 5603 1994 5655 εί
2037 5618 2099 5656 κο

2243 5594 2299 5677 ,ἶ
2309 5601 2424 5677 (5.7.!
2467 5602 2834 5677 Ἀτκιθύροις
2858 5597 3012 5677 εἶναι
3036 5596 3512 5677 ﬂammam?
3529 5594 3726 5677 ἀρέῑέξῖξ

562 5664 672 5740 δικ..
700 5664 775 5732 li).
1690 5664 1699 5670 ⁷

2240 5664 2500 5724 Similiter
2528 5664 2761 5739 loquitur
2791 5664 2948 5738 epist.
2985 5671 3082 5723 2.“
3132 5669 3224 5723 lib.
3256 5687 3312 5734 ιι,
3347 5671 3439 5732 τὰς
3471 5664 3728 5733 autem

635 5749 750 5818 (54)
785 5748 929 5807 Idem
962 5750 1106 5814 cod.,
1135 5748 1232 5818 τὴν
1266 5745 1496 5816 ἄμυναν.
1529 5746 1607 5800 lo.

2239 5741 2347 5798 τῶν
2376 5740 2584 5810 ἀρετῶν
2619 5743 2814 5805 κακίας
2845 5740 3110 5810 φυγοῦσα.
3145 5741 3300 5796 lttn'.
