3906 6416
230 307 385 375 1385

1115 314 1649 376 EPISTOLARUM
1682 316 1829 376 LIB.
1857 315 1971 376 «IV.
2010 334 2077 350 -·
2106 310 2344 373 EPIST.
2384 307 2650 370 CCXIII.’

3378 302 3512 371 1306

231 420 418 482 ἔστιν,
474 419 592 492 (58)
640 422 778 496 ὅπερ
807 423 1075 496 ἠθέλησας
1104 428 1293 496 μαθεῖν
1321 444 1335 459 ’
1392 448 1411 480 ι
1450 430 1543 499 Μὴ
1574 429 1829 501 ἐκκλίνῃς
1858 480 1862 489 .

1952 443 2050 483 :sse
2078 427 2307 481 videtur.
2349 425 2527 496 Atque
2556 424 2660 479 hoc
2690 421 2820 478 illud
2851 429 2972 488 est,
3004 420 3148 491 quod
3178 419 3389 475 diScere
3419 433 3515 473 vo—

230 509 419 577 δεξιὰ,
460 514 588 583 μηδ’
644 514 929 585 ἀριστερά.
982 535 1001 568 ι
1062 516 1198 589 ’0δῷ
1256 519 1509 592 βασιλικῇ
1556 520 1815 591 πορεύου.

246 602 487 673 Ἐπειδὴ
512 604 621 674 γὰρ
653 606 710 658 αἱ
737 623 811 660 πα
820 608 1128 679 ρεκκλίσεις
1157 609 1265 663 τῶν
1283 612 1494 681 ἀρετῶν
1527 612 1607 674 εἰς
1630 611 1831 665 κακίαν

234 693 481 760 λήγουσι
507 710 522 724 ⁸
569 697 800 767 θέλησας
828 700 939 772 γάρ
979 718 1065 764 τις
1121 697 1258 755 εἶναι
1291 702 1402 773 (59)
1454 704 1795 774 οἰκονομικὺς
1817 745 1832 769 ,

235 784 469 851 πολλοῖς
497 787 608 855 (60)
643 791 723 852 εἰς
746 791 1032 859 φειδωλίαν
1060 793 1321 847 ἀνέπεσεν
1340 834 1355 858 ,
1389 795 1421 865 ἢ
1453 795 1732 865 φιλότιμος
1756 797 1838 858 εἰς

234 876 531 931 ἀσωτίανθ
570 881 631 932 οὐ
684 882 846 951 μόνον
888 884 1147 955 ἀμείνονα
1179 886 1276 957 τὴν
1330 886 1523 959 μέσην,
1557 887 1694 942 ἀλλὰ
1740 887 1838 941 καὶ

238 962 694 1040 βασιλικωτάτην
717 972 942 1038 εἰκότως
972 971 1111 1029 εἶναι
1149 974 1440 1044 ὡρίσαντο.

716 1251 863 1306 aur.
892 1282 963 1293 —
984 1253 1407 1326 ΑΔΑΜΑΝΤΙῼ.

249 1340 321 1396 Τί
343 1341 481 1396 ἐστι
508 1341 576 1396 τὸ
599 1342 915 1412 εῑρημένον
939 1344 1008 1396 ἐν
1029 1343 1103 1412 τῇ
1124 1344 1252 1413 ᾠδῇ
1282 1346 1598 1415 Ἀϐακούμ·
1631 1366 1650 1399 ι
1671 1347 1839 1403 Ἐκά-

492 1416 694 1482 lvd-8r
725 1415 1019 1481 οὐρανοὺς
1057 1416 1093 1484 ἡ
1125 1415 1305 1484 ἀρετὴ
1331 1417 1543 1471 αὑτοῦ.
1590 1437 1610 1469 ι

335 1520 562 1595 Ἐπειδὴ
613 1522 737 1587 νοῦς
764 1523 834 1577 τὰ
882 1524 1021 1597 ὑπὲρ
1072 1527 1196 1581 νοῦν
1229 1528 1420 1599 νοῆσαι
1462 1529 1522 1582 ού
1567 1528 1834 1595 δύναται,

245 1611 380 1665 οὐδὲ
405 1612 564 1681 λόγος
600 1613 670 1666 τὰ
699 1615 840 1687 ὑπὲρ
866 1614 1024 1685 λόγον
1052 1618 1259 1687 φράσαι
1284 1634 1297 1647 ·
1325 1617 1485 1671 τοῦτο
1522 1619 1631 1688 γὰρ
1660 1617 1835 1683 οὕτως

248 1705 386 1774 ἔχον
443 1704 587 1774 (6⁸2),
644 1706 981 1777 ἰσχυρίζεται
1027 1707 1099 1761 τὰ
1151 1707 1271 1762 θεῖα
1313 1709 1508 1777 λόγια,
1566 1710 1831 1778 λέγοντα·

256 1814 278 1846 ι
312 1793 458 1859 Δόξα
504 1795 711 1866 Κυρίου
741 1796 971 1868 κρύπτει
1016 1796 1175 1865 λόγον
1197 1838 1212 1862 ,
1250 1818 1267 1850 ι
1315 1799 1569 1852 τουτέστι
1595 1840 1611 1866 ,
1638 1799 1838 1863 παντὸς

250 1885 423 1952 λόγου
463 1887 729 1957 κρείττων
761 1888 880 1940 ἐστὶ
920 1887 1017 1942 καὶ
1062 1889 1309 1960 άνωτέρα
1352 1892 1385 1961 ἡ
1415 1888 1540 1955 δόξα
1575 1891 1609 1961 ἡ
1643 1890 1842 1943 δεσπο-

246 1980 385 2049 τικὴ
411 1996 423 2007 ·
454 1980 551 2032 καὶ
582 1980 681 2034 οὐκ
710 1976 938 2054 εἷπεν,ἠ
969 1982 1151 2052 φύσις,
1184 1984 1276 2051 ἀφ’
1298 1978 1366 2055 ἦς
1394 1985 1427 2053 ή
1459 1982 1583 2047 δόξα
1611 2025 1625 2048 ,
1665 1983 1783 2036 ἀλλ’
1806 1985 1841 2055 ἡ

250 2069 385 2137 δόξα
408 2071 441 2141 ἡ
468 2072 531 2125 ὲκ
558 2071 658 2141 τῆς
685 2072 894 2137 οὐσίας·
928 2075 1326 2145 παραχωρείτω
1349 2076 1497 2127 πᾶσα
1527 2074 1841 2147 ἀνθρωπίνη

254 2160 426 2228 φύσις
448 2160 526 2230 τῷ
558 2160 889 2230 μεγέθειτοῦ
917 2165 1261 2235 πράγματος
1290 2164 1385 2219 καὶ
1418 2164 1494 2235 μὴ
1527 2165 1627 2234 τὴν
1655 2165 1841 2218 οὐσίαν

253 2250 732 2320 τεεριεργαζέσθω,
760 2251 894 2305 ἀλλὰ
916 2253 1293 2325 προσκυνείτω
1319 2254 1419 2323 τὴν
1451 2252 1627 2317 ἀξίαν·
1664 2270 1842 2324 παρα-

255 2340 513 2411 χωρείτω
542 2341 600 2393 δὲ
632 2344 739 2406 πᾶς
776 2343 888 2414 (62)
923 2345 952 2396 ὁ
980 2345 1089 2399 τῶν
1136 2346 1409 2415 ἀγγέλων,
1443 2346 1539 2399 καὶ
1566 2347 1842 2416 ἀρχαγγέ-

253 2431 389 2493 λων,
428 2434 524 2486 καὶ
555 2433 665 2487 τῶν
714 2435 826 2489 ἄνω
859 2435 1144 2507 δυνάμεων
1184 2438 1377 2509 δῆμος.
1410 2440 1504 2501 Εἰς
1543 2439 1703 2492 τοῦτο
1730 2442 1840 2511 γὰρ

257 2519 451 2590 βλέπει
490 2524 551 2575 τὸ
598 2524 784 2595 ῥητὸν,
830 2525 967 2598 ὅπερ
996 2526 1271 2599 ἠθέλησας
1308 2529 1531 2599 μαθεῖν’
1589 2548 1609 2583 ι
1673 2530 1836 2584 Ἐκά-

254 2608 428 2680 λυψεν
466 2614 727 2684 οὐρανοὺς
756 2618 790 2687 ὴ
826 2617 995 2689 ἁρετὴ
1029 2619 1216 2672 αὐτοῦ.
1272 2637 1291 2671 ι
1337 2619 1547 2690 Μηνύει
1576 2621 1706 2693 γὰρ,
1757 2623 1840 2675 ὄτι

256 2700 447 2771 πάσης
480 2702 579 2773 τῆς
608 2704 906 2778 ἀγγελικῆς
950 2706 1191 2776 πληθύος
1230 2708 1326 2761 καὶ
1356 2708 1466 2762 τῶν
1492 2708 1680 2777 ςὰγίων
1710 2728 1842 2779 ταγ-

258 2790 454 2860 μάτων
504 2794 709 2865 μείζων
739 2797 889 2851 ἐστὶν
937 2800 967 2851 ὁ
1014 2798 1144 2869 περὶ
1182 2799 1281 2870 τῆς
1318 2798 1471 2864 θείας
1519 2800 1709 2865 οὐσίας
1754 2801 1841 2854 λό-

256 2898 359 2952 γος
393 2885 528 2955 (63).
543 2905 563 2939 ο

636 3084 781 3138 ΣιΒο.
811 3116 882 3128 -
910 3085 1459 3159 ΟΥΑΡΣΕΝΟΥΦΙῼ.

515 3176 619 3240 Εἰς
648 3175 738 3240 τὸ,
779 3193 797 3227 ι
838 3177 1069 3231 Μάθετε
1099 3178 1292 3231 καλὸν
1321 3177 1536 3232 ποιεῖν.
1568 3197 1587 3230 ι

345 3287 567 3359 Ἐπειδὴ
631 3289 817 3343 πολλοὶ
865 3291 976 3344 τῶν
1025 3291 1095 3344 τὰ
1156 3291 1389 3363 μέγιστα
1438 3292 1844 3364 παραινούντων

258 3379 388 3433 οὐδὲ
415 3379 486 3433 τὰ
520 3382 691 3452 μικρὰ
719 3385 892 3435 ποιεῖν
921 3383 1207 3452 ἀνέχονται
1244 3382 1357 3453 (64)
1381 3422 1397 3449 ,
1434 3383 1548 3435 ἀλλ’
1580 3384 1639 3437 ὲν
1667 3383 1845 3451 λόγοις

260 3470 703 3540 φιλοσοφοῦντες.
723 3475 780 3526 ὲν
799 3476 912 3537 τοῖς
938 3473 1120 3545 ἔργοις
1142 3473 1404 3544 αἰσχύνην
1431 3460 1841 3542 όφλισκάνουσι,

258 3560 353 3615 διὰ
392 3562 537 3614 τοῦτ’
566 3563 778 3634 εἴρηται
804 3565 889 3630 τό,
923 3583 941 3616 ι
976 3565 1193 3618 Μὰθετε
1224 3565 1387 3618 καλὸν
1425 3567 1619 3617 ποιεῖν.
1660 3582 1679 3615 ι
1716 3564 1850 3618 Οὐκ·

258 3651 358 3706 οὖν
381 3654 489 3725 χρὴ
524 3656 892 3725 συμϐαίνοντα
913 3656 992 3727 τῷ
1020 3656 1163 3727 λόγῳ
1193 3656 1284 3711 τὸν
1311 3656 1424 3726 βίον
1443 3655 1607 3725 ἔχειν,
1640 3656 1732 3709 τὸν
1769 3656 1846 3727 μὴ

263 3742 530 3814 μέλλοντα
555 3747 730 3818 ὀνείδη
760 3765 820 3801 τε
849 3747 1017 3814 ἕξειν,
1051 3748 1147 3801 καὶ
1172 3748 1445 3819 τιμωρίαν
1484 3747 1721 3815 ὑφέξειν.

1938 520 2081 576 luisti
2128 537 2143 574 :
2196 537 2215 571 ι
2244 517 2322 573 Ne
2373 517 2616 573 declines
2664 516 2730 569 ad
2781 515 3052 578 dextram,
3078 525 3254 581 neque
3316 511 3383 564 ad
3435 510 3513 565 si-

1938 613 2219 667 nistram.)
2283 609 2453 680 Regia
2483 610 2569 663 via
2614 606 2870 662 incedito.
2912 605 3047 672 Quia
3078 605 3222 658 enim
3255 600 3514 656 deﬂexio—

1937 720 2035 759 nes
2057 705 2317 759 virtutum
2349 704 2402 757 in
2424 702 2615 757 vitium
2647 700 2902 755 desinunt
2926 698 3093 768 (stepe
3118 696 3263 751 enim
3294 695 3513 763 aliquis.

1937 796 2065 851 dum
2111 795 2250 864 frugi
2280 803 2337 848 et
2386 793 2558 848 bonus
2614 788 3002 860 paterfamilias
3036 799 3158 842 esse
3190 784 3396 851 voluit,
3461 785 3514 836 in

1936 885 2129 941 sordes
2158 883 2349 938 incidit
2376 904 2387 939 :
2419 893 2513 936 aut
2536 882 2660 936 dum
2692 881 2919 935 honoris
2948 878 3186 933 studium
3217 874 3514 937 adamavit,

1938 974 1993 1028 in
2043 970 2463 1043 profusionem),
2518 971 2717 1025 merito
2747 970 2891 1023 viain
2926 966 3156 1021 mediam
3192 978 3300 1017 non
3343 962 3515 1016 solum

1938 1064 2219 1121 meliorem
2246 1101 2263 1129 ,
2317 1061 2413 1118 sed
2459 1061 2622 1116 etiam
2677 1061 2912 1115 maxime
2961 1058 3165 1127 regiam
3217 1068 3341 1109 esse
3401 1062 3517 1106 sta-

1941 1162 2175 1211 tuerunt.

2255 1261 2418 1333 5&0
2452 1259 2630 1315 CCXI.
2673 1291 2740 1301 ——
2781 1256 3203 1313 ADAMANTIO.

1940 1351 2082 1417 Quid
2111 1353 2174 1405 sit
2197 1352 2334 1421 quod
2365 1352 2420 1402 in
2465 1352 2669 1421 cantico
2699 1348 2954 1421 Habacttc
2980 1348 3183 1421 dictum
3205 1356 3316 1399 est:
3350 1349 3515 1415 tOpe-

2348 1422 2455 1474 ruit
2490 1419 2651 1473 coefos
2691 1419 2858 1471 virtus
2884 1418 3000 1486 ejus
3021 1417 3124 1471 “.a

2007 1532 2272 1601 Quoniam
2306 1531 2586 1603 (humana)
2617 1545 2770 1584 mens
2816 1545 2879 1584 ea
2906 1544 3025 1598 qua:
3067 1543 3229 1597 supra
3280 1536 3511 1582 mentem

1939 1630 2067 1676 sunt
2114 1621 2418 1689 intelligere
2450 1634 2557 1672 non
2611 1627 2821 1688 potest,
2872 1633 3048 1686 neque
3091 1632 3270 1672 sermo
3300 1632 3362 1671 ea
3392 1633 3514 1685 qua:

1938 1724 2189 1764 sermone
2216 1711 2404 1764 altiora
2428 1718 2575 1773 sunt,
2590 1709 2741 1762 effari
2768 1709 2895 1775 (hoc
2923 1708 3067 1762 enim
3099 1708 3173 1761 ita
3207 1722 3264 1760 se
3290 1708 3510 1770 habere,

1940 1803 2117 1856 divina
2150 1801 2420 1856 aﬂirmant
2449 1802 2667 1855 oracula
2688 1843 2702 1865 ,
2730 1817 2852 1857 cum
2881 1801 3076 1853 aiunt:
3134 1817 3151 1850 ι
3177 1798 3358 1854 Gloria
3396 1800 3510 1852 Do—

1940 1892 2070 1945 mini
2130 1892 2267 1945 celat
2293 1906 2596 1946 sermonem
2619 1890 2704 1938 δδε
2740 1905 2758 1935 ι
2797 1885 2897 1943 huc
2928 1899 3042 1953 est,
3078 1888 3224 1941 omni
3260 1904 3512 1943 sermone

1939 1983 2278 2051 praestantior
2327 1991 2412 2036 est
2469 1990 2629 2049 atque
2675 1981 2924 2049 superior
2986 1979 3155 2046 gloria
3209 1978 3508 2042 Dominica;

1938 2090 2041 2132 nec
2069 2073 2204 2127 dixit
2237 2071 2535 2143 (Salomon)
2563 2092 2576 2126 :
2613 2071 2838 2136 Natura,
2873 2086 2901 2124 a
2930 2085 3034 2141 qua
3064 2080 3144 2124 est
3174 2069 3364 2140 gloria,
3392 2069 3509 2133 sed,

1940 2164 2111 2234 gloria
2141 2180 2261 2234 quae
2297 2173 2382 2220 est
2419 2180 2447 2218 a
2478 2162 2806 2231 substantia)
2834 2177 2850 2227 ;
2905 2161 3025 2217 ideo
3058 2164 3238 2217 omnis
3278 2162 3511 2215 humana

1941 2264 2133 2310 natura
2174 2257 2333 2312 cedat
2373 2253 2729 2324 magnitudini
2760 2253 2835 2308 rei
2866 2270 2880 2306 :
2927 2267 3100 2321 neque
3132 2252 3184 2306 in
3220 2250 3514 2305 essentiam

1940 2345 2223 2416 (divinam)
2249 2346 2462 2400 curiose
2493 2345 2763 2415 inquirat,
2800 2344 2894 2399 sed
2927 2344 3269 2411 majestatem
3298 2342 3512 2396 adoret.

1940 2436 2098 2490 Cedit
2134 2435 2298 2490 etiam
2345 2434 2522 2489 omnis
2565 2435 2876 2505 angelorum
2909 2443 2964 2486 et
2997 2431 3436 2500 archangelorutu
3462 2440 3517 2483 et

1939 2540 2295 2595 supernarum
2324 2525 2583 2579 virtutum
2643 2525 2890 2595 populus.
2950 2523 3069 2578 Huc
3113 2524 3258 2578 enim
3307 2533 3517 2593 spectat

1939 2616 2141 2670 dictum
2193 2615 2322 2670 illud
2350 2657 2365 2681 ,
2420 2614 2574 2684 cujus
2621 2630 2840 2671 sensum
2891 2629 3219 2685 cognoscere
3252 2615 3512 2669 voluisti:

1946 2707 2210 2778 «Operuit
2263 2708 2431 2762 caelos
2464 2708 2635 2762 virtus
2663 2708 2798 2778 ejus.
2825 2727 2845 2761 ι
2907 2707 3116 2761 Iudicat
3154 2708 3297 2761 enim
3323 2746 3339 2771 ,
3371 2705 3516 2774 quod

1939 2802 2084 2856 omni
2121 2800 2366 2871 angelica
2418 2799 2769 2855 multitudine
2802 2808 2857 2856 et
2886 2801 3091 2855 sanctis
3126 2798 3234 2853 illis
3260 2798 3517 2853 exerciti-

1940 2889 2040 2947 b'us
2085 2892 2257 2962 major
2300 2891 2371 2945 sit
2424 2891 2566 2945 ratio
2620 2900 2785 2959 atque
2836 2889 3011 2945 oratio
3055 2903 3176 2959 qua:
3219 2887 3288 2943 de
3334 2886 3515 2942 divina

1941 2983 2175 3038 essentia
2216 2982 2534 3036 instituitur.

2294 3093 2500 3147 CCXII.
2540 3122 2612 3132 -—
2652 3089 3163 3148 VARSENUPHIO.

2191 3181 2258 3237 In
2292 3182 2424 3235 illud
2444 3222 2460 3247 ,
2499 3182 2726 3236 rDiscite
2757 3182 2948 3236 bonum
2976 3180 3147 3249 facere
3168 3180 3269 3234 δ’.)

2019 3295 2285 3362 Quoniam
2358 3295 2510 3350 multi
2561 3311 2629 3351 ex
2692 3295 2758 3351 iis
2815 3296 2907 3365 qui
2972 3294 3294 3365 praecipiunt
3351 3292 3519 3365 (aliis)

1950 3389 2183 3441 maxima
2218 3401 2445 3456 qumque
2475 3401 2639 3455 upera
2670 3426 2686 3452 ,
2734 3387 2801 3441 ad
2834 3402 3005 3456 eaque
3057 3386 3396 3455 suscipienda
3426 3398 3523 3439 eos

1952 3478 2334 3541 exhortantur,
2389 3476 2490 3545 ipsi
2547 3492 2614 3531 ne
2643 3478 2838 3549 exigua
2868 3477 3086 3546 quidem
3138 3475 3319 3530 facere
3354 3475 3521 3530 susti-

1954 3574 2103 3631 nent,
2149 3568 2243 3621 sed
2278 3569 2459 3622 verbis
2494 3577 2698 3621 tantum
2732 3567 3200 3636 philosophantes,
3234 3564 3396 3618 factis
3424 3577 3523 3631 op-

1954 3658 2229 3727 probrium
2261 3657 2489 3714 debent:
2522 3659 2725 3713 idcirco
2758 3658 2959 3713 dictum
2994 3666 3079 3712 est
3109 3661 3162 3726 (a
3196 3653 3518 3724 pr0pheta):

1959 3764 1978 3797 ι
2002 3744 2199 3801 Discite
2227 3749 2424 3800 bonum
2456 3746 2656 3802 facere.
2684 3766 2703 3798 ›
2748 3748 2975 3817 Oportet
3008 3747 3174 3817 igitur
3205 3747 3365 3800 vitam
3403 3743 3521 3812 pari

259 3850 427 3907 passu
467 3851 590 3891 cum
623 3853 875 3896 sermone
908 3840 1275 3896 ambulantem
1311 3841 1513 3896 habere
1552 3854 1708 3907 eum,
1746 3838 1839 3909 qui
1874 3853 1985 3894 non
2042 3840 2173 3895 velit
2221 3851 2276 3895 et
2309 3840 2506 3910 probra
2570 3842 2863 3906 sustinere,
2897 3850 2952 3895 et
2983 3839 3302 3910 supplicium
3340 3839 3523 3893 subire

261 3929 675 3998 sempiternum.

514 4044 652 4098 ΣΙΓ.
676 4072 745 4083 --
776 4045 967 4118 ΘΩΜᾼ
997 4048 1399 4102 ΜΟΝΑΖΟΝΤῙ
1423 4047 1558 4123 (65).

276 4152 571 4230 Ἰεζεκιῄλ.
615 4158 831 4230 Τίλέοήτι
864 4159 930 4213 τὸ
950 4158 1388 4230 γεγραμμένον·
1443 4180 1460 4212 ι
1503 4163 1580 4216 Τὰ
1606 4161 1842 4217 δικαιῶ-ιι

329 4225 498 4293 pani
516 4225 984 4304 govdmboqrtb
1007 4225 1266 4284 ι”καϊὲν
1315 4230 1440 4298 τοῖς
1486 4233 1694 4302 νόμοις
1727 4232 1841 4304 (66)

325 4312 451 4364 μου
492 4298 605 4351 οὐκ
634 4296 1066 4367 ἐπορεύθησαν,
1104 4320 1123 4352 ι

2212 4046 2442 4104 CCXIII.
2479 4076 2551 4086 —
2593 4044 2858 4100 TIIOMIE
2896 4044 3230 4100 MONACIIO

1944 4162 2207 4217 Ezechiel.
2269 4161 2406 4227 Quid
2436 4162 2538 4216 sibi
2567 4160 2689 4214 velit
2725 4161 2864 4230 quod
2894 4160 3144 4228 scriptum
3167 4167 3241 4211 est
3265 4173 3284 4211 :
3325 4156 3523 4230 «Justi-

2004 4235 2274 4301 ﬁcationes
2300 4249 2441 4285 meas
2484 4228 2787 4301 repulerunt
2808 4247 2829 4285 :
2855 4239 2904 4283 et
2928 4233 2980 4283 in
3015 4230 3232 4283 statutis
3266 4228 3392 4281 meis
3420 4245 3523 4281 non

2014 4304 2352 4357 ambularunt
2380 4302 2448 4354 ⁸ο.
2470 4320 2490 4353 ι

351 4404 574 4479 Ἐπειδὴ
604 4404 775 4479 ἔφης,
804 4410 872 4462 δι’
902 4411 968 4481 ἢν
1010 4413 1191 4466 αἰτίαν
1223 4409 1377 4467 εἶπεν
1414 4415 1442 4473 ὁ
1470 4412 1600 4478 Θεὸς
1624 4412 1716 4468 διὰ
1741 4413 1839 4468 τοῦ

2014 4412 2278 4478 Quoniam
2313 4427 2383 4466 ex
2424 4427 2509 4465 me
2558 4409 2853 4479 qntesivisti
2882 4453 2897 4478 ,
2932 4424 3030 4463 cur
3059 4408 3202 4463 Dens
3250 4422 3344 4476 per
3376 4405 3517 4458 Eze-

277 4496 566 4571 ἰεζεκιήλ’
619 4518 639 4551 ι
702 4500 785 4553 Τὰ
827 4502 1177 4573 δικαιώματὰ
1222 4524 1324 4576 μου
1370 4504 1699 4560 ἀπώσαντο⁹
1749 4507 1846 4561 καὶ

266 4589 329 4644 ὲν
361 4591 477 4654 τοῖς
516 4591 771 4662 νομίμοις
807 4610 910 4664 μου
950 4594 1052 4648 οὐκ
1101 4595 1519 4668 επορεύθησαν,
1576 4615 1595 4648 ι
1652 4598 1842 4652 συντό-

1951 4506 2178 4559 chielem
2207 4505 2404 4558 dixerit
2434 4522 2448 4557 :
2491 4523 2509 4555 ι
2541 4502 2969 4557 Justilicationes
2998 4516 3147 4554 meas
3182 4498 3520 4567 repulerunt,

1952 4605 2006 4652 et
2036 4598 2090 4651 iu
2122 4597 2339 4651 statutis
2370 4597 2507 4651 meis
2550 4611 2655 4651 non
2685 4594 3029 4650 ambularunt
3050 4637 3066 4660 ,
3097 4610 3116 4644 ι
3140 4590 3523 4660 compendiosa

337 4766 385 4802 “’
410 4765 612 4826 Hahae.
640 4784 729 4838 ιιι,
758 4772 813 4827 5.
889 4771 936 4804 ⁸⁸
961 4771 1124 4828 Prov.
1160 4788 1293 4839 xxv,
1314 4773 1369 4828 2.
1446 4772 1492 4805 ⁸⁸
1518 4772 1618 4828 Isa.
1651 4789 1690 4839 ι,
1724 4773 1815 4838 l7,

1969 4770 2170 4827 Ezech.
2202 4785 2253 4836 ν,
2282 4772 2333 4824 6.

1380 4925 1615 4982 ἾΑΠΙᾹΞ
1648 4925 2034 4982 LECTIO‘NES
2066 4923 2155 4979 ET
2188 4921 2426 4979 ΝΟΤᾹΞ.

270 5077 465 5206 Ρ
500 5079 646 5137 Inter
690 5081 839 5136 ἐστιν
886 5090 940 5138 et
966 5082 1106 5151 ὅπερ
1150 5084 1269 5138 cod.
1311 5080 1438 5139 Vat.
1490 5082 1679 5138 inserit
1712 5083 1842 5155 ἄρα.

317 5167 642 5291 Οῗὲθ)’νθτε.
682 5232 803 5292 post
832 5222 888 5287 5,
910 5221 1052 5292 inter
1072 5216 1211 5274 εἶναι
1252 5228 1307 5292 et
1334 5222 1672 5292 οἰκονομικὺς
1705 5224 1847 5292 iuse-

274 5287 365 5345 rit'
395 5287 698 5361 πολλάκις.’
732 5291 890 5348 Vers.
949 5291 1043 5345 ult.
1092 5302 1216 5346 ante
1264 5287 1533 5361 ὡρίσαντο
1585 5294 1722 5348 tollit
1766 5287 1845 5344 εἴ-

273 5379 384 5414 ναι.
416 5360 623 5415 Posstu.
1317 5360 1327 5361 ί

351 5431 462 5500 (60)
496 5430 776 5497 Πολλοῖς.
815 5430 879 5486 F.
910 5431 1194 5493 πολλάκις.
1221 5431 1390 5487 Rl'r'r.

348 5502 464 5567 (6|)
500 5501 603 5554 Pro
631 5502 753 5571 ἔχον
779 5504 899 5555 cod.
939 5501 1053 5571 Vat.
1083 5502 1188 5556 650
1230 5502 1416 5556 scribit
1440 5500 1605 5570 ἔχειν.
1638 5500 1845 5556 Possm.

348 5571 461 5641 (δὲ)
485 5570 904 5639 Παρακωρείτω
927 5570 995 5624 δὲ
1018 5571 1155 5637 πᾶς.
1186 5575 1323 5626 Ante
1351 5573 1461 5634 πᾶς
1494 5573 1721 5627 addend.
1766 5576 1851 5626 vi...

275 5642 436 5695 detur
457 5641 571 5694 καί.
597 5644 761 5696 Ιὶιττ.

352 5709 465 5781 (65)
495 5710 796 5769 Notandum
831 5727 895 5768 cx
927 5712 1025 5767 hac
1054 5711 1301 5781 epistola,
1334 5714 1568 5771 divinam
1600 5722 1844 5769 naturam

1954 5081 2157 5136 homini
2204 5097 2309 5135 non
2349 5096 2470 5135 esse
2502 5078 2866 5140 scrutandam,
2915 5077 3009 5129 sed
3054 5076 3404 5140 adorandum,
3464 5082 3523 5126 nt

1952 5167 2072 5220 quae
2112 5153 2275 5205 etiam
2317 5151 2525 5220 angelis
2562 5159 2616 5205 et
2650 5146 2990 5216 archangelis
3029 5149 3099 5201 sit
3144 5144 3521 5201 formidabilis.

1951 5222 2116 5276 Rt'r'r.

2026 5290 2139 5361 (64)
2178 5289 2383 5345 Allndit
2419 5289 2485 5344 ad
2527 5293 2890 5361 evangelicam
2930 5286 3350 5361 paroemiamzu
3390 5286 3527 5340 Aliis

1954 5356 2130 5429 ligant
2154 5361 2572 5433 ouera_gravia,
2606 5356 2800 5433 at‘ipsi
2847 5378 2908 5418 ea
2934 5356 3172 5415 'iuiuimo
3215 5356 3383 5425 digito
3418 5372 3525 5409 non

1957 5432 2251 5496 attingunt.
2273 5448 2293 5479 ι
2332 5430 2411 5483 ID.
2594 5469 2599 5473 ς

2027 5493 2140 5569 (65)
2174 5498 2454 5567 Inscriptio
2491 5504 2633 5552 nulla
2664 5512 2781 5555 erat
2810 5503 2860 5557 in
2891 5500 3021 5556 edit.
3059 5496 3274 5563 Paris.;
3310 5493 3527 5564 supple-

1954 5578 2040 5625 tur
2060 5586 2125 5624 ex
2153 5570 2336 5623 codice
2369 5569 2644 5623 Vaticano.
2676 5573 2834 5625 Eon.

1951 5641 2129 5766 P‘(66)
2183 5641 2279 5694 Ἐν
2318 5640 2442 5704 τοῖς
2483 5641 2706 5707 νόμοις.
2759 5642 2886 5712 Leg.
2946 5642 3216 5710 νομίμοις,
3260 5646 3316 5691 ut.
3362 5635 3521 5689 infra.

2003 5728 2117 5766 ITT.

2003 5728 2117 5767 ιττ.
