3906 6416
211 325 346 395 i309

524 439 667 497 sur.
688 471 761 481 —
805 441 997 514 ΘΩΜᾼ
1038 444 1466 500 MONAZONTI.

205 532 303 599 εἰς
329 528 423 598 τὸ,
492 550 516 585 ι
562 534 895 608 Ἔστωσαν·
933 532 1197 608 ὐμῷνςηαὶ
1240 537 1473 606 ὀσφύες
1522 538 1787 608 περιεζω-

778 602 996 673 σμέναι
1018 605 1156 675 (75).
1199 626 1220 658 δ

178 702 181 709 ’
283 710 514 782 Ἐπειδὴ
544 711 615 766 τὰ
660 713 895 784 μέγιστα
928 716 1023 769 καὶ
1061 716 1311 772 θειότατα
1361 720 1641 791 συντόμως
1680 739 1789 793 μα-

205 804 315 858 θεῖν
348 801 557 873 βούλει,
590 805 716 872 ῐσθι,
755 808 837 860 ὅτι
873 807 959 861 διὰ
979 808 1123 862 τοῦτ’
1149 809 1253 880 ἔφη
1280 813 1308 864 ὁ
1338 813 1549 884 Σωτήρ·
1581 814 1790 868 Ἔστω-

208 912 302 950 σαν
331 898 494 967 ὑμῶν
522 898 573 951 οἱ
602 897 786 969 λύχνοι
814 900 1117 969 καιόμενοι,
1154 901 1222 955 ἶν’
1244 903 1447 976 ἀρετὴν
1471 905 1786 972 ἀσκοῦντες,

208 988 297 1041 καὶ
324 989 421 1041 τὸν
446 991 802 1061 προφορικὸν,
857 993 953 1046 καὶ
1011 993 1105 1046 τὸν
1151 994 1462 1049 ἐνδιάθετον
1493 998 1649 1066 λόγον
1677 998 1790 1069 (76)

206 1080 291 1133 διὰ
316 1081 527 1145 παντὸς
565 1083 975 1153 ἀστράπτοντες
1017 1085 1130 1157 (77)
1164 1085 1222 1139 ἕν
1255 1103 1315 1139 τε
1344 1090 1411 1159 τῇ
1441 1087 1610 1160 ψυχῇ,
1636 1090 1694 1143 ἐν
1730 1108 1790 1145 τε

204 1175 269 1242 τῇ
316 1172 543 1247 γλώττῃ
586 1173 821 1245 ἔχωμεν.
899 1176 960 1230 '0
992 1176 1095 1246 μὲν
1160 1176 1268 1250 γὰρ
1314 1177 1462 1232 ἔνδον
1516 1178 1612 1243 ὢν,
1643 1182 1791 1251 ἡμᾶς

209 1262 434 1331 φωτίζει
460 1283 474 1296 ·
511 1267 542 1318 ὁ
569 1265 615 1318 δ’
648 1264 775 1331 ἔξω,
812 1266 941 1330 τοὺς
984 1266 1177 1331 ἄλλους
1221 1269 1251 1321 ό
1306 1266 1489 1339 μέντοι
1536 1263 1792 1323 διδασκα-

208 1353 350 1418 λικὺς
381 1355 581 1426 λύχνος
619 1355 935 1426 ψυχούσθω,
983 1357 1078 1411 καὶ
1126 1357 1459 1430 ἀρδευέσϐω,
1517 1361 1613 1413 καὶ
1660 1378 1790 1433 τρε-

210 1445 394 1514 φέσθω
424 1447 538 1500 ὑπὸ
564 1447 667 1517 τῆς
696 1449 970 1520 πατρικῆς
997 1450 1221 1521 ἀρετῆς,
1254 1449 1340 1503 ἵνα
1394 1450 1472 1523 μὴ
1511 1451 1789 1515 σκοτεινὸς

210 1538 291 1609 εἴη
322 1539 420 1594 καὶ
454 1540 739 1612 ἀλαμπής.

645 1741 804 1807 atqu
840 1770 908 1779 —
939 1739 1314 1795 tsKerNt.

211 1854 309 1919 Εἰς
325 1853 392 1907 τὸ
413 1850 735 1922 εἰρημένον
761 1871 774 1883 ·
789 1873 807 1905 ι
845 1852 981 1905 Ἐὰν
991 1852 1078 1922 μὴ
1104 1854 1483 1923 περισσεύσῃ
1503 1854 1541 1923 ἡ
1568 1852 1788 1907 δικαιο-

274 1925 437 2004 σύῖη
468 1923 860 2004 ὐμῶν-πλέον
884 1923 1001 2004 ζῶν
1026 1924 1453 2004 Γραμμειτέωις·
1482 1943 1524 2004 δι
1570 1924 1669 2004 σιρί
1698 1924 1788 1977 ὅτι

272 1994 455 2074 τοῦτο
486 1997 601 2047 οὐκ
638 1994 1012 2048 ἐναντιοῦται
1029 1993 1126 2059 τῷ,
1163 2012 1183 2046 ι
1220 1994 1366 2049 Οὐαὶ
1399 1993 1561 2063 ὑμῖν,
1584 1994 1785 2064 Γραμ-

270 2080 504 2133 ματεις.
538 2083 556 2115 ι

287 2179 512 2250 Ἐπειδὴ
548 2180 678 2240 ἴσως
733 2178 1133 2247 ἐναντιολογίαν
1183 2179 1308 2233 τινὰ
1358 2179 1620 2248 ἐνόμισας
1674 2178 1789 2250 ('78)

212 2270 422 2325 κεῖσθαι
473 2272 535 2324 ὲν
579 2273 692 2333 τοῖς
727 2272 893 2341 ἱεροῖς
936 2270 1313 2339 Εὐαγγελίοις,
1359 2271 1666 2342 γέγραφας,
1710 2272 1792 2323 εἰ-

213 2363 440 2436 ρηκέναι
469 2364 562 2417 τὸν
606 2363 856 2435 Σωτῆρα,
911 2365 1023 2426 τοῖς
1062 2363 1162 2433 μὲν
1197 2364 1512 2435 Φαρισαίοις
1548 2362 1623 2426 ὼς
1663 2364 1793 2434 ἐρή-

213 2471 329 2524 μοις
367 2453 594 2527 ἁρετῆςο
638 2473 655 2502 ι
711 2453 845 2506 Οὐαὶ
898 2453 1049 2523 ὑμῖν,
1079 2451 1451 2523 Γραμματεῖς,
1498 2451 1594 2505 καὶ
1623 2452 1794 2521 Φαρι-

214 2549 372 2611 σαῖοι,
413 2546 747 2617 ὑποκριταί’
784 2564 802 2597 ι
851 2547 964 2609 τοῖς
1004 2545 1050 2599 δ’
1082 2544 1422 2608 ἀποστόλοις,
1461 2562 1480 2596 ι
1533 2544 1660 2598 Ἐὰν
1714 2544 1791 2615 μὴ

210 2636 551 2709 περισσεύσῃ
590 2636 744 2707 ὑμῶν
786 2638 821 2707 η
863 2633 1176 2707 δικαιοσύνη
1197 2634 1360 2689 πλέον
1387 2634 1497 2689 τῶν
1530 2636 1795 2706 Γραμμα-

210 2724 341 2778 τέων
392 2724 489 2778 καὶ
546 2724 883 2795 Φαρισαίων,
935 2725 997 2777 οὐ
1075 2723 1152 2794 μὴ
1230 2723 1507 2795 εἰσέλθητε
1557 2726 1638 2787 είς
1681 2723 1783 2794 τὴν

212 2815 491 2884 βασιλείαν
516 2815 626 2869 τῶν
656 2815 925 2889 οὐρανῶν.
965 2835 983 2867 ι
1030 2816 1483 2880 Ἀντεπιστέλλω,
1512 2816 1596 2869 ὅτι
1646 2818 1793 2869 νοεῖν

211 2904 331 2976 χρὴ,
377 2906 566 2971 πλέον,
620 2906 901 2978 εἰρῆσθαι,
964 2908 1065 2978 τῆς
1122 2908 1465 2978 δικαιοσύνης
1513 2902 1583 2980 ἦς
1625 2907 1793 2974 εἰκὸς,

214 2997 407 3067 μᾶλλον
437 2999 499 3053 δὲ
517 3000 684 3071 ἐχρῆν
706 3000 945 3063 ἐκείνους
976 2998 1138 3071 ἔχειν.
1174 2999 1249 3054 Ού
1275 2999 1385 3071 γὰρ
1406 3000 1458 3053 οἰ
1490 2999 1601 3054 τῶν
1624 2999 1796 3052 ταλα-

213 3090 513 3161 νιζομένων
593 3093 687 3145 καὶ
746 3092 1277 3163 καταθρηνουμένων
1350 3091 1608 3156 πλέοντες
1659 3090 1794 3163 (79),

214 3182 531 3252 βασιλεῦσαι
556 3184 754 3238 δίκαιοι
792 3185 860 3239 ἂν
890 3180 1002 3238 εἶεν
1022 3201 1036 3214 ·
1067 3185 1183 3240 ἀλλ’
1215 3186 1266 3238 οἱ
1286 3185 1415 3248 τοὺς
1460 3185 1604 3239 κατὰ
1632 3184 1796 3255 νόμον

214 3274 534 3347 εὐδοκίμους
570 3277 634 3329 ἐκ
667 3274 863 3330 πολλοῦ
895 3276 991 3329 τοῦ
1023 3276 1306 3348 περιόντος
1349 3276 1793 3347 ὑπερϐαίνοντες,

213 3365 305 3421 καὶ
371 3368 593 3441 ούρανῷ
663 3368 987 3441 πρέπουσαν
1050 3368 1330 3425 πολιτείαν
1401 3368 1799 3441 πολιτευσάμε-

215 3474 292 3512 νοι
313 3458 452 3530 (80).

730 3658 875 3713 ztz'.
908 3687 975 3698 -
999 3658 1245 3729 narro.

224 3771 316 3839 Εἰς
334 3771 427 3842 τὸ,
459 3790 479 3826 t
515 3772 755 3827 Λύσατε
776 3772 886 3826 τὸν
913 3772 1072 3842 ναὸιῄ
1084 3771 1304 3842 τοῦτον
1323 3786 1340 3803 ο
1385 3771 1485 3825 καὶ
1512 3770 1585 3825 ἐν
1602 3770 1803 3839 τρισίν

604 3842 853 3912 ἡμέραις
902 3840 1089 3912 ἐγερῶ
1138 3841 1347 3896 αὐτόν.
1387 3859 1408 3895 ι

296 3956 515 4028 Ἐπειδὴ
550 3956 806 4027 ἐνόμισας
825 3955 938 4026 (81)
974 3956 1385 4025 ἐναντιολογίαν
1419 3955 1545 4011 τινὰ
1586 3955 1801 4025 γεγρά-

227 4043 348 4113 φθαι
413 4048 475 4099 ὲν
526 4045 606 4117 τῷ
660 4046 1003 4117 Εὑαγγελίῳ,
1040 4048 1345 4118 ὲμήνυσας,
1396 4048 1464 4101 δι’
1496 4047 1566 4118 ἢν
1618 4046 1801 4101 αἰτίαν

1062 334 1594 397 EPISTULABUM
1631 337 1778 399 LIB.
1820 338 1920 399 IV.
1956 348 2026 377 ί·-
2064 340 2303 401 EPIST.
2343 338 2616 401 CCXVII.

1809 454 1857 510 Α

1817 1790 1866 1850 Β

2160 447 2367 504 CCXV.
2400 478 2471 489 —
2501 444 2760 501 TllOMAE
2791 440 3140 501 MONACllO.

1889 539 1959 597 In
1994 540 2127 595 illud
2173 539 2375 597 Christi
2398 539 2650 592 dictum:
2696 556 2715 587 ι
2761 536 2875 591 Sint
2919 536 3081 591 lumbi
3127 533 3281 589 vestri
3308 548 3452 603 pra:-

2518 608 2677 662 ciucti
2692 608 2761 662 ⁸¹.
2804 625 2825 660 ι

1966 724 2230 793 Quoniam
2258 738 2345 780 res
2367 723 2637 778 maximas
2654 732 2817 792 atque
2840 720 3206 776 divinissimas
3228 719 3463 774 breviter

1890 818 2044 888 cupis
2075 817 2307 881 discere,
2337 829 2496 872 nosse
2527 813 2711 879 debes,
2739 814 2810 868 ob
2841 813 2942 867 hoc
2972 811 3174 865 dixisse
3214 809 3465 864 Salvato-

1892 926 2005 966 rem
2041 929 2056 965 :
2091 908 2215 965 Sint
2254 908 2487 963 lucerna:
2538 916 2734 960 vestrae
2782 904 3055 966 ardentes,
3104 911 3165 955 ut
3211 901 3463 955 virtutem

1891 1010 2229 1066 exercentes,
2278 1009 2388 1054 tam
2425 1006 2714 1053 externam
2763 995 2943 1049 verbis
2990 995 3254 1065 prolatam
3304 1007 3465 1061 quam

1893 1092 2160 1148 internam
2188 1091 2452 1146 rationem
2484 1098 2742 1159 perpetuo
2772 1086 3062 1156 fulgentem
3096 1085 3393 1140 habeamus
3415 1086 3465 1135 in

1891 1183 2073 1238 anima
2118 1181 2322 1251 pariter
2346 1192 2403 1235 et
2439 1180 2642 1249 lingua.
2674 1175 2808 1231 Nam
2841 1192 2904 1231 ea
2944 1192 3065 1245 quae
3101 1186 3184 1228 est
3220 1175 3465 1236 interius,

1893 1273 2257 1343 nosmetipsos
2306 1271 2571 1337 illustrat;
2603 1285 2665 1324 ea
2697 1280 2878 1324 autem
2924 1284 3045 1338 qua:
3088 1270 3234 1323 foras
3262 1265 3469 1337 profer-

1895 1375 2002 1429 tur,
2031 1364 2168 1418 alios
2192 1362 2483 1417 illuminat.
2514 1359 2760 1415 Doctoris
2806 1360 2967 1428 igitur
3005 1358 3227 1414 lucerna
3264 1356 3470 1411 anime.

1894 1467 1982 1510 tur
2013 1464 2068 1509 et
2110 1454 2367 1523 irrigetur
2409 1462 2463 1507 et
2491 1451 2669 1506 alatur
2704 1465 2736 1505 a
2774 1452 2974 1505 virtute
3015 1450 3185 1521 patria
3213 1449 3468 1519 (internae

1892 1546 2141 1602 videlicet
2187 1543 2437 1611 rationis)
2468 1558 2536 1599 ne
2563 1543 2850 1599 tenebrosa
2900 1541 2973 1597 sit
3000 1551 3055 1598 et
3101 1541 3319 1598 luminis
3374 1556 3469 1595 cx-

1892 1653 2035 1710 pers.

2280 1749 2509 1806 CCXVI.
2548 1777 2619 1791 -—-
2646 1748 3065 1808 ISCHYRIONI.

1890 1862 1957 1918 lu
1988 1862 2041 1914 id
2085 1860 2223 1932 quod
2287 1862 2489 1916 dictum
2539 1870 2617 1915 est
2659 1878 2693 1915 a
2722 1861 2929 1916 Christo
2960 1878 2979 1915 :
3004 1879 3023 1911 ι
3065 1860 3183 1932 Nisi
3214 1859 3459 1932 abunda-

1958 1931 2325 2001 verit’justitia
2364 1943 2537 1985 vestra
2578 1932 2695 1997 plus
2753 1949 2908 2001 quam
2946 1931 3336 2001 Scribarum",
3362 1939 3467 1982 t'lc.

1962 1999 2129 2073 quue
2161 2019 2264 2056 non
2289 2002 2558 2055 adversari
2583 2002 2663 2055 illi
2685 2017 2704 2055 :
2733 2021 2751 2054 ι
2776 2000 2862 2056 Vw
2892 2004 3053 2068 vobis,
3084 1999 3394 2056 Scribw“.i

1963 2182 2101 2251 Quia
2154 2180 2407 2236 fortassis
2466 2178 2951 2235 contradictionem
3009 2177 3296 2247 quamdam
3352 2189 3474 2229 esse

1891 2274 2091 2346 putasti
2140 2273 2195 2328 in
2244 2272 2448 2328 sanctis
2491 2270 2825 2341 Evangeliis,
2872 2278 2927 2324 et
2956 2267 3223 2338 scripsisti
3273 2268 3476 2322 dixisse

1895 2365 2231 2421 Salvatorem
2283 2361 2578 2418 Pharisaais
2623 2361 2882 2432 quidem,
2925 2369 3180 2430 tanquam
3212 2373 3241 2412 a
3272 2358 3476 2412 virtute

1893 2458 2079 2517 vacuis
2112 2474 2177 2515 ac
2225 2459 2454 2514 desertis
2485 2457 2799 2512 hominibus
2830 2472 2845 2509 :
2883 2475 2901 2508 ι
2936 2455 3030 2510 Vae
3057 2455 3235 2520 vobis,
3269 2453 3475 2509 Scriba:

1895 2560 1949 2606 et
1994 2549 2279 2615 Pharisaei,
2311 2550 2607 2621 hypocrita
2636 2563 2652 2611 ;
2698 2565 2716 2599 ι
2750 2545 3009 2615 apostolis
3052 2556 3231 2600 autem
3260 2560 3274 2596 :
3313 2563 3332 2594 ‹
3360 2543 3474 2599 Nisi

1896 2641 2255 2697 abundaverit
2281 2650 2465 2697 vestra
2493 2638 2705 2710 iustitia
2740 2637 2863 2705 plus
2891 2653 3052 2707 quam
3086 2637 3396 2691 Scribarum
3422 2644 3479 2690 et

1895 2731 2321 2799 Pharisaeorum,
2356 2745 2458 2785 non
2496 2729 2793 2785 introibitis
2817 2731 2869 2783 in
2908 2743 3128 2798 regnum
3153 2727 3472 2793 cuslorump

1899 2821 2142 2878 rescribo
2172 2838 2187 2874 :
2225 2821 2369 2892 quod
2402 2820 2707 2890 intelligere
2735 2828 3005 2888 oporteat,
3036 2816 3195 2889 542
3232 2816 3371 2885 plus,
3395 2816 3480 2869 di-
3586 2802 3592 2807 ’

1898 2924 2044 2969 ctum
2072 2928 2216 2982 esse,
2247 2927 2311 2969 ea
2346 2911 2597 2967 videlicet
2629 2911 2864 2980 justitia,
2899 2926 3060 2979 quant
3098 2909 3368 2974 convenit,
3394 2910 3478 2962 vel

1901 3003 2084 3072 potius
2119 3010 2337 3072 oportet
2363 3002 2482 3057 illos
2525 3002 2745 3058 habere.
2790 3000 2907 3055 Non
2947 3001 3093 3055 enim
3142 2998 3218 3054 illi
3250 3012 3482 3069 regnare

1901 3096 2049 3164 digni
2079 3094 2307 3161 fuerint,
2336 3095 2429 3166 qui
2459 3110 2580 3150 cum
2628 3096 2844 3150 miseris
2867 3108 2930 3148 ac
2965 3091 3221 3147 deﬂendis
3248 3090 3481 3146 homini—

1902 3185 2002 3241 bus
2033 3185 2336 3256 comparati
2379 3184 2498 3255 plus
2535 3186 2811 3256 aliquanto
2848 3200 3008 3255 quam
3045 3183 3145 3252 ipsi
3183 3183 3383 3237 habent
3425 3181 3481 3236 in

1902 3291 1962 3333 se
1990 3276 2120 3332 boni
2151 3293 2166 3330 :
2191 3277 2285 3332 sed
2314 3276 2391 3331 illi
2418 3278 2619 3347 potius,
2648 3278 2737 3347 qui
2762 3292 2876 3341 eos,
2902 3291 3035 3347 quos
3051 3284 3262 3331 constat
3290 3288 3484 3329 secun-

1904 3368 2031 3424 dum
2080 3367 2251 3438 legem
2302 3368 2650 3424 laudabiliter
2697 3369 2934 3433 vixisse,
2981 3367 3140 3436 longo
3195 3365 3482 3419 intervallo

1905 3466 2028 3528 post
2057 3472 2119 3515 se
2156 3457 2490 3529 relinquunt,
2531 3469 2586 3514 et
2613 3458 2755 3515 cmlo
2784 3458 3199 3514 convenientem
3234 3457 3357 3510 vitae
3392 3470 3482 3510 ra-

1909 3548 2113 3606 tionem
2138 3548 2513 3606 instituerunt.

2378 3661 2506 3718 CCX
2521 3660 2626 3718 νη.
2656 3692 2728 3703 -—-
2766 3659 3012 3716 PETRO.

1903 3774 1974 3830 1η
2002 3774 2136 3832 ξιιαά
2162 3790 2183 3832 :
2215 3792 2236 3828 ι
2273 3774 2473 3831 Solvite
2498 3774 2745 3845 templum
2771 3774 2867 3827 hoc
2886 3789 2913 3845 ί
2932 3784 2980 3826 et
3011 3774 3067 3825 in
3098 3772 3265 3827 tribus
3303 3770 3485 3827 diebus

2445 3844 2684 3900 excitabo
2718 3844 2852 3897 illud
2871 3844 2941 3897 ⁸⁸.

1972 3960 2240 4029 Quoniam
2272 3961 2622 4025 existimans,
2655 3960 2706 4013 in
2750 3958 3041 4028 Evangelio
3091 3956 3482 4013 contradictio-

1882 4042 2022 4108 nem
2057 4056 2349 4123 quamdam
2375 4053 2635 4121 scriptam
2665 4066 2808 4117 esse,
2843 4051 2908 4105 ad
2928 4064 3014 4105 me
3049 4048 3481 4116 retulisti,quam

228 4134 693 4209 ψευδομαρτυρίαν
714 4139 943 4193 ἐκάλεσε
965 4138 1081 4210 (82)
1113 4138 1174 4192 τὸ
1212 4140 1498 4211 εἰρηκέναι
1529 4140 1642 4209 (85)
1670 4140 1800 4209 περὶ

1915 4146 1967 4201 )b
2007 4161 2227 4202 causam
2268 4147 2477 4201 vocarit
2507 4145 2699 4199 falsum
2728 4141 3118 4206 testimonium,
3148 4139 3290 4210 quod
3318 4138 3486 4194 dixis-

230 4228 314 4301 τῆς
341 4230 552 4294 λύσεως
581 4231 677 4284 καὶ
699 4231 1051 4295 ἀναστάσεως
1083 4230 1179 4284 τοῦ
1208 4232 1338 4286 ναοῦ
1363 4247 1378 4262 ο
1403 4234 1620 4304 εἴρηται
1651 4232 1793 4305 γάρ’

1902 4247 2008 4304 set,
2063 4239 2131 4294 de
2161 4238 2530 4293 destructione
2577 4247 2631 4292 ct
2683 4233 3098 4292 resuscitatione
3134 4230 3317 4301 templi
3379 4231 3485 4301 (di-

229 4335 249 4371 ι
281 4322 496 4377 Λύσατε
538 4322 633 4376 τὸν
680 4323 808 4378 ναὸν
842 4323 1054 4391 τοῦτον,
1105 4324 1202 4378 καὶ
1233 4324 1292 4378 ἐν
1341 4325 1518 4395 τρισὶν
1562 4325 1800 4397 ἡμέραις

1915 4336 2051 4383 stum
2077 4335 2162 4383 est
2194 4326 2337 4382 enim
2371 4341 2385 4379 :
2416 4346 2434 4379 ι
2460 4326 2664 4382 Solvite
2697 4324 2950 4398 templum
2970 4322 3109 4387 hoc,
3135 4329 3186 4377 et
3218 4320 3273 4375 in
3314 4320 3488 4378 tribus

288 4477 337 4511 ⁸³
362 4477 504 4537 Luc.
535 4493 637 4547 xu,
661 4480 756 4536 55.
831 4479 879 4512 ³³
911 4479 1101 4537 Matth.
1126 4498 1183 4551 ν,
1209 4480 1301 4537 20.
1377 4480 1427 4514 ⁸⁸
1459 4483 1650 4538 Matth.
1683 4498 1815 4538 χχιιι

1916 4483 2126 4555 5seqq.
2204 4485 2251 4517 ⁵⁸
2280 4482 2436 4540 Joan.
2461 4499 2528 4549 ιι,
2568 4483 2657 4539 i9.

1324 4636 1554 4694 VARLE
1598 4636 1980 4696 LECTIONES
2016 4638 2106 4694 ET
2143 4639 2376 4695 NOTAE.

294 4794 407 4865 (75)
437 4793 664 4852 Videtur
700 4796 816 4852 haec
856 4795 1136 4864 inscriptio
1170 4811 1275 4850 non
1329 4796 1598 4863 quadrare
1633 4812 1797 4864 argn-

232 4879 407 4936 mento
465 4865 651 4936 ipsius
684 4866 962 4935 epistolae,
1013 4876 1069 4920 et
1125 4868 1493 4936 reponendum
1544 4867 1721 4936 potius
1787 4884 1801 4921 :

236 4933 517 5006 Ἔστωσαν
544 4935 698 5006 ὑμῶν
720 4933 774 4989 οἰ
802 4935 985 5006 λύχνοι
1013 4937 1311 5006 καιόμενοι.
1353 4935 1518 4990 Rt'r'r.

300 5006 413 5076 (76)
443 5005 615 5074 Λόγον
644 5005 1153 5076 Ιδῑάοιιιεειιθιιιριο
1170 5006 1615 5076 philosophorum
1637 5015 1687 5061 et
1721 5006 1810 5061 hic

233 5085 284 5125 et
309 5074 436 5132 alibi
478 5091 698 5146 quoque
741 5074 1237 5146 facitﬁduplicem:
1271 5075 1605 5146 προφορικὸν
1650 5076 1813 5130 alium

235 5154 286 5199 et
312 5145 841 5201 aliumivoia'teetov.
876 5145 1008 5201 Vide
1050 5146 1143 5200 lib.
1174 5161 1211 5200 ιι
1240 5145 1400 5213 epist.
1433 5146 1524 5211 10,
1558 5145 1645 5199 ubi
1688 5147 1814 5200 huic

236 5215 493 5286 ἀλήθειαν
520 5216 594 5270 illi
628 5218 926 5286 σαφήνειαν
959 5227 1211 5286 tanquam
1245 5216 1517 5286 propriam
1553 5217 1809 5271 virtutem

240 5284 503 5340 attribuit.
551 5284 815 5340 Similiter
864 5287 1017 5340 Philo
1062 5285 1340 5340 Hebraeus.
1401 5284 1479 5340 Io.
1552 5316 1623 5326 —
1677 5286 1810 5339 Cod.

240 5350 415 5479 Eatic.
437 5356 542 5413 650
575 5372 662 5425 ap.
718 5353 981 5411 Pessinus
1020 5356 1147 5426 legit
1187 5354 1448 5424 λογισμὸν
1494 5372 1591 5426 pro
1634 5355 1810 5423 λόγον.

285 5442 397 5479 nrr.

285 5442 397 5482 ΜΤ.

331 5496 423 5566 77)
487 5495 981 5563 Ἀστράπτοντες.
1032 5495 1094 5551 F.
1150 5495 1580 5566 ἀστράπτοντας.
1640 5495 1809 5552 Rt'r't'.

331 5506 397 5550 ’Π
488 5506 981 5563 Ἀστράδττοντες.
1032 5506 1094 5551 ιε’.
1150 5506 1580 5566 ἁστρᾰπτοντας.
1641 5506 1809 5552 ιίιττ.

308 5506 424 5637 (78)
467 5567 812 5635 Ἐνόμισας.
838 5566 899 5620 F.
926 5570 1029 5637 leg.
1057 5567 1287 5637 νομίσας
1316 5566 1394 5635 (et
1423 5569 1500 5620 sic
1523 5568 1645 5621 cod.
1664 5566 1810 5635 Vat.)

247 5636 345 5709 nisi
395 5636 536 5709 forte
586 5648 710 5692 ante
738 5636 1038 5709 ,γέγραφας
1085 5636 1237 5692 deest
1290 5637 1404 5689 καί.
1448 5636 1618 5709 Porro
1667 5641 1810 5709 quod

250 5707 383 5760 nulla
421 5708 493 5761 sit
521 5710 571 5760 in
606 5707 779 5762 sacris
808 5707 1025 5762 Litteris
1042 5709 1421 5769 contradiCtio,
1459 5708 1616 5759 docet
1645 5708 1808 5760 etiam

251 5777 582 5850 Epiphanius
611 5776 707 5833 lib.
758 5794 820 5846 ιι,
856 5789 986 5835 ιοιιι.
1022 5792 1061 5833 ιι
1109 5777 1302 5838 haeres.
1343 5776 1435 5841 66,
1485 5785 1539 5832 ct
1593 5777 1689 5834 lib.
1723 5791 1807 5839 ιιι.

1907 4806 2040 4851 tom.
2071 4812 2158 4856 tit.
2186 4806 2375 4850 contra
2412 4795 2756 4850 Manichazos.
2789 4794 2866 4849 In.

1978 4867 2089 4937 (79)
2122 4868 2445 4932 Πλέοντες.
2518 4864 2582 4920 F.
2642 4864 2747 4937 leg.
2790 4864 2952 4937 πλέον
2992 4862 3228 4937 ἔχοντες.
3289 4864 3371 4937 1ο-
3432 4895 3501 4904 _-

1907 4933 2041 4993 Cod.
2070 4933 2242 4997 'Vnt.,
2279 4933 2763 5005 κατακρινομένων
2818 4934 2980 4988 πλέον
3025 4933 3295 5005 ἔχοντες,
3322 4933 3497 5005 Ent'r.

1991 5006 2105 5076 (80)
2134 5004 2660 5076 Πολιτευσάμενοι.
2723 5004 2857 5061 Vide
2927 5004 3099 5076 supra
3139 5020 3226 5074 ep.
3283 5004 3371 5059 55.
3419 5004 3496 5057 Ιυ.

1916 5074 2145 5131 ...0σώ
2184 5074 2805 5146 ναίηὲπιδεικνύμενοξ.
2850 5144 2859 5146 _
2997 5074 3009 5076 ⁷
3106 5143 3117 5146 _
3263 5142 3284 5146 -.

1991 5147 2101 5217 (81)
2143 5147 2378 5215 Ἐπειδὴ
2408 5142 2715 5217 ἐνόμισας.
2748 5144 2811 5200 F.
2848 5144 2949 5217 leg.
2979 5143 3219 5217 youlaac
3262 5142 3347 5216 [ut
3373 5142 3495 5198 cod.

1916 5215 2041 5272 Vat.
2067 5215 2159 5288 aut
2184 5229 2309 5271 ante
2342 5215 2623 5288 ἐμήνυεας
2650 5216 2801 5288 deest
2835 5215 3055 5288 ratio.
3238 5226 3241 5227 '

1983 5286 2096 5358 (82)
2160 5284 2471 5342 Ἐκὰλεσέ.
2518 5286 2581 5340 F.
2620 5284 2904 5358 ἐκάλεσαν.
2959 5285 3222 5358 Intellige,
3272 5284 3321 5338 οἰ
3368 5284 3499 5337 Ἰου-

1914 5356 2083 5419 δαῖοι,’
2105 5372 2226 5411 mox
2258 5359 2402 5411 enim
2431 5358 2699 5425 SPquillll',
2735 5356 2957 5425 ἐκεῖνοι.
2981 5356 3061 5407 An
3094 5356 3319 5406 ἐκάλεσε
3361 5363 3494 5425 rett-

1916 5428 2149 5483 nendnm
2184 5439 2238 5483 et
2264 5423 2694 5480 subaudiendum
2721 5423 2783 5477 τὺ
2807 5425 3182 5493 Εύαγγέλιονί
3208 5425 3313 5479 Sed
3348 5424 3497 5494 prius

1915 5499 2128 5552 videtur
2152 5496 2364 5551 melius.
2400 5497 2476 5550 In.

1987 5568 2099 5639 (83)
2137 5567 2279 5621 Inter
2323 5567 2609 5639 εἰρηκέναι
2661 5573 2717 5618 et
2748 5562 3074 5639 _uepi_cod.
3118 5562 3497 5639 Vat.__in_s_erit

1914 5631 2182 5701 ἐκείνους,
2220 5652 2359 5691 vers.
2382 5631 2516 5693 inde
2531 5636 2588 5703 2,
2618 5650 2715 5706 pro
2745 5631 2943 5705 ἐγειρώ
2972 5644 3115 5690 recte
3139 5631 3330 5688 scribit
3353 5633 3491 5687 idem

1914 5710 2112 5782 ἐγερῶ.
2152 5707 2360 5764 Possm.
