3906 6416
469 323 600 390 1311

1651 334 1712 393 S.
1753 334 2045 394 ISIDORI
2079 335 2521 398 PELUSIOT/E

3609 337 3736 420 1312

467 438 657 495 diebus
699 440 950 510 excitabo
987 440 1115 496 illud
1154 443 1238 514 ι),
1270 444 1617 514 respondeo:
1654 447 1774 503 illos
1827 449 2046 518 quidem

2157 449 2352 520 ἐγειρῶ
2396 451 2579 505 αὐτόν·
2620 471 2640 503 ι
2703 453 2881 522 φημίο
2941 452 3024 506 ὅτι
3078 453 3276 507 ἐκεῖνοι
3324 453 3426 524 μὲν
3478 455 3609 522 περὶ
3648 457 3734 510 τοῦ

382 568 383 571 η
465 530 532 583 de
566 530 801 598 templo;
837 532 1010 602 ipsum
1056 548 1186 589 vero
1213 535 1548 609 (Christum)
1584 539 1651 594 de
1691 555 1919 610 corpore
1953 557 2051 598 suo

464 622 703 677 locutum
728 639 869 679 esse.
891 625 1042 688 Quod
1064 626 1110 680 si
1148 627 1198 680 id
1232 628 1410 682 minus
1432 631 1725 686 verisimile
1754 646 1876 686 esse
1902 633 2054 689 dixe-

461 716 565 778 ris,
603 731 778 785 neque
810 717 954 771 enim
995 717 1099 772 boc
1129 719 1420 774 scivissent
1450 721 1550 791 ipsi
1581 738 1840 792 unquam,
1877 741 2053 796 neque

459 801 714 870 discipuli
746 805 883 875 ejus,
910 807 954 860 si
980 822 1087 861 non
1117 823 1184 862 ex
1213 811 1446 864 mortuis
1499 813 1914 879 resurrexisset,
1959 831 2052 871 re-

469 896 744 960 spondebo
784 915 798 952 :
851 895 1076 953 Etiamsi
1129 915 1236 953 non
1263 913 1487 957 nossent
1511 903 1636 970 hoc,
1674 913 1850 960 tamen
1881 921 1947 960 ne
1971 907 2053 962 sic

465 987 678 1055 quidem
700 1004 792 1042 eos
824 1004 1009 1044 verum
1029 991 1370 1061 perbibuisse
1399 997 2049 1054 testimonium.Alterum

469 1076 608 1129 enim
631 1091 691 1131 se
716 1074 988 1132 facturqu
1014 1082 1284 1148 promisit,
1324 1098 1430 1138 non
1469 1093 1778 1155 utrumque.
1825 1087 2050 1141 Destru-

469 1170 573 1224 ctio
630 1170 774 1224 enim
829 1173 957 1240 ipsis
1003 1174 1359 1230 conveniebat
1393 1174 1635 1248 (ludatis)
1665 1197 1678 1234 :
1707 1183 2050 1238 resuscitatio

469 1272 647 1315 autern
708 1263 812 1331 ipsi
845 1263 1130 1336 (Cbristo.)
1183 1267 1275 1323 Sic
1322 1270 1466 1324 enim
1513 1271 1629 1325 ait:
1661 1271 1863 1329 Solvite
1919 1290 2048 1341 vos,

469 1359 520 1403 et
542 1367 642 1422 ego
666 1355 1024 1410 resuscitabo.
1080 1354 1295 1412 Etenim
1319 1359 1615 1417 destructio
1629 1363 2050 1430 cujuslibeterat

468 1452 642 1510 Opus;
676 1444 1022 1500 resuscitatio
1049 1458 1230 1501 autem
1264 1457 1320 1504 et
1341 1449 1690 1517 instauratio,
1716 1453 1832 1509 Dei.

588 1553 857 1613 CCXVlll.
889 1589 962 1602 -—
1002 1557 1393 1618 VALENTINO
1427 1563 1915 1625 PRESBYTERO.

470 1644 538 1700 In
559 1648 691 1700 illud
715 1648 909 1728 (Ῑζιτὶειὶ
933 1651 1154 1728 dictum,
1187 1672 1205 1703 ι
1244 1653 1328 1728 [γε
1352 1658 1477 1728 Δεέιὶε
1498 1660 1752 1723 .solliciti,
1782 1664 2047 1728 quomodo

538 1719 1163 1801 augt/uidjoquaminif5.
1192 1741 1220 1801 )_
1247 1724 1314 1801 Et
1343 1725 1398 1801 in
1420 1726 1580 1801 illud,
1605 1719 1749 1782 Petri
1771 1719 2000 1801 apostoli
2025 1751 2044 1788 :

546 1807 563 1840 ι
595 1788 784 1843 Parati
809 1788 1010 1860 seraper
1037 1794 1104 1844 ad
1131 1794 1448 1848 reddendam
1478 1788 1817 1858 rationem":
1852 1822 1871 1854 ι

539 1903 806 1968 Quoniam
861 1915 913 1961 te
953 1907 1138 1962 mirari
1185 1909 1426 1976 dicebas,
1471 1916 1744 1982 quomodo
1796 1917 2048 1976 Salvator

467 1994 686 2066 Quidem
737 2001 971 2057 dixerit:
1009 2019 1029 2052 ‹
1070 2001 1150 2056 Ne
1181 2003 1302 2058 sitis
1348 2006 1565 2062 snlliciti
1594 2048 1610 2074 ,
1647 2014 1919 2080 quomodo
1955 2026 2049 2069 aut

467 2089 595 2157 quid
638 2089 959 2159 loquamini,
1003 2109 1022 2142 ο
1053 2107 1192 2147 unus
1221 2105 1401 2149 autem
1443 2113 1508 2151 ex
1544 2100 1711 2154 choro
1749 2104 2048 2172 apostolico

468 2184 820 2251 praeceperit:
852 2201 872 2235 ι
927 2183 1106 2239 Parati
1151 2202 1365 2257 semper
1404 2190 1470 2243 ad
1515 2193 1842 2249 reddendam
1882 2198 2058 2280 ratio:

467 2288 610 2337 nem,
639 2293 658 2327 ι
693 2275 834 2330 scire
869 2277 1034 2332 debes
1080 2278 1282 2334 nullam
1326 2281 1380 2334 in
1432 2283 1517 2338 bis
1559 2287 2044 2345 contradictionem

466 2366 662 2422 inesse.
699 2367 941 2423 Alterum
972 2370 1116 2424 enim
1169 2371 1236 2426 de
1271 2376 1534 2441 martyrio
1580 2377 1784 2432 dictum
1821 2390 1937 2446 est;
1967 2380 2046 2436 al-

467 2469 640 2513 terum
675 2474 804 2515 vero
828 2461 893 2516 de
922 2462 1188 2517 doctrina.
1221 2463 1450 2530 Quando
1470 2469 1615 2522 enim
1655 2470 1709 2524 in
1747 2482 1893 2528 metu
1917 2475 2046 2529 ami-

464 2564 652 2603 corum
679 2552 1074 2618 estagendum,
1110 2562 1237 2610 tunc
1269 2565 1322 2609 et
1362 2557 1740 2626 nosjubemur
1777 2577 1901 2619 esse
1937 2565 2048 2619 sol-

465 2639 618 2694 liciti.
654 2640 958 2695 Absurdum
1002 2645 1145 2697 enim
1187 2646 1282 2708 sit,
1315 2648 1527 2703 nescire
1562 2650 1613 2705 id
1643 2653 1786 2720 quod
1821 2670 1920 2712 nos
1945 2658 2044 2711 do-

464 2742 593 2784 cere
621 2729 758 2783 velle
785 2730 922 2785 alios
944 2731 1263 2800 pollicemur
1293 2739 1544 2805 :quando
1576 2751 1756 2796 autem
1779 2743 2044 2812 judicium

467 2819 708 2874 terribile
735 2831 863 2875 ante
885 2822 1069 2878 oculos
1097 2834 1201 2889 est,
1231 2836 1286 2880 et
1311 2827 1568 2898 frequens
1603 2834 1850 2904 populus,
1875 2849 1930 2892 et
1959 2855 2046 2892 ra-

464 2911 600 2964 biosi
650 2912 956 2982 carniﬁces,
990 2926 1044 2969 et
1077 2919 1223 2972 omni
1275 2934 1341 2974 ex
1391 2931 1547 2991 parte
1592 2935 1772 2980 metus
1820 2929 2043 2999 ingruit,

2158 545 2304 616 ἱεροῦ
2362 545 2583 615 ἔλεγον·
2636 547 2799 611 αὐτος
2833 548 2891 601 δέ
2933 548 3060 620 περὶ
3113 548 3210 602 τοῦ
3265 548 3542 620 σώματος.
3581 551 3642 602 Εἰ
3682 551 3736 603 δέ

2154 638 2322 709 φαίης
2367 637 2630 691 ἀπίθανον
2670 638 2860 692 τοῦτο·
2906 640 2968 692 οὐ
3009 641 3120 712 γὰρ
3152 640 3353 711 ᾔδεσαν
3392 639 3557 692 τοῦτο
3591 642 3734 693 αὐτοί

2153 746 2305 794 ποτε,
2340 729 2459 782 οὐδὲ
2499 730 2549 783 oi
2589 731 2829 800 μαθηταὶ
2861 732 3050 792 αὐτοῦ,
3096 733 3146 784 εἰ
3193 731 3270 802 μὴ
3294 734 3360 784 ἐκ
3386 731 3602 800 νεκρῶν
3643 733 3732 783 ἀν-

2152 820 2283 892 έστη
2309 839 2320 850 ο
2351 822 2630 892 φήσαιμιο
2677 821 2760 873 ὅτι
2794 822 2844 873 εξ
2895 822 2989 875 καὶ
3029 820 3106 892 μὴ
3150 820 3371 893 ᾔδεσαν,
3425 820 3550 873 οὐδὲ
3602 819 3734 872 οὕτω

2150 912 2360 984 τάληθῆ
2417 911 2833 985 ἐμαρτύρησαν.
2883 912 3126 985 Θάτερον
3200 912 3313 982 γὰρ
3373 909 3732 982 ἐπηγγείλατο

2089 1066 2095 1073 _
2152 1007 2421 1076 ποιήσειν,
2450 1006 2548 1075 οὐχ
2584 1006 2868 1078 ἑκάτερον.
2899 1006 2974 1059 Τὸ
3027 1006 3126 1076 μὲν
3159 1004 3270 1076 γὰρ
3306 1004 3472 1058 λῦσαι
3510 1004 3731 1068 ἐκείνοις

2152 1096 2360 1168 ἔπρεπε
2384 1115 2399 1130 ο
2430 1098 2492 1152 τὸ
2519 1098 2577 1151 δὲ
2606 1100 2916 1168 ἀναστῆσαι
2947 1096 3148 1167 ἐαυτῷ.
3175 1097 3393 1150 Λύσατε
3427 1097 3538 1166 γάρ
3559 1097 3727 1165 ὑμεῖς,

2151 1187 2307 1257 κάγὼ
2335 1191 2649 1258 ἀναστήσω.
2694 1187 2768 1240 Τὸ
2799 1188 2900 1257 μὲν
2932 1187 3044 1258 γάρ
3073 1186 3259 1252 λῦσαι,
3290 1187 3390 1240 καὶ
3432 1186 3529 1258 τοῦ
3557 1185 3729 1256 τυχόν-

2148 1299 2241 1347 τος
2271 1277 2339 1350 ἦν
2363 1299 2378 1314 ο
2419 1281 2481 1336 τὸ
2505 1282 2562 1334 δέ
2584 1280 2918 1351 ἀναστῆσαι,
2951 1279 3088 1334 Θεοῦ
3119 1280 3256 1349 (84).

2221 1578 2373 1631 ΣΙΗν.
2403 1607 2470 1616 -
2525 1574 2977 1644 ΟΥΑΛΕΝΤΙΝῼ
3031 1572 3146 1644 (85)
3190 1567 3661 1638 ΠΡΕΣΒΥΤΕΡῼ.

2150 1673 2254 1736 Εἰς·
2278 1671 2370 1722 τό·
2405 1689 2422 1720 ι
2447 1668 2544 1735 Μὴ
2560 1665 3217 1738 μεριμνήσητεκπῶςῆ
3244 1665 3304 1738 τί
3340 1662 3677 1738 λαλήσητε.
3701 1678 3721 1713 ι

2220 1732 2328 1794 Καὶ
2353 1741 2440 1806 είς
2463 1732 2602 1792 τότι
2634 1732 2903 1807 ἲνΕτοιμοι
2931 1736 3025 1791 ἀεὶ
3060 1735 3212 1804 πρὸς
3237 1732 3599 1801 ἀπολογίαν.
3633 1749 3651 1783 ι

2233 1919 2456 1989 Ἐπειδὴ
2490 1916 2794 1988 θαυμάζειν
2833 1915 2992 1986 ἔφης,
3036 1913 3154 1976 πῶς
3177 1916 3205 1966 ὁ
3239 1913 3341 1982 μὲν
3377 1909 3568 1980 Σωτὴρ
3588 1908 3682 1977 ἔφη
3705 1923 3719 1938 ο

2156 2035 2175 2067 ι
2229 2014 2315 2086 Μὴ
2359 2012 2758 2084 μεριμνήσητε,
2817 2006 2934 2070 πῶς
2965 2008 2998 2076 ἢ
3048 2007 3101 2058 τί
3140 2004 3447 2073 λαλήσετε·
3500 2018 3518 2051 ι
3561 1994 3634 2062 εἷς
3670 1997 3722 2051 δέ

2148 2125 2232 2170 τις
2266 2107 2329 2158 ἐκ
2346 2104 2440 2158 τοῦ
2475 2101 2834 2156 ἀποστολικοῦ
2873 2097 3034 2170 χοροῦ
3084 2095 3396 2166 παρῄνεσεν
3418 2109 3434 2122 ·
3497 2111 3516 2143 ι
3550 2091 3716 2143 ’Ἑτοι-

2152 2215 2242 2268 μοι
2273 2197 2360 2250 ἀελ⁸
2384 2194 2520 2265 πρὸς
2539 2192 2834 2259 ἀπολογίαν
2853 2208 2866 2220 ·
2905 2209 2923 2242 ι
2958 2189 3066 2242 ἴσθι
3099 2189 3182 2242 ὃτι
3206 2188 3306 2240 οὐκ
3325 2185 3482 2237 ἐστιν
3504 2184 3720 2235 ἐναντιο-

2149 2289 2324 2357 λογία,
2367 2285 2504 2340 ἀλλά
2529 2285 2590 2337 τὸ
2637 2285 2733 2354 μέν
2774 2283 2903 2352 περὶ
2953 2278 3253 2350 μαρτυρίου
3299 2277 3557 2348 εἴρηται·
3591 2273 3648 2326 τὸ
3672 2273 3722 2325 δὲ

2148 2381 2278 2452 περὶ
2319 2375 2691 2438 διδασκαλίας.
2738 2374 2908 2428 Ὅταν
2958 2372 3055 2442 μὲν
3110 2371 3220 2440 γὰρ
3244 2367 3605 2467 *ἐν-συλλόγῳ
3644 2363 3720 2467 ρί-

2147 2471 2254 2526 λων
2275 2466 2331 2544 ᾖ,
2359 2465 2695 2538 κελευόμεθα
2714 2465 2809 2518 καὶ
2837 2465 2999 2534 ἡμεῖς
3031 2460 3578 2531 μεριμνᾷν.Ἃτοπον
3604 2460 3720 2523 γὰρ,

2152 2565 2228 2637 μὴ
2278 2562 2500 2626 ειδέναι,
2559 2560 2588 2613 ὂ
2620 2558 2899 2613 διδάσκειν
2933 2551 3416 2623 ἐπαγγελλόμεθα.
3482 2550 3643 2603 Ὅταν
3670 2546 3719 2600 δὲ

2146 2648 2559 2727 δικαστήριονῇ
2607 2649 2862 2722 φοϐερὸν.
2890 2648 2986 2701 καὶ
3025 2647 3214 2717 δῆμοι,
3254 2644 3353 2697 καὶ
3402 2643 3584 2712 δήμιοι
3612 2640 3720 2691 λυτ-

2146 2747 2368 2810 τῶντες,
2399 2745 2494 2798 καὶ
2535 2741 2799 2796 πάντοθεν
2836 2738 2948 2810 (Sti)
2980 2737 3122 2802 δέος,
3167 2734 3267 2806 τὴν
3315 2731 3530 2788 οἰκείαν
3571 2732 3720 2799 ἐπηγ-

2147 2839 2365 2908 γείλατο
2434 2834 2694 2907 παρέξειν
2777 2831 2969 2903 ῥοπήν.
3027 2829 3138 2882 Καὶ
3184 2825 3295 2896 γὰρ
3337 2824 3595 2896 μέγιστον
3637 2815 3714 2889 ἦν,

2149 2929 2476 3001 ἀνθρώπους
2503 2927 2612 2980 τῶν
2664 2922 2864 2994 ἰχθύων
2921 2919 3106 2988 ὀλίγον
3159 2917 3304 2971 κατά
3352 2915 3458 2986 τὴν
3501 2911 3719 2982 ἀφωνίαν

467 3013 578 3056 tum
624 3019 756 3058 vero
783 3021 940 3060 suum
988 3023 1047 3064 se
1093 3011 1357 3066 auxilium
1410 3017 1759 3082 prmbiturum
1794 3024 2048 3090 promisit

2157 3023 2529 3092 διαφέροντας,
2579 3015 2860 3087 τυράννων
2883 3009 3292 3081 καθεζομένων,
3321 3009 3426 3062 καὶ
3461 3007 3718 3076 ὑπάρχων,

464 3092 674 3163 (Deus.)
706 3094 837 3151 Erat
861 3098 1005 3153 etiim
1048 3116 1236 3156 revera
1275 3105 1570 3160 maximum
1623 3109 1902 3180 quiddam,
1941 3119 2044 3169 ho-

2157 3117 2246 3170 καὶ
2305 3109 2630 3184 στρατηγῶν
2679 3104 3072 3178 παρεστώτων,
3111 3102 3208 3154 καὶ
3240 3099 3421 3169 ξιφῶν
3453 3112 3717 3198 γεγμμνω-

463 3183 638 3239 mines
668 3186 955 3256 ejusmodi,
986 3191 1078 3261 qui
1123 3193 1370 3248 mutitate
1395 3194 1478 3264 (ut
1507 3198 1586 3252 sic
1616 3200 1829 3272 loquar)
1871 3219 1936 3259 ac
1965 3206 2043 3261 si-

2157 3204 2351 3274 μένων,
2377 3181 2386 3184 ⁷
2410 3201 2506 3255 καὶ
2560 3197 2778 3250 πάντων
2818 3193 3046 3266 ἐκείνων
3095 3192 3210 3264 (87)
3274 3187 3717 3293 σνμμαγούντων,

464 3275 630 3329 lentio
655 3293 760 3330 non
803 3281 1033 3336 multum
1071 3299 1098 3337 a
1131 3286 1368 3354 piscibus
1408 3287 1755 3356 dili'erebant,
1798 3299 2043 3364 tyrannis

2157 3294 2494 3356 εἰσελθόντας
2540 3288 2884 3361 δεδεμένους,
2957 3286 3057 3339 καὶ
3114 3286 3230 3377 εἰς.
3267 3283 3378 3352 γῆν
3436 3279 3718 3377 κύπτοντας

461 3366 796 3435 sedentibus,
856 3379 912 3424 et
964 3371 1235 3440 prmiectis
1295 3385 1461 3446 atque
1506 3380 1741 3436 tribunis
1813 3385 2045 3445 militum

2157 3386 2447 3459 δυνηθῆναι
2499 3381 2662 3454 ῥῆξαι
2693 3379 2920 3451 φωνήνο
2973 3375 3346 3476 ὼςυείκότως
3401 3375 3452 3426 οἱ
3502 3372 3595 3476 ibi“:
3631 3368 3717 3467 τῆξ

463 3457 792 3524 astantibus,
810 3471 863 3513 et
890 3460 1083 3531 gladiis
1109 3465 1346 3534 nudatis,
1371 3470 1740 3528 omnibusillis
1760 3475 1901 3532 inter
1927 3493 2048 3536 sese

467 3542 608 3564 ,μμ
703 3549 712 3560 .
851 3550 864 3564 ι
1071 3554 1082 3564 .
1216 3557 1247 3564 .-
1424 3561 1434 3564 -

2157 3457 2304 3544 θεία-ς
2328 3475 2660 3531 ἀπολαύουσι
2705 3471 2878 3541 ῥοπῆς
2902 3485 2918 3501 ο
2960 3469 3012 3521 οἱ
3059 3467 3114 3519 δὲ
3145 3466 3499 3519 διδάσκονται
3542 3459 3611 3564 μή
3651 3457 3717 3564 τῷ

464 3542 674 3613 (contra
703 3549 868 3622 ipsos)
894 3554 1359 3624 conspirantibus,
1386 3561 1598 3617 vinctos
1638 3564 1846 3633 ingredi
1885 3569 1942 3626 in
1968 3572 2048 3640 ip-

2157 3573 2252 3641 τῆς
2287 3542 2578 3639 ⁷ἀμαθείας
2626 3562 2894 3616 ἐκδιδόναι
2941 3559 3169 3622 ἑαυτοὺς
3219 3555 3402 3626 ὕπνῳ.
3446 3552 3602 3622 Σοφοὶ
3624 3549 3716 3618 γὰρ

463 3651 647 3692 sorum
675 3651 1044 3711 coospectum,
1083 3647 1371 3718 delixoque
1413 3651 1467 3705 in
1503 3661 1704 3710 terram
1747 3658 1922 3725 vultu,
1953 3678 2048 3717 vo-

2157 3660 2296 3717 εἷναι
2314 3659 2620 3728 ὀφείλουσιν
2641 3656 2692 3708 οἱ
2721 3655 2819 3724 τῆς
2855 3653 3049 3721 σοφίας
3070 3647 3344 3721 φοιτηταί.

464 3743 580 3783 cem
615 3747 865 3801 rumpere
910 3738 1174 3804 potuisse.
1222 3739 1405 3809 itaque
1462 3745 1658 3801 merito
1683 3748 1771 3803 isti
1814 3754 2032 3820 quidem
2066 3757 2247 3813 divina
2283 3754 2539 3808 fruuntur
2568 3763 2706 3818 ope;
2734 3747 2812 3800 illi
2872 3761 3004 3800 vero
3070 3746 3357 3806 docentur,
3427 3749 3717 3808 semetipsos

464 3819 717 3878 ruditati‘s
743 3835 796 3879 et
824 3829 1110 3897 imperitiae
1158 3847 1350 3888 somno
1390 3835 1614 3892 minime
1658 3842 1891 3899 tradere.
1931 3846 2213 3920 Sapientes
2239 3845 2386 3902 enim
2447 3857 2566 3897 esse
2628 3841 2847 3905 debent,
2893 3837 2986 3909 qui
3034 3849 3094 3891 se
3141 3836 3197 3890 in
3234 3834 3522 3904 sapientiae
3562 3828 3706 3887 disci-

464 3912 703 3982 pulatum
748 3919 1108 3976 tradiderunt.

537 4025 888 4103 543-544
917 4032 1147 4088 CCXIX.
1177 4065 1248 4114 -—;
1272 4036 1612 4098 PALLADlO
1642 4043 1960 4106 DlACONO.

467 4116 536 4173 In
572 4120 706 4174 illud
738 4121 901 4175 Pauli
948 4124 1319 4252 αἰσιαέιένὲιῇ
1361 4131 1478 4252 ᾳρὶε
1517 4134 1877 4206 episcopatum
1904 4141 2046 4194 desi-

2467 4041 2588 4095 ΣΘ’.
2621 4068 2692 4081 ·-
2715 4037 3066 4108 ΠΑΛΛΑΔῙῼ
3089 4035 3424 4108 ΔΙΑΚΟΝῼ.

2282 4138 2386 4202 Εἰς
2408 4139 2498 4219 τό·
2547 4153 2566 4187 ι
2607 4133 2682 4189 ΕΖ
2721 4151 2815 4200 τις
2853 4130 3197 4201 ἐπισκοπῆς
3234 4132 3528 4202 ὀρέγεται.
3569 4149 3589 4185 ι

533 4303 802 4372 Quoniam
837 4322 941 4362 non
994 4313 1324 4381 perSpexisti
1375 4326 1611 4373 mentem
1660 4321 2041 4390 apostolicam,

2229 4325 2450 4396 Ἐπειδὴ
2493 4322 2569 4395 μὴ
2614 4321 2706 4376 τὸν
2751 4319 3113 4375 ἀποστολικδν
3161 4337 3561 4383 κατωπτευσας
3586 4320 3712 4381 νοῦν,

459 4414 581 4466 quae
612 4399 816 4469 scripto
864 4400 1034 4469 (velut
1079 4404 1303 4475 cortice)
1343 4408 1669 4478 occultatur,
1717 4414 1812 4468 sed
1866 4415 2042 4485 ipsum

2157 4419 2247 4473 τὸν
2272 4419 2331 4471 ἐν
2359 4417 2438 4487 τῷ
2475 4415 2768 4486 γράμματι
2807 4413 3208 4484 κρυπτόμενον,
3242 4411 3362 4465 ἀλλ’
3408 4413 3539 4464 αὐτὸ
3577 4409 3714 4480 μόνον

461 4491 728 4543 duntaxat
787 4492 1049 4561 scriptum
1113 4497 1548 4566 contemplatus,
1597 4517 1814 4558 sursum
1877 4514 2042 4574 atque

2157 4512 2494 4581 θεασάμενος
2521 4511 2582 4561 τὸ
2603 4507 2836 4578 γράμμα
2854 4507 2968 4562 ἀνω
2998 4506 3095 4560 καὶ
3114 4505 3265 4559 κάτω
3291 4504 3541 4575 θρυλλεῖς
3562 4521 3574 4532 ’
3604 4521 3620 4552 ι
3657 4500 3713 4552 Ei

461 4579 716 4634 deorsum
747 4580 923 4650 jactas
954 4599 1019 4637 ac
1059 4585 1309 4642 volutas:
1357 4607 1376 4640 ι
1408 4590 1467 4645 Si
1506 4593 1628 4661 quis
1666 4595 2036 4664 episcopatum

2157 4619 2228 4665 τις
2249 4579 2556 4669 ἐπι-σκοπῆς
2577 4599 2852 4666 ὀρέγεται,
2872 4598 3040 4653 κοιλοῦ
3069 4597 3232 4669 ἔργου
3274 4596 3554 4666 ἐπιθυμεῖ,
3602 4613 3618 4644 ι
3645 4591 3710 4651 ὡς

461 4671 760 4737 desiderat,
792 4673 996 4729 bonum
1022 4691 1158 4745 opus
1190 4683 1548 4750 concupiscit,
1585 4703 1605 4737 ι
1642 4689 1866 4754 proinde
1883 4691 2037 4759 quasi

2157 4692 2264 4746 δέον
2313 4693 2464 4762 ἱερᾶς
2505 4691 2607 4761 τῆς
2653 4690 2914 4761 τοιαύτης
2962 4689 3139 4760 ἀρχῆς
3191 4689 3340 4758 (88)·
3376 4688 3488 4757 ἔχω
3531 4685 3623 4755 μὲν
3657 4681 3713 4733 δι’

462 4771 714 4827 oporteat
741 4763 851 4818 tale
879 4764 1170 4835 imperium
1216 4770 1472 4826 adamare
1506 4790 1521 4826 :
1557 4778 1767 4832 tametsi
1805 4793 1912 4834 non
1944 4783 2040 4834 de-

2157 4779 2221 4840 ὧν
2249 4785 2428 4851 δείξω,
2463 4785 2538 4856 μὴ
2580 4785 2757 4849 οὕτως
2809 4784 3094 4856 εἰρηκέναι
3125 4783 3216 4836 τὸν
3273 4781 3614 4843 Ἀπόστολον,
3649 4777 3712 4837 ὡς

462 4854 736 4910 suntmibi
769 4867 1106 4927 argumenta,
1139 4862 1336 4931 quibus
1369 4867 1682 4934 ostendam,
1705 4885 1811 4925 non
1848 4872 1928 4927 sic
1957 4873 2040 4927 ιο-

2157 4877 2215 4930 σὺ
2281 4879 2420 4948 φής’
2469 4854 2625 4948 ὅμως
2675 4877 2732 4931 δὲ
2791 4854 3151 4947 συγχωρήσας
3209 4872 3504 4944 ἀνατρέψω
3551 4869 3707 4924 τοῦτο.

542 5006 796 5073 l"’Matth.
829 5032 888 5084 ι,
922 5017 1009 5075 19.
1085 5020 1132 5054 ⁸⁷
1156 5020 1178 5075 ι
1205 5021 1350 5077 Petr.
1388 5037 1470 5083 ιιι.
1501 5022 1589 5078 l5.
1668 5022 1717 5057 ⁸⁸
1747 5026 1762 5070 Ι
1790 5025 1934 5080 Tim.
1965 5043 2046 5094 tu,
2078 5031 2124 5084 1.

1563 5178 1802 5237 VARle
1840 5183 2231 5244 LECTIONES
2264 5187 2355 5243 ET
2389 5185 2624 5242 NOTAE.

538 5328 652 5413 (ει)
687 5330 902 5411 Τὸὺμὲν
932 5331 1283 5413 έῦσξιιείκαί
1320 5333 1450 5413 τοῦ.
1471 5336 1762 5413 τυχόντος
1821 5334 1903 5413 ἦν
1927 5356 1944 5372 ο
1967 5341 2043 5413 τὸ

2157 5341 2275 5397 Vat.
2317 5341 2422 5396 650
2443 5357 2507 5396 ex
2537 5341 2879 5413 Οὐαλεντίνῳ
2904 5343 2956 5396 in
2986 5343 3266 5399 Οὐάλεντι.
3292 5343 3502 5401 Possm.

464 5397 533 5480 δέ
549 5397 896 5484 ἀναστῆσαι
930 5402 1237 5484 68237,.“le
1265 5405 1451 5484 prpcul
1478 5397 1588 5484 abit
1609 5408 1678 5461 ab
1708 5397 1808 5484 ista
1844 5397 2040 5484 'Pindaf

2215 5413 2328 5484 (86)
2359 5413 2640 5484 Πάντοθεν
2659 5412 2798 5466 idem
2826 5397 2945 5467 cod.
2978 5397 3146 5479 auget
3168 5397 3608 5484 ἰιιίπανταγόθεν.
3640 5413 3703 5467 in.

466 5473 578 5523 rica
628 5474 937 5554 sententia:
992 5473 1232 5554 ςιζᾴδιονς
1273 5473 1391 5554 μέν
1442 5476 1625 5554 πόλιν
1676 5479 2042 5554 σεῖσαιᾳκαὶ

2218 5473 2495 5554 (87)ldem
2522 5483 2746 5536 ἐκείνων
2770 5484 3022 5554 mutatin
3050 5473 3307 5548 ἐκείνοις.
3337 5473 3494 5541 Verg.
3527 5497 3632 5554 post
3657 5484 3702 5544 ὅ,

465 5539 912 5623 ερλειιςροξρροιις·
942 5544 1008 5595 τὸ
1030 5543 1099 5623 δέ
1135 5544 1243 5623 ἐπὶ·
1269 5539 1468 5623 ᾇςώρας
1485 5546 1666 5623 ἕσσαι
1695 5545 1868 5615 αὖτις
1891 5549 2041 5623 δυσ-

2157 5539 2247 5623 ρῐὸ
2285 5539 2591 5616 κ’ύπτοντας
2642 5553 2833 5623 scribit
2866 5552 3233 5623 κρύπτοντας.
3270 5554 3481 5609 Possm.

467 5611 660 5688 παλξῖς
683 5609 759 5688 δὴ
785 5613 1028 5688 γίνεταί,
1070 5613 1147 5666 ἂν
1174 5609 1409 5682 audet);-
1437 5609 1802 5686 ἁγεμόνεσσι
1839 5609 2045 5688 κυϐερη

470 5678 660 5746 νατὴρ
686 5678 944 5747 γένηται.
973 5683 1137 5739 Rt'rr.

545 5699 660 5746 :tnp
721 5699 944 5747 ενηται.
974 5699 1137 5739 til'r'l'.

545 5750 659 5820 (8b)
686 5699 890 5807 Romen
927 5754 1038 5823 ejus
1072 5755 1158 5810 cui
1187 5756 1300 5812 lucc
1340 5758 1599 5813 scribitur
1635 5761 1880 5817 decurtat
1924 5763 2041 5817 cod.

2221 5622 2331 5692 (88)
2375 5623 2470 5701 ᾮς
2499 5623 2640 5701 δέον
2677 5621 2858 5701 (apag.
2908 5621 3052 5701 ἰλιι-ς.
3105 5627 3237 5696 ἐρᾷν
3275 5624 3375 5701 [sic
3417 5628 3535 5701 cod.
3575 5621 3700 5701 νειμ]

2148 5696 2248 5765 τῆς
2281 5693 2765 5765 τοιαύτηςάρχῆς,
2801 5703 2858 5745 ιιι
2886 5695 3044 5765 paulo
3069 5693 3212 5761 post,
3249 5693 3344 5749 καὶ
3363 5697 3499 5765 μηδὲ
3527 5693 3700 5751 σαυτοῦ

2151 5763 2311 5835 ἄρξαι
2349 5763 2618 5832 δυνηθεὶς,
2650 5764 2782 5835 ἐρᾷς
2805 5763 3057 5834 τοιαύτης
3083 5765 3277 5836 ἀρχῆς.
3309 5763 3465 5822 tun
