  <div class='ocr_page' id='page_1' title='image "/cluster/home/n/w/nwhite01/storage/ocr_20150623/78/nnc1.0046980008/722.png"; bbox 0 0 3906 6416; ppageno 0'>
   <div class='ocr_carea' id='block_1_1' title="bbox 248 410 395 475">
    <p class='ocr_par' dir='ltr' id='par_1_1' title="bbox 248 410 395 475">
     <span class='ocr_line' id='line_1_1' title="bbox 248 410 395 475; baseline 0.02 -3"><span class='ocrx_word' id='word_1_1' title='bbox 248 410 395 475; x_wconf 77' lang='lat'><strong>1313</strong></span> 
     </span>
    </p>
   </div>
   <div class='ocr_carea' id='block_1_2' title="bbox 1180 420 2672 483">
    <p class='ocr_par' dir='ltr' id='par_1_2' title="bbox 1180 420 2672 483">
     <span class='ocr_line' id='line_1_2' title="bbox 1180 420 2672 483; baseline 0.002 -3"><span class='ocrx_word' id='word_1_2' title='bbox 1180 420 1715 481; x_wconf 80' lang='lat' dir='ltr'><strong>EPISTOLARUM</strong></span> <span class='ocrx_word' id='word_1_3' title='bbox 1756 421 1901 481; x_wconf 87' lang='lat' dir='ltr'><strong>LIB.</strong></span> <span class='ocrx_word' id='word_1_4' title='bbox 1940 420 2036 483; x_wconf 83' lang='lat' dir='ltr'><strong>IV.</strong></span> <span class='ocrx_word' id='word_1_5' title='bbox 2077 444 2143 455; x_wconf 85' lang='grc'><strong>-··</strong></span> <span class='ocrx_word' id='word_1_6' title='bbox 2184 422 2421 482; x_wconf 84' lang='lat' dir='ltr'><strong>EPIST.</strong></span> <span class='ocrx_word' id='word_1_7' title='bbox 2461 424 2672 483; x_wconf 81' lang='lat' dir='ltr'><strong>CCXX.</strong></span> 
     </span>
    </p>
   </div>
   <div class='ocr_carea' id='block_1_3' title="bbox 3430 424 3562 490">
    <p class='ocr_par' dir='ltr' id='par_1_3' title="bbox 3430 424 3562 490">
     <span class='ocr_line' id='line_1_3' title="bbox 3430 424 3562 490; baseline 0.023 -3"><span class='ocrx_word' id='word_1_8' title='bbox 3430 424 3562 490; x_wconf 75' lang='grc'><strong>1314</strong></span> 
     </span>
    </p>
   </div>
   <div class='ocr_carea' id='block_1_4' title="bbox 247 524 1914 603">
    <p class='ocr_par' dir='ltr' id='par_1_4' title="bbox 247 524 1881 597">
     <span class='ocr_line' id='line_1_4' title="bbox 247 524 1881 597; baseline 0.002 -21"><span class='ocrx_word' id='word_1_9' title='bbox 247 526 453 576; x_wconf 83' lang='grc' dir='ltr'>Ἔστω</span> <span class='ocrx_word' id='word_1_10' title='bbox 476 524 637 596; x_wconf 71' lang='grc' dir='ltr'>γὰρ,</span> <span class='ocrx_word' id='word_1_11' title='bbox 671 527 871 588; x_wconf 83' lang='grc' dir='ltr'>ἐκεῖνος</span> <span class='ocrx_word' id='word_1_12' title='bbox 893 524 1129 578; x_wconf 83' lang='grc' dir='ltr'>τοιοῦτόν</span> <span class='ocrx_word' id='word_1_13' title='bbox 1159 543 1211 579; x_wconf 89' lang='grc' dir='ltr'><strong>τι</strong></span> <span class='ocrx_word' id='word_1_14' title='bbox 1233 527 1469 597; x_wconf 74' lang='grc' dir='ltr'>ἐφρασεο</span> <span class='ocrx_word' id='word_1_15' title='bbox 1498 529 1561 580; x_wconf 82' lang='grc' dir='ltr'><strong>σὺ</strong></span> <span class='ocrx_word' id='word_1_16' title='bbox 1589 528 1658 580; x_wconf 76' lang='grc' dir='ltr'>δι’</span> <span class='ocrx_word' id='word_1_17' title='bbox 1700 530 1768 597; x_wconf 78' lang='grc' dir='ltr'>ἦν</span> <span class='ocrx_word' id='word_1_18' title='bbox 1797 529 1881 580; x_wconf 51' lang='lat' dir='ltr'><strong>ai-</strong></span> 
     </span>
    </p>
   </div>
   <div class='ocr_carea' id='block_1_5' title="bbox 1988 524 3562 603">
    <p class='ocr_par' dir='ltr' id='par_1_5' title="bbox 1994 530 3562 603">
     <span class='ocr_line' id='line_1_5' title="bbox 1994 530 3562 603; baseline 0.004 -21"><span class='ocrx_word' id='word_1_19' title='bbox 1994 538 2175 583; x_wconf 86' lang='lat' dir='ltr'><strong>culum</strong></span> <span class='ocrx_word' id='word_1_20' title='bbox 2196 545 2316 584; x_wconf 90' lang='lat' dir='ltr'><strong>csse</strong></span> <span class='ocrx_word' id='word_1_21' title='bbox 2349 531 2688 600; x_wconf 85' lang='lat' dir='ltr'><strong>Apostolum,</strong></span> <span class='ocrx_word' id='word_1_22' title='bbox 2720 531 2989 599; x_wconf 86' lang='lat' dir='ltr'><strong>quomodo</strong></span> <span class='ocrx_word' id='word_1_23' title='bbox 3025 540 3077 586; x_wconf 88' lang='lat' dir='ltr'><strong>tu</strong></span> <span class='ocrx_word' id='word_1_24' title='bbox 3113 530 3333 603; x_wconf 81' lang='lat' dir='ltr'><strong>accipis.</strong></span> <span class='ocrx_word' id='word_1_25' title='bbox 3362 533 3562 589; x_wconf 82' lang='lat' dir='ltr'><strong>Tamen</strong></span> 
     </span>
    </p>
   </div>
   <div class='ocr_carea' id='block_1_6' title="bbox 254 615 1882 689">
    <p class='ocr_par' dir='ltr' id='par_1_6' title="bbox 254 615 1882 689">
     <span class='ocr_line' id='line_1_6' title="bbox 254 615 1882 689; baseline 0.002 -21"><span class='ocrx_word' id='word_1_26' title='bbox 254 616 376 668; x_wconf 77' lang='grc' dir='ltr'>τίαν</span> <span class='ocrx_word' id='word_1_27' title='bbox 407 615 492 667; x_wconf 76' lang='grc' dir='ltr'>τὰ</span> <span class='ocrx_word' id='word_1_28' title='bbox 520 618 677 671; x_wconf 72' lang='grc' dir='ltr'>κατὰ</span> <span class='ocrx_word' id='word_1_29' title='bbox 704 618 899 671; x_wconf 83' lang='grc' dir='ltr'>σαυτὸν</span> <span class='ocrx_word' id='word_1_30' title='bbox 920 617 1122 687; x_wconf 84' lang='grc'>(89-90)</span> <span class='ocrx_word' id='word_1_31' title='bbox 1145 618 1377 686; x_wconf 84' lang='grc' dir='ltr'><strong>ἀγνοῶν,</strong></span> <span class='ocrx_word' id='word_1_32' title='bbox 1408 619 1503 671; x_wconf 73' lang='grc' dir='ltr'><strong>καὶ</strong></span> <span class='ocrx_word' id='word_1_33' title='bbox 1535 619 1668 689; x_wconf 87' lang='grc' dir='ltr'><strong>μηδέ</strong></span> <span class='ocrx_word' id='word_1_34' title='bbox 1688 618 1882 671; x_wconf 78' lang='grc' dir='ltr'>σαυτοῦ</span> 
     </span>
    </p>
   </div>
   <div class='ocr_carea' id='block_1_7' title="bbox 247 705 1884 781">
    <p class='ocr_par' dir='ltr' id='par_1_7' title="bbox 247 705 1884 781">
     <span class='ocr_line' id='line_1_7' title="bbox 247 705 1884 781; baseline 0.002 -22"><span class='ocrx_word' id='word_1_35' title='bbox 247 705 432 777; x_wconf 74' lang='grc' dir='ltr'>ἄρξαι</span> <span class='ocrx_word' id='word_1_36' title='bbox 502 707 796 778; x_wconf 74' lang='grc' dir='ltr'>δυνηθεὶς,</span> <span class='ocrx_word' id='word_1_37' title='bbox 855 709 989 779; x_wconf 76' lang='grc' dir='ltr'>ἐρᾷς</span> <span class='ocrx_word' id='word_1_38' title='bbox 1034 709 1288 778; x_wconf 83' lang='grc' dir='ltr'><strong>τοιαύτης</strong></span> <span class='ocrx_word' id='word_1_39' title='bbox 1341 711 1538 781; x_wconf 82' lang='grc' dir='ltr'>ἀρχῆς,</span> <span class='ocrx_word' id='word_1_40' title='bbox 1613 712 1734 781; x_wconf 79' lang='grc' dir='ltr'>ἥτις</span> <span class='ocrx_word' id='word_1_41' title='bbox 1790 711 1884 764; x_wconf 79' lang='grc' dir='ltr'><strong>καὶ</strong></span> 
     </span>
    </p>
   </div>
   <div class='ocr_carea' id='block_1_8' title="bbox 245 799 1876 871">
    <p class='ocr_par' dir='ltr' id='par_1_8' title="bbox 245 799 1876 871">
     <span class='ocr_line' id='line_1_8' title="bbox 245 799 1876 871; baseline 0.003 -21"><span class='ocrx_word' id='word_1_42' title='bbox 245 799 572 867; x_wconf 76' lang='grc' dir='ltr'>βασιλείας</span> <span class='ocrx_word' id='word_1_43' title='bbox 619 801 767 854; x_wconf 78' lang='grc' dir='ltr'>ἐστὶν</span> <span class='ocrx_word' id='word_1_44' title='bbox 793 801 853 854; x_wconf 84' lang='grc' dir='ltr'><strong>ού</strong></span> <span class='ocrx_word' id='word_1_45' title='bbox 890 801 1051 870; x_wconf 86' lang='grc' dir='ltr'>μόνον</span> <span class='ocrx_word' id='word_1_46' title='bbox 1079 800 1410 871; x_wconf 72' lang='grc' dir='ltr'>ὑψηλοτέρα,</span> <span class='ocrx_word' id='word_1_47' title='bbox 1447 802 1585 855; x_wconf 85' lang='grc' dir='ltr'>ἀλλὰ</span> <span class='ocrx_word' id='word_1_48' title='bbox 1614 802 1711 855; x_wconf 77' lang='grc' dir='ltr'><strong>καὶ</strong></span> <span class='ocrx_word' id='word_1_49' title='bbox 1751 804 1876 855; x_wconf 85' lang='grc' dir='ltr'>ἐπι-</span> 
     </span>
    </p>
   </div>
   <div class='ocr_carea' id='block_1_9' title="bbox 244 888 1884 960">
    <p class='ocr_par' dir='ltr' id='par_1_9' title="bbox 244 888 1884 960">
     <span class='ocr_line' id='line_1_9' title="bbox 244 888 1884 960; baseline 0.002 -19"><span class='ocrx_word' id='word_1_50' title='bbox 244 889 576 959; x_wconf 74' lang='grc' dir='ltr'>πονωτέρα</span> <span class='ocrx_word' id='word_1_51' title='bbox 604 907 618 955; x_wconf 89' lang='lat'><strong>;</strong></span> <span class='ocrx_word' id='word_1_52' title='bbox 669 890 777 943; x_wconf 73' lang='grc' dir='ltr'><strong>Καὶ</strong></span> <span class='ocrx_word' id='word_1_53' title='bbox 833 890 908 960; x_wconf 85' lang='grc' dir='ltr'>μὴ</span> <span class='ocrx_word' id='word_1_54' title='bbox 942 889 1187 960; x_wconf 77' lang='grc' dir='ltr'><strong>νομίζεις</strong></span> <span class='ocrx_word' id='word_1_55' title='bbox 1233 890 1527 945; x_wconf 82' lang='grc' dir='ltr'>ἀνεύθυνον</span> <span class='ocrx_word' id='word_1_56' title='bbox 1561 888 1703 945; x_wconf 79' lang='grc' dir='ltr'>εἶναι</span> <span class='ocrx_word' id='word_1_57' title='bbox 1735 891 1884 957; x_wconf 83' lang='grc' dir='ltr'>ἐξου-</span> 
     </span>
    </p>
   </div>
   <div class='ocr_carea' id='block_1_10' title="bbox 248 979 1883 1053">
    <p class='ocr_par' dir='ltr' id='par_1_10' title="bbox 248 979 1883 1053">
     <span class='ocr_line' id='line_1_10' title="bbox 248 979 1883 1053; baseline 0.004 -23"><span class='ocrx_word' id='word_1_58' title='bbox 248 979 407 1040; x_wconf 83' lang='grc' dir='ltr'>σίαν,</span> <span class='ocrx_word' id='word_1_59' title='bbox 444 981 583 1033; x_wconf 74' lang='grc' dir='ltr'>ἀλλ’</span> <span class='ocrx_word' id='word_1_60' title='bbox 613 982 711 1051; x_wconf 83' lang='grc' dir='ltr'><strong>οὐχ</strong></span> <span class='ocrx_word' id='word_1_61' title='bbox 746 981 1049 1034; x_wconf 85' lang='grc' dir='ltr'>ὑπεύθυνον</span> <span class='ocrx_word' id='word_1_62' title='bbox 1077 982 1459 1053; x_wconf 84' lang='grc' dir='ltr'>λειτουργίαν;</span> <span class='ocrx_word' id='word_1_63' title='bbox 1514 983 1655 1036; x_wconf 81' lang='grc' dir='ltr'>Ἀλλ’</span> <span class='ocrx_word' id='word_1_64' title='bbox 1704 985 1752 1036; x_wconf 89' lang='grc' dir='ltr'><strong>εί</strong></span> <span class='ocrx_word' id='word_1_65' title='bbox 1788 985 1883 1036; x_wconf 80' lang='grc' dir='ltr'>καὶ</span> 
     </span>
    </p>
   </div>
   <div class='ocr_carea' id='block_1_11' title="bbox 249 1069 1883 1142">
    <p class='ocr_par' dir='ltr' id='par_1_11' title="bbox 249 1069 1883 1142">
     <span class='ocr_line' id='line_1_11' title="bbox 249 1069 1883 1142; baseline 0.003 -21"><span class='ocrx_word' id='word_1_66' title='bbox 249 1069 430 1133; x_wconf 70' lang='grc' dir='ltr'>αὐτὸς</span> <span class='ocrx_word' id='word_1_67' title='bbox 468 1072 673 1141; x_wconf 82' lang='grc' dir='ltr'>πάσης</span> <span class='ocrx_word' id='word_1_68' title='bbox 727 1071 986 1124; x_wconf 76' lang='grc' dir='ltr'>ἐπέκεινα</span> <span class='ocrx_word' id='word_1_69' title='bbox 1029 1070 1225 1141; x_wconf 88' lang='grc' dir='ltr'>μανίας</span> <span class='ocrx_word' id='word_1_70' title='bbox 1264 1074 1486 1142; x_wconf 80' lang='grc' dir='ltr'><strong>χωρεῖς,</strong></span> <span class='ocrx_word' id='word_1_71' title='bbox 1558 1071 1696 1126; x_wconf 75' lang='grc' dir='ltr'>ἀλλὰ</span> <span class='ocrx_word' id='word_1_72' title='bbox 1726 1072 1883 1142; x_wconf 79' lang='grc' dir='ltr'><strong>κάγὼ</strong></span> 
     </span>
    </p>
   </div>
   <div class='ocr_carea' id='block_1_12' title="bbox 253 1163 1882 1236">
    <p class='ocr_par' dir='ltr' id='par_1_12' title="bbox 253 1163 1882 1236">
     <span class='ocr_line' id='line_1_12' title="bbox 253 1163 1882 1236; baseline 0.004 -22"><span class='ocrx_word' id='word_1_73' title='bbox 253 1163 575 1235; x_wconf 80' lang='grc' dir='ltr'>μανοίμην</span> <span class='ocrx_word' id='word_1_74' title='bbox 627 1165 714 1228; x_wconf 83' lang='grc' dir='ltr'><strong>ἂν,</strong></span> <span class='ocrx_word' id='word_1_75' title='bbox 755 1164 805 1216; x_wconf 75' lang='grc' dir='ltr'>εἰ</span> <span class='ocrx_word' id='word_1_76' title='bbox 853 1163 1147 1235; x_wconf 75' lang='grc' dir='ltr'>φαινοίμην</span> <span class='ocrx_word' id='word_1_77' title='bbox 1197 1165 1270 1236; x_wconf 88' lang='grc' dir='ltr'><strong>μή</strong></span> <span class='ocrx_word' id='word_1_78' title='bbox 1321 1165 1432 1233; x_wconf 79' lang='grc'>(91)</span> <span class='ocrx_word' id='word_1_79' title='bbox 1465 1182 1560 1218; x_wconf 88' lang='grc' dir='ltr'><strong>σου</strong></span> <span class='ocrx_word' id='word_1_80' title='bbox 1610 1165 1672 1219; x_wconf 84' lang='grc' dir='ltr'><strong>τὸ</strong></span> <span class='ocrx_word' id='word_1_81' title='bbox 1712 1167 1882 1230; x_wconf 86' lang='grc' dir='ltr'>πάθος</span> 
     </span>
    </p>
   </div>
   <div class='ocr_carea' id='block_1_13' title="bbox 251 1253 1883 1329">
    <p class='ocr_par' dir='ltr' id='par_1_13' title="bbox 251 1253 1883 1329">
     <span class='ocr_line' id='line_1_13' title="bbox 251 1253 1883 1329; baseline 0.004 -23"><span class='ocrx_word' id='word_1_82' title='bbox 251 1253 637 1323; x_wconf 81' lang='grc' dir='ltr'>θεραπεῦσαι</span> <span class='ocrx_word' id='word_1_83' title='bbox 668 1255 1028 1325; x_wconf 84' lang='grc' dir='ltr'>πειρώμενος.</span> <span class='ocrx_word' id='word_1_84' title='bbox 1068 1257 1223 1325; x_wconf 76' lang='grc' dir='ltr'>Ἐμοὶ</span> <span class='ocrx_word' id='word_1_85' title='bbox 1252 1257 1385 1328; x_wconf 83' lang='grc' dir='ltr'>γὰρ,</span> <span class='ocrx_word' id='word_1_86' title='bbox 1416 1256 1460 1309; x_wconf 81' lang='grc' dir='ltr'>ὧ</span> <span class='ocrx_word' id='word_1_87' title='bbox 1497 1258 1761 1329; x_wconf 75' lang='grc' dir='ltr'><strong>μακάριε,⁸</strong></span> <span class='ocrx_word' id='word_1_88' title='bbox 1790 1259 1883 1312; x_wconf 77' lang='grc' dir='ltr'><strong>καὶ</strong></span> 
     </span>
    </p>
   </div>
   <div class='ocr_carea' id='block_1_14' title="bbox 249 1347 1882 1420">
    <p class='ocr_par' dir='ltr' id='par_1_14' title="bbox 249 1347 1882 1420">
     <span class='ocr_line' id='line_1_14' title="bbox 249 1347 1882 1420; baseline 0.002 -22"><span class='ocrx_word' id='word_1_89' title='bbox 249 1347 338 1409; x_wconf 81' lang='grc' dir='ltr'><strong>τὸ,</strong></span> <span class='ocrx_word' id='word_1_90' title='bbox 384 1365 406 1397; x_wconf 76' lang='grc' dir='ltr'><strong>ι</strong></span> <span class='ocrx_word' id='word_1_91' title='bbox 453 1347 537 1399; x_wconf 78' lang='grc' dir='ltr'><strong>Εἴ</strong></span> <span class='ocrx_word' id='word_1_92' title='bbox 564 1365 673 1411; x_wconf 93' lang='grc' dir='ltr'>τις,</span> <span class='ocrx_word' id='word_1_93' title='bbox 723 1366 742 1397; x_wconf 76' lang='grc' dir='ltr'><strong>ι</strong></span> <span class='ocrx_word' id='word_1_94' title='bbox 776 1348 1007 1418; x_wconf 79' lang='grc' dir='ltr'>φοϐερόν</span> <span class='ocrx_word' id='word_1_95' title='bbox 1038 1349 1173 1411; x_wconf 89' lang='grc' dir='ltr'>ἐστι,</span> <span class='ocrx_word' id='word_1_96' title='bbox 1202 1352 1295 1400; x_wconf 77' lang='grc' dir='ltr'><strong>καὶ</strong></span> <span class='ocrx_word' id='word_1_97' title='bbox 1341 1350 1407 1400; x_wconf 85' lang='grc' dir='ltr'><strong>ὲκ</strong></span> <span class='ocrx_word' id='word_1_98' title='bbox 1455 1349 1672 1420; x_wconf 83' lang='grc' dir='ltr'>βάθρων</span> <span class='ocrx_word' id='word_1_99' title='bbox 1710 1350 1882 1419; x_wconf 83' lang='grc' dir='ltr'>αὐτὴν</span> 
     </span>
    </p>
   </div>
   <div class='ocr_carea' id='block_1_15' title="bbox 251 1440 1884 1512">
    <p class='ocr_par' dir='ltr' id='par_1_15' title="bbox 251 1440 1884 1512">
     <span class='ocr_line' id='line_1_15' title="bbox 251 1440 1884 1512; baseline 0.009 -21"><span class='ocrx_word' id='word_1_100' title='bbox 251 1442 581 1493; x_wconf 77' lang='grc' dir='ltr'>κατασείει</span> <span class='ocrx_word' id='word_1_101' title='bbox 608 1441 706 1511; x_wconf 79' lang='grc' dir='ltr'>τὴν</span> <span class='ocrx_word' id='word_1_102' title='bbox 732 1441 877 1511; x_wconf 71' lang='grc' dir='ltr'>ψυχή</span> <span class='ocrx_word' id='word_1_103' title='bbox 891 1458 941 1493; x_wconf 88' lang='grc' dir='ltr'>ν.</span> <span class='ocrx_word' id='word_1_104' title='bbox 987 1440 1093 1493; x_wconf 90' lang='grc' dir='ltr'>Τοῦ</span> <span class='ocrx_word' id='word_1_105' title='bbox 1123 1440 1231 1512; x_wconf 81' lang='grc' dir='ltr'>γὰρ</span> <span class='ocrx_word' id='word_1_106' title='bbox 1282 1441 1549 1512; x_wconf 79' lang='grc' dir='ltr'>μεγέθους</span> <span class='ocrx_word' id='word_1_107' title='bbox 1578 1443 1676 1510; x_wconf 82' lang='grc' dir='ltr'><strong>τῆς</strong></span> <span class='ocrx_word' id='word_1_108' title='bbox 1708 1441 1884 1512; x_wconf 79' lang='grc' dir='ltr'>ἀρχῆς</span> 
     </span>
    </p>
   </div>
   <div class='ocr_carea' id='block_1_16' title="bbox 253 1530 1876 1601">
    <p class='ocr_par' dir='ltr' id='par_1_16' title="bbox 253 1530 1876 1601">
     <span class='ocr_line' id='line_1_16' title="bbox 253 1530 1876 1601; baseline 0.001 -20"><span class='ocrx_word' id='word_1_109' title='bbox 253 1531 422 1582; x_wconf 86' lang='grc' dir='ltr'>ἐστιν</span> <span class='ocrx_word' id='word_1_110' title='bbox 480 1531 852 1584; x_wconf 79' lang='grc' dir='ltr'>ἐνδεικτικόν.</span> <span class='ocrx_word' id='word_1_111' title='bbox 900 1530 964 1583; x_wconf 80' lang='grc' dir='ltr'>Εἰ</span> <span class='ocrx_word' id='word_1_112' title='bbox 1003 1531 1059 1583; x_wconf 79' lang='grc' dir='ltr'>δὲ</span> <span class='ocrx_word' id='word_1_113' title='bbox 1094 1531 1281 1600; x_wconf 79' lang='grc' dir='ltr'>φαίης,</span> <span class='ocrx_word' id='word_1_114' title='bbox 1314 1531 1464 1596; x_wconf 87' lang='grc' dir='ltr'>πῶς;</span> <span class='ocrx_word' id='word_1_115' title='bbox 1516 1532 1727 1601; x_wconf 76' lang='grc' dir='ltr'>εἴποιμι</span> <span class='ocrx_word' id='word_1_116' title='bbox 1776 1532 1876 1596; x_wconf 89' lang='grc' dir='ltr'><strong>ἂν,</strong></span> 
     </span>
    </p>
   </div>
   <div class='ocr_carea' id='block_1_17' title="bbox 252 1620 1882 1692">
    <p class='ocr_par' dir='ltr' id='par_1_17' title="bbox 252 1620 1882 1692">
     <span class='ocr_line' id='line_1_17' title="bbox 252 1620 1882 1692; baseline 0.002 -21"><span class='ocrx_word' id='word_1_117' title='bbox 252 1621 342 1671; x_wconf 76' lang='grc' dir='ltr'><strong>ὅτι</strong></span> <span class='ocrx_word' id='word_1_118' title='bbox 384 1620 506 1673; x_wconf 75' lang='grc' dir='ltr'><strong>οὐκ</strong></span> <span class='ocrx_word' id='word_1_119' title='bbox 549 1620 820 1692; x_wconf 78' lang='grc' dir='ltr'>ἐθάρσησε</span> <span class='ocrx_word' id='word_1_120' title='bbox 869 1620 1191 1691; x_wconf 80' lang='grc' dir='ltr'>προστάξαι,</span> <span class='ocrx_word' id='word_1_121' title='bbox 1244 1620 1358 1673; x_wconf 85' lang='grc' dir='ltr'>ἀλλ’</span> <span class='ocrx_word' id='word_1_122' title='bbox 1387 1621 1497 1673; x_wconf 83' lang='grc' dir='ltr'>οὐδ’</span> <span class='ocrx_word' id='word_1_123' title='bbox 1543 1621 1601 1672; x_wconf 73' lang='grc' dir='ltr'><strong>οὐ</strong></span> <span class='ocrx_word' id='word_1_124' title='bbox 1649 1622 1882 1691; x_wconf 82' lang='grc' dir='ltr'>προτρέ-</span> 
     </span>
    </p>
   </div>
   <div class='ocr_carea' id='block_1_18' title="bbox 256 1707 1883 1781">
    <p class='ocr_par' dir='ltr' id='par_1_18' title="bbox 256 1707 1883 1781">
     <span class='ocr_line' id='line_1_18' title="bbox 256 1707 1883 1781; baseline -0.001 -17"><span class='ocrx_word' id='word_1_125' title='bbox 256 1710 389 1778; x_wconf 68' lang='grc' dir='ltr'>ψαι,</span> <span class='ocrx_word' id='word_1_126' title='bbox 439 1712 583 1765; x_wconf 80' lang='grc' dir='ltr'>οὐδὲ</span> <span class='ocrx_word' id='word_1_127' title='bbox 635 1711 1073 1781; x_wconf 59' lang='grc' dir='ltr'>συμϐουλεῦσαγ</span> <span class='ocrx_word' id='word_1_128' title='bbox 1122 1711 1245 1763; x_wconf 81' lang='grc' dir='ltr'><strong>οὑδέ</strong></span> <span class='ocrx_word' id='word_1_129' title='bbox 1288 1710 1398 1781; x_wconf 74' lang='grc' dir='ltr'><strong>γάρ</strong></span> <span class='ocrx_word' id='word_1_130' title='bbox 1447 1707 1746 1774; x_wconf 80' lang='grc' dir='ltr'>εἷπε-Πᾶς</span> <span class='ocrx_word' id='word_1_131' title='bbox 1797 1727 1883 1774; x_wconf 83' lang='grc' dir='ltr'><strong>τις</strong></span> 
     </span>
    </p>
   </div>
   <div class='ocr_carea' id='block_1_19' title="bbox 258 1794 1884 1874">
    <p class='ocr_par' dir='ltr' id='par_1_19' title="bbox 258 1794 1884 1874">
     <span class='ocr_line' id='line_1_19' title="bbox 258 1794 1884 1874; baseline 0.001 -19"><span class='ocrx_word' id='word_1_132' title='bbox 258 1805 612 1874; x_wconf 75' lang='grc' dir='ltr'>ἐπισκοπῆς</span> <span class='ocrx_word' id='word_1_133' title='bbox 641 1804 921 1874; x_wconf 77' lang='grc' dir='ltr'>ὀρεγέσθω</span> <span class='ocrx_word' id='word_1_134' title='bbox 947 1820 960 1833; x_wconf 80' lang='grc'><em>’</em></span> <span class='ocrx_word' id='word_1_135' title='bbox 1008 1802 1189 1867; x_wconf 84' lang='grc' dir='ltr'>καλῶς</span> <span class='ocrx_word' id='word_1_136' title='bbox 1219 1806 1382 1857; x_wconf 89' lang='grc' dir='ltr'>ποιεῖ.</span> <span class='ocrx_word' id='word_1_137' title='bbox 1466 1806 1512 1856; x_wconf 84' lang='grc' dir='ltr'><strong>Η</strong></span> <span class='ocrx_word' id='word_1_138' title='bbox 1542 1794 1653 1873; x_wconf 77' lang='grc' dir='ltr'><strong>γὰρ</strong></span> <span class='ocrx_word' id='word_1_139' title='bbox 1687 1805 1756 1856; x_wconf 83' lang='grc' dir='ltr'>ἂν</span> <span class='ocrx_word' id='word_1_140' title='bbox 1794 1804 1884 1857; x_wconf 87' lang='grc' dir='ltr'><strong>τὸν</strong></span> 
     </span>
    </p>
   </div>
   <div class='ocr_carea' id='block_1_20' title="bbox 1986 622 3562 690">
    <p class='ocr_par' dir='ltr' id='par_1_20' title="bbox 1986 622 3562 690">
     <span class='ocr_line' id='line_1_20' title="bbox 1986 622 3562 690; baseline 0.003 -18"><span class='ocrx_word' id='word_1_141' title='bbox 1986 624 2275 674; x_wconf 81' lang='lat' dir='ltr'><strong>concedam</strong></span> <span class='ocrx_word' id='word_1_142' title='bbox 2319 622 2391 674; x_wconf 90' lang='lat' dir='ltr'><strong>ita</strong></span> <span class='ocrx_word' id='word_1_143' title='bbox 2435 638 2589 685; x_wconf 90' lang='lat' dir='ltr'><strong>esse,</strong></span> <span class='ocrx_word' id='word_1_144' title='bbox 2628 623 2787 690; x_wconf 88' lang='lat' dir='ltr'><strong>idque</strong></span> <span class='ocrx_word' id='word_1_145' title='bbox 2837 632 3101 676; x_wconf 87' lang='lat' dir='ltr'><strong>evertam.</strong></span> <span class='ocrx_word' id='word_1_146' title='bbox 3145 623 3229 677; x_wconf 87' lang='lat' dir='ltr'><strong>Sit</strong></span> <span class='ocrx_word' id='word_1_147' title='bbox 3275 624 3421 678; x_wconf 90' lang='lat' dir='ltr'><strong>enim</strong></span> <span class='ocrx_word' id='word_1_148' title='bbox 3456 626 3562 689; x_wconf 90' lang='lat' dir='ltr'><strong>ita;</strong></span> 
     </span>
    </p>
   </div>
   <div class='ocr_carea' id='block_1_21' title="bbox 1984 710 3566 784">
    <p class='ocr_par' dir='ltr' id='par_1_21' title="bbox 1984 710 3566 784">
     <span class='ocr_line' id='line_1_21' title="bbox 1984 710 3566 784; baseline 0.003 -20"><span class='ocrx_word' id='word_1_149' title='bbox 1984 710 2182 765; x_wconf 86' lang='lat' dir='ltr'><strong>dixerit</strong></span> <span class='ocrx_word' id='word_1_150' title='bbox 2230 712 2321 766; x_wconf 90' lang='lat' dir='ltr'><strong>ille</strong></span> <span class='ocrx_word' id='word_1_151' title='bbox 2364 712 2627 780; x_wconf 79' lang='lat' dir='ltr'><strong>ejusmodi</strong></span> <span class='ocrx_word' id='word_1_152' title='bbox 2676 713 2882 783; x_wconf 87' lang='lat' dir='ltr'><strong>aliquid</strong></span> <span class='ocrx_word' id='word_1_153' title='bbox 2932 713 3063 767; x_wconf 82' lang='lat' dir='ltr'><strong>:Tu</strong></span> <span class='ocrx_word' id='word_1_154' title='bbox 3113 730 3243 770; x_wconf 84' lang='lat' dir='ltr'><strong>vero</strong></span> <span class='ocrx_word' id='word_1_155' title='bbox 3288 730 3447 784; x_wconf 82' lang='lat' dir='ltr'><strong>quam</strong></span> <span class='ocrx_word' id='word_1_156' title='bbox 3496 718 3566 771; x_wconf 90' lang='lat' dir='ltr'><strong>ob</strong></span> 
     </span>
    </p>
   </div>
   <div class='ocr_carea' id='block_1_22' title="bbox 1982 806 3563 875">
    <p class='ocr_par' dir='ltr' id='par_1_22' title="bbox 1982 806 3563 875">
     <span class='ocr_line' id='line_1_22' title="bbox 1982 806 3563 875; baseline 0.001 -18"><span class='ocrx_word' id='word_1_157' title='bbox 1982 817 2201 857; x_wconf 81' lang='lat' dir='ltr'><strong>causam</strong></span> <span class='ocrx_word' id='word_1_158' title='bbox 2240 806 2500 873; x_wconf 82' lang='lat' dir='ltr'><strong>ignorans</strong></span> <span class='ocrx_word' id='word_1_159' title='bbox 2544 814 2664 861; x_wconf 87' lang='lat' dir='ltr'><strong>luas</strong></span> <span class='ocrx_word' id='word_1_160' title='bbox 2694 807 2862 869; x_wconf 88' lang='lat' dir='ltr'><strong>vires,</strong></span> <span class='ocrx_word' id='word_1_161' title='bbox 2908 817 2962 859; x_wconf 89' lang='lat' dir='ltr'><strong>et</strong></span> <span class='ocrx_word' id='word_1_162' title='bbox 2990 821 3054 859; x_wconf 90' lang='lat' dir='ltr'><strong>ne</strong></span> <span class='ocrx_word' id='word_1_163' title='bbox 3083 807 3316 875; x_wconf 87' lang='lat' dir='ltr'><strong>teipsum</strong></span> <span class='ocrx_word' id='word_1_164' title='bbox 3347 806 3563 873; x_wconf 86' lang='lat' dir='ltr'><strong>quidem</strong></span> 
     </span>
    </p>
   </div>
   <div class='ocr_carea' id='block_1_23' title="bbox 1984 897 3567 968">
    <p class='ocr_par' dir='ltr' id='par_1_23' title="bbox 1984 897 3567 968">
     <span class='ocr_line' id='line_1_23' title="bbox 1984 897 3567 968; baseline 0.003 -22"><span class='ocrx_word' id='word_1_165' title='bbox 1984 910 2171 964; x_wconf 84' lang='lat' dir='ltr'><strong>regere</strong></span> <span class='ocrx_word' id='word_1_166' title='bbox 2192 897 2397 957; x_wconf 84' lang='lat' dir='ltr'><strong>valens,</strong></span> <span class='ocrx_word' id='word_1_167' title='bbox 2433 898 2593 951; x_wconf 91' lang='lat' dir='ltr'><strong>talem</strong></span> <span class='ocrx_word' id='word_1_168' title='bbox 2623 898 2842 951; x_wconf 87' lang='lat' dir='ltr'><strong>adamas</strong></span> <span class='ocrx_word' id='word_1_169' title='bbox 2862 897 3249 967; x_wconf 87' lang='lat' dir='ltr'><strong>principatum,</strong></span> <span class='ocrx_word' id='word_1_170' title='bbox 3283 898 3373 968; x_wconf 90' lang='lat' dir='ltr'><strong>qui</strong></span> <span class='ocrx_word' id='word_1_171' title='bbox 3400 914 3567 968; x_wconf 87' lang='lat' dir='ltr'><strong>regno</strong></span> 
     </span>
    </p>
   </div>
   <div class='ocr_carea' id='block_1_24' title="bbox 1983 988 3565 1056">
    <p class='ocr_par' dir='ltr' id='par_1_24' title="bbox 1983 988 3565 1056">
     <span class='ocr_line' id='line_1_24' title="bbox 1983 988 3565 1056; baseline 0.003 -19"><span class='ocrx_word' id='word_1_172' title='bbox 1983 1002 2194 1055; x_wconf 86' lang='lat' dir='ltr'><strong>quoque</strong></span> <span class='ocrx_word' id='word_1_173' title='bbox 2228 988 2345 1056; x_wconf 90' lang='lat' dir='ltr'><strong>ipso</strong></span> <span class='ocrx_word' id='word_1_174' title='bbox 2373 1002 2476 1041; x_wconf 91' lang='lat' dir='ltr'><strong>non</strong></span> <span class='ocrx_word' id='word_1_175' title='bbox 2507 988 2677 1042; x_wconf 89' lang='lat' dir='ltr'><strong>solum</strong></span> <span class='ocrx_word' id='word_1_176' title='bbox 2710 996 2792 1042; x_wconf 88' lang='lat' dir='ltr'><strong>est</strong></span> <span class='ocrx_word' id='word_1_177' title='bbox 2820 988 3126 1056; x_wconf 85' lang='lat' dir='ltr'><strong>sublimior,</strong></span> <span class='ocrx_word' id='word_1_178' title='bbox 3164 992 3259 1044; x_wconf 87' lang='lat' dir='ltr'><strong>sed</strong></span> <span class='ocrx_word' id='word_1_179' title='bbox 3297 990 3458 1044; x_wconf 89' lang='lat' dir='ltr'><strong>etiam</strong></span> <span class='ocrx_word' id='word_1_180' title='bbox 3489 990 3565 1043; x_wconf 87' lang='lat' dir='ltr'><strong>la-</strong></span> 
     </span>
    </p>
   </div>
   <div class='ocr_carea' id='block_1_25' title="bbox 1983 1078 3565 1148">
    <p class='ocr_par' dir='ltr' id='par_1_25' title="bbox 1983 1078 3565 1148">
     <span class='ocr_line' id='line_1_25' title="bbox 1983 1078 3565 1148; baseline 0.002 -17"><span class='ocrx_word' id='word_1_181' title='bbox 1983 1078 2288 1132; x_wconf 88' lang='lat' dir='ltr'><strong>boriosior?</strong></span> <span class='ocrx_word' id='word_1_182' title='bbox 2316 1078 2381 1132; x_wconf 86' lang='lat' dir='ltr'><strong>Et</strong></span> <span class='ocrx_word' id='word_1_183' title='bbox 2416 1093 2588 1146; x_wconf 86' lang='lat' dir='ltr'><strong>quare</strong></span> <span class='ocrx_word' id='word_1_184' title='bbox 2617 1080 2900 1134; x_wconf 83' lang='lat' dir='ltr'><strong>existimas</strong></span> <span class='ocrx_word' id='word_1_185' title='bbox 2925 1088 3249 1148; x_wconf 88' lang='lat' dir='ltr'><strong>potestatem</strong></span> <span class='ocrx_word' id='word_1_186' title='bbox 3278 1082 3414 1134; x_wconf 86' lang='lat' dir='ltr'><strong>hanc</strong></span> <span class='ocrx_word' id='word_1_187' title='bbox 3446 1096 3565 1136; x_wconf 81' lang='lat' dir='ltr'><strong>esse</strong></span> 
     </span>
    </p>
   </div>
   <div class='ocr_carea' id='block_1_26' title="bbox 1984 1167 3566 1239">
    <p class='ocr_par' dir='ltr' id='par_1_26' title="bbox 1984 1167 3566 1239">
     <span class='ocr_line' id='line_1_26' title="bbox 1984 1167 3566 1239; baseline 0.004 -20"><span class='ocrx_word' id='word_1_188' title='bbox 1984 1167 2293 1222; x_wconf 79' lang='lat' dir='ltr'><strong>rationibus</strong></span> <span class='ocrx_word' id='word_1_189' title='bbox 2328 1167 2489 1221; x_wconf 91' lang='lat' dir='ltr'><strong>nullis</strong></span> <span class='ocrx_word' id='word_1_190' title='bbox 2519 1168 2805 1223; x_wconf 88' lang='lat' dir='ltr'><strong>reddendis</strong></span> <span class='ocrx_word' id='word_1_191' title='bbox 2835 1170 3145 1235; x_wconf 79' lang='lat' dir='ltr'><strong>obnoxiam,</strong></span> <span class='ocrx_word' id='word_1_192' title='bbox 3171 1184 3233 1224; x_wconf 89' lang='lat' dir='ltr'><strong>ac</strong></span> <span class='ocrx_word' id='word_1_193' title='bbox 3256 1186 3359 1225; x_wconf 90' lang='lat' dir='ltr'><strong>non</strong></span> <span class='ocrx_word' id='word_1_194' title='bbox 3390 1172 3566 1239; x_wconf 84' lang='lat' dir='ltr'><strong>potius</strong></span> 
     </span>
    </p>
   </div>
   <div class='ocr_carea' id='block_1_27' title="bbox 1982 1258 3563 1315">
    <p class='ocr_par' dir='ltr' id='par_1_27' title="bbox 1982 1258 3563 1315">
     <span class='ocr_line' id='line_1_27' title="bbox 1982 1258 3563 1315; baseline 0.003 -5"><span class='ocrx_word' id='word_1_195' title='bbox 1982 1258 2285 1311; x_wconf 77' lang='lat' dir='ltr'><strong>rationibus</strong></span> <span class='ocrx_word' id='word_1_196' title='bbox 2322 1259 2614 1312; x_wconf 78' lang='lat' dir='ltr'><strong>obnoxiam</strong></span> <span class='ocrx_word' id='word_1_197' title='bbox 2672 1259 2962 1315; x_wconf 84' lang='lat' dir='ltr'><strong>ministerii</strong></span> <span class='ocrx_word' id='word_1_198' title='bbox 3014 1260 3128 1315; x_wconf 82' lang='lat' dir='ltr'><strong>sive</strong></span> <span class='ocrx_word' id='word_1_199' title='bbox 3161 1262 3403 1315; x_wconf 87' lang='lat' dir='ltr'><strong>muneris</strong></span> <span class='ocrx_word' id='word_1_200' title='bbox 3438 1261 3563 1314; x_wconf 80' lang='lat' dir='ltr'><strong>lun-</strong></span> 
     </span>
    </p>
   </div>
   <div class='ocr_carea' id='block_1_28' title="bbox 1983 1348 3561 1418">
    <p class='ocr_par' dir='ltr' id='par_1_28' title="bbox 1983 1348 3561 1418">
     <span class='ocr_line' id='line_1_28' title="bbox 1983 1348 3561 1418; baseline 0.001 -16"><span class='ocrx_word' id='word_1_201' title='bbox 1983 1348 2263 1402; x_wconf 82' lang='lat' dir='ltr'><strong>ctionem?</strong></span> <span class='ocrx_word' id='word_1_202' title='bbox 2292 1349 2397 1403; x_wconf 89' lang='lat' dir='ltr'><strong>Sed</strong></span> <span class='ocrx_word' id='word_1_203' title='bbox 2438 1349 2685 1418; x_wconf 88' lang='lat' dir='ltr'><strong>quamvis</strong></span> <span class='ocrx_word' id='word_1_204' title='bbox 2721 1360 2777 1404; x_wconf 91' lang='lat' dir='ltr'><strong>tu</strong></span> <span class='ocrx_word' id='word_1_205' title='bbox 2823 1365 3037 1405; x_wconf 80' lang='lat' dir='ltr'><strong>omnem</strong></span> <span class='ocrx_word' id='word_1_206' title='bbox 3074 1352 3425 1406; x_wconf 86' lang='lat' dir='ltr'><strong>transcendas</strong></span> <span class='ocrx_word' id='word_1_207' title='bbox 3465 1368 3561 1403; x_wconf 86' lang='lat' dir='ltr'><strong>au-</strong></span> 
     </span>
    </p>
   </div>
   <div class='ocr_carea' id='block_1_29' title="bbox 1984 1440 3561 1510">
    <p class='ocr_par' dir='ltr' id='par_1_29' title="bbox 1984 1440 3561 1510">
     <span class='ocr_line' id='line_1_29' title="bbox 1984 1440 3561 1510; baseline 0.002 -18"><span class='ocrx_word' id='word_1_208' title='bbox 1984 1440 2151 1493; x_wconf 86' lang='lat' dir='ltr'><strong>daciae</strong></span> <span class='ocrx_word' id='word_1_209' title='bbox 2183 1440 2447 1503; x_wconf 81' lang='lat' dir='ltr'><strong>furorem,</strong></span> <span class='ocrx_word' id='word_1_210' title='bbox 2473 1453 2572 1509; x_wconf 84' lang='lat' dir='ltr'><strong>ego</strong></span> <span class='ocrx_word' id='word_1_211' title='bbox 2607 1456 2822 1510; x_wconf 89' lang='lat' dir='ltr'><strong>quoque</strong></span> <span class='ocrx_word' id='word_1_212' title='bbox 2851 1442 3170 1505; x_wconf 87' lang='lat' dir='ltr'><strong>insanirem,</strong></span> <span class='ocrx_word' id='word_1_213' title='bbox 3207 1442 3251 1497; x_wconf 91' lang='lat' dir='ltr'><strong>si</strong></span> <span class='ocrx_word' id='word_1_214' title='bbox 3298 1457 3402 1496; x_wconf 93' lang='lat' dir='ltr'><strong>non</strong></span> <span class='ocrx_word' id='word_1_215' title='bbox 3439 1457 3561 1496; x_wconf 90' lang='lat' dir='ltr'><strong>eum</strong></span> 
     </span>
    </p>
   </div>
   <div class='ocr_carea' id='block_1_30' title="bbox 1986 1530 3562 1598">
    <p class='ocr_par' dir='ltr' id='par_1_30' title="bbox 1986 1530 3562 1598">
     <span class='ocr_line' id='line_1_30' title="bbox 1986 1530 3562 1598; baseline 0.003 -17"><span class='ocrx_word' id='word_1_216' title='bbox 1986 1544 2073 1581; x_wconf 86' lang='lat' dir='ltr'><strong>me</strong></span> <span class='ocrx_word' id='word_1_217' title='bbox 2103 1530 2471 1596; x_wconf 83' lang='lat' dir='ltr'><strong>ostenderem,</strong></span> <span class='ocrx_word' id='word_1_218' title='bbox 2521 1531 2612 1598; x_wconf 87' lang='lat' dir='ltr'><strong>qui</strong></span> <span class='ocrx_word' id='word_1_219' title='bbox 2666 1539 2813 1585; x_wconf 89' lang='lat' dir='ltr'><strong>tuum</strong></span> <span class='ocrx_word' id='word_1_220' title='bbox 2850 1532 3050 1585; x_wconf 90' lang='lat' dir='ltr'><strong>malum</strong></span> <span class='ocrx_word' id='word_1_221' title='bbox 3092 1546 3287 1586; x_wconf 88' lang='lat' dir='ltr'><strong>curare</strong></span> <span class='ocrx_word' id='word_1_222' title='bbox 3316 1541 3562 1586; x_wconf 87' lang='lat' dir='ltr'><strong>conetur.</strong></span> 
     </span>
    </p>
   </div>
   <div class='ocr_carea' id='block_1_31' title="bbox 1986 1619 3565 1693">
    <p class='ocr_par' dir='ltr' id='par_1_31' title="bbox 1986 1619 3565 1693">
     <span class='ocr_line' id='line_1_31' title="bbox 1986 1619 3565 1693; baseline 0.003 -22"><span class='ocrx_word' id='word_1_223' title='bbox 1986 1619 2109 1671; x_wconf 86' lang='lat' dir='ltr'><strong>Mihi</strong></span> <span class='ocrx_word' id='word_1_224' title='bbox 2164 1620 2329 1685; x_wconf 88' lang='lat' dir='ltr'><strong>enim,</strong></span> <span class='ocrx_word' id='word_1_225' title='bbox 2362 1635 2395 1675; x_wconf 92' lang='grc' dir='ltr'><strong>ο</strong></span> <span class='ocrx_word' id='word_1_226' title='bbox 2436 1620 2610 1693; x_wconf 85' lang='lat' dir='ltr'><strong>beate,</strong></span> <span class='ocrx_word' id='word_1_227' title='bbox 2656 1632 2711 1675; x_wconf 90' lang='lat' dir='ltr'><strong>et</strong></span> <span class='ocrx_word' id='word_1_228' title='bbox 2749 1622 3037 1675; x_wconf 90' lang='lat' dir='ltr'><strong>admodum</strong></span> <span class='ocrx_word' id='word_1_229' title='bbox 3095 1631 3179 1677; x_wconf 89' lang='lat' dir='ltr'><strong>est</strong></span> <span class='ocrx_word' id='word_1_230' title='bbox 3224 1622 3565 1677; x_wconf 82' lang='lat' dir='ltr'><strong>formidabile</strong></span> 
     </span>
    </p>
   </div>
   <div class='ocr_carea' id='block_1_32' title="bbox 1986 1711 3561 1784">
    <p class='ocr_par' dir='ltr' id='par_1_32' title="bbox 1986 1711 3561 1784">
     <span class='ocr_line' id='line_1_32' title="bbox 1986 1711 3561 1784; baseline 0.005 -22"><span class='ocrx_word' id='word_1_231' title='bbox 1986 1711 2116 1765; x_wconf 88' lang='lat' dir='ltr'><strong>illud</strong></span> <span class='ocrx_word' id='word_1_232' title='bbox 2149 1711 2349 1765; x_wconf 89' lang='lat' dir='ltr'><strong>dictum</strong></span> <span class='ocrx_word' id='word_1_233' title='bbox 2376 1730 2390 1764; x_wconf 90' lang='lat'><strong>:</strong></span> <span class='ocrx_word' id='word_1_234' title='bbox 2414 1731 2431 1759; x_wconf 79' lang='grc' dir='ltr'>σ</span> <span class='ocrx_word' id='word_1_235' title='bbox 2454 1711 2509 1767; x_wconf 92' lang='lat' dir='ltr'><strong>Si</strong></span> <span class='ocrx_word' id='word_1_236' title='bbox 2529 1715 2650 1783; x_wconf 89' lang='lat' dir='ltr'><strong>quis</strong></span> <span class='ocrx_word' id='word_1_237' title='bbox 2675 1715 3042 1784; x_wconf 88' lang='lat' dir='ltr'><strong>episcopatum</strong></span> <span class='ocrx_word' id='word_1_238' title='bbox 3075 1716 3397 1775; x_wconf 64' lang='lat' dir='ltr'><strong>desiderat,»</strong></span> <span class='ocrx_word' id='word_1_239' title='bbox 3423 1725 3561 1776; x_wconf 79' lang='lat' dir='ltr'><strong>etc.,</strong></span> 
     </span>
    </p>
   </div>
   <div class='ocr_carea' id='block_1_33' title="bbox 1985 1804 3556 1877">
    <p class='ocr_par' dir='ltr' id='par_1_33' title="bbox 1985 1804 3556 1877">
     <span class='ocr_line' id='line_1_33' title="bbox 1985 1804 3556 1877; baseline 0.001 -21"><span class='ocrx_word' id='word_1_240' title='bbox 1985 1811 2038 1856; x_wconf 90' lang='lat' dir='ltr'><strong>et</strong></span> <span class='ocrx_word' id='word_1_241' title='bbox 2078 1804 2323 1859; x_wconf 79' lang='lat' dir='ltr'><strong>funditus</strong></span> <span class='ocrx_word' id='word_1_242' title='bbox 2354 1806 2523 1873; x_wconf 89' lang='lat' dir='ltr'><strong>ipsam</strong></span> <span class='ocrx_word' id='word_1_243' title='bbox 2556 1806 2797 1861; x_wconf 73' lang='lat' dir='ltr'><strong>concutit</strong></span> <span class='ocrx_word' id='word_1_244' title='bbox 2839 1807 3097 1860; x_wconf 90' lang='lat' dir='ltr'><strong>animam.</strong></span> <span class='ocrx_word' id='word_1_245' title='bbox 3133 1807 3556 1877; x_wconf 82' lang='lat' dir='ltr'><strong>Magnitudinem</strong></span> 
     </span>
    </p>
   </div>
   <div class='ocr_carea' id='block_1_34' title="bbox 263 1887 1914 1967">
    <p class='ocr_par' dir='ltr' id='par_1_34' title="bbox 263 1895 1889 1967">
     <span class='ocr_line' id='line_1_34' title="bbox 263 1895 1889 1967; baseline -0.001 -19"><span class='ocrx_word' id='word_1_246' title='bbox 263 1895 363 1948; x_wconf 76' lang='grc' dir='ltr'><strong>σὺν</strong></span> <span class='ocrx_word' id='word_1_247' title='bbox 395 1897 548 1967; x_wconf 72' lang='grc' dir='ltr'>περ).</span> <span class='ocrx_word' id='word_1_248' title='bbox 584 1896 643 1949; x_wconf 76' lang='grc' dir='ltr'><strong>τὸ</strong></span> <span class='ocrx_word' id='word_1_249' title='bbox 686 1897 916 1965; x_wconf 76' lang='grc' dir='ltr'>πρᾶγμα</span> <span class='ocrx_word' id='word_1_250' title='bbox 964 1897 1142 1965; x_wconf 84' lang='grc' dir='ltr'>ἐρωτα</span> <span class='ocrx_word' id='word_1_251' title='bbox 1187 1896 1318 1959; x_wconf 74' lang='grc' dir='ltr'>ἴσως</span> <span class='ocrx_word' id='word_1_252' title='bbox 1342 1895 1477 1967; x_wconf 73' lang='grc'>(92),</span> <span class='ocrx_word' id='word_1_253' title='bbox 1511 1897 1655 1959; x_wconf 89' lang='grc' dir='ltr'>τινές</span> <span class='ocrx_word' id='word_1_254' title='bbox 1692 1895 1889 1948; x_wconf 85' lang='grc' dir='ltr'>ἁπεδέ-</span> 
     </span>
    </p>
   </div>
   <div class='ocr_carea' id='block_1_35' title="bbox 1988 1887 3562 1967">
    <p class='ocr_par' dir='ltr' id='par_1_35' title="bbox 1992 1896 3562 1966">
     <span class='ocr_line' id='line_1_35' title="bbox 1992 1896 3562 1966; baseline 0.002 -19"><span class='ocrx_word' id='word_1_255' title='bbox 1992 1909 2227 1962; x_wconf 81' lang='lat' dir='ltr'><strong>namque</strong></span> <span class='ocrx_word' id='word_1_256' title='bbox 2274 1896 2435 1965; x_wconf 88' lang='lat' dir='ltr'><strong>hujus</strong></span> <span class='ocrx_word' id='word_1_257' title='bbox 2477 1897 2614 1950; x_wconf 89' lang='lat' dir='ltr'><strong>sacri</strong></span> <span class='ocrx_word' id='word_1_258' title='bbox 2677 1898 3012 1966; x_wconf 88' lang='lat' dir='ltr'><strong>principatus</strong></span> <span class='ocrx_word' id='word_1_259' title='bbox 3062 1898 3282 1951; x_wconf 85' lang='lat' dir='ltr'><strong>indicat.</strong></span> <span class='ocrx_word' id='word_1_260' title='bbox 3316 1899 3468 1963; x_wconf 87' lang='lat' dir='ltr'><strong>Quod</strong></span> <span class='ocrx_word' id='word_1_261' title='bbox 3516 1897 3562 1950; x_wconf 86' lang='lat' dir='ltr'><strong>si</strong></span> 
     </span>
    </p>
   </div>
   <div class='ocr_carea' id='block_1_36' title="bbox 262 1981 1883 2054">
    <p class='ocr_par' dir='ltr' id='par_1_36' title="bbox 262 1981 1883 2054">
     <span class='ocr_line' id='line_1_36' title="bbox 262 1981 1883 2054; baseline -0.002 -17"><span class='ocrx_word' id='word_1_262' title='bbox 262 1984 484 2047; x_wconf 75' lang='grc' dir='ltr'>ξαντοο</span> <span class='ocrx_word' id='word_1_263' title='bbox 534 1986 654 2039; x_wconf 82' lang='grc' dir='ltr'>ἀλλ’</span> <span class='ocrx_word' id='word_1_264' title='bbox 704 1985 1019 2054; x_wconf 83' lang='grc' dir='ltr'>ἀναρτήσας</span> <span class='ocrx_word' id='word_1_265' title='bbox 1082 1983 1255 2053; x_wconf 79' lang='grc' dir='ltr'>μέσην</span> <span class='ocrx_word' id='word_1_266' title='bbox 1288 1982 1388 2054; x_wconf 77' lang='grc' dir='ltr'>τὴν</span> <span class='ocrx_word' id='word_1_267' title='bbox 1428 1983 1528 2052; x_wconf 84' lang='grc' dir='ltr'>τῆς</span> <span class='ocrx_word' id='word_1_268' title='bbox 1579 1981 1883 2053; x_wconf 83' lang='grc' dir='ltr'>ἱερωσύνης</span> 
     </span>
    </p>
   </div>
   <div class='ocr_carea' id='block_1_37' title="bbox 264 2072 1885 2147">
    <p class='ocr_par' dir='ltr' id='par_1_37' title="bbox 264 2072 1885 2147">
     <span class='ocr_line' id='line_1_37' title="bbox 264 2072 1885 2147; baseline -0.003 -18"><span class='ocrx_word' id='word_1_269' title='bbox 264 2076 620 2147; x_wconf 83' lang='grc' dir='ltr'>ἐπιθυμίαν,</span> <span class='ocrx_word' id='word_1_270' title='bbox 639 2075 762 2130; x_wconf 73' lang='grc' dir='ltr'>οὔτε</span> <span class='ocrx_word' id='word_1_271' title='bbox 791 2075 1054 2146; x_wconf 79' lang='grc' dir='ltr'>παρορμᾷ</span> <span class='ocrx_word' id='word_1_272' title='bbox 1076 2075 1163 2125; x_wconf 75' lang='grc' dir='ltr'>ἐπ’</span> <span class='ocrx_word' id='word_1_273' title='bbox 1194 2074 1363 2144; x_wconf 80' lang='grc' dir='ltr'>αὐτὴν</span> <span class='ocrx_word' id='word_1_274' title='bbox 1388 2073 1525 2145; x_wconf 82' lang='grc'>(95),</span> <span class='ocrx_word' id='word_1_275' title='bbox 1548 2073 1633 2126; x_wconf 76' lang='grc' dir='ltr'><strong>ἵνα</strong></span> <span class='ocrx_word' id='word_1_276' title='bbox 1663 2072 1737 2143; x_wconf 80' lang='grc' dir='ltr'>μὴ</span> <span class='ocrx_word' id='word_1_277' title='bbox 1757 2073 1885 2135; x_wconf 84' lang='grc' dir='ltr'>τοὺς</span> 
     </span>
    </p>
   </div>
   <div class='ocr_carea' id='block_1_38' title="bbox 261 2164 1885 2237">
    <p class='ocr_par' dir='ltr' id='par_1_38' title="bbox 261 2164 1885 2237">
     <span class='ocr_line' id='line_1_38' title="bbox 261 2164 1885 2237; baseline -0.002 -16"><span class='ocrx_word' id='word_1_278' title='bbox 261 2168 553 2231; x_wconf 79' lang='grc' dir='ltr'>ἀναξίους</span> <span class='ocrx_word' id='word_1_279' title='bbox 579 2167 840 2237; x_wconf 80' lang='grc' dir='ltr'>ἐπεγείρῃ</span> <span class='ocrx_word' id='word_1_280' title='bbox 877 2166 1165 2234; x_wconf 80' lang='grc' dir='ltr'>πράγματι</span> <span class='ocrx_word' id='word_1_281' title='bbox 1208 2164 1496 2234; x_wconf 80' lang='grc' dir='ltr'>ἀμηχάνῳ,</span> <span class='ocrx_word' id='word_1_282' title='bbox 1552 2164 1648 2217; x_wconf 74' lang='grc' dir='ltr'><strong>καὶ</strong></span> <span class='ocrx_word' id='word_1_283' title='bbox 1703 2165 1885 2217; x_wconf 80' lang='grc' dir='ltr'>πᾶσαν</span> 
     </span>
    </p>
   </div>
   <div class='ocr_carea' id='block_1_39' title="bbox 265 2256 1879 2331">
    <p class='ocr_par' dir='ltr' id='par_1_39' title="bbox 265 2256 1879 2331">
     <span class='ocr_line' id='line_1_39' title="bbox 265 2256 1879 2331; baseline -0.001 -20"><span class='ocrx_word' id='word_1_284' title='bbox 265 2260 688 2331; x_wconf 75' lang='grc' dir='ltr'>ὑπερϐαίνοντι</span> <span class='ocrx_word' id='word_1_285' title='bbox 729 2258 1005 2312; x_wconf 80' lang='grc' dir='ltr'>πολιτείαν</span> <span class='ocrx_word' id='word_1_286' title='bbox 1031 2275 1092 2311; x_wconf 76' lang='grc' dir='ltr'><strong>τε</strong></span> <span class='ocrx_word' id='word_1_287' title='bbox 1123 2257 1217 2311; x_wconf 74' lang='grc' dir='ltr'><strong>καὶ</strong></span> <span class='ocrx_word' id='word_1_288' title='bbox 1242 2256 1430 2322; x_wconf 73' lang='grc' dir='ltr'>ἀξίανο</span> <span class='ocrx_word' id='word_1_289' title='bbox 1460 2257 1572 2310; x_wconf 76' lang='grc' dir='ltr'>οὔτ’</span> <span class='ocrx_word' id='word_1_290' title='bbox 1599 2256 1879 2328; x_wconf 81' lang='grc' dir='ltr'>ἀπείργει,</span> 
     </span>
    </p>
   </div>
   <div class='ocr_carea' id='block_1_40' title="bbox 268 2348 1885 2421">
    <p class='ocr_par' dir='ltr' id='par_1_40' title="bbox 268 2348 1885 2421">
     <span class='ocr_line' id='line_1_40' title="bbox 268 2348 1885 2421; baseline -0.001 -19"><span class='ocrx_word' id='word_1_291' title='bbox 268 2352 361 2403; x_wconf 86' lang='grc' dir='ltr'>ἵνα</span> <span class='ocrx_word' id='word_1_292' title='bbox 394 2351 483 2421; x_wconf 79' lang='grc' dir='ltr'>μὴ</span> <span class='ocrx_word' id='word_1_293' title='bbox 518 2351 756 2419; x_wconf 80' lang='grc' dir='ltr'>φευκτὸν</span> <span class='ocrx_word' id='word_1_294' title='bbox 782 2350 1101 2419; x_wconf 84' lang='grc' dir='ltr'>καταστήσῃ</span> <span class='ocrx_word' id='word_1_295' title='bbox 1135 2348 1195 2401; x_wconf 81' lang='grc' dir='ltr'><strong>τὸ</strong></span> <span class='ocrx_word' id='word_1_296' title='bbox 1226 2348 1405 2417; x_wconf 79' lang='grc' dir='ltr'>πάσης</span> <span class='ocrx_word' id='word_1_297' title='bbox 1452 2348 1729 2418; x_wconf 86' lang='grc' dir='ltr'>βασιλείας</span> <span class='ocrx_word' id='word_1_298' title='bbox 1765 2349 1885 2418; x_wconf 87' lang='grc' dir='ltr'>μεῖ-</span> 
     </span>
    </p>
   </div>
   <div class='ocr_carea' id='block_1_41' title="bbox 268 2438 1882 2510">
    <p class='ocr_par' dir='ltr' id='par_1_41' title="bbox 268 2438 1882 2510">
     <span class='ocr_line' id='line_1_41' title="bbox 268 2438 1882 2510; baseline 0 -18"><span class='ocrx_word' id='word_1_299' title='bbox 268 2440 369 2503; x_wconf 80' lang='grc' dir='ltr'>ζον</span> <span class='ocrx_word' id='word_1_300' title='bbox 388 2458 402 2469; x_wconf 91' lang='grc'><strong>·</strong></span> <span class='ocrx_word' id='word_1_301' title='bbox 443 2440 593 2494; x_wconf 85' lang='grc' dir='ltr'>ἀλλὰ</span> <span class='ocrx_word' id='word_1_302' title='bbox 621 2441 899 2510; x_wconf 84' lang='grc' dir='ltr'>μετέωρον</span> <span class='ocrx_word' id='word_1_303' title='bbox 925 2440 1026 2510; x_wconf 86' lang='grc' dir='ltr'><strong>τὴν</strong></span> <span class='ocrx_word' id='word_1_304' title='bbox 1050 2438 1375 2508; x_wconf 83' lang='grc' dir='ltr'>παραίνεσιν</span> <span class='ocrx_word' id='word_1_305' title='bbox 1406 2440 1585 2507; x_wconf 70' lang='grc' dir='ltr'>ἀφεὶς,</span> <span class='ocrx_word' id='word_1_306' title='bbox 1614 2440 1710 2493; x_wconf 78' lang='grc' dir='ltr'><strong>καὶ</strong></span> <span class='ocrx_word' id='word_1_307' title='bbox 1751 2441 1882 2492; x_wconf 76' lang='grc' dir='ltr'>ἐκα-</span> 
     </span>
    </p>
   </div>
   <div class='ocr_carea' id='block_1_42' title="bbox 270 2529 1879 2602">
    <p class='ocr_par' dir='ltr' id='par_1_42' title="bbox 270 2529 1879 2602">
     <span class='ocr_line' id='line_1_42' title="bbox 270 2529 1879 2602; baseline -0.001 -18"><span class='ocrx_word' id='word_1_308' title='bbox 270 2549 409 2584; x_wconf 87' lang='grc' dir='ltr'>στον</span> <span class='ocrx_word' id='word_1_309' title='bbox 452 2532 563 2602; x_wconf 84' lang='grc' dir='ltr'>τῆς</span> <span class='ocrx_word' id='word_1_310' title='bbox 596 2533 789 2586; x_wconf 85' lang='grc' dir='ltr'>ἐαυτοῦ</span> <span class='ocrx_word' id='word_1_311' title='bbox 828 2531 1065 2594; x_wconf 78' lang='grc' dir='ltr'>διανοίας</span> <span class='ocrx_word' id='word_1_312' title='bbox 1096 2529 1289 2600; x_wconf 82' lang='grc' dir='ltr'>κριτὴν</span> <span class='ocrx_word' id='word_1_313' title='bbox 1309 2533 1682 2602; x_wconf 85' lang='grc' dir='ltr'>καταστήσας,</span> <span class='ocrx_word' id='word_1_314' title='bbox 1716 2531 1879 2595; x_wconf 82' lang='grc' dir='ltr'>αὐτὸς</span> 
     </span>
    </p>
   </div>
   <div class='ocr_carea' id='block_1_43' title="bbox 268 2622 1884 2694">
    <p class='ocr_par' dir='ltr' id='par_1_43' title="bbox 268 2622 1884 2694">
     <span class='ocr_line' id='line_1_43' title="bbox 268 2622 1884 2694; baseline -0.001 -16"><span class='ocrx_word' id='word_1_315' title='bbox 268 2624 407 2678; x_wconf 74' lang='grc' dir='ltr'>οὔτε</span> <span class='ocrx_word' id='word_1_316' title='bbox 470 2626 785 2694; x_wconf 84' lang='grc' dir='ltr'>ἐπιθυμεῖν,</span> <span class='ocrx_word' id='word_1_317' title='bbox 826 2623 949 2676; x_wconf 83' lang='grc' dir='ltr'>οὔτε</span> <span class='ocrx_word' id='word_1_318' title='bbox 974 2622 1195 2691; x_wconf 83' lang='grc' dir='ltr'>φεύγειν</span> <span class='ocrx_word' id='word_1_319' title='bbox 1218 2624 1564 2692; x_wconf 83' lang='grc' dir='ltr'>προστάττει,</span> <span class='ocrx_word' id='word_1_320' title='bbox 1600 2624 1884 2694; x_wconf 78' lang='grc' dir='ltr'>μονονουχὶ</span> 
     </span>
    </p>
   </div>
   <div class='ocr_carea' id='block_1_44' title="bbox 275 2713 1886 2788">
    <p class='ocr_par' dir='ltr' id='par_1_44' title="bbox 275 2713 1886 2788">
     <span class='ocr_line' id='line_1_44' title="bbox 275 2713 1886 2788; baseline -0.001 -19"><span class='ocrx_word' id='word_1_321' title='bbox 275 2717 452 2788; x_wconf 81' lang='grc' dir='ltr'>βοῶν,</span> <span class='ocrx_word' id='word_1_322' title='bbox 472 2718 574 2771; x_wconf 77' lang='grc' dir='ltr'><strong>καὶ</strong></span> <span class='ocrx_word' id='word_1_323' title='bbox 600 2717 919 2787; x_wconf 70' lang='grc' dir='ltr'>ὀφθαλμοῖς,</span> <span class='ocrx_word' id='word_1_324' title='bbox 947 2716 1042 2768; x_wconf 71' lang='grc' dir='ltr'><strong>καὶ</strong></span> <span class='ocrx_word' id='word_1_325' title='bbox 1070 2713 1288 2784; x_wconf 79' lang='grc' dir='ltr'>όφρῦσι,</span> <span class='ocrx_word' id='word_1_326' title='bbox 1314 2716 1407 2769; x_wconf 78' lang='grc' dir='ltr'><strong>καὶ</strong></span> <span class='ocrx_word' id='word_1_327' title='bbox 1431 2715 1592 2769; x_wconf 68' lang='grc' dir='ltr'>παντὶ</span> <span class='ocrx_word' id='word_1_328' title='bbox 1615 2714 1692 2784; x_wconf 84' lang='grc' dir='ltr'><strong>τῷ</strong></span> <span class='ocrx_word' id='word_1_329' title='bbox 1717 2733 1886 2785; x_wconf 80' lang='grc' dir='ltr'>προσ-</span> 
     </span>
    </p>
   </div>
   <div class='ocr_carea' id='block_1_45' title="bbox 273 2807 1884 2879">
    <p class='ocr_par' dir='ltr' id='par_1_45' title="bbox 273 2807 1884 2879">
     <span class='ocr_line' id='line_1_45' title="bbox 273 2807 1884 2879; baseline -0.001 -18"><span class='ocrx_word' id='word_1_330' title='bbox 273 2809 453 2879; x_wconf 79' lang='grc' dir='ltr'>ώπῳ,</span> <span class='ocrx_word' id='word_1_331' title='bbox 529 2809 694 2879; x_wconf 78' lang='grc' dir='ltr'>φόϐου</span> <span class='ocrx_word' id='word_1_332' title='bbox 762 2810 963 2878; x_wconf 83' lang='grc' dir='ltr'>κέντρα</span> <span class='ocrx_word' id='word_1_333' title='bbox 1019 2813 1131 2873; x_wconf 85' lang='grc' dir='ltr'>τοῖς</span> <span class='ocrx_word' id='word_1_334' title='bbox 1170 2812 1457 2865; x_wconf 88' lang='grc' dir='ltr'>ἀκούουσιν</span> <span class='ocrx_word' id='word_1_335' title='bbox 1501 2807 1683 2871; x_wconf 77' lang='grc' dir='ltr'>ἐνιείς’</span> <span class='ocrx_word' id='word_1_336' title='bbox 1742 2807 1884 2876; x_wconf 88' lang='grc' dir='ltr'><strong>Ἐγὼ</strong></span> 
     </span>
    </p>
   </div>
   <div class='ocr_carea' id='block_1_46' title="bbox 278 2897 1882 2970">
    <p class='ocr_par' dir='ltr' id='par_1_46' title="bbox 278 2897 1882 2970">
     <span class='ocr_line' id='line_1_46' title="bbox 278 2897 1882 2970; baseline -0.001 -18"><span class='ocrx_word' id='word_1_337' title='bbox 278 2899 385 2970; x_wconf 83' lang='grc' dir='ltr'>μὲν</span> <span class='ocrx_word' id='word_1_338' title='bbox 421 2900 665 2969; x_wconf 73' lang='grc' dir='ltr'>πρᾶγμα</span> <span class='ocrx_word' id='word_1_339' title='bbox 696 2898 795 2967; x_wconf 79' lang='grc' dir='ltr'>τῆς</span> <span class='ocrx_word' id='word_1_340' title='bbox 826 2898 977 2962; x_wconf 82' lang='grc' dir='ltr'>θείας</span> <span class='ocrx_word' id='word_1_341' title='bbox 1001 2901 1310 2969; x_wconf 80' lang='grc' dir='ltr'>ἠρτημένον</span> <span class='ocrx_word' id='word_1_342' title='bbox 1342 2899 1527 2969; x_wconf 79' lang='grc' dir='ltr'>ψήφου</span> <span class='ocrx_word' id='word_1_343' title='bbox 1553 2914 1613 2950; x_wconf 90' lang='grc' dir='ltr'><strong>τε</strong></span> <span class='ocrx_word' id='word_1_344' title='bbox 1644 2897 1741 2951; x_wconf 76' lang='grc' dir='ltr'><strong>καὶ</strong></span> <span class='ocrx_word' id='word_1_345' title='bbox 1763 2915 1882 2969; x_wconf 90' lang='grc' dir='ltr'>χει-</span> 
     </span>
    </p>
   </div>
   <div class='ocr_carea' id='block_1_47' title="bbox 282 2989 1882 3063">
    <p class='ocr_par' dir='ltr' id='par_1_47' title="bbox 282 2989 1882 3063">
     <span class='ocr_line' id='line_1_47' title="bbox 282 2989 1882 3063; baseline 0.001 -20"><span class='ocrx_word' id='word_1_346' title='bbox 282 2991 573 3060; x_wconf 84' lang='grc' dir='ltr'>ροτονίας,</span> <span class='ocrx_word' id='word_1_347' title='bbox 645 2989 950 3061; x_wconf 88' lang='grc' dir='ltr'>ἀνθρώπων</span> <span class='ocrx_word' id='word_1_348' title='bbox 1019 2991 1338 3062; x_wconf 78' lang='grc' dir='ltr'>ἐπιθυμίαις</span> <span class='ocrx_word' id='word_1_349' title='bbox 1404 2991 1504 3044; x_wconf 84' lang='grc' dir='ltr'><strong>οὐκ</strong></span> <span class='ocrx_word' id='word_1_350' title='bbox 1579 2990 1882 3063; x_wconf 85' lang='grc' dir='ltr'>ἐκδίδωμι·</span> 
     </span>
    </p>
   </div>
   <div class='ocr_carea' id='block_1_48' title="bbox 276 3079 1873 3153">
    <p class='ocr_par' dir='ltr' id='par_1_48' title="bbox 276 3079 1873 3153">
     <span class='ocr_line' id='line_1_48' title="bbox 276 3079 1873 3153; baseline -0.001 -18"><span class='ocrx_word' id='word_1_351' title='bbox 276 3081 549 3153; x_wconf 84' lang='grc' dir='ltr'>παραινῶ</span> <span class='ocrx_word' id='word_1_352' title='bbox 578 3081 635 3134; x_wconf 85' lang='grc' dir='ltr'><strong>δὲ</strong></span> <span class='ocrx_word' id='word_1_353' title='bbox 664 3082 759 3135; x_wconf 69' lang='grc' dir='ltr'>καὶ</span> <span class='ocrx_word' id='word_1_354' title='bbox 785 3081 1253 3153; x_wconf 85' lang='grc' dir='ltr'>διαμαρτύρομαι,</span> <span class='ocrx_word' id='word_1_355' title='bbox 1286 3083 1367 3135; x_wconf 84' lang='grc' dir='ltr'>ὅτι</span> <span class='ocrx_word' id='word_1_356' title='bbox 1401 3084 1429 3134; x_wconf 86' lang='grc' dir='ltr'>ὁ</span> <span class='ocrx_word' id='word_1_357' title='bbox 1459 3079 1652 3134; x_wconf 80' lang='grc' dir='ltr'>τούτου</span> <span class='ocrx_word' id='word_1_358' title='bbox 1678 3080 1873 3134; x_wconf 89' lang='grc' dir='ltr'>ἐπιθυ-</span> 
     </span>
    </p>
   </div>
   <div class='ocr_carea' id='block_1_49' title="bbox 280 3170 1881 3244">
    <p class='ocr_par' dir='ltr' id='par_1_49' title="bbox 280 3170 1881 3244">
     <span class='ocr_line' id='line_1_49' title="bbox 280 3170 1881 3244; baseline -0.001 -20"><span class='ocrx_word' id='word_1_359' title='bbox 280 3172 430 3240; x_wconf 83' lang='grc' dir='ltr'>μῶν,</span> <span class='ocrx_word' id='word_1_360' title='bbox 457 3173 595 3225; x_wconf 80' lang='grc' dir='ltr'>ἴστω</span> <span class='ocrx_word' id='word_1_361' title='bbox 629 3172 704 3242; x_wconf 88' lang='grc' dir='ltr'>μὴ</span> <span class='ocrx_word' id='word_1_362' title='bbox 733 3171 841 3224; x_wconf 84' lang='grc' dir='ltr'>τῶν</span> <span class='ocrx_word' id='word_1_363' title='bbox 896 3171 1344 3244; x_wconf 85' lang='grc' dir='ltr'>τυχόντωνέρῶν.</span> <span class='ocrx_word' id='word_1_364' title='bbox 1380 3171 1731 3243; x_wconf 89' lang='grc' dir='ltr'>Λειτουργίας</span> <span class='ocrx_word' id='word_1_365' title='bbox 1753 3170 1881 3241; x_wconf 86' lang='grc' dir='ltr'>γὰρ,</span> 
     </span>
    </p>
   </div>
   <div class='ocr_carea' id='block_1_50' title="bbox 278 3263 1876 3335">
    <p class='ocr_par' dir='ltr' id='par_1_50' title="bbox 278 3263 1876 3335">
     <span class='ocr_line' id='line_1_50' title="bbox 278 3263 1876 3335; baseline 0.001 -18"><span class='ocrx_word' id='word_1_366' title='bbox 278 3264 387 3317; x_wconf 82' lang='grc' dir='ltr'><strong>οὐκ</strong></span> <span class='ocrx_word' id='word_1_367' title='bbox 414 3263 662 3327; x_wconf 81' lang='grc' dir='ltr'>ἀνέσεώς</span> <span class='ocrx_word' id='word_1_368' title='bbox 692 3265 807 3317; x_wconf 83' lang='grc' dir='ltr'>ἐστι</span> <span class='ocrx_word' id='word_1_369' title='bbox 835 3264 895 3316; x_wconf 87' lang='grc' dir='ltr'><strong>τὸ</strong></span> <span class='ocrx_word' id='word_1_370' title='bbox 911 3264 1012 3333; x_wconf 85' lang='grc' dir='ltr'><strong>τῆς</strong></span> <span class='ocrx_word' id='word_1_371' title='bbox 1038 3265 1345 3334; x_wconf 81' lang='grc' dir='ltr'>ἐπισκοπῆς</span> <span class='ocrx_word' id='word_1_372' title='bbox 1364 3263 1536 3334; x_wconf 77' lang='grc' dir='ltr'>ὄνομα</span> <span class='ocrx_word' id='word_1_373' title='bbox 1558 3264 1876 3335; x_wconf 87' lang='grc' dir='ltr'>δηλωτικόν.</span> 
     </span>
    </p>
   </div>
   <div class='ocr_carea' id='block_1_51' title="bbox 281 3354 1880 3427">
    <p class='ocr_par' dir='ltr' id='par_1_51' title="bbox 281 3354 1880 3427">
     <span class='ocr_line' id='line_1_51' title="bbox 281 3354 1880 3427; baseline 0 -20"><span class='ocrx_word' id='word_1_374' title='bbox 281 3356 347 3407; x_wconf 83' lang='lat' dir='ltr'><strong>El</strong></span> <span class='ocrx_word' id='word_1_375' title='bbox 373 3357 436 3409; x_wconf 80' lang='grc' dir='ltr'><strong>δὲ</strong></span> <span class='ocrx_word' id='word_1_376' title='bbox 492 3357 766 3419; x_wconf 84' lang='grc' dir='ltr'>ἀπιστεῖς,</span> <span class='ocrx_word' id='word_1_377' title='bbox 806 3354 876 3408; x_wconf 75' lang='grc' dir='ltr'>τὰ</span> <span class='ocrx_word' id='word_1_378' title='bbox 924 3354 1052 3426; x_wconf 80' lang='grc' dir='ltr'>ἑξῆς</span> <span class='ocrx_word' id='word_1_379' title='bbox 1104 3356 1374 3423; x_wconf 83' lang='grc' dir='ltr'>ἀναγνοὺς</span> <span class='ocrx_word' id='word_1_380' title='bbox 1416 3357 1605 3427; x_wconf 87' lang='grc' dir='ltr'>γνοίης</span> <span class='ocrx_word' id='word_1_381' title='bbox 1644 3354 1755 3426; x_wconf 66' lang='grc'>(94)</span> <span class='ocrx_word' id='word_1_382' title='bbox 1788 3355 1880 3407; x_wconf 82' lang='grc' dir='ltr'><strong>τὸν</strong></span> 
     </span>
    </p>
   </div>
   <div class='ocr_carea' id='block_1_52' title="bbox 283 3445 1883 3519">
    <p class='ocr_par' dir='ltr' id='par_1_52' title="bbox 283 3445 1883 3519">
     <span class='ocr_line' id='line_1_52' title="bbox 283 3445 1883 3519; baseline -0.001 -19"><span class='ocrx_word' id='word_1_383' title='bbox 283 3448 567 3519; x_wconf 76' lang='grc' dir='ltr'>ἡμέτερον</span> <span class='ocrx_word' id='word_1_384' title='bbox 623 3445 771 3501; x_wconf 88' lang='grc' dir='ltr'>νοῦν.</span> <span class='ocrx_word' id='word_1_385' title='bbox 804 3449 896 3499; x_wconf 85' lang='grc' dir='ltr'><strong>Δεῖ</strong></span> <span class='ocrx_word' id='word_1_386' title='bbox 919 3446 1029 3518; x_wconf 84' lang='grc' dir='ltr'>γὰρ</span> <span class='ocrx_word' id='word_1_387' title='bbox 1051 3448 1141 3500; x_wconf 81' lang='grc' dir='ltr'><strong>τὸν</strong></span> <span class='ocrx_word' id='word_1_388' title='bbox 1167 3447 1463 3501; x_wconf 83' lang='grc' dir='ltr'>ἐπίσκοπον</span> <span class='ocrx_word' id='word_1_389' title='bbox 1482 3448 1683 3507; x_wconf 87' lang='grc' dir='ltr'>πάσαις</span> <span class='ocrx_word' id='word_1_390' title='bbox 1706 3446 1883 3516; x_wconf 78' lang='grc' dir='ltr'>κομᾷν</span> 
     </span>
    </p>
   </div>
   <div class='ocr_carea' id='block_1_53' title="bbox 294 3536 1881 3609">
    <p class='ocr_par' dir='ltr' id='par_1_53' title="bbox 294 3536 1881 3609">
     <span class='ocr_line' id='line_1_53' title="bbox 294 3536 1881 3609; baseline -0.001 -20"><span class='ocrx_word' id='word_1_391' title='bbox 294 3539 412 3601; x_wconf 78' lang='grc' dir='ltr'>ταῖς</span> <span class='ocrx_word' id='word_1_392' title='bbox 448 3539 678 3608; x_wconf 82' lang='grc' dir='ltr'>ἀρεταῖς</span> <span class='ocrx_word' id='word_1_393' title='bbox 704 3556 717 3569; x_wconf 89' lang='grc'><strong>·</strong></span> <span class='ocrx_word' id='word_1_394' title='bbox 748 3538 843 3590; x_wconf 76' lang='grc' dir='ltr'><strong>καὶ</strong></span> <span class='ocrx_word' id='word_1_395' title='bbox 885 3537 986 3600; x_wconf 83' lang='grc' dir='ltr'>τὰς</span> <span class='ocrx_word' id='word_1_396' title='bbox 1034 3537 1324 3609; x_wconf 85' lang='grc' dir='ltr'>ἀλλοτρίας</span> <span class='ocrx_word' id='word_1_397' title='bbox 1358 3536 1690 3591; x_wconf 74' lang='grc' dir='ltr'>οἰκειοῦσθαι</span> <span class='ocrx_word' id='word_1_398' title='bbox 1740 3553 1881 3605; x_wconf 87' lang='grc' dir='ltr'>συμ-</span> 
     </span>
    </p>
   </div>
   <div class='ocr_carea' id='block_1_54' title="bbox 290 3628 1875 3700">
    <p class='ocr_par' dir='ltr' id='par_1_54' title="bbox 290 3628 1875 3700">
     <span class='ocr_line' id='line_1_54' title="bbox 290 3628 1875 3700; baseline -0.001 -17"><span class='ocrx_word' id='word_1_399' title='bbox 290 3632 494 3700; x_wconf 67' lang='grc' dir='ltr'>φοράς.</span> <span class='ocrx_word' id='word_1_400' title='bbox 548 3632 622 3683; x_wconf 85' lang='grc' dir='ltr'><strong>Οὐ</strong></span> <span class='ocrx_word' id='word_1_401' title='bbox 668 3631 778 3700; x_wconf 81' lang='grc' dir='ltr'>γὰρ</span> <span class='ocrx_word' id='word_1_402' title='bbox 822 3629 1022 3700; x_wconf 82' lang='grc' dir='ltr'>ἐαυτῷ,</span> <span class='ocrx_word' id='word_1_403' title='bbox 1058 3631 1196 3684; x_wconf 82' lang='grc' dir='ltr'>ἀλλὰ</span> <span class='ocrx_word' id='word_1_404' title='bbox 1240 3632 1354 3693; x_wconf 85' lang='grc' dir='ltr'>τοῖς</span> <span class='ocrx_word' id='word_1_405' title='bbox 1403 3630 1730 3700; x_wconf 84' lang='grc' dir='ltr'>ἀρχομένοις</span> <span class='ocrx_word' id='word_1_406' title='bbox 1770 3628 1836 3699; x_wconf 80' lang='grc' dir='ltr'><strong>ζῇ</strong></span> <span class='ocrx_word' id='word_1_407' title='bbox 1862 3647 1875 3660; x_wconf 88' lang='grc'><strong>·</strong></span> 
     </span>
    </p>
   </div>
   <div class='ocr_carea' id='block_1_55' title="bbox 291 3720 1878 3793">
    <p class='ocr_par' dir='ltr' id='par_1_55' title="bbox 291 3720 1878 3793">
     <span class='ocr_line' id='line_1_55' title="bbox 291 3720 1878 3793; baseline 0 -19"><span class='ocrx_word' id='word_1_408' title='bbox 291 3721 389 3775; x_wconf 68' lang='grc' dir='ltr'>καὶ</span> <span class='ocrx_word' id='word_1_409' title='bbox 425 3723 537 3775; x_wconf 81' lang='grc' dir='ltr'>ὑπὸ</span> <span class='ocrx_word' id='word_1_410' title='bbox 588 3722 803 3793; x_wconf 85' lang='grc' dir='ltr'>μυρίων</span> <span class='ocrx_word' id='word_1_411' title='bbox 850 3721 1146 3792; x_wconf 85' lang='grc' dir='ltr'>ὀφθαλμῶν</span> <span class='ocrx_word' id='word_1_412' title='bbox 1182 3721 1276 3775; x_wconf 71' lang='grc' dir='ltr'><strong>καὶ</strong></span> <span class='ocrx_word' id='word_1_413' title='bbox 1306 3722 1563 3791; x_wconf 86' lang='grc' dir='ltr'>γλωττῶν</span> <span class='ocrx_word' id='word_1_414' title='bbox 1597 3723 1624 3775; x_wconf 87' lang='grc' dir='ltr'><strong>ὁ</strong></span> <span class='ocrx_word' id='word_1_415' title='bbox 1668 3720 1878 3774; x_wconf 82' lang='grc' dir='ltr'>ἐκείνου</span> 
     </span>
    </p>
   </div>
   <div class='ocr_carea' id='block_1_56' title="bbox 292 3814 823 3884">
    <p class='ocr_par' dir='ltr' id='par_1_56' title="bbox 292 3814 823 3884">
     <span class='ocr_line' id='line_1_56' title="bbox 292 3814 823 3884; baseline 0.002 -18"><span class='ocrx_word' id='word_1_416' title='bbox 292 3814 647 3884; x_wconf 79' lang='grc' dir='ltr'>βασανίζεται</span> <span class='ocrx_word' id='word_1_417' title='bbox 688 3815 823 3884; x_wconf 86' lang='grc' dir='ltr'>βίος.</span> 
     </span>
    </p>
   </div>
   <div class='ocr_carea' id='block_1_57' title="bbox 1986 1980 3565 2054">
    <p class='ocr_par' dir='ltr' id='par_1_57' title="bbox 1986 1980 3565 2054">
     <span class='ocr_line' id='line_1_57' title="bbox 1986 1980 3565 2054; baseline 0.001 -20"><span class='ocrx_word' id='word_1_418' title='bbox 1986 1981 2190 2037; x_wconf 79' lang='lat' dir='ltr'><strong>dixeris</strong></span> <span class='ocrx_word' id='word_1_419' title='bbox 2214 2001 2227 2035; x_wconf 90' lang='lat'>:</span> <span class='ocrx_word' id='word_1_420' title='bbox 2249 1980 2578 2049; x_wconf 87' lang='lat' dir='ltr'><strong>Quomodo?</strong></span> <span class='ocrx_word' id='word_1_421' title='bbox 2610 1986 2965 2054; x_wconf 86' lang='lat' dir='ltr'><strong>respondebo.</strong></span> <span class='ocrx_word' id='word_1_422' title='bbox 2995 1985 3127 2051; x_wconf 88' lang='lat' dir='ltr'><strong>Quia</strong></span> <span class='ocrx_word' id='word_1_423' title='bbox 3150 2000 3253 2040; x_wconf 90' lang='lat' dir='ltr'><strong>non</strong></span> <span class='ocrx_word' id='word_1_424' title='bbox 3284 2001 3444 2040; x_wconf 82' lang='lat' dir='ltr'><strong>ausus</strong></span> <span class='ocrx_word' id='word_1_425' title='bbox 3478 1995 3565 2038; x_wconf 78' lang='lat' dir='ltr'><strong>est</strong></span> 
     </span>
    </p>
   </div>
   <div class='ocr_carea' id='block_1_58' title="bbox 1990 2075 3563 2145">
    <p class='ocr_par' dir='ltr' id='par_1_58' title="bbox 1990 2075 3563 2145">
     <span class='ocr_line' id='line_1_58' title="bbox 1990 2075 3563 2145; baseline 0 -20"><span class='ocrx_word' id='word_1_426' title='bbox 1990 2076 2322 2141; x_wconf 64' lang='lat' dir='ltr'><strong>prarcipere;</strong></span> <span class='ocrx_word' id='word_1_427' title='bbox 2354 2090 2418 2129; x_wconf 92' lang='lat' dir='ltr'><strong>ac</strong></span> <span class='ocrx_word' id='word_1_428' title='bbox 2449 2090 2515 2129; x_wconf 89' lang='lat' dir='ltr'><strong>ne</strong></span> <span class='ocrx_word' id='word_1_429' title='bbox 2543 2075 2762 2144; x_wconf 91' lang='lat' dir='ltr'><strong>quidem</strong></span> <span class='ocrx_word' id='word_1_430' title='bbox 2797 2075 3097 2141; x_wconf 87' lang='lat' dir='ltr'><strong>cohortari,</strong></span> <span class='ocrx_word' id='word_1_431' title='bbox 3125 2090 3298 2145; x_wconf 89' lang='lat' dir='ltr'><strong>neque</strong></span> <span class='ocrx_word' id='word_1_432' title='bbox 3336 2075 3563 2130; x_wconf 85' lang='lat' dir='ltr'><strong>suadere</strong></span> 
     </span>
    </p>
   </div>
   <div class='ocr_carea' id='block_1_59' title="bbox 1986 2163 3559 2233">
    <p class='ocr_par' dir='ltr' id='par_1_59' title="bbox 1986 2163 3559 2233">
     <span class='ocr_line' id='line_1_59' title="bbox 1986 2163 3559 2233; baseline 0.001 -19"><span class='ocrx_word' id='word_1_433' title='bbox 1986 2163 2069 2229; x_wconf 88' lang='lat' dir='ltr'><strong>(ut</strong></span> <span class='ocrx_word' id='word_1_434' title='bbox 2105 2163 2226 2231; x_wconf 91' lang='lat' dir='ltr'><strong>quis</strong></span> <span class='ocrx_word' id='word_1_435' title='bbox 2253 2164 2629 2233; x_wconf 86' lang='lat' dir='ltr'><strong>episcopatum</strong></span> <span class='ocrx_word' id='word_1_436' title='bbox 2683 2168 2948 2233; x_wconf 86' lang='lat' dir='ltr'><strong>appetat).</strong></span> <span class='ocrx_word' id='word_1_437' title='bbox 2989 2164 3175 2233; x_wconf 82' lang='lat' dir='ltr'><strong>Neque</strong></span> <span class='ocrx_word' id='word_1_438' title='bbox 3210 2164 3353 2217; x_wconf 89' lang='lat' dir='ltr'><strong>enim</strong></span> <span class='ocrx_word' id='word_1_439' title='bbox 3380 2163 3511 2217; x_wconf 84' lang='lat' dir='ltr'><strong>dixit</strong></span> <span class='ocrx_word' id='word_1_440' title='bbox 3544 2178 3559 2216; x_wconf 89' lang='lat'>:</span> 
     </span>
    </p>
   </div>
   <div class='ocr_carea' id='block_1_60' title="bbox 1986 2252 3557 2327">
    <p class='ocr_par' dir='ltr' id='par_1_60' title="bbox 1986 2252 3557 2327">
     <span class='ocr_line' id='line_1_60' title="bbox 1986 2252 3557 2327; baseline 0.001 -20"><span class='ocrx_word' id='word_1_441' title='bbox 1986 2252 2371 2325; x_wconf 89' lang='lat' dir='ltr'><strong>Unusquisque</strong></span> <span class='ocrx_word' id='word_1_442' title='bbox 2414 2258 2784 2327; x_wconf 78' lang='lat' dir='ltr'><strong>episcOpatum</strong></span> <span class='ocrx_word' id='word_1_443' title='bbox 2845 2257 3136 2312; x_wconf 89' lang='lat' dir='ltr'><strong>desideret.</strong></span> <span class='ocrx_word' id='word_1_444' title='bbox 3186 2256 3355 2311; x_wconf 70' lang='lat' dir='ltr'><strong>[lecte</strong></span> <span class='ocrx_word' id='word_1_445' title='bbox 3407 2255 3557 2309; x_wconf 80' lang='lat' dir='ltr'><strong>facit.</strong></span> 
     </span>
    </p>
   </div>
   <div class='ocr_carea' id='block_1_61' title="bbox 1986 2346 3562 2417">
    <p class='ocr_par' dir='ltr' id='par_1_61' title="bbox 1986 2346 3562 2417">
     <span class='ocr_line' id='line_1_61' title="bbox 1986 2346 3562 2417; baseline -0.001 -16"><span class='ocrx_word' id='word_1_446' title='bbox 1986 2346 2139 2403; x_wconf 88' lang='lat' dir='ltr'><strong>Tunc</strong></span> <span class='ocrx_word' id='word_1_447' title='bbox 2169 2349 2312 2403; x_wconf 92' lang='lat' dir='ltr'><strong>enim</strong></span> <span class='ocrx_word' id='word_1_448' title='bbox 2344 2348 2593 2402; x_wconf 77' lang='lat' dir='ltr'><strong>fortassis</strong></span> <span class='ocrx_word' id='word_1_449' title='bbox 2642 2348 2810 2416; x_wconf 88' lang='lat' dir='ltr'><strong>aliqui</strong></span> <span class='ocrx_word' id='word_1_450' title='bbox 2852 2348 3044 2402; x_wconf 88' lang='lat' dir='ltr'><strong>eodem</strong></span> <span class='ocrx_word' id='word_1_451' title='bbox 3084 2363 3269 2403; x_wconf 88' lang='lat' dir='ltr'><strong>amore</strong></span> <span class='ocrx_word' id='word_1_452' title='bbox 3314 2346 3428 2417; x_wconf 86' lang='lat' dir='ltr'><strong>ejus</strong></span> <span class='ocrx_word' id='word_1_453' title='bbox 3461 2348 3562 2409; x_wconf 88' lang='lat' dir='ltr'><strong>rei,</strong></span> 
     </span>
    </p>
   </div>
   <div class='ocr_carea' id='block_1_62' title="bbox 1984 2438 3564 2511">
    <p class='ocr_par' dir='ltr' id='par_1_62' title="bbox 1984 2438 3564 2511">
     <span class='ocr_line' id='line_1_62' title="bbox 1984 2438 3564 2511; baseline -0.001 -17"><span class='ocrx_word' id='word_1_454' title='bbox 1984 2456 2092 2511; x_wconf 91' lang='lat' dir='ltr'><strong>quo</strong></span> <span class='ocrx_word' id='word_1_455' title='bbox 2123 2452 2199 2509; x_wconf 88' lang='lat' dir='ltr'><strong>tu,</strong></span> <span class='ocrx_word' id='word_1_456' title='bbox 2221 2439 2368 2509; x_wconf 86' lang='lat' dir='ltr'><strong>capti</strong></span> <span class='ocrx_word' id='word_1_457' title='bbox 2394 2438 2644 2493; x_wconf 81' lang='lat' dir='ltr'><strong>fuissent.</strong></span> <span class='ocrx_word' id='word_1_458' title='bbox 2673 2439 2779 2494; x_wconf 91' lang='lat' dir='ltr'><strong>Sed</strong></span> <span class='ocrx_word' id='word_1_459' title='bbox 2808 2440 2861 2494; x_wconf 91' lang='lat' dir='ltr'><strong>in</strong></span> <span class='ocrx_word' id='word_1_460' title='bbox 2903 2441 3081 2495; x_wconf 91' lang='lat' dir='ltr'><strong>medio</strong></span> <span class='ocrx_word' id='word_1_461' title='bbox 3114 2441 3426 2510; x_wconf 91' lang='lat' dir='ltr'><strong>relinquens</strong></span> <span class='ocrx_word' id='word_1_462' title='bbox 3451 2455 3564 2493; x_wconf 89' lang='lat' dir='ltr'><strong>sus-</strong></span> 
     </span>
    </p>
   </div>
   <div class='ocr_carea' id='block_1_63' title="bbox 1983 2531 3564 2604">
    <p class='ocr_par' dir='ltr' id='par_1_63' title="bbox 1983 2531 3564 2604">
     <span class='ocr_line' id='line_1_63' title="bbox 1983 2531 3564 2604; baseline -0.003 -16"><span class='ocrx_word' id='word_1_463' title='bbox 1983 2548 2230 2602; x_wconf 85' lang='lat' dir='ltr'><strong>pensum,</strong></span> <span class='ocrx_word' id='word_1_464' title='bbox 2256 2531 2548 2589; x_wconf 83' lang='lat' dir='ltr'><strong>sacerdotii</strong></span> <span class='ocrx_word' id='word_1_465' title='bbox 2586 2532 2913 2588; x_wconf 84' lang='lat' dir='ltr'><strong>desiderium</strong></span> <span class='ocrx_word' id='word_1_466' title='bbox 2946 2548 3121 2604; x_wconf 85' lang='lat' dir='ltr'><strong>neque</strong></span> <span class='ocrx_word' id='word_1_467' title='bbox 3156 2533 3377 2603; x_wconf 81' lang='lat' dir='ltr'><strong>instigat</strong></span> <span class='ocrx_word' id='word_1_468' title='bbox 3414 2534 3480 2585; x_wconf 92' lang='lat' dir='ltr'><strong>ad</strong></span> <span class='ocrx_word' id='word_1_469' title='bbox 3511 2533 3564 2585; x_wconf 94' lang='lat' dir='ltr'><strong>id</strong></span> 
     </span>
    </p>
   </div>
   <div class='ocr_carea' id='block_1_64' title="bbox 1988 2624 3555 2694">
    <p class='ocr_par' dir='ltr' id='par_1_64' title="bbox 1988 2624 3555 2694">
     <span class='ocr_line' id='line_1_64' title="bbox 1988 2624 3555 2694; baseline -0.003 -15"><span class='ocrx_word' id='word_1_470' title='bbox 1988 2639 2339 2694; x_wconf 91' lang='lat' dir='ltr'><strong>quemquam,</strong></span> <span class='ocrx_word' id='word_1_471' title='bbox 2389 2639 2458 2678; x_wconf 91' lang='lat' dir='ltr'><strong>ne</strong></span> <span class='ocrx_word' id='word_1_472' title='bbox 2510 2624 2757 2694; x_wconf 83' lang='lat' dir='ltr'><strong>indignos</strong></span> <span class='ocrx_word' id='word_1_473' title='bbox 2798 2627 3000 2680; x_wconf 86' lang='lat' dir='ltr'><strong>excitet</strong></span> <span class='ocrx_word' id='word_1_474' title='bbox 3053 2626 3117 2680; x_wconf 89' lang='lat' dir='ltr'><strong>ad</strong></span> <span class='ocrx_word' id='word_1_475' title='bbox 3166 2625 3555 2693; x_wconf 88' lang='lat' dir='ltr'><strong>capessendam</strong></span> 
     </span>
    </p>
   </div>
   <div class='ocr_carea' id='block_1_65' title="bbox 1984 2715 3567 2787">
    <p class='ocr_par' dir='ltr' id='par_1_65' title="bbox 1984 2715 3567 2787">
     <span class='ocr_line' id='line_1_65' title="bbox 1984 2715 3567 2787; baseline -0.001 -17"><span class='ocrx_word' id='word_1_476' title='bbox 1984 2730 2099 2770; x_wconf 87' lang='lat' dir='ltr'><strong>rem</strong></span> <span class='ocrx_word' id='word_1_477' title='bbox 2148 2715 2549 2783; x_wconf 79' lang='lat' dir='ltr'><strong>perdifﬁcilem,</strong></span> <span class='ocrx_word' id='word_1_478' title='bbox 2589 2731 2815 2787; x_wconf 63' lang='lat' dir='ltr'><strong>quaeque</strong></span> <span class='ocrx_word' id='word_1_479' title='bbox 2863 2730 3078 2772; x_wconf 87' lang='lat' dir='ltr'><strong>omnem</strong></span> <span class='ocrx_word' id='word_1_480' title='bbox 3113 2727 3329 2787; x_wconf 83' lang='lat' dir='ltr'><strong>superat</strong></span> <span class='ocrx_word' id='word_1_481' title='bbox 3391 2720 3567 2785; x_wconf 85' lang='lat' dir='ltr'><strong>reipu-</strong></span> 
     </span>
    </p>
   </div>
   <div class='ocr_carea' id='block_1_66' title="bbox 1985 2805 3567 2878">
    <p class='ocr_par' dir='ltr' id='par_1_66' title="bbox 1985 2805 3567 2878">
     <span class='ocr_line' id='line_1_66' title="bbox 1985 2805 3567 2878; baseline 0.001 -18"><span class='ocrx_word' id='word_1_482' title='bbox 1985 2805 2138 2861; x_wconf 62' lang='lat' dir='ltr'><strong>blicaa</strong></span> <span class='ocrx_word' id='word_1_483' title='bbox 2183 2807 2709 2863; x_wconf 77' lang='lat' dir='ltr'><strong>administrationem</strong></span> <span class='ocrx_word' id='word_1_484' title='bbox 2749 2821 2815 2862; x_wconf 90' lang='lat' dir='ltr'><strong>ac</strong></span> <span class='ocrx_word' id='word_1_485' title='bbox 2853 2807 3171 2878; x_wconf 85' lang='lat' dir='ltr'><strong>dignitatem</strong></span> <span class='ocrx_word' id='word_1_486' title='bbox 3216 2823 3232 2860; x_wconf 91' lang='lat'><strong>:</strong></span> <span class='ocrx_word' id='word_1_487' title='bbox 3276 2821 3453 2877; x_wconf 89' lang='lat' dir='ltr'><strong>neque</strong></span> <span class='ocrx_word' id='word_1_488' title='bbox 3499 2807 3567 2861; x_wconf 89' lang='lat' dir='ltr'><strong>ab</strong></span> 
     </span>
    </p>
   </div>
   <div class='ocr_carea' id='block_1_67' title="bbox 1984 2898 3567 2970">
    <p class='ocr_par' dir='ltr' id='par_1_67' title="bbox 1984 2898 3567 2970">
     <span class='ocr_line' id='line_1_67' title="bbox 1984 2898 3567 2970; baseline 0.001 -18"><span class='ocrx_word' id='word_1_489' title='bbox 1984 2912 2052 2952; x_wconf 91' lang='lat' dir='ltr'><strong>eo</strong></span> <span class='ocrx_word' id='word_1_490' title='bbox 2084 2905 2236 2953; x_wconf 88' lang='lat' dir='ltr'><strong>arcet</strong></span> <span class='ocrx_word' id='word_1_491' title='bbox 2267 2912 2616 2970; x_wconf 85' lang='lat' dir='ltr'><strong>quemquam,</strong></span> <span class='ocrx_word' id='word_1_492' title='bbox 2650 2913 2716 2953; x_wconf 87' lang='lat' dir='ltr'><strong>ne</strong></span> <span class='ocrx_word' id='word_1_493' title='bbox 2753 2899 2805 2953; x_wconf 90' lang='lat' dir='ltr'><strong>id</strong></span> <span class='ocrx_word' id='word_1_494' title='bbox 2837 2898 2978 2967; x_wconf 84' lang='lat' dir='ltr'><strong>quod</strong></span> <span class='ocrx_word' id='word_1_495' title='bbox 3005 2899 3151 2953; x_wconf 90' lang='lat' dir='ltr'><strong>omni</strong></span> <span class='ocrx_word' id='word_1_496' title='bbox 3192 2914 3361 2967; x_wconf 77' lang='lat' dir='ltr'><strong>regno</strong></span> <span class='ocrx_word' id='word_1_497' title='bbox 3392 2898 3567 2969; x_wconf 82' lang='lat' dir='ltr'><strong>majus</strong></span> 
     </span>
    </p>
   </div>
   <div class='ocr_carea' id='block_1_68' title="bbox 1986 2982 3564 3058">
    <p class='ocr_par' dir='ltr' id='par_1_68' title="bbox 1986 2982 3564 3058">
     <span class='ocr_line' id='line_1_68' title="bbox 1986 2982 3564 3058; baseline 0 -16"><span class='ocrx_word' id='word_1_498' title='bbox 1986 2996 2092 3052; x_wconf 89' lang='lat' dir='ltr'><strong>est,</strong></span> <span class='ocrx_word' id='word_1_499' title='bbox 2134 2986 2449 3057; x_wconf 82' lang='lat' dir='ltr'><strong>fugiendum</strong></span> <span class='ocrx_word' id='word_1_500' title='bbox 2480 3003 2601 3043; x_wconf 90' lang='lat' dir='ltr'><strong>esse</strong></span> <span class='ocrx_word' id='word_1_501' title='bbox 2627 2996 2910 3058; x_wconf 87' lang='lat' dir='ltr'><strong>proponat.</strong></span> <span class='ocrx_word' id='word_1_502' title='bbox 2943 2982 3142 3042; x_wconf 83' lang='lat' dir='ltr'><strong>Verum</strong></span> <span class='ocrx_word' id='word_1_503' title='bbox 3181 2988 3234 3042; x_wconf 93' lang='lat' dir='ltr'><strong>in</strong></span> <span class='ocrx_word' id='word_1_504' title='bbox 3278 3003 3564 3057; x_wconf 83' lang='lat' dir='ltr'><strong>suspenso,</strong></span> 
     </span>
    </p>
   </div>
   <div class='ocr_carea' id='block_1_69' title="bbox 1987 3079 3567 3149">
    <p class='ocr_par' dir='ltr' id='par_1_69' title="bbox 1987 3079 3567 3149">
     <span class='ocr_line' id='line_1_69' title="bbox 1987 3079 3567 3149; baseline 0 -16"><span class='ocrx_word' id='word_1_505' title='bbox 1987 3088 2045 3134; x_wconf 94' lang='lat' dir='ltr'><strong>ut</strong></span> <span class='ocrx_word' id='word_1_506' title='bbox 2070 3080 2206 3145; x_wconf 85' lang='lat' dir='ltr'><strong>dixi,</strong></span> <span class='ocrx_word' id='word_1_507' title='bbox 2239 3079 2557 3149; x_wconf 88' lang='lat' dir='ltr'><strong>relinquens</strong></span> <span class='ocrx_word' id='word_1_508' title='bbox 2603 3080 3072 3144; x_wconf 80' lang='lat' dir='ltr'><strong>exhortationem,</strong></span> <span class='ocrx_word' id='word_1_509' title='bbox 3109 3088 3164 3134; x_wconf 89' lang='lat' dir='ltr'><strong>et</strong></span> <span class='ocrx_word' id='word_1_510' title='bbox 3208 3094 3567 3149; x_wconf 85' lang='lat' dir='ltr'><strong>unumquem-</strong></span> 
     </span>
    </p>
   </div>
   <div class='ocr_carea' id='block_1_70' title="bbox 1986 3157 3568 3243">
    <p class='ocr_par' dir='ltr' id='par_1_70' title="bbox 1986 3157 3568 3243">
     <span class='ocr_line' id='line_1_70' title="bbox 1986 3157 3568 3243; baseline 0 -16"><span class='ocrx_word' id='word_1_511' title='bbox 1986 3157 2095 3243; x_wconf 74' lang='lat' dir='ltr'><strong>que</strong></span> <span class='ocrx_word' id='word_1_512' title='bbox 2137 3172 2220 3229; x_wconf 91' lang='lat' dir='ltr'><strong>sui</strong></span> <span class='ocrx_word' id='word_1_513' title='bbox 2272 3172 2472 3242; x_wconf 79' lang='lat' dir='ltr'><strong>ingenii</strong></span> <span class='ocrx_word' id='word_1_514' title='bbox 2527 3172 2912 3227; x_wconf 64' lang='lat' dir='ltr'><strong>aestimatorem</strong></span> <span class='ocrx_word' id='word_1_515' title='bbox 2967 3185 3032 3226; x_wconf 91' lang='lat' dir='ltr'><strong>ac</strong></span> <span class='ocrx_word' id='word_1_516' title='bbox 3078 3170 3318 3241; x_wconf 78' lang='lat' dir='ltr'><strong>iudicem</strong></span> <span class='ocrx_word' id='word_1_517' title='bbox 3366 3172 3568 3227; x_wconf 87' lang='lat' dir='ltr'><strong>consti-</strong></span> 
     </span>
    </p>
   </div>
   <div class='ocr_carea' id='block_1_71' title="bbox 1990 3263 3565 3334">
    <p class='ocr_par' dir='ltr' id='par_1_71' title="bbox 1990 3263 3565 3334">
     <span class='ocr_line' id='line_1_71' title="bbox 1990 3263 3565 3334; baseline -0.002 -14"><span class='ocrx_word' id='word_1_518' title='bbox 1990 3277 2165 3331; x_wconf 86' lang='lat' dir='ltr'><strong>tuens,</strong></span> <span class='ocrx_word' id='word_1_519' title='bbox 2191 3265 2307 3334; x_wconf 87' lang='lat' dir='ltr'><strong>ipse</strong></span> <span class='ocrx_word' id='word_1_520' title='bbox 2360 3279 2539 3333; x_wconf 91' lang='lat' dir='ltr'><strong>neque</strong></span> <span class='ocrx_word' id='word_1_521' title='bbox 2568 3274 2823 3334; x_wconf 85' lang='lat' dir='ltr'><strong>expetere</strong></span> <span class='ocrx_word' id='word_1_522' title='bbox 2861 3278 3037 3333; x_wconf 90' lang='lat' dir='ltr'><strong>neque</strong></span> <span class='ocrx_word' id='word_1_523' title='bbox 3085 3263 3275 3330; x_wconf 80' lang='lat' dir='ltr'><strong>fugere</strong></span> <span class='ocrx_word' id='word_1_524' title='bbox 3304 3264 3565 3333; x_wconf 72' lang='lat' dir='ltr'><strong>praecipit,</strong></span> 
     </span>
    </p>
   </div>
   <div class='ocr_carea' id='block_1_72' title="bbox 1991 3356 3569 3426">
    <p class='ocr_par' dir='ltr' id='par_1_72' title="bbox 1991 3356 3569 3426">
     <span class='ocr_line' id='line_1_72' title="bbox 1991 3356 3569 3426; baseline -0.001 -14"><span class='ocrx_word' id='word_1_525' title='bbox 1991 3369 2195 3413; x_wconf 89' lang='lat' dir='ltr'><strong>tantum</strong></span> <span class='ocrx_word' id='word_1_526' title='bbox 2233 3373 2340 3413; x_wconf 92' lang='lat' dir='ltr'><strong>non</strong></span> <span class='ocrx_word' id='word_1_527' title='bbox 2389 3358 2653 3422; x_wconf 89' lang='lat' dir='ltr'><strong>clamans,</strong></span> <span class='ocrx_word' id='word_1_528' title='bbox 2697 3369 2752 3411; x_wconf 87' lang='lat' dir='ltr'><strong>et</strong></span> <span class='ocrx_word' id='word_1_529' title='bbox 2791 3357 2983 3424; x_wconf 90' lang='lat' dir='ltr'><strong>oculis,</strong></span> <span class='ocrx_word' id='word_1_530' title='bbox 3027 3365 3081 3411; x_wconf 93' lang='lat' dir='ltr'><strong>et</strong></span> <span class='ocrx_word' id='word_1_531' title='bbox 3129 3356 3467 3426; x_wconf 87' lang='lat' dir='ltr'><strong>superciliis,</strong></span> <span class='ocrx_word' id='word_1_532' title='bbox 3514 3364 3569 3411; x_wconf 86' lang='lat' dir='ltr'><strong>et</strong></span> 
     </span>
    </p>
   </div>
   <div class='ocr_carea' id='block_1_73' title="bbox 1988 3448 3571 3521">
    <p class='ocr_par' dir='ltr' id='par_1_73' title="bbox 1988 3448 3571 3521">
     <span class='ocr_line' id='line_1_73' title="bbox 1988 3448 3571 3521; baseline -0.003 -16"><span class='ocrx_word' id='word_1_533' title='bbox 1988 3460 2101 3506; x_wconf 85' lang='lat' dir='ltr'><strong>toto</strong></span> <span class='ocrx_word' id='word_1_534' title='bbox 2136 3449 2279 3504; x_wconf 91' lang='lat' dir='ltr'><strong>vultu</strong></span> <span class='ocrx_word' id='word_1_535' title='bbox 2323 3450 2412 3520; x_wconf 90' lang='lat' dir='ltr'><strong>(ad</strong></span> <span class='ocrx_word' id='word_1_536' title='bbox 2444 3454 2765 3518; x_wconf 79' lang='lat' dir='ltr'><strong>gravitatem</strong></span> <span class='ocrx_word' id='word_1_537' title='bbox 2792 3450 3116 3520; x_wconf 88' lang='lat' dir='ltr'><strong>composito)</strong></span> <span class='ocrx_word' id='word_1_538' title='bbox 3149 3451 3360 3505; x_wconf 85' lang='lat' dir='ltr'><strong>timoris</strong></span> <span class='ocrx_word' id='word_1_539' title='bbox 3402 3448 3571 3521; x_wconf 85' lang='lat' dir='ltr'><strong>(salu-</strong></span> 
     </span>
    </p>
   </div>
   <div class='ocr_carea' id='block_1_74' title="bbox 1988 3541 3571 3613">
    <p class='ocr_par' dir='ltr' id='par_1_74' title="bbox 1988 3541 3571 3613">
     <span class='ocr_line' id='line_1_74' title="bbox 1988 3541 3571 3613; baseline -0.001 -19"><span class='ocrx_word' id='word_1_540' title='bbox 1988 3542 2145 3613; x_wconf 88' lang='lat' dir='ltr'><strong>taris)</strong></span> <span class='ocrx_word' id='word_1_541' title='bbox 2176 3541 2427 3595; x_wconf 89' lang='lat' dir='ltr'><strong>stimulos</strong></span> <span class='ocrx_word' id='word_1_542' title='bbox 2474 3542 2807 3595; x_wconf 90' lang='lat' dir='ltr'><strong>audientium</strong></span> <span class='ocrx_word' id='word_1_543' title='bbox 2864 3541 3061 3595; x_wconf 87' lang='lat' dir='ltr'><strong>animis</strong></span> <span class='ocrx_word' id='word_1_544' title='bbox 3094 3541 3363 3609; x_wconf 82' lang='lat' dir='ltr'><strong>injiciens.</strong></span> <span class='ocrx_word' id='word_1_545' title='bbox 3403 3541 3571 3610; x_wconf 88' lang='lat' dir='ltr'><strong>Equi-</strong></span> 
     </span>
    </p>
   </div>
   <div class='ocr_carea' id='block_1_75' title="bbox 1986 3631 3568 3703">
    <p class='ocr_par' dir='ltr' id='par_1_75' title="bbox 1986 3631 3568 3703">
     <span class='ocr_line' id='line_1_75' title="bbox 1986 3631 3568 3703; baseline -0.001 -17"><span class='ocrx_word' id='word_1_546' title='bbox 1986 3635 2105 3687; x_wconf 88' lang='lat' dir='ltr'><strong>dem</strong></span> <span class='ocrx_word' id='word_1_547' title='bbox 2127 3647 2226 3702; x_wconf 85' lang='lat' dir='ltr'><strong>ego</strong></span> <span class='ocrx_word' id='word_1_548' title='bbox 2262 3632 2463 3703; x_wconf 90' lang='lat' dir='ltr'><strong>(inquit</strong></span> <span class='ocrx_word' id='word_1_549' title='bbox 2498 3631 2717 3703; x_wconf 90' lang='lat' dir='ltr'><strong>Paulus)</strong></span> <span class='ocrx_word' id='word_1_550' title='bbox 2752 3648 2866 3687; x_wconf 89' lang='lat' dir='ltr'><strong>rem</strong></span> <span class='ocrx_word' id='word_1_551' title='bbox 2896 3648 2925 3685; x_wconf 90' lang='lat' dir='ltr'><strong>a</strong></span> <span class='ocrx_word' id='word_1_552' title='bbox 2967 3634 3150 3687; x_wconf 88' lang='lat' dir='ltr'><strong>divino</strong></span> <span class='ocrx_word' id='word_1_553' title='bbox 3176 3632 3568 3700; x_wconf 88' lang='lat' dir='ltr'><strong>dependentem</strong></span> 
     </span>
    </p>
   </div>
   <div class='ocr_carea' id='block_1_76' title="bbox 1986 3722 3571 3792">
    <p class='ocr_par' dir='ltr' id='par_1_76' title="bbox 1986 3722 3571 3792">
     <span class='ocr_line' id='line_1_76' title="bbox 1986 3722 3571 3792; baseline -0.001 -14"><span class='ocrx_word' id='word_1_554' title='bbox 1986 3724 2193 3778; x_wconf 85' lang='lat' dir='ltr'><strong>calculo</strong></span> <span class='ocrx_word' id='word_1_555' title='bbox 2227 3733 2391 3792; x_wconf 89' lang='lat' dir='ltr'><strong>atque</strong></span> <span class='ocrx_word' id='word_1_556' title='bbox 2422 3722 2649 3777; x_wconf 87' lang='lat' dir='ltr'><strong>arbitrio</strong></span> <span class='ocrx_word' id='word_1_557' title='bbox 2681 3723 2984 3790; x_wconf 90' lang='lat' dir='ltr'><strong>electionis,</strong></span> <span class='ocrx_word' id='word_1_558' title='bbox 3033 3724 3315 3778; x_wconf 90' lang='lat' dir='ltr'><strong>hominum</strong></span> <span class='ocrx_word' id='word_1_559' title='bbox 3365 3723 3571 3791; x_wconf 69' lang='lat' dir='ltr'><strong>cupitli-</strong></span> 
     </span>
    </p>
   </div>
   <div class='ocr_carea' id='block_1_77' title="bbox 1988 3814 3567 3886">
    <p class='ocr_par' dir='ltr' id='par_1_77' title="bbox 1988 3814 3567 3886">
     <span class='ocr_line' id='line_1_77' title="bbox 1988 3814 3567 3886; baseline 0.002 -21"><span class='ocrx_word' id='word_1_560' title='bbox 1988 3814 2190 3867; x_wconf 88' lang='lat' dir='ltr'><strong>tatihus</strong></span> <span class='ocrx_word' id='word_1_561' title='bbox 2225 3829 2332 3868; x_wconf 91' lang='lat' dir='ltr'><strong>non</strong></span> <span class='ocrx_word' id='word_1_562' title='bbox 2380 3828 2592 3883; x_wconf 87' lang='lat' dir='ltr'><strong>expono</strong></span> <span class='ocrx_word' id='word_1_563' title='bbox 2620 3830 2634 3868; x_wconf 88' lang='lat'><strong>:</strong></span> <span class='ocrx_word' id='word_1_564' title='bbox 2668 3828 2863 3869; x_wconf 90' lang='lat' dir='ltr'><strong>moneo</strong></span> <span class='ocrx_word' id='word_1_565' title='bbox 2901 3825 3080 3869; x_wconf 88' lang='lat' dir='ltr'><strong>autem</strong></span> <span class='ocrx_word' id='word_1_566' title='bbox 3113 3826 3275 3886; x_wconf 87' lang='lat' dir='ltr'><strong>atque</strong></span> <span class='ocrx_word' id='word_1_567' title='bbox 3304 3816 3567 3880; x_wconf 88' lang='lat' dir='ltr'><strong>obtestor,</strong></span> 
     </span>
    </p>
   </div>
   <div class='ocr_carea' id='block_1_78' title="bbox 293 3907 3567 3979">
    <p class='ocr_par' dir='ltr' id='par_1_78' title="bbox 293 3907 3567 3979">
     <span class='ocr_line' id='line_1_78' title="bbox 293 3907 3567 3979; baseline -0 -17"><span class='ocrx_word' id='word_1_568' title='bbox 293 3909 615 3979; x_wconf 86' lang='lat' dir='ltr'><strong>quicunque</strong></span> <span class='ocrx_word' id='word_1_569' title='bbox 638 3910 781 3965; x_wconf 85' lang='lat' dir='ltr'><strong>hanc</strong></span> <span class='ocrx_word' id='word_1_570' title='bbox 807 3924 921 3965; x_wconf 85' lang='lat' dir='ltr'><strong>rem</strong></span> <span class='ocrx_word' id='word_1_571' title='bbox 971 3908 1200 3977; x_wconf 82' lang='lat' dir='ltr'><strong>expetit,</strong></span> <span class='ocrx_word' id='word_1_572' title='bbox 1259 3907 1305 3961; x_wconf 88' lang='lat' dir='ltr'><strong>is</strong></span> <span class='ocrx_word' id='word_1_573' title='bbox 1336 3907 1569 3971; x_wconf 86' lang='lat' dir='ltr'><strong>noverit,</strong></span> <span class='ocrx_word' id='word_1_574' title='bbox 1636 3921 1698 3961; x_wconf 89' lang='lat' dir='ltr'><strong>se</strong></span> <span class='ocrx_word' id='word_1_575' title='bbox 1759 3922 1873 3962; x_wconf 89' lang='lat' dir='ltr'><strong>rem</strong></span> <span class='ocrx_word' id='word_1_576' title='bbox 1918 3907 2145 3963; x_wconf 91' lang='lat' dir='ltr'><strong>minime</strong></span> <span class='ocrx_word' id='word_1_577' title='bbox 2190 3908 2470 3979; x_wconf 73' lang='lat' dir='ltr'><strong>vulgarem</strong></span> <span class='ocrx_word' id='word_1_578' title='bbox 2519 3918 2615 3963; x_wconf 91' lang='lat' dir='ltr'><strong>aut</strong></span> <span class='ocrx_word' id='word_1_579' title='bbox 2664 3908 2836 3965; x_wconf 88' lang='lat' dir='ltr'><strong>levem</strong></span> <span class='ocrx_word' id='word_1_580' title='bbox 2885 3910 3219 3965; x_wconf 82' lang='lat' dir='ltr'><strong>desiderare.</strong></span> <span class='ocrx_word' id='word_1_581' title='bbox 3280 3908 3567 3962; x_wconf 86' lang='lat' dir='ltr'><strong>Ministerii</strong></span> 
     </span>
    </p>
   </div>
   <div class='ocr_carea' id='block_1_79' title="bbox 294 4003 3569 4075">
    <p class='ocr_par' dir='ltr' id='par_1_79' title="bbox 294 4003 3569 4075">
     <span class='ocr_line' id='line_1_79' title="bbox 294 4003 3569 4075; baseline -0.001 -17"><span class='ocrx_word' id='word_1_582' title='bbox 294 4006 469 4070; x_wconf 89' lang='lat' dir='ltr'><strong>enim,</strong></span> <span class='ocrx_word' id='word_1_583' title='bbox 495 4021 601 4060; x_wconf 93' lang='lat' dir='ltr'><strong>non</strong></span> <span class='ocrx_word' id='word_1_584' title='bbox 633 4016 816 4061; x_wconf 89' lang='lat' dir='ltr'><strong>autem</strong></span> <span class='ocrx_word' id='word_1_585' title='bbox 862 4005 1204 4061; x_wconf 86' lang='lat' dir='ltr'><strong>remissionis</strong></span> <span class='ocrx_word' id='word_1_586' title='bbox 1272 4018 1336 4058; x_wconf 88' lang='lat' dir='ltr'><strong>ac</strong></span> <span class='ocrx_word' id='word_1_587' title='bbox 1416 4004 1638 4058; x_wconf 88' lang='lat' dir='ltr'><strong>desidiae</strong></span> <span class='ocrx_word' id='word_1_588' title='bbox 1715 4004 2167 4073; x_wconf 83' lang='lat' dir='ltr'><strong>signiﬁcationem</strong></span> <span class='ocrx_word' id='word_1_589' title='bbox 2225 4005 2388 4060; x_wconf 89' lang='lat' dir='ltr'><strong>habet</strong></span> <span class='ocrx_word' id='word_1_590' title='bbox 2428 4006 2757 4075; x_wconf 72' lang='lat' dir='ltr'><strong>episcopatus</strong></span> <span class='ocrx_word' id='word_1_591' title='bbox 2804 4007 2977 4074; x_wconf 91' lang='lat' dir='ltr'><strong>ipsum</strong></span> <span class='ocrx_word' id='word_1_592' title='bbox 3022 4005 3368 4060; x_wconf 86' lang='lat' dir='ltr'><strong>vocabulum.</strong></span> <span class='ocrx_word' id='word_1_593' title='bbox 3415 4003 3569 4069; x_wconf 84' lang='lat' dir='ltr'><strong>Quod</strong></span> 
     </span>
    </p>
   </div>
   <div class='ocr_carea' id='block_1_80' title="bbox 298 4097 3562 4171">
    <p class='ocr_par' dir='ltr' id='par_1_80' title="bbox 298 4097 3562 4171">
     <span class='ocr_line' id='line_1_80' title="bbox 298 4097 3562 4171; baseline -0.001 -18"><span class='ocrx_word' id='word_1_594' title='bbox 298 4099 343 4153; x_wconf 91' lang='lat' dir='ltr'><strong>si</strong></span> <span class='ocrx_word' id='word_1_595' title='bbox 376 4099 543 4155; x_wconf 80' lang='lat' dir='ltr'><strong>ﬁdem</strong></span> <span class='ocrx_word' id='word_1_596' title='bbox 569 4099 755 4171; x_wconf 87' lang='lat' dir='ltr'><strong>(dictis</strong></span> <span class='ocrx_word' id='word_1_597' title='bbox 790 4099 958 4171; x_wconf 89' lang='lat' dir='ltr'><strong>hisce)</strong></span> <span class='ocrx_word' id='word_1_598' title='bbox 994 4115 1101 4154; x_wconf 89' lang='lat' dir='ltr'><strong>non</strong></span> <span class='ocrx_word' id='word_1_599' title='bbox 1141 4099 1332 4164; x_wconf 88' lang='lat' dir='ltr'><strong>habes,</strong></span> <span class='ocrx_word' id='word_1_600' title='bbox 1366 4099 1648 4167; x_wconf 89' lang='lat' dir='ltr'><strong>sequentia</strong></span> <span class='ocrx_word' id='word_1_601' title='bbox 1676 4097 1883 4165; x_wconf 86' lang='lat' dir='ltr'><strong>legens,</strong></span> <span class='ocrx_word' id='word_1_602' title='bbox 1958 4108 2192 4154; x_wconf 84' lang='lat' dir='ltr'><strong>mentem</strong></span> <span class='ocrx_word' id='word_1_603' title='bbox 2240 4109 2483 4156; x_wconf 89' lang='lat' dir='ltr'><strong>nostram</strong></span> <span class='ocrx_word' id='word_1_604' title='bbox 2544 4102 2713 4170; x_wconf 89' lang='lat' dir='ltr'><strong>probe</strong></span> <span class='ocrx_word' id='word_1_605' title='bbox 2758 4102 3089 4170; x_wconf 85' lang='lat' dir='ltr'><strong>assequeris.</strong></span> <span class='ocrx_word' id='word_1_606' title='bbox 3139 4097 3367 4169; x_wconf 87' lang='lat' dir='ltr'><strong>Oportet</strong></span> <span class='ocrx_word' id='word_1_607' title='bbox 3415 4098 3562 4152; x_wconf 86' lang='lat' dir='ltr'><strong>enim</strong></span> 
     </span>
    </p>
   </div>
   <div class='ocr_carea' id='block_1_81' title="bbox 298 4192 3565 4267">
    <p class='ocr_par' dir='ltr' id='par_1_81' title="bbox 298 4192 3565 4267">
     <span class='ocr_line' id='line_1_81' title="bbox 298 4192 3565 4267; baseline -0.001 -16"><span class='ocrx_word' id='word_1_608' title='bbox 298 4196 618 4265; x_wconf 87' lang='lat' dir='ltr'><strong>episcopum</strong></span> <span class='ocrx_word' id='word_1_609' title='bbox 669 4196 925 4250; x_wconf 91' lang='lat' dir='ltr'><strong>omnibus</strong></span> <span class='ocrx_word' id='word_1_610' title='bbox 988 4204 1241 4248; x_wconf 91' lang='lat' dir='ltr'><strong>ornatum</strong></span> <span class='ocrx_word' id='word_1_611' title='bbox 1297 4208 1420 4247; x_wconf 90' lang='lat' dir='ltr'><strong>esse</strong></span> <span class='ocrx_word' id='word_1_612' title='bbox 1464 4192 1781 4257; x_wconf 86' lang='lat' dir='ltr'><strong>virtutibus,</strong></span> <span class='ocrx_word' id='word_1_613' title='bbox 1834 4201 1890 4247; x_wconf 88' lang='lat' dir='ltr'><strong>et</strong></span> <span class='ocrx_word' id='word_1_614' title='bbox 1955 4194 2163 4250; x_wconf 91' lang='lat' dir='ltr'><strong>alienas</strong></span> <span class='ocrx_word' id='word_1_615' title='bbox 2225 4195 2565 4250; x_wconf 86' lang='lat' dir='ltr'><strong>calamitates</strong></span> <span class='ocrx_word' id='word_1_616' title='bbox 2620 4196 2871 4267; x_wconf 89' lang='lat' dir='ltr'><strong>proprias</strong></span> <span class='ocrx_word' id='word_1_617' title='bbox 2917 4210 2981 4250; x_wconf 89' lang='lat' dir='ltr'><strong>ac</strong></span> <span class='ocrx_word' id='word_1_618' title='bbox 3038 4210 3165 4249; x_wconf 84' lang='lat' dir='ltr'><strong>suas</strong></span> <span class='ocrx_word' id='word_1_619' title='bbox 3231 4196 3565 4249; x_wconf 79' lang='lat' dir='ltr'><strong>existimare.</strong></span> 
     </span>
    </p>
   </div>
   <div class='ocr_carea' id='block_1_82' title="bbox 303 4283 3136 4355">
    <p class='ocr_par' dir='ltr' id='par_1_82' title="bbox 303 4283 3136 4355">
     <span class='ocr_line' id='line_1_82' title="bbox 303 4283 3136 4355; baseline -0.001 -12"><span class='ocrx_word' id='word_1_620' title='bbox 303 4287 419 4344; x_wconf 82' lang='lat' dir='ltr'><strong>Non</strong></span> <span class='ocrx_word' id='word_1_621' title='bbox 450 4288 596 4343; x_wconf 89' lang='lat' dir='ltr'><strong>enim</strong></span> <span class='ocrx_word' id='word_1_622' title='bbox 624 4287 725 4342; x_wconf 90' lang='lat' dir='ltr'><strong>sibi</strong></span> <span class='ocrx_word' id='word_1_623' title='bbox 759 4286 885 4355; x_wconf 84' lang='lat' dir='ltr'><strong>ipsi,</strong></span> <span class='ocrx_word' id='word_1_624' title='bbox 915 4286 1008 4342; x_wconf 89' lang='lat' dir='ltr'><strong>sed</strong></span> <span class='ocrx_word' id='word_1_625' title='bbox 1041 4285 1279 4340; x_wconf 84' lang='lat' dir='ltr'><strong>subditis</strong></span> <span class='ocrx_word' id='word_1_626' title='bbox 1311 4284 1445 4338; x_wconf 88' lang='lat' dir='ltr'><strong>vivit</strong></span> <span class='ocrx_word' id='word_1_627' title='bbox 1471 4302 1484 4337; x_wconf 92' lang='lat'>:</span> <span class='ocrx_word' id='word_1_628' title='bbox 1512 4293 1567 4337; x_wconf 94' lang='lat' dir='ltr'><strong>et</strong></span> <span class='ocrx_word' id='word_1_629' title='bbox 1603 4298 1633 4337; x_wconf 90' lang='lat' dir='ltr'><strong>a</strong></span> <span class='ocrx_word' id='word_1_630' title='bbox 1660 4283 1934 4339; x_wconf 88' lang='lat' dir='ltr'><strong>sexcentis</strong></span> <span class='ocrx_word' id='word_1_631' title='bbox 1957 4285 2129 4340; x_wconf 78' lang='lat' dir='ltr'><strong>oculi;</strong></span> <span class='ocrx_word' id='word_1_632' title='bbox 2161 4301 2227 4341; x_wconf 90' lang='lat' dir='ltr'><strong>ac</strong></span> <span class='ocrx_word' id='word_1_633' title='bbox 2248 4285 2445 4355; x_wconf 86' lang='lat' dir='ltr'><strong>linguis</strong></span> <span class='ocrx_word' id='word_1_634' title='bbox 2474 4287 2581 4340; x_wconf 88' lang='lat' dir='ltr'><strong>vita</strong></span> <span class='ocrx_word' id='word_1_635' title='bbox 2616 4285 2733 4355; x_wconf 85' lang='lat' dir='ltr'><strong>ejus</strong></span> <span class='ocrx_word' id='word_1_636' title='bbox 2771 4287 3136 4341; x_wconf 84' lang='lat' dir='ltr'><strong>examinator.</strong></span> 
     </span>
    </p>
   </div>
   <div class='ocr_carea' id='block_1_83' title="bbox 620 4402 1559 4474">
    <p class='ocr_par' dir='ltr' id='par_1_83' title="bbox 620 4402 1559 4474">
     <span class='ocr_line' id='line_1_83' title="bbox 620 4402 1559 4474; baseline -0.005 -15"><span class='ocrx_word' id='word_1_637' title='bbox 620 4403 750 4459; x_wconf 70' lang='grc' dir='ltr'><strong>Σκν.</strong></span> <span class='ocrx_word' id='word_1_638' title='bbox 782 4435 851 4445; x_wconf 91' lang='grc'><strong><em>-</em></strong></span> <span class='ocrx_word' id='word_1_639' title='bbox 883 4404 1145 4474; x_wconf 68' lang='lat' dir='ltr'><strong>rmore</strong></span> <span class='ocrx_word' id='word_1_640' title='bbox 1179 4402 1559 4455; x_wconf 83' lang='grc' dir='ltr'><strong>ΕΠΙΣΚΟΠΩ.</strong></span> 
     </span>
    </p>
   </div>
   <div class='ocr_carea' id='block_1_84' title="bbox 2096 4399 3461 4473">
    <p class='ocr_par' dir='ltr' id='par_1_84' title="bbox 2096 4399 3461 4473">
     <span class='ocr_line' id='line_1_84' title="bbox 2096 4399 3461 4473; baseline -0.004 -10"><span class='ocrx_word' id='word_1_641' title='bbox 2096 4399 2449 4473; x_wconf 68' lang='grc'><strong>545-546</strong></span> <span class='ocrx_word' id='word_1_642' title='bbox 2470 4399 2674 4457; x_wconf 79' lang='lat' dir='ltr'><strong>CCXX.</strong></span> <span class='ocrx_word' id='word_1_643' title='bbox 2708 4432 2779 4441; x_wconf 92' lang='lat'><strong>-—</strong></span> <span class='ocrx_word' id='word_1_644' title='bbox 2805 4400 3080 4457; x_wconf 79' lang='lat' dir='ltr'><strong>lSlDORO</strong></span> <span class='ocrx_word' id='word_1_645' title='bbox 3108 4400 3461 4457; x_wconf 82' lang='lat' dir='ltr'><strong>EPISCOPO.</strong></span> 
     </span>
    </p>
   </div>
   <div class='ocr_carea' id='block_1_85' title="bbox 388 4482 1914 4591">
    <p class='ocr_par' dir='ltr' id='par_1_85' title="bbox 388 4508 1887 4591">
     <span class='ocr_line' id='line_1_85' title="bbox 388 4508 1887 4591; baseline -0.007 -15"><span class='ocrx_word' id='word_1_646' title='bbox 388 4522 609 4591; x_wconf 85' lang='grc' dir='ltr'>Ἐπειδὴ</span> <span class='ocrx_word' id='word_1_647' title='bbox 655 4520 971 4589; x_wconf 77' lang='grc' dir='ltr'>γέγραφας,</span> <span class='ocrx_word' id='word_1_648' title='bbox 1019 4517 1088 4569; x_wconf 82' lang='grc' dir='ltr'>δι’</span> <span class='ocrx_word' id='word_1_649' title='bbox 1141 4516 1208 4585; x_wconf 81' lang='grc' dir='ltr'>ἢν</span> <span class='ocrx_word' id='word_1_650' title='bbox 1259 4515 1439 4570; x_wconf 84' lang='grc' dir='ltr'>αἰτίαν</span> <span class='ocrx_word' id='word_1_651' title='bbox 1495 4514 1595 4568; x_wconf 86' lang='grc' dir='ltr'><strong>οὐκ</strong></span> <span class='ocrx_word' id='word_1_652' title='bbox 1659 4508 1811 4566; x_wconf 85' lang='grc' dir='ltr'>εἶπεν</span> <span class='ocrx_word' id='word_1_653' title='bbox 1859 4515 1887 4566; x_wconf 88' lang='grc' dir='ltr'>ὁ</span> 
     </span>
    </p>
   </div>
   <div class='ocr_carea' id='block_1_86' title="bbox 1988 4482 3569 4591">
    <p class='ocr_par' dir='ltr' id='par_1_86' title="bbox 2062 4511 3569 4584">
     <span class='ocr_line' id='line_1_86' title="bbox 2062 4511 3569 4584; baseline 0.004 -21"><span class='ocrx_word' id='word_1_654' title='bbox 2062 4511 2329 4577; x_wconf 83' lang='lat' dir='ltr'><strong>Quoniam</strong></span> <span class='ocrx_word' id='word_1_655' title='bbox 2372 4528 2439 4568; x_wconf 90' lang='lat' dir='ltr'><strong>ex</strong></span> <span class='ocrx_word' id='word_1_656' title='bbox 2484 4528 2570 4569; x_wconf 88' lang='lat' dir='ltr'><strong>me</strong></span> <span class='ocrx_word' id='word_1_657' title='bbox 2616 4529 2712 4582; x_wconf 89' lang='lat' dir='ltr'><strong>per</strong></span> <span class='ocrx_word' id='word_1_658' title='bbox 2764 4514 3051 4583; x_wconf 88' lang='lat' dir='ltr'><strong>epistolam</strong></span> <span class='ocrx_word' id='word_1_659' title='bbox 3108 4516 3429 4584; x_wconf 64' lang='lat' dir='ltr'><strong>quresivisti,</strong></span> <span class='ocrx_word' id='word_1_660' title='bbox 3470 4531 3569 4569; x_wconf 90' lang='lat' dir='ltr'><strong>cur</strong></span> 
     </span>
    </p>
   </div>
   <div class='ocr_carea' id='block_1_87' title="bbox 304 4606 1887 4678">
    <p class='ocr_par' dir='ltr' id='par_1_87' title="bbox 304 4606 1887 4678">
     <span class='ocr_line' id='line_1_87' title="bbox 304 4606 1887 4678; baseline -0.008 -10"><span class='ocrx_word' id='word_1_661' title='bbox 304 4615 521 4677; x_wconf 86' lang='grc' dir='ltr'>Παῦλος</span> <span class='ocrx_word' id='word_1_662' title='bbox 572 4612 793 4673; x_wconf 81' lang='grc' dir='ltr'>ἁπλῶς·</span> <span class='ocrx_word' id='word_1_663' title='bbox 846 4630 865 4661; x_wconf 75' lang='grc' dir='ltr'><strong>ι</strong></span> <span class='ocrx_word' id='word_1_664' title='bbox 924 4608 1081 4663; x_wconf 86' lang='grc' dir='ltr'>Μετά</span> <span class='ocrx_word' id='word_1_665' title='bbox 1114 4608 1331 4660; x_wconf 79' lang='grc' dir='ltr'>πάντων</span> <span class='ocrx_word' id='word_1_666' title='bbox 1387 4606 1693 4678; x_wconf 85' lang='grc' dir='ltr'>ἀνθρώπων</span> <span class='ocrx_word' id='word_1_667' title='bbox 1735 4607 1887 4676; x_wconf 86' lang='grc' dir='ltr'>είρη-</span> 
     </span>
    </p>
   </div>
   <div class='ocr_carea' id='block_1_88' title="bbox 306 4697 1891 4772">
    <p class='ocr_par' dir='ltr' id='par_1_88' title="bbox 306 4697 1891 4772">
     <span class='ocr_line' id='line_1_88' title="bbox 306 4697 1891 4772; baseline -0.009 -10"><span class='ocrx_word' id='word_1_668' title='bbox 306 4708 510 4770; x_wconf 86' lang='grc' dir='ltr'>νεύετε,</span> <span class='ocrx_word' id='word_1_669' title='bbox 542 4724 560 4756; x_wconf 74' lang='grc' dir='ltr'><strong>ι</strong></span> <span class='ocrx_word' id='word_1_670' title='bbox 597 4703 732 4758; x_wconf 82' lang='grc' dir='ltr'>ἀλλὰ</span> <span class='ocrx_word' id='word_1_671' title='bbox 756 4700 1096 4772; x_wconf 82' lang='grc' dir='ltr'>προσέθηκεν</span> <span class='ocrx_word' id='word_1_672' title='bbox 1116 4716 1129 4728; x_wconf 70' lang='grc' dir='ltr'><strong><em>ο</em></strong></span> <span class='ocrx_word' id='word_1_673' title='bbox 1170 4718 1188 4750; x_wconf 78' lang='grc' dir='ltr'><strong>ι</strong></span> <span class='ocrx_word' id='word_1_674' title='bbox 1225 4700 1287 4752; x_wconf 82' lang='lat' dir='ltr'><strong>Ei</strong></span> <span class='ocrx_word' id='word_1_675' title='bbox 1315 4698 1559 4761; x_wconf 84' lang='grc' dir='ltr'>δυνατὸν,</span> <span class='ocrx_word' id='word_1_676' title='bbox 1592 4716 1609 4743; x_wconf 68' lang='grc' dir='ltr'><strong>ι</strong></span> <span class='ocrx_word' id='word_1_677' title='bbox 1632 4697 1891 4767; x_wconf 85' lang='grc' dir='ltr'>ἀντιγρά-</span> 
     </span>
    </p>
   </div>
   <div class='ocr_carea' id='block_1_89' title="bbox 308 4788 1885 4865">
    <p class='ocr_par' dir='ltr' id='par_1_89' title="bbox 308 4788 1885 4865">
     <span class='ocr_line' id='line_1_89' title="bbox 308 4788 1885 4865; baseline -0.008 -14"><span class='ocrx_word' id='word_1_678' title='bbox 308 4815 394 4864; x_wconf 83' lang='grc' dir='ltr'><strong>φω</strong></span> <span class='ocrx_word' id='word_1_679' title='bbox 412 4814 427 4827; x_wconf 88' lang='grc'><strong>·</strong></span> <span class='ocrx_word' id='word_1_680' title='bbox 474 4794 691 4865; x_wconf 85' lang='grc' dir='ltr'>Ἐπειδή</span> <span class='ocrx_word' id='word_1_681' title='bbox 723 4796 871 4847; x_wconf 91' lang='grc' dir='ltr'>ἐστιν</span> <span class='ocrx_word' id='word_1_682' title='bbox 892 4793 1027 4845; x_wconf 87' lang='grc' dir='ltr'>ὅπου</span> <span class='ocrx_word' id='word_1_683' title='bbox 1056 4790 1116 4843; x_wconf 85' lang='grc' dir='ltr'><strong>οὑ</strong></span> <span class='ocrx_word' id='word_1_684' title='bbox 1142 4789 1389 4855; x_wconf 82' lang='grc' dir='ltr'>δυνατὸν,</span> <span class='ocrx_word' id='word_1_685' title='bbox 1420 4789 1547 4843; x_wconf 84' lang='grc' dir='ltr'>ὅταν</span> <span class='ocrx_word' id='word_1_686' title='bbox 1574 4788 1702 4858; x_wconf 77' lang='grc' dir='ltr'>περ).</span> <span class='ocrx_word' id='word_1_687' title='bbox 1728 4788 1885 4839; x_wconf 87' lang='grc' dir='ltr'>εὐσε-</span> 
     </span>
    </p>
   </div>
   <div class='ocr_carea' id='block_1_90' title="bbox 309 4880 1881 4955">
    <p class='ocr_par' dir='ltr' id='par_1_90' title="bbox 309 4880 1881 4955">
     <span class='ocr_line' id='line_1_90' title="bbox 309 4880 1881 4955; baseline -0.006 -15"><span class='ocrx_word' id='word_1_688' title='bbox 309 4889 460 4951; x_wconf 75' lang='grc' dir='ltr'>ϐείας</span> <span class='ocrx_word' id='word_1_689' title='bbox 504 4888 532 4939; x_wconf 86' lang='grc' dir='ltr'>ὁ</span> <span class='ocrx_word' id='word_1_690' title='bbox 581 4886 737 4953; x_wconf 86' lang='grc' dir='ltr'>λόγος</span> <span class='ocrx_word' id='word_1_691' title='bbox 763 4884 894 4955; x_wconf 77' lang='grc'>(95),</span> <span class='ocrx_word' id='word_1_692' title='bbox 927 4885 1056 4937; x_wconf 84' lang='grc' dir='ltr'>ὅταν</span> <span class='ocrx_word' id='word_1_693' title='bbox 1105 4881 1239 4952; x_wconf 74' lang='grc' dir='ltr'>περὶ</span> <span class='ocrx_word' id='word_1_694' title='bbox 1291 4880 1500 4935; x_wconf 86' lang='grc' dir='ltr'>δικαίου</span> <span class='ocrx_word' id='word_1_695' title='bbox 1534 4880 1881 4949; x_wconf 77' lang='grc' dir='ltr'>πράγματος,</span> 
     </span>
    </p>
   </div>
   <div class='ocr_carea' id='block_1_91' title="bbox 379 5042 876 5109">
    <p class='ocr_par' dir='ltr' id='par_1_91' title="bbox 379 5042 876 5109">
     <span class='ocr_line' id='line_1_91' title="bbox 379 5042 876 5109; baseline -0.004 -12"><span class='ocrx_word' id='word_1_696' title='bbox 379 5048 428 5078; x_wconf 73' lang='lat'><strong>&#39;9</strong></span> <span class='ocrx_word' id='word_1_697' title='bbox 455 5044 618 5102; x_wconf 80' lang='lat' dir='ltr'><strong>Rom.</strong></span> <span class='ocrx_word' id='word_1_698' title='bbox 655 5057 755 5109; x_wconf 82' lang='lat' dir='ltr'><strong>xu,</strong></span> <span class='ocrx_word' id='word_1_699' title='bbox 785 5042 876 5096; x_wconf 84' lang='lat' dir='ltr'><strong>l8.</strong></span> 
     </span>
    </p>
   </div>
   <div class='ocr_carea' id='block_1_92' title="bbox 1989 4600 3569 4672">
    <p class='ocr_par' dir='ltr' id='par_1_92' title="bbox 1989 4600 3569 4672">
     <span class='ocr_line' id='line_1_92' title="bbox 1989 4600 3569 4672; baseline 0.003 -19"><span class='ocrx_word' id='word_1_700' title='bbox 1989 4600 2186 4655; x_wconf 89' lang='lat' dir='ltr'><strong>Paulus</strong></span> <span class='ocrx_word' id='word_1_701' title='bbox 2218 4617 2321 4656; x_wconf 91' lang='lat' dir='ltr'><strong>non</strong></span> <span class='ocrx_word' id='word_1_702' title='bbox 2349 4604 2667 4672; x_wconf 84' lang='lat' dir='ltr'><strong>simpliciter</strong></span> <span class='ocrx_word' id='word_1_703' title='bbox 2685 4603 2885 4658; x_wconf 86' lang='lat' dir='ltr'><strong>dixerit</strong></span> <span class='ocrx_word' id='word_1_704' title='bbox 2915 4622 2929 4657; x_wconf 86' lang='lat'><strong>:</strong></span> <span class='ocrx_word' id='word_1_705' title='bbox 2974 4621 2993 4654; x_wconf 80' lang='grc' dir='ltr'><strong>ι</strong></span> <span class='ocrx_word' id='word_1_706' title='bbox 3031 4602 3166 4658; x_wconf 87' lang='lat' dir='ltr'><strong>Cum</strong></span> <span class='ocrx_word' id='word_1_707' title='bbox 3191 4604 3444 4659; x_wconf 90' lang='lat' dir='ltr'><strong>omnibus</strong></span> <span class='ocrx_word' id='word_1_708' title='bbox 3470 4605 3569 4657; x_wconf 91' lang='lat' dir='ltr'><strong>ho-</strong></span> 
     </span>
    </p>
   </div>
   <div class='ocr_carea' id='block_1_93' title="bbox 1995 4694 3569 4764">
    <p class='ocr_par' dir='ltr' id='par_1_93' title="bbox 1995 4694 3569 4764">
     <span class='ocr_line' id='line_1_93' title="bbox 1995 4694 3569 4764; baseline 0 -17"><span class='ocrx_word' id='word_1_709' title='bbox 1995 4694 2231 4748; x_wconf 89' lang='lat' dir='ltr'><strong>minibus</strong></span> <span class='ocrx_word' id='word_1_710' title='bbox 2253 4709 2440 4764; x_wconf 91' lang='lat' dir='ltr'><strong>pacem</strong></span> <span class='ocrx_word' id='word_1_711' title='bbox 2468 4695 2626 4750; x_wconf 90' lang='lat' dir='ltr'><strong>colite</strong></span> <span class='ocrx_word' id='word_1_712' title='bbox 2642 4695 2727 4763; x_wconf 70' lang='lat' dir='ltr'><strong>l‘9;</strong></span> <span class='ocrx_word' id='word_1_713' title='bbox 2765 4713 2784 4747; x_wconf 77' lang='grc' dir='ltr'><strong>ι</strong></span> <span class='ocrx_word' id='word_1_714' title='bbox 2830 4696 2922 4749; x_wconf 90' lang='lat' dir='ltr'><strong>sed</strong></span> <span class='ocrx_word' id='word_1_715' title='bbox 2966 4694 3274 4750; x_wconf 89' lang='lat' dir='ltr'><strong>addiderit:</strong></span> <span class='ocrx_word' id='word_1_716' title='bbox 3313 4714 3330 4746; x_wconf 82' lang='grc' dir='ltr'><strong>ι</strong></span> <span class='ocrx_word' id='word_1_717' title='bbox 3364 4694 3417 4748; x_wconf 93' lang='lat' dir='ltr'><strong>Si</strong></span> <span class='ocrx_word' id='word_1_718' title='bbox 3454 4694 3569 4748; x_wconf 84' lang='lat' dir='ltr'><strong>ﬁeri</strong></span> 
     </span>
    </p>
   </div>
   <div class='ocr_carea' id='block_1_94' title="bbox 1996 4779 3571 4857">
    <p class='ocr_par' dir='ltr' id='par_1_94' title="bbox 1996 4779 3571 4857">
     <span class='ocr_line' id='line_1_94' title="bbox 1996 4779 3571 4857; baseline 0.001 -19"><span class='ocrx_word' id='word_1_719' title='bbox 1996 4794 2198 4854; x_wconf 88' lang='lat' dir='ltr'><strong>potest,</strong></span> <span class='ocrx_word' id='word_1_720' title='bbox 2229 4804 2248 4837; x_wconf 72' lang='grc' dir='ltr'><strong>ι</strong></span> <span class='ocrx_word' id='word_1_721' title='bbox 2288 4787 2527 4841; x_wconf 87' lang='lat' dir='ltr'><strong>rescribo</strong></span> <span class='ocrx_word' id='word_1_722' title='bbox 2567 4786 2660 4841; x_wconf 87' lang='lat' dir='ltr'><strong>tibi</strong></span> <span class='ocrx_word' id='word_1_723' title='bbox 2702 4804 2715 4839; x_wconf 91' lang='lat'>:</span> <span class='ocrx_word' id='word_1_724' title='bbox 2752 4779 2880 4857; x_wconf 78' lang='lat' dir='ltr'><strong>quia</strong></span> <span class='ocrx_word' id='word_1_725' title='bbox 2914 4798 2997 4841; x_wconf 89' lang='lat' dir='ltr'><strong>est</strong></span> <span class='ocrx_word' id='word_1_726' title='bbox 3032 4788 3123 4843; x_wconf 90' lang='lat' dir='ltr'><strong>ubi</strong></span> <span class='ocrx_word' id='word_1_727' title='bbox 3148 4787 3262 4841; x_wconf 78' lang='lat' dir='ltr'><strong>ﬁeri</strong></span> <span class='ocrx_word' id='word_1_728' title='bbox 3298 4802 3403 4841; x_wconf 90' lang='lat' dir='ltr'><strong>non</strong></span> <span class='ocrx_word' id='word_1_729' title='bbox 3445 4802 3571 4855; x_wconf 85' lang='lat' dir='ltr'><strong>pos-</strong></span> 
     </span>
    </p>
   </div>
   <div class='ocr_carea' id='block_1_95' title="bbox 1993 4878 3572 4951">
    <p class='ocr_par' dir='ltr' id='par_1_95' title="bbox 1993 4878 3572 4951">
     <span class='ocr_line' id='line_1_95' title="bbox 1993 4878 3572 4951; baseline -0.001 -19"><span class='ocrx_word' id='word_1_730' title='bbox 1993 4879 2086 4943; x_wconf 91' lang='lat' dir='ltr'><strong>sit,</strong></span> <span class='ocrx_word' id='word_1_731' title='bbox 2124 4892 2340 4948; x_wconf 89' lang='lat' dir='ltr'><strong>nempe,</strong></span> <span class='ocrx_word' id='word_1_732' title='bbox 2365 4878 2581 4947; x_wconf 88' lang='lat' dir='ltr'><strong>quando</strong></span> <span class='ocrx_word' id='word_1_733' title='bbox 2599 4878 2815 4948; x_wconf 85' lang='lat' dir='ltr'><strong>pietatis</strong></span> <span class='ocrx_word' id='word_1_734' title='bbox 2838 4880 3114 4949; x_wconf 81' lang='lat' dir='ltr'><strong>negotium</strong></span> <span class='ocrx_word' id='word_1_735' title='bbox 3138 4878 3338 4951; x_wconf 85' lang='lat' dir='ltr'><strong>agitur,</strong></span> <span class='ocrx_word' id='word_1_736' title='bbox 3357 4879 3572 4947; x_wconf 87' lang='lat' dir='ltr'><strong>quando</strong></span> 
     </span>
    </p>
   </div>
   <div class='ocr_carea' id='block_1_96' title="bbox 1412 5169 2453 5228">
    <p class='ocr_par' dir='ltr' id='par_1_96' title="bbox 1412 5169 2453 5228">
     <span class='ocr_line' id='line_1_96' title="bbox 1412 5169 2453 5228; baseline -0.001 0"><span class='ocrx_word' id='word_1_737' title='bbox 1412 5170 1652 5228; x_wconf 63' lang='lat' dir='ltr'><strong>VARIIE</strong></span> <span class='ocrx_word' id='word_1_738' title='bbox 1684 5169 2071 5227; x_wconf 84' lang='lat' dir='ltr'><strong>LECTIONES</strong></span> <span class='ocrx_word' id='word_1_739' title='bbox 2101 5171 2190 5226; x_wconf 88' lang='lat' dir='ltr'><strong>ET</strong></span> <span class='ocrx_word' id='word_1_740' title='bbox 2222 5170 2453 5227; x_wconf 65' lang='lat' dir='ltr'><strong>NOTAE.</strong></span> 
     </span>
    </p>
   </div>
   <div class='ocr_carea' id='block_1_97' title="bbox 387 5328 1885 5409">
    <p class='ocr_par' dir='ltr' id='par_1_97' title="bbox 387 5328 1885 5409">
     <span class='ocr_line' id='line_1_97' title="bbox 387 5328 1885 5409; baseline -0.007 -18"><span class='ocrx_word' id='word_1_741' title='bbox 387 5339 601 5409; x_wconf 77' lang='lat'><strong>(89-90)</strong></span> <span class='ocrx_word' id='word_1_742' title='bbox 637 5339 743 5393; x_wconf 87' lang='lat' dir='ltr'><strong>Pro</strong></span> <span class='ocrx_word' id='word_1_743' title='bbox 784 5336 1165 5409; x_wconf 41' lang='lat' dir='ltr'><strong>scoriadam</strong></span> <span class='ocrx_word' id='word_1_744' title='bbox 1217 5335 1343 5409; x_wconf 57' lang='lat' dir='ltr'><strong>cod,</strong></span> <span class='ocrx_word' id='word_1_745' title='bbox 1372 5330 1492 5384; x_wconf 87' lang='lat' dir='ltr'><strong>Vat.</strong></span> <span class='ocrx_word' id='word_1_746' title='bbox 1535 5328 1885 5409; x_wconf 49' lang='lat' dir='ltr'><strong>scribibxaﬁ:</strong></span> 
     </span>
    </p>
   </div>
   <div class='ocr_carea' id='block_1_98' title="bbox 2074 5328 3576 5399">
    <p class='ocr_par' dir='ltr' id='par_1_98' title="bbox 2074 5328 3576 5399">
     <span class='ocr_line' id='line_1_98' title="bbox 2074 5328 3576 5399; baseline 0.002 -16"><span class='ocrx_word' id='word_1_747' title='bbox 2074 5329 2185 5399; x_wconf 71' lang='grc'>(94)</span> <span class='ocrx_word' id='word_1_748' title='bbox 2223 5330 2301 5384; x_wconf 86' lang='grc' dir='ltr'><strong><em>Τὰ</em></strong></span> <span class='ocrx_word' id='word_1_749' title='bbox 2321 5328 2470 5398; x_wconf 79' lang='grc' dir='ltr'><strong>ἑξῆς</strong></span> <span class='ocrx_word' id='word_1_750' title='bbox 2496 5329 2817 5398; x_wconf 73' lang='grc' dir='ltr'>ἀναγνοὺς,</span> <span class='ocrx_word' id='word_1_751' title='bbox 2840 5330 3069 5399; x_wconf 73' lang='grc' dir='ltr'>γνοίης.</span> <span class='ocrx_word' id='word_1_752' title='bbox 3098 5328 3316 5394; x_wconf 85' lang='lat' dir='ltr'><strong>Notum,</strong></span> <span class='ocrx_word' id='word_1_753' title='bbox 3346 5345 3408 5385; x_wconf 82' lang='lat' dir='ltr'><strong>ex</strong></span> <span class='ocrx_word' id='word_1_754' title='bbox 3446 5346 3576 5386; x_wconf 87' lang='lat' dir='ltr'><strong>con-</strong></span> 
     </span>
    </p>
   </div>
   <div class='ocr_carea' id='block_1_99' title="bbox 316 5399 1914 5478">
    <p class='ocr_par' dir='ltr' id='par_1_99' title="bbox 316 5399 1893 5478">
     <span class='ocr_line' id='line_1_99' title="bbox 316 5399 1893 5478; baseline -0.007 -15"><span class='ocrx_word' id='word_1_755' title='bbox 316 5399 525 5476; x_wconf 80' lang='grc' dir='ltr'>ὲαύτόν.</span> <span class='ocrx_word' id='word_1_756' title='bbox 555 5399 713 5463; x_wconf 75' lang='lat' dir='ltr'><strong>Vers.</strong></span> <span class='ocrx_word' id='word_1_757' title='bbox 747 5424 843 5478; x_wconf 89' lang='lat' dir='ltr'><strong>pro</strong></span> <span class='ocrx_word' id='word_1_758' title='bbox 874 5407 966 5460; x_wconf 75' lang='grc' dir='ltr'><strong>καὶ</strong></span> <span class='ocrx_word' id='word_1_759' title='bbox 1012 5406 1088 5477; x_wconf 82' lang='grc' dir='ltr'><strong>μὴ</strong></span> <span class='ocrx_word' id='word_1_760' title='bbox 1115 5422 1263 5475; x_wconf 91' lang='grc' dir='ltr'>νομ.,</span> <span class='ocrx_word' id='word_1_761' title='bbox 1294 5403 1434 5456; x_wconf 90' lang='lat' dir='ltr'><strong>idem</strong></span> <span class='ocrx_word' id='word_1_762' title='bbox 1471 5401 1640 5455; x_wconf 90' lang='lat' dir='ltr'><strong>solum</strong></span> <span class='ocrx_word' id='word_1_763' title='bbox 1665 5399 1827 5453; x_wconf 88' lang='lat' dir='ltr'><strong>habet</strong></span> <span class='ocrx_word' id='word_1_764' title='bbox 1858 5399 1893 5469; x_wconf 79' lang='grc' dir='ltr'>ἢ</span> 
     </span>
    </p>
   </div>
   <div class='ocr_carea' id='block_1_100' title="bbox 1988 5399 3570 5478">
    <p class='ocr_par' dir='ltr' id='par_1_100' title="bbox 2005 5401 3570 5478">
     <span class='ocr_line' id='line_1_100' title="bbox 2005 5401 3570 5478; baseline 0.001 -27"><span class='ocrx_word' id='word_1_765' title='bbox 2005 5407 2150 5452; x_wconf 84' lang='lat' dir='ltr'><strong>textu</strong></span> <span class='ocrx_word' id='word_1_766' title='bbox 2178 5412 2233 5453; x_wconf 93' lang='lat' dir='ltr'><strong>et</strong></span> <span class='ocrx_word' id='word_1_767' title='bbox 2262 5403 2406 5478; x_wconf 78' lang='lat' dir='ltr'><strong>serie</strong></span> <span class='ocrx_word' id='word_1_768' title='bbox 2442 5402 2700 5478; x_wconf 78' lang='lat' dir='ltr'><strong>orationis</strong></span> <span class='ocrx_word' id='word_1_769' title='bbox 2729 5402 2842 5453; x_wconf 88' lang='lat' dir='ltr'><strong>sive</strong></span> <span class='ocrx_word' id='word_1_770' title='bbox 2872 5401 3207 5478; x_wconf 73' lang='lat' dir='ltr'><strong>connexione</strong></span> <span class='ocrx_word' id='word_1_771' title='bbox 3232 5404 3570 5478; x_wconf 70' lang='lat' dir='ltr'><strong>sequentium</strong></span> 
     </span>
    </p>
   </div>
   <div class='ocr_carea' id='block_1_101' title="bbox 316 5480 681 5551">
    <p class='ocr_par' dir='ltr' id='par_1_101' title="bbox 316 5480 681 5551">
     <span class='ocr_line' id='line_1_101' title="bbox 316 5480 681 5551; baseline -0.008 -17"><span class='ocrx_word' id='word_1_772' title='bbox 316 5499 436 5551; x_wconf 86' lang='grc' dir='ltr'>νομ.</span> <span class='ocrx_word' id='word_1_773' title='bbox 474 5480 681 5551; x_wconf 70' lang='lat' dir='ltr'><strong>Possm.</strong></span> 
     </span>
    </p>
   </div>
   <div class='ocr_carea' id='block_1_102' title="bbox 385 5537 1889 5621">
    <p class='ocr_par' dir='ltr' id='par_1_102' title="bbox 385 5537 1889 5621">
     <span class='ocr_line' id='line_1_102' title="bbox 385 5537 1889 5621; baseline -0.01 -16"><span class='ocrx_word' id='word_1_774' title='bbox 385 5537 501 5621; x_wconf 70' lang='grc'>(91)</span> <span class='ocrx_word' id='word_1_775' title='bbox 535 5548 640 5604; x_wconf 84' lang='lat' dir='ltr'><strong>Pro</strong></span> <span class='ocrx_word' id='word_1_776' title='bbox 684 5547 980 5617; x_wconf 84' lang='grc' dir='ltr'>φαινοίμην</span> <span class='ocrx_word' id='word_1_777' title='bbox 1036 5543 1112 5616; x_wconf 82' lang='grc' dir='ltr'>μὴ</span> <span class='ocrx_word' id='word_1_778' title='bbox 1155 5544 1295 5598; x_wconf 89' lang='lat' dir='ltr'><strong>idem</strong></span> <span class='ocrx_word' id='word_1_779' title='bbox 1347 5540 1500 5611; x_wconf 90' lang='lat' dir='ltr'><strong>ponit</strong></span> <span class='ocrx_word' id='word_1_780' title='bbox 1562 5539 1639 5612; x_wconf 83' lang='grc' dir='ltr'>μὴ</span> <span class='ocrx_word' id='word_1_781' title='bbox 1688 5537 1889 5609; x_wconf 79' lang='grc' dir='ltr'>φαινοί-</span> 
     </span>
    </p>
   </div>
   <div class='ocr_carea' id='block_1_103' title="bbox 321 5620 1783 5760">
    <p class='ocr_par' dir='ltr' id='par_1_103' title="bbox 321 5620 1783 5760">
     <span class='ocr_line' id='line_1_103' title="bbox 321 5620 1783 5760; baseline -0.009 -15"><span class='ocrx_word' id='word_1_782' title='bbox 321 5620 677 5760; x_wconf 40' lang='lat' dir='ltr'><strong>[magnotu</strong></span> <span class='ocrx_word' id='word_1_783' title='bbox 715 5688 846 5760; x_wconf 72' lang='grc' dir='ltr'>ἴσως</span> <span class='ocrx_word' id='word_1_784' title='bbox 883 5695 937 5740; x_wconf 88' lang='lat' dir='ltr'><strong>et</strong></span> <span class='ocrx_word' id='word_1_785' title='bbox 963 5683 1110 5745; x_wconf 80' lang='grc' dir='ltr'>τινὲς</span> <span class='ocrx_word' id='word_1_786' title='bbox 1145 5681 1549 5760; x_wconf 36' lang='grc' dir='ltr'>ῇάοηιιίιὶίὶηςίίι.</span> <span class='ocrx_word' id='word_1_787' title='bbox 1588 5681 1675 5735; x_wconf 80' lang='grc' dir='ltr'><strong>ἄν.</strong></span> <span class='ocrx_word' id='word_1_788' title='bbox 1709 5679 1783 5732; x_wconf 85' lang='lat' dir='ltr'><strong>In.</strong></span> 
     </span>
    </p>
   </div>
   <div class='ocr_carea' id='block_1_104' title="bbox 390 5749 1891 5833">
    <p class='ocr_par' dir='ltr' id='par_1_104' title="bbox 390 5749 1891 5833">
     <span class='ocr_line' id='line_1_104' title="bbox 390 5749 1891 5833; baseline -0.008 -19"><span class='ocrx_word' id='word_1_789' title='bbox 390 5749 502 5833; x_wconf 74' lang='grc'>(95)</span> <span class='ocrx_word' id='word_1_790' title='bbox 542 5760 684 5813; x_wconf 88' lang='lat' dir='ltr'><strong>Idem</strong></span> <span class='ocrx_word' id='word_1_791' title='bbox 712 5749 894 5833; x_wconf 66' lang='grc' dir='ltr'><strong>αὐτήνΔ</strong></span> <span class='ocrx_word' id='word_1_792' title='bbox 943 5763 1113 5833; x_wconf 76' lang='lat' dir='ltr'><strong>mutat</strong></span> <span class='ocrx_word' id='word_1_793' title='bbox 1146 5754 1199 5806; x_wconf 90' lang='lat' dir='ltr'><strong>in</strong></span> <span class='ocrx_word' id='word_1_794' title='bbox 1251 5753 1409 5833; x_wconf 64' lang='grc' dir='ltr'>αύτῆ.</span> <span class='ocrx_word' id='word_1_795' title='bbox 1453 5750 1602 5808; x_wconf 78' lang='lat' dir='ltr'><strong>Vers.</strong></span> <span class='ocrx_word' id='word_1_796' title='bbox 1652 5762 1789 5819; x_wconf 86' lang='lat' dir='ltr'><strong>post.</strong></span> <span class='ocrx_word' id='word_1_797' title='bbox 1837 5749 1891 5811; x_wconf 83' lang='grc'>5,</span> 
     </span>
    </p>
   </div>
   <div class='ocr_carea' id='block_1_105' title="bbox 324 5820 1362 5903">
    <p class='ocr_par' dir='ltr' id='par_1_105' title="bbox 324 5820 1362 5903">
     <span class='ocr_line' id='line_1_105' title="bbox 324 5820 1362 5903; baseline -0.009 -18"><span class='ocrx_word' id='word_1_798' title='bbox 324 5820 639 5903; x_wconf 66' lang='grc' dir='ltr'>παραίνεσιν</span> <span class='ocrx_word' id='word_1_799' title='bbox 674 5820 849 5883; x_wconf 79' lang='lat' dir='ltr'><strong>mutat</strong></span> <span class='ocrx_word' id='word_1_800' title='bbox 881 5827 935 5882; x_wconf 89' lang='lat' dir='ltr'><strong>in</strong></span> <span class='ocrx_word' id='word_1_801' title='bbox 964 5823 1261 5893; x_wconf 81' lang='grc' dir='ltr'>ἀπόφασιν.</span> <span class='ocrx_word' id='word_1_802' title='bbox 1293 5820 1362 5876; x_wconf 84' lang='lat' dir='ltr'><strong>In.</strong></span> 
     </span>
    </p>
   </div>
   <div class='ocr_carea' id='block_1_106' title="bbox 1986 5469 3571 5536">
    <p class='ocr_par' dir='ltr' id='par_1_106' title="bbox 1986 5469 3571 5536">
     <span class='ocr_line' id='line_1_106' title="bbox 1986 5469 3571 5536; baseline 0.002 -16"><span class='ocrx_word' id='word_1_803' title='bbox 1986 5484 2122 5522; x_wconf 82' lang='lat' dir='ltr'><strong>cum</strong></span> <span class='ocrx_word' id='word_1_804' title='bbox 2179 5469 2622 5524; x_wconf 89' lang='lat' dir='ltr'><strong>antecedentibus</strong></span> <span class='ocrx_word' id='word_1_805' title='bbox 2689 5472 3149 5536; x_wconf 66' lang='lat' dir='ltr'><strong>interpretandum</strong></span> <span class='ocrx_word' id='word_1_806' title='bbox 3217 5484 3337 5523; x_wconf 89' lang='lat' dir='ltr'><strong>esse</strong></span> <span class='ocrx_word' id='word_1_807' title='bbox 3399 5472 3571 5523; x_wconf 76' lang='lat' dir='ltr'><strong>locum</strong></span> 
     </span>
    </p>
   </div>
   <div class='ocr_carea' id='block_1_107' title="bbox 1996 5538 3572 5660">
    <p class='ocr_par' dir='ltr' id='par_1_107' title="bbox 1996 5538 3572 5660">
     <span class='ocr_line' id='line_1_107' title="bbox 1996 5538 3572 5660; baseline 0.001 -70"><span class='ocrx_word' id='word_1_808' title='bbox 1996 5539 2218 5660; x_wconf 54' lang='lat' dir='ltr'><strong>gubium</strong></span> <span class='ocrx_word' id='word_1_809' title='bbox 2269 5550 2325 5593; x_wconf 89' lang='lat' dir='ltr'><strong>et</strong></span> <span class='ocrx_word' id='word_1_810' title='bbox 2362 5551 2769 5595; x_wconf 86' lang='lat' dir='ltr'><strong>controversum</strong></span> <span class='ocrx_word' id='word_1_811' title='bbox 2815 5538 2972 5593; x_wconf 79' lang='lat' dir='ltr'><strong>Conl&#39;.</strong></span> <span class='ocrx_word' id='word_1_812' title='bbox 3020 5554 3109 5608; x_wconf 89' lang='lat' dir='ltr'><strong>ep.</strong></span> <span class='ocrx_word' id='word_1_813' title='bbox 3140 5538 3209 5593; x_wconf 84' lang='lat'><strong>59</strong></span> <span class='ocrx_word' id='word_1_814' title='bbox 3243 5540 3402 5609; x_wconf 77' lang='lat' dir='ltr'><strong>hujus</strong></span> <span class='ocrx_word' id='word_1_815' title='bbox 3430 5541 3572 5594; x_wconf 85' lang='lat' dir='ltr'><strong>libri.</strong></span> 
     </span>
     <span class='ocr_line' id='line_1_108' title="bbox 2050 5625 2166 5660; baseline 0 0"><span class='ocrx_word' id='word_1_816' title='bbox 2050 5625 2166 5660; x_wconf 82' lang='grc' dir='ltr'>ιττ.</span> 
     </span>
    </p>
   </div>
   <div class='ocr_carea' id='block_1_108' title="bbox 1996 5625 3577 5802">
    <p class='ocr_par' dir='ltr' id='par_1_108' title="bbox 1996 5625 3577 5802">
     <span class='ocr_line' id='line_1_109' title="bbox 1996 5625 3577 5802; baseline 0.001 -70"><span class='ocrx_word' id='word_1_817' title='bbox 2230 5680 2375 5733; x_wconf 87' lang='lat' dir='ltr'><strong>inter</strong></span> <span class='ocrx_word' id='word_1_818' title='bbox 2412 5679 2566 5749; x_wconf 87' lang='grc' dir='ltr'>λόγος</span> <span class='ocrx_word' id='word_1_819' title='bbox 2599 5690 2653 5736; x_wconf 87' lang='lat' dir='ltr'><strong>et</strong></span> <span class='ocrx_word' id='word_1_820' title='bbox 2683 5680 2811 5734; x_wconf 81' lang='grc' dir='ltr'>ὅταν</span> <span class='ocrx_word' id='word_1_821' title='bbox 2860 5680 2981 5734; x_wconf 86' lang='lat' dir='ltr'><strong>cod.</strong></span> <span class='ocrx_word' id='word_1_822' title='bbox 3021 5678 3192 5733; x_wconf 84' lang='lat' dir='ltr'><strong>Vatic.</strong></span> <span class='ocrx_word' id='word_1_823' title='bbox 3234 5677 3340 5733; x_wconf 83' lang='lat'><strong>650</strong></span> <span class='ocrx_word' id='word_1_824' title='bbox 3389 5677 3577 5736; x_wconf 84' lang='lat' dir='ltr'><strong>inserit</strong></span> 
     </span>
     <span class='ocr_line' id='line_1_110' title="bbox 2022 5753 2285 5802; baseline -0.004 0"><span class='ocrx_word' id='word_1_825' title='bbox 2022 5784 2053 5802; x_wconf 72' lang='grc' dir='ltr'>ι.</span> <span class='ocrx_word' id='word_1_826' title='bbox 2102 5753 2285 5802; x_wconf 78' lang='lat' dir='ltr'><strong>’ossm.</strong></span> 
     </span>
    </p>
   </div>
   <div class='ocr_carea' id='block_1_109' title="bbox 2003 5763 2285 5821">
    <p class='ocr_par' dir='ltr' id='par_1_109' title="bbox 2003 5763 2285 5821">
     <span class='ocr_line' id='line_1_111' title="bbox 2003 5763 2285 5821; baseline -0.004 -20"><span class='ocrx_word' id='word_1_827' title='bbox 2003 5763 2053 5821; x_wconf 74' lang='grc' dir='ltr'><strong>ῃ.</strong></span> <span class='ocrx_word' id='word_1_828' title='bbox 2078 5763 2285 5804; x_wconf 78' lang='lat' dir='ltr'><strong>t&#39;ossm.</strong></span> 
     </span>
    </p>
   </div>
  </div>
