3906 6416
417 338 553 406 1315

1649 345 1708 407 S.
1746 346 2037 409 ISIDORI
2072 347 2509 410 PELUSIOTE

3547 342 3668 411 i316

408 454 477 507 de
507 449 721 521 justitia
769 447 1001 520 alicujus
1027 448 1130 515 rei,
1171 446 1387 519 quando
1420 447 1488 504 de
1535 453 1918 520 temperantia,
1944 463 1988 505 el

2100 455 2231 506 ὅταν
2252 454 2380 528 περὶ
2415 449 2793 523 σωφροσύνης,
2832 452 2964 506 ὅταν
2988 452 3115 523 περὶ
3142 452 3335 507 πασῶν
3359 452 3543 516 ἁπλῶς
3570 456 3669 507 τῶν

409 542 651 598 breviter
680 542 895 611 quoties
930 542 997 596 de
1045 541 1301 595 omnibus
1351 540 1664 595 virtutibus.
1696 539 1833 596 Nam
1887 557 1998 612 quo

408 641 573 701 pacto
602 633 724 702 pius
749 647 870 686 cum
902 631 1069 701 impio
1109 646 1296 702 pacem
1337 631 1515 685 colet?
1549 631 1729 699 justus
1757 649 1880 687 cum
1914 634 1997 687 in-

409 724 590 786 iusto;
620 735 713 777 aut
748 732 1060 793 temperans
1104 738 1225 779 cum
1269 723 1599 779 libidinoso?
1625 725 1716 794 qui
1759 740 1999 794 sa'penu-

409 832 563 873 mero
594 833 699 872 non
727 816 902 874 solum
926 818 1182 884 aliorum,
1207 819 1300 873 sed
1328 819 1491 873 etiam
1518 834 1672 872 suam
1704 818 1872 889 ipsius
1890 819 2000 874 for-

410 924 555 963 mam
581 923 934 978 corrumpere
964 911 1112 963 velit.
1142 908 1295 976 Quod
1330 911 1374 963 si
1396 910 1479 963 Ine
1505 908 1602 962 tibi
1637 924 1769 964 mea:
1791 919 1995 963 tantum

413 1003 866 1057 ratiocinationes
906 1017 1028 1057 esse
1068 1003 1342 1066 videntur,
1378 1002 1553 1071 ipsum
1589 1001 1723 1055 mihi
1769 999 1997 1056 Paulum

411 1095 555 1161 vide,
576 1110 642 1149 an
669 1110 790 1148 cum
817 1095 1068 1149 omnibus
1091 1109 1274 1163 pacem
1309 1094 1557 1148 coluerit.
1596 1092 1652 1147 Si
1680 1108 1808 1147 vero
1832 1093 1995 1148 etiam

411 1189 575 1244 altius
614 1188 863 1243 oratione
903 1201 1192 1256 assurgere
1225 1187 1421 1255 placet,
1464 1186 1585 1239 vide
1612 1185 1891 1241 Christum
1926 1199 1995 1238 an

413 1298 535 1336 eum
566 1282 817 1336 omnibus
865 1280 1174 1335 concordiae
1216 1281 1394 1335 foedus
1441 1280 1657 1336 fecerit.
1692 1278 1750 1334 ln
1786 1288 1994 1334 tantum

415 1375 582 1445 igitur
617 1372 856 1427 furorem
912 1373 1016 1426 acti
1057 1381 1184 1426 sunt
1224 1369 1531 1427 Jinlworum
1584 1372 1883 1441 principes,
1939 1377 1998 1423 ut

414 1465 564 1518 cruci
606 1478 820 1531 quoque
847 1463 1019 1531 ipsum
1048 1463 1343 1517 affixerint.
1367 1463 1505 1528 Quid
1532 1472 1616 1518 est
1661 1463 1825 1531 igitur
1853 1460 1995 1529 quod

414 1556 492 1609 nil
521 1574 533 1610 :
572 1573 591 1607 ι
631 1555 686 1608 Si
713 1555 827 1607 ﬁeri
856 1552 1065 1625 potest?
1091 1572 1110 1605 ι
1144 1553 1255 1609 Hoc
1281 1553 1393 1607 vult
1413 1554 1593 1609 dicere
1623 1570 1639 1609 :
1666 1553 1746 1606 Tu
1777 1553 1994 1621 quidem

413 1645 617 1699 nemini
655 1643 951 1713 prmbueris
990 1659 1178 1697 ansam
1211 1644 1545 1709 inimicitiae;
1582 1658 1713 1697 cave
1754 1656 1992 1712 quoque,

2098 547 2330 616 ἀρετῶν.
2367 546 2428 599 '0
2464 546 2564 615 μὲν
2590 545 2699 615 γὰρ
2745 545 2977 617 εὐσεϐὴς
3009 545 3088 616 τῷ
3132 546 3324 599 ἀσεϐεῖ
3357 545 3475 609 πῶς
3525 548 3665 618 εἰρη-

2096 636 2314 700 νεύσεις
2358 637 2385 688 ὁ
2434 635 2639 697 δίκαιος
2691 633 2771 704 τῷ
2818 635 3012 705 ἀδίκῳ,
3069 634 3103 705 ἢ
3154 635 3265 705 (96)
3319 632 3552 704 σώφρων
3590 636 3663 706 τῷ

2098 726 2315 796 λάγνῳ;
2346 725 2425 796 τῷ
2462 725 2719 789 πολλάκις
2746 726 2806 778 οὐ
2838 726 2997 795 μόνον
3026 726 3125 795 τὴν
3157 725 3265 778 τῶν
3292 724 3490 789 ἄλλων,
3532 726 3659 779 ἀλλὰ

2100 819 2195 871 καὶ
2238 818 2339 888 τὴν
2389 814 2582 871 ἑαυτοῦ
2629 817 2937 887 βουλομένῳ
2979 815 3294 888 διαφθεῖραι
3332 817 3499 886 ῶραν.
3532 818 3667 871 Εἰδὲ

2098 907 2393 979 λογισμοὺς
2424 906 2527 960 οἴει
2554 905 2779 970 τούτους
2808 902 2970 971 εἶναι,
3003 906 3102 959 θέα
3131 907 3297 959 αὐτὸν
3327 908 3420 959 τὸν
3447 906 3664 971 Παῦλον,

2098 1000 2148 1052 εί
2181 998 2321 1069 μετά
2345 997 2563 1052 πάντων
2589 996 2925 1067 είρήνευσεν.
2963 998 3026 1049 Εἰ
3074 997 3133 1050 δὲ
3177 998 3274 1050 καὶ
3305 998 3562 1067 ἀνωτέρω
3584 998 3667 1051 τὸν

2098 1089 2259 1157 λόγον
2304 1087 2515 1159 βούλοιο
2547 1088 2804 1157 ἀγαγεῖν,
2860 1086 2958 1139 θέα
3009 1086 3101 1140 τὸν
3147 1088 3408 1157 Χριστὸν,
3461 1089 3666 1158 εἰμετά

2099 1183 2314 1237 πάντων
2342 1182 2653 1236 ἐσπείσατο.
2705 1181 2800 1264 Ei;
2842 1178 3113 1250 τοσαύτην
3153 1176 3247 1233 οὖν
3286 1178 3665 1251 ἐξεϐακχεύθη-

2099 1291 2199 1328 σαν
2218 1276 2266 1329 οί
2284 1273 2390 1327 τῶν
2430 1272 2702 1327 Ἰουδαίων
2722 1252 2983 1343 ἀὲχοντες
3005 1271 3224 1342 μανίαν,
3242 1271 3321 1335 ὡς
3344 1274 3438 1325 καὶ
3462 1274 3661 1343 σταυρῷ

2097 1364 2262 1419 αὑτὸν
2298 1364 2694 1437 προσηλῶσαι,
2730 1364 2796 1416 Τί
2840 1359 2935 1417 οὖν
2978 1365 3149 1430 ἐστιν,
3189 1384 3207 1416 ι
3246 1365 3313 1417 Ei
3349 1365 3601 1430 δυνατόνς
3641 1388 3658 1419 ι

2097 1458 2194 1522 Σὺ,
2225 1458 2379 1525 φησὶ.
2420 1459 2495 1528 μὴ
2524 1457 2668 1510 δίδου
2687 1456 2795 1509 τινὶ
2813 1454 2984 1526 λαϐὴν
3012 1456 3233 1526 ἔχθρας,
3279 1456 3417 1528 μηδὲ
3457 1458 3663 1524 δικαίως

2097 1549 2191 1601 καί⁵
2219 1547 2459 1616 εὐλόγως
2493 1548 2583 1619 ἔχε
2604 1546 2823 1619 ἐχθρόν.
2857 1548 2920 1600 Ei
2955 1547 3012 1600 δὲ
3055 1547 3271 1615 ἀλόγως
3321 1551 3538 1614 ἐκεῖνοι,
3575 1555 3661 1603 καὶ

2098 1640 2202 1694 ὑπὸ
2247 1640 2443 1710 φθόνου
2483 1640 2928 1710 ὑποσμυχόμενοι
2966 1638 3105 1709 (97),
3149 1639 3566 1709 ἀπεχθάνονται,
3604 1642 3657 1695 σὲ

412 1752 484 1792 ne
509 1752 668 1805 quem
692 1734 814 1804 jure
844 1745 898 1789 et
920 1734 1272 1804 probabiliter
1309 1734 1513 1790 habeas
1540 1734 1822 1789 inimicum
1862 1751 1877 1788 :
1909 1734 1988 1787 sin

2095 1730 2254 1783 τοῦτο
2281 1732 2342 1784 ού
2374 1730 2742 1800 παραϐλάψει.
2770 1729 2906 1782 Οὐδὲ
2935 1730 3045 1801 γάρ
3066 1729 3096 1781 ὁ
3127 1731 3386 1801 Χριστὸς,
3423 1732 3655 1803 εἰρηκὼς,

410 1841 593 1885 autem
636 1830 709 1883 illi
738 1831 858 1887 sine
901 1827 1050 1895 justa
1079 1828 1288 1883 ratione
1319 1829 1412 1883 tibi
1445 1828 1640 1884 infensi
1672 1838 1854 1894 erunt,
1886 1829 1988 1884 hoc

2102 1842 2120 1873 ι
2142 1822 2444 1893 Ἐμίσησάν
2460 1796 2540 1891 ⁷με
2565 1796 2795 1891 δωρεὰν,
2825 1839 2843 1871 ι
2869 1796 3227 1891 ἐκέλευσε
3246 1823 3395 1891 ἔχειν

416 1923 729 1977 nullatenus
770 1930 825 1975 te
864 1920 1041 1973 laedet.
1087 1919 1227 1973 Nam
1270 1929 1327 1975 et
1365 1919 1636 1987 Christus,
1671 1921 1761 1990 qui
1809 1920 1987 1974 dixit:

418 2033 439 2068 ι
473 2014 716 2070 Oderunt
742 2028 827 2068 me
859 2012 1107 2083 gratis",
1140 2031 1158 2064 ι
1195 2028 1299 2067 non
1346 2014 1621 2083 praecepit,
1656 2028 1722 2067 ne
1744 2012 1994 2067 inimicos

417 2104 559 2157 ullos
609 2104 899 2158 habeamus
928 2102 1003 2172 (id
1048 2103 1192 2157 enim
1226 2118 1331 2157 non
1403 2113 1487 2159 est
1521 2105 1573 2159 in
1613 2115 1801 2160 nostra
1842 2114 1995 2174 pote-

411 2200 598 2262 state),
627 2194 721 2248 sed
746 2208 812 2248 ne
833 2195 1083 2263 cuiquam
1110 2194 1373 2250 faciamus
1407 2194 1658 2264 iniuriam
1690 2213 1704 2250 :
1736 2213 1809 2252 ne
1831 2198 1995 2252 semi-

410 2299 605 2341 nemus
675 2283 914 2339 radicem
971 2284 1119 2352 belli,
1192 2285 1535 2355 maximeque
1586 2296 1718 2353 tum,
1776 2288 1995 2358 quando

412 2372 621 2427 nullum
670 2373 857 2442 pietati
888 2374 1295 2429 .detritnentum
1342 2376 1594 2431 infertur.
1624 2378 1778 2444 Quod
1810 2378 1857 2432 si
1889 2380 1993 2432 lm-

412 2462 564 2531 probi
594 2462 766 2518 bonos
803 2463 931 2518 odio
964 2474 1388 2533 prosequuntur,
1424 2466 1589 2521 nolite
1620 2468 1826 2521 tnirari.
1857 2467 1991 2523 Nam

410 2560 468 2607 et
520 2554 956 2623 pseudoapostoli
1001 2569 1160 2611 veros
1206 2557 1499 2626 apostolos,
1555 2570 1610 2613 et
1664 2558 1995 2628 pseudopro-

410 2646 591 2715 pheta'.
632 2647 930 2717 prophetas
954 2648 1082 2702 odio
1114 2647 1405 2705 habebant.
1434 2648 1589 2717 Quod
1634 2650 1749 2719 ipse
1778 2668 1993 2721 quoque

408 2738 608 2794 Paulus
629 2754 753 2795 cum
801 2739 1003 2795 diserte
1053 2741 1329 2809 cognitum
1378 2753 1837 2813 perspectumque
1898 2746 1993 2798 ha-

408 2832 583 2897 beret,
612 2831 833 2902 scripsit
862 2849 877 2885 :
912 2850 932 2884 ι
973 2829 1198 2887 Sectare
1220 2841 1402 2889 autem
1435 2848 1624 2904 pacem
1661 2850 1785 2889 cum
1816 2836 1992 2890 omni-

406 2923 511 2979 bus
538 2924 630 2993 qui
669 2922 925 2978 invocant
953 2922 1245 2979 Dominum
1290 2940 1358 2981 ex
1408 2940 1544 2995 puro
1576 2928 1821 2983 corde“.
1856 2946 1875 2980 ι
1911 2927 1991 2982 Ne

409 3014 595 3084 itaque
632 3014 844 3084 culpam
892 3014 1083 3070 confer
1114 3015 1166 3070 in
1201 3029 1325 3071 eum
1352 3017 1446 3086 qui
1496 3017 1749 3073 inimicos
1801 3020 1985 3084 habet,

406 3105 505 3159 sed
521 3103 617 3175 qui
649 3106 755 3160 sibi
782 3105 883 3175 ipsi
911 3105 1169 3162 inimicos
1191 3108 1467 3163 conciliat.
1487 3108 1639 3176 Quod
1664 3111 1709 3165 si
1740 3110 1846 3165 luci
1864 3126 1985 3164 eum

409 3196 648 3253 tenebris
676 3214 782 3253 non
816 3198 955 3253 bene
981 3200 1235 3256 convenit
1269 3200 1470 3271 (neque
1497 3203 1642 3257 enim
1681 3212 1858 3273 potest
1889 3205 1991 3260 hoc

406 3287 573 3357 fieri),
611 3289 746 3344 nihil
767 3289 874 3345 hoc
904 3292 973 3346 ad
1007 3290 1181 3347 lucem
1210 3310 1225 3359 ;
1252 3293 1296 3347 si
1323 3309 1426 3348 non
1454 3294 1570 3348 vult
1600 3296 1798 3365 impius
1818 3297 1993 3366 pieta-

406 3390 516 3434 tem
549 3380 820 3451 amplecti,
849 3382 983 3437 nihil
1011 3385 1115 3439 hoc
1139 3384 1207 3438 ad
1241 3386 1429 3455 pium;
1487 3387 1532 3441 si
1575 3403 1681 3444 non
1715 3389 1833 3443 vult
1870 3390 1993 3444 libi-

406 3467 635 3524 dinosus
679 3471 987 3525 castitatem
1019 3472 1218 3538 colere,
1268 3473 1406 3529 nihil
1439 3476 1547 3530 hoc
1599 3478 1667 3531 ad
1714 3477 1989 3533 hominem

408 3568 804 3628 temperantem
844 3571 899 3617 et
935 3574 1184 3630 castum;
1228 3566 1276 3621 si
1322 3582 1428 3623 non
1463 3567 1579 3623 vult
1624 3568 1857 3637 injustus
1898 3572 1992 3626 de-

2097 1913 2288 1967 τούτου
2319 1913 2429 1985 γὰρ
2458 1915 2559 1967 οὐκ
2589 1915 2758 1984 ἐσμὲν
2789 1915 2999 1986 κύριοι·
3050 1914 3190 1967 ἀλλὰ
3233 1914 3298 1966 τὸ
3345 1915 3420 1983 μὴ
3452 1916 3652 1975 ἀδικεῖν,

2097 2007 2159 2058 τὸ
2190 2007 2265 2076 μὴ
2319 2006 2713 2076 κατασπείρειν
2765 2007 2923 2077 ῥίζαν
2978 2006 3243 2076 πολέμου,
3294 2006 3390 2058 καὶ
3421 2004 3652 2074 μάλιστα,

2098 2096 2227 2149 ὅταν
2259 2098 2292 2167 ἡ
2326 2096 2578 2150 εὐσέϐεια
2605 2097 2758 2151 οὐδὲν
2784 2096 3271 2167 παραϐλάπτηται.
3324 2097 3387 2149 Εἰ
3412 2096 3456 2148 δ’
3485 2098 3532 2149 οἱ
3567 2110 3651 2150 πο-

2098 2187 2255 2258 νηροὶ
2295 2185 2423 2250 τοὺς
2467 2188 2707 2257 ἀγαθοὺς
2766 2189 3007 2259 μισοῦσι,
3055 2189 3131 2258 μὴ
3175 2188 3513 2257 θαυμάζητε.
3560 2189 3654 2242 Καὶ

2098 2279 2207 2350 γὰρ
2230 2282 2279 2333 οί
2305 2280 2722 2349 ψευδαπόστολοι
2745 2283 2871 2344 τοὺς
2905 2281 3264 2346 ἀποστόλους,
3319 2282 3417 2333 καί¹
3454 2283 3500 2333 oi
3539 2281 3650 2350 ψευ-

2098 2369 2443 2441 δοπροφῆται
2498 2371 2627 2433 τοὺς
2683 2374 2968 2441 προφήτας
3029 2372 3284 2441 ἑμίσουν.
3349 2372 3519 2443 Ὅπερ
3569 2373 3648 2423 καὶ

2098 2461 2257 2525 αὐτὸς
2279 2463 2306 2513 ὁ
2327 2461 2539 2526 Παῦλος
2563 2462 2751 2533 σαφῶς
2778 2465 3163 2535 ἐπιστάμενος,
3187 2464 3397 2536 ἔγραφε
3415 2483 3429 2496 ο
3456 2483 3474 2514 ι
3498 2463 3645 2517 Δίωκε

2098 2554 2155 2606 δὲ
2205 2555 2427 2626 εἰρήνην
2460 2557 2598 2627 μετά
2655 2558 2875 2610 πάντων
2906 2558 3016 2610 τῶν
3071 2560 3511 2628 ἐπικαλουμένων
3547 2558 3642 2628 (98)

2098 2646 2187 2699 τὸν
2210 2647 2413 2717 Κύριον
2437 2650 2502 2701 ὲκ
2529 2648 2780 2719 καθαρᾶς
2828 2649 3076 2720 καρδίας.
3120 2670 3138 2701 ι
3186 2652 3284 2722 Μὴ
3305 2650 3474 2703 τοίνυν
3510 2651 3643 2703 αἰτιῶ

2099 2739 2190 2792 τὸν
2207 2740 2432 2810 ἐχθροὺς
2461 2740 2676 2810 ἔχοντα,
2694 2741 2831 2795 ἀλλά
2851 2743 2941 2794 τὸν
2966 2741 3145 2811 ἑαυτῷ
3168 2745 3299 2805 τοὺς
3323 2743 3536 2812 ἐχθροὺς
3561 2759 3644 2795 και

2095 2830 2520 2895 τασκευὰζοντα.
2602 2833 2667 2886 Ei
2722 2833 2779 2885 δὲ
2832 2834 2907 2905 μὴ
2965 2836 3257 2905 συμϐαίνει
3298 2836 3375 2905 τῷ
3431 2836 3554 2904 φωτὶ
3591 2835 3642 2887 τὸ

2098 2924 2287 2987 σκότος
2308 2940 2320 2952 ·
2366 2925 2487 2978 οὐδὲ.
2516 2924 2626 2994 γάρ
2656 2921 2766 2978 οἷόν
2796 2943 2857 2979 τε
2879 2944 2894 2959 ·
2933 2928 3085 2980 οὐδὲν
3133 2930 3287 2998 παρὰ
3328 2929 3389 2980 το
3417 2928 3521 2997 φῶς
3542 2945 3553 2957 '
3599 2931 3639 2981 εί

2094 3016 2156 3070 ού
2215 3015 2464 3086 βούλεται
2516 3021 2544 3071 ὁ
2595 3018 2800 3090 ἀσεϐὴς
2839 3019 2959 3091 [τὴν
3021 3021 3315 3075 εύσεϐείαν
3366 3021 3636 3085 ἁσπάζειν,

2095 3107 2248 3161 οὐδὲν
2276 3108 2428 3179 παρά
2460 3110 2550 3162 τὸν
2602 3111 2840 3181 εὐσεϐῆ·
2898 3113 2948 3165 εί
2998 3113 3061 3166 ού
3113 3114 3368 3184 βούλεται
3416 3117 3443 3168 ὁ
3475 3115 3639 3182 λάγνος

2091 3199 2189 3271 τὴν
2212 3199 2323 3273 (99)
2346 3199 2366 3272 ]
2405 3202 2761 3274 σωφροσύνην
2794 3205 3058 3275 ἀσκῆσαι,
3085 3207 3238 3260 οὐδὲν
3267 3209 3418 3279 παρὰ
3437 3208 3521 3261 τὸν
3547 3207 3633 3260 σώ-

2091 3308 2266 3363 φρονα
2291 3307 2306 3323 ⁸
2347 3293 2396 3345 εί
2426 3294 2487 3346 οὐ
2524 3294 2820 3363 βούλεταιὸ
2863 3296 3049 3360 ἄδικος
3089 3299 3396 3370 ἀποστῆναι
3423 3300 3515 3368 τῆς
3535 3300 3631 3353 ἀδι-

2091 3384 2240 3449 κίας,
2282 3383 2432 3437 οὐδὲν
2463 3385 2615 3454 παρά
2640 3385 2733 3438 τὸν
2771 3387 2981 3439 δίκαιον
3004 3404 3020 3417 ’
3063 3389 3201 3445 ἀλλὰ
3244 3394 3376 3463 παρ’
3406 3392 3634 3454 ἐκείνους,

2090 3478 2216 3542 τοὺς
2236 3478 2456 3548 ἔλεγχον
2489 3478 2829 3549 ἡγουμένους
2868 3483 2969 3552 τῆς
3002 3482 3152 3548 σφῶν
3192 3482 3398 3544 κακίας
3428 3481 3518 3544 τὰς
3545 3480 3634 3533 τῶν

2092 3570 2262 3633 πέλας
2288 3569 2509 3641 ἀρετάς.

404 3649 602 3704 sistere
629 3653 697 3707 ab
727 3652 1016 3721 iniustitia,
1060 3655 1196 3709 nihil
1237 3658 1340 3711 hoc
1378 3658 1447 3712 ad
1493 3658 1723 3727 justum,
1776 3662 1869 3715 sed
1919 3662 1984 3714 ad
2024 3676 2120 3715 eos
2190 3662 2427 3731 pertinet
2468 3676 2754 3729 oroorum.
2780 3665 2871 3732 qui
2927 3680 3040 3720 sua:
3092 3664 3451 3735 improbitatis
3477 3681 3632 3737 repre-

405 3740 722 3797 hensionem
754 3758 873 3799 esse
900 3744 1127 3799 aliorum
1159 3747 1302 3802 circa
1333 3762 1394 3803 se
1460 3751 1739 3806 hominum
1784 3752 2017 3808 virtutes
2053 3753 2409 3809 arbitrantur.

583 3892 813 3951 CCXXI.
847 3925 920 3937 —
950 3895 1257 3953 ALYMPIO
1294 3898 1802 3958 SCHOLASTICO.

403 4004 483 4060 De
510 4004 747 4082 lectione,
772 4016 957 4082 contra
991 4006 1226 4072 ercos,
1257 4010 1321 4063 de
1377 4014 1552 4082 gratia
1593 4014 1851 4070 divinitus
1905 4018 1988 4069 in-

474 4076 798 4151 spiratur-um
827 4075 1247 4147 Scripturarum,
1289 4075 1453 4151 deq'ue
1492 4085 1717 4138 utilitate
1774 4103 1838 4141 ea:
1880 4086 1986 4141 illis

473 4146 756 4215 capienda.

471 4300 760 4368 Quoniam,
787 4311 848 4358 ut
876 4302 1084 4370 aiebas,
1112 4303 1288 4362 fontes
1310 4321 1621 4363 sermonum
1640 4311 1979 4379 quiescentes

399 4389 643 4446 animam
675 4390 891 4463 irrigari
936 4395 1243 4464 cupientem
1286 4397 1659 4455 labefaciunt:
1692 4402 1813 4459 illos
1849 4405 1979 4471 tibi,

400 4481 484 4537 vir
517 4483 911 4551 eruditissime,
944 4488 1209 4543 suaserim
1236 4499 1294 4544 ut
1330 4492 1566 4547 maxime
1594 4507 1841 4552 reserare
1867 4510 1981 4553 stu-

399 4575 551 4643 deas,
576 4576 671 4647 qui
720 4577 985 4635 divitibus
1034 4595 1101 4636 ac
1141 4583 1473 4651 perennibus
1510 4585 1727 4642 fluentis
1769 4591 1976 4657 praediti

395 4676 563 4735 sunt;
590 4683 699 4724 non
731 4679 914 4726 autem
940 4684 1036 4727 eos
1063 4673 1159 4744 qui
1197 4674 1515 4747 irrigatione
1546 4678 1764 4735 aliunde
1793 4696 1980 4736 accer-

394 4760 500 4814 sita
538 4758 800 4832 indigent.

468 4912 516 4943 '°
542 4912 699 4972 Joan.
725 4930 820 4982 xv,
845 4915 940 4973 25.
1013 4919 1057 4951 “
1086 4918 1129 4973 ll
1158 4919 1303 4976 Tim.
1330 4936 1394 4989 ll,
1424 4923 1517 4978 22.

2272 3904 2424 3958 Σκιν.
2469 3934 2540 3945 -
2576 3904 2893 3977 ΑΛΥΜΗΙῼ
2922 3906 2998 3977 (l)
3050 3905 3499 3977 ΣΧΟΛΑΣΤΙΚῼ.

2080 4012 2231 4090 Περὶ.
2268 4014 2668 4090 ἀναγνώρεως
2688 4056 2704 4079 ,
2770 4018 2922 4071 κατὰ
2984 4018 3320 4090 Ἑλλήνων,
3380 4022 3501 4090 περὶ
3540 4017 3629 4090 τῆς

2156 4082 2408 4159 χάριτορ
2451 4085 2572 4159 τῷν
2612 4090 3035 4142 θεοπνεύστων
3075 4082 3371 4159 Phaedri,
3412 4082 3502 4147 καί
3538 4082 3629 4157 τῆς

2155 4155 2225 4216 ἐξ
2255 4155 2456 4209 αὐτῶν
2477 4156 2794 4225 ὠφελείας.

2168 4309 2408 4380 Ἐπειδὴ,
2456 4308 2534 4372 ὡς
2595 4310 2770 4381 ἔφης,
2827 4312 3003 4381 πηγαὶ
3059 4312 3235 4382 λόγων
3294 4313 3629 4386 ήσυχᾶζουσαι

2083 4398 2261 4470 ψυχὴν
2292 4400 2581 4455 ἐθέλουσαν
2613 4402 2940 4472 ἀρδεύεσθαι
2978 4405 3366 4474 μαραίνουσιν’
3420 4406 3622 4466 ὲκείνας.

2085 4488 2511 4559 έλλογιμὼτατε,
2548 4491 2790 4562 μάλιστα
2827 4493 3219 4564 ἀναμοχλεύειν
3264 4512 3347 4549 σοι
3380 4494 3620 4568 παραινῶ,

2084 4580 2188 4642 τὰς
2234 4580 2514 4645 πλουσίοις
2555 4583 2651 4637 καὶ
2688 4585 2937 4646 ἀεννάοις
2983 4587 3188 4656 νάμασι
3233 4586 3502 4659 κομώσας,
3543 4583 3620 4640 καὶ

2085 4672 2162 4744 μὴ
2184 4672 2284 4737 τάς
2310 4674 2534 4746 ἀρδείας
2552 4675 2818 4745 ἑτέρωθεν
2842 4675 3125 4747 δεομένας.

1499 5056 1732 5111 νΑΒΙᾹΞ
1765 5056 2149 5118 LECTIONES
2177 5064 2267 5120 ΕΤ
2303 5065 2535 5127 NOTAE.

460 5222 571 5300 (99)
605 5224 754 5300 inter
779 5226 823 5300 ἢ⁸
844 5227 1156 5300 οισὼφρων
1178 5230 1317 5285 idem
1346 5232 1537 5286 inserit
1567 5234 1616 5286 ὁ.
1648 5233 1861 5291 Possm.

456 5294 569 5361 (97)
601 5296 711 5348 Καὶ
734 5294 838 5349 ὑπὸ
862 5297 956 5366 φθ.
989 5294 1082 5353 ὑπ.
1116 5300 1343 5355 deerant
1370 5302 1423 5355 in
1467 5305 1552 5357 ed.
1586 5304 1759 5360 Paris.
1798 5319 1852 5361 et
1883 5308 1972 5361 atl-

383 5362 588 5417 duntur
613 5381 678 5418 ex
707 5362 895 5421 codice
932 5368 1207 5423 Vaticano.
1263 5373 1421 5426 EDIT.

453 5434 564 5512 (98)
590 5436 857 5512 Εἰρήνην
889 5440 1041 5512 κα.τὰ
1090 5438 1334 5512 πάντων
1360 5441 1479 5495 τῶν
1522 5442 1760 5498 ἐπικαλ.
1810 5446 1962 5512 Apud

383 5501 614 5576 Paulum
643 5501 872 5576 quitum
901 5509 1142 5576 πάντων,
1198 5509 1243 5563 ιι
1291 5512 1432 5565 Tim.
1465 5528 1519 5567 ll.
1561 5513 1653 5565 92.
1679 5501 1958 5569 lieete'ta-

382 5587 504 5653 men
548 5574 617 5627 ab
643 5572 860 5655 isilloro
898 5572 1137 5644 additur,
1176 5581 1304 5650 quia
1349 5584 1623 5637 iudetiuita
1653 5586 1962 5655 a'quipullet

381 5643 698 5697 universali.
743 5645 910 5701 Rtrr.

450 5711 560 5784 (99)
584 5714 701 5782 Τὴν
715 5716 1030 5771 εὐσέϐειαν
1040 5717 1343 5781 ἀσπάζειν.
1356 5760 1369 5775 .
1380 5760 1393 5775 .
1407 5739 1436 5775 τ
1448 5721 1523 5792 ὴν
1537 5729 1961 5795 σωφροσύνην.

2081 5241 2557 5325 Qtia:_pr;ecetlt_tnt
2600 5252 2979 5325 σωφροσύνην,
3011 5269 3118 5309 non
3143 5265 3266 5310 sunt
3299 5257 3347 5310 in
3375 5269 3499 5315 ms.;
3535 5254 3610 5307 sed

2082 5316 2262 5370 addidi
2306 5322 2615 5392 postulante
2643 5316 2828 5387 sensu,
2861 5316 2925 5378 ut'
2947 5316 3159 5392 integer
3188 5338 3331 5380 esset
3360 5328 3609 5379 praeclarus

2066 5385 2237 5447 locus,
2267 5388 2359 5454 qui
2388 5390 2672 5444 videbatur
2705 5385 2940 5449 sine'his
2975 5385 3218 5450 mutilus.
3255 5396 3328 5449 lo.

2138 5455 2215 5525 (ί)
2256 5456 2583 5539 Ἀιέυμ-τιφο
2634 5461 2700 5515 F-
2749 5463 3023 5539 Ἀλυττίῳ,
3058 5465 3158 5539 vel
3212 5461 3605 5539 Ὀλυμπίω,“²,‹1

2067 5539 2227 5592 quem
2290 5528 2429 5600 alias
2482 5546 2699 5600 quoque
2747 5528 2975 5588 scribit'
3002 5533 3265 5590 Isidorus.
3300 5528 3373 5591 b'.
3403 5565 3471 5575 -
3511 5530 3605 5584 Ρῐὲ·

2069 5610 2211 5679 In'ant
2228 5599 2618 5721 Eonjecturam
2649 5604 2847 5659 format
2890 5606 3011 5660 cod.
3050 5604 3169 5661 Vat.
3214 5608 3448 5662 scribens
3484 5603 3607 5656 ’Δίιν

2069 5681 2196 5721 πιῳ.
2270 5682 2381 5721 DIT.

2067 5681 2196 5737 πιῳ.
2228 5681 2381 5724 non.
