3906 6416
172 357 296 424 1317

855 462 1025 517 ΣΚΒν.

168 565 263 629 Εἰς
286 559 374 623 τὸ,
412 578 432 611 ι
473 557 620 628 ἐγὼ
650 556 852 629 ὀλθεὸς
906 554 1178 629 ᾎὸρᾳᾲμ,
1224 555 1321 609 καί
1366 556 1586 629 Ἰσαὰκ,
1635 554 1735 629 καὶ

243 624 449 687 Ἰακώϐ
468 646 483 660 ·
506 624 554 703 ἰ’
601 627 701 703 καὶ
734 628 840 703 ,είς
866 625 969 703 id"
1003 644 1021 677 ι
1067 625 1445 703 ’.Υπςρασπιῷ
1487 624 1599 703 ςῆς
1628 625 1737 680 πό.

239 707 372 764 lem;
408 700 634 765 ταύτης
658 696 756 751 διὰ
776 693 974 762 Δαόὶδ,
1000 695 1107 750 τοῦ
1133 693 1331 749 σῶσαι
1349 693 1568 765 αὑτήν,
1602 714 1622 747 ι

230 808 378 862 Θεῖόν
412 808 531 859 ἐστι
561 804 751 876 χρῆμα
781 803 815 873 ή
845 802 1037 874 ἀρετὴ,
1062 796 1107 855 ὧ
1136 802 1397 875 μακάριε,
1424 804 1519 857 καὶ
1556 802 1737 873 θεοφι-

168 903 267 964 λὲς,
298 900 393 952 καὶ
424 898 719 968 μακάριον,
758 896 852 949 καὶ
886 894 1175 961 ἀθάνατον,
1209 895 1305 949 καὶ
1326 895 1430 949 ὑπὸ
1456 895 1623 967 λήθης
1659 893 1735 966 μὴ

168 992 488 1061 ἡττώμενον.
526 988 799 1058 Ἀοίδιμος
829 988 928 1059 μὲν
951 987 1061 1056 γάρ
1083 987 1198 1040 ἐστι
1221 988 1374 1058 παρὰ
1397 987 1730 1060 ἀνθρώποις,

173 1083 317 1153 παρὰ
356 1082 415 1135 δὲ
463 1080 584 1151 Θεῷ
633 1079 985 1149 ἀείμνηστος,
1018 1076 1098 1148 τῷ
1131 1078 1263 1131 ποτὲ
1299 1079 1397 1149 μὲν
1436 1079 1731 1149 φράζοντι*

173 1196 190 1230 t
240 1174 379 1244 Ἐγὼ
399 1176 428 1227 6
456 1174 591 1238 Θεὸς
632 1171 910 1244 Ἀϐραὰμ,
933 1171 1030 1225 καὶ
1069 1170 1276 1233 Ἰσαὰκ,
1312 1170 1407 1223 καὶ
1448 1168 1640 1222 Ἰακώϐ
1665 1184 1678 1197 ·
1702 1187 1730 1221 ιι

171 1267 285 1321 κοτὲ
304 1267 380 1330 δὲ,
411 1285 430 1316 ι
470 1265 605 1317 ’Υπε
616 1264 832 1335 ρασπιῶ
853 1263 952 1333 τῆς
982 1262 1191 1325 πόλεως
1210 1261 1416 1331 ταύτης
1440 1260 1536 1313 τοῦ
1564 1261 1736 1315 σῶσαι

168 1360 340 1431 αὐτὴν,
394 1358 489 1411 διὰ
535 1356 699 1411 Δαόὶδ
727 1355 820 1408 τὸν
850 1355 1018 1409 παῖδά
1065 1372 1192 1426 μου.
1259 1372 1278 1406 ι
1331 1354 1427 1416 Ei;
1482 1353 1737 1407 τοσοῦτον

165 1456 346 1523 ἥκουσι
374 1450 455 1521 τῷ
490 1449 609 1520 Θεῷ
639 1448 925 1519 φροντίδος
967 1465 1027 1500 τε
1060 1448 1156 1501 καὶ
1180 1448 1367 1517 τιμῆς,
1411 1449 1506 1501 καὶ
1550 1447 1736 1500 τελευ-

166 1547 435 1617 τήσαντες,
465 1538 548 1606 οἷς
591 1541 761 1613 ἀρετὴ
793 1540 1279 1611 περισπούδαστον.
1316 1542 1378 1593 Εἰ
1403 1540 1459 1594 δὲ
1501 1538 1738 1593 ἐνταῦθα

160 1638 326 1699 οὕτως
352 1637 558 1699 αὐτοὺς
593 1634 987 1705 ἀνακηρύττει,
1044 1632 1230 1697 ποίαις
1275 1633 1378 1686 οὐκ
1436 1631 1736 1704 ἀμείψεται

168 1730 349 1793 αὐτοὺς
378 1730 563 1781 ἐκεῖσε
590 1726 823 1798 δωρεαῖς
843 1742 858 1788 ;

620 1917 791 1973 ΣκΓν.
823 1946 895 1957 -
926 1915 1136 1968 neum
1174 1913 1271 1985 (ε).

227 2036 403 2107 Θυμὺς
444 2034 543 2088 καὶ
578 2031 716 2103 ὀργὴ
748 2031 896 2085 δοκεῖ
930 2029 1009 2100 (5)
1069 2027 1169 2099 μὲν
1206 2028 1267 2081 ἓν
1290 2045 1342 2081 τι
1374 2021 1512 2080 εῖναι
1546 2028 1637 2082 καὶ
1669 2026 1732 2081 τὸ

166 2130 287 2183 αὐτὸ
317 2129 457 2197 τάχα
483 2144 496 2156 ·
526 2124 639 2178 ἀλλ’
669 2124 698 2176 6
730 2122 828 2193 μὲν
852 2121 1047 2193 μηνύει
1073 2120 1171 2191 τὴν
1200 2121 1379 2187 ὀξεῖαν
1410 2120 1504 2173 τοῦ
1528 2120 1733 2184 πάθους

167 2223 388 2288 κίνησιν,
420 2218 525 2287 τὴν
563 2216 659 2269 καὶ
702 2215 803 2277 τὰς
842 2212 1052 2273 ἑννοίας
1084 2209 1425 2263 κλέπτουσαν
1445 2226 1457 2241 ’
1492 2211 1524 2280 ἡ
1554 2210 1609 2262 δὲ
1632 2211 1732 2280 τὴν

168 2311 376 2383 χρονίαν
407 2310 471 2362 ὲν
494 2308 575 2379 τῷ
607 2305 771 2359 πάθει
801 2303 1106 2374 διατριϐήν.
1144 2302 1236 2355 Διὸ
1264 2302 1359 2355 καὶ
1388 2303 1416 2355 6
1441 2302 1540 2368 μὲν
1580 2301 1734 2373 παρὰ

165 2404 253 2473 τὴν
283 2400 656 2469 ἀναθυμίασιν
688 2397 932 2469 εἷρηται’
963 2396 992 2449 6
1030 2395 1088 2448 δὲ
1129 2394 1282 2465 παρὰ
1304 2394 1366 2448 τὸ
1396 2394 1587 2466 ὀργᾷν,
1640 2396 1734 2450 καὶ

164 2491 364 2561 ἀμύνης
391 2490 549 2559 ὲρᾷν.

1003 350 1535 413 EPISTOLARUM
1569 350 1717 411 LIB.
1760 349 1860 413 IV.
1901 374 1969 388 --
2007 349 2248 412 EPIST.
2293 350 2592 415 CCXXIV.

1758 466 1811 527 Δ

2296 354 2592 415 CCXXIV.
3283 354 3425 423 1318

2296 463 2655 536 ξεῖ-548
2690 462 2964 522 ccxxw.

1836 553 1905 609 In
1934 556 2069 609 illud
2108 572 2126 611 :
2172 575 2192 609 ι
2222 554 2332 623 Ego
2371 571 2497 623 sum,
2537 554 2675 608 Deus
2708 555 2995 621 Abi-altam,
3053 567 3106 613 et
3146 556 3329 623 haec,
3374 570 3426 616 et

1934 571 2067 609 mua
2108 572 2126 611 :
2172 575 2192 609 t
2222 571 2263 610 ιι
2304 571 2332 608 ο
2371 571 2487 609 sum
2537 571 2675 608 usus
2708 571 2995 621 Abraham,
3053 571 3106 613 et
3146 571 3329 623 uaso,
3374 571 3425 616 et

1907 625 2071 680 Iacob
2089 626 2198 696 ⁸⁸.)
2254 571 2320 696 ἐξ
2353 624 2407 678 in
2442 622 2575 677 illud
2618 640 2636 678 :
2672 642 2691 675 ι
2728 623 3013 696 Protegam
3061 629 3245 683 urbem
3287 631 3425 687 hanc

1905 706 2113 765 propter
2150 694 2421 759 Davidem,
2454 702 2513 746 ut
2547 709 2737 748 servem
2770 694 2973 751 eam“.
3010 715 3029 749 ι

1904 807 2097 863 Divina
2126 807 2370 878 quaedam
2416 821 2505 861 res
2553 814 2638 861 est
2690 805 2886 871 virtus,
2918 820 2953 861 ο
2994 808 3172 873 beate,
3216 818 3271 864 et
3310 809 3423 863 Deo

1835 908 2010 971 grata,
2067 908 2123 952 ει
2184 897 2332 961 felix,
2386 905 2442 952 et
2502 895 2849 961 immortalis,
2901 905 2955 952 et
3017 897 3086 951 ab
3156 897 3426 953 oblivione

1841 989 2244 1061 insuperabilis.
2280 988 2412 1044 Nam
2444 999 2501 1043 et
2525 988 2665 1057 apud
2713 987 2962 1045 homines
3005 989 3332 1057 celebratur,
3366 1000 3423 1043 et

1835 1083 1975 1152 apud
2021 1081 2192 1138 Deum
2243 1081 2570 1151 sempiterna
2618 1080 2881 1135 memoria
2911 1093 3285 1147 conservatur,
3328 1083 3421 1152 qni

1833 1174 1971 1229 alias
2019 1172 2235 1244 quidem
2286 1174 2410 1228 ait:
2468 1192 2486 1225 ι
2518 1171 2629 1242 Ego
2663 1186 2785 1226 sum
2816 1172 2961 1229 Dens
3006 1174 3306 1241 Abraham,
3360 1183 3417 1229 et

1834 1263 2010 1329 Isaac,
2056 1276 2111 1320 et
2143 1263 2347 1331 Jacoh;
2383 1283 2402 1316 ι
2455 1265 2590 1320 alias
2619 1279 2748 1319 vero
2791 1280 2804 1315 :
2861 1283 2881 1317 ι
2911 1264 3198 1337 Protegam
3231 1268 3420 1321 urbem

1843 1357 1982 1413 hanc
2037 1367 2097 1411 nt
2144 1372 2263 1412 eam
2324 1372 2557 1423 servem,
2615 1366 2835 1427 propter
2883 1357 3142 1413 Davidem
3202 1374 3417 1412 servum

1836 1463 2071 1503 meum.»
2105 1446 2294 1502 Tantae
2316 1463 2463 1502 curae
2492 1455 2618 1502 sunt
2647 1447 2778 1513 Deo,
2806 1458 2860 1503 et
2892 1448 2945 1502 in
2978 1458 3129 1502 tanto
3157 1448 3425 1503 habentur

1838 1539 1977 1608 apud
2015 1540 2191 1609 ipsum
2222 1539 2429 1593 honore
2457 1539 2621 1593 etiam
2649 1540 2759 1593 vita
2789 1538 2978 1602 functi,
3024 1540 3220 1609 quibus
3247 1541 3417 1593 virtu-

1840 1634 1907 1687 tis
1934 1633 2171 1687 studium
2204 1632 2354 1686 cordi
2384 1642 2488 1686 est.
2517 1632 2669 1698 Quod
2720 1633 2764 1688 si
2798 1640 2949 1686 tanto
2975 1632 3244 1701 praeconio
3278 1633 3425 1703 ipsos

1838 1723 1892 1777 in
1922 1723 2023 1776 hac
2059 1723 2163 1777 vita
2195 1732 2372 1788 ornat,
2402 1724 2598 1793 quibus
2632 1739 2739 1778 non
2783 1724 3096 1778 muneribus
3120 1724 3334 1779 eosdem
3367 1724 3423 1778 in

1760 1842 1805 1899 Β
1835 1814 2012 1869 futura
2042 1815 2149 1868 vita
2180 1816 2573 1883 prosequetur?

2291 1928 2571 1985 CCXXIII.
2601 1960 2670 1971 —
2698 1929 2975 1986 HERONI.

1906 2036 2090 2109 Θυμδς
2130 2039 2254 2107 (hoc
2284 2049 2369 2095 est
2397 2044 2872 2111 excandescentia)
2908 2053 2961 2098 et
2997 2043 3135 2117 ὀργὴ
3182 2046 3310 2116 (hoc
3340 2057 3424 2103 est

1840 2128 1943 2202 ira)
1976 2131 2189 2185 videtur
2214 2134 2430 2201 quidem
2462 2134 2642 2189 forsan
2676 2150 2780 2190 una
2819 2137 3114 2206 eademque
3144 2153 3232 2192 res
3267 2152 3420 2203 esse;

1839 2220 1933 2272 sed
1962 2220 2109 2288 prius
2141 2235 2336 2275 nomen
2367 2223 2571 2277 indicat
2602 2224 2836 2280 celerem
2878 2227 3296 2281 commotionem
3330 2226 3420 2281 af-

1839 2310 2036 2376 fectus,
2070 2327 2190 2381 quae
2214 2323 2270 2367 et
2310 2316 2666 2384 cogitationes
2700 2318 2902 2372 homini
2930 2318 3225 2372 sulfuratur
3260 2330 3424 2389 atque

1838 2404 2152 2458 antevertit.
2198 2404 2439 2459 Alterum
2497 2422 2624 2462 vero
2673 2407 2981 2463 diuturnam
3025 2410 3079 2464 in
3123 2426 3190 2465 eo
3228 2410 3422 2466 affectu

1839 2495 2323 2551 commorationem
2410 2512 2475 2553 ac
2570 2501 3028 2569 perseverantiam
3131 2501 3421 2572 significat.

165 2583 513 2651 Quamobrem
562 2579 726 2636 etiam
774 2576 946 2648 θυμὸς
1001 2575 1179 2631 dictus
1216 2586 1297 2631 est
1344 2578 1487 2647 quod
1551 2578 1912 2650 ἀναθυμίασιν
1967 2584 2276 2653 adjunctain
2348 2588 2565 2657 habeat,
2615 2592 2717 2645 hoc
2769 2600 2853 2647 est
2908 2592 3421 2657 eﬂ‘ervescentiam:

163 2678 289 2751 ὀργὴ
317 2687 501 2732 autem
528 2690 558 2729 a
588 2674 754 2728 verbo
784 2673 976 2743 ὀργᾷν,
1008 2671 1150 2741 quod
1179 2680 1263 2725 est
1292 2672 1560 2741 turgidum
1594 2686 1735 2739 esse,
1770 2684 1825 2730 et
1849 2676 1917 2733 ob
1946 2680 2203 2736 vindictae
2227 2680 2599 2750 cupiditatem.

566 2787 733 2840 21w.
757 2816 824 2827 -
853 2784 1200 2854 ΗΡΑΚΛΕΙῼ
1237 2782 1337 2854 (ι).

162 2905 256 2970 Elg-
282 2904 368 2958 τό·
409 2920 429 2953 ι
469 2900 653 2955 Λύκοι
685 2896 785 2952 καὶ
810 2895 988 2964 ἄρνες
1009 2896 1128 2965 ἅμα
1154 2896 1672 2964 βοσκηθιὶσονται.
1714 2915 1734 2949 ι

227 3015 357 3071 Δίαν
392 3013 681 3084 θαυμάζω,
714 3009 832 3073 πῶς
860 3008 924 3063 τὸ
962 3009 1063 3080 μὲν
1088 3008 1246 3072 κλέος
1278 3008 1387 3061 τῶν
1428 3026 1644 3080 συγγρα
1667 3026 1737 3078 μ-

170 3110 364 3179 μάτων,
410 3099 491 3161 ὧν
552 3102 909 3158 ἀπολέλοιπεν
941 3104 969 3154 6
1012 3101 1287 3169 πάνσοφος
1343 3102 1596 3171 Ἰωάννης
1636 3101 1735 3172 (ὅ)⁹

2230 2792 2513 2849 CCXXIV.
2543 2824 2615 2835 —
2648 2794 3018 2854 HERACLIO.

1947 2904 2015 2961 In
2036 2906 2169 2961 illud
2196 2922 2216 2961 :
2253 2925 2272 2959 ι
2301 2904 2437 2975 Lupi
2463 2917 2509 2961 et
2546 2908 2670 2977 agni
2700 2908 2860 2963 simul
2892 2911 3255 2979 pascentur“.
3289 2929 3310 2965 ι

1912 3022 2275 3077 Vehementer
2316 3022 2507 3087 miror,
2555 3022 2646 3091 qui
2695 3021 2896 3077 factum
2929 3022 3019 3087 sit,
3070 3038 3193 3078 cum
3246 3024 3421 3095 gloria

1837 3113 2199 3181 scriptorum,
2248 3127 2368 3183 qute
2414 3112 2847 3183 sapientissimus
2902 3111 3140 3168 Joannes
3192 3126 3314 3183 post
3361 3132 3422 3172 se

169 3198 471 3268 πανταχόσε
498 3194 871 3265 φοιτησάντων
896 3193 995 3259 (6),
1019 3193 1146 3263 ἄχρι
1170 3193 1267 3262 τῆς
1293 3193 1397 3263 γῆς
1424 3193 1518 3247 καὶ
1543 3193 1740 3248 θαλάτ-

1853 3204 2085 3272 reliquit,
2121 3204 2321 3273 passim
2375 3213 2641 3257 terrarum
2690 3204 3083 3273 dispersorum,
3133 3219 3301 3273 usque
3355 3207 3422 3260 ad

166 3308 257 3361 της
293 3289 588 3361 τερμάτων
616 3287 875 3355 ἔφθασεν,
904 3285 1001 3355 τῆς
1036 3284 1094 3338 δὲ
1126 3284 1227 3355 σῆς
1257 3283 1334 3354 (7)
1365 3286 1426 3338 οὑ
1455 3285 1740 3355 καθήψατο

169 3381 419 3452 ἀμαθίας.
459 3377 769 3449 Θαυμάζων
804 3376 861 3429 δὲ
891 3376 993 3428 οὐκ
1022 3377 1230 3429 ἐκεῖνον
1267 3376 1556 3446 αἰτιῶμαι,
1601 3377 1741 3432 ἀλλὰ

168 3474 256 3544 τὴν
306 3474 406 3543 σὴν
482 3470 771 3542 μέμφομαι
817 3468 1227 3539 ἀνυπέρϐλητον
1289 3469 1581 3540 ρᾳθυμίαν,
1638 3470 1739 3541 τὴν

169 3563 320 3617 ταύτὸ
351 3560 690 3615 πεπονθυῖαν
732 3560 847 3621 τοῖς
893 3561 950 3611 ὲν
995 3559 1238 3630 σταθηρᾷ
1274 3562 1591 3632 μεσημϐρίᾳ
1642 3563 1739 3615 καὶ

169 3655 324 3725 λευκῇ
354 3654 571 3724 γαλήνῃ
609 3650 702 3704 τὸν
746 3649 898 3720 ἥλιον
933 3649 1009 3719 μὴ
1061 3649 1357 3720 καθορῶσι,
1397 3650 1485 3704 διὰ
1535 3651 1598 3703 τὸ
1637 3652 1739 3722 τὴν

169 3748 391 3818 ὀπτικὴν
424 3746 612 3806 αὐτοῖς
658 3740 938 3804 παντελῶς
986 3738 1245 3793 ἐσϐέσθαι
1274 3739 1525 3810 δύναμιν.
1555 3742 1633 3794 Δι’
1662 3735 1737 3795 ὧν

170 3839 268 3910 γὰρ
290 3838 495 3906 λέγεις,
529 3833 726 3889 σαυτοῦ
758 3834 1107 3903 κατηγορεῖς,
1129 3833 1211 3885 ὃτι
1236 3831 1535 3902 ἀνέραστος
1556 3827 1608 3885 εἴ
1628 3833 1740 3887 τῶν

173 3930 363 3985 καλῶν.
394 3929 497 3992 Τίς
529 3926 640 3998 γὰρ
668 3926 768 3996 οὐχ
797 3924 940 3977 ἑάλω
968 3924 1229 3988 ὲκείνοιςς
1267 3924 1363 3986 Τίς
1394 3923 1451 3976 δὲ
1480 3924 1587 3977 τῶν
1621 3926 1740 3995 μετ’

172 4023 324 4078 αὐτὸν
374 4019 678 4092 τεχθέντων
710 4015 1015 4089 ἀνθρώπων
1043 4016 1102 4069 οὐ
1136 4015 1297 4086 χάριν
1332 4016 1475 4086 ἔχειν
1516 4012 1623 4070 οἶδε
1663 4016 1740 4085 (8)

173 4118 232 4185 τῇ
279 4115 398 4186 θείᾳ
451 4111 702 4182 προνοίᾳ,
752 4111 835 4163 ὅτι
885 4108 1003 4179 μετ’
1050 4108 1215 4161 αὑτὸν
1247 4108 1476 4179 ἐτέχθη;
1510 4110 1605 4162 καὶ
1640 4109 1741 4162 οὐκ

174 4208 383 4277 ἄπειρος
415 4204 630 4275 ἀπῆλθε
670 4202 772 4273 τῆς
815 4201 968 4263 θείας
1005 4199 1198 4271 λύρας,
1227 4200 1328 4270 τῆς
1348 4200 1439 4253 τὸν
1484 4199 1741 4270 Ὀρφικὸν

178 4296 353 4365 μῦθον,
388 4297 485 4349 τὸν
536 4296 603 4365 τῇ
662 4291 939 4363 ὑπερϐολῇ
996 4291 1106 4344 τῶν
1157 4290 1468 4361 λεγομένων
1518 4289 1741 4354 δικαίως

175 4386 584 4459 ἀπιστούμενον,
634 4381 1129 4454 σφετερισαμένης.
1170 4381 1248 4435 Οὐ
1300 4378 1412 4453 γὰρ
1455 4380 1527 4435 τὰ
1575 4380 1742 4452 θηρία

240 4564 281 4597 ⁸⁸
308 4563 481 4621 Exod.
512 4578 597 4632 ιιι,
632 4563 688 4620 6.
763 4564 811 4596 ⁸⁸
836 4563 942 4620 Ise.
971 4577 1096 4628 txv,
1129 4560 1222 4617 25.

1845 3296 2105 3350 terminos
2148 3305 2308 3349 terrae
2350 3303 2406 3349 et
2456 3296 2622 3349 maris
2666 3305 2945 3350 extremos
3003 3295 3328 3364 penetrarit,
3366 3305 3425 3350 nt

1847 3395 1991 3440 tuam
2021 3396 2202 3440 tamen
2241 3386 2532 3441 rnditatem
2585 3401 2689 3441 non
2743 3386 3002 3456 attigerit.
3049 3385 3188 3440 Dum
3239 3396 3418 3441 autem

1843 3476 1946 3529 hoc
1978 3475 2167 3538 miror,
2196 3489 2299 3529 non
2330 3475 2382 3527 in
2419 3475 2593 3543 ipsum
2625 3474 2849 3529 confero
2876 3475 3114 3544 culpam,
3151 3475 3245 3530 sed
3274 3484 3421 3528 tuam

1843 3577 2144 3621 estrcmam
2189 3565 2529 3635 reprehendo
2572 3566 2899 3632 socordiam,
2938 3580 3001 3620 ac
3042 3565 3288 3636 supinam
3324 3581 3424 3619 ne-

1847 3656 2183 3726 gligentiam,
2219 3658 2303 3710 cui
2336 3658 2476 3710 idem
2506 3656 2666 3725 plane
2697 3657 2914 3722 accidit,
2949 3656 3091 3725 quod
3123 3655 3228 3709 illis
3264 3656 3423 3721 solet,

1843 3744 1936 3813 qui
1968 3745 2020 3796 in
2052 3745 2166 3813 ipso
2194 3745 2529 3800 consistente
2574 3745 2798 3800 meridie
2841 3753 2895 3797 et
2929 3759 3059 3813 pura
3107 3746 3423 3808 serenitate,

1845 3836 2014 3891 solem
2049 3846 2227 3890 tamen
2264 3852 2369 3890 non
2404 3837 2609 3902 vident,
2640 3837 2780 3906 quod
2818 3834 3048 3890 facultas
3076 3836 3287 3889 videndi
3334 3850 3427 3905 pe-

1846 3927 1990 3981 nitus
2019 3927 2091 3982 sit
2124 3927 2256 3997 ipsis
2282 3927 2571 3982 exstincta.
2610 3924 2801 3980 Per'ea
2829 3942 3058 3996 namque
3088 3939 3209 3994 qua:
3242 3940 3339 3994 pro
3372 3938 3425 3980 te

1848 4019 2161 4072 excusando
2193 4018 2377 4082 affers,
2411 4018 2584 4087 magis
2612 4031 2840 4073 accusas
2882 4017 3133 4087 teipsum,
3171 4017 3311 4087 quod
3339 4018 3427 4071 vi-

1847 4109 2046 4163 delicet
2092 4108 2240 4163 nullo
2302 4124 2481 4163 rerum
2534 4110 2883 4179 pulchrarum
2930 4124 3114 4162 amore
3164 4108 3423 4178 tangaris.

1846 4196 1981 4264 Quis
2009 4200 2153 4252 enim
2181 4199 2269 4268 qui
2300 4198 2405 4253 illis
2430 4215 2534 4253 non
2568 4199 2850 4270 capiatur?
2877 4198 3007 4265 Quis
3036 4209 3121 4253 est
3150 4211 3217 4252 ex
3254 4199 3426 4251 homi-

1847 4289 2011 4343 nibus
2038 4298 2157 4358 post
2184 4290 2358 4359 ipsum
2390 4290 2554 4355 natis,
2584 4292 2675 4359 qui
2711 4305 2816 4345 non
2853 4291 3080 4360 gratiam
3114 4288 3313 4343 habeat
3337 4289 3425 4342 di-

1847 4381 1989 4435 vina:
2016 4380 2389 4450 providentia,
2414 4382 2557 4451 quod
2581 4391 2704 4453 post
2727 4381 2901 4453 ipsum
2931 4390 3090 4436 natus
3116 4379 3225 4435 sit?
3256 4380 3427 4450 quod-

1271 4695 1509 4754 VABIE
1541 4692 1934 4751 LECTIONES
1968 4693 2056 4748 ET
2084 4693 2310 4751 ΝΟΤᾹΞ.

242 4862 315 4931 (2)
346 4856 561 4931 Titulus
585 4854 743 4931 huius
771 4868 857 4931 ep_.
892 4852 959 4931 in_
997 4851 1119 4906 cod.
1150 4847 1326 4931 Yatic.
1496 4848 1581 4931 hic
1607 4856 1689 4902 est
1723 4866 1737 4903 :
1772 4849 1817 4905 D
1846 4846 2061 4930 ﬂuentis
2103 4846 2155 4900 in
2202 4844 2521 4931 hodiernum
2565 4858 2738 4931 usque
2788 4843 2930 4931 diem
2958 4844 3201 4931 irrigari
3235 4847 3420 4930 orbem

187 4919 475 5000 Ἀμιὶῳνεῳ
504 4923 869 5000 sumat-ml,
931 4921 1217 4974 Amtnonio
1270 4919 1477 5000 lectori.
1517 4919 1737 5000 possis.

244 4987 314 5069 (3)
344 4987 475 5052 Post
499 4987 863 5069 δοκεῖ-θεειῇ
907 5007 1027 5069 qua:
1058 4998 1357 5069 sequuntur
1376 5058 1388 5069 _
1408 4989 1627 5069 paulurn
1660 4987 1740 5040 di-

178 5051 319 5125 nisi;
350 5051 575 5121 eiicod.
614 5063 736 5117 Vat.
766 5051 893 5123 630,
928 5051 988 5113 ἓν
1014 5059 1114 5129 μέν
1137 5051 1191 5113 τι
1216 5058 1309 5112 καὶ
1338 5051 1556 5129 τὸάὺτὺ
1575 5051 1735 5109 εἶναι’

178 5144 303 5209 τᾰχα
332 5138 388 5192 δὲ
419 5139 448 5190 6
484 5136 606 5209 μέν,
636 5144 745 5209 etc.
772 5134 925 5209 Vere.
947 5132 983 5183 5
1003 5127 1261 5209 εεικίιιιειδ
1301 5127 1641 5209 κλέπτουσαν
1686 5134 1742 5179 ει

179 5212 207 5277 ἡ
241 5196 348 5264 haec.
398 5196 540 5261 ide'tn
583 5196 793 5265 inserit,
826 5202 927 5277 κα)ἒ
956 5196 1739 5277 τούλογισιιοῦ-προτρέχου-

182 5266 289 5331 ξαν.
321 5279 475 5333 Vers.
507 5291 629 5344 pen.
655 5288 741 5339 ep.
759 5288 872 5344 pro
904 5271 933 5323 6
952 5270 1008 5323 δὲ
1036 5266 1186 5344 ἱιιεηι⁷
1208 5266 1336 5334 legit
1365 5269 1400 5337 ἡ
1427 5266 1609 5344 δὲηιο.

246 5348 317 5413 (4)
347 5334 629 5412 Inscriptio
662 5334 807 5397 nulla
840 5352 990 5406 erat;
1026 5338 1305 5409 suppletur
1330 5334 1399 5391 ei
1422 5337 1608 5391 codice
1632 5334 1743 5388 Va-

184 5415 370 5470 ticano.
394 5416 550 5469 Ent’r.

249 5488 321 5555 (5)
362 5488 425 5539 '0
462 5485 781 5555 adv-0'quc
817 5477 1122 5555 Ἰωάννης,
1185 5476 1269 5555 De
1299 5473 1522 5555 Joannis
1567 5474 1740 5555 (ihry:

189 5544 395 5609 δοειὸΜὶ
446 5544 827 5631 εετίριὶέίάειιι
878 5548 1391 5631 est't'estimon‘inml
1414 5544 1738 5597 Theodoreti

189 5626 409 5694 episcopi
444 5614 594 5693 Cyri,
616 5623 705 5691 qui
738 5635 861 5675 eum
889 5619 942 5672 in
973 5616 1113 5671 Hist.
1145 5616 1297 5676 eccl..
1327 5614 1419 5667 lib.
1442 5628 1494 5694 γ,
1525 5628 1627 5666 non
1668 5629 1746 5666 sc-

189 5695 288 5750 mel
331 5704 485 5749 vocat
530 5696 803 5746 doctorem
838 5688 989 5744 orbis
1032 5698 1335 5749 terrarum;
1369 5694 1424 5738 et
1456 5698 1508 5737 In
1542 5682 1744 5737 Prrefa-

188 5763 323 5821 tione
365 5765 430 5821 ad
479 5762 760 5820 Canticum
808 5759 1005 5815 cantir.
1056 5755 1265 5821 scribit,
1318 5753 1438 5825 ejus
1486 5753 1747 5809 doctrina:

1848 4918 2186 4972 universum.
2218 4916 2398 4983 Atque
2428 4916 2500 4968 ita
2531 4913 2719 4969 revera
2751 4924 2855 4968 est.
2888 4913 3147 4969 Eumdem
3181 4919 3421 4971 omnium

1848 4985 2210 5041 Ecclesiarum
2242 4986 2456 5039 oculum
2490 4984 2726 5039 Isidorus
2750 4993 2905 5037 vocat
2931 4984 3091 5053 epist.
3120 4984 3224 5040 156
3253 4986 3348 5042 lib.
3384 5002 3422 5048 ι,

1841 5067 1897 5181 «ἓ
1949 5054 2161 5110 Libanii
2202 5055 2270 5110 de
2312 5069 2377 5108 eo
2426 5054 2692 5125 judicium
2744 5054 2911 5109 refert
2954 5068 3040 5123 ep.
3096 5054 3169 5109 42
3210 5055 3308 5110 lib.
3361 5071 3421 5110 ιι.

1897 5141 2011 5180 ιττ.

1897 5141 2011 5180 IT'I‘.

1915 5195 1993 5276 (6)
2025 5193 2404 5276 Recte__codex
2436 5194 2643 5276 _V_atic._
2675 5193 3318 5276 oatqodytheripit

1844 5262 2132 5333 φοίτῆσαν.
2181 5262 2301 5319 Mox
2335 5274 2451 5335 post
2480 5262 2747 5335 dxptloco
2776 5263 2876 5335 τῆς
2905 5267 3040 5319 bene
3065 5264 3192 5319 item
3227 5265 3430 5318 substi-

1844 5337 1945 5388 tttit
1966 5335 2096 5397 τῶν,
2131 5343 2187 5403 et
2216 5342 2333 5402 post
2362 5333 2647 5403 ﬁgaddit
2676 5350 2762 5403 τε.
2792 5333 3002 5387 Possm.

1916 5404 1994 5474 ('7)
2020 5403 2118 5457 Ed.
2169 5400 2383 5474 Parim,
2425 5400 2615 5473 οὔσης.
2657 5402 2813 5458 Corr.
2870 5404 2993 5457 cod.
3050 5400 3175 5469 Vat,
3226 5400 3331 5458 650
3372 5411 3427 5456 ct

1845 5472 1983 5527 Ritt.
2010 5474 2063 5525 in
2087 5473 2253 5535 notis,
2284 5473 2442 5526 Enrr.

1918 5542 1996 5609 (8)
2035 5544 2117 5595 Οὐ
2144 5541 2321 5610 χάριν
2341 5544 2507 5608 ἔχειν
2538 5538 3060 5610 οἶδε-.-Αιιειίιιιιιιιι
3115 5540 3247 5596 satis
3297 5548 3423 5593 est:

1845 5613 1932 5668 vel
1959 5606 2119 5683 χάριν
2144 5606 2264 5681 ’ἔχει
2287 5651 2309 5683 ,ν
2339 5606 2420 5664 vel
2458 5612 2619 5683 χάριν
2662 5606 2793 5668 οἶδε.
2826 5610 3012 5682 Itaque
3045 5621 3182 5681 puto
3223 5611 3424 5665 reduno

1849 5680 2065 5739 daret):
2093 5680 2258 5752 ἔχειν.
2285 5681 2451 5736 Ιὶιττ.
