3906 6416
464 374 599 444 1319

1694 366 1753 425 S.
1800 363 2093 423 ISIDORI
2134 358 2577 422 PELUSIOT/E

3612 350 3728 415 1320

465 506 572 558 que
620 500 722 541 non
773 481 967 537 abierit
1014 492 1209 548 expers
1262 484 1319 532 et
1384 476 1601 546 ignarus
1661 473 1860 528 divina!
1909 474 2095 537 illius,

2203 472 2363 525 λῶναι
2390 474 2456 543 τῇ
2491 470 2613 540 θείᾳ
2648 465 2726 540 (9)
2765 467 2999 537 μουσικῇ
3054 464 3354 535 πεποίηκεν
3378 480 3392 495 ·
3446 464 3580 516 ἀλλά
3623 480 3733 526 τους

468 584 648 655 Lyra),
680 594 798 650 quae
824 576 1061 631 fabulam
1109 572 1428 643 Orphicam,
1469 572 1555 626 cui
1595 572 1665 625 ob
1690 584 1901 634 eorum,
1934 585 2054 638 qua:

468 679 537 730 de
561 676 675 744 ipsa
705 672 1072 731 celebrantur,
1097 665 1548 735 magnitudinem,
1573 680 1677 718 non
1706 662 1900 731 injuria
1924 661 2056 714 ﬁdes

470 768 783 834 derogatur,
835 761 938 815 sibi
991 758 1286 827 arrogavit.
1334 755 1450 808 Non
1484 755 1627 808 enim
1666 754 1810 806 feras
1851 753 2057 806 bestias

471 859 651 911 divina
679 856 766 909 illa
800 869 894 908 sua
932 851 1138 906 musica
1174 847 1294 916 capi
1329 847 1490 911 fecit;
1545 846 1641 899 sed
1678 842 1865 898 ferinis
1896 844 2059 897 mori-
2097 884 2103 889 .

475 951 573 1003 bus
599 948 856 1017 praeditos
879 945 1129 999 homines
1157 951 1466 997 mansuetos
1502 939 1754 1004 reddidit,
1783 936 2055 991 feritatem

476 1042 713 1109 ipsorum
752 1038 938 1092 mitem
975 1051 1038 1090 ac
1066 1037 1306 1091 cicurem
1351 1034 1577 1096 faciens,
1608 1041 1663 1085 et
1701 1032 1766 1084 ad
1808 1043 2059 1083 mansue-

479 1130 717 1184 tudinem
780 1145 844 1183 ac
904 1128 1330 1182 concinnitatem
1400 1123 1688 1192 quamdam
1751 1122 2062 1174 traducens.

2160 562 2444 635 θηριώδεις
2486 558 2811 631 ἀνθρώπους
2860 557 3235 621 ἐτιθάσσευσε,
3284 555 3387 626 τὴν
3442 553 3739 625 ἀγριότητα

2162 656 2345 710 αὐτῶν
2397 654 2708 724 ἐξημερῶν,
2753 652 2847 705 καὶ
2878 652 2958 713 είς
3007 651 3291 719 πραότητα
3341 648 3438 700 καὶ
3485 647 3741 715 ἁρμονίαν

2162 747 2437 801 καθιστῶν
2478 746 2648 798 Λύκοι
2678 743 2786 814 γὰρ
2806 743 2899 795 καὶ
2928 741 3116 813 ἄρνες,
3145 740 3207 791 οὐ
3238 740 3452 809 μορφῇ,
3473 736 3607 788 ἀλλά
3636 737 3744 805 τρό-

2165 857 2289 900 ποις
2318 838 2455 908 πρὸς
2483 835 2750 905 ἀλλήλους
2796 833 3177 901 σπεισάμενοι,
3211 830 3308 882 ἐπὶ
3346 828 3409 879 τὸ
3449 825 3582 879 αὐτὸ
3628 842 3743 877 συν-

2162 930 2329 1000 ῆψαν.
2368 928 2548 999 Ἀψας
2604 926 2787 979 τοίνυν
2830 923 3046 992 ἐκείνης
3106 921 3206 990 τῆς
3242 918 3440 990 λύρας,
3475 918 3568 970 καί
3604 918 3744 968 πᾶσα

2169 1024 2203 1092 ἡ
2234 1023 2329 1075 νῦν
2361 1024 2418 1074 ἐν
2457 1021 2541 1073 σοὶ
2592 1017 2898 1090 χορεύουσα
2949 1012 3191 1081 ἀκοσμία
3222 1012 3407 1064 τέλεον
3450 1011 3739 1080 οἰχήσεται,

2173 1116 2269 1170 καὶ
2302 1115 2700 1186 παραχωρήσει
2730 1113 2799 1182 τῇ
2834 1107 3084 1179 ἐνάρθρῳ
3112 1105 3296 1175 ἐκείνῃ
3328 1105 3584 1174 μουσικῇ.

479 1228 616 1297 Lupi
658 1227 800 1281 enim
849 1234 902 1281 et
948 1224 1093 1292 agni,
1131 1238 1236 1277 non
1267 1221 1442 1276 forma
1492 1220 1587 1273 sed
1622 1218 1884 1283 moribus,
1933 1230 2069 1285 pace
2109 1213 2337 1267 invicem
2385 1212 2531 1266 facta
2597 1212 2651 1265 in
2695 1210 2838 1264 idem
2906 1216 3298 1264 convenerunt.
3337 1206 3557 1274 Attinge
3593 1204 3739 1274 igitur

491 1317 635 1371 illam
675 1321 862 1389 lyram.
916 1316 993 1369 Ila
1031 1316 1142 1379 ﬁet,
1186 1322 1245 1366 ut
1294 1311 1493 1375 omnis,
1542 1325 1660 1379 quae
1707 1323 1850 1363 nunc
1893 1308 1948 1362 in
2006 1317 2059 1363 te
2098 1305 2354 1371 exsultat,
2417 1304 2623 1359 ruditas
2695 1312 2859 1371 atque
2899 1300 3199 1365 insulsitas,
3236 1313 3462 1366 prorsus
3491 1298 3640 1352 abeat
3690 1308 3737 1354 et

491 1413 769 1467 concinnae
800 1409 878 1463 illi
914 1411 1132 1463 musicae
1160 1405 1464 1462 concedens
1497 1403 1673 1458 locum
1706 1403 1816 1457 det.

609 1547 771 1620 5139
802 1545 1057 1602 ccxxv.
1093 1577 1162 1589 -
1189 1540 1576 1601 ΕυῡΑΞΜΟΝΙ
1622 1524 1945 1595 DIACONOI

2428 1535 2602 1589 EKE'.
2652 1561 2728 1573 -—
2757 1533 3143 1586 ΕΥΔΑΙΜΟΝΙ
3174 1534 3494 1606 ΔΙΑΚΟΝῼ.

488 1660 685 1716 Contra
729 1658 968 1713 Judwos.
1014 1655 1112 1737 (ibi
1154 1667 1199 1709 et
1244 1654 1461 1737 {oscphj
1502 1654 1646 1707 locus
1690 1653 1754 1706 de
1795 1651 2072 1708 Saluatore

2203 1652 2365 1737 {arti
2406 1649 2725 1737 'I‘ovb‘glcgv.
2764 1648 2990 1736 :EMa’
3010 1646 3114 1728 ora}
3181 1647 3503 1737 ζζω-σήπου,
3544 1646 3738 1715 χρῆσις

935 1728 1146 1781 totidem
1168 1725 1338 1779 verbis
1367 1715 1615 1793 refertur.

2320 1719 2587 1789 περὶτοῦ
2621 1715 2898 1786 Σωτῆρος
2922 1717 3135 1784 αὑταῖς
3163 1716 3377 1782 λέξεσι
3404 1716 3609 1770 κεῖται.

564 1881 827 1950 Quoniam
859 1888 915 1935 et
935 1873 1139 1934 Graecis
1169 1887 1223 1932 et
1254 1876 1505 1932 barbaris
1535 1883 1590 1930 et
1620 1874 1868 1929 omnibus
1893 1872 2071 1926 omni-
2101 1846 2146 1901 Β

493 1990 563 2030 no
612 1973 917 2028 hominibus
970 1972 1217 2034 videtur,
1268 1978 1323 2024 et
1364 1968 1487 2037 jure
1533 1967 1787 2035 quidem,
1841 1965 2078 2019 hostium

494 2066 867 2122 testimonium
901 2064 1005 2118 ﬁde
1030 2064 1286 2132 dignum;
1316 2059 1482 2115 Judaei
1515 2074 1643 2113 vero
1672 2072 1890 2112 omnem
1919 2072 2081 2111 exce-

498 2163 688 2215 dentes
711 2158 1109 2228 improbitatem
1140 2169 1244 2208 non
1274 2154 1446 2208 solum
1475 2150 1752 2219 prophetis
1783 2149 1943 2203 ﬁdem
1975 2164 2081 2202 non

498 2252 825 2315 habuerunt,
873 2250 966 2302 sed
995 2246 1283 2316 nequidem
1330 2245 1429 2313 ipsi
1467 2241 1613 2307 Deo;
1658 2240 1867 2295 exstitit
1905 2248 2082 2292 autem

499 2341 768 2410 Josephus
816 2340 1060 2409 quidam,
1110 2336 1329 2391 Judazus
1382 2348 1626 2388 summus
1679 2339 1734 2385 et
1784 2328 2085 2384 acerrimus

501 2433 638 2502 legis
678 2436 1082 2500 propugnator,
1133 2426 1337 2495 quique
1374 2421 1542 2477 Vetus
1580 2420 1986 2475 Testamentum
2016 2433 2085 2473 ex

505 2525 612 2579 ﬁde
642 2523 754 2577 veri
781 2518 1193 2591 paraphrastice
1215 2516 1483 2587 exposuit,
1514 2523 1569 2568 et
1593 2527 1692 2583 pro
1723 2511 1922 2567 Judteis
1950 2521 2089 2566 stre-

506 2617 769 2672 nuissime
819 2612 1221 2679 fortissimeque
1276 2625 1334 2664 se
1382 2608 1568 2677 gessit,
1621 2620 1686 2659 ac
1754 2618 1851 2675 per
1906 2605 2089 2658 omnia

507 2712 744 2779 ipsorum
787 2721 873 2759 res
924 2703 1173 2756 meliores
1222 2713 1385 2770 quam
1430 2697 1537 2751 dici
1585 2694 1781 2765 possit,
1832 2693 2088 2758 ostendit,

509 2813 689 2853 rerum
720 2805 901 2850 autem
930 2791 1148 2846 veritati
1171 2790 1366 2846 cedere
1400 2788 1651 2857 dignatus
1680 2795 1763 2840 est
1789 2783 1918 2856 (non
1945 2783 2090 2838 enim

512 2895 797 2963 impiorum
825 2888 1147 2945 sententiam
1179 2891 1398 2939 secutus
1423 2880 1525 2951 est)
1568 2878 1940 2936 necessarium
1974 2891 2095 2932 esse

513 2986 806 3039 arbitratus
839 2997 979 3044 sum,
1017 2979 1186 3047 ipsius
1220 2976 1384 3030 verba
1419 2987 1712 3044 apponere.
1760 2971 1896 3037 Quid
1933 2970 2096 3039 igitur

514 3076 624 3131 ait?
661 3094 680 3127 ι
709 3074 910 3129 Eodem
943 3081 1183 3139 tempore
1213 3068 1314 3122 fuit
1342 3065 1522 3132 Jesus,
1555 3065 1638 3119 vir
1667 3064 1906 3133 sapiens,
1936 3062 1979 3116 si
2016 3070 2097 3114 ta-

516 3181 637 3221 men
670 3166 840 3219 virum
883 3178 1006 3216 eum
1041 3161 1120 3214 fas
1147 3168 1231 3213 est
1258 3158 1461 3213 dicere.
1511 3157 1642 3210 Erat
1690 3156 1832 3209 enim
1880 3152 2099 3206 mirabi-

516 3260 647 3314 lium
681 3271 903 3327 operum
930 3260 1195 3323 patrator,
1226 3260 1282 3305 et
1312 3249 1504 3303 doctor
1530 3263 1716 3302 eorum
1748 3246 1837 3314 qui
1867 3245 2099 3298 libenter

516 3365 645 3405 vera
680 3346 984 3417 suspiciunt
1024 3363 1038 3399 :
1071 3343 1446 3409 plurimosque
1479 3349 1584 3394 tam
1613 3339 1681 3393 de
1707 3336 1909 3393 Judaeis
1937 3350 2098 3404 quam

520 3444 587 3499 de
627 3440 874 3511 gentibus
919 3444 1217 3491 sectatores
1269 3432 1480 3487 babuit.
1518 3431 1771 3484 Christus
1811 3428 1899 3482 bic
1937 3434 2096 3480 erat:

521 3548 681 3604 quem
713 3537 1023 3585 accusatum
1053 3541 1081 3579 a
1108 3518 1308 3579 nostrae
1338 3521 1513 3591 gentis
1539 3517 1870 3588 principibus
1899 3516 2102 3570 Pilatus

522 3640 643 3679 cum
698 3620 957 3675 alﬁxisset
998 3616 1168 3678 cruci,
1224 3614 1575 3669 nihilominus
1624 3626 1730 3665 non
1781 3609 2105 3663 destiterunt

523 3727 644 3766 eum
672 3710 915 3778 diligere,
948 3708 1036 3775 qui
1062 3708 1129 3759 ab
1158 3706 1310 3759 initio
1334 3711 1628 3769 creperant.
1660 3699 1925 3768 Apparuit
1955 3699 2101 3751 enim

525 3804 605 3859 eis
635 3801 795 3857 tertia
825 3800 914 3854 die
946 3801 1127 3863 vivus,
1156 3798 1233 3851 ita
1264 3805 1324 3849 ut
1354 3794 1611 3847 divinitus
1637 3791 1703 3845 de
1734 3805 1799 3843 eo
1828 3798 1975 3843 vates
2002 3789 2106 3842 hoc

525 3904 582 3950 et
610 3894 715 3947 alia
742 3890 908 3946 multa
942 3889 1181 3943 miranda
1206 3886 1590 3956 praedixerunt.
1627 3881 1692 3934 Et
1724 3895 1895 3949 usque
1926 3880 1977 3934 in
2006 3880 2104 3932 bo-

527 3988 776 4042 diernum
822 3981 1259 4037 Christianorum
1296 3990 1491 4045 genus,
1542 3973 1610 4027 ab
1644 3974 1747 4027 hoc
1793 3970 2107 4025 denomina-

529 4090 664 4141 tum,
698 4088 805 4129 non
840 4071 1041 4127 deﬁcit.
1088 4089 1108 4122 ›
1161 4067 1460 4141 [Hactenus
1490 4060 1806 4134 Josephus.]
1836 4060 1949 4131 Ego
1978 4076 2107 4116 vero

530 4181 651 4222 cum
679 4162 864 4218 multis
892 4161 1013 4215 aliis
1043 4160 1094 4213 in
1127 4160 1287 4213 rebus
1310 4156 1467 4209 valde
1493 4155 1662 4208 miror
1693 4152 1926 4206 hominis
1958 4165 2107 4203 vera-

530 4256 772 4319 citatem,
810 4261 919 4305 tum
949 4262 1079 4303 vero
1112 4248 1196 4302 vel
1243 4245 1480 4300 maxime
1524 4244 1578 4298 in
1615 4242 1721 4297 illis
1752 4242 1954 4304 verbis,
1985 4255 2106 4294 cum

530 4347 645 4411 ait,
700 4344 949 4399 «Doctor
1007 4340 1323 4401 hominum,
1386 4336 1475 4405 qui
1540 4335 1769 4389 libenter
1827 4332 2108 4386 veritatem

529 4437 852 4507 suscipiunt.
886 4453 904 4485 ι
955 4432 1090 4487 Sunt
1117 4431 1260 4485 enim
1289 4429 1379 4497 qui
1405 4437 1647 4482 extrema
1678 4425 1986 4477 laborantes
2019 4437 2109 4476 so-

2261 1875 2481 1946 Ἐπειδὴ
2519 1874 2616 1929 καὶ
2655 1872 2884 1943 Ἕλλησι
2932 1871 3029 1924 καὶ
3092 1868 3413 1941 βαρϐάροις,
3455 1868 3547 1921 καὶ
3593 1870 3739 1920 πᾶσιν

2182 1967 2496 2038 ἀνθρώποις
2543 1969 2579 2036 ἡ
2607 1964 2717 2019 τῶν
2750 1962 2963 2035 ἐχθρῶν
3014 1961 3298 2034 μαρτυρία
3345 1961 3569 2021 εἰκότως
3609 1960 3742 2012 δοκεῖ

2182 2061 2468 2131 ἀξιόχρεος
2494 2054 2657 2124 εἶναι,
2704 2056 2952 2109 Ἰουδαῖοι
2994 2053 3052 2107 δὲ
3084 2056 3270 2107 πᾶσαν
3299 2050 3743 2122 ὑπερὸαλλόμενοι

2186 2152 2407 2214 κακίαν,
2442 2150 2502 2203 οὐ
2547 2149 2708 2220 μόνον
2755 2149 2869 2210 τοῖς
2909 2146 3223 2217 προφήταις
3268 2144 3370 2197 οὐκ
3419 2141 3741 2201 ἐπίστευσαν,

2189 2244 2305 2299 ἀλλ’
2330 2242 2453 2295 οὐδὲ
2508 2239 2661 2310 αὐτῷ
2701 2238 2781 2309 τῷ
2827 2237 2947 2308 Θεῷ
2973 2252 2989 2269 ·
3035 2235 3255 2305 ἐγένετο
3300 2234 3358 2287 δέ
3385 2251 3472 2297 τις
3507 2233 3743 2303 Ἰώσηπος

2199 2335 2449 2397 Ἰουδαῖος
2491 2332 2660 2401 ἄκρος
2709 2328 2929 2384 καὶτοῦ
2983 2328 3153 2399 νόμου
3208 2324 3480 2395 ζηλωτὴς,
3531 2324 3619 2375 καὶ
3656 2321 3742 2390 τὴν

2190 2422 2436 2477 Παλαιὰν
2460 2420 2738 2490 Διαθήκην
2775 2417 2915 2489 μετὰ
2957 2415 3214 2487 ἀληθείας
3254 2413 3635 2485 παραφράτας,
3663 2412 3744 2462 καὶ

2191 2514 2333 2583 ὑπὲρ
2382 2510 2654 2565 Ἰουδαίων
2699 2508 2896 2578 ἄριστα
2949 2505 3368 2577 ἀνδρισάμενος,
3418 2501 3560 2556 κατά
3588 2501 3745 2554 πάντα

2190 2618 2249 2654 τε
2268 2599 2338 2653 τὰ
2357 2598 2580 2651 ἐκείνων
2603 2596 2890 2667 κρείττονα
2915 2594 3079 2662 λόγου
3106 2592 3450 2661 ἀποφαίνων,
3477 2592 3543 2659 τῇ
3570 2587 3623 2640 δὲ
3650 2586 3745 2639 τῶν

2193 2691 2541 2762 πραγμάτων
2570 2688 2801 2760 ἀληθείᾳ
2831 2687 3240 2759 παραχωρῆσαι
3273 2683 3514 2750 ἀξιώσας
3535 2699 3550 2713 ο
3575 2682 3632 2734 οὐ
3653 2680 3747 2750 γὰρ

2194 2784 2436 2855 ἐζήλωσε
2448 2770 2554 2835 τῶν
2567 2778 2779 2833 ἀσεϐῶν
2795 2779 2892 2847 τὴν
2916 2777 3165 2847 γνώμην·
3189 2777 3487 2843 ἀναγκαῖον
3503 2767 3645 2841 οἶμαι
3663 2770 3747 2832 τὰς

2196 2875 2409 2929 ἐκείνου
2441 2870 2787 2942 παραθέσθαι
2818 2872 3024 2941 ῥήσεις.
3060 2866 3127 2919 Τί
3164 2862 3263 2930 οὖν,
3285 2880 3461 2935 φησις
3496 2882 3514 2914 ι
3560 2863 3748 2915 Γίνεται

2196 2967 2254 3021 δὲ
2285 2967 2397 3037 (10)
2430 2967 2549 3018 κατ’
2594 2965 2805 3017 ἐκεῖνον
2836 2961 2926 3013 τὸν
2970 2959 3164 3031 χρόνον
3195 2958 3308 3028 (Η)
3353 2956 3579 3028 Ἰησοῦς,
3610 2953 3749 3021 σοφὸς

2198 3060 2358 3130 ἀνὴρ,
2382 3060 2435 3110 εί
2454 3074 2517 3125 γε
2539 3055 2703 3109 αὐτὸν
2725 3053 2893 3123 ἄνδρα
2930 3051 3114 3105 λέγειν
3131 3045 3380 3120 χρή.⁷Ην
3402 3047 3513 3117 γὰρ
3541 3044 3753 3115 παραδό-

2202 3152 2307 3219 ξων
2325 3149 2502 3218 ἔργων
2531 3147 2785 3218 ποιητὴς,
2812 3143 3137 3205 διδάσκαλος
3156 3140 3461 3212 ἀνθρώπων
3483 3138 3586 3191 τῶν
3614 3136 3751 3207 ἡδονῇ

2201 3244 2412 3315 τάληθῆ
2448 3241 2779 3315 δεχομένωνζ
2813 3239 2905 3293 καὶ
2925 3235 3151 3298 πολλοὺς
3177 3234 3275 3305 μὲν
3312 3231 3619 3293 Ἰουδαίους,
3645 3227 3755 3280 πολ-

2201 3314 2336 3400 λοὺς
2371 3337 2428 3390 δὲ
2457 3336 2551 3389 καὶ
2578 3334 2672 3387 τοῦ
2726 3314 3039 3402 Ἐλληνικοῦ
3068 3328 3401 3397 ἐπηγάγετο.
3455 3326 3515 3377 Ὀ
3546 3320 3755 3392 Χριστὸς

2201 3423 2355 3491 οὗτος
2403 3423 2493 3496 ἦν,
2534 3425 2630 3479 καὶ
2680 3423 2841 3476 αὐτὸν
2888 3418 3112 3483 ἐνδείξει
3153 3435 3261 3470 των
3291 3414 3527 3485 πρώτων
3568 3411 3755 3482 ἀνδρῶν

2204 3523 2336 3592 παρ’
2403 3521 2537 3590 ἡμῖν
2598 3514 2821 3586 σταυρῷ
2853 3509 3308 3580 ἐπιτετιμηκότος
3356 3505 3613 3569 Πιλάτου,
3670 3503 3756 3553 οὐκ

2202 3611 2516 3665 ἐπαύσαντο
2542 3611 2592 3662 οἱ
2613 3610 2674 3660 τὸ
2713 3606 2934 3676 πρῶτον
2977 3603 3388 3671 ἀγαπήσαντες.
3439 3596 3637 3666 Ἐφάνη
3664 3593 3756 3659 γὰρ

2202 3704 2388 3763 αὐτοῖς
2418 3700 2610 3771 τρίτην
2645 3697 2785 3767 ἔχων
2836 3694 3053 3766 ἡμέραν
3097 3690 3259 3743 πάλιν
3308 3686 3438 3751 ζῶν,
3484 3685 3590 3737 τῶν
3620 3683 3758 3735 θείων

2206 3791 2501 3863 προφητῶν
2550 3788 2728 3843 ταῦτά
2769 3804 2829 3840 τε
2879 3785 3009 3856 περὶ
3056 3780 3246 3844 αὐτοῦ,
3292 3779 3387 3833 καὶ
3438 3777 3574 3832 ἄλλα
3614 3774 3760 3845 μυρία

2206 3884 2486 3954 θαυμάσια
2533 3880 2855 3952 εἰρηκότων.
2889 3878 2984 3941 Εἰς
3016 3877 3075 3929 δὲ
3107 3879 3170 3929 τὸ
3201 3873 3295 3927 νῦν
3335 3871 3449 3942 (1‘2)
3488 3870 3598 3922 τῶν
3644 3869 3762 3936 Χρι-

2212 3976 2463 4041 στιανῶν,
2495 3974 2605 4029 ἀπὸ
2637 3972 2792 4026 τοῦδε
2835 3968 3266 4040 ὠνομασμένων,
3318 3966 3420 4018 οὐκ
3471 3964 3685 4016 ἐπέλιπε
3712 3958 3761 4012 τὸ

2212 4067 2395 4136 φῦλον.
2432 4084 2452 4117 ι
2500 4062 2643 4132 Ἐγὼ
2676 4063 2733 4115 δὲ
2775 4060 2895 4114 λίαν
2923 4056 3190 4129 θαυμάζω
3219 4055 3447 4125 τάνδρὸς
3471 4056 3529 4106 ἐν
3577 4052 3763 4110 πολλοῖς

2214 4160 2313 4230 μὲν
2345 4158 2407 4211 τὸ
2455 4156 2751 4225 φιλάληθες
2776 4170 2791 4184 ’
2847 4152 3084 4223 μαλίστα
3118 4151 3194 4213 δὲ,
3228 4151 3285 4201 ἐν
3334 4144 3417 4211 οἷς
3445 4143 3586 4209 εἷπε,
3634 4165 3649 4196 ι
3688 4147 3764 4195 Δι-

2208 4249 2473 4311 δάσκαλος
2503 4246 2805 4317 ἀνθρώπων
2831 4243 2939 4296 τῶν
2981 4243 3143 4314 ἡδονῇ
3173 4239 3381 4310 τάληθῆ
3413 4238 3725 4309 δεχομένων,
3747 4251 3762 4282 ι

2212 4343 2333 4395 Εἰσὶ
2366 4342 2476 4412 γὰρ
2522 4341 2571 4393 οί
2604 4339 2671 4392 δι’
2716 4335 3134 4407 ἀνυπέρϐλητον
3178 4332 3475 4406 ρᾳθυμίαν,
3526 4324 3601 4383 ὧν
3648 4328 3766 4397 ἦσαν

2213 4435 2308 4488 καὶ⁸
2339 4435 2390 4487 οἱ
2423 4432 2831 4501 ἀπιστήσαντες
2865 4428 3132 4493 Ἰουδαῖοι,
3164 4426 3258 4480 καί
3279 4425 3347 4478 τὰ
3378 4424 3501 4477 λίαν
3523 4424 3662 4491 σαφῆ
3690 4419 3767 4470 καὶ

529 4528 739 4597 cordia,
767 4538 821 4581 et
848 4522 1091 4579 inﬁdeles
1115 4520 1310 4585 Judaai,
1333 4518 1424 4588 qui
1451 4517 1615 4571 etiam
1642 4514 1798 4569 valde
1828 4513 2095 4582 perspicu:

2217 4524 2336 4577 θεῖα
2368 4522 2839 4594 περιγραφόμενοι
2896 4520 3034 4591 (15),
3074 4519 3181 4572 ἀπὸ
3208 4518 3312 4587 τῆς
3358 4516 3568 4576 οἰκείας
3624 4510 3767 4581 ρᾳθυ-

531 4630 693 4688 atque
741 4617 921 4673 divina
975 4614 1304 4683 rejicientes,
1351 4626 1417 4665 ex
1468 4623 1563 4663 sua
1610 4607 1791 4676 potius
1834 4604 2107 4669 vecordia,

532 4725 695 4779 quam
725 4724 789 4763 ex
837 4722 1017 4760 rerum
1068 4706 1303 4774 ipsarum
1345 4698 1678 4755 obscuritate
1723 4695 1902 4749 ferant
1931 4695 2112 4749 ealcu-

533 4801 668 4854 lum.
719 4798 777 4853 Si
822 4798 985 4867 igitur
1033 4797 1199 4850 etiam
1251 4794 1436 4847 hostes
1471 4788 1688 4844 veritati
1738 4801 1797 4840 se
1839 4799 2112 4854 opponere

537 4891 654 4947 ausi
690 4905 795 4944 non
848 4887 1106 4952 fuerunt,
1152 4885 1277 4957 quis
1325 4882 1416 4938 ille
1467 4881 1573 4936 erit
1625 4888 1735 4932 tam
1781 4876 2111 4941 obstinatus,

535 4982 627 5053 qui
655 4979 787 5034 nolit
816 4979 1070 5048 deinceps
1105 4978 1265 5033 ﬁdem
1294 4973 1558 5031 adbibere
1582 4971 1747 5025 rebus
1777 4966 1891 5023 sole
1919 4966 2113 5022 clario-

536 5075 684 5130 ribus
700 5071 723 5125 ί

2221 4618 2372 4688 μίας,
2407 4616 2523 4668 ἀλλ’
2569 4616 2670 4668 οὐκ
2708 4613 2817 4667 ἀπὸ
2857 4612 2960 4680 τῆς
2993 4612 3102 4664 τῶν
3136 4609 3485 4681 πραγμάτων
3529 4601 3767 4671 ἀσαφείας

2218 4709 2482 4779 φέροντες
2529 4707 2627 4778 τὴν
2662 4706 2864 4776 ψῆφον.
2913 4703 2978 4757 Εἰ
3026 4702 3206 4755 τοίνυν
3253 4703 3351 4754 καὶ
3399 4701 3452 4753 oi
3503 4696 3681 4767 ἐχθροί
3714 4692 3766 4760 τῇ

2217 4799 2446 4871 ἀληθείᾳ
2481 4798 2801 4868 ἀντιϐλέψαι
2832 4798 2933 4850 οὐκ
2964 4796 3289 4866 ἐτόλμησαν,
3314 4792 3398 4855 τίς
3422 4792 3454 4844 ὁ
3482 4787 3768 4857 ἀπιστήσων

2219 4894 2331 4954 τοῖς
2355 4890 2509 4961 ἡλίου
2544 4888 2954 4961 φανερωτέροις
2991 4886 3352 4959 πράγμασιν;

1627 5233 1858 5291 VABIAE
1891 5231 2274 5290 LECTIONES
2311 5232 2400 5288 ET
2440 5229 2673 5288 ΝΟΤᾹΞ.

609 5428 711 5498 (9)“
738 5425 899 5498 ljuta,
929 5421 1118 5498 eodem
1168 5428 1412 5498 auctore,
1456 5414 1579 5498 θείᾳ
1623 5413 1690 5498 ill
1711 5412 1912 5484 οἰκείᾳ.
1960 5409 2116 5467 Vers.

540 5485 719 5554 inde?)
749 5485 894 5563 διψας
916 5507 982 5548 ex
1006 5493 1193 5563 eode_m
1224 5499 1371 5563 verte
1394 5489 1445 5563 i_u
1470 5485 1623 5563 ἅψαι.
1653 5485 1867 5563 Possm.

611 5564 723 5638 (ιο)
750 5550 990 5638 Γίνεται
1012 5562 1100 5615 δέ.
1122 5550 1754 5638 Iestimoniurii'loseplii
1770 5551 1896 5608 Jud.
1922 5550 2118 5638 histor.

541 5621 865 5691 de‘Cbristo
903 5641 1082 5689 exstat
1122 5631 1213 5684 lib.
1265 5643 1420 5682 xvut.
1472 5621 1860 5694 Ἀρχαιολογη
1908 5636 2027 5692 Cap.
2062 5621 2120 5676 4.

543 5708 723 5845 Βιᾶνιί.)
753 5772 884 5830 Cod.
916 5770 1043 5827 Vat.
1068 5769 1195 5835 650,
1226 5767 1439 5838 καιρόν,
1466 5765 1673 5823 Possm.

2303 5410 2417 5481 (12)
2444 5409 2564 5483 -Εά,
2611 5408 2815 5483 Paris"
2859 5408 2934 5462 ίδε
2977 5408 3157 5464 τοίνυν
3200 5411 3312 5464 τῶν
3570 5412 3662 5465 οὖγ
3696 5406 3769 5472 ἐξ·

2228 5479 2405 5533 ἐλιπε.
2433 5480 2688 5535 Codicem
2716 5479 3035 5533 Vaticanum
3060 5479 3451 5549 sequimur,"ut
3486 5483 3625 5535 infra
3652 5496 3765 5534 vers.

2228 5550 2355 5621 inde
2383 5559 2601 5621 quarto,
2632 5550 2722 5603 ubi
2748 5553 2835 5604 ed.
2862 5549 3037 5621 Paris.
3067 5552 3148 5604 sic
3182 5552 3433 5620 legebat:
3464 5552 3585 5605 Εἰσί
3618 5550 3770 5621 γὰροί

2226 5620 2403 5691 ἀνυπ.Δ
2421 5620 2545 5691 ego.
2574 5623 2916 5691 νοσήσαντες,
2937 5620 3030 5673 καὶ
3052 5621 3098 5673 οί
3123 5621 3310 5674 ἀπιστ.
3354 5623 3514 5676 Ἰουδ·
3540 5624 3685 5676 Enn.

2301 5675 2586 5761 (15)]ἱ1εῃι
2618 5675 2739 5745 eod.
2780 5675 3448 5761 νοιῗπαραγραφόμενοι,
3651 5702 3768 5745 rers.

2231 5759 2348 5831 seq.
2374 5759 2643 5830 ἀσαφείας
2676 5770 2852 5816 mutat
2895 5762 2948 5818 in
2986 5759 3308 5830 ἀσφαλείας.
3345 5762 3559 5820 Possm.
