3906 6416
138 418 245 488 1321

578 529 770 597 Exq'.
815 559 883 570 —
933 531 1186 602 ΠΛΥΛῼ.

137 629 242 680 Ὀτι
256 640 358 693 χρη
377 622 518 687 τοὺς
545 621 622 690 τῇ
647 622 919 693 ὀρθότητι
939 621 1058 673 τῶν
1077 605 1388 689 δοκημάτων
1411 623 1680 691 λάμπον-

193 692 308 758 τας,
355 694 452 745 καὶ
483 693 590 746 τόν
646 694 796 756 ¹βίον
828 692 996 760 ἔχειν
1055 693 1136 757 τῷ
1217 695 1362 762 λόγῳ
1423 693 1678 762 συντρέ-

187 779 348 834 χοντα
367 763 499 833 (14).

189 879 242 931 Εἰ
268 864 498 943 νικῶμεν
520 876 859 946 αἱρετικοὺς,
880 876 1154 946 Ἕλληνάς
1178 893 1237 928 τε
1267 876 1360 930 καὶ
1393 875 1681 938 Ἰουδαίους

133 967 202 1018 διὰ
223 967 310 1034 τὴν
351 963 460 1018 τῶν
493 963 782 1034 δογμάτων
815 965 1082 1036 ὀρθότητα
1103 1007 1118 1031 ,
1158 965 1358 1019 δίκαιοι
1388 965 1454 1018 ἂν
1487 965 1681 1034 εἴημεν

133 1060 211 1110 καὶ
237 1060 288 1109 ὲν
316 1059 426 1120 τοῖς
461 1057 648 1129 ἔργοις
693 1061 892 1124 αὐτοὺς
927 1062 1152 1131 νικῆσαι
1197 1061 1334 1132 (15),
1363 1061 1450 1113 ἵνα
1479 1060 1554 1131 μὴ
1585 1061 1681 1130 ἡτ-

131 1150 324 1219 τώμενοι
348 1151 407 1202 ὲν
449 1152 667 1221 ἐκείνῳ,
703 1154 762 1205 ἐν
805 1154 980 1223 τούτῳ
1032 1155 1192 1225 νικᾷν
1222 1153 1509 1224 νομίσωσι,
1546 1152 1680 1223 μηδὲ

131 1242 440 1311 προφέρωσιν
474 1245 607 1313 ἡμῖν
641 1245 733 1299 τὸν
766 1245 903 1315 βίον,
944 1247 994 1299 οἱ
1017 1247 1120 1317 τὴν
1146 1247 1332 1301 πίστιν
1360 1249 1679 1319 ἀρνησάμε-

129 1351 208 1385 νοι·
237 1335 357 1404 μηδὲ
389 1334 573 1403 λέγειν
609 1336 806 1407 ἔχοιεν,
841 1339 908 1391 Οί
943 1341 1076 1410 περὶ
1107 1338 1178 1392 τὰ
1200 1339 1340 1408 δῆλα
1368 1341 1676 1405 πταίοντες,

261 1424 475 1489 ἀξιοῦτε
510 1426 866 1482 πιστεύεσθαι
919 1428 1030 1500 (16)
1090 1431 1222 1502 περὶ
1262 1431 1372 1485 τῶν
1423 1431 1675 1502 ἁδήλωνς

126 1517 177 1569 Εἰ
196 1515 290 1585 γὰρ
312 1519 407 1569 καὶ
436 1517 857 1589 προηγούμενὼ
879 1522 995 1574 ἐστι
1023 1522 1119 1574 καὶ
1141 1522 1678 1592 κεφαλαιωδέστερον

122 1610 150 1677 ἠ
187 1609 450 1673 εὑσέὄεια,
496 1609 614 1662 ἀλλ’
654 1606 749 1665 οὖν
770 1627 834 1680 γε
862 1612 1055 1682 χρείαν
1095 1613 1212 1683 ἔχει
1260 1614 1483 1682 καὶτῆς
1511 1615 1678 1684 ὀρθῆς

124 1700 390 1765 πολιτείας,
422 1700 513 1754 ἵνα
535 1702 851 1771 τελειοτάτη
882 1705 978 1756 καὶ
1003 1705 1283 1775 ἀκροτάτη
1307 1708 1341 1774 ἡ
1379 1704 1676 1774 εὐδοκίμη-

123 1815 193 1861 σις
217 1797 575 1870 ἁποφανθείη.
618 1799 730 1852 Καὶ
758 1799 972 1864 τούτοις
1030 1801 1425 1872 ὲπιψηφίζεται
1461 1803 1496 1872 ή
1555 1800 1676 1854 θεία

937 413 1474 483 ΕΡΙΞΤΟῙΑΑΒΠΜ
1509 415 1655 485 LIB.
1701 416 1801 486 IV.
1840 449 1910 459 —
1937 421 2175 482 EPIST.
2217 422 2578 483 CCXXVII].

3237 419 3373 486 1322

2244 529 2523 585 CCXXV].
2556 558 2624 571 -—
2660 526 2910 583 PAULO.

1790 622 2045 692 Oportere
2063 639 2172 688 eos,
2204 625 2295 693 qui
2325 618 2468 678 recta
2497 623 2600 687 ﬁde
2625 624 2931 692 dogmatum
2959 622 3184 691 fulgent,
3208 625 3373 679 vitam

2034 710 2238 764 quoque
2273 696 2425 748 verbo
2455 703 2862 748 consentaneum
2892 693 3102 748 habere.

1858 879 1916 933 Si
1949 880 2218 934 vincimus
2266 880 2584 944 haereticos,
2635 893 2690 934 et
2742 894 2999 948 paganos,
3048 892 3106 934 et
3159 881 3374 939 Judaaos

1783 971 2098 1040 dogmatum
2145 971 2486 1036 rectitudine,
2519 985 2730 1040 arquum
2763 971 2924 1026 tulerit
2951 971 3171 1026 eosdem
3206 974 3373 1028 etiam

1782 1061 2036 1131 operibus
2064 1063 2302 1126 vincere,
2333 1078 2400 1118 ne
2435 1063 2489 1117 in
2520 1061 2612 1116 illo
2641 1062 2790 1126 victi,
2839 1063 2892 1116 in
2929 1062 3033 1116 hoc
3064 1077 3124 1117 se
3156 1064 3376 1119 vincere

1783 1154 2135 1221 arbitrentur,
2171 1169 2347 1222 neque
2378 1155 2546 1208 vitam
2580 1154 2734 1208 nobis
2766 1153 3066 1222 proferant,
3091 1154 3184 1222 qui
3214 1154 3372 1208 [idem

1783 1247 2144 1318 abnegarnnt,
2195 1262 2368 1316 neque
2393 1248 2634 1316 objicere
2683 1247 2887 1316 possint
2916 1247 3045 1300 talia
3073 1246 3320 1316 quaedam
3359 1265 3372 1302 :

1782 1356 1878 1395 vos
1907 1340 2000 1410 qui
2028 1341 2174 1394 circa
2207 1356 2270 1395 ea
2303 1355 2424 1409 quae
2455 1339 2736 1394 manifesta
2785 1349 2913 1392 sunt
2940 1339 3372 1406 hallucinamini,

1779 1447 1888 1502 qua
1935 1434 2113 1487 fronte
2177 1433 2462 1502 postulatis
2522 1435 2591 1488 de
2639 1432 2707 1488 iis
2754 1448 2876 1501 quae
2941 1432 3152 1488 occ-ulta
3213 1443 3377 1502 atque

1781 1523 2012 1579 obscura
2054 1535 2212 1587 sunt,
2257 1525 2411 1579 vobis
2463 1524 2622 1578 ﬁdem
2670 1524 2895 1579 haberi?
2965 1523 3122 1594 551
3191 1523 3376 1591 Quan-

1779 1631 1942 1682 quam
1975 1618 2118 1671 enim
2149 1617 2404 1686 princeps
2431 1626 2596 1687 atque
2625 1618 2895 1684 praecipua
2943 1627 3024 1671 est
3065 1618 3260 1684 pietas,
3295 1625 3376 1669 ta-

1778 1722 1903 1761 men
1935 1721 2072 1777 opus
2095 1708 2147 1762 ei
2180 1717 2266 1761 est
2293 1707 2458 1762 etiam
2487 1716 2632 1761 recta
2661 1709 2941 1777 probaque
2965 1707 3094 1772 vita,
3122 1717 3183 1760 ut
3209 1709 3377 1762 abso-

1781 1796 2054 1853 lutissima
2086 1813 2149 1854 ac
2182 1813 2394 1853 summa
2422 1799 2494 1854 sit
2530 1798 2704 1856 laudis
2736 1799 3020 1868 perfectio.
3072 1800 3251 1869 Atque
3289 1801 3374 1856 his

125 1890 153 1941 Γ
159 1891 304 1962 ραφὴ,
362 1890 693 1959 φάσκουσα·
745 1909 766 1942 ι
818 1890 883 1944 Ἠ
915 1891 1102 1955 πίστις
1131 1891 1304 1964 χωρὶς
1355 1891 1466 1944 τῶν
1503 1891 1677 1962 ἔργων

1790 1878 1904 1960 quae
1937 1892 2049 1947 dixi
2084 1893 2407 1962 astipulatur
2438 1907 2653 1961 quoque
2685 1892 2864 1946 divina
2909 1891 3215 1961 Scriptura,
3247 1907 3372 1948 cum

120 1981 264 2052 νεκρά
283 1982 420 2035 ἐστι.
461 1999 481 2033 ι
518 1982 694 2036 Παντὶ
729 1981 913 2035 τοίνυν
945 1981 1124 2035 σθένει
1149 1983 1230 2046 είς
1261 1981 1362 2053 τὴν
1389 1985 1489 2053 τῆς
1529 1981 1682 2035 πολι-

119 2074 245 2135 τείας
291 2073 584 2144 ἀκρίϐειαν
641 2075 871 2137 ἑαυτοὺς
929 2073 1336 2145 συνελάσωμεν,
1387 2075 1476 2127 ἵνα
1537 2075 1682 2129 κατὰ

115 2165 572 2230 ωάντανικῶντες,
613 2166 710 2219 καὶ
751 2165 1018 2234 σιγῶντες
1046 2166 1178 2230 τοὺς
1221 2165 1552 2232 ἀντιπάλους
1591 2166 1681 2220 λέ-

117 2274 214 2325 γειν
240 2259 348 2330 (17)
384 2258 708 2330 τολμῶντας
747 2259 1215 2329 ὲπιστομίσωμεν.

331 2453 510 2506 ΣΚΖ’.
557 2481 629 2494 -
663 2453 931 2526 ΕΡΜΙΝῼ
969 2454 1247 2510 ΚΟΜΗΤΙ
1293 2455 1428 2526 (18).

113 2539 203 2609 Εἰς
228 2547 312 2620 τὸΞ
351 2565 407 2620 c_
423 2544 766 2613 Προσέχετε
789 2545 1362 2620 τὴνΑὲλεημοσύν-ην
1384 2549 1555 2618 ὑμῶν
1591 2550 1679 2620 μὴ

168 2616 724 2690 ποιεξγᾼέμπροσυεν
746 2615 868 2671 τῶν
894 2616 1225 2685 ἀνθρώπων
1254 2623 1343 2685 εὶς
1375 2615 1444 2674 τὸ
1466 2615 1680 2690 θεαθῆὲ

167 2701 259 2739 rat
287 2687 428 2756 (l9).
471 2706 491 2738 ι

177 2809 397 2882 Ἐπειδὴ
447 2809 761 2880 γέγραφας,
787 2807 932 2874 ξΠῶς
961 2803 1074 2881 οἷόν
1101 2824 1161 2861 τε
1201 2808 1280 2880 μὴ
1319 2809 1560 2880 φανῆναι
1587 2810 1680 2864 τδν

108 2901 404 2973 ἐλεήμονας
442 2901 611 2972 φημὶ,
645 2901 728 2954 ὅτι
763 2901 865 2972 τὴν
899 2901 1128 2973 γνώμην
1156 2901 1277 2956 νυνὶ
1314 2901 1558 2966 ἐξετάζει
1583 2902 1679 2956 τοῦ

105 2996 392 3059 ἐλεοῦντος.
438 2993 659 3063 Ἐπειδὴ
689 2992 800 3064 γὰρ
823 2986 908 3055 οἷς
931 3004 1017 3056 τις
1039 2993 1299 3064 ἀρέσκειν
1324 2993 1493 3057 θέλει,
1527 2995 1681 3065 παρὰ

106 3089 292 3142 τούτων
319 3089 565 3159 θηρᾶται
591 3086 688 3139 τὸν
725 3084 948 3138 ἔπαινον
971 3100 987 3115 ο
1015 3085 1047 3137 6
1083 3086 1141 3138 δὲ
1169 3084 1292 3155 Θεῷ
1321 3085 1516 3156 ἀρέσαι
1556 3085 1681 3156 βου-

103 3181 335 3251 λόμενος,
375 3179 508 3251 παρ’
536 3177 703 3232 αὑτοῦ
732 3177 1070 3248 κομίσασθαι
1102 3177 1357 3248 βούλεται
1391 3177 1484 3231 τὸν
1523 3176 1682 3231 ἔπαι-

105 3291 202 3336 νον,
232 3274 380 3328 τοῦτ’
428 3273 558 3342 ἔφη.
592 3270 666 3324 Οὗ
695 3269 805 3340 γὰρ
842 3272 872 3323 6
903 3269 1122 3332 θεαθεὶς
1171 3269 1394 3333 πάντως
1441 3269 1583 3339 πρὸς
1620 3270 1683 3322 τὸ

103 3366 354 3437 θεαθῆναι
392 3367 558 3428 ποιεί,
594 3362 712 3418 ἀλλ’
738 3364 768 3415 6
805 3361 1134 3432 θεωρεῖσθαι
1194 3361 1547 3433 βουλόμενος,
1589 3362 1687 3416 καὶ

101 3459 180 3513 διὰ
204 3462 368 3514 τοῦτο
409 3455 757 3531 δημοσιεύων
780 3456 840 3510 τὸ
869 3456 1196 3527 μυστήριον.
1243 3456 1307 3508 Εἰ
1336 3455 1446 3526 γὰρ
1483 3455 1578 3508 καὶ
1616 3455 1678 3508 τὸ

99 3555 324 3624 πρᾶγμα
363 3553 469 3606 οὐκ
501 3551 758 3621 ἀνέχεται
773 3549 1140 3621 κρύπτεσθαι,
1171 3549 1286 3602 ἀλλ’
1317 3549 1346 3600 6
1382 3547 1548 3602 ἐλεῶν
1577 3549 1678 3602 οὐκ

99 3642 292 3709 ὀφείλει
343 3639 793 3694 ἐπιδείκνυσθαι·
832 3640 860 3691 6
889 3639 998 3707 γὰρ
1022 3637 1183 3691 τοῦτο
1205 3637 1374 3708 δρῶν,
1420 3639 1513 3692 καὶ
1551 3639 1678 3700 τοὺς

96 3737 474 3806 λαμϐάνοντας
493 3732 861 3804 ὲκπομπεύει,
887 3732 984 3784 καί
1013 3731 1210 3785 ἑαυτοῦ
1237 3731 1329 3785 τὸν
1355 3731 1550 3802 μισθὸν
1583 3732 1679 3785 καὶ

96 3829 174 3882 τὸν
197 3830 428 3882 ἔπαινον
455 3826 742 3898 κηρύττει.

1781 1985 1858 2038 ait
1885 2002 1900 2039 :
1936 2004 1956 2037 ι
1979 1984 2145 2040 Fides
2168 1986 2378 2055 absque
2403 1987 2661 2056 operibus
2690 1997 2906 2041 mortua
2931 1996 3015 2042 est
3032 1987 3100 2040 ⁸³.
3136 2006 3155 2038 ι
3193 1987 3373 2054 Quare

1780 2078 1930 2132 omni
1971 2078 2022 2132 vi
2056 2079 2122 2132 ad
2155 2087 2468 2133 accuratam
2503 2089 2655 2150 recte
2695 2079 2907 2134 vivendi
2941 2080 3210 2134 rationem
3245 2094 3373 2134 nos-

1782 2169 2046 2238 metipsos
2065 2169 2513 2235 assuefaciamus,
2545 2178 2604 2226 ut
2635 2170 2708 2224 ita
2736 2185 2837 2239 per
2863 2170 3044 2224 omnia
3074 2169 3373 2236 vincentes,

1782 2263 1936 2318 taciti
1979 2277 2196 2333 quoque
2237 2263 2586 2317 adversarios
2635 2260 2854 2332 obloqui
2891 2261 3047 2318 nobis
3075 2271 3240 2332 atque
3277 2263 3376 2317 ob-

1782 2363 2029 2424 strepere
2054 2355 2319 2408 audentes
2345 2354 2647 2408 reiutemus
2675 2369 2744 2408 ac
2778 2353 3157 2408 retundamus.

2053 2464 2358 2522 CCXXVII.
2393 2496 2462 2506 —
2493 2465 2809 2522 HERMINO
2845 2464 3108 2522 COHITI.

1780 2557 1852 2612 In
1890 2558 2024 2611 illud
2054 2600 2070 2625 ,
2105 2576 2124 2608 ι
2156 2557 2444 2621 Attendite,
2489 2573 2552 2610 ne
2599 2559 2979 2626 eleemosynam
3023 2569 3243 2612 vestram
3286 2559 3372 2621 fa-

1853 2630 2235 2730 Ξξρὲἓεθθοοςαηι
2291 2628 2619 2694 hominibus,
2668 2627 2739 2681 ad
2789 2629 2922 2692 hoc,
2976 2635 3035 2682 ut
3076 2630 3373 2697 conspicia-

1852 2715 1984 2754 ιηιιιι
2007 2715 2074 2753 “’“’.
2122 2717 2140 2750 ι

1853 2812 2124 2881 Quoniam
2151 2829 2248 2882 per
2271 2813 2486 2868 litteras
2519 2811 2820 2881 quaesivisti
2857 2811 2994 2880 :Qui
3028 2810 3146 2868 ﬁeri
3175 2822 3370 2882 possit,

1780 2914 1841 2961 ut
1870 2906 1964 2976 qui
1987 2905 2390 2974 eleemosynam
2414 2910 2659 2968 exercet,
2698 2917 2805 2958 non
2833 2904 3225 2972 conspiciatur,
3257 2904 3368 2970 aio,

1780 2996 2062 3052 Christum
2084 2995 2198 3065 jam
2223 2994 2391 3049 animi
2425 2994 2764 3064 propositum
2793 2995 3107 3050 examinare
3134 2996 3255 3066 ejus
3277 2998 3369 3066 qui

1782 3087 2158 3143 misericordia
2193 3088 2383 3141 utitur.
2429 3085 2562 3140 Nam
2592 3085 2718 3155 quia
2755 3087 2825 3141 ab
2865 3087 2952 3149 iis,
2993 3087 3191 3154 quibus
3216 3088 3371 3157 quis-

1781 3193 1890 3248 que
1911 3178 2126 3248 placere
2157 3178 2358 3242 studet,
2389 3176 2601 3232 laudem
2643 3187 2873 3233 venatur
2904 3196 2918 3233 :
2949 3178 3045 3249 qui
3082 3194 3214 3235 vero
3257 3179 3372 3250 pla-

1795 3285 1927 3324 cere
1964 3275 2198 3324 conatur
2246 3269 2378 3332 Deo,
2415 3267 2485 3323 ab
2515 3269 2632 3337 ipso
2668 3278 2949 3337 reportare
2985 3269 3100 3324 vult
3131 3271 3368 3338 laudem.

1779 3358 1988 3414 idcirco
2016 3359 2118 3412 hoc
2144 3358 2304 3416 dixit.
2350 3358 2470 3415 Non
2502 3360 2648 3416 enim
2689 3359 2913 3415 omnino
2946 3360 2994 3415 is
3025 3361 3118 3430 qui
3155 3362 3372 3431 conspi-

1787 3451 1955 3515 citur,
1981 3449 2104 3505 ideo
2129 3450 2520 3508 misericordia
2549 3467 2690 3522 opus
2721 3451 2856 3507 facit
2886 3461 2944 3506 ut
2975 3453 3368 3522 conSpiciatur,

1788 3543 1883 3600 sed
1916 3543 1964 3598 is
1992 3542 2232 3611 demum,
2259 3543 2355 3614 qui
2372 3543 2439 3599 ad
2460 3543 2514 3598 id
2528 3541 2888 3615 operamdat,
2909 3553 2967 3598 ut
3001 3545 3270 3610 videatur,
3319 3555 3373 3600 et

1785 3638 1859 3691 ob
1877 3636 1986 3691 hoc
2014 3636 2188 3706 ipsum
2207 3635 2466 3704 evulgatus
2492 3649 2774 3698 arcanum,
2803 3637 2946 3704 quod
2977 3636 3157 3705 potius
3190 3646 3372 3708 tegere

1789 3739 1954 3799 atque
1987 3728 2267 3784 occultare
2293 3726 2544 3781 debebat.
2571 3725 2644 3780 Ut
2666 3734 2726 3780 ut
2748 3728 2894 3780 enim
2940 3742 3030 3782 res
3063 3728 3178 3798 ipsa
3214 3736 3372 3798 neget

1789 3818 2075 3885 occultari,
2135 3828 2313 3872 tamen
2363 3817 2478 3885 ipse
2506 3817 2598 3886 qui
2648 3817 3080 3871 misericordiam
3129 3827 3370 3880 exercet,

95 3939 188 3978 non
221 3926 392 3980 debet
413 3939 532 3978 eam
563 3931 861 3976 ostentare.
893 3919 1029 3974 Nam
1087 3921 1178 3989 qui
1233 3920 1337 3975 hoc
1373 3919 1524 3985 facit,
1596 3929 1653 3975 et
1720 3918 2050 3987 accipientes
2103 3915 2508 3988 ejeemosynam
2559 3913 2814 3978 traducit,
2875 3921 2929 3967 et
2991 3928 3145 3967 suam
3202 3913 3373 3982 ipsius

92 4016 397 4070 mercedem
433 4024 490 4068 et
519 4011 733 4066 laudem
758 4009 1066 4065 ebuecinat.

275 4127 464 4181 EKH’.
512 4155 586 4166 —
626 4123 997 4194 ΠΑΛΛΑΔΙῼ⁸
1029 4120 1469 4193 ΑΝΑΓΝΩΣΤῌ.

90 4221 220 4288 Περὶ
250 4215 918 4298 τῶνλεξαραδειπιὰτων,
944 4215 1021 4296 δι’
1047 4208 1137 4298 {bar
1167 4217 1200 4268 ὀ
1227 4213 1422 4298 σοφὸς
1445 4216 1685 4266 πολυει-

355 4284 493 4356 δῶς(
515 4284 968 4357 προάὼποποιεῖ
1005 4284 1120 4352 τὴν
1150 4285 1398 4352 σοφίαν.

164 4401 399 4472 Ἐπειδὴ
426 4401 586 4471 ἔφης,
621 4399 704 4451 Δι’
729 4396 799 4468 ἢν
823 4396 1003 4449 αἰτίαν
1030 4394 1098 4448 τὰ
1131 4392 1557 4464 παραδείγματα
1583 4393 1682 4464 οὐχ

1998 4118 2322 4175 CCXXVIII.
2362 4146 2434 4159 —
2465 4115 2811 4172 PALLADIO
2840 4112 3158 4169 LECTORI.

1784 4213 1862 4267 De
1903 4213 2157 4279 exemplis
2199 4212 2386 4280 quibus
2433 4209 2645 4288 sapiens
2687 4208 2831 4288 nar-ie
2873 4222 2936 4260 ac
2972 4205 3372 4274 utultiformiter

2222 4287 2564 4347 representat
2589 4286 2926 4346 sapientiam.

1856 4395 2117 4462 Quoniam
2147 4407 2242 4462 per
2262 4391 2547 4462 epistolam
2572 4390 2894 4460 quzesivisti,
2922 4404 3095 4460 quare
3121 4389 3370 4459 exempla

83 4493 302 4547 ἅπαντα
328 4491 446 4560 (‘20)
462 4489 529 4541 λα
536 4489 805 4560 μῦάνεται
822 4504 839 4554 ;
862 4485 1052 4556 φαίην,
1069 4480 1208 4556 ἵνα
1231 4482 1677 4554 παραδείγματα,

1790 4503 1890 4543 non
1921 4502 2018 4557 per
2042 4486 2226 4541 omnia
2257 4484 2548 4553 capiantur
2576 4491 2632 4538 et
2657 4485 2725 4536 ad
2768 4498 2880 4538 rem
2919 4483 3248 4552 propositam
3279 4496 3370 4538 ac-

84 4587 174 4640 λαὶ
207 4585 288 4657 μὴ
329 4582 609 4653 ταυτότης
653 4584 762 4656 εἴη.
815 4579 928 4634 Καὶ
970 4577 1245 4649 ἀφέμενος
1277 4575 1338 4628 τὸ
1386 4575 1678 4645 λεγόμενον

143 4753 192 4784 ⁸⁸
219 4752 352 4808 hc.
381 4771 439 4820 ιι,
463 4754 556 4809 ‘20.
637 4754 684 4786 “
713 4752 905 4809 Matth.
939 4768 1010 4818 Vt,
1044 4750 1098 4803 1.

1787 4580 2224 4644 commodentur,
2264 4576 2586 4646 respondeo,
2639 4585 2702 4630 ut
2727 4574 2836 4630 sint
2870 4575 3138 4645 exempla,
3178 4583 3233 4630 et
3259 4587 3367 4628 non

1195 4915 1432 4972 VARIZE
1472 4913 1858 4971 LECTIONES
1885 4914 1975 4969 ET
2007 4913 2240 4970 NOTAE.

141 5080 260 5150 (Η)
299 5078 506 5150 Confer
532 5078 696 5150 epist.
722 5075 794 5130 9.0
815 5083 869 5130 et
889 5075 998 5130 215
1020 5089 1185 5144 supra
1209 5074 1391 5144 hujus,
1430 5072 1555 5127 libri
1580 5087 1678 5127 nec

73 5166 177 5203 non
203 5147 384 5219 epist.
414 5147 698 5219 ϋὸειὶιττ.

137 5215 259 5290 (I5)
306 5221 445 5274 Cod.
483 5217 604 5273 Vat.
638 5216 861 5285 νικῆσαι
892 5226 1079 5290 mutat
1128 5217 1184 5270 in
1229 5215 1410 5284 νικᾷν.
1455 5215 1674 5290 Possm.

141 5284 264 5361 (16)
309 5290 527 5345 Omittit
577 5284 1112 5361 ἰάσω-πιστεύεσθαι
1165 5295 1370 5355 etpost
1409 5284 1674 5355 περὶτῶν

67 5357 295 5432 ἀδήλων
332 5361 483 5432 addit
513 5360 691 5432 νικᾷν.
722 5357 798 5432 Ib.

141 5424 235 5500 (l7
271 5431 386 5484 Pro
406 5424 732 5492 ἀντιπάλους
756 5428 938 5496 λέγειν
963 5441 1072 5483 uno
1114 5427 1280 5482 verbo
1319 5424 1509 5482 scribit
1531 5425 1672 5478 idem

64 5501 412 5570 ἀντιλέγειν.
447 5501 521 5553 In.

134 5563 590 5640 (18)Ἰιιειϊίι›ιίο
618 5570 854 5625 sumitur
882 5583 948 5623 ex
980 5568 1167 5640 codice
1197 5566 1490 5640 Vaticano._
1509 5563 1666 5619 Εοιτ.

140 5636 260 5714 (19)
294 5636 505 5697 Confer
533 5642 892 5714 insignemet
924 5641 1048 5714 huic
1071 5639 1262 5714 Isidori
1299 5636 1542 5714 epistolae
1572 5651 1666 5714 ge-

56 5708 285 5767 minum
316 5715 496 5765 locum
523 5708 770 5779 Gregorii
803 5709 1003 5779 Magni,
1029 5711 1135 5765 .nbi
1170 5717 1372 5779 monet,
1402 5708 1540 5779 utin
1576 5709 1662 5779 bo

57 5786 143 5836 nis
173 5781 456 5851 Operibus
478 5776 767 5834 caveamus
812 5776 1233 5851 ostentationem
1273 5788 1328 5833 et
1361 5777 1533 5830 laudis
1575 5776 1666 5830 hu-

50 5850 247 5909 manae
304 5853 692 5920 captationem,
744 5866 809 5904 ac
851 5850 1032 5918 potius
1077 5860 1348 5905 secretum
1396 5861 1665 5903 amemus.

273 5947 560 6006 Ρλτιιοι..
615 5943 735 6006 (in.
775 5942 1096 6002 LXXVIII.

1783 5071 1963 5126 Verba
1990 5071 2108 5142 ejus
2144 5071 2260 5126 haec
2279 5079 2406 5126 sunt
2440 5088 2454 5124 :
2498 5089 2517 5122 ι
2557 5071 2816 5126 Inventus
2837 5069 3124 5142 thesaurus
3143 5072 3368 5142 abscon-

1781 5142 1930 5196 ditur
1960 5141 2313 5207 ut'servetur,
2339 5142 2464 5210 quia
2505 5142 2742 5196 Studium
2773 5141 3012 5196 caelestis
3041 5141 3296 5194 desiderii
3333 5153 3365 5194 a

1781 5212 2034 5281 malignis
2064 5213 2346 5279 spiritibus
2377 5212 2654 5266 custodire
2703 5226 2807 5265 non
2854 5210 3075 5276 suﬂicit,
3119 5210 3211 5278 qui
3261 5211 3366 5264 hoc

1780 5284 1848 5336 ab
1895 5285 2144 5336 humanis
2200 5283 2453 5337 laudibus
2491 5299 2598 5336 non
2645 5283 2948 5336 abscondit.
2995 5281 3049 5334 lu
3104 5283 3363 5347 praesenti

1777 5353 1923 5406 enim
1943 5353 2052 5406 vita
2085 5353 2250 5422 quasi
2275 5353 2328 5406 in
2355 5354 2444 5407 via
2468 5368 2657 5407 sumus
2684 5367 2790 5421 qua
2816 5352 2881 5405 ad
2911 5350 3142 5419 patriam
3183 5352 3364 5422 pergi-

1780 5439 1921 5478 mus.
1945 5420 2162 5491 Maligni
2191 5431 2372 5477 autem
2397 5424 2620 5491 spiritus
2655 5420 2760 5476 iter
2785 5431 3030 5476 nostrum
3062 5420 3215 5491 quasi
3244 5420 3365 5487 qui-

1778 5495 1900 5546 dam
1933 5489 2222 5547 latrunculi
2254 5489 2522 5548 obsident.
2558 5492 2864 5560 Depracdari
2892 5507 3024 5561 ergo
3059 5489 3359 5561 desiderat.

1776 5565 1868 5632 qui
1923 5565 2238 5618 thesaurum
2288 5564 2500 5634 publice
2552 5557 2732 5632 portat
2771 5557 2981 5634 invia;
3011 5581 3030 5613 ι
3065 5571 3204 5634 etc._
3234 5557 3364 5634 Vide

1774 5629 1989 5701 quoque
2017 5629 2465 5705 Isidomm‘epist.
2489 5629 2565 5689 84'
2581 5645 2637 5690 et
2663 5634 2762 5689 197
2792 5633 2916 5688 libri
2951 5649 2992 5699 ι,
3031 5641 3086 5687 et
3105 5630 3228 5686 cod.
3264 5629 3366 5680 hoc

1774 5705 1913 5758 libro
1937 5719 1988 5756 tv
2017 5705 2177 5772 epist.
2211 5704 2336 5759 159.

1846 5775 1960 5843 (9.0)
1993 5774 2098 5828 Pro
2119 5776 2217 5844 οὐχ
2245 5776 2461 5832 ἅπαντα
2491 5778 2609 5833 cod.
2645 5776 2766 5830 Vat.
2798 5774 2904 5829 650
2933 5776 3096 5830 habet
3132 5773 3193 5828 οὐ
3221 5772 3362 5828 κατὰ

1777 5845 1973 5899 πάντα.
2017 5844 2229 5901 Possm.

2844 5936 2918 5998 42
