3906 6416
567 416 707 481 1323

1770 412 1830 472 S.
1875 412 2172 472 ISIDORI
2212 412 2656 474 PELUSIOTAE

3703 413 3807 477 1324

566 528 643 581 rei
691 532 776 596 (ut
803 523 883 580 sic
916 523 1127 596 loquar)
1159 522 1413 579 identitas
1443 521 1656 579 evadat.
1690 520 1757 576 Et
1782 521 2003 577 omissis
2038 520 2156 591 plu-

2269 522 2564 591 σαφηνίσαι
2604 523 2680 586 ὡς
2712 522 2780 576 ἂν
2809 516 2922 586 οἷός
2950 538 3011 575 τε
3061 513 3109 573 ὦ
3158 519 3518 592 πειράσομαι.
3562 520 3716 590 Σοφός
3747 540 3809 585 τις

566 620 718 674 ribus
745 632 866 689 qua:
891 618 993 673 hac
1020 619 1089 674 de
1124 633 1180 673 re
1204 618 1308 671 dici
1342 626 1584 688 possent,
1614 617 1668 670 id
1702 616 1848 687 quod
1889 615 2001 669 dixi
2033 614 2158 669 illii-

568 720 746 764 strare
780 719 1042 779 quantum
1080 719 1293 779 potero,
1343 709 1603 764 conabor.
1655 706 1889 776 Sapiens
1936 707 2158 776 quidam

571 799 675 864 vir,
718 798 880 859 ﬁlius,
936 798 1181 868 inquam,
1216 797 1582 869 Syraehi,qui
1627 793 1963 865 Sapientiam
2011 795 2159 849 illam

568 890 916 960 conscripsit,
970 899 1366 958 repraesentans
1404 888 1727 957 sapientiam
1775 885 1923 941 velut
1968 901 2160 957 perso-

566 999 690 1037 nam
724 983 1040 1051 quamdam,
1095 996 1216 1036 cum
1266 996 1372 1036 non
1407 980 1678 1035 inveniret
1707 993 1816 1049 quo
1861 988 2024 1050 pacto
2065 994 2162 1049 per

566 1091 737 1128 unum
770 1073 988 1143 aliquod
1037 1071 1342 1142 exemplum
1384 1079 1478 1125 aut
1514 1085 1677 1125 unam
1708 1070 1946 1140 plantam
1988 1070 2160 1140 ipsius

567 1165 1029 1236 pulchritudinem
1062 1172 1118 1218 et
1145 1162 1537 1219 sublimitatem
1566 1170 1623 1217 et
1662 1162 1988 1216 suavitatem
2031 1162 2163 1217 odo-

566 1260 665 1321 ris,
710 1267 766 1313 et
795 1257 899 1311 alia
931 1271 1051 1327 quae
1079 1256 1362 1329 sapientiae
1403 1256 1621 1319 adsunt,
1663 1253 1969 1320 exhiberet,
2000 1269 2165 1325 vaga-

569 1360 675 1414 tus,
707 1359 972 1418 quantutn
1020 1356 1251 1418 poterat,
1302 1362 1399 1417 per
1449 1347 1634 1401 omnia
1674 1346 1974 1417 gignentia,
2007 1355 2062 1401 et
2093 1346 2162 1399 al)

570 1456 898 1511 unoquoque
927 1455 1130 1511 genere
1159 1440 1420 1509 colligens
1446 1438 1498 1491 id
1523 1437 1667 1506 quod
1702 1438 1937 1491 maxime
1964 1452 2165 1492 conve-

570 1534 729 1588 niens
761 1540 923 1601 atque
956 1532 1211 1586 decorum
1240 1539 1363 1584 erat
1394 1530 1460 1583 ad
1492 1544 1612 1583 eam
1644 1528 2162 1597 repraesentandam,

568 1624 645 1679 ita
680 1640 800 1678 eam
838 1624 1148 1679 hominibus
1194 1622 1560 1687 adumbravit,
1596 1631 1656 1675 ut
1688 1622 1758 1676 ab
1794 1624 1895 1676 hac
1941 1622 2161 1692 quidem

571 1717 754 1783 planta
782 1715 1265 1786 pulchritudinem,
1297 1714 1366 1769 ab
1389 1714 1495 1767 alia
1522 1713 1936 1779 sublimitatem,
1961 1714 2031 1768 ab
2058 1714 2163 1768 alia

570 1810 758 1864 odoris
788 1809 1113 1864 suavitatem
1147 1822 1211 1860 ac
1264 1806 1623 1876 lragrantiam
1672 1807 1830 1876 quasi
1862 1814 2159 1872 mutuatus,

2265 613 2430 683 ἀνὴρ,
2462 615 2491 666 ὁ
2519 614 2614 667 τοῦ
2663 614 2837 686 Σιρᾶχ
2870 631 3035 685 φημι,
3075 614 3104 665 ὁ
3135 612 3235 684 τὴν
3269 612 3385 683 (21)
3412 612 3606 681 σοφίαν
3636 614 3813 683 ἐκείνην

2268 704 2615 774 συγγράψας,
2672 704 3171 775 προσωποποιήσας
3224 702 3323 773 τὴν
3372 702 3591 771 σοφίαν,
3633 704 3716 755 καὶ
3758 707 3815 774 μὴ

2265 794 2447 865 εὑρὼν
2481 795 2550 847 δι’
2596 795 2715 859 ἐνὸς
2744 794 3149 865 ὑποδείγματος
3179 794 3213 866 ἧ
3243 795 3312 847 δι’
3346 793 3467 857 ἑνὸς
3487 794 3650 863 φυτοῦ
3670 794 3725 848 τὸ
3744 797 3813 849 αὑ-

2263 886 2368 957 τῆς
2423 886 2623 951 κάλλος
2668 904 2729 940 τε
2762 887 2859 941 καὶ
2898 886 3032 956 ’ύψος
3063 887 3162 940 καὶ
3209 886 3314 955 τὴν
3363 885 3614 953 εὐωδίαν,
3663 886 3748 940 καὶ
3770 892 3818 944 τὰ

2266 975 2403 1031 ἄλλα
2429 976 2499 1030 τά
2522 978 2589 1048 τῇ
2622 977 2788 1047 σοφίᾳ
2819 977 3097 1048 προσόντα
3131 975 3514 1047 παραστῆσαι,
3558 976 3821 1043 περιελθὼν

2266 1067 2345 1132 ὡς
2372 1062 2483 1131 οἶός
2505 1085 2567 1121 τε
2607 1064 2677 1139 ῆν
2706 1068 2887 1123 πάντα
2912 1069 2982 1121 τά
3017 1067 3185 1138 φυτὰ,
3218 1068 3317 1121 καὶ
3346 1066 3439 1135 ἀφ’
3468 1067 3694 1119 ἑκάστου
3722 1068 3823 1119 cui.-

2270 1161 2571 1234 λεξάμενος
2598 1162 2658 1216 τὸ
2692 1162 2938 1234 ἁρμόζον
2969 1165 3063 1216 καὶ
3092 1162 3552 1234 πρεπωδέστατον
3582 1161 3712 1233 πρὸς
3741 1178 3824 1213 πα-

2272 1259 2541 1328 ράστασιν
2570 1259 2765 1329 αὐτῆς,
2799 1258 2946 1313 οὓτω
2991 1260 3105 1322 τοῖς
3155 1257 3469 1328 ἀνθρώποις
3519 1254 3824 1327 ὑπέγραψεν,

2270 1350 2361 1403 ἵνα
2386 1350 2497 1404 ἀπὸ
2532 1351 2630 1420 μὲν
2660 1351 2856 1404 τούτου
2896 1350 2994 1404 τοῦ
3022 1350 3194 1420 φυτοῦ
3224 1350 3287 1403 τὸ
3327 1350 3550 1412 κάλλος,
3577 1347 3682 1401 ἀπὺ
3700 1346 3740 1399 δ’
3761 1348 3823 1400 ἄλ·

2268 1440 2364 1492 λου
2388 1441 2450 1493 τὸ
2488 1440 2645 1510 ὕψος,
2677 1440 2791 1495 ἀπὸ
2810 1440 2867 1493 δὲ
2890 1440 3082 1511 ἑτέρου
3121 1440 3223 1512 τὴν
3258 1440 3494 1494 εὐωδίαν
3526 1438 3826 1511 ὲρανισάμε-

2265 1550 2378 1597 νος,
2408 1534 2506 1587 καὶ
2526 1533 2720 1607 ὥσπερ
2748 1536 2808 1587 ὲν
2848 1533 3112 1606 θησαυρῷ
3144 1552 3276 1599 τινι,
3304 1534 3366 1587 οὐ
3393 1533 3574 1587 πάντα
3591 1532 3660 1586 τὰ
3687 1548 3826 1603 προσ-

2264 1624 2398 1679 όντα
2434 1629 2551 1689 τοῖς
2602 1630 2827 1695 φυτοῖς,
2874 1626 2993 1680 ἀλλ’
3032 1630 3245 1690 ἐκεῖνα,
3294 1619 3372 1681 ὧν
3405 1626 3599 1696 χρείαν
3645 1621 3826 1695 εἶχενὴ

2267 1721 2453 1785 εἰκὼν,
2510 1718 2870 1791 παραλαϐὼν,
2918 1719 3071 1784 ἄξιόν
3114 1736 3171 1772 τι
3212 1718 3315 1788 τῆς
3364 1718 3561 1787 σοφίας
3607 1714 3827 1785 ἐννοῆσαι

2220 1834 2226 1840 ο
2266 1808 2681 1879 παρεσκεύασε.
2745 1809 2856 1864 Καὶ
2896 1811 2985 1864 ἵνα
3021 1810 3098 1881 μὴ
3146 1809 3447 1881 φαινοίμην
3482 1808 3722 1876 λεληθὼς
3766 1824 3829 1860 σοι

570 1912 625 1954 et
652 1902 767 1955 haec
799 1899 948 1955 velut
994 1900 1048 1953 in
1097 1899 1358 1952 thesauro
1387 1898 1623 1967 quodam
1659 1897 1892 1966 reposita
1930 1898 2157 1963 habens,

2269 1902 2471 1967 ὗνειδος
2521 1902 2769 1974 ἀμαθίας
2810 1904 3301 1978 προστριϐόμενος,
3351 1902 3524 1965 αὐτὰς
3555 1904 3655 1955 οὐκ
3693 1901 3828 1964 ἔταξα

572 2008 676 2045 non
712 1992 966 2046 omnibus
1000 2004 1119 2058 quae
1148 1988 1346 2056 plantis
1386 1988 1595 2051 insunt,
1647 1988 1742 2042 sed
1782 1988 1887 2041 illis
1928 1996 2158 2054 tantum,

2269 1993 2370 2058 τὰς
2399 1995 2591 2065 ῥήσεις
2619 1995 2688 2056 ἃς
2718 1995 2979 2060 ἐναύλους
2999 1994 3144 2066 ἔχειν
3170 2013 3229 2048 σε
3264 1996 3433 2059 εἰκός.

573 2086 772 2155 quibus
806 2083 873 2138 ad
927 2083 1217 2151 imaginem
1268 2080 1654 2148 absolvendatn
1703 2095 1841 2149 opus
1890 2089 2030 2144 erat,
2084 2086 2398 2155 assumptis,
2470 2089 2816 2143 occasionem
2879 2088 3069 2143 lectori
3145 2089 3414 2157 praeberet
3460 2086 3659 2155 aliquid
3699 2084 3827 2154 cogi-

577 2180 725 2233 tandi
777 2178 919 2248 quod
974 2176 1239 2246 sapientia
1286 2175 1511 2243 dignum
1562 2172 1723 2228 foret.
1769 2172 1838 2226 Et
1876 2188 1943 2227 ne
1980 2174 2172 2229 videar
2203 2178 2347 2233 aliud
2378 2195 2546 2250 agens
2608 2182 2704 2236 tibi
2758 2182 3064 2251 exprobare
3104 2182 3426 2244 ruditalem,
3481 2194 3587 2233 non
3634 2175 3827 2247 apposui

576 2273 665 2328 hic
695 2271 806 2341 ipsa
842 2268 1009 2328 dicta,
1035 2280 1155 2333 qua:
1190 2264 1287 2319 tibi
1321 2262 1667 2317 familiariter
1711 2272 1836 2317 nota
1880 2276 2003 2318 esse
2045 2267 2320 2323 convenit.

929 2356 1089 2427 552
1131 2352 1412 2410 CCXXIX.
1449 2382 1520 2394 —-
1546 2352 1820 2409 ZOSIMO.

818 2450 896 2505 De
947 2450 1129 2503 divina
1172 2450 1228 2502 in
1279 2449 1433 2502 terris
1478 2448 1913 2519 peregrinatione.

646 2542 1019 2597 Humanarum
1067 2550 1418 2607 peccatorum
1463 2542 1782 2619 remedium,
1811 2541 1933 2596 Filii
1976 2541 2068 2598 Dei
2110 2542 2166 2600 in

570 2650 791 2690 carnem
824 2636 1109 2697 adventus,
1147 2647 1338 2687 omnes
1366 2631 1587 2702 quidem
1619 2648 1741 2687 cum
1774 2635 2021 2689 homines
2052 2644 2162 2688 tum

571 2728 844 2779 daemones
875 2723 1088 2788 terruit,
1119 2721 1226 2776 illis
1255 2721 1469 2790 quidem
1502 2723 1854 2792 persuadens,
1884 2735 1943 2778 ut
1971 2740 2160 2794 parce-

572 2828 694 2873 rent
728 2828 936 2870 natura:
963 2817 1077 2884 jam
1123 2816 1361 2868 consorti
1411 2815 1744 2883 divinitatis,
1798 2817 1997 2886 quippe
2040 2832 2160 2887 quae

570 2910 682 2964 Deo
730 2910 879 2963 unita
927 2909 998 2962 sit
1031 2924 1046 2962 :
1080 2907 1217 2962 istos
1262 2921 1390 2962 vero
1439 2908 1734 2978 subigens,
1787 2919 1846 2962 ut
1905 2912 2160 2979 deinceps

572 3002 912 3056 abstinerent
946 3001 1014 3055 ab
1043 3000 1255 3055 insidiis
1290 3001 1554 3054 adversus
1583 3000 1831 3055 homines
1861 3002 2157 3067 struendis,

2769 2365 2940 2419 Σκθι.
2983 2395 3055 2405 -
3095 2365 3370 2436 ΖΩΣΙΜῼ.

2628 2453 2770 2521 Περὶ
2809 2451 2916 2520 τῆς
2950 2454 3118 2520 θείας
3158 2453 3507 2522 ἐπιδημίας.

2351 2544 2418 2597 Ἦ
2449 2543 2561 2598 τῶν
2587 2545 2947 2612 ἀνθρωπίνων
2977 2546 3359 2618 ἀμαρτιῶν....
3391 2547 3508 2619 (2:2)
3529 2547 3563 2617 ἡ
3594 2544 3689 2599 τοῦ
3721 2544 3825 2598 Υίοῦ

2268 2635 2364 2689 τοῦ
2403 2636 2541 2689 Θεοῦ
2576 2637 2845 2710 ἕνσαρκος
2876 2640 3197 2709 ἐπιφάνεια,
3236 2640 3453 2702 πάντας
3488 2639 3588 2709 μὲν
3620 2638 3826 2708 ἐφόϐησε

2268 2731 2366 2785 καὶ
2417 2729 2746 2803 ἀνθρώπους
2779 2734 2877 2786 καὶ
2917 2733 3202 2803 δαίμονας,
3253 2733 3382 2795 τοὺς
3431 2732 3532 2801 μὲν
3579 2729 3827 2800 φείδεσθαι

2268 2824 2368 2894 τῆς
2420 2823 2643 2892 φύσεως
2669 2823 2931 2887 πείσασα,
2966 2825 3044 2888 ὼς
3092 2824 3212 2895 Θεῷ
3261 2822 3589 2892 ὲνωθείσης·
3623 2822 3741 2885 τοὺς
3784 2821 3829 2872 δὲ

2270 2912 2571 2983 ἀπέχεσθαι
2604 2916 2704 2986 τῆς
2748 2915 2871 2967 κατ’
2910 2915 3094 2969 αὐτῶν
3131 2906 3431 2983 ὲπιὸοῦλῆς
3469 2913 3827 2981 ἁναγκὰσασα.

2266 3003 2345 3068 ὡς
2394 3006 2783 3077 ἀναμαρτήτου
2848 3005 3037 3059 λοιπὸν
3090 3005 3423 3075 γενομένης·
3480 3005 3542 3055 σὲ
3593 3003 3649 3056 δὲ
3702 2999 3833 3054 οὐδὲν

572 3104 759 3165 utpote
778 3109 1010 3164 quorum
1037 3102 1228 3147 natura
1248 3093 1358 3162 jam
1396 3094 1601 3161 peccati
1631 3107 1828 3162 expers
1855 3094 1907 3146 in
1937 3092 2157 3149 Christo

2270 3097 2480 3152 τούτων
2519 3098 2819 3168 ἐμάλαξεν,
2847 3099 2969 3152 οὐδὲ
3007 3098 3238 3151 δεδιέναι
3261 3095 3697 3167 παρεσκεύασεν,
3726 3092 3829 3145 οὐδὲ

571 3187 760 3240 eﬂecta
812 3186 924 3239 sit:
960 3194 1011 3238 te
1049 3199 1182 3239 vero
1231 3183 1364 3239 nihil
1414 3185 1640 3239 istorum
1682 3185 1931 3250 emolliit,
1985 3200 2157 3255 neque

2273 3193 2576 3263 σωφρονεῖν
2609 3190 3089 3262 ὲπαιδαγώγησεν.
3130 3191 3193 3242 Εί
3228 3189 3413 3242 τοίνυν
3464 3187 3745 3258 ἄνθρωπος
3771 3180 3830 3242 εἷ,

574 3290 814 3333 metuere
843 3277 990 3342 fecit,
1016 3293 1191 3346 neque
1214 3279 1281 3332 ad
1309 3280 1720 3348 temperantiam
1751 3293 1814 3332 ac
1839 3279 2157 3333 modestiam

2270 3279 2351 3352 τῷ
2376 3282 2633 3353 προτέρῳ
2673 3282 3001 3351 παιδεύθητι
3021 3299 3034 3310 ·
3071 3283 3121 3334 εί
3166 3281 3224 3334 δὲ
3246 3280 3485 3351 δαίμων,
3513 3278 3593 3349 τῷ
3617 3276 3833 3344 δευτέρῳ

573 3373 831 3429 instituit.
883 3371 1010 3425 Sive
1051 3372 1219 3441 igitur
1274 3370 1438 3425 homo
1482 3385 1573 3434 es,
1614 3372 1764 3439 prius
1812 3378 1864 3424 te
1909 3371 2157 3435 erudiat;

572 3468 686 3522 sive
712 3468 921 3520 daemon
952 3464 1147 3533 aliquis
1178 3477 1259 3529 es,
1290 3462 1560 3532 posterius
1586 3471 1638 3516 te
1661 3463 1873 3526 doceat,
1920 3476 1989 3517 ne
2018 3476 2160 3531 prae-

572 3560 907 3615 stantissima
966 3567 1159 3612 natura
1202 3556 1269 3609 ad
1310 3553 1539 3609 allectus
1580 3564 1637 3609 et
1692 3554 2163 3623 concupiscentias

571 3649 866 3720 explendas
890 3648 1136 3703 abutare.
1170 3643 1367 3700 Venies
1390 3643 1535 3697 enim
1572 3642 1626 3697 in
1650 3643 1938 3713 judicium,
1984 3644 2163 3698 reddi-

2262 3372 2567 3444 διδάχθητι,
2600 3373 2676 3444 μὴ
2698 3372 3151 3443 κατακεχρῆσθαι
3176 3374 3244 3443 τῇ
3289 3368 3555 3440 καλλίστη
3588 3367 3743 3436 φύσει
3766 3366 3833 3423 είς

2263 3464 2434 3536 πάθη.
2469 3465 2664 3530 ’Ἢξεις
2689 3466 2797 3536 γάρ
2830 3467 2913 3527 είς
2946 3465 3149 3536 κρίσιν,
3177 3464 3388 3517 τούτων
3411 3463 3665 3517 ἁπάντων
3694 3455 3831 3510 εὐθύ-

2264 3575 2361 3620 νας
2390 3557 2627 3627 ὑφέξων,
2681 3559 2908 3630 καὶτῆς
2972 3560 3192 3631 μακρᾶς
3244 3558 3584 3628 ἀναλγησίας
3637 3549 3829 3625 μακρδν

2263 3650 2809 3722 είσπραχθησόμενος
2836 3652 3015 3721 λόγον.

572 3751 728 3797 turus
768 3743 960 3797 borum
1048 3741 1290 3795 onmium
1332 3739 1591 3803 rationes,
1632 3749 1685 3791 et
1726 3738 1994 3791 diuturna
2042 3738 2200 3807 hujus
2277 3744 2586 3801 indolentia:
2642 3761 2708 3801 ac
2757 3746 2997 3817 stuporis
3040 3746 3358 3801 diuturnam
3407 3744 3701 3814 exigendus
3751 3749 3829 3790 ra-

573 3847 794 3893 tionem.
858 3922 1122 3983 CCXXX.
1142 3955 1212 3966 -—
1231 3922 1486 3978 ALPHIO
1516 3919 1868 3990 EPISCOPO.

1126 4018 1205 4073 De
1242 4016 1620 4072 Sennacherib.

645 4113 909 4181 Quoniam
937 4110 1315 4167 Sennacherib
1344 4111 1548 4177 majora
1579 4125 1740 4178 quam
1764 4123 1863 4178 pro
1894 4117 2088 4163 natura
2108 4118 2166 4163 et

2539 3917 2661 3970 ΣΝ.
2701 3946 2772 3956 -
2807 3917 3013 3988 ΑΛΦΙῼ
3049 3914 3563 3989 (25)ΕΠ1ΣΚΟΠῼ.

2700 4008 2838 4077 Περὶ
2868 4008 2975 4062 τοῦ
3004 4008 3403 4078 Σεναχειιγήμ.

2344 4103 2569 4175 Ἐπειδὴ
2621 4104 2651 4156 ὁ
2700 4101 3044 4174 Σεναχειρὴμ
3099 4102 3452 4173 ἀνθρωπίνης
3501 4103 3721 4173 φύσεως
3753 4107 3838 4158 καὶ

572 4207 781 4263 viribus
815 4202 1071 4259 humanis
1101 4202 1340 4256 minatus
1369 4208 1455 4255 est
1487 4199 1753 4263 Ezechiae,
1786 4200 1909 4254 ideo
1930 4201 2157 4269 propria:

2269 4196 2545 4268 Ξυνάμεως
2589 4195 2813 4267 μείζονα
2844 4195 3113 4266 ἠπείλησε
3166 4194 3245 4267 τῷ
3287 4195 3531 4267 Ἐζεκίᾳ,
3565 4196 3659 4250 διά
3694 4197 3841 4251 τοῦτο

573 4296 966 4354 imbecillitatis
1002 4292 1306 4349 nullitatem
1343 4289 1617 4361 cognovit.
1668 4289 1804 4343 Nam
1843 4290 1935 4360 qui
1975 4305 2163 4360 spera-

2257 4290 2400 4360 ἔγνω
2439 4293 2539 4364 τῆς
2577 4293 2787 4356 οἰκείας
2814 4293 3103 4357 ἀσθενείας
3126 4293 3230 4365 τὴν
3274 4293 3570 4350 οὐδένειαν.
3632 4296 3694 4349 '0
3742 4296 3838 4363 γὰρ

568 4392 666 4444 bat
697 4403 757 4444 se
794 4384 1225 4457 Hierosolymam
1268 4385 1448 4454 primo
1477 4382 1634 4451 quasi
1676 4382 1878 4452 impetu
1926 4392 1983 4436 et
2031 4398 2154 4437 cum

2269 4385 2323 4449 ἑξ
2352 4384 2653 4457 ἐπιδρομῆς
2687 4386 2785 4439 καὶ
2842 4385 3095 4439 αὐτοϐοεὶ
3142 4385 3531 4457 προσδοκήσας
3573 4388 3723 4441 ἑλεῖν
3754 4390 3839 4457 τὴν

567 4482 803 4552 primum
827 4477 1137 4534 sustulisset
1155 4476 1476 4537 clamorem,
1497 4481 1804 4543 capturum,
1833 4474 1880 4528 is
1899 4473 2156 4528 universo

568 4572 685 4626 fere
727 4570 971 4626 exercitu
1003 4569 1211 4637 absque
1240 4566 1492 4622 conﬂictu
1527 4565 1697 4637 praelii
1747 4566 1969 4632 amisso,
2019 4580 2161 4636 prae-

572 4662 723 4717 clare
741 4674 925 4716 secum
948 4658 1031 4728 agi
1057 4658 1299 4728 putabat,
1324 4655 1370 4711 si
1394 4655 1478 4711 vel
1501 4655 1647 4711 solus
1666 4655 1847 4710 salvus
1873 4653 2151 4711 evaderet.

2273 4476 2657 4547 ἰερουσαλὴμ,
2694 4478 2877 4531 πᾶσαν
2906 4476 3094 4547 σχεδὸν
3111 4478 3209 4547 τὴν
3240 4477 3509 4547 στρατιὰν
3538 4479 3673 4533 ἄνευ
3695 4478 3836 4531 ml:-

2265 4585 2368 4640 μου
2407 4568 2502 4622 καὶ
2548 4570 2730 4640 μάχης
2779 4566 3107 4632 ἀποϐαλὼν,
3149 4568 3440 4640 ἀγαπητὸν
3485 4571 3739 4641 ἡγήσατο
3786 4569 3839 4619 τὸ

2260 4659 2590 4731 διασωθῆναι
2621 4661 2803 4731 μόνον.
2834 4659 3128 4730 Διαφυγὼν
3176 4660 3220 4713 δ’
3250 4660 3463 4727 οἶκαδε,
3500 4664 3608 4716 ὑπὸ
3641 4664 3747 4716 τῶν
3772 4665 3836 4713 οξ-

574 4754 709 4808 Cum
747 4762 929 4807 autem
969 4752 1189 4805 domum
1231 4747 1582 4818 profugisset,
1619 4762 1665 4815 ap
1689 4747 1802 4802 suis
1839 4745 2155 4801 domesticis

2269 4752 2427 4806 κείων
2454 4752 2694 4825 ἀνῃρέθη
2721 4752 2859 4823 (24),
2893 4752 2960 4805 ἶν’
2987 4750 3124 4821 ὁμοῦ
3167 4755 3265 4806 καὶ
3293 4753 3398 4825 τὴν
3436 4754 3654 4810 οίκείαν
3690 4754 3835 4809 ἀσὸἐο

572 4846 932 4913 interemptus
954 4850 1060 4906 est,
1097 4851 1156 4894 ut
1185 4840 1347 4895 simul
1376 4851 1430 4894 et
1453 4854 1608 4895 suam
1644 4850 1966 4910 agnosceret
1996 4839 2148 4894 inﬁr-

570 4937 836 4999 unitatem,
885 4942 941 4989 et
974 4932 1202 4999 iustitiae
1238 4932 1434 4987 divinae
1476 4930 2005 4986 animadversionem
2039 4947 2149 4987 non

568 5029 849 5101 ell‘ugeret.

2258 4862 2408 4900 νειαν
2438 4845 2616 4916 γνοίη,
2644 4846 2738 4899 καὶ
2769 4845 2847 4917 μὴ
2870 4843 3124 4915 διαφύγοι
3156 4848 3257 4916 τὴν
3286 4846 3470 4919 δίκην.

1690 5139 1922 5195 VARI/ﬁ
1961 5138 2349 5197 LECTIONES
2385 5136 2475 5192 ET
2504 5134 2739 5191 NOTAE.

642 5290 754 5359 (91)
815 5283 942 5359 l’ost
971 5284 1003 5337 ὁ
1032 5281 1131 5352 τὴν
1158 5280 1311 5359 addit
1343 5279 1484 5359 idem
1530 5278 1834 5359 πανάρεςιον
1867 5288 1922 5359 et
1957 5274 2143 5359 sequi-

2255 5273 2633 5348 fircumllectit
2680 5272 2804 5328 cod.
2866 5271 3047 5331 Vatic.
3120 5275 3226 5333 650
3286 5279 3545 5337 scribens

569 5346 674 5423 tur‘,
712 5346 929 5425 σοφίαν,
961 5346 1128 5423 agetis
1162 5353 1231 5425 de
1270 5349 1656 5425 Ecclesiastico
1682 5346 2148 5425 :libro_'c_anonico
2255 5346 2469 5425 Possis.

568 5418 730 5499 quem
759 5418 1341 5499 alibi,ut'notavimus,
1366 5419 1553 5484 ἁπλῶς
1578 5430 1632 5474 et
1650 5421 1769 5474 sine
1796 5418 1979 5474 addito
2009 5434 2145 5472 παν-

568 5492 763 5569 ὁὶρεςιον
786 5503 1082 5569 nuncupat.
1117 5492 1333 5569 Possm.

638 5568 748 5636 (‘22)
783 5557 1129 5636 Ἀμαρὲιῷν.
1159 5561 1575 5636 Videturusequi
1607 5557 2141 5636 deberedvrlaorog,

564 5630 652 5692 vel
678 5630 961 5709 θεραπεία,
992 5635 1076 5688 vel
1109 5634 1252 5705 quod
1280 5630 1796 5701 simile-epitheton,
1832 5630 1920 5684 hic
1950 5630 2004 5684 in
2036 5645 2140 5683 ms.

565 5709 847 5760 amissum.
887 5707 1054 5760 ιίιττ.

565 5709 847 5763 omissum.
887 5708 1054 5761 ιίιττ.

2333 5417 2446 5486 (24)
2484 5415 2631 5489 ’Υπὸ
2676 5413 3073 5489 τῶν-σίκείων
3108 5418 3400 5489 ἀνῃρέθη.
3446 5420 3825 5477 δεηῐιθοικήίι

2256 5483 2353 5541 rex
2384 5483 2665 5556 Assyrius,
2690 5501 2757 5557 ex
2790 5483 2975 5541 Iudaea
3006 5483 3241 5544 domurii'
3260 5483 3539 5557 reversus,
3570 5510 3602 5546 a
3638 5492 3831 5546 duobus

2254 5557 2391 5629 ﬁliis
2414 5559 2528 5629 suis
2556 5556 2856 5611 trucidatus
2880 5570 2964 5613 est
2986 5561 3038 5612 in
3070 5560 3268 5629 templo
3296 5563 3445 5629 quod
3477 5556 3599 5618 erat
3630 5562 3831 5617 Ninire.

2252 5630 2340 5682 tibi
2382 5628 2580 5681 idolum
2628 5642 2786 5681 suum
2820 5628 3387 5687 venerabattirL~Ville
3419 5632 3619 5688 Isaiam
3668 5643 3831 5688 extre-

2250 5714 2340 5771 tno
2393 5714 2514 5768 cap.
2564 5712 2773 5763 xxxvii,
2823 5707 2879 5755 et
2924 5700 3018 5755 lib.
3050 5699 3120 5754 IV
3172 5702 3347 5771 393.,
3386 5720 3437 5759 e.
3478 5721 3570 5759 xu
3623 5706 3681 5760 in
3722 5705 3831 5757 ﬁne.

636 5778 750 5848 (25)
779 5776 1050 5848 Neciilud
1074 5775 1339 5848 minutum
1376 5771 1707 5848 neglexerint
1742 5784 1759 5823 :
1792 5785 1989 5824 nomen
2025 5768 2142 5837 ejus
2251 5767 2413 5824 ίὶιττ.

568 5843 653 5903 cui
688 5843 800 5903 haec
829 5847 1060 5919 epistola
1106 5846 1361 5901 scribitur
1390 5843 1444 5897 in
1475 5843 1661 5897 ultima
1691 5851 1890 5912 praeter
1934 5856 2139 5896 morem
2236 5894 2239 5897 ,
