3906 6416
148 371 252 438 1325

169 509 2413 540 ...β-Μ

1094 362 1645 458 ΕΡΙΞΤΟΙΑΑΗΙΙΜ,
1668 362 1813 421 LIB.
1853 364 1921 423 V.
1952 388 2022 397 —
2052 363 2290 424 EPIST.
2333 358 2419 426 Il.

3231 356 3368 427 1396

2415 514 2563 534 οὐ*

1426 659 1566 714 ΤΩΝ
1608 659 1748 714 ΤΟΥ
1785 659 1999 715 ΑΓΙΟΥ

600 825 1305 942 ΙΣΙΔΩΡΟΥ
1377 824 1679 941 ΤΟΥ
1755 818 2860 945 ΠΗΛΟΥΣΙΩΤΟΥ

1058 1028 1709 1168 ΕΠΙΣΤΟΛΩΝ
1779 1079 2227 1167 ΒΙΒΛΙΟΝ
2300 1071 2423 1165 E’.

784 1439 916 1569 S.
1040 1414 1636 1569 ISIDORI
1737 1441 2676 1572 PELUSIOTZE

1284 1697 2212 1809 EPISTOLABUM

1151 1950 1570 2039 LIBER
1656 1949 2315 2055 QUINTUS

884 2144 1084 2197 Andrea
1110 2139 1311 2194 Schotto
1336 2138 1694 2203 Antuerpiemi,
1716 2139 1835 2190 Soc.
1858 2141 1980 2190 Iesu
1999 2140 2307 2208 Presbytero,
2331 2142 2608 2209 interprete.

623 2467 701 2521 A'.
736 2495 799 2506 -
837 2464 1163 2536 ΑΝΤΙΟΧῼ.

2173 2460 2334 2532 553
2364 2460 2407 2517 ι.
2437 2489 2505 2501 -
2528 2458 2903 2518 ANTIOCHO.

767 2558 942 2613 Animi
970 2558 1303 2627 corporisque
1328 2557 1623 2610 moderatio
1654 2558 1852 2626 optima
1884 2551 2126 2624 (Similia
2152 2555 2244 2609 lib.
2276 2570 2337 2623 ιι,
2368 2556 2525 2625 epist.
2560 2554 2716 2625 2H.)

193 2669 385 2744 Ὠσπερ
437 2672 499 2726 ὲν
547 2672 662 2735 τοῖς
702 2670 955 2740 σώμασιν
998 2668 1109 2722 ἀπὸ
1140 2668 1456 2734 πλεονεξίας
1480 2670 1536 2724 αἱ
1564 2669 1689 2723 δυσ-
1721 2690 1729 2712 ι

1870 2668 1940 2726 Ut
1962 2670 2014 2725 in
2033 2669 2288 2728 humanis
2305 2671 2631 2743 corporibus
2650 2687 2717 2728 ex
2732 2671 3026 2728 humorum
3046 2671 3381 2729 anundantia

130 2762 325 2832 κρασίαι
379 2763 662 2832 γίνονταν
721 2761 851 2815 ὅταν
902 2760 1013 2831 γὰρ
1059 2759 1189 2824 τοὺς
1240 2759 1479 2824 οἰκείους
1528 2760 1688 2831 ὅρους

130 2855 309 2924 ἀφέντα
334 2856 403 2909 τά
448 2854 718 2925 στοιχεῖα,
748 2852 1018 2924 ὑπερόρια
1046 2851 1268 2923 γίνηται
1308 2852 1405 2907 καὶ
1435 2853 1515 2915 είς
1547 2853 1687 2923 ἀμε-

128 2947 263 3015 τρίαν
291 2948 527 3020 ἐκπέσῃ,
559 2946 683 2999 τότε
717 2945 775 2998 αἱ
802 2944 950 2999 νόσοι
980 2943 1079 2999 καὶ
1106 2945 1157 2997 οἱ
1183 2943 1411 3016 χαλεποὶ
1452 2944 1690 3015 συμσαί-

127 3053 257 3091 mat
277 3037 520 3092 θάνατοι*
547 3035 693 3090 οὕτω
718 3036 856 3108 κᾲπὶ
870 3033 979 3088 τῶν
1001 3034 1213 3107 ψυχῶν.
1233 3036 1297 3089 Ei
1319 3035 1430 3107 γὰρ
1451 3036 1562 3090 άπὸ
1591 3034 1689 3089 τοῦ

130 3128 379 3202 σώφρονος
412 3131 535 3203 βίου
586 3131 668 3194 είς
695 3128 869 3201 ὀργὴν
901 3126 1380 3201 ἐκκυλισθείημεν,
1414 3128 1509 3183 καὶ
1538 3144 1692 3183 τετυ-

129 3223 342 3294 φωμένοι
366 3225 469 3279 καὶ
498 3223 891 3294 δουλοπρεπεῖς
925 3220 1216 3292 γινόμεθα,
1252 3220 1321 3274 δι’
1352 3221 1562 3275 ἐκείνου
1591 3221 1691 3292 μὲν

130 3318 320 3389 μισητοὶ
341 3359 356 3383 ,
407 3318 501 3372 διά
554 3316 748 3371 τοῦτου
804 3316 864 3370 δὲ
922 3314 1322 3385 καταγέλαστοι
1387 3315 1688 3387 γινόμενοι.

137 3408 391 3474 Ἐναντίας
420 3410 534 3482 γὰρ
581 3408 782 3474 κακίας
827 3410 1150 3482 κιρνῶντες,
1177 3408 1439 3463 ἀπόνοιαν
1469 3425 1529 3461 τε
1552 3406 1690 3479 όμοῢ

123 3502 205 3555 καὶ
229 3503 546 3569 κολακείαν,
577 3502 673 3556 καὶ
717 3502 875 3574 μίσος
908 3501 1292 3575 κερδαίνομεν,
1336 3502 1433 3555 καὶ
1480 3501 1695 3568 γέλωτα

124 3592 526 3668 ὸφλισκάνομεν.
572 3594 713 3648 Ἀλλ’
755 3593 853 3648 ἐὰν
882 3592 981 3665 τὴν
1009 3591 1326 3659 πλεονεξίαν
1357 3592 1453 3646 τοῦ
1487 3591 1694 3655 πάθους

123 3687 519 3758 περικόψωμεν,
569 3686 666 3741 καὶ
726 3685 975 3739 ταπεινοὶ
1036 3685 1178 3756 μετὰ
1230 3685 1537 3757 ἀκριϐείας,
1596 3684 1696 3739 καὶ

124 3776 301 3847 ὑψηλοὶ
361 3779 509 3851 μετὰ
555 3777 862 3848 ἀσφαλείας
911 3777 1166 3849 ἐσόμεθα.
1223 3777 1461 3847 Τοιαύτη
1506 3775 1615 3848 γὰρ
1660 3778 1694 3846 ή

119 3871 237 3941 παρ’
268 3871 400 3943 ἡμῖν
436 3869 751 3941 φιλοσοφία,
788 3868 1262 3942 μετριοφροσύνην
1294 3870 1391 3922 καὶ
1428 3868 1564 3939 ὕψος
1614 3870 1695 3931 εἰς

123 3963 239 4031 μίαν
284 3963 488 4017 συνείει
522 3962 637 4034 (25)
690 3961 907 4034 ψυχήνο
957 3960 1432 4033 μετριοφροσύνην
1470 3962 1592 4033 μὲν,
1616 3963 1696 4033 τῷ

1790 2764 1958 2819 variat
2007 2763 2282 2819 exsistunt
2340 2762 2729 2835 intemperies,
2774 2766 2941 2830 dum,
2984 2764 3380 2822 excedentibus

1791 2850 1928 2906 ﬁnes
1980 2863 2113 2907 suos
2159 2851 2473 2919 elementis,
2530 2853 2681 2908 nimii
2725 2853 2861 2909 liunt
2900 2863 2955 2910 et
3005 2853 3383 2917 immoderati.

1792 2942 1935 2998 unde
1961 2943 2138 2999 morbi
2154 2952 2474 3010 nascuntur,
2497 2954 2552 3000 et
2568 2944 2796 3000 molesta
2820 2959 2967 3002 mors
2999 2946 3384 3016 subsequitur;

1790 3034 1932 3091 idem
1996 3043 2055 3090 et
2110 3035 2311 3091 animis
2376 3036 2599 3093 accidit.
2652 3035 2710 3092 Si
2754 3037 2899 3093 enim
2971 3054 3003 3094 a
3060 3041 3384 3109 temperanti

1792 3128 2114 3198 placidaque
2150 3136 2335 3183 mente
2373 3128 2429 3184 in
2474 3129 2775 3186 iracundiae
2819 3130 3063 3187 furorem
3112 3132 3236 3202 quis
3269 3147 3377 3187 una

1792 3222 2094 3293 prmcipitet
2125 3222 2397 3293 typhoque
2414 3223 2605 3278 ardeat
2631 3224 2904 3294 superbia:
2918 3234 3083 3295 atque
3119 3225 3380 3281 servilem

1794 3315 1849 3369 in
1879 3315 2098 3369 modum
2122 3329 2243 3369 sese
2268 3322 2444 3384 gerat,
2468 3328 2538 3370 ex
2556 3314 2664 3369 illis
2684 3315 2903 3385 quidem
2928 3316 3170 3380 odiosus,
3189 3330 3256 3370 ex
3278 3316 3383 3370 hoc

1794 3405 2130 3468 vero,etiam
2188 3403 2450 3460 ridiculus
2502 3406 2714 3461 evadet.
2766 3406 2902 3461 Mala
2959 3407 3105 3462 enim
3155 3407 3386 3463 invicem

1792 3495 2092 3567 pugnantia
2132 3495 2443 3561 miscendo,
2490 3497 2786 3552 amentiam
2819 3497 3081 3567 quidem,
3130 3507 3380 3553 assenta-

1796 3587 2001 3644 tionem
2037 3597 2095 3642 et
2132 3588 2319 3643 odium
2360 3588 2647 3658 acquirat,
2674 3601 2731 3643 ct
2761 3588 2882 3646 aliis
2910 3589 3082 3645 risum
3122 3589 3384 3660 praebeat.

1794 3680 1867 3736 At
1907 3682 1956 3737 si
1988 3680 2335 3738 immodicam
2393 3692 2639 3737 motuum
2685 3682 2853 3737 animi
2901 3682 3241 3740 ail'ectionem
3294 3697 3387 3738 re-

1794 3788 2070 3838 secemus,
2101 3784 2158 3831 et
2197 3775 2413 3845 egregie
2458 3774 2690 3830 humiles
2756 3784 2810 3829 et
2851 3784 2967 3830 tuto
3015 3776 3215 3833 excelsi
3256 3777 3385 3831 red-

1797 3867 2008 3924 demur.
2043 3854 2175 3924 Haec
2215 3878 2301 3925 est
2332 3869 2479 3925 enim
2520 3879 2705 3924 nostra
2755 3867 3175 3938 philosophandi
3220 3868 3386 3934 ratio,

1801 3971 1862 4014 ut
1906 3959 2228 4016 modestiam
2265 3974 2360 4016 seu
2401 3961 2818 4030 temperantiam
2860 3968 2916 4014 et
2969 3961 3389 4029 generositatem

119 4056 246 4109 κατὰ
300 4031 539 4129 μηδενὸς
594 4031 926 4127 ἐπαίρεσθαι
948 4031 971 4087 ἕ
1034 4031 1175 4126 ὕψος
1201 4031 1305 4121 et,
1359 4031 1437 4126 τῷ
1474 4031 1483 4033 “
1494 4031 1699 4126 μηδένα

1802 4052 1894 4106 uni
1928 4051 2112 4106 animo
2138 4052 2472 4107 inseramus.
2496 4049 2819 4106 Modestiam
2848 4052 3092 4120 quidem,
3122 4061 3182 4106 ut
3220 4065 3380 4122 oppo-

124 4144 296 4211 ἀξιοῦν
320 4144 665 4202 κολακεύειν.

115 4345 180 4402 B'.
214 4378 278 4390 .-
301 4350 706 4406 EPMOI‘ENEI
739 4348 863 4404 KAI
899 4348 1290 4419 AAMnE'rtq,
1324 4347 1447 4402 KAI
1482 4346 1699 4401 AEON-

603 4420 718 4492 ΤΙῼ
753 4415 1201 4474 ΕΠιΣιςοιιοιΣ.

1803 4159 1904 4200 nas
1926 4154 1983 4199 te
2009 4142 2244 4210 nemini;
2281 4143 2705 4213 generositatem
2738 4156 2901 4207 vero,
2944 4152 3005 4197 ut
3038 4142 3171 4199 nulli
3206 4157 3391 4201 asscit-

1801 4236 2023 4290 tandum
2043 4250 2166 4292 esse
2186 4236 2489 4293 existimes.

2017 4348 2083 4403 Il.
2106 4381 2174 4395 —-
2200 4347 2633 4409 HERMOGENI,
2659 4347 3051 4416 LAMPETIO,
3084 4349 3175 4405 ET

2219 4418 2544 4485 LEONTIO,
2574 4418 2961 4475 EPISCOPIS.

965 4528 1076 4583 Pro
1105 4527 1358 4599 improbis
1388 4525 1670 4582 orandum.
1717 4526 1849 4584 Vide
1878 4531 1979 4595 inf.
2017 4533 2172 4599 epist.
2205 4531 2311 4586 105
2331 4542 2380 4584 et
2404 4532 2531 4588 440.

173 4642 231 4697 ΕΞ
258 4645 518 4718 καὶπρὸς
542 4641 815 4714 Ζώσιμον,
841 4639 939 4695 καὶ
961 4638 1283 4703 Εὑστάθιον,
1306 4638 1405 4693 καὶ
1428 4638 1695 4709 Μάρωνα,

109 4734 297 4807 ἄνδρας
334 4738 478 4809 μήτε
509 4752 562 4789 τι
593 4733 829 4806 χρηστὸν
858 4729 1073 4799 οἴκοθεν
1118 4729 1515 4800 κεκτημένους,
1554 4729 1697 4800 μήτε

106 4830 196 4897 τὴν
237 4831 350 4883 ἀπὸ
391 4829 504 4882 τῶν
553 4824 900 4899 πραγμάτων
945 4822 1274 4894 δεχομένους
1319 4820 1693 4886 διδασκαλίαν,

110 4922 239 4991 μήτε
271 4923 374 4995 τὴν
405 4920 560 4992 παρὰ
586 4919 696 4973 τῶν
725 4918 902 4974 ἄλλων
929 4914 1245 4987 συμϐουλὴν
1276 4916 1694 4987 προσιεμένους,

104 5011 212 5067 ἀλλ’
273 5017 360 5080 εἰς
430 5012 866 5086 ὡμολογημένην
922 5009 1202 5066 ἀπώλειαν
1260 5007 1695 5071 ἐκπεπτωκότας

104 5105 385 5176 πάρελκόν
418 5109 554 5169 ἐστι,
586 5102 829 5175 κρίνετε,
860 5101 992 5172 περὶ
1022 5100 1133 5154 τῶν
1156 5100 1547 5172 προσηκόντων
1573 5099 1692 5153 δια-

1869 4642 1982 4699 Etsi
2019 4645 2085 4699 ad
2114 4643 2412 4712 Zosimum,
2437 4654 2490 4700 et
2533 4644 2903 4713 Eustathium,
2960 4656 3017 4701 et
3069 4643 3375 4716 Maronem,

1796 4737 1952 4792 viros
1997 4752 2175 4808 neque
2208 4753 2277 4793 ex
2318 4752 2440 4793 sese
2477 4737 2776 4807 quidquam
2820 4739 3136 4810 sapientes,
3186 4757 3290 4798 nec
3321 4759 3385 4799 ex

1799 4842 1985 4882 rerum
2040 4828 2376 4899 experientia
2449 4828 2829 4898 proﬁcientes,
2899 4845 3078 4902 neque
3156 4832 3385 4889 aliorum

1797 4916 2017 4986 quidem
2057 4918 2301 4975 consiliis
2334 4919 2773 4989 acquiescentes,
2817 4917 2984 4992 554
3013 4922 3108 4975 sed
3137 4920 3190 4975 in
3226 4937 3388 4993 aper-

1797 5018 1911 5065 tum
1971 5008 2255 5080 prolapsos
2318 5011 2651 5075 interitum,
2697 5011 2765 5066 de
2820 5012 2985 5065 rebus
3058 5014 3387 5068 necessariis

1792 5100 1960 5153 verba
2010 5100 2193 5155 facere
2235 5099 2579 5170 superﬂuum
2621 5115 2744 5156 esse
2764 5100 3024 5170 iudicetis
3054 5120 3068 5157 :
3102 5102 3383 5158 nihilomi-

100 5194 358 5265 λέγεσθαι
382 5215 395 5229 ·
434 5197 639 5265 ἀλλάῖίε
686 5195 888 5249 δίκαιοι
939 5194 1007 5248 ἂν
1037 5195 1188 5264 εἴητε
1229 5193 1416 5263 εὐχαῖς
1466 5191 1605 5261 πρὸς
1633 5191 1694 5243 τὸ

1798 5207 1896 5247 nus
1924 5207 2141 5263 aequum
2179 5193 2341 5250 fuerit
2378 5209 2569 5265 preces
2597 5194 2667 5249 ad
2697 5195 2865 5251 Deum
2900 5211 2999 5266 pro
3027 5196 3095 5252 iis
3134 5197 3380 5251 fundere.

101 5286 238 5342 Θεῖον
288 5288 609 5361 χρήσασθαι
659 5287 824 5357 τάχα,
862 5284 983 5348 πῶς
1028 5283 1228 5347 αὐτοὺς
1282 5285 1348 5335 ὲκ
1398 5282 1493 5335 τοῦ
1523 5280 1729 5359 βυθοῦ,

1798 5284 1960 5341 Forte
2005 5300 2103 5342 eos
2146 5299 2178 5341 e
2229 5287 2494 5344 barathro
2541 5288 2761 5343 malitiae
2806 5288 2889 5346 sic
2926 5288 3248 5349 extrahetis.
3289 5289 3382 5344 Dei

98 5378 190 5448 τῆς
222 5384 434 5445 κακίας
473 5382 814 5452 ἀνιμήσητε⁹
865 5376 1008 5431 οεῖον
1034 5376 1143 5448 γάρ
1170 5377 1319 5429 ἐστιν
1349 5374 1425 5437 ὼς
1452 5372 1596 5426 ἔοικε
1628 5373 1688 5426 τὸ

98 5469 256 5541 Εργον

1798 5379 1943 5433 enim
1974 5392 2136 5433 omne
2181 5376 2234 5433 id
2269 5393 2407 5449 opus
2427 5395 2548 5437 esse
2573 5389 2810 5437 constat.

1236 5642 1471 5698 VARUE
1516 5640 1898 5699 LECTIONES
1936 5640 2025 5696 ET
2064 5640 2298 5700 NOTIE.

163 5806 283 5879 (25)
335 5804 448 5864 Pro
496 5804 695 5861 συνείει
748 5803 869 5860 cod.
924 5801 1041 5858 Vat.
1098 5800 1204 5856 650
1252 5800 1379 5872 legit
1433 5798 1729 5869 συνάγει.1

1798 5812 1921 5857 5811.
