3906 6416
560 398 700 463 1323
1762 394 1823 454 S.
1868 394 2102 453 ISIDOI

2258 394 2648 455 ELUSIOTAE
3698 394 3800 458 1324

558 509 636 563 rei
684 514 768 578 (ut
795 505 875 562 sic
908 504 1119 577 loquar)
1151 504 1406 561 identitas
1435 503 1648 561 evadat.
1682 501 1749 557 Et
1774 502 1995 557 omissis
2030 502 2100 573 ph

2260 504 2556 573 σαφηνίσαι
2597 504 2671 567 ὡς
2705 504 2772 558 ἂν
2801 498 2914 567 οἷός
2942 520 3003 556 τε
3053 495 3100 554 ὦ
3149 499 3511 573 πειράσομαι.
3555 501 3711 571 Σοφός
3743 521 3802 566 τις

557 602 710 656 ribus
737 614 858 670 qua:
883 600 985 655 hac
1012 601 1081 655 de
1115 615 1172 655 re
1196 600 1301 653 dici
1334 607 1577 669 possent,
1607 598 1660 651 id
1694 597 1840 668 quod
1881 596 1993 651 dixi
2026 596 2099 650 illi

2262 595 2422 664 ἀνὴρ,
2454 596 2484 647 ὁ
2511 596 2607 648 τοῦ
2655 595 2830 667 Σιρᾶχ
2862 612 3027 665 φημι,
3066 595 3096 646 ὁ
3128 594 3228 666 τὴν
3261 593 3375 663 (2|)
3404 592 3600 662 σοφίαν
3630 594 3804 665 ἐκείνην

560 702 738 746 strare
772 700 1034 760 quantum
1072 701 1285 761 potero,
1335 690 1595 746 conabor.
1648 688 1881 758 Sapiens
1928 689 2102 757 quidai

2265 685 2607 755 συγγράψας,
2664 685 3163 755 προσωποποιήσας
3217 684 3316 755 τὴν
3363 682 3584 752 σοφίαν,
3626 684 3710 736 καὶ
3753 687 3807 756 μὴ

562 781 667 847 vir,
710 780 872 841 ﬁlius,
928 780 1173 850 inquam,
1208 778 1574 851 Syrachi,qui
1619 775 1955 847 Sapientiam
2003 776 2104 831 ilial

2262 776 2439 846 εὑρὼν
2473 776 2543 829 δι’
2588 776 2707 840 ἑνὸς
2735 776 3141 846 ὑποδείγματος
3171 775 3206 847 ἢ
3235 776 3304 828 δι’
3338 775 3458 838 ἑνὸς
3480 775 3642 844 φυτοῦ
3663 775 3719 829 τὺ
3739 778 3804 830 αὑ-

560 872 908 942 couscripsit,
962 880 1358 940 repraesentans
1396 869 1719 938 sapientiam
1767 867 1915 923 velut
1960 882 2102 939 pem

2268 868 2360 938 τῆς
2415 867 2615 932 κάλλος
2660 885 2721 921 τε
2753 868 2850 921 καὶ
2891 868 3024 937 ὐψος
3055 868 3154 921 καὶ
3201 867 3305 937 τὴν
3354 866 3608 934 εὐωδίαν,
3655 868 3744 921 καὶ
3766 872 3810 925 τὰ

558 982 683 1019 nam
715 964 1032 1033 quamdam,
1086 979 1209 1018 cum
1258 978 1365 1018 non
1398 961 1671 1017 inveniret
1699 974 1808 1031 quo
1854 970 2016 1032 pacto
2057 976 2100 1031 pt

2270 957 2395 1012 Ξλλα
2421 958 2491 1010 τὰ
2515 960 2582 1029 τῇ
2615 958 2780 1028 σοφίᾳ
2812 958 3089 1029 προσόντα
3124 956 3507 1029 παραστῆσαι,
3552 957 3812 1025 περιελθὼν

558 1073 728 1110 unum
762 1054 981 1124 aliquod
1028 1053 1334 1123 exemplum
1376 1061 1470 1107 aut
1507 1067 1670 1106 unam
1700 1051 1938 1122 plantam
1981 1052 2100 1122 ipsi:

2273 1049 2336 1113 In;
2364 1043 2476 1113 οἶός
2497 1066 2559 1103 τε
2599 1045 2669 1121 ἦν
2698 1049 2879 1104 πάντα
2905 1050 2974 1103 τὰ
3009 1048 3177 1119 φυτὰ,
3210 1049 3309 1103 καὶ
3337 1048 3431 1117 ἀφ’
3460 1048 3687 1101 ἑκάστου
3716 1050 3815 1100 συλ-

559 1147 1021 1218 pulchritudinem
1053 1154 1110 1200 et
1137 1144 1529 1201 sublimitatem
1558 1153 1615 1198 et
1655 1143 1980 1198 suavitatem
2024 1143 2101 1198 Odi

2272 1143 2563 1215 λεξάμενος
2590 1144 2649 1198 τὸ
2684 1143 2930 1215 ἁρμόζον
2960 1146 3056 1198 καὶ
3084 1143 3546 1215 πρεπωδέστατον
3577 1143 3705 1214 πρὸς
3737 1160 3814 1194 πα-

558 1242 657 1303 ris,
703 1249 757 1295 et
787 1240 891 1293 alia
923 1253 1043 1309 quae
1071 1238 1354 1310 sapientize
1395 1239 1613 1301 adsunt,
1655 1235 1961 1301 exhiberet,
1993 1251 2100 1306 vag:

2272 1241 2534 1309 ράστασιν
2563 1240 2757 1310 αὐτῆς,
2792 1240 2938 1294 οὓτω
2982 1242 3098 1303 τοῖς
3147 1238 3461 1309 ἀνθρώποις
3512 1236 3814 1309 ὑπέγραψεν,

562 1342 667 1396 tus,
699 1341 963 1401 quantum
1012 1338 1243 1400 poterat,
1294 1344 1391 1400 per
1441 1329 1626 1383 omnia
1666 1328 1967 1398 gignentia,
1999 1337 2054 1382 et
2085 1343 2104 1380 a

2271 1332 2353 1385 ίνα
2378 1331 2489 1385 ἀπὸ
2525 1332 2623 1402 μὲν
2652 1332 2849 1385 τούτου
2889 1331 2985 1385 τοῦ
3014 1332 3187 1401 φυτοῦ
3216 1331 3279 1384 τὺ
3319 1331 3543 1392 κάλλος,
3570 1328 3677 1382 ἀπὸ
3694 1329 3736 1381 δ’
3752 1329 3813 1381 ἄλ-

562 1438 890 1493 unoquoque
919 1437 1123 1493 genere
1151 1421 1413 1491 colligens
1438 1420 1490 1473 id
1515 1419 1660 1489 quod
1694 1420 1929 1472 maxime
1956 1433 2104 1473 οοῐιν‹

2274 1427 2356 1473 λου
2381 1421 2442 1474 τὸ
2480 1421 2637 1492 ὕψος,
2668 1422 2783 1476 ἀπὸ
2801 1422 2860 1474 δὲ
2882 1421 3075 1493 ἐτέρου
3114 1422 3215 1493 τὴν
3250 1421 3487 1475 εὐωδίαν
3520 1419 3816 1492 ἐρανισάμε-

562 1516 721 1569 niens
752 1522 915 1583 atque
948 1514 1203 1568 decorum
1232 1521 1355 1566 erat
1386 1511 1452 1564 ad
1484 1525 1604 1564 eam
1636 1510 2104 1579 repraesentandan

2274 1530 2371 1578 θος,
2401 1515 2498 1568 καὶ
2519 1514 2712 1588 ὥσπερ
2740 1518 2800 1569 ὲν
2840 1515 3105 1587 Θησαυρῷ
3136 1533 3268 1580 τινι,
3296 1517 3357 1568 οὐ
3385 1515 3566 1568 πάντα
3584 1513 3654 1567 τὰ
3682 1530 3816 1585 προσ-

560 1606 636 1660 ita
671 1621 792 1661 eam
830 1606 1141 1661 hominibus
1186 1603 1552 1669 adumbravit,
1588 1612 1648 1657 ut
1681 1604 1751 1658 ab
1786 1605 1888 1657 hac
1934 1603 2098 1673 quide

2274 1606 2390 1660 ivra
2427 1609 2543 1670 τοῖς
2594 1611 2820 1677 φυτοῖς,
2867 1608 2985 1662 ἀλλ’
3024 1611 3236 1672 ἐκεῖνα,
3286 1600 3364 1661 ὧν
3398 1607 3592 1677 χρείαν
3640 1602 3816 1676 εἶχενὴ

562 1698 746 1765 planta
774 1697 1258 1768 pulchritudinem,
1290 1696 1359 1750 ab
1381 1696 1487 1749 alia
1515 1695 1928 1761 sublimitatem,
1954 1695 2023 1749 ab
2050 1695 2099 1748 al

2274 1702 2446 1766 εἰκὼν,
2503 1700 2863 1773 παραλαϐὼν,
2910 1700 3064 1765 ἄξιόν
3106 1718 3163 1754 τι.
3203 1700 3307 1769 τῆς
3356 1699 3554 1768 σοφίας
3600 1696 3816 1766 ἐννοῆσαι

562 1792 750 1846 odoris
780 1790 1105 1845 suavitatem
1140 1803 1204 1842 ac
1256 1787 1615 1858 fragrantiam
1665 1788 1822 1857 quasi
1855 1796 2099 1842 mutuatu

2276 1789 2674 1860 παρεσκεύασε.
2737 1791 2848 1846 Καὶ
2888 1792 2977 1846 ἴνα
3013 1791 3090 1862 μὴ
3137 1790 3441 1862 φαινοίμην
3476 1790 3714 1857 λεληθὼς
3756 1805 3818 1841 σοι

562 1894 617 1936 et
644 1883 759 1937 haec
791 1881 940 1937 velut
986 1881 1041 1934 in
1090 1881 1350 1933 thesauro
1379 1879 1616 1949 quodam
1650 1879 1884 1949 reposita
1922 1880 2097 1934 haben

2275 1884 2463 1949 ivst60c;
2514 1884 2762 1955 ἀμαθίας
2802 1885 3293 1959 προστριϐόμενος,
3342 1883 3517 1946 αὐτάς
3547 1884 3649 1936 οὐκ
3687 1880 3817 1945 ἔταξα

564 1990 668 2027 nun
704 1974 958 2028 omnibus
991 1986 1112 2039 quae
1141 1969 1338 2037 plantis
1379 1970 1588 2033 insunt,
1640 1970 1735 2024 sed
1774 1969 1879 2023 illis
1920 1978 2106 2023 tantuu

1920 1978 2151 2037 tantum,
2261 1974 2363 2039 τὰς
2391 1976 2584 2046 ῥήσεις
2612 1976 2681 2037 ἃς
2710 1976 2972 2041 ἐναύλους
2991 1975 3137 2047 ἔχειν
3162 1995 3223 2029 σε
3257 1977 3424 2040 εἰκός.

565 2068 764 2137 quibus
798 2065 866 2120 ad
920 2064 1209 2132 imaginem
1261 2061 1646 2130 absolvendam
1696 2077 1832 2131 opus
1883 2070 2023 2126 erat,
2075 2068 2391 2137 assumptis,
2463 2070 2809 2124 occasionem
2871 2069 3061 2125 lectori
3136 2070 3407 2139 praeberet
3452 2067 3653 2136 aliquid
3691 2066 3815 2135 cogi-

570 2161 717 2214 tandi
769 2159 912 2229 quod
967 2158 1232 2227 sapientia
1278 2156 1503 2224 dignum
1555 2153 1715 2209 foret.
1762 2153 1831 2208 Et
1868 2169 1935 2209 ne
1973 2156 2164 2211 videar
2196 2159 2340 2214 aliud
2370 2176 2539 2232 agens
2601 2163 2696 2218 tibi
2750 2164 3057 2233 exprobare
3097 2163 3419 2225 ruditatem,
3473 2175 3579 2214 non
3627 2156 3816 2228 apposui

569 2254 657 2310 hic
687 2253 799 2322 ipsa
834 2250 1001 2310 dicta,
1028 2262 1148 2315 qua:
1183 2246 1279 2301 tibi
1313 2244 1660 2299 familiariter
1704 2254 1829 2298 nota
1872 2258 1995 2300 esse
2037 2249 2312 2305 convenit,

921 2338 1082 2408 552
1123 2334 1405 2392 ccxxnx.
1441 2364 1513 2376 --
1539 2334 1813 2391 zosmo.
2006 2400 2009 2403 _

2006 2400 2009 2403 .
2761 2346 2932 2401 mea
2977 2376 3048 2386 -
3087 2346 3363 2417 ΖΩΣΙΜῼ.

810 2432 889 2486 De
940 2432 1121 2484 divina
1165 2431 1220 2484 in
1270 2430 1425 2484 terris
1470 2430 1905 2501 peregrinatione.

2620 2435 2763 2502 Περὶ
2802 2434 2909 2502 τῆς
2942 2435 3110 2501 θείας
3150 2434 3497 2504 ἐπιδημίας.

638 2524 1011 2579 Humanarum
1059 2532 1410 2589 peccatorum
1456 2524 1775 2600 remedium,
1804 2523 1926 2578 Filii
1968 2523 2061 2580 Dei
2104 2524 2158 2582 itt

2344 2526 2410 2578 Ἦ
2442 2525 2554 2580 τῶν
2579 2526 2939 2594 ἀνθρωπίνων
2970 2527 3352 2599 ἀμαρτιῶν....
3384 2527 3499 2599 (ἓὲ)
3520 2529 3553 2597 ἡ
3585 2526 3679 2581 τοῦ
3708 2525 3812 2579 Υίοῦ

563 2632 784 2671 carnem
817 2618 1102 2679 adventus,
1140 2628 1330 2668 omnes
1359 2613 1580 2683 quidem
1611 2630 1734 2668 cum
1766 2617 2014 2671 homines
2044 2625 2097 2670 tu

2272 2616 2356 2670 τοῦ
2395 2618 2533 2671 Θεοῦ
2569 2619 2837 2691 ἕνσαρκος
2870 2622 3189 2690 ἐπιφάνεια,
3228 2620 3442 2684 πάντας
3480 2621 3580 2691 μὲν
3610 2619 3814 2688 ἐφόϐησε

564 2709 837 2761 daemones
866 2705 1081 2769 terruit,
1111 2703 1218 2758 illis
1247 2703 1462 2772 quidem
1494 2705 1847 2773 persuadens,
1876 2717 1935 2759 ut
1964 2721 2106 2776 parci

2273 2713 2358 2766 καὶ
2410 2711 2738 2785 ἀνθρώπους
2772 2715 2869 2767 καὶ
2910 2714 3196 2783 δαίμονας,
3246 2714 3376 2775 τοὺς
3422 2713 3524 2783 μὲν
3570 2710 3815 2780 φείδεσθαι

564 2809 687 2854 rent
720 2809 928 2852 natura:
955 2798 1070 2865 jam
1115 2797 1354 2850 consorti
1404 2796 1737 2865 divinitatis,
1791 2798 1990 2868 quippe
2033 2813 2102 2868 qu

2276 2805 2360 2876 τῆς
2414 2804 2634 2874 φύσεως
2662 2805 2923 2868 πείσασα,
2959 2806 3037 2870 ὡς
3084 2805 3205 2877 Θεῷ
3255 2804 3581 2873 ἑνωθείσης·
3614 2803 3731 2865 τοὺς
3774 2802 3818 2852 δὲ

563 2892 674 2946 Deo
722 2892 871 2945 unita
920 2891 1038 2944 sit:
1073 2889 1209 2943 istos
1254 2902 1383 2943 vero
1432 2890 1727 2960 Subigens,
1780 2900 1839 2944 ut
1898 2893 2105 2961 deincej

2274 2893 2564 2964 Ξιπὲχεσθαι
2596 2898 2696 2968 τῆς
2741 2897 2864 2949 κατ’
2903 2896 3087 2949 αὐτῶν
3123 2888 3422 2965 ὲπιϐοἶιλῆς
3462 2893 3816 2962 ἀναγκάσασα,

564 2983 904 3038 abstinerent
938 2982 1006 3036 ab
1035 2981 1247 3037 insidiis
1282 2982 1547 3036 adversus
1576 2982 1824 3036 homines
1854 2984 2106 3037 struendi:

2281 2985 2337 3049 ὓς
2387 2988 2775 3059 ἀναμαρτήτου
2841 2986 3030 3040 λοιπὸν
3083 2986 3415 3056 γενομένης·
3473 2986 3534 3036 σὲ
3585 2983 3642 3037 δὲ
3693 2980 3823 3035 οὐδὲν

564 3086 751 3146 utpote
771 3091 1002 3146 quorum
1030 3083 1220 3129 natura
1241 3074 1351 3143 jam
1389 3075 1594 3143 peccati
1624 3088 1821 3143 expers
1848 3075 1900 3128 in
1930 3074 2106 3130 Christ

2278 3078 2472 3134 τούτων
2512 3080 2812 3150 ἐμάλαξεν,
2839 3080 2962 3133 οὐδὲ
2999 3079 3231 3132 δεδιέναι
3255 3077 3689 3149 παρεσκεύασεν.
3718 3072 3820 3126 οὐδὲ

563 3169 752 3223 elTecta
804 3169 916 3221 sit:
952 3176 1003 3220 te
1042 3181 1174 3221 vero
1224 3165 1356 3220 nihil
1407 3167 1633 3221 istorum
1674 3167 1923 3232 emolliit,
1978 3181 2105 3237 neqt

2279 3174 2568 3244 σωφρονεῖν
2602 3171 3081 3243 ὲπαιδαγώγησεν.
3121 3172 3185 3224 Εἰ
3221 3170 3405 3223 τοίνυν
3458 3168 3738 3240 ἄνθρωπος
3764 3160 3821 3223 εἷ.

566 3272 806 3315 metuere
834 3259 982 3324 fecit,
1008 3274 1183 3327 neque
1206 3261 1274 3314 ad
1302 3262 1713 3330 temperantiam
1743 3274 1807 3314 ac
1831 3261 2108 3315 modestia:

2369 3264 2629 3335 προτέρῳ
2664 3263 2993 3332 παιδεύθητι
3014 3279 3027 3291 ³
3064 3264 3113 3315 εί
3159 3262 3217 3316 δὲ
3240 3261 3478 3332 δαίμων,
3508 3259 3586 3330 τῷ
3610 3257 3824 3324 δευτέρτς¹

564 3356 824 3411 instituit.
874 3354 1003 3408 Sive
1043 3354 1211 3423 igitur
1266 3352 1431 3407 homo
1474 3366 1565 3416 es,
1606 3353 1757 3421 prius
1804 3361 1856 3405 te
1901 3353 2106 3406 erudiat

2283 3354 2559 3425 ηιδάχθητι,
2592 3354 2669 3425 μὴ
2691 3353 3144 3424 κατακεχρῆσθαι
3169 3355 3237 3424 τῇ
3282 3350 3549 3421 καλλίστῃ
3581 3347 3737 3416 φύσει
3758 3345 3825 3404 είς

565 3451 679 3504 sive
704 3450 913 3502 daemon
944 3446 1139 3515 aliquis
1170 3459 1251 3511 es,
1282 3444 1552 3514 posterius
1580 3452 1631 3498 te
1654 3444 1865 3507 doceat,
1913 3458 1981 3498 ne
2010 3457 2107 3513 pra

2282 3446 2426 3518 τάθη.
2462 3446 2656 3511 Ἦξεις
2681 3447 2790 3517 γὰρ
2823 3448 2905 3509 είς
2938 3446 3142 3517 κρίσιν,
3170 3444 3381 3498 τούτων
3404 3444 3661 3498 ἁπάντων
3688 3435 3824 3491 εὐθύ-

564 3542 899 3597 stantissima
958 3550 1152 3595 natura
1195 3538 1261 3592 ad
1302 3535 1531 3591 allectus
1572 3545 1630 3590 et
1686 3535 2106 3604 concupiscenti:

2280 3556 2353 3601 ἀς
2383 3539 2618 3608 ὑφέξων,
2673 3542 2771 3594 καὶ
2798 3541 2900 3611 τῆς
2964 3541 3184 3613 μακρᾶς
3237 3539 3581 3609 ἀναλγησίας
3635 3530 3822 3606 μικρὸν

563 3631 858 3701 explendas
882 3630 1128 3684 abutare.
1162 3624 1360 3681 Venies
1382 3625 1528 3679 enim
1565 3624 1618 3679 in
1642 3624 1931 3695 judicium,
1976 3626 2105 3679 redd

1464 3626 1528 3679 im
1565 3624 1618 3679 in
1642 3624 1931 3695 judicium,
1976 3625 2156 3679 reddi-
2256 3632 2803 3704 εἰσπραχθησόμενος
2828 3633 3006 3702 λόγον.

565 3733 720 3779 turus
760 3725 952 3779 horum
1039 3723 1283 3777 omnium
1324 3721 1583 3784 rationes,
1624 3730 1678 3772 et
1718 3720 1986 3773 diuturna:
2035 3720 2192 3789 hujus
2269 3725 2578 3782 indolentia:
2635 3743 2701 3782 ac
2749 3728 2990 3799 stuporis
3033 3727 3352 3783 diuturnam
3400 3724 3699 3795 exigendus
3748 3729 3823 3770 ra-

565 3828 786 3874 mum.
850 3904 1115 3964 ccxxx.
1134 3937 1204 3946 —
1223 3903 1479 3959 ALPHIO
1508 3888 1861 3972 EPISCOPO.

2531 3898 2653 3951 ΣΛο.
2693 3927 2764 3937 -
2800 3898 3005 3969 ΑΛΦΙῼ
3042 3896 3155 3969 (es)
3181 3898 3562 3971 ΕΠΙΣΚΟΠῼ.

1119 4000 1198 4055 De
1235 3998 1612 4054 Sennacherib.
1772 4023 1783 4035 ο

2692 3990 2831 4060 Περὶ
2860 3989 2967 4044 τοῦ
2997 3988 3394 4059 Σεναχειιηυι.

638 4095 901 4163 Quoniam
929 4092 1308 4149 Sennacherib
1337 4093 1541 4159 majora
1571 4106 1733 4160 quam
1758 4104 1856 4160 pro
1887 4098 2081 4144 natura
2101 4099 2158 4145 et

2337 4084 2561 4156 Ἐπειδὴ
2613 4085 2643 4137 ὁ
2692 4082 3036 4155 Σεναχειρὴμ
3091 4083 3447 4154 ἀνθρωπίνης
3497 4084 3721 4154 φύσεως
3751 4085 3833 4137 καὶ

564 4189 774 4244 viribus
807 4184 1063 4241 humanis
1094 4184 1332 4238 minatus
1361 4190 1448 4237 est
1479 4181 1745 4245 Ezechiae,
1778 4182 1901 4235 ideo
1923 4182 2106 4250 propri

2295 4178 2538 4249 ivc'tpewg
2581 4176 2805 4248 μείζονα
2836 4176 3106 4247 ἠπείλησε
3158 4175 3237 4248 τῷ
3279 4176 3532 4248 Ἐζεκίᾳ,
3568 4177 3661 4230 διὰ
3694 4177 3837 4231 τοῦτο

565 4278 957 4336 imbecillitatis
994 4274 1299 4331 nullitatem
1335 4271 1610 4343 cognovit.
1661 4271 1797 4325 Nam
1836 4272 1927 4342 qui
1967 4286 2107 4342 sper:

2292 4290 2393 4341 γνω
2431 4274 2532 4345 τῆς
2569 4274 2779 4337 οἰκείας
2806 4274 3095 4338 ἀσθενείας
3118 4274 3223 4345 τὴν
3267 4274 3575 4331 οὐδένειαν.
3636 4276 3695 4328 ’0
3741 4275 3834 4343 γὰρ

561 4374 658 4427 bat
690 4386 750 4426 se
786 4366 1218 4439 Hierosolymam
1260 4367 1440 4436 primo
1470 4363 1627 4434 quasi
1669 4364 1871 4433 impetu
1919 4373 1976 4417 et
2025 4379 2103 4419 οιιι

2293 4366 2646 4437 Εὲπιδρομῆς
2680 4366 2777 4420 καὶ
2836 4366 3087 4420 αὐτοϐοεὶ
3134 4366 3533 4438 προσδοκήσας
3581 4369 3724 4421 ἑλεῖν
3752 4370 3835 4436 τὴν

559 4465 795 4535 primunt
820 4458 1129 4516 sustulisset
1148 4459 1468 4519 clamorem,
1490 4463 1796 4525 capturum,
1826 4456 1872 4510 is
1892 4454 2101 4509 univers

2291 4458 2649 4528 Ιερουσαλὴμ,
2686 4459 2869 4512 πᾶσαν
2898 4457 3085 4529 σχεδὸν
3103 4459 3202 4529 τὴν
3233 4459 3508 4529 στρατιὰν
3541 4460 3676 4513 ἄνευ
3698 4456 3833 4511 πολέ-

562 4554 677 4608 fere
720 4552 964 4608 exercitu
996 4552 1203 4619 absque
1232 4548 1485 4605 conﬂictu
1519 4547 1690 4619 praelii
1739 4548 1961 4613 amisso,
2011 4562 2104 4617 pra

2293 4567 2360 4604 ,ου
2400 4550 2494 4604 καὶ
2540 4551 2722 4621 μάχης
2772 4547 3099 4612 ἀποϐαλὼν,
3141 4549 3436 4621 ἀγαπητὸν
3482 4552 3741 4622 ἡγήσατο
3786 4549 3835 4599 τὸ

565 4644 715 4699 clare
734 4656 918 4698 secum
941 4640 1023 4710 agi
1049 4639 1292 4710 putabat,
1316 4638 1362 4693 si
1386 4637 1471 4693 vel
1493 4638 1640 4693 solus
1659 4637 1840 4692 salvus
1865 4635 2107 4691 evadere:

2291 4640 2583 4712 ιασωθῆναι
2614 4643 2795 4712 μόνον.
2826 4640 3120 4712 Διαφυγὼν
3168 4641 3214 4694 δ’
3244 4641 3461 4707 οἴκαδε,
3499 4644 3616 4698 ὑπὸ
3647 4644 3748 4696 τῶν
3772 4644 3833 4693 ol-

567 4736 701 4790 Cum
739 4744 921 4788 autem
961 4733 1182 4787 domum
1224 4729 1575 4800 profugisset,
1612 4744 1643 4783 a
1682 4729 1795 4783 suis
1832 4727 2109 4783 domestici

2293 4733 2420 4786 είων
2447 4734 2687 4806 ἀνῃρέθη
2714 4734 2851 4804 (οι),
2885 4734 2952 4786 ἵν’
2979 4732 3116 4802 ὁμοῦ
3160 4735 3259 4787 καὶ
3287 4734 3391 4805 τὴν
3432 4736 3660 4790 οἰκείαν
3694 4734 3831 4789 ἀσθέ-

565 4828 925 4894 interemptus
947 4832 1052 4888 est,
1089 4833 1148 4876 ut
1178 4822 1339 4877 simul
1368 4833 1423 4876 et
1446 4836 1601 4877 suam
1636 4830 1958 4892 agnosceret
1989 4820 2107 4876 iniit

1924 4830 1958 4875 ιι
1989 4820 2140 4876 inilr-
2250 4843 2400 4881 νειαν
2430 4827 2609 4897 γνοίη,
2637 4827 2731 4881 καὶ
2763 4827 2839 4898 μὴ
2862 4825 3116 4896 διαφύγοι
3148 4829 3251 4897 τὴν
3279 4827 3466 4900 δίκην.

562 4919 829 4981 mitatem,
878 4924 934 4971 et
967 4913 1195 4981 justitia:
1231 4914 1427 4969 divina}.
1469 4912 1997 4968 animadversionem
2032 4928 2141 4968 non

561 5011 841 5083 elfugeret.

1682 5121 1915 5177 VARle
1953 5120 2343 5178 LECTIONES
2377 5117 2468 5173 ET
2496 5115 2732 5173 NOTAE.

635 5272 747 5342 (‘21)
808 5266 935 5342 lg’ost
964 5266 995 5318 ὁ
1024 5263 1123 5334 τὴν
1150 5262 1304 5342 addit
1336 5261 1477 5342 idem
1523 5259 1826 5342 πανάρεςεον
1859 5270 1915 5342 et
1949 5256 2136 5340 sequi-
2247 5255 2625 5342 circumﬂectit
2672 5253 2797 5309 cod.
2860 5252 3039 5313 Vatic.
3113 5256 3219 5315 650
3280 5260 3551 5320 scribens
3630 5257 3823 5330 ’Δὶςιᾴ

562 5327 667 5404 tut",
704 5327 922 5407 σοφίαν,
954 5327 1120 5406 agens
1156 5335 1223 5407 de
1263 5330 1648 5407 Ecclesiastico
1674 5327 2141 5407 :libro_'_c_anouico
2248 5327 2461 5407 Possm.

561 5394 723 5480 quem
752 5394 1333 5480 alibi,'utvnota_vimus,
1359 5401 1545 5465 ἁπλῶς
1570 5410 1625 5455 et
1643 5403 1762 5456 sine
1789 5400 1971 5455 addito
2001 5416 2103 5453 παν

2326 5398 2439 5480 (Ξᾴ)
2476 5397 2624 5479 Ὑπὸ
2668 5394 3066 5480 τῶνποίκείων
3101 5400 3393 5471 ἀνῃρέθη.
3445 5401 3819 5480 Sennacherib.

562 5464 756 5550 ὁὶρετον
781 5464 1075 5550 nuncupat.
1111 5464 1329 5550 Possm.
1528 5464 1562 5550 ’_
1628 5543 1640 5550 _
1678 5540 1692 5550 ι
1849 5541 1862 5550 _
1947 5538 1989 5550 __
2250 5464 2346 5550 [93
2378 5464 3235 5550 Matinae}dudaea'domunf
3254 5464 3545 5550 reversus,
3580 5492 3610 5530 a
3635 5471 3823 5550 duobus

631 5549 741 5617 (ἓξ)
777 5537 1122 5618 Ἀμαρὶ-ιῷν.
1152 5543 1568 5618 Υὶιίοιιιῄ-εθιιιιί
1600 5540 1808 5618 debere
1825 5538 2133 5618 ἀντίδοτος,
2247 5538 2387 5618 ﬁliis
2408 5540 2521 5618 suis
2549 5537 2850 5592 trucidatus
2873 5542 3031 5618 estin
3062 5542 3447 5618 templo_quod
3478 5537 3607 5601 erat
3635 5544 3821 5599 Ninive.

563 5609 954 5691 νοῐθέρατέείᾴ,
985 5617 1068 5670 vel
1102 5616 1245 5686 quod
1272 5609 1788 5683 simile-epitheton,
1824 5612 1913 5666 hic
1942 5611 1997 5665 in
2028 5625 2132 5664 ms.
2244 5611 2333 5663 ubi
2375 5609 2573 5662 idolqu
2622 5623 2780 5662 suum
2814 5609 3381 5691 venerabaturi-Vide
3417 5614 3626 5670 Isaiam
3670 5624 3823 5669 extre

559 5680 840 5744 omissum.
880 5680 1047 5743 ιίιττ.
1118 5680 1134 5686 ’
1525 5680 1535 5683 “
2054 5749 2062 5751 Α
2244 5695 2333 5751 tuo
2386 5695 2507 5749 cap.
2557 5693 2766 5744 xxxvu,
2816 5689 2873 5736 et
2917 5681 3010 5736 lib.
3042 5680 3113 5735 IV
3167 5683 3342 5751 Reg,
3380 5701 3438 5740 c.
3481 5704 3580 5742 xix
3628 5689 3680 5743 in
3719 5687 3819 5739 ﬁne.

630 5760 743 5827 (25)
771 5757 881 5813 Nec
915 5758 1042 5811 ιιιυά
1066 5756 1332 5811 minutum
1369 5753 1699 5827 neglexerint
1734 5765 1751 5805 :
1785 5766 1981 5806 nomen
2016 5749 2134 5818 ejus
2243 5748 2406 5805 Rt'r'r.

562 5824 647 5883 cui
681 5824 793 5886 haec
822 5828 1052 5901 epistola
1098 5826 1355 5883 scribitur
1383 5824 1437 5879 in
1468 5825 1654 5879 ultima
1684 5832 1883 5893 praeter
1926 5837 2131 5877 morem
2230 5876 2231 5879 η
