3906 6416
120 427 227 493 1325

142 566 2398 597 MM

1080 418 1631 514 EPISTOLARUM-
1654 418 1799 477 LIB.
1839 420 1906 480 V.
1938 444 2009 453 -
2038 420 2276 480 EPIST.
2320 414 2405 482 ll.

3218 412 3355 483 1396

2402 570 2549 591 ιυ-

1413 715 1553 771 ΤΩΝ
1594 715 1734 770 ΤΟΥ
1771 715 1986 771 ΑΓΙΟΥ

586 881 1291 999 ΙΣΙΔΩΡΟΥ
1363 880 1666 997 ΤΟΥ
1741 874 2847 1002 ΠΗΛΟΥΣΙΩΤΟΥ

1044 1086 1695 1225 ΕΠΙΣΤΟΛΩΝ
1766 1135 2214 1223 ΒΙΒΛΙΟΝ
2287 1127 2409 1222 E’.

770 1495 903 1625 S.
1026 1472 1623 1625 ISIDORI
1724 1497 2663 1629 PELUSIOT/E

1271 1753 2198 1901 EPISTOLARUM

1137 2006 1557 2095 LIBER
1643 2005 2301 2112 QUINTUS

871 2200 1071 2253 Andrea
1097 2195 1298 2250 Sehotto
1323 2194 1681 2260 Antuerpiensi,
1703 2195 1822 2246 Soc.
1846 2197 1967 2247 Jesu
1986 2197 2294 2264 Presbytero,
2318 2198 2595 2265 interprete.

610 2524 687 2577 A'.
722 2552 786 2563 —
823 2520 1150 2592 ANTono.

2161 2515 2321 2589 553
2351 2517 2393 2573 ι.
2423 2546 2491 2557 -
2515 2515 2889 2574 ANTIOCHO.

754 2614 929 2669 Animi
957 2615 1290 2683 corporisque
1316 2613 1610 2667 moderatio
1640 2614 1839 2682 optima
1871 2607 2113 2681 (Similia
2139 2611 2231 2666 lib.
2264 2627 2324 2679 ll,
2355 2612 2513 2681 epist.
2546 2610 2702 2681 241.)

169 2726 371 2800 Ὠσπερ
425 2729 486 2783 ὲν
534 2728 649 2791 τοῖς
687 2727 942 2796 σώμασιν
985 2725 1096 2779 ἀπὸ
1128 2725 1443 2791 πλεονεξίας
1467 2726 1523 2781 αἱ
1551 2726 1677 2779 δυσ-
1708 2718 1723 2768 λ

1857 2725 1927 2782 Ut
1948 2727 2001 2782 in
2020 2726 2275 2784 humanis
2292 2727 2618 2799 corporibus
2637 2743 2703 2785 ex
2719 2727 3013 2784 humerum
3032 2727 3368 2785 aoundantia

104 2819 307 2890 κρασίαι
365 2819 649 2888 γίνονται·
708 2818 838 2872 ὅταν
889 2817 1000 2888 γὰρ
1046 2816 1175 2881 τοὺς
1227 2816 1466 2880 οἰκείους
1516 2817 1675 2888 ὅρους

105 2912 292 2981 ἀφέντα
317 2912 391 2966 τὰ
436 2911 704 2982 στοιχεῖα,
735 2908 1004 2980 ὑπερόρια
1033 2908 1255 2980 γίνηται
1295 2910 1392 2963 καὶ
1422 2910 1502 2972 είς
1534 2910 1675 2979 ἀμε-

101 3004 244 3073 τρίαν
272 3004 514 3076 ἐκπέσῃ,
546 3002 670 3056 τότε
703 3001 762 3055 αἱ
789 3001 936 3055 νόσοι
968 3000 1066 3055 καὶ
1093 3001 1144 3054 οἱ
1171 3000 1397 3072 χαλεποὶ
1439 3000 1677 3071 συμϐαί-

102 3111 237 3149 νουσι
259 3094 507 3149 θάνατον
533 3092 679 3147 οὕτω
704 3092 842 3165 κᾲπὶ
857 3090 967 3145 τῶν
988 3091 1200 3163 ψυχῶν.
1220 3092 1284 3146 Εί
1306 3092 1417 3163 γὰρ
1439 3091 1549 3146 ἀπὸ
1578 3090 1676 3145 τοῦ

104 3187 365 3261 σώφρονος
400 3187 521 3259 βίου
573 3189 655 3251 είς
682 3185 856 3258 ὀργὴν
888 3184 1367 3257 ἑκκυλισθείημεν,
1401 3184 1496 3239 καὶ
1524 3200 1679 3239 τετυ-

104 3281 326 3351 φωμένοι
353 3282 454 3335 καὶ
485 3279 878 3351 δουλοπρεπεῖς
912 3277 1203 3349 γινόμεθα,
1238 3278 1308 3331 δι’
1338 3278 1549 3331 ἐκείνου
1579 3277 1679 3348 μὲν

104 3376 303 3447 μισητοὶ
326 3415 342 3440 ,
395 3375 488 3429 διὰ
541 3373 734 3429 τοῦτου
791 3372 850 3427 δὲ
909 3371 1308 3442 καταγέλαστοι
1374 3371 1676 3443 γινόμενοι.

113 3467 379 3532 Ἐναντίας
406 3467 520 3538 γὰρ
568 3465 769 3531 κακίας
814 3466 1137 3538 κιρνῶντες,
1164 3464 1426 3519 ἀπόνοιαν
1456 3482 1516 3518 τε
1539 3463 1677 3535 ὁμοῦ

98 3560 184 3612 καὶ
208 3560 533 3625 κολακείαν,
564 3559 659 3613 καὶ
704 3559 862 3630 μίσος
896 3557 1278 3631 κερδαίνομεν,
1322 3559 1419 3611 καὶ
1467 3556 1681 3625 γέλωτα

98 3650 513 3723 ὸφλισκάνομεν.
560 3650 700 3704 Ἀλλ’
742 3649 839 3704 ἐὰν
869 3648 968 3721 τὴν
996 3647 1312 3715 πλεονεξίαν
1344 3648 1439 3702 τοῦ
1473 3648 1680 3712 πάθους

97 3744 506 3815 περικόψωμεν,
556 3742 654 3796 καὶ
712 3742 963 3796 ταπεινοὶ
1024 3742 1165 3812 μετὰ
1217 3741 1524 3813 ἀκριϐείας,
1583 3740 1682 3795 καὶ

99 3834 284 3905 ὑψηλοὶ
347 3835 496 3907 μετά
541 3833 849 3904 ἀσφαλείας
897 3833 1153 3906 ἐσόμεθα.
1209 3833 1448 3904 Τοιαύτη
1493 3831 1602 3905 γὰρ
1646 3834 1680 3902 ή

94 3928 217 3998 παρ’
251 3928 388 3999 ἡμῖν
423 3926 738 3997 φιλοσοφία,
774 3925 1249 3999 μετριοφροσύνην
1281 3927 1378 3979 καὶ
1415 3924 1551 3995 ὕψος
1601 3926 1681 3988 εἰς

1778 2820 1945 2875 variae
1994 2820 2269 2875 exsistunt
2328 2819 2716 2890 intemperies,
2760 2822 2927 2887 dum,
2971 2820 3367 2878 excedentibus

1778 2907 1915 2962 lines
1967 2920 2100 2964 suos
2145 2907 2460 2975 elementis,
2517 2909 2668 2965 nimii
2712 2910 2848 2965 [lunt
2886 2918 2942 2966 et
2992 2910 3370 2973 immoderati.

1779 2998 1922 3055 unde
1948 2999 2124 3056 morbi
2141 3008 2461 3066 nascuntur,
2484 3011 2539 3055 et
2556 3000 2783 3057 molesta
2806 3015 2955 3058 mors
2987 3002 3371 3072 subsequitur;

1778 3090 1920 3147 idem
1983 3099 2042 3146 et
2097 3092 2298 3146 animis
2362 3092 2586 3149 accidit.
2638 3091 2696 3148 Si
2741 3094 2886 3150 enim
2958 3110 2990 3151 a
3047 3096 3370 3165 temperanti

1779 3183 2101 3255 placidaque
2138 3193 2322 3240 mente
2360 3184 2416 3240 in
2462 3185 2762 3242 iracundiae
2807 3186 3050 3244 furorem
3099 3188 3223 3258 quis
3256 3203 3364 3243 una

1779 3278 2081 3349 praecipitet
2112 3278 2384 3349 typhoque
2401 3280 2591 3334 ardeat
2617 3280 2891 3350 superbia:
2906 3290 3070 3352 atque
3106 3281 3366 3337 servilem

1782 3371 1836 3425 in
1867 3371 2085 3425 modum
2109 3384 2231 3426 sese
2255 3378 2431 3440 gerat,
2454 3384 2525 3426 ex
2544 3370 2650 3426 illis
2672 3371 2890 3441 quidem
2914 3373 3156 3436 odiosus,
3176 3386 3242 3426 ex
3265 3372 3371 3427 hoc

1782 3461 2117 3525 vero,etiam
2174 3459 2438 3516 ridiculus
2489 3462 2701 3517 evadet.
2752 3462 2889 3517 Mala
2946 3463 3091 3518 enim
3142 3463 3374 3519 invicem

1780 3551 2079 3623 pugnantia
2120 3551 2430 3617 miscendo,
2476 3553 2773 3608 amentiam
2806 3554 3068 3623 quidem,
3117 3563 3368 3609 assenta-

1782 3644 1988 3700 tionem
2025 3654 2082 3698 et
2120 3644 2307 3699 odium
2347 3644 2634 3714 acquirat,
2662 3655 2718 3700 et
2748 3644 2869 3703 aliis
2897 3646 3069 3700 risum
3110 3645 3371 3717 prmbeat.

1781 3737 1854 3793 At
1895 3738 1943 3793 si
1976 3737 2322 3794 immodicam
2380 3748 2626 3794 motuum
2672 3739 2839 3794 animi
2888 3738 3228 3796 all'ectionem
3281 3754 3374 3794 re-

1782 3844 2057 3895 secemus,
2088 3840 2146 3887 et
2184 3831 2400 3902 egregie
2445 3830 2677 3886 humiles
2743 3840 2796 3886 et
2838 3840 2954 3886 tuto
3002 3832 3201 3888 excelsi
3244 3834 3372 3887 red-

1784 3923 1996 3980 demur.
2030 3910 2162 3980 Haec
2202 3934 2288 3981 est
2320 3925 2466 3982 enim
2506 3935 2692 3980 nostra
2742 3924 3162 3994 philosophandi
3208 3924 3373 3990 ratio,

97 4020 219 4088 μίαν
266 4020 475 4074 συνείει
509 4018 623 4091 (25)
677 4018 893 4090 ψυχήν·
944 4016 1419 4089 μετριοφροσύνην
1458 4018 1579 4089 μὲν,
1603 4019 1684 4089 τῷ
1717 4087 1723 4091 ι

1788 4028 1849 4070 ut
1894 4016 2215 4072 modestiam
2252 4030 2348 4072 seu
2388 4017 2805 4086 temperantiam
2847 4025 2903 4071 et
2957 4017 3375 4086 generositatem

94 4087 226 4167 κατά
284 4087 526 4185 μηδενδξ
581 4087 957 4183 ἰίπαίρεσθαιζ
1020 4087 1155 4183 ὕψος
1188 4087 1292 4177 ἠδὲ,
1345 4087 1425 4182 τῷ
1461 4087 1723 4182 μηδένα1

1789 4108 1881 4162 uni
1915 4108 2099 4163 animo
2126 4108 2459 4163 inseramus.
2484 4106 2806 4163 Modestiam
2836 4108 3079 4177 quidem,
3110 4117 3169 4162 ut
3207 4121 3367 4178 oppo-

98 4201 279 4268 ὰξιοῠν
304 4201 652 4258 κολακεύειν.

90 4403 158 4459 B‘.
193 4436 260 4447 -—
283 4406 693 4462 EPMOI‘ENEI
726 4405 850 4460 ΚΑΙ
886 4404 1278 4475 ΛΑΜΙῘΕΤΙῼ,
1312 4404 1435 4458 ΚΑΙ
1469 4403 1687 4457 ΛΕΟΝ-

589 4477 704 4549 ΤΙῼ
740 4472 1188 4530 ΕΠΙΣΚΟΠΟΙΣ.

1790 4215 1891 4256 nas
1913 4210 1969 4255 te
1997 4199 2232 4266 nemini;
2269 4200 2692 4270 generositatem
2725 4213 2888 4263 vero,
2931 4208 2992 4254 ut
3024 4199 3158 4255 nulli
3194 4213 3379 4257 assen-

1788 4293 2010 4347 tandum
2030 4307 2152 4349 esse
2174 4292 2477 4349 existimes.

2004 4404 2070 4459 11.
2092 4437 2162 4451 -
2187 4403 2620 4465 HERMOGENI,
2647 4403 3002 4463 LAMPETIO
3020 4446 3038 4472 ,
3070 4406 3163 4461 ET

2206 4475 2532 4541 LEONTIO,
2562 4475 2948 4531 EPISCOPIS.

952 4584 1064 4639 Pro
1092 4583 1345 4654 improbis
1376 4582 1658 4638 orandum.
1703 4582 1836 4640 Vide
1865 4587 1966 4651 inf.
2004 4589 2160 4655 epist.
2193 4587 2298 4642 10³5
2319 4598 2367 4641 et
2392 4588 2518 4645 440.

152 4700 211 4755 ΕΞ
239 4705 340 4757 καὶ
361 4702 505 4775 πρὸς
529 4697 802 4772 Ζώσιμον,
829 4696 925 4751 καὶ
947 4694 1162 4749 Εὐστάθ
1172 4711 1270 4760 ιον,
1295 4694 1393 4749 καὶΙ
1416 4694 1682 4764 Μάρωνα,

85 4792 280 4865 ἄνδρας
318 4795 465 4865 μήτε
496 4808 548 4845 τι
580 4789 816 4863 χρηστὸν
845 4786 1060 4855 οἴκοθεν
1105 4785 1683 4857 κεκτημένους,⁷μήτε

82 4888 176 4955 τὴν
217 4887 334 4941 άπὸ
376 4885 491 4939 τῶν
539 4881 886 4956 πραγμάτων
931 4878 1261 4950 δεχομένους
1306 4875 1680 4943 διδασκαλίαν,

88 4980 220 5049 μήτε
253 4980 359 5051 τὴν
391 4977 547 5049 παρὰ
572 4976 683 5030 τῶν
712 4974 888 5030 ἄλλων
916 4971 1232 5044 συμϐουλὴν
1264 4972 1682 5043 προσιεμένους,

1856 4699 1969 4756 Etsi
2006 4702 2072 4756 ad
2101 4699 2399 4768 Zosimum,
2425 4711 2477 4757 et
2520 4701 2891 4769 Eustathium,
2947 4712 3004 4757 et
3056 4700 3363 4772 Maronem,

1784 4793 1939 4849 viros
1985 4809 2163 4865 neque
2195 4809 2264 4849 ex
2306 4808 2427 4849 sese
2464 4793 2763 4863 quidquam
2807 4795 3124 4866 sapientes,
3174 4813 3277 4854 nec
3308 4815 3372 4855 ex

1787 4898 1972 4938 rerum
2027 4884 2364 4955 experientia
2437 4884 2817 4954 proﬁcientes,
2886 4901 3065 4957 neque
3143 4888 3373 4944 aliorum

1785 4973 2004 5043 quidem
2044 4974 2289 5031 consiliis
2322 4975 2760 5045 acquiescentes,
2805 4972 2971 5048 554
3000 4977 3095 5031 sed
3125 4976 3177 5030 in
3214 4993 3375 5049 aper-

80 5070 193 5125 ἀλλ’
255 5074 344 5137 είς
418 5069 853 5142 ὡμολογημένην
909 5065 1189 5123 ἀπώλειαν
1248 5064 1682 5127 ἐκπεπτωκότας

1785 5075 1897 5120 tum
1958 5064 2242 5137 prolapsos
2306 5067 2638 5130 interitum,
2685 5066 2752 5121 de
2807 5068 2973 5122 rebus
3045 5069 3374 5123 necessariis

82 5163 370 5234 πάρελκόν
404 5165 542 5225 ἐστι,
574 5158 816 5231 κρίνετε,
847 5157 979 5229 περὶ
1008 5157 1120 5210 τῶν
1142 5156 1535 5229 προσηκόντων
1561 5155 1679 5210 δια-

1785 5156 1947 5209 verba
1997 5156 2180 5211 facere
2222 5155 2566 5227 superﬂuum
2608 5157 3012 5226 essejudicetis
3041 5176 3055 5212 :
3089 5157 3370 5213 nihilomi-

79 5252 342 5324 λέγεσθαι
367 5273 381 5285 ·
420 5254 626 5322 ἀλλάγε
673 5251 874 5306 δίκαιοι
926 5250 994 5304 ἂν
1023 5251 1175 5320 εἴητε
1216 5250 1403 5319 εὐχαῖς
1454 5247 1592 5317 πρὸς
1621 5247 1681 5299 τὸ

1785 5264 1883 5303 nus
1911 5264 2128 5319 aequum
2166 5250 2329 5307 fuerit
2365 5265 2557 5321 preces
2585 5250 2654 5306 ad
2685 5251 2852 5307 Deum
2887 5267 2986 5323 pro
3014 5252 3083 5307 iis
3120 5252 3367 5307 fundere.

79 5344 220 5400 θεῖον
270 5345 596 5418 χρήσασθαι
645 5344 810 5414 τάχα,
849 5340 969 5404 πῶς
1014 5340 1215 5404 αὐτοὺς
1270 5341 1335 5391 ὲκ
1385 5338 1480 5392 τοῦ
1510 5335 1723 5419 βυθοῦ(

1785 5340 1947 5398 Forte
1992 5357 2090 5398 eos
2133 5356 2166 5397 e
2216 5343 2481 5399 barathro
2528 5344 2748 5399 malitiae
2794 5344 2876 5402 sic
2914 5344 3236 5405 extrahetis.
3277 5344 3369 5399 Dei

78 5437 171 5507 τῆς
202 5440 421 5501 κακίας
460 5438 765 5509 ἀνιμήσητε
784 5449 800 5463 ·
852 5432 995 5487 θεῖον
1020 5432 1129 5505 γάρ
1157 5434 1306 5485 ἐστιν
1336 5430 1412 5493 ὡς
1439 5429 1583 5483 ἔοικε
1615 5430 1675 5483 τὸ

1785 5435 1931 5489 enim
1960 5449 2123 5490 omne
2169 5433 2222 5490 id
2257 5450 2395 5506 opus
2414 5452 2535 5494 esse
2560 5445 2798 5493 constat.

78 5528 237 5600 ἔργον

1224 5698 1459 5755 νΑιὶιΑεῑ
1503 5696 1885 5755 LECTIONES
1922 5696 2012 5752 ET
2052 5697 2285 5756 NOTAE.

144 5864 265 5936 (9.5)
318 5862 436 5920 Pro
484 5861 681 5918 συνείει
733 5860 854 5917 cod.
910 5858 1027 5914 Vat.
1084 5856 1191 5913 650
1239 5856 1366 5928 legit
1421 5854 1723 5925 συνάγει]

1785 5868 1908 5913 5511.
