3906 6416
513 412 656 483 ’1327

1062 521 1152 579 Ill.
1172 552 1240 561 —
1261 519 1512 577 PAULO.

1674 404 1737 463 S.
1777 402 2075 462 ISIDORI
2114 400 2556 463 PELUSIOTXE

3653 415 3763 481 1328

2783 518 2857 572 ιν.
2882 550 2949 560 --
2978 518 3231 592 Immo.

1045 616 1125 673 De
1153 632 1329 671 rerum
1356 617 1712 669 humanarum
1746 615 2020 668 vanitate.
2068 611 2268 676 Confer
2293 611 2392 679 inf.
2420 627 2502 679 ep.
2537 610 2637 667 271
2680 623 2728 666 et
2756 615 2910 682 epist.
2935 615 3034 669 251
3070 616 3161 669 lib.
3196 632 3279 670 ιιι.

588 735 646 793 Si
680 732 886 791 divitia!
912 739 969 789 et
1017 731 1368 803 pulchritudo
1414 745 1478 786 ac
1520 731 1719 793 robur,
1770 729 1944 799 gloria
1974 729 2105 783 item

2282 726 2348 778 Εἰ
2394 726 2422 777 ὁ
2455 725 2709 792 πλοῦτος,
2737 728 2834 780 καὶ
2878 728 2941 781 τὸ
2970 729 3190 792 κάλλος,
3226 728 3326 782 καὶ
3351 729 3386 800 ἡ
3418 727 3594 802 ῥώμη,
3624 734 3708 786 καὶ
3741 739 3768 807 ἡ

515 843 579 885 ac
612 826 882 898 potentia,
912 825 1209 894 omniaque
1234 825 1371 878 adeo
1401 822 1627 892 pulchra
1652 821 1961 875 existimata
1996 821 2109 874 cito

490 914 897 982 marcescunt,
950 924 1006 971 et
1062 912 1197 970 fumi
1257 915 1311 969 in
1360 929 1566 968 morem
1618 913 1936 981 disparem;
1982 914 2109 981 quis

512 1024 621 1067 tam
669 1013 867 1065 mentis
916 1009 1109 1079 inops,
1145 1016 1205 1061 ut
1245 1007 1297 1061 in
1347 1007 1543 1062 horum
1591 1006 1774 1075 aliquo
1817 1006 2101 1076 glorietur,

509 1120 681 1174 seque
730 1102 948 1174 iactet?
989 1101 1084 1157 llis
1127 1100 1273 1155 enim
1334 1100 1589 1155 omnibus
1632 1099 1897 1168 spoliatur
1940 1108 2105 1169 atque

508 1199 728 1252 exuitur
754 1194 1029 1251 interdum
1053 1194 1220 1248 etiam
1238 1192 1413 1258 vivus,
1432 1191 1655 1247 omnino
1672 1207 1803 1247 vero
1831 1200 2097 1245 mortuus.

508 1289 610 1356 Qui
661 1303 791 1343 vero
845 1287 1007 1343 simul
1070 1285 1251 1339 omnia
1317 1300 1423 1340 non
1475 1284 1671 1338 habeat
1719 1282 1919 1355 (neque
1954 1282 2099 1337 enim

509 1391 705 1436 cuncta
753 1383 845 1435 uni
891 1378 1151 1433 obvenire
1194 1375 1485 1446 possunt),
1534 1373 1807 1444 quomodo
1850 1389 1959 1429 non
2009 1384 2104 1428 aut

506 1470 679 1524 risum
726 1470 1050 1525 mortalibus
1091 1468 1349 1523 exhibeat
1399 1466 1683 1523 venditans
1733 1482 1793 1522 se
1856 1466 2098 1532 umbris,

507 1563 738 1619 somniis
770 1573 933 1634 atque
964 1562 1216 1618 obscuris
1244 1559 1424 1615 visis?

817 1763 908 1820 IV.
939 1794 1007 1805 —
1042 1760 1299 1819 ZOSIMO
1332 1757 1819 1816 PRESBYTERO.

2212 816 2364 884 δόξα,
2401 819 2497 871 καὶ
2540 820 2574 887 ἡ
2600 819 2918 887 δυναστεία,
2950 821 3045 874 καὶ⁵
3075 822 3257 875 πάντα
3285 821 3356 875 τὰ
3379 821 3632 878 δοκοῦντα
3656 823 3770 880 εἶναι

2212 909 2381 974 καλὰ,
2427 909 2623 965 θᾶττον
2677 912 3020 982 μαραίνεται,
3074 915 3173 967 καὶ
3220 916 3431 967 καπνοῦ
3485 915 3633 984 δίκην
3674 918 3774 969 tita-

2211 1002 2435 1059 λύεται’
2488 1005 2575 1068 τίς
2621 998 2779 1069 οὗτος
2821 1005 3070 1076 ἀνόητος,
3126 1006 3203 1069 ὡς
3232 1008 3319 1074 ἐφ’
3356 1007 3439 1058 ἐνὶ
3480 1007 3584 1059 τῶν
3641 1009 3773 1075 εἰρη-

2215 1097 2394 1169 μένων
2451 1096 2848 1169 ὲναὸρύνεσθαι
2903 1100 3001 1152 καὶ
3067 1100 3209 1170 μέγα
3243 1103 3496 1171 φρονεῖν;
3554 1101 3652 1153 Τοῦ
3678 1102 3769 1171 γὰρ

2212 1188 2389 1240 πάντα
2416 1186 2553 1258 ὁμοῦ
2592 1187 2744 1242 ταῦτ’
2789 1188 3007 1260 ἔχοντος
3052 1192 3431 1262 γυμνουμένου
3468 1192 3559 1245 καὶ
3584 1194 3767 1263 ἐρήμου

2211 1281 2563 1352 γιγνομένου,
2602 1280 2715 1334 ἔσθ’
2751 1282 2843 1335 ὅτε
2891 1281 2992 1351 μὲν
3046 1283 3145 1335 καὶ
3189 1284 3393 1348 ζῶντος
3443 1284 3648 1347 πάντως
3687 1284 3771 1337 καὶ

2210 1373 2511 1437 τεθνεῶτος
2531 1391 2545 1404 ο
2577 1376 2605 1428 ὁ
2641 1375 2716 1447 μὴ
2748 1376 2927 1428 πάντα
2954 1374 3093 1445 ἔχων
3119 1376 3255 1446 ὁμοῦ
3291 1376 3450 1447 (οὐδὲ
3478 1377 3581 1448 γὰρ
3612 1377 3773 1430 πάντα

2211 1462 2325 1520 οἷόν
2349 1484 2410 1520 τε
2434 1467 2713 1521 συνελθεῖν
2740 1468 2856 1540 (26)
2886 1469 3002 1532 πῶς
3023 1468 3084 1522 οὐ
3108 1469 3322 1537 γέλωτα
3343 1470 3565 1542 ὀφλήσει
3594 1489 3773 1543 σεμνυ-

2209 1561 2435 1632 νόμενος
2462 1562 2556 1615 ἐπὶ
2588 1564 2771 1627 σκιαῖς
2795 1564 2892 1616 καὶ
2912 1563 3156 1634 ὀνείρασι
3183 1564 3277 1616 καὶ
3305 1564 3628 1637 ἀτρανώτοις
3650 1584 3773 1635 φαν-

2208 1651 2422 1716 τασίαις
2442 1670 2456 1719 ;

2495 1768 2569 1819 Δν.
2613 1794 2685 1807 -
2721 1765 2973 1837 ΖΩΣΙΜῼ
3026 1765 3504 1838 ΠΡΕΣΒΥΤΕΡῼ.

1402 1859 1787 1930 Concionantes
1820 1874 1939 1943 plus
1972 1876 2209 1945 exemplo
2245 1894 2403 1949 quam
2436 1881 2586 1935 verba
2618 1882 2910 1950 wdiﬁcant.

580 1992 1023 2050 Persuadendum
1047 2029 1063 2055 ,
1103 1990 1244 2045 bone
1276 1988 1380 2055 vir,
1414 1986 1671 2057 operibus
1713 2000 1837 2041 esse
1885 2001 2110 2055 regnum

2286 1991 2432 2061 Χρὴ,
2474 1984 2518 2045 ὦ
2563 1990 2833 2061 βέλτιστε,
2897 1994 3083 2046 πεῖσαι
3129 1993 3220 2047 διὰ
3272 1994 3608 2065 πραγμάτων
3655 1999 3770 2062 τοὺς

505 2087 627 2153 Dei,
660 2085 777 2155 ejus
801 2085 966 2141 etiam
1005 2082 1336 2139 desiderium
1385 2079 1733 2136 audientibus
1774 2079 2099 2150 ingeneran-

504 2176 658 2232 dum.
691 2174 1096 2229 Persuadentur
1123 2180 1337 2237 autem,
1376 2171 1455 2236 si,
1483 2184 1604 2240 qum
1632 2183 1797 2241 regno
1831 2169 2096 2225 caelorum

505 2268 671 2337 digna
709 2275 858 2332 sunt,
893 2264 971 2320 illi
1009 2264 1294 2319 docentem
1332 2276 1493 2334 agere
1522 2262 1833 2317 observent.
1871 2259 1928 2316 Si
1966 2250 2098 2316 vero

510 2358 781 2430 supplicio
806 2358 990 2428 digna,
1022 2365 1081 2410 ut
1107 2366 1158 2410 tu
1184 2355 1348 2420 soles,
1371 2354 1721 2409 committens
1747 2352 2096 2423 philosophe-

509 2463 629 2517 tur,
667 2450 796 2522 qui,
834 2464 1056 2520 quazso,
1112 2448 1253 2518 apud
1297 2447 1576 2501 auditores
1618 2445 1779 2501 ﬁdem
1820 2443 2100 2500 inveniat?

504 2546 652 2602 Idem
703 2545 850 2600 enim
900 2543 1053 2612 facit,
1089 2551 1254 2613 atque
1300 2540 1348 2597 si
1388 2540 1511 2611 quis
1561 2552 1677 2594 rem
1737 2539 1997 2593 adamare
2038 2552 2099 2593 se

504 2636 941 2693 auscultantibus
988 2635 1338 2706 persuadeat,
1381 2647 1544 2704 quam
1589 2632 1644 2686 in
1674 2644 1858 2686 rerum
1886 2638 2083 2685 natura

503 2747 610 2789 non
633 2745 757 2787 esse
788 2730 1038 2786 credant.

920 2840 984 2897 V.
1020 2873 1086 2885 --
1112 2838 1398 2896 DOMITIO
1423 2837 1686 2896 COMITI.

2206 2081 2525 2149 ἀκούοντας,
2557 2084 2639 2137 ὅτι
2675 2084 2792 2137 ἐστὶ
2828 2083 3076 2155 βασιλεία
3107 2086 3380 2158 οὐρανῶν,
3428 2087 3521 2141 καὶ
3566 2090 3643 2154 είς
3681 2090 3772 2161 τὴν

2206 2174 2511 2247 ἐπιθυμίαν
2564 2177 2737 2247 αὐτῆς
2778 2177 2977 2249 τρέψαι
3026 2179 3155 2243 τοὺς
3207 2180 3609 2253 ἀκροωμένους.
3654 2183 3773 2235 Πεί-

2209 2266 2394 2321 θονται
2433 2267 2491 2320 δὲ
2520 2268 2571 2320 οἱ
2619 2267 2929 2333 ἀκούοντες,
2968 2270 3110 2324 ⁵ὅταν
3143 2268 3424 2340 βασιλείας
3458 2272 3578 2336 ἀξια
3618 2274 3771 2343 πράτ-

2205 2375 2369 2411 τοντα
2410 2358 2501 2411 τὸν
2545 2358 2864 2413 διδάσκαλον
2898 2360 3073 2413 ἴδωσι.
3128 2361 3194 2414 Εἰ
3234 2360 3293 2414 δὲ
3342 2362 3610 2425 κολάσεως
3660 2362 3771 2428 ἄξια

2204 2451 2395 2523 ὥσπερ
2439 2451 2503 2504 σὺ
2532 2453 2790 2523 πράττων
2823 2452 2953 2524 περὶ
2982 2451 3262 2521 βασιλείας
3305 2453 3637 2524 φιλοσοφοίη,
3668 2452 3770 2514 πῶς

2204 2543 2388 2596 πείσει
2433 2542 2561 2606 τοὺς
2592 2543 2869 2612 ἀκροατάς
2894 2558 2909 2607 ;
2942 2542 3152 2596 Ταυτὸν
3183 2542 3289 2613 γὰρ
3319 2545 3486 2610 ποιεῖ,
3518 2543 3591 2605 ὡς
3615 2542 3674 2596 ἀν
3696 2557 3770 2604 τις

2206 2636 2538 2707 πράγματος
2576 2635 2711 2705 ὲρᾷν
2740 2633 2919 2686 πείθοι
2946 2634 3075 2697 τοὺς
3110 2634 3440 2699 πεισθέντας
3469 2634 3596 2704 παρ’
3622 2629 3771 2686 αὐτοῦ

2208 2726 2500 2800 πρότερον,
2529 2726 2611 2780 ὅτι
2634 2725 2795 2779 τοῦτο
2822 2726 2922 2796 οὐχ
2952 2725 3283 2797 ὑφέστηκεν.

2576 2840 2654 2895 E'.
2687 2869 2756 2878 —
2791 2840 3101 2910 ΔΟΜΗΤΙῼ
3130 2840 3429 2895 ΚΟΜΗΤΙ.

1736 2951 2003 3023 Martyres
2039 2954 2313 3009 moriendo
2342 2955 2575 3010 vincunt.

572 3071 808 3127 Inferior
828 3077 935 3135 est,
978 3081 1012 3122 ο
1044 3065 1470 3135 sapientissime,
1500 3078 1604 3118 non
1628 3063 1679 3118 in
1705 3063 1847 3119 bello
1876 3062 2098 3130 cadens,

2278 3057 2463 3118 Ἦττά
2507 3064 2678 3131 ἐστιν,
2713 3057 2760 3117 ὦ
2791 3062 3092 3132 σοφώτατε,
3122 3064 3184 3117 οὺ
3213 3064 3275 3118 τὺ
3322 3063 3575 3118 τεθνάναι
3608 3064 3663 3119 ὲν
3686 3082 3775 3118 πο-

507 3166 604 3222 sed
636 3167 827 3220 hostes
872 3162 1075 3217 timens
1105 3173 1168 3214 ac
1200 3142 1447 3230 clypeum
1487 3157 1721 3228 iaciens.
1766 3155 1936 3223 Quem
1968 3169 2101 3210 vero

2212 3157 2382 3228 λέμῳ,
2416 3157 2555 3212 ἀλλὰ
2590 3159 2652 3211 τὸ
2678 3158 2851 3212 δεῖσαι
2874 3158 3005 3221 τοὺς
3033 3158 3353 3229 πολεμίους,
3385 3159 3481 3211 καὶ
3510 3159 3658 3227 ῥίψαι
3683 3160 3778 3230 τὴν

504 3258 632 3311 forti
665 3256 852 3309 animo
881 3252 1243 3307 meditantem
1272 3263 1472 3319 corpus
1507 3248 1777 3313 destituit,
1807 3261 1931 3302 eum
1959 3248 2102 3302 inter

2212 3248 2415 3302 ἀσπίδα
2438 3263 2452 3278 ⁶
2497 3248 2558 3301 ὃν
2601 3248 2659 3302 δὲ
2691 3249 2921 3302 ἐπέλιπε
2948 3249 3011 3302 τὸ
3047 3249 3209 3319 σῶμα
3232 3250 3333 3321 τῆς
3363 3251 3640 3321 ἀριστείας
3664 3253 3777 3302 ἑπι-

502 3344 738 3397 vietores
807 3340 1009 3395 ascribi
1075 3340 1164 3394 lex
1227 3346 1352 3405 est,
1427 3352 1551 3393 cum
1608 3346 1664 3391 et
1721 3351 1816 3392 eos
1867 3337 2099 3392 athletas

2212 3340 2490 3412 θυμοῦντα
2539 3342 2599 3396 ὲν
2636 3345 2753 3405 τοῖς
2805 3341 3192 3412 τροπαιούχοις
3240 3342 3779 3413 ἁναγράφεσθαι,νό-

505 3435 807 3493 certamine
845 3436 1243 3491 occumbentes
1288 3433 1467 3503 magis
1507 3432 1806 3500 prredicent
1836 3432 2088 3486 ludorum

2212 3450 2341 3504 μσς·
2384 3434 2510 3485 ἐπεὶ
2549 3433 2646 3487 καὶ
2695 3433 2804 3487 τῶν
2852 3433 3102 3502 ἀθλητῶν
3151 3433 3281 3497 τοὺς
3323 3436 3381 3487 ὲν
3412 3436 3551 3505 αὐτῇ
3583 3433 3777 3486 ἀποθα-

504 3529 774 3599 praefecti,
810 3543 973 3599 quam
998 3528 1199 3599 quibus
1247 3526 1387 3582 nihil
1439 3527 1658 3581 accidit.
1689 3525 1821 3592 Qua:
1853 3539 1973 3579 cum
2018 3524 2094 3579 ita

2212 3523 2397 3588 νόντας
2443 3524 2611 3595 πάλῃ,
2643 3523 2756 3594 (27)
2794 3524 3000 3595 μᾶλλον
3036 3524 3275 3594 τιμῶσιν
3309 3526 3359 3577 οἱ
3413 3525 3543 3589 τοὺς
3573 3523 3777 3591 ἀγῶνας

508 3622 649 3688 sint,
692 3635 791 3677 cur
816 3632 978 3692 putas
1004 3629 1272 3690 martyres
1301 3618 1580 3674 moriendo
1605 3618 1884 3688 superari,
1910 3626 1965 3672 et
1984 3631 2096 3672 non

508 3713 688 3783 potius
717 3714 990 3784 praeconio
1019 3714 1212 3781 dignos
1246 3710 1475 3768 censes?
1524 3709 1691 3780 Hujus
1721 3710 1865 3765 enim
1891 3723 2096 3781 pugna:

509 3805 632 3860 (luis
673 3814 789 3871 est,
836 3820 941 3858 non
974 3814 1083 3859 tam
1122 3803 1292 3859 vitam
1340 3817 1563 3860 servare
1608 3816 1918 3881 corpusque
1959 3801 2100 3857 tueri

510 3899 738 3966 (cumet
765 3897 956 3964 vivus,
1001 3897 1095 3967 qui
1147 3897 1377 3965 patitur,
1419 3892 1730 3965 occumbat)
1776 3906 1940 3963 quam
1987 3907 2094 3948 non

512 3990 766 4046 amittere
794 3990 1010 4047 virtutis
1038 3992 1226 4046 decus.

1016 4192 1109 4249 Vl.
1136 4223 1203 4232 -—
1235 4192 1315 4246 PA
1326 4188 1593 4247 LLADIO.

2202 3616 2424 3680 τούτους
2449 3616 2726 3680 διαθέντες
2757 3617 2868 3670 τῶν
2904 3617 2982 3688 μὴ
3009 3617 3170 3673 τοῦτο
3198 3618 3501 3673 παθόντων.
3532 3618 3777 3673 Εὶτοίνυν

2201 3709 2356 3762 ταῦθ’
2385 3708 2562 3773 οὕτως
2601 3709 2737 3780 ἔχει,
2780 3709 2848 3763 δι’
2877 3710 2946 3781 ἢν
2989 3711 3172 3765 αἰτίαν
3210 3710 3458 3783 νομίζεις
3485 3714 3610 3774 τοὺς
3638 3711 3773 3782 μάρ-

2199 3818 2377 3872 τυρας
2404 3802 2482 3873 τῷ
2506 3802 2762 3857 τεθνάναι
2812 3803 3080 3873 ἡττᾶσθαι
3113 3803 3252 3875 (28),
3279 3805 3377 3859 καὶ
3408 3806 3483 3876 μὴ
3516 3806 3599 3858 διὰ
3630 3804 3781 3859 τσῦτο

2204 3893 2408 3964 μᾶλλον
2457 3895 2895 3968 ἀνακηρύττεις;
2949 3896 3118 3959 Τέλος
3169 3896 3279 3967 γὰρ
3318 3897 3435 3950 ἐστι
3478 3896 3580 3965 τῆς
3610 3896 3780 3967 μάχης

2198 3984 2408 4057 ταύτης
2437 3987 2499 4039 οὺ
2546 3986 2605 4039 τὸ
2635 3986 2797 4057 σῶμα
2831 3986 2896 4057 (δ
2941 3986 3036 4040 καὶ
3069 3986 3262 4040 δοκοῦν
3294 3987 3399 4058 ζῇν
3438 3987 3781 4057 ὲνέκρωσαν)

2205 4074 2346 4127 ἀλλά
2372 4073 2435 4127 τὸ
2460 4073 2537 4146 μὴ
2571 4074 2884 4147 διαφθεῖραι
2910 4074 2971 4128 τὸ
2997 4075 3099 4145 τῆς
3130 4075 3333 4146 ἀρετῆς
3364 4075 3542 4141 κλέος.

2527 4188 2619 4254 εῖν.
2660 4212 2733 4225 -
2758 4164 3116 4258 ΠΑΑΛΑΔιῼ
3149 4188 3473 4261 amona.

1753 4306 1816 4361 In
1842 4308 2196 4376 episcopatum
2227 4304 2561 4358 ambientem.

581 4446 642 4502 Si
699 4460 877 4517 neque
923 4445 1248 4518 episcOpalis
1296 4446 1536 4515 dignitas
1563 4484 1579 4511 ,
1652 4460 1828 4515 neque
1872 4447 2093 4515 dignum

2280 4439 2345 4491 El
2375 4442 2502 4491 οὕτε
2530 4439 2631 4508 τῆς
2662 4441 2969 4511 ἐπισκοπῆς
2996 4441 3057 4494 τὸ
3093 4442 3344 4512 μέγεθος,
3377 4442 3505 4497 οὔτε
3537 4444 3599 4497 τὸ
3630 4443 3788 4515 μηδὲν

581 4489 642 4502 ..η
701 4489 877 4517 ...μνη
925 4489 1248 4518 vrum”..-
1298 4489 1579 4515 ...,,........,
1653 4489 1828 4515 ..ηπ
1873 4489 2093 4515 Ἦραν...

510 4538 641 4609 quid
686 4539 774 4620 illa
824 4553 855 4593 a
892 4547 977 4600 te,
994 4539 1336 4605 confectum,
1369 4553 1434 4594 ac
1480 4555 1549 4595 ne
1597 4539 1894 4609 apostolica
1936 4537 2099 4609 555

2281 4489 2342 4491 τί
2386 4489 2424 4491 ν
2456 4489 2496 4491 εν
2544 4489 2629 4508 "o-
2666 4489 2968 4511 —"""""t-
3008 4489 3052 4494 "
3093 4489 3344 4512 τπδ’-’ν’
3382 4489 3504 4497 *τ’*
3550 4489 3598 4497 "
3630 4489 3782 4515 r'l'"

2212 4527 2363 4595 ἀξιον
2414 4530 2589 4601 αὐτῆς
2650 4530 3117 4604 διαπράττεσθαι,
3182 4534 3308 4587 οὕτε
3370 4538 3406 4607 ἡ
3461 4536 3791 4606 ἀποστολικὴ

512 4628 733 4699 quidem
778 4643 885 4686 vox
918 4628 1164 4697 episcopi
1206 4628 1528 4684 describens
1571 4628 1808 4683 omcium
1855 4647 1870 4684 :
1922 4642 2099 4698 neque

514 4721 609 4776 Dei
655 4730 1027 4792 incorruptum
1066 4721 1345 4786 tribunal,
1396 4736 1506 4791 quo
1559 4731 1708 4777 certa
1765 4721 2101 4790 deﬁnitaque

516 4814 720 4868 feretur
749 4812 1050 4878 sententia,
1075 4827 1175 4868 nec
1200 4812 1436 4882 denique
1471 4812 1616 4867 aliud
1643 4813 1774 4883 quid
1809 4813 1880 4867 ab
1916 4814 2017 4868 hac
2049 4822 2101 4867 te

514 4903 753 4959 amentia
790 4912 1045 4969 revocat;
1099 4902 1230 4972 quid
1268 4902 1450 4971 inepto
1503 4914 1558 4958 et
1603 4918 1634 4957 a
1692 4904 1907 4958 ratione
1952 4903 2099 4957 omni

513 4994 845 5049 abhorrente
897 4992 1169 5047 desiderio
1236 4992 1555 5062 dignitatem
1626 5002 1991 5047 mercaturum
2051 5003 2103 5049 te

514 5083 741 5155 speras?
765 5081 971 5137 Saltem
998 5082 1209 5136 externi
1233 5097 1329 5136 seu
1356 5082 1552 5151 pagani
1586 5083 1825 5138 hominis
1848 5083 2101 5154 exemplo

516 5177 722 5244 pudore
749 5173 1104 5231 sulfundaris.
1152 5173 1361 5230 Ferunt
1384 5174 1528 5229 enim
1568 5173 1842 5230 Pittacum
1878 5186 2100 5246 accepta

2208 4622 2427 4691 γλῶττα
2456 4625 2490 4693 ἡ
2528 4622 2622 4676 τὸν
2668 4623 2970 4678 ἐπίσκοπον
2994 4626 3182 4679 ὁποῖον
3221 4622 3364 4680 εἶναι
3414 4629 3525 4700 χρὴ
3570 4628 3790 4682 διαπλά-

2210 4731 2387 4768 σασασ
2434 4713 2559 4768 οὒτε
2611 4714 2673 4767 τὸ
2723 4715 3027 4771 ἀδέκαστον
3072 4718 3425 4790 δικαστήριον
3470 4720 3535 4774 τὸ
3578 4723 3789 4791 ἀπαριο

2210 4805 2463 4875 λόγιστον
2501 4806 2601 4876 τὴν
2629 4806 2811 4877 ψῆφον
2846 4802 3016 4876 οἷσον,
3042 4807 3167 4862 οὔτε
3206 4808 3334 4862 ἀλλο
3363 4810 3520 4863 οὐδὲν
3560 4810 3662 4882 τῆς
3695 4828 3794 4880 μα-

2211 4899 2333 4963 νίας
2394 4915 2455 4951 σε
2508 4898 2715 4970 ταύτης
2773 4900 3053 4973 ἀπείργει,
3104 4902 3174 4955 δι’
3207 4897 3277 4972 ἧς
3324 4902 3433 4954 ὑπὸ
3483 4903 3794 4975 παραλόγου

2214 4990 2516 5061 ἐπιθυμίας
2537 4992 2933 5062 ἐκϐακχευθεὶς
2959 4994 3059 5066 τὴν
3086 4995 3245 5061 ἀξίαν
3269 4993 3607 5067 ὲξαγοράσαι
3637 5011 3795 5065 προσ-

2211 5085 2398 5155 δοκᾷς,
2438 5084 2542 5138 κᾶν
2585 5084 2690 5138 ὑπὸ
2723 5086 2832 5138 τῶν
2858 5085 3060 5152 ἔξωθεν
3104 5086 3488 5158 δυσωπήθητι.
3530 5090 3670 5141 Φασὶ
3696 5087 3796 5155 γὰρ

2210 5176 2288 5240 ὡς
2332 5176 2606 5241 Πιττακὸς
2653 5176 2837 5232 λαϐὼν
2869 5177 2969 5250 τὴν
2993 5179 3170 5251 ἀρχὴν
3203 5179 3358 5253 παρά
3390 5179 3798 5252 Μιτυληναίων,

1634 5348 1870 5406 VARIAE
1911 5350 2295 5409 LECTIONES
2335 5352 2425 5407 ET
2454 5351 2689 5409 ΝΟΤᾸΕ.

589 5541 702 5629 (εδ)
736 5541 871 5629 οὐδὲ
889 5540 1014 5629 .139
1057 5540 1255 5629 ξένιε
1282 5533 1795 5629 ῗῖόνῖἕέυνὲἒὲεῖῖῖ
1818 5533 2103 5629 lia“???

518 5607 708 5682 γνώμη
759 5622 843 5665 est
888 5607 1010 5663 libr.
1057 5626 1109 5664 iv
1161 5609 1353 5691 ΙΙίᾳά..
1403 5624 1546 5663 vers.
1582 5607 1710 5670 550,
1748 5617 1801 5659 et
1848 5608 1941 5661 lib.
1976 5623 2101 5676 xm,

525 5697 666 5738 vers.
701 5682 824 5743 729,
855 5691 909 5735 et
941 5680 1190 5749 Odyssea?
1220 5682 1313 5735 hb.
1342 5694 1459 5744 vui,
1489 5693 1634 5733 vers.
1676 5676 1776 5730 167
1809 5695 1821 5730 :

600 5794 797 5859 Οὕτως
832 5796 904 5846 οὐ
930 5797 1229 5849 πάντεσσι
1266 5792 1385 5847 θεοὶ
1417 5790 1699 5861 χαρίεντα
1728 5788 2003 5861 διδοῦσιν

606 5858 939 5929 Ἀνδράσιν.
1417 5858 1451 5861 ’⁷
1493 5858 1503 5860 ⁷
1728 5858 1903 5914 SCIIOT
1914 5877 1965 5915 τ.

2286 5537 2400 5679 (Ξῖζ
2436 5536 2757 5623 Ληιοηπάλῃ
2796 5536 2935 5618 idem
2966 5537 3090 5619 cod.
3123 5535 3455 5661 θηρῶσι-ἠὲ.

2286 5608 2379 5677 (28
2451 5607 2765 5661 Ἠττασθαι.
2796 5606 3006 5679 Scribit
3026 5607 3197 5679 _tdem‘
3230 5608 3410 5677 ἡττησ
3446 5624 3455 5659 t

2285 5606 2400 5677 (28)
2451 5606 2765 5661 Ἠττᾶσθαὶζ
2804 5606 3006 5663 Scribit
3042 5606 3203 5677 idem
3230 5606 3528 5677 ἡττῆσθαι,
3561 5615 3638 5677 :et
3671 5620 3808 5660 vers.

2216 5676 2397 5801 gntep.
2435 5693 2523 5749 ep.
2578 5679 2726 5735 inter
2761 5677 2823 5731 τὸ
2878 5687 2935 5735 et
2982 5676 3147 5748 σῶμα
3185 5676 3470 5734 interserit
3516 5676 3697 5731 σῶσαι
3742 5678 3813 5729 ~r;.

2262 5764 2426 5805 essm.
