3906 6416
518 434 648 504 1331

758 549 848 605 XI.
880 580 949 591 --
982 550 1414 608 MARTINIANO
1446 553 1534 608 ET
1581 552 1854 611 ZOSIMO.

1707 444 1768 502 S.
1812 442 2108 503 ISIDORI
2148 438 2585 501 PELUSIOTE

3622 431 3734 495 1332

2417 555 2518 608 ιΑι.
2545 580 2618 592 -
2646 546 3103 617 ΜΔΡἹΊΝΙΑΝῼ,
3138 545 3263 599 ιω
3298 543 3557 616 ΖΩΣΙΜῼ.

1832 665 2053 724 Virtutis
2079 666 2487 723 commendatio.

590 772 791 829 Vitium
822 772 1025 846 fugite,
1052 789 1087 831 ο
1114 775 1325 846 optimi.
1361 777 1515 833 Solet
1551 778 1697 833 enim
1732 779 2000 835 infamare
2027 796 2095 835 ac

2271 774 2533 846 Φεΰγετε,
2574 768 2621 830 ὦ
2651 774 2940 846 βέλτιστοι,
2968 772 3069 841 τὴν
3103 771 3326 827 κακίαν.
3359 770 3510 841 Δεινὴ
3537 771 3636 843 γὰρ
3665 773 3739 826 ἐκ·

511 866 792 923 dementes
824 867 1052 923 reddere
1090 884 1219 926 suos
1254 879 1549 931 amatores.
1583 870 1857 927 Virtutem
1915 873 2096 942 potius

2223 868 2464 937 κυττῆσαι
2487 867 2583 921 καὶ
2620 869 2983 936 παράφρονας
3017 862 3359 935 ἐργάσασθαι
3385 864 3506 927 τοὺς
3538 862 3742 925 οἰκείους

511 958 821 1013 sectemini.
882 957 1011 1015 Haec
1061 961 1206 1016 enim
1260 962 1541 1032 sapientes
1598 962 1813 1019 eilicere
1874 973 2092 1033 poteSt,

2201 961 2461 1033 ἐραστάς.
2492 958 2728 1013 Διώκετε
2760 958 2818 1012 δὲ
2845 958 2946 1030 τὴν
2979 958 3205 1029 ἀρετήν.
3239 955 3399 1026 Δεινὴ
3426 956 3529 1025 γάρ
3558 956 3743 1024 σοφίσαι

510 1059 676 1121 atque
710 1051 762 1104 in
795 1051 1009 1106 decenti
1036 1052 1317 1108 continere
1344 1052 1523 1109 ollicio
1545 1094 1560 1119 ,
1585 1054 1677 1123 qui
1704 1070 1825 1109 eam
1856 1054 2093 1124 amplexi

2223 1053 2301 1106 ιαὶ
2343 1054 2403 1106 ὲν
2426 1054 2493 1123 τῇ
2541 1051 2902 1125 προσηκούσῃ
2938 1049 3275 1103 καταστάσει
3306 1046 3619 1117 διατηρῆσαι
3641 1048 3746 1109 τοὺς

511 1150 658 1197 sunt.
695 1140 825 1208 Qum
847 1142 1009 1196 etiam
1035 1157 1102 1198 ex
1142 1144 1272 1212 ipsis
1292 1144 1464 1199 oculis
1504 1144 1635 1200 mite
1671 1146 1801 1215 quid
1834 1158 1899 1200 ac
1924 1146 2095 1215 placi-

2205 1142 2601 1212 ἀντεχομένους
2638 1141 2834 1210 αὐτῆς.
2858 1140 2936 1192 ’Ἡ
2964 1155 3028 1208 γε
3069 1137 3169 1193 καὶ
3222 1136 3314 1191 διά
3356 1136 3464 1190 τῶν
3489 1134 3747 1205 ὀφθαλμῶν

511 1233 643 1288 dum
687 1234 969 1291 tuentibus
1006 1249 1383 1306 saepenumero
1422 1251 1483 1291 se
1512 1237 1714 1304 prorﬁt,
1754 1238 2101 1308 ostenditque

2223 1233 2469 1309 πολλάκις
2505 1232 2717 1304 ἥμερόν
2739 1249 2795 1285 τι
2834 1230 2932 1285 καὶ
2961 1229 3194 1301 γαληνὸν
3236 1228 3540 1300 βλεπόντων
3574 1226 3750 1280 asiam-

514 1339 620 1395 qua
648 1339 802 1381 mens
832 1326 1062 1382 interius
1086 1328 1352 1383 modestia
1376 1328 1451 1383 sit
1468 1327 1699 1383 imbuta.

2100 1328 2103 1329 ⁷
2210 1341 2318 1391 σιν,
2344 1324 2422 1390 ὡς
2466 1324 2791 1379 ἐνέστακται
2848 1321 2996 1375 ένδον
3037 1323 3067 1375 ὁ
3113 1320 3239 1385 νοῦς
3266 1318 3609 1391 σωφροσύνης
3638 1316 3748 1370 ἀνά-

2098 1412 2103 1417 ’
2210 1418 2391 1480 πλεος.

797 1521 912 1579 XII.
932 1554 1004 1566 -
1036 1522 1290 1580 ZOSIMO
1330 1522 1815 1580 PRESBYTERO.

2506 1525 2607 1583 IB’.
2649 1559 2716 1569 --
2751 1529 3005 1600 ΖΩΣΙΜῼ
3038 1525 3507 1597 ΠΡΕΣΒΠΕΡῼ.

1041 1639 1199 1693 lubet
1229 1656 1260 1692 a
1303 1622 1654 1693 scelesta’vita
1686 1639 1970 1705 abstinere,
1995 1649 2091 1694 aut
2119 1658 2152 1695 a
2189 1644 2360 1697 sacris
2400 1634 2685 1714 mysteriis.
2718 1642 2850 1697 Vide
2878 1642 2977 1711 inf.
3006 1658 3089 1712 ep.
3119 1640 3248 1696 2⁸51.

589 1754 848 1827 Plerique
877 1770 1017 1812 sane
1032 1754 1181 1828 (nam
1216 1770 1407 1811 omnes
1436 1756 1620 1813 dicere
1648 1755 1843 1812 durum
1880 1756 2109 1812 verbum

2279 1758 2473 1813 Πολλοὶ
2497 1757 2597 1830 μὲν
2652 1757 2736 1828 (τδ
2771 1758 2878 1831 γὰρ
2931 1758 3143 1820 πάντας
3190 1756 3371 1811 εἰπεῖν
3418 1754 3612 1827 τραχὺν
3646 1751 3754 1817 ἴσως

518 1849 630 1921 sit)
703 1848 880 1905 valide
927 1858 1090 1918 atque
1125 1851 1262 1905 adeo
1308 1850 1503 1905 acerbe
1552 1858 1606 1904 te
1650 1848 1901 1905 mordent
1948 1859 2112 1918 atque

520 1942 893 2015 subsannaut;
945 1950 1114 2010 atque
1162 1941 1371 1995 utinam
1424 1939 1583 1996 falso.
1617 1938 1814 1995 Frater
1836 1934 2111 2009 siquidem

522 2044 647 2089 tuus
666 2047 960 2103 germanus
982 2046 1106 2088 cum
1129 2031 1382 2104 lacrymis
1403 2041 1458 2088 et
1479 2032 1626 2087 luctu
1653 2032 1809 2097 talia,
1833 2045 1905 2090 ne
1931 2032 2111 2089 dicam

523 2124 803 2195 graviora,
828 2122 990 2179 nobis
1023 2123 1301 2188 narravit,
1334 2123 1613 2193 ingressus
1650 2125 1943 2178 extrahere
1963 2130 2038 2186 te,
2065 2121 2112 2178 si

524 2211 581 2267 id
628 2212 745 2267 ﬁeri
785 2212 946 2267 modo
993 2220 1193 2281 potest,
1246 2227 1279 2264 e
1319 2212 1503 2267 nimiae
1545 2212 1806 2268 barathro
1848 2212 2111 2279 libidinis,

525 2303 579 2357 in
621 2318 731 2372 quo
759 2303 964 2374 ﬂagitio
1015 2304 1212 2375 capitis
1244 2304 1321 2359 tui
1364 2304 1569 2359 damno
1612 2304 2113 2369 consenuisti,om-

526 2409 647 2450 nem
710 2394 1047 2466 repudiaudo
1131 2394 1607 2460 admonitionem,
1676 2395 1850 2459 vitia,
1915 2393 2114 2463 quibus

524 2486 797 2556 subjaces,
830 2502 937 2543 non
959 2502 1295 2557 expugnans.
1326 2485 1532 2557 Scripsi
1560 2496 1837 2557 nuper,ut
1869 2487 1945 2542 tui
1972 2485 2115 2554 juris

529 2578 751 2645 factus,
806 2587 862 2635 et
906 2577 1258 2649 impudicitia
1300 2584 1406 2631 tuae
1444 2576 1679 2633 dedecus
1728 2576 2012 2647 cogitans,
2059 2584 2116 2631 et

527 2669 764 2736 senium,
811 2669 955 2740 quod
992 2666 1223 2739 obrepit,
1256 2675 1311 2723 et
1347 2680 1567 2722 sacrum
1619 2667 2019 2735 sacerdotium,
2047 2667 2116 2724 ad

526 2762 671 2833 quod
706 2762 893 2818 nescio
922 2775 1030 2835 qua
1072 2752 1411 2831 impudentia
1453 2769 1508 2817 te
1540 2759 1854 2836 ingesseris,
1883 2775 2118 2832 praesen-

532 2850 605 2902 tia
649 2849 941 2913 dedecora,
993 2854 1157 2915 atque
1195 2844 1558 2909 offendicula,
1599 2846 1848 2899 luturum
1881 2845 2117 2915 denique

532 2942 856 3012 supplicium
889 2938 1223 3008 expenderes
1246 2980 1265 3006 ,
1304 2937 1563 2993 omnibus
1602 2945 1894 3009 coopertus
1940 2935 2115 2993 scele-

532 3037 686 3090 ribus
713 3034 768 3088 in
806 3034 927 3104 ipso
961 3034 1104 3088 senii
1130 3034 1363 3104 vitatque
1392 3032 1580 3088 limine
1605 3030 1868 3102 juvenilia
1899 3040 1953 3086 et
1992 3031 2117 3086 ina-

529 3129 622 3184 nia
675 3138 913 3184 sectans.
973 3127 1263 3194 Quomodo
1324 3141 1457 3183 vero
1492 3127 1786 3198 juvenibus
1819 3169 1835 3194 ,
1904 3135 1966 3182 ut
1995 3141 2110 3182 mo-

526 3224 681 3279 deste
754 3238 816 3279 se
887 3229 1359 3292 temperauterque
1422 3230 1612 3291 gerant
1642 3260 1658 3287 ,
1722 3221 2054 3290 persuadeas
2090 3259 2109 3287 ,

528 3307 573 3361 si
616 3321 686 3363 ne
735 3307 836 3363 tibi
897 3307 1118 3377 quidem
1178 3307 1246 3362 ad
1304 3316 1611 3363 extremum
1670 3321 1844 3379 usque
1902 3306 2114 3364 senium

529 3397 920 3463 persuaseris?
979 3397 1124 3465 Quin
1167 3399 1333 3474 igitur
1377 3400 1572 3456 horres
1599 3400 1919 3472 vererisque
1965 3400 2113 3468 talia

531 3489 891 3557 committere,
935 3498 990 3545 et
1035 3490 1230 3546 altaria
1276 3492 1667 3561 frequentare?
1705 3490 1989 3559 Quomodo
2012 3492 2113 3548 im-

2212 1850 2623 1904 κατασκευάσει
2641 1849 2733 1903 τὸν
2760 1848 2923 1918 λόγον
2941 1848 2961 1919 )
2982 1847 3175 1910 δεινῶς
3197 1848 3342 1900 πάνυ
3372 1846 3467 1899 καὶ
3492 1843 3681 1914 πικρῶς
3705 1860 3752 1896 σε

2184 1958 2187 1959 ⁷
2213 1943 2606 2017 κωμῳδοῦσιν
2638 1942 2735 2008 οὒς
2770 1941 3001 2014 εὔχομαι
3034 1942 3108 2013 μὴ
3139 1938 3450 2012 ἀληθεύειν.
3493 1937 3683 2007 Ἐπειδὴ
3708 1936 3754 1991 δὲ

2212 2035 2311 2091 καὶ
2339 2034 2669 2107 ὁμογνήσιός
2695 2034 2806 2106 (32)
2831 2051 2925 2089 σου
2959 2031 3189 2101 ἁδελφὸς
3231 2029 3450 2102 θρηνῶν
3476 2045 3531 2082 σε
3553 2029 3636 2081 καλ⁵
3656 2028 3753 2080 ὁλο-

2213 2127 2524 2199 φυρόμενος
2577 2126 2647 2181 τά
2706 2125 2868 2191 αὐτὰ,
2930 2124 3021 2178 ῐνα
3071 2122 3148 2195 μὴ
3193 2123 3344 2191 λέγω
3399 2119 3751 2193 φορτικώτερα.

2227 2219 2592 2291 *Δπήγγειλεν
2635 2219 2791 2288 ἡμῖν,
2836 2215 3137 2269 ἀντιϐολῶν
3187 2211 3566 2285 ἀνιμήσασθαί
3607 2228 3677 2277 σε,
3715 2212 3753 2261 εί

2213 2308 2326 2367 οἶόν
2351 2330 2431 2375 τε,
2458 2312 2565 2366 ἀπὸ
2589 2311 2685 2366 τοῦ
2711 2310 2877 2382 βυθοῦ
2902 2311 3001 2380 τῆς
3027 2308 3305 2377 λαγνείας,
3344 2300 3393 2377 ᾧ
3420 2308 3512 2362 ἐπὶ
3535 2306 3606 2378 τῷ
3630 2302 3755 2373 κακῷ

2214 2409 2319 2477 τῆς
2367 2405 2536 2461 αὑτοῦ
2567 2405 2814 2475 κεφαλῆς
2866 2403 3322 2474 συγγεγήρακας,
3383 2399 3550 2454 πολλά
3584 2398 3755 2469 χαίρειν

2216 2503 2431 2574 φράσας
2475 2499 2556 2571 τῷ
2610 2494 3005 2569 παραινέσαντι
3061 2497 3178 2559 τοῖς
3232 2489 3651 2564 κεκρατημένοις
3696 2486 3754 2556 μὴ

2217 2594 2510 2664 ἐγχειρεῖν.
2538 2590 2801 2664 Γέγραφα
2837 2588 2990 2652 ὅπως
3022 2586 3224 2641 σαυτοῦ
3254 2584 3545 2655 γενόμενος
3579 2580 3660 2635 καὶ
3680 2579 3757 2647 τήν

2215 2685 2321 2754 τῆς
2361 2682 2655 2751 ἀσελγείας
2684 2678 2954 2751 αἰσχύνην
2988 2678 3273 2750 ἐννοήσας,
3303 2675 3433 2729 τότε
3458 2674 3620 2742 γῆρας
3648 2669 3755 2731 εἰςδ

2215 2776 2428 2847 ἕρπεις,
2459 2777 2561 2845 τήν
2589 2790 2649 2827 τε
2676 2772 2830 2827 θείαν
2857 2767 3187 2842 ἱερωσύνην,
3218 2769 3300 2830 είς
3325 2766 3398 2837 ἦν
3416 2765 3514 2819 οὐκ
3538 2759 3756 2821 οἷδ’ὃπως

2217 2866 2589 2938 ἐπεκώμασας
2612 2864 2685 2920 τά
2704 2882 2766 2933 τε
2798 2863 3041 2934 παρόντα
3069 2859 3250 2930 ὀνείδη
3280 2856 3476 2912 καλτά
3499 2851 3757 2915 σκάνδαλα,

2217 2960 2320 3031 τήν
2356 2976 2419 3014 τε
2452 2957 2759 3030 μέλλουσαν
2798 2955 3021 3010 κόλασιν
3043 2966 3058 2982 '
3089 2954 3225 3007 πᾶσι
3270 2952 3393 3014 τοῖς
3435 2948 3613 3007 κακοῖς
3636 2946 3760 3010 ἐγκα-

2217 3052 2567 3123 λινδούμενος
2599 3051 2695 3105 ἐπὶ
2724 3050 2934 3121 γήραος
2964 3047 3108 3118 οὐδῷ
3151 3042 3518 3116 νεωτερίζων.
3546 3039 3654 3101 Πῶς
3673 3035 3760 3105 γὰρ

2217 3147 2335 3208 τοῖς
2368 3142 2514 3207 νέοις
2561 3142 2864 3213 σωφρονεῖν
2910 3137 3289 3210 παραινέσεις,
3340 3131 3525 3203 σαυτῷ
3555 3131 3669 3203 μηδὲ
3690 3128 3763 3181 ἐπὶ

2217 3237 2429 3307 γήραος
2457 3232 2773 3305 παραινῶν;
2805 3230 2930 3295 Πῶς
2950 3230 3010 3283 δὲ
3035 3229 3097 3282 οῦ
3127 3228 3379 3299 φρίττεις
3398 3223 3612 3279 τοιαῦτα
3629 3219 3761 3290 δρῶν,

2219 3328 2319 3383 καὶ
2339 3344 2420 3398 τῳ
2445 3324 2826 3396 θυσιαστηρίῳ
2849 3322 3198 3394 πλησιάζων;
3227 3318 3361 3383 Πῶς
3391 3319 3451 3372 δὲ
3478 3316 3661 3386 τολμᾷς
3679 3311 3763 3365 τῶν

2181 3432 2187 3440 '
2222 3418 2513 3491 ἀχράντων
2536 3417 2783 3487 ἅψασθαι
2813 3414 3163 3487 μυστηρίων;
3210 3410 3478 3484 Παραινῶ
3506 3407 3684 3464 τοίνυν,
3703 3403 3763 3471 (εί

2221 3512 2332 3584 γὰρ
2359 3510 2453 3564 καὶ
2472 3509 2650 3574 λυπεῖ,
2668 3509 2733 3562 τὸ
2753 3506 2952 3579 ἀληθὲς
2977 3504 3120 3576 μετά
3141 3506 3333 3574 παρῤη
3342 3502 3467 3562 σίας
3484 3492 3768 3562 λελέξεται.)

531 3577 803 3633 maculata
880 3592 1158 3632 sacrorum
1229 3578 1490 3649 mysteria
1564 3579 1731 3634 audes
1811 3580 2114 3652 attinget-ei

2227 3605 2268 3676 ἦ
2290 3603 2500 3658 παῦσαι
2528 3601 2757 3657 τοιαῦτα
2781 3600 2948 3674 δρῶν,
2977 3599 3011 3671 ἡ
3051 3597 3146 3653 τοῦ
3173 3596 3381 3651 σεπτοῦ
3425 3588 3765 3659 θυσιαστηρίου

531 3666 733 3723 llortor
756 3668 942 3738 itaque
969 3676 1021 3723 te
1038 3668 1160 3738 (etsi
1178 3668 1325 3723 etaim
1356 3668 1520 3736 dolet,
1545 3679 1917 3726 verumtamen
1955 3672 2114 3731 libere

2236 3666 2435 3751 σαυτὸν
2474 3695 2711 3765 χώρισον
2734 3710 2750 3725 ο
2806 3666 2881 3763 μή
2912 3666 3045 3743 ποτε
3092 3688 3209 3760 πῦρ
3239 3684 3536 3760 οὐρανόθεν
3576 3680 3657 3736 ἐπὶ
3691 3678 3769 3748 τήν

530 3760 732 3831 dicam)
775 3769 836 3816 ut
864 3760 949 3817 vel
973 3760 1323 3817 committere
1359 3761 1669 3845 huiusmodi
1696 3764 1936 3830 desinas,
1973 3766 2057 3821 vel
2086 3782 2114 3822 a

2226 3787 2426 3855 σαυτοῦ
2460 3760 2702 3861 καλέσῃς
2730 3760 2997 3855 κεφαλὴν,
3028 3782 3386 3854 παρέχουσαν
3418 3780 3529 3841 τοῖς
3550 3772 3773 3846 ῥᾳθύμοις

530 3850 853 3907 venerandis
893 3850 1087 3906 altaris
1132 3850 1419 3906 sacriﬁciis
1445 3851 1747 3920 abstineas,
1792 3868 1864 3910 ne
1900 3857 2119 3925 quando

534 3942 712 4011 ignem
733 3942 799 3998 de
832 3941 972 3998 coelo
998 3942 1164 4013 capiti
1190 3956 1480 4000 accersens
1503 3952 1615 4010 tuo,
1634 3945 1867 4019 turpiter
1893 3949 2120 4007 meritas.

534 4044 729 4101 prunas
756 4041 818 4088 ut:
835 4035 1063 4104 Optasti,
1092 4036 1231 4090 luas.

1080 4143 1225 4206 Χιιι.
1251 4175 1325 4187 -
1349 4147 1582 4203 EIDEM.

2226 3879 2487 3952 ἀφορμὰς
2514 3871 2591 3932 ὧν
2620 3874 2954 3947 ἐπιθυμοῦσι
2985 3874 3182 3943 λόγων.

2721 4104 2825 4212 m.
2862 4183 2932 4196 —
2971 4153 3060 4223 Ἰᾨ
3096 4150 3300 4222 anu.

1208 4258 1488 4316 Hominem
1524 4261 1814 4331 desperata;
1840 4267 2064 4322 malitia:
2095 4277 2153 4321 ut
2180 4266 2544 4323 conlocatum
2569 4282 2668 4323 suo
2690 4267 2941 4338 relinquit
2966 4265 3145 4337 genio.

607 4377 784 4438 Audio
813 4377 895 4434 ‘ln
920 4378 1222 4450 sapientem
1262 4388 1318 4435 te
1356 4380 1615 4436 incidisse
1650 4383 1830 4438 virum
1871 4384 1962 4453 qui
2008 4398 2114 4439 cor-

2305 4384 2658 4456 Πυνθάνομαι
2696 4385 2782 4439 ὅτι
2834 4383 3002 4454 σοφός
3040 4400 3125 4447 τις
3166 4382 3330 4453 ἀνὴρ,
3374 4380 3476 4436 καὶ
3518 4377 3778 4452 χρημάτων

539 4471 730 4541 ιιιιῐιψὶ⁸
751 4470 980 4540 pecunia
1012 4481 1268 4540 nequeat,
1296 4472 1518 4528 virtutis
1544 4475 1942 4542 perstudiosum
1968 4473 2129 4547 557

539 4575 868 4636 omnemque
887 4576 1110 4633 operam
1133 4564 1478 4622 adhibentem
1496 4562 1576 4620 'ad
1607 4566 1681 4621 tui
1707 4568 2128 4635 correctionem,

543 4651 830 4707 remissum
850 4662 1030 4709 tamen
1051 4653 1147 4708 abs
1163 4662 1235 4720 te,
1252 4654 1448 4712 mfccta
1469 4671 1550 4720 re.
1574 4657 1727 4725 quasi
1742 4658 2002 4727 prodesse
2021 4674 2128 4715 non

542 4753 743 4812 posset.
782 4743 884 4799 Tui
933 4745 1077 4803 enim
1110 4745 1286 4803 morbi
1334 4746 1420 4803 vis
1453 4747 1628 4816 major
1677 4750 1825 4803 omni
1868 4748 1986 4818 ejus
2014 4764 2128 4806 me-

550 4835 665 4890 dela
708 4843 795 4891 est
824 4835 1070 4895 inventa.
1096 4835 1335 4894 Decebat
1359 4846 1539 4895 tamen
1565 4847 1619 4894 te
1642 4840 1825 4911 specie
1854 4841 2127 4897 rationum

544 4927 778 5003 eleganti
832 4926 1075 4984 illectum
1132 4944 1245 4998 pra;
1313 4929 1675 4988 admiratione
1754 4931 2124 5003 intelligentia

544 5018 734 5087 ipsius,
765 5025 823 5073 et
851 5018 1143 5073 reveritum
1170 5018 1289 5087 ejus
1316 5020 1660 5091 prudentiam
1685 5021 1759 5076 ab.
1778 5021 2125 5090 improbitate

545 5120 869 5179 temperare.
883 5107 961 5168 Te
977 5124 1225 5165 veronon
1247 5110 1451 5175 solum,
1472 5126 1530 5165 re
1555 5111 1937 5177 infecta,illum
1956 5117 2124 5168 remi.

545 5201 704 5266 sisse,
757 5217 949 5258 verum
1014 5201 1177 5255 etiam
1197 5216 1319 5256 cum
1380 5201 1578 5271 injuria
1629 5202 1967 5274 proﬂigasse,
2040 5205 2127 5259 in-~

2237 4474 2538 4546 κρείττων“,
2580 4472 2677 4528 καὶ
2723 4474 2894 4544 ἀρετῇ
2950 4472 3365 4540 συναγωνιστὴς
3418 4469 3648 4541 ἐντυχών
3685 4482 3778 4522 σοι·

2235 4569 2335 4622 καὶ
2381 4568 2560 4623 πάντα
2602 4567 2835 4638 νικήσας
2882 4566 2985 4619 ὅσα
3031 4564 3200 4636 ἐχρῆν
3243 4563 3386 4633 πρὸς
3420 4561 3776 4633 ἐπανόρθωσιν,

2234 4656 2573 4727 ἀπεπέμφθη
2601 4655 2886 4727 ἄπρακτος
2922 4653 3091 4725 μηδὲν
3138 4651 3422 4723 ὠφελῆσαί
3454 4668 3514 4704 σε
3552 4648 3777 4720 δυνηθείς.

2235 4746 2561 4817 Κρείττονος
2586 4748 2700 4817 (55)
2745 4745 2843 4799 τοῦ
2877 4762 2975 4798 σου
3010 4744 3317 4815 νοσήματος
3349 4742 3457 4812 τῆς
3490 4741 3621 4812 παρ’
3661 4737 3779 4805 αὐτῷ

2236 4840 2490 4912 ἰατρικῆς
2539 4840 2735 4910 τέχνης
2775 4837 3115 4910 εὑρεθέντος.
3167 4836 3299 4889 Δέον
3348 4837 3465 4905 γάρ
3497 4850 3556 4887 σε
3594 4846 3777 4901 γοητευ-

2234 4932 2399 4987 θέντα
2448 4933 2549 5003 μὲν
2574 4931 2653 5004 τῷ
2688 4931 2878 4986 κάλλει
2925 4931 3039 4984 τῶν
3070 4930 3389 5000 νοημάτων,
3419 4927 3707 4997 ἀγασθέντα
3733 4923 3775 4973 δὲ

2232 5024 2334 5096 τὴν
2365 5022 2607 5088 σύνεσιν,
2647 5022 2968 5078 αἰδεσθέντα
3010 5020 3069 5074 δὲ
3108 5021 3172 5073 τὸ
3205 5020 3474 5092 φρόνημα
3512 5012 3775 5072 παύσασθαι

2231 5115 2332 5184 τῆς
2381 5115 2615 5179 κακίας,
2657 5114 2719 5168 οὑ
2782 5114 2946 5183 μόνον
3001 5114 3313 5183 ἄπρακτον,
3367 5113 3509 5167 άλλά
3550 5112 3639 5166 καὶ
3685 5105 3775 5179 μεθ’

2235 5204 2449 5277 ὕϐρεως
2484 5205 2674 5261 τοῦτον
2703 5205 3041 5276 ἀπεπέμψω.
3073 5205 3139 5259 Τί
3178 5199 3272 5258 οὖν
3295 5204 3588 5277 ποιητέονς
3617 5201 3673 5257 Εἰ
3694 5197 3775 5269 γᾶρ

1653 5378 1890 5435 VAliUE
1928 5380 2317 5440 LECTIONES
2351 5382 2441 5438 ET
2473 5381 2709 5440 ΝΟΤᾹΞ.

620 5550 731 5623 4³2)
770 5549 1250 5628 Ρτοβμογνῄσιος,
1282 5566 1413 5607 voce
1447 5552 1726 5628 inusitata,
1757 5570 1956 5628 repone
1984 5557 2114 5627 ὁμό-

544 5622 713 5697 γνιος,
744 5622 897 5697 quasi
924 5623 1226 5697 ὁμογένιος,
1252 5631 1311 5697 ut
1335 5633 1390 5674 et
1416 5625 1657 5697 γνήσιος,
1686 5622 1841 5695 quasi
1867 5622 2119 5697 γονήσιος

551 5692 641 5761 vel,
669 5693 939 5760 γενήσιος.
980 5691 1099 5745 Mox
1145 5708 1241 5759 pro
1278 5694 1676 5761 ἀνειμήσασθαι
1707 5691 1998 5749 ἰθηιιώοηί
2024 5699 2091 5749 ἀν

548 5760 878 5835 εμὸσασθαι,
919 5762 1062 5835 quod
1103 5779 1333 5815 evomere
1375 5760 1512 5835 est_:
1556 5765 1637 5817 vel
1679 5766 1860 5835 potius
1910 5766 2093 5835 ἀνειλή

551 5828 739 5886 σισθαι
759 5835 828 5886 ab
851 5831 1099 5900 ἀνειλέω,
1129 5834 1325 5900 aperio,
1368 5832 1586 5900 explica.
1634 5828 1893 5905 suspecta
1935 5850 1990 5891 et
2035 5828 2128 5891 illa

2227 5576 2329 5615 vox
2361 5560 2744 5631 ἑπεκάμασας,
2781 5564 2925 5627 quod
2975 5570 3059 5616 est
3103 5559 3432 5626 lasciviores,
3479 5554 3773 5631 nisi_rectius

2229 5644 2311 5685 est
2339 5628 2760 5701 ὲπεπὸμπασας.
2792 5633 3129 5701 Eruditiores
3157 5631 3524 5701 :estimabunt.
3544 5700 3551 5701 ί
3573 5628 3766 5701 Slflon.

2302 5702 2414 5769 (53)
2457 5699 2561 5755 Pl‘o
2592 5705 2898 5771 κρείττονος
2929 5703 3086 5761 codd.
3123 5700 3246 5757 Vat.
3273 5700 3379 5757 650
3410 5711 3468 5757 et
3493 5700 3599 5755 Alt.
3625 5699 3767 5762 legunt

2234 5775 2500 5845 κρεῖττον.
2538 5772 2747 5829 Possm.
