3906 6416
153 333 268 394 1333

1058 334 1597 399 EPISTOLARUM
1637 341 1785 400 LIB.
1829 342 1895 400 V.
1936 339 2246 398 —EPlST.
2284 339 2465 399 XVII.

3253 342 3388 407 1394

150 446 345 502 ἕκαστος
385 438 540 492 οὐδὲν
573 437 794 506 ὠφελεῖ,
839 438 978 492 ἀλλὰ
1017 442 1110 494 καὶ
1152 445 1185 512 ἡ
1217 444 1544 514 παραίνεσις
1596 465 1694 500 καο

1817 446 2005 511 .elligo.
2081 446 2220 512 Quid
2277 445 2441 515 igitur
2495 459 2682 500 censes
2760 444 3067 503 faciendum
3130 448 3185 504 Si
3242 454 3387 507 enim

149 529 520 598 ταπεφρόνηται
543 542 558 556 ⁸
597 530 689 581 καὶ
713 532 742 581 ὁ
771 528 881 582 τῶν
909 530 1217 603 ἀνθρώπων
1242 536 1417 602 γέλως
1442 538 1694 608 πεπάτη-

1797 553 1955 592 nemo
2015 537 2263 606 juvcrit,
2333 537 2442 592 into
2494 545 2549 590 et
2614 537 2924 594 adhortatio
2990 544 3386 607 contenmitur,

150 638 250 675 ιιι·
282 622 366 673 καὶ
402 619 462 672 τὸ
498 621 947 684 σκανδαλίζεσοαι
983 625 1136 693 παρὰ
1164 625 1249 676 σοὶ
1278 626 1510 692 πολλοὺς
1539 630 1694 682 οὐδὲν

1817 631 1965 685 :tiam
2007 630 2150 685 risus
2197 630 2579 696 conculcetur,
2629 640 2686 685 et
2735 632 2832 686 abs
2881 641 2933 686 te
2976 632 3239 703 plurimos
3268 635 3388 688 laedi

151 717 400 785 κέκριται·
437 716 534 768 καὶ
575 717 603 767 ὁ
633 716 774 780 Θεῖος
805 718 970 786 φόϐος
1014 719 1216 782 ἄϐατος
1244 722 1361 774 ἐστι
1395 724 1546 793 παρὰ
1575 725 1690 776 σοί·

1800 724 2123 780 otl‘endiculo
2184 724 2339 780 nihili
2402 725 2683 790 mstimes,
2739 740 2839 780 nec
2881 729 2935 780 in
3003 727 3094 780 Dei
3147 728 3393 782 ambules

151 806 226 858 καὶ
254 808 282 876 ἡ
307 806 400 875 τῆς
433 807 670 877 κρίσεως
711 809 911 881 ἀπειλὴ
951 811 1199 880 γελᾶται,
1231 813 1496 886 ἐλάθομεν
1518 815 1693 889 λιθίνῃ

1817 820 2020 885 .imore,
2053 819 2234 875 rideas
2260 820 2426 874 etiam
2456 819 2625 874 divini
2651 818 2841 887 iudicii
2867 820 3076 884 minas,
3117 821 3393 874 nescimus

151 899 318 968 καρδία
335 898 726 970 διαλεγόμενοι.

116 1065 129 1114 Ι
290 1016 380 1071 ls'.
413 1047 482 1059 -
509 1016 774 1091 Alassio
802 1019 917 1092 (st)
953 1021 1520 1094 noAtTEroMENo.

1801 926 1958 979 sane,
1992 911 2186 982 ecquid
2220 911 2446 966 remedii
2475 912 2612 966 duro
2645 923 2738 967 tuo
2762 913 2913 966 cordi
2936 911 3246 966 aﬂ‘eramus.

1856 1028 1998 1085 XIV.
2038 1059 2108 1073 —-
2150 1027 2428 1084 EDESIO
2467 1028 2965 1084 REMPUBLICAM
3005 1025 3335 1084 GERENTI.

521 1135 847 1192 Dehortatnr
880 1139 945 1192 ab
967 1155 1026 1193 ea
1053 1138 1265 1206 militia,
1295 1157 1412 1209 qua
1438 1157 1531 1195 nec
1558 1143 1790 1210 pietatis,
1829 1163 1921 1201 nec
1949 1147 2154 1202 virtutis
2185 1146 2527 1216 defendendw
2557 1162 2722 1200 causa
2752 1145 2975 1215 geritur.

217 1248 416 1321 Ἐπειδὴ
455 1249 613 1321 θυμῷ
653 1251 753 1322 μὲν
796 1253 1160 1325 άναπτομένῳ
1202 1255 1536 1309 συνάπτεται
1583 1256 1700 1326 (55)

151 1341 386 1412 πόλεμος,
441 1343 787 1417 σὸεννυμένῳ
833 1345 889 1399 δὲ
931 1347 994 1399 ού
1047 1346 1375 1414 σϐέννυται,
1426 1348 1699 1418 μηδέποτε

152 1432 316 1485 σαυτὸν
333 1435 410 1496 εἰς
439 1434 712 1506 πολέμους
735 1436 972 1506 ἔμϐαλλε
1002 1438 1273 1508 χαλεπούς
1297 1454 1311 1468 ⁸
1337 1438 1431 1491 καὶ
1464 1439 1700 1509 μάλιστα

150 1521 255 1573 ὅταν
277 1522 399 1593 μηδὲ
425 1523 552 1594 περὶ
581 1524 915 1596 εὐσεϐείαςῆ
943 1527 1140 1597 ἀρετῆς
1168 1528 1196 1578 ὁ
1223 1526 1379 1594 λόγος
1513 1528 1571 1580 ὲν
1591 1529 1700 1599 γὰρ

151 1613 341 1677 ταύταις
370 1615 527 1686 χρεία
557 1616 662 1680 ἕως
702 1618 936 1688 αἵματος
969 1617 1354 1686 ἀγωνίζεσθαι,
1389 1620 1523 1690 μήτε
1558 1619 1700 1673 ὲκεί-

151 1722 246 1775 νην,
275 1705 401 1777 μήτε
429 1708 635 1779 ταύτην
669 1709 989 1780 προδιδόντα

368 1817 468 1873 lE'.
501 1850 573 1860 —
603 1821 949 1877 ιΣΧΥΡιΩΝι
987 1823 1445 1896 ΣΧΟΛΛΣΤῙΚῼ.

1878 1260 2326 1330 Quandoquidem
2353 1260 2537 1315 animo
2583 1260 2663 1314 ira
2695 1260 2920 1314 incenso
2950 1259 3150 1314 bellum
3193 1258 3386 1312 incen-

1808 1353 1976 1418 ditur,
2005 1353 2330 1408 exsﬁnctum
2380 1361 2561 1406 autem
2621 1351 2700 1405 ira
2745 1350 3036 1420 animoque
3078 1348 3393 1416 compositis

1809 1436 2008 1492 bellum
2057 1435 2289 1505 sopitur,
2323 1449 2598 1503 nunquam
2628 1443 2682 1487 te
2711 1433 2956 1489 molestae
2993 1433 3260 1487 immittas
3291 1446 3393 1500 pn—

1809 1543 1950 1597 gnze,
1982 1525 2282 1596 prmsertim
2308 1539 2433 1580 cum
2471 1525 2690 1593 pietatis
2725 1525 3052 1593 virtutisque
3084 1539 3191 1578 non
3214 1522 3394 1593 agitur

1808 1619 2107 1688 negotium.
2157 1615 2214 1670 ln
2250 1617 2335 1673 his
2381 1617 2584 1672 etenim
2635 1618 2700 1671 ad
2736 1618 3056 1687 sanguinem
3088 1631 3259 1686 usque
3294 1630 3393 1686 pu-

1811 1710 2108 1775 gnandum,
2143 1725 2212 1764 ne
2241 1709 2356 1764 haec
2387 1718 2481 1764 aut
2515 1709 2604 1762 illa
2642 1709 2928 1778 prodatur.

2015 1821 2135 1878 XV.
2170 1853 2242 1864 —
2273 1820 2670 1878 ISCHYRIONI
2715 1818 3214 1877 SCHOLASTICO.

1407 1935 1787 2006 Arrogantiam
1815 1934 2110 1990 dissuadet.

208 2053 356 2104 ὐταν
393 2050 427 2121 ἠ
474 2050 925 2124 μεγαλοφροσύνη
959 2052 1073 2122 ('56)
1103 2052 1177 2123 μὴ
1211 2052 1347 2124 πρὸς
1380 2053 1695 2118 αὐθάδειαν,

147 2143 260 2197 ἀλλὰ
286 2143 414 2213 πρὸς
437 2142 740 2196 ἐπιείκειαν
769 2143 966 2214 βλέπῃ,
988 2144 1111 2197 τότε
1137 2145 1232 2198 καὶ
1252 2145 1352 2215 τὴν
1380 2144 1701 2208 ἀλαζονείαν

147 2233 373 2304 ἐκφεύγει
405 2236 499 2288 καὶ
523 2235 623 2306 τὴν
649 2236 1096 2306 δουλοπρέπειαν,
1129 2238 1230 2291 οὐκ
1253 2238 1402 2292 ἐῶσα
1428 2238 1702 2310 κερασθῆ-

146 2343 219 2380 ναι
236 2325 291 2380 τὸ
315 2327 560 2398 ἄσχημον
587 2326 667 2398 τῷ
690 2327 972 2400 εὐπρεπεῖ.

654 2505 773 2572 ις’.
810 2533 880 2544 -
914 2504 1159 2576 ΠΕΤΡῼ.

1876 2049 2059 2105 Animi
2092 2049 2407 2120 magnitudo
2435 2066 2558 2106 cum
2589 2066 2698 2106 non
2735 2049 2802 2105 ad
2834 2050 3121 2105 audaciam
3147 2090 3163 2115 ,
3201 2049 3294 2104 sed
3325 2047 3395 2102 ad

1807 2141 1973 2196 animi
2023 2143 2315 2211 quamdam
2393 2143 2780 2199 liberalitatem
2851 2143 3398 2210 benevolentiamque

1809 2233 2006 2298 tendit,
2054 2235 2380 2303 arrogantia:
2407 2250 2474 2290 ac
2509 2236 2724 2291 servilis
2776 2235 2971 2291 indolis
3005 2234 3244 2303 speciem
3273 2248 3393 2286 om-

1809 2340 1937 2381 nem
1982 2323 2206 2397 eﬂ‘ugit,
2257 2343 2436 2397 neque
2479 2329 2687 2399 patitur
2735 2337 2892 2399 turpe
2937 2327 3135 2384 decoro
3189 2325 3396 2396 permi-

1809 2417 1972 2473 sceri.

2330 2507 2474 2566 XVI.
2509 2541 2573 2553 ——
2611 2509 2865 2566 PETRO.

1031 2620 1102 2674 De
1143 2619 1357 2676 Eusebii
1394 2622 1554 2676 vitiis.
1587 2621 1802 2692 Confer.
1842 2624 1996 2692 epist.
2025 2623 2150 2689 140,
2192 2624 2314 2690 14⁵7,
2357 2625 2484 2680 470.

203 2733 258 2786 El
287 2734 376 2786 καὶ
405 2732 500 2786 ἐπὶ
529 2732 629 2803 τῆς
659 2733 946 2798 Εὐσεϐίου,
978 2733 1055 2796 ὡς
1093 2735 1399 2805 γέγραφας,
1447 2735 1702 2807 τυραννί-

1872 2736 2010 2803 Etsi,
2069 2747 2127 2792 ut
2173 2738 2373 2794 scribis
2415 2741 2483 2794 de
2525 2738 2742 2795 Eusebii
2778 2722 3079 2811 tyrannicis
3127 2746 3392 2810 moribus,

143 2824 217 2886 δος
242 2825 408 2878 αἰτίαν
439 2825 542 2895 τῆς
570 2825 848 2889 ἀπωλείας
875 2826 983 2881 τῶν
1013 2825 1320 2898 φιλαρέτων
1346 2828 1522 2892 οὐδεὶς
1549 2828 1581 2898 ἢ
1605 2828 1703 2900 τὴν

1817 2829 2122 2900 perditionis
2171 2842 2391 2884 causam
2446 2844 2605 2885 nemo
2650 2831 2917 2900 agnoscit,
2970 2833 3062 2901 qui
3123 2834 3388 2888 virtutum

144 2916 316 2988 ἀρετὴν
347 2917 516 2989 μόνην
569 2913 710 2971 οἶδεν
755 2921 819 2989 (ἡ
861 2918 969 2990 γάρ
999 2920 1123 2988 δίκη
1153 2921 1252 2989 τὴν
1276 2921 1458 2992 κρίσιν
1487 2920 1703 2990 φθάνει,

1801 2921 2080 2977 studiosus
2121 2930 2234 2987 est,
2301 2929 2498 2989 praeter
2544 2921 2796 2976 virtutem
2850 2922 3069 2993 ipsam:
3116 2927 3385 2978 Sententia

145 3006 248 3075 ἠδὲ
275 3006 370 3076 τῆς
413 3006 720 3078 μελλούσης
763 3007 1000 3079 κρίσεως
1050 3010 1241 3080 μνήμη
1293 3010 1548 3080 ὀξύτερός
1588 3012 1703 3064 ἐστι

1817 3013 1950 3068 enim
2000 3013 2263 3083 anticipat
2307 3013 2593 3084 judicium,
2655 3015 2931 3085 futurique
2974 3014 3164 3083 judicii
3216 3033 3397 3071 recor-

143 3098 238 3162 τοῖς
275 3099 590 3170 μνησθεῖσιν
633 3098 915 3171 ὄλεθρος),
943 3101 1060 3154 ἀλλ’
1091 3097 1183 3155 οὖν
1207 3118 1273 3170 γε
1309 3102 1385 3173 μὴ
1429 3102 1702 3174 ὀλιγώρει.

1810 3105 1979 3172 datio,
2019 3109 2229 3162 acutior
2266 3106 2682 3163 recordantibus
2713 3108 2985 3176 pernicies
3019 3120 3140 3162 esu
3183 3120 3235 3161 at
3263 3124 3395 3163 cave

145 3153 332 3264 05-7519
363 3153 436 3264 ξιὴ
484 3153 915 3264 συγχωρήέειυέ
961 3153 1703 3267 παντεέδίτίηιέἹδέδέλίὶδέζ

1817 3153 1979 3172 ..-πη
2019 3153 2219 3162 _-..-.--
2266 3153 2681 3163 ,πμ--..πη
2715 3153 2984 3176 rum-..“
3021 3153 3140 3162 π--
3183 3153 3235 3161 _-
3265 3153 3395 3163 νων

1817 3200 2075 3270 negligas.
2113 3199 2296 3270 Neque
2327 3201 2470 3254 enim
2509 3201 2788 3269 permittet
2817 3201 2907 3270 qui
2936 3202 3117 3255 omnia
3150 3212 3396 3256 contem-

143 3283 226 3353 τὴν
260 3285 450 3355 ἀρετὴν
499 3284 608 3338 ὑπὸ
635 3284 734 3354 τῆς
769 3285 968 3347 κακίας
1009 3284 1098 3338 διὰ
1141 3285 1328 3349 τέλους
1371 3285 1705 3355 παρευδοκι-

149 3376 337 3443 μεῖσΘαι
356 3393 370 3408 ο
394 3377 533 3431 ἀλλὰ
565 3379 784 3448 ποιήσει
806 3379 988 3432 ἐκεῖνα
1016 3378 1053 3432 ἃ.
1076 3378 1224 3449 αύτῷ
1256 3377 1356 3448 μὲν
1385 3379 1606 3451 πρέπει,
1637 3381 1705 3451 τῇ

144 3465 190 3520 δὲ
213 3469 368 3540 ἀρετῇ
399 3470 494 3523 καὶ
524 3471 591 3542 τῇ
625 3470 796 3541 κακία
826 3472 1205 3541 χρεωστεῖται.

419 3586 522 3640 lZ'.
558 3613 631 3626 —
667 3585 898 3656 ΚΥΡΡῼ
937 3586 1398 3656 ΣΧΟΛΑΣΤΙΚῼ.

1808 3291 2011 3361 piatur,
2060 3290 2154 3345 Dei
2206 3291 2418 3358 oculus,
2450 3291 2710 3346 virtutem
2743 3307 2772 3345 a
2803 3292 2940 3347 vitio
2966 3294 3033 3347 ad
3085 3301 3393 3346 extremum

1810 3393 1982 3449 usque
2018 3378 2187 3450 gloria
2226 3381 2497 3451 superari,
2535 3381 2646 3436 imo
2695 3381 2878 3448 faciet,
2912 3398 3031 3453 qua:
3055 3398 3115 3438 se
3142 3384 3392 3448 deceant,

1810 3471 1996 3526 virtuti
2029 3487 2094 3528 ac
2119 3472 2252 3527 vitio
2275 3482 2333 3527 ut
2357 3474 2534 3529 debita
2567 3475 2886 3530 reddantur.

2092 3582 2259 3639 XVII.
2291 3616 2359 3626 —-
2383 3583 2575 3640 (ΞΥΠο
2612 3586 3108 3643 SCHOLASTICO.

507 3703 703 3761 Oculos
743 3722 854 3760 esse
889 3707 1073 3761 debere
1103 3707 1448 3760 continentes.
1492 3705 1669 3760 Parva
1706 3717 1920 3775 peccata
1967 3706 2390 3775 praescindenda,
2430 3722 2494 3760 ne
2526 3723 2718 3776 magna
2755 3709 3003 3764 evadant.

207 3821 332 3875 Ἰσθι
367 3825 450 3878 ὅτι
487 3825 661 3894 ’ἐρπον
696 3825 760 3876 τὸ
791 3821 981 3878 δοκοῦν
1016 3823 1212 3894 μικρὸν
1237 3825 1488 3891 πταῖσμα
1530 3816 1706 3886 εἶναι,

146 3916 213 3978 εἰς
259 3916 391 3986 μέγα
416 3917 578 3988 ἕρπει
614 3917 805 3970 κακόν.
855 3916 929 3969 Τὸ
965 3916 1074 3987 γὰρ
1108 3916 1321 3984 λέγειν,
1362 3915 1532 3968 Οὐδὲν
1557 3913 1709 3984 παρὰ

144 4006 280 4060 τοῦτο
325 4008 470 4078 (37),
522 4007 621 4080 τὴν
677 4008 875 4062 κακίαν
938 4007 1292 4078 ἐπικωμάσαι
1338 4006 1417 4076 τῷ
1463 4006 1563 4076 βίῳ
1612 4024 1709 4059 πε-

144 4099 336 4168 ποίηκε.
377 4099 572 4153 Πολλοὶ
599 4099 708 4168 γάρ
738 4099 1017 4169 νομίζουσι
1047 4098 1109 4151 τὸ
1147 4098 1610 4169 περιεργάζεσθαι
1638 4098 1709 4151 τά

144 4191 370 4263 ἀλλότρια
400 4191 574 4264 κάλλη
608 4191 774 4263 μηδὲν
799 4188 940 4245 εἶναι
960 4209 975 4225 ο
999 4192 1064 4246 ἐκ
1089 4191 1146 4245 δὲ
1165 4192 1359 4244 τούτου
1387 4194 1442 4244 αἱ
1473 4195 1708 4262 μοιχεῖαι

1881 3822 2030 3877 Scito
2067 3822 2323 3892 exiguum
2357 3822 2408 3876 in
2445 3823 2630 3891 specie
2672 3823 2885 3886 vitium,
2924 3823 3393 3892 serpendo’gran-

1807 3912 1929 3967 dius
1959 3912 2098 3967 ﬁeri.
2138 3912 2330 3968 Dicere
2377 3913 2524 3967 enim
2587 3912 2757 3967 illud:
2794 3913 2933 3979 Quid
2994 3922 3106 3968 tutn
3169 3913 3398 3982 postea?

1809 4006 1938 4060 vitia
1978 4007 2030 4060 in
2070 4006 2180 4060 vita
2230 4006 2358 4061 fecit
2389 4007 2699 4060 mortalium
2749 4007 3079 4077 ingenerari.
3145 4007 3399 4076 Plerique

1809 4101 1952 4156 enim
1989 4101 2307 4155 existimant
2333 4099 2469 4154 nihil
2501 4114 2622 4155 esse
2656 4099 2888 4153 alienam
2937 4099 3399 4167 pulchritudinem

1809 4191 2053 4247 studiose
2081 4188 2349 4259 speculari
2394 4206 2408 4242 :
2455 4189 2603 4258 atqui
2645 4187 3036 4243 fornicationes
3083 4188 3209 4243 hinc
3241 4187 3400 4242 lanti-

1211 4344 1445 4399 VARl/E
1481 4342 1871 4399 LECTlONES
1903 4342 1992 4397 ET
2030 4341 2263 4397 NOTAE.

205 4501 308 4567 (54)
344 4500 576 4570 Δίδεσίῳ
608 4501 960 4562 inscribitur;
992 4500 1130 4570 forte
1161 4499 1400 4570 Αξδησίῳ
1430 4498 1512 4570 vel
1545 4498 1698 4570 Αἰδε-

1881 4497 1996 4567 (57)
2039 4497 2232 4570 Οὐδὲν
2247 4497 2406 4570 παρὰ
2431 4499 2627 4552 τοῦτο.
2657 4497 2924 4553 Permulta
2957 4499 3070 4553 haec
3094 4507 3246 4553 vetus
3275 4515 3398 4567 pec-

147 4572 272 4641 σίμῳ
299 4571 398 4638 leg.
431 4568 624 4626 Edeu'
663 4570 995 4640 Cappadocis
1026 4568 1312 4624 Jatnblichi
1345 4568 1607 4641 auditoris
1639 4584 1704 4622 ac

147 4640 308 4695 schela
335 4643 668 4697 successoris
703 4642 973 4710 Ennapius
1017 4641 1314 4694 Sardianus
1356 4640 1621 4701 meminit,
1651 4647 1707 4692 et

147 4711 350 4782 alterius
368 4713 622 4780 sophista:
646 4713 736 4764 lilii
758 4712 837 4765 Cit
849 4710 1256 4782 rysantﬁhiLEp.
1282 4724 1521 4782 seq.ipro
1547 4725 1708 4782 μεγα-

146 4779 448 4853 λοφροσύνῃ,
480 4782 586 4853 leg.
616 4783 850 4853 arbitror
875 4779 1246 4851 μεγαλοσύνη,
1277 4781 1420 4850 quod
1451 4780 1708 4848 majesta-

148 4861 237 4904 tem
262 4852 424 4915 nutat,
455 4862 510 4905 et
540 4852 626 4907 hic
658 4852 907 4919 quadrat.
945 4853 1181 4906 Scnor'r.

210 4922 311 4990 (35)
349 4917 689 4975 Συνάπτεται
724 4921 842 4974 cod.
883 4920 1186 4975 Sfortianus
1221 4919 1467 4990 producit
1493 4917 1704 4990 ittquv-

146 4987 441 5046 ανάπέεται.
482 4991 632 5049 Vers.
671 5007 768 5057 pro
815 4991 1102 5044 σϐέννυται
1150 4991 1309 5046 codd.
1346 4989 1466 5045 Vat.
1515 4987 1619 5044 650
1651 4997 1707 5043 et

147 5061 240 5116 Alt.
269 5063 509 5116 scribunt
536 5061 910 5116 συσὸέννυται.
937 5060 1147 5116 Possm.

211 5133 313 5200 (36)
348 5131 449 5203 Pro
478 5131 926 5202 μεγαλοφροσύνη
959 5135 1063 5186 sub
1092 5132 1248 5200 epist.
1277 5132 1300 5185 l
1334 5140 1576 5187 extrema
1609 5150 1707 5203 με-

147 5202 470 5282 τροφροσύνη
499 5203 724 5272 legitur;
761 5211 952 5254 caztera
987 5203 1175 5256 iisdem
1210 5217 1344 5270 pene
1367 5205 1564 5265 verbis,
1590 5202 1709 5272 qua:

151 5271 225 5323 hic
277 5283 591 5325 tractantur.
646 5273 750 5325 Sed
808 5271 1290 5326 μεγαλοφροσύνην
1345 5284 1566 5326 usurpat
1619 5290 1699 5326 en.

151 5289 225 5323 lllt‘.
277 5289 591 5325 tractantur.
646 5289 750 5325 aeu
807 5289 1290 5343 μεγαλοφροσύνην
1345 5289 1566 5335 usurpat
1619 5290 1699 5341 ep.

148 5339 266 5424 27?.
292 5341 472 5424 Posset
491 5353 557 5424 Aet
582 5341 922 5424 μεγαλο-σύνη
951 5343 1079 5424 legi;
1097 5344 1244 5424 quod
1343 5343 1546 5424 ύψηλὸν
1571 5345 1707 5424 dixit

149 5413 291 5492 epist.
324 5412 449 5466 251.
479 5411 628 5493 Adde
657 5423 710 5465 et
741 5411 830 5493 lib.
869 5428 904 5466 tt
938 5411 1026 5479 ep.
1047 5413 1172 5467 2M.
1219 5411 1532 5467 Aristoteles
1570 5415 1708 5467 hanc

150 5491 390 5559 virtutem
411 5484 462 5536 in
495 5481 1066 5559 Ntcontnclnistptllav
1099 5493 1337 5559 vocat-et
1364 5483 1702 5559 ﬁmstxslav;

153 5551 198 5623 in
226 5552 422 5623 magnis
449 5563 625 5606 autem
656 5551 950 5623 ﬁloralibus
979 5553 1314 5623 σεμνότητα;
1364 5555 1501 5607 hanc
1535 5571 1706 5623 μεγα-

152 5617 490 5693 λοφροᾶύνην,
525 5617 1077 5693 νίάεᾲιδιιιδεψὴηδιείι
1116 5617 1479 5677 Andronicum
1497 5635 1500 5638 ‘
1521 5617 1627 5685 ibi,
1653 5636 1708 5678 et

154 5688 587 5766 ittterprete's.,_et
634 5688 993 5766 Theophrasti
1056 5693 1304 5749 Clmract.
1357 5695 1482 5766 περὶ
1539 5695 1699 5753 αύθὼ

156 5757 360 5829 διας,ὀι
387 5763 458 5819 ibi
487 5762 721 5821 Casaub.
757 5763 997 5820 Scnon.

1810 4577 1929 4622 cata
1954 4569 2136 4622 omnia
2171 4578 2226 4621 ιιι
2261 4569 2397 4621 levia
2430 4579 2484 4638 et
2515 4569 2642 4622 vitia
2670 4570 3153 4632 contetnnentimn,
3183 4571 3249 4623 de
3291 4585 3395 4638 qua

1810 4639 2027 4708 disserit
2081 4639 2300 4706 copiose
2350 4640 2410 4690 Β.
2462 4637 2546 4692 lo.
2596 4640 3060 4708 Chrysostntnns,
3113 4640 3397 4694 inculcatis

1810 4707 2103 4762 identidem
2137 4709 2355 4762 hontilia
2399 4708 2464 4761 12
2499 4711 2550 4762 in
2600 4707 2767 4777 EpiSl.
2819 4711 2884 4762 ad
2924 4709 3216 4770 Romanos,
3254 4720 3308 4764 et
3342 4712 3394 4766 itt

1810 4779 2043 4846 priorem
2075 4778 2482 4833 ad'Corinthios
2514 4782 2659 4833 hom.
2694 4781 2758 4844 8';
2804 4780 2930 4832 item
2984 4782 3035 4832 in
3083 4780 3394 4836 Matthmutn

1809 4863 2058 4903 sermone
2093 4849 2182 4914 50,
2225 4851 2292 4903 tle
2340 4851 2406 4903 iis
2451 4850 2675 4916 loquens
2706 4851 2794 4917 qui
2829 4851 3174 4918 elegantioris
3210 4849 3397 4906 formae

1811 4917 2009 4972 calceis
2072 4919 2499 4973 delectabantur.
2552 4920 2786 4972 llnrsum
2857 4917 3002 4973 hom.
3065 4923 3394 4988 octogesima

1810 4990 2039 5059 septima
2081 4991 2129 5041 in
2170 4988 2360 5043 Matth.
2409 4999 2463 5042 et
2504 4988 2798 5059 Gregorius
2828 4988 3086 5044 Nazianz.
3131 4992 3181 5044 in
3220 4993 3394 5043 locum

1813 5057 2000 5111 Matth.
2045 5073 2164 5126 cap.
2212 5076 2323 5112 XIX.
2373 5057 2692 5113 Plutarchus
2725 5075 2940 5128 quoque
2983 5060 3074 5115 lib.
3113 5062 3392 5127 Quomodo

1810 5143 1864 5180 se
1893 5130 2011 5198 quis
2052 5129 2104 5182 in
2138 5131 2332 5182 virtute
2359 5132 2552 5184 sentiat
2589 5131 2898 5198 profecisse.
2942 5133 3079 5184 hanc
3113 5134 3262 5198 ponit
3295 5147 3395 5185 no-

1813 5200 2009 5272 tatn_'si
2046 5201 2165 5272 quis
2200 5216 2362 5272 voces
2415 5202 2576 5272 hasce
2613 5201 2975 5272 repudiaverit
3003 5200 3132 5272 ΞίΤί
3183 5202 3295 5272 γὰρ
3333 5202 3396 5255 τὸ

1811 5268 2159 5340 παρὰ-τούτο
2193 5289 2206 5330 ;
2269 5271 2396 5332 καὶ,
2447 5269 2562 5322 Νῦν
2609 5271 2707 5340 μὲν
2733 5269 2925 5336 οὕτως,
2965 5267 3118 5332 αὖθις
3162 5267 3218 5324 δὲ
3260 5267 3396 5340 ’βέλ-

1809 5355 1944 5391 τιον.
1975 5337 2132 5392 Nunc
2158 5343 2363 5408 quidem
2389 5342 2505 5393 ita:
2539 5337 2674 5394 alias
2703 5357 2820 5395 vero
2853 5342 3062 5395 melius.
3096 5342 3255 5395 Plura
3276 5337 3394 5395 'col-

1812 5408 1898 5475 ligi
1943 5425 2100 5470 posse
2139 5412 2336 5464 similia
2384 5413 2889 5479 procrastinationis
2943 5423 3395 5480 cantetnptusque

1813 5480 2061 5531 vitiorum
2115 5483 2252 5546 apud
2303 5482 2565 5534 Settecatn
2615 5493 2672 5534 et
2715 5483 2895 5534 divum
2945 5484 3392 5551 Chrysostontntn

1811 5561 2000 5601 auctor
2048 5560 2133 5604 est
2183 5551 2537 5606 Casaubonus
2587 5553 2653 5605 ad
2701 5553 2744 5604 A
2809 5551 2978 5606 Persii
3014 5551 3187 5606 locum
3242 5555 3389 5606 illunt

1811 5627 1991 5689 satyra
2029 5636 2078 5674 v.

1813 5760 1993 5825 Quid?
2015 5757 2168 5828 quasi
2199 5776 2444 5830 "mgnum
2477 5775 2655 5828 nempe
2681 5759 2818 5813 diem
2846 5758 3032 5814 donas.
3112 5757 3352 5815 Scuon.
