3906 6416
174 367 284 435 ῙῖὶὙΤ
1079 368 1615 432 EPISTOLABUM
1654 372 1800 435 LIB.
1841 374 1910 434 V.
1942 398 2011 409 --
2047 374 2285 435 EPIST.
2319 372 2513 434 XXII.
3278 371 3417 437 I338

168 492 242 543 λαι
257 484 339 539 τοῦ
363 481 527 537 Ἰούδα
558 480 667 551 τὴν
684 480 1141 551 φιλοχρηματίαν,
1162 483 1258 536 καὶ
1282 484 1355 553 μὴ
1381 484 1660 555 ἀνυσὰσης
1686 502 1701 550 ;

1870 485 2103 552 illcacia,
2131 497 2191 541 ut
2209 486 2365 542 Judae
2392 484 2660 555 proditori
2689 484 2904 555 eripere
2932 483 3176 538 avaritiae
3206 485 3412 541 crimen

168 583 217 634 οὐ
246 575 383 649 παρά
420 576 516 643 τὴν
544 573 753 626 οἰκείαν
798 571 1084 626 ἀσθένειαν
1106 613 1122 638 ,
1169 573 1307 627 ἀλλά
1340 576 1490 646 παρά
1523 576 1583 628 τὸ
1617 576 1710 630 τὸν

1870 591 2094 646 isset,et
2124 596 2229 635 non
2263 580 2389 634 fecit
2414 598 2428 634 :
2458 579 2621 647 idque
2653 593 2757 630 non
2793 590 2859 629 ex
2889 590 2985 629 sua
3016 575 3412 642 imbecillitate,

168 672 400 726 ἀκούοντα
442 667 630 737 κύριον
659 662 799 719 εἶναι
826 665 927 734 τῆς
967 664 1179 729 οἰκείας
1217 664 1467 736 γνώμης,
1496 666 1585 720 διὰ
1612 666 1710 737 τῆς

1874 674 1912 728 :d
1942 674 2085 743 quod
2114 673 2340 727 audiens
2372 671 2477 726 ista
2508 670 2677 724 ludas
2732 676 2959 739 propter
3004 667 3220 723 arbitrii
3254 668 3416 721 liber—

168 759 605 829 αὑτεξουσιότητος
631 759 777 829 ὅρον,
812 758 879 813 δι’
908 757 968 811 δν
998 758 1094 810 καὶ
1117 761 1146 811 6
1170 758 1269 828 τῆς
1302 759 1540 830 κρίσεως
1566 758 1710 824 ἀξιό-

1869 774 1987 821 ιιοιιι
2020 778 2189 824 suam;
2218 765 2272 818 in
2312 770 2580 834 potestate
2613 762 2838 815 haberet
2878 759 3249 814 sententiam?
3299 760 3411 825 Qua

166 856 314 929 χρεώς
344 856 453 905 ἐστι
483 852 655 920 λόγος·
687 853 735 904 εἰ
755 851 936 904 τοίνυν
963 850 1116 904 ταῦθ’
1146 849 1321 915 οὕτως
1349 849 1482 921 ἔχει,
1520 851 1708 907 ἀποδο-

1869 875 1887 915 3
1933 876 2099 918 causa
2143 860 2334 930 judicii
2369 860 2561 914 idonea
2599 869 2684 914 est
2731 856 2999 912 defensio.
3030 856 3161 922 Qua:
3190 871 3312 911 cum
3341 858 3411 910 ita

167 951 249 1019 χῆς
274 947 363 1013 μὲν
398 944 541 1008 ἄξιος
572 945 601 997 ὁ
623 942 697 998 τὰ
729 941 894 999 αὑτοῦ
923 940 1171 1013 πληρῶν·
1213 939 1477 1010 μέμψεως
1504 941 1563 995 δὲ
1617 943 1709 995 καὶ

1873 962 1950 1018 nt,
1982 954 2138 1008 laude
2160 954 2356 1023 dignus
2377 961 2461 1007 est
2487 952 2579 1021 qui
2613 950 2737 1005 talia
2785 963 2978 1019 reapse
3023 957 3359 1018 exsequatur
3396 966 3408 1001 :

167 1038 468 1109 κατηγορίας
516 1037 545 1089 6
576 1037 699 1099 ταῖς
731 1034 966 1103 ἀγαθαῖς
1004 1034 1361 1105 παραινέσεσι
1400 1036 1476 1106 μὴ
1521 1034 1709 1095 πειθό-

1867 1043 1987 1115 ;59
2038 1043 2494 1114 vituperationem
2552 1050 2745 1098 contra
2805 1055 2868 1097 ac
2920 1040 3409 1109 reprehensionem

170 1154 302 1208 μενος
320 1154 333 1167 ο
362 1137 389 1188 6
410 1136 463 1189 δὲ
492 1135 589 1206 τὴν
628 1134 722 1186 τοῦ
754 1132 864 1202 (42)
907 1130 1223 1193 πεισθέντος
1250 1130 1590 1202 κατηγορίαν
1620 1132 1712 1185 ἐπὶ

1881 1140 2126 1199 creatur,
2183 1131 2275 1202 qui
2326 1132 2469 1186 bona
2509 1130 2758 1185 suadenti
2804 1144 2911 1184 non
2964 1137 3173 1197 parcat.
3202 1125 3416 1180 Stultus

166 1212 239 1285 τὸν
259 1231 325 1301 μὴ
350 1230 609 1283 πείσαντα
637 1227 873 1300 τρέπων,
906 1227 1135 1297 ἠλίθιος,
1170 1226 1268 1280 ᾶτε
1298 1227 1393 1278 καὶ
1418 1225 1529 1278 τῶν
1553 1224 1708 1278 θείων

1870 1240 2009 1295 aque
2034 1225 2125 1294 qui
2158 1224 2213 1278 in
2237 1223 2580 1287 suadentem,
2604 1224 2747 1290 quod
2780 1236 2884 1275 non
2919 1219 3265 1289 persuadeat,
3291 1216 3412 1270 ideo

168 1322 372 1376 καὶτῶν
415 1320 771 1392 ἀνθρωπίνων
811 1319 1157 1391 πραγμάτων
1208 1317 1418 1387 ἀγνοῶν
1468 1316 1567 1388 τὴν
1610 1316 1710 1386 φύ-

1871 1311 2273 1374 :cusationem,
2338 1319 2526 1379 utpote
2575 1310 2882 1364 divinarum
2946 1311 3413 1375 humanarumque

170 1432 255 1469 σιν.
1828 1418 2009 1459 rerum
2044 1404 2285 1475 ignarus,
2321 1418 2493 1459 couve
2504 1412 2632 1457 rtat.

427 1524 557 1577 ΚΝ.
598 1553 668 1563 —-
704 1520 1006 1592 ΛΕΟΝΤΙῼ
1036 1519 1416 1589 ΕΠΙΣΚΟΙΙῼ.

2114 1516 2260 1572 XXI.
2285 1547 2357 1558 ——
2396 1515 2704 1572 LEONTIO
2738 1516 3094 1574 EPISCOI’O.

414 1613 666 1668 Priorum
690 1611 1019 1667 sacerdotum
1057 1627 1175 1665 cum
1204 1610 1289 1664 sui
1327 1611 1424 1665 icui
1460 1610 1668 1679 elegans
1707 1618 2055 1678 comparatio.
2104 1608 2230 1665 Vide
2266 1609 2365 1678 in].
2408 1608 2607 1664 similia
2644 1609 2797 1678 epist.
2830 1610 2896 1664 57
2940 1619 2989 1664 et
3032 1610 3155 1666 ηδ.

224 1730 431 1794 Ὄντως,
468 1726 653 1790 καθὼς
686 1724 995 1795 γέγραφας,
1031 1723 1227 1777 πολλα)⁴
1247 1725 1327 1787 εἰς
1348 1723 1447 1785 τὰς
1480 1722 1717 1793 Ἐκκλη-
1754 1776 1766 1795 ι

1899 1722 2017 1778 Non
2047 1736 2236 1792 pauca:
2259 1721 2534 1792 profecto,
2584 1732 2645 1777 ut
2694 1722 2762 1777 ad
2802 1736 2890 1778 me
2916 1724 3307 1793 perscripsisti,
3356 1724 3412 1782 in

169 1824 269 1885 σίας
293 1819 653 1889 ὲπεκώμασαν
681 1818 937 1888 ταραχαί.
967 1816 1144 1872 Ὅπου
1166 1815 1349 1886 γὰρτὸ
1371 1814 1471 1885 τῆς
1495 1816 1711 1886 εἰρήνης

1872 1814 2083 1870 celesiis
2118 1814 2291 1869 turbae
2317 1823 2444 1869 sunt
2472 1815 2744 1884 excitatae.
2798 1814 2904 1871 Ubi
2944 1816 3092 1871 enim
3124 1819 3273 1885 pacis
3316 1834 3414 1874 no-

168 1910 329 1978 ὄνομα,
361 1909 541 1960 ἐκεῖσε
574 1908 646 1960 τά
689 1906 783 1959 τοῦ
811 1905 1052 1975 πολέμου
1084 1905 1224 1976 ἔργα
1255 1905 1489 1975 χορεύει.
1529 1904 1710 1958 Ταῦτα

1870 1918 1974 1970 ten,
2003 1904 2076 1961 ibi
2128 1920 2217 1960 res
2262 1905 2473 1960 bellicae
2521 1914 2776 1976 regnant.
2805 1905 2864 1961 ld
2896 1921 3025 1960 vero
3067 1908 3251 1963 multis
3290 1925 3412 1979 gra—

167 2000 213 2052 δὲ
249 1997 521 2067 συμϐαίνει
551 1998 616 2050 ὲκ
646 1996 741 2049 τοῦ
789 1996 958 2051 πολλά
989 1997 1083 2049 καὶ
1117 1994 1436 2049 παντοδαπά
1462 1994 1709 2065 ἡμαρτῆ-

1872 1996 2091 2066 .busque
2110 2012 2298 2052 eorum
2326 1997 2594 2066 peccatis,
2629 1997 2829 2068 quibus
2859 1997 3088 2054 docendi
3123 1999 3258 2054 alios
3291 2016 3414 2055 mu-

170 2090 273 2145 σθαι
298 2092 404 2153 τοῖς
432 2088 494 2142 τὸ
527 2088 907 2142 διδασκαλικὸν
931 2087 1150 2159 ἀξίωμα
1187 2086 1712 2156 ἐγκεχειρισμένοις·

1871 2103 1928 2143 us
1959 2088 2242 2153 incumbit,
2277 2098 2362 2144 est
2405 2089 2779 2159 imputandum
2819 2105 2832 2141 :
2868 2105 2986 2159 quae
3018 2106 3125 2145 non
3174 2092 3413 2163 singula-

166 2177 227 2237 ὦν
246 2182 298 2234 τὸ
331 2181 450 2237 καθ’
479 2180 540 2235 ἓν
581 2181 771 2245 έάσας,
804 2180 862 2232 ἓν
894 2180 972 2243 εἰς
999 2178 1029 2232 δ
1070 2178 1248 2232 πάντα
1276 2177 1465 2248 βλέπει
1493 2177 1708 2248 γράψω,

1872 2195 1920 2233 m
1946 2178 2429 2235 excutiam.Unum
2461 2181 2755 2245 duntaxat,
2776 2196 2887 2249 quo
2917 2192 3166 2251 Spectant
3190 2193 3412 2250 caetera,

166 2266 369 2344 πρᾶγμα
396 2272 614 2343 ἔντιμον
641 2274 737 2325 καὶ
768 2271 912 2342 μέγα
939 2270 1033 2325 καὶ
1072 2269 1324 2339 λαμπρόν
1350 2286 1363 2300 ·
1398 2270 1493 2322 καὶ
1531 2268 1559 2321 δ
1595 2270 1708 2333 τοὺς

1871 2285 1893 2326 3
1920 2271 2104 2326 multis
2134 2287 2411 2342 maguum,
2433 2272 2809 2327 venerandum
2838 2284 3003 2343 atque
3026 2274 3238 2330 illustre
3261 2290 3413 2331 com-

167 2368 447 2425 ἀποστόλων
485 2368 599 2437 (63)
655 2366 975 2435 συλλόγους,
1008 2365 1083 2429 ὡς
1112 2366 1408 2434 φωστῆρας
1446 2361 1709 2433 πανταχοῖ

1868 2365 2184 2425 ιεη]οι·ιιΙ›ο,ε
2234 2365 2396 2435 idque
2444 2367 2867 2435 apostolicorum
2916 2367 3158 2421 virorum
3209 2378 3410 2423 emtum

165 2460 249 2537 τῆς
268 2459 584 2530 οἰκουμένης
609 2454 750 2511 εἶναι
782 2457 1053 2527 πεποίηκε
1075 2472 1088 2486 ³
1117 2456 1210 2509 νῦν
1241 2455 1556 2528 ρᾳθυμηθὲν
1590 2472 1707 2523 συγ-

1869 2468 1885 2512 ι
1930 2458 2221 2513 luminaria
2255 2473 2354 2527 per
2387 2467 2558 2513 totum
2586 2498 2602 2524 ,
2654 2475 2761 2528 qua
2799 2459 3098 2523 habitatur,
3141 2470 3411 2515 terrarum

166 2552 347 2622 χύσεως
366 2552 631 2621 ἐνέπλησε
660 2549 761 2614 τὰς
804 2548 1132 2619 Ἐκκλησίας
1153 2564 1167 2577 ·
1202 2548 1254 2601 τί
1293 2547 1349 2601 δέ
1379 2550 1495 2600 ἐστι
1524 2546 1708 2612 τοῦτο;

1871 2550 2013 2606 rbem
2044 2550 2352 2615 constituit,
2388 2564 2534 2604 nunc
2567 2550 2623 2605 id
2662 2551 2835 2619 ipsum
2868 2552 3170 2620 neglectum
3229 2550 3413 2606 Eccle-

167 2646 333 2717 φράσω
362 2644 499 2715 μετά
526 2642 843 2715 παρρησίας
866 2681 881 2705 ,
914 2642 1011 2695 καὶ
1045 2643 1155 2712 γὰρ
1180 2640 1287 2693 οὐδ’
1323 2640 1390 2695 ἂν
1418 2639 1594 2702 ἄλλως
1631 2639 1709 2693 δυ-

1876 2655 1938 2697 as
1967 2642 2020 2695 in
2050 2641 2523 2696 conturbationem
2553 2644 2737 2698 vertit.
2782 2642 2920 2707 Quid
2969 2644 3186 2698 tandem
3214 2644 3266 2698 id
3293 2643 3413 2699 est?

165 2735 370 2806 ναίμην·
418 2736 500 2789 ὃτι
541 2735 660 2787 τότε
705 2734 804 2803 μὲν
852 2735 902 2786 οἰ
954 2732 1234 2804 φιλάρετοι
1283 2733 1364 2794 εἰς
1418 2730 1707 2803 ῖερωσύνηη

1870 2732 2061 2802 tquies.
2109 2732 2320 2800 Dicam,
2360 2749 2536 2803 neque
2583 2734 2730 2790 enim
2780 2736 2942 2789 aliter
2967 2750 3188 2805 queam,
3221 2736 3412 2793 libere.

164 2829 456 2899 προήγοντο,
488 2828 608 2880 νυνὶ
635 2826 693 2880 δὲ
721 2828 771 2879 οἱ
810 2826 1169 2897 φιλάργυρον
1200 2825 1321 2879 τότε
1352 2825 1403 2878 οἰ
1430 2823 1706 2895 φεύγοντες

1868 2823 2278 2894 ruandoquidem
2317 2826 2520 2881 virtute
2552 2835 2663 2880 tum
2702 2828 2910 2897 praediti
2941 2828 3250 2882 sacerdotio
3282 2838 3410 2882 sunt

162 2920 214 2973 τὸ
239 2922 455 2992 πρᾶγμα
481 2919 575 2974 διὰ
602 2921 663 2973 τὸ
696 2918 925 2991 μέγεθος
958 2920 1058 2990 τῆς
1086 2919 1283 2989 ἀρχῆς,
1312 2917 1408 2971 νῦν
1445 2917 1502 2970 δὲ
1527 2918 1581 2971 οἰ
1601 2919 1704 2971 ἐπι-

1874 2913 2030 2970 imoti
2068 2932 2083 2968 :
2128 2931 2274 2970 nunc
2302 2930 2434 2972 vero
2461 2919 2611 2971 avari
2646 2934 2710 2975 ac
2748 2917 2994 2989 pecunia:
3023 2919 3226 2988 cupidi.
3261 2917 3416 2974 Tunc

165 3012 412 3082 πηδῶντες
437 3010 519 3083 τῷ
546 3012 830 3082 πράγματι
855 3050 870 3073 ,
891 3010 979 3064 διὰ
1010 3009 1072 3063 τδ
1096 3009 1325 3080 μέγεθος
1351 3009 1449 3079 τῆς
1477 3009 1707 3081 τρυφῆς.

1875 3006 2053 3078 aperia
2105 3007 2505 3077 dignitatesque
2557 3010 2627 3064 ob
2677 3010 2755 3064 rei
2806 3010 3236 3080 magnitudinem
3261 3010 3417 3065 defu-

162 3104 279 3157 Τότε
318 3108 363 3159 οἱ
396 3104 757 3177 ἀκτημοσύνῃ
780 3104 1009 3176 ἑκουσίῳ
1041 3103 1485 3174 ὲναϐρυνόμενοι,
1519 3100 1638 3155 νυνὶ
1660 3101 1704 3154 δὲ

1871 3098 2069 3163 iebant,
2119 3106 2179 3153 ut
2220 3098 2620 3166 Nazianzenus,
2675 3101 3129 3171 Chrysostomus,
3175 3112 3231 3159 et
3279 3103 3413 3173 alii;

162 3198 203 3249 oi
238 3197 509 3270 πλεονεξίᾳ
552 3197 787 3267 ἑκουσίῳ
836 3195 1335 3267 χρηματιζόμενον
1376 3194 1498 3247 τότε
1526 3194 1577 3247 οἰ
1613 3192 1704 3265 πρί

1873 3204 1971 3245 unc
1988 3203 2119 3244 vero
2137 3204 2201 3245 ex
2224 3200 2417 3260 sponte
2438 3202 2745 3259 assumunt,
2764 3193 2837 3248 ob
2856 3193 3174 3249 deliciarum
3202 3193 3415 3262 copiam

162 3288 427 3360 ὀφθαλμῶν
460 3291 682 3361 ἔχοντες
730 3289 793 3342 τὸ
826 3288 969 3342 θεῖον
998 3289 1353 3359 δικαστήριον
1377 3325 1392 3350 ,
1427 3286 1547 3339 νυνὶ
1579 3285 1637 3339 δὲ
1671 3302 1699 3339 o

1872 3292 1993 3355 tque
2019 3284 2303 3339 invadunt.
2336 3282 2493 3339 Tunc
2521 3284 2825 3339 voluntaria
2868 3293 3185 3354 paupertate
3213 3284 3414 3355 gioria-

164 3383 279 3454 μηδὲ
303 3383 506 3439 ἔννοιαν
532 3383 724 3436 τούτου
752 3381 964 3453 ἔχοντες
985 3398 999 3413 ο
1035 3382 1157 3434 τότε
1180 3382 1229 3434 οἰ
1259 3379 1562 3433 τύπτεσθαι
1586 3394 1602 3411 ·
1626 3378 1706 3432 νῢη

1876 3385 2064 3443 antur;
2109 3391 2256 3432 nunc
2299 3375 2531 3432 habendi
2578 3378 2877 3449 cupiditate
2924 3387 3223 3451 smntanea
3267 3392 3418 3447 qua:-

160 3470 208 3524 δὲ
232 3473 275 3525 οἰ
291 3472 513 3527 τύπτειν
536 3472 744 3543 ἕτοιμοι
768 3490 784 3505 ·
817 3473 912 3525 καὶ
939 3471 993 3524 τί
1014 3471 1183 3524 δεῖτά
1199 3470 1372 3524 πολλά
1390 3469 1571 3538 λέγειν
1596 3486 1611 3536 ;
1634 3485 1701 3540 με

1876 3484 1974 3524 ,υω
2036 3467 2268 3525 faciunt.
2335 3466 2491 3524 Tunc
2539 3469 2635 3524 Dei
2680 3468 2945 3538 iudicium
2973 3477 3101 3524 ante
3133 3469 3321 3524 oculos
3349 3468 3418 3525 iis

161 3566 557 3618 τατιεπτωκέναι
582 3563 772 3617 λοιπὸν
806 3562 869 3616 τὺ
904 3562 1125 3633 ἀξίωμα
1156 3560 1336 3628 ἔδοξεν
1369 3560 1478 3615 ἀπὸ
1503 3558 1701 3631 ἰερωσύ

1875 3564 2146 3619 irsabatur
2171 3580 2188 3619 :
2213 3577 2359 3619 nunc
2393 3577 2462 3618 ne
2493 3562 2737 3631 cogitant
2761 3562 2983 3632 quidem
3021 3564 3087 3618 de
3116 3562 3229 3616 illo.
3259 3560 3417 3616 Tunc

160 3656 329 3723 νηςείς
351 3654 646 3727 τυραννίδα
661 3670 676 3685 ⁸
696 3654 804 3709 ἀπὸ
817 3654 1325 3726 ταπεινοφροσύνης
1342 3654 1422 3716 είς
1438 3653 1702 3723 ὑπερηφα·

1867 3672 1988 3727 agra
2032 3656 2273 3727 perpeti;
2325 3671 2470 3712 nunc
2511 3655 2737 3711 verbera
2778 3654 3024 3725 inﬂigere
3054 3655 3254 3725 parati.
3297 3654 3409 3710 Sed

159 3742 289 3798 νίαν·
328 3745 719 3817 ἀπδλνηστείας
752 3747 833 3810 εἰς
861 3746 1106 3818 τρυφὴν,
1149 3746 1260 3800 ἀπὸ
1294 3745 1611 3817 οἰκονομίας
1642 3746 1701 3799 είς

1876 3747 1956 3802 aid
2008 3746 2255 3816 pluribus
2299 3756 2386 3802 est
2421 3746 2596 3817 opus?
2633 3745 2916 3803 Recidisse
2956 3747 3069 3816 jam
3125 3745 3418 3801 sacerdotii

160 3832 450 3890 δεσποτείαν
471 3853 487 3868 ·
541 3836 603 3890 οὐ
633 3836 745 3909 γὰρ
782 3837 857 3901 ὡς
895 3837 1174 3907 οἰκονόμοι
1208 3836 1424 3901 ἀξιοῦσι
1460 3838 1685 3892 διοικεῖν

1874 3840 2145 3911 ιεηὶιοιοηι
2170 3840 2240 3896 ad
2268 3838 2535 3908 regnandi
2574 3838 2889 3909 cupidinem
2935 3847 3182 3909 apparet,
3207 3839 3277 3894 ab
3312 3839 3416 3892 bu-

160 3923 258 3977 ἀλλ’
288 3926 360 3990 ὡς
398 3926 658 3981 δεσπόται
697 3926 1131 3998 σφετερίζεσθαι.
1175 3927 1364 3980 Ταῦτα
1395 3927 1453 3981 δὲ
1481 3927 1545 3980 οὐ
1581 3926 1702 3981 κατὲ

1875 3932 2057 3988 ilitate
2089 3933 2158 3988 ad
2192 3931 2533 4002 superbiam,
2582 3946 2613 3986 a
2661 3931 2873 4002 jejunio
2913 3931 2983 3986 ad
3020 3930 3243 3987 delicias
3291 3946 3417 4001 pro-

160 4017 356 4071 πάντων
396 4021 615 4090 εἴρηται
636 4058 653 4084 ,
682 4018 820 4073 ἀλλά
847 4017 989 4072 κατά
1031 4018 1143 4075 τῶν
1177 4019 1378 4089 ἐνόχων
1400 4034 1419 4051 ο
1469 4018 1578 4072 εἰσὶ
1606 4019 1702 4091 γάγ

1874 4038 2057 4094 psam,
2104 4038 2135 4077 a
2181 4022 2590 4092 dispensatione
2636 4022 2873 4093 denique
2901 4024 2968 4076 ad
2993 4021 3295 4077 dominium
3319 4037 3416 4078 ve-

160 4106 281 4163 είσιν
307 4108 353 4161 οῖ
383 4108 530 4167 κατά
558 4108 649 4163 τὸν
682 4109 1042 4164 ἀποστολικδν
1076 4110 1175 4181 μὲν
1204 4109 1342 4173 ζῶσι
1373 4108 1701 4181 χαρακτῆρα

1873 4117 1995 4172 isse.
2030 4113 2149 4171 Non
2174 4115 2320 4170 enim
2353 4123 2414 4169 ut
2457 4113 2860 4184 dispensatores
2887 4114 3272 4169 administrare
3300 4128 3415 4168 rem

164 4198 300 4269 ῥῆξαι
328 4201 382 4253 δὲ
409 4201 596 4273 φωνὴν
628 4201 706 4275 μὴ
720 4202 1034 4272 τολμῶντες
1053 4218 1068 4234 ο
1100 4204 1150 4256 εἰ
1179 4203 1275 4257 καὶ
1299 4203 1420 4258 λίαν
1447 4205 1554 4257 εἰσί
1582 4204 1706 4259 κατέ

1874 4208 2040 4271 )lunt,
2082 4206 2178 4261 sed
2222 4216 2281 4259 ut
2328 4204 2537 4259 domini
2567 4205 2674 4259 sibi
2716 4204 2936 4275 propria
2967 4205 3261 4260 vindicant.
3291 4203 3416 4260 llzcc

160 4289 296 4345 τοῦτο
325 4295 483 4364 μόνον
518 4296 790 4365 μεμπτοὶ,
816 4296 901 4349 ὅτι
927 4295 1225 4360 δεδοικότες
1262 4296 1371 4351 τῶν
1407 4296 1702 4351 ἀκολάστως

1871 4311 1955 4352 ero
1987 4310 2097 4350 non
2134 4295 2187 4375 in
2216 4308 2405 4349 omnes
2427 4293 2571 4348 dicta
2600 4293 2733 4361 sint,
2767 4295 2860 4349 sed
2888 4294 2940 4348 in
2974 4309 3097 4349 reos
3122 4308 3186 4349 ac
3211 4303 3413 4349 sontes.

159 4380 457 4455 τδπλῆθος,
494 4389 557 4441 τό
594 4405 658 4457 γε
698 4390 780 4453 εἰς
818 4389 1015 4452 αὐτοὺς
1049 4384 1209 4461 ⁴ἧκον,
1242 4389 1343 4460 τῆς
1376 4389 1701 4463 τηλικαύτης

1870 4398 1964 4445 unt
1984 4388 2149 4453 enim,
2191 4396 2338 4452 sunt,
2362 4386 2607 4455 inquam,
2633 4386 2727 4455 qui
2760 4387 2922 4441 hodie
2949 4387 3018 4441 ad
3055 4386 3412 4457 apostolicam

159 4471 471 4547 διορθώσεως
504 4480 578 4550 ἀμ
588 4480 791 4536 ελοῦσ..
1266 4472 1277 4485 ’

1872 4483 2026 4537 ivunt
2063 4493 2538 4545 normam,voccm
2569 4488 2749 4533 tamen
2772 4478 3020 4534 emittere
3033 4495 3137 4533 non
3155 4478 3412 4532 audeant.

160 4567 262 4637 Quo
298 4574 457 4629 etiam
509 4585 638 4630 sunt
680 4577 898 4630 nomine
937 4577 1278 4646 potissimum
1330 4577 1668 4648 improbandi
1693 4620 1709 4643 ,
1744 4577 1891 4649 quod
1963 4576 2337 4648 improborum
2389 4574 2553 4629 veriti
2616 4574 3043 4641 multitudinem,
3076 4573 3220 4645 quod
3246 4572 3416 4629 ofﬁcii

160 4669 233 4715 cst
266 4663 526 4734 ipsorum,
568 4678 762 4734 nempe
805 4667 1111 4736 huiusmodi
1137 4669 1429 4737 corripere,
1463 4669 1517 4725 id
1542 4670 1853 4742 negligunt.

408 4780 543 4833 KB‘.
580 4809 651 4820 -
683 4778 939 4834 ΔΑΝΙΗΛ
964 4780 1451 4851 aerumnam.
1831 4804 1844 4813 ο

1831 4804 1844 4813 ο
1972 4775 1985 4783 ’
2096 4780 2264 4835 XXII.
2301 4779 2653 4837 —DANIELI
2682 4782 3159 4841 PRESBYTERO.

1248 4869 1630 4940 Ignoscendum
1660 4872 1816 4926 etiam
1860 4889 1961 4927 non
1992 4874 2304 4943 postulanti.

219 4984 276 5037 Εἰ
304 4985 398 5040 καὶ
440 4987 473 5040 6
501 4986 793 5059 χρεωστῶν
827 5003 910 5039 σοι
956 4985 1251 5055 ἀπολογίαν
1294 4985 1422 5040 οὔτε
1471 4988 1721 5041 ἀπαιτεῖο

1908 4988 2045 5058 Etsi,
2081 4991 2174 5060 qui
2209 5001 2262 5045 te
2293 4990 2540 5056 oﬂendit,
2597 5005 2773 5061 neque
2809 4992 3023 5045 veniam
3051 5007 3080 5045 a
3130 5001 3181 5046 te
3230 5003 3421 5062 postu-

156 5089 236 5128 ται
268 5075 373 5129 ἀπὸ
398 5076 517 5143 σοῦ,
557 5076 682 5131 οὔτε
714 5077 972 5148 ἄγχεταιο
1002 5077 1081 5131 διὸ
1109 5077 1205 5153 καί
1232 5078 1395 5142 αὐτὸς
1425 5078 1698 5145 ἀπολογία

1871 5090 1926 5149 ιι,
1968 5096 2033 5137 ac
2081 5098 2148 5136 ne
2196 5093 2479 5154 propterea
2527 5084 2743 5154 quidem
2790 5086 3052 5155 angitur:
3100 5084 3241 5139 unde
3271 5095 3324 5139 et
3360 5096 3413 5137 tu

157 5163 250 5234 ἡγῇ
278 5165 419 5236 ἔχειν
442 5168 537 5221 τοῦ
574 5170 649 5240 μὴ
680 5168 873 5239 ἐκείνῳ
909 5169 1392 5241 συγκεχωρηκέναι
1422 5170 1482 5221 τὸ
1508 5170 1619 5223 τῶν
1642 5172 1699 5222 εἰ,

1871 5190 2092 5232 tcusare
2130 5186 2180 5230 te
2215 5192 2376 5245 posse
2421 5177 2641 5243 videris,
2699 5193 2804 5233 non
2854 5178 3112 5247 impensa:
3151 5178 3413 5233 hactenus

161 5254 211 5306 σὲ
242 5261 589 5330 πταισμάτων
633 5262 811 5333 χρέος,
853 5263 970 5316 ἀλλ’
1011 5263 1174 5327 αὐτὸς
1211 5264 1305 5315 καὶ
1357 5263 1432 5333 μὴ
1464 5280 1703 5335 παρακα-

1868 5266 1900 5318 li
1953 5266 2004 5319 in
2041 5276 2092 5321 te
2148 5268 2565 5322 commissorum
2608 5269 2817 5322 venite:
2852 5278 2905 5320 tu
2967 5278 3143 5322 tamen
3196 5269 3409 5323 veniam

158 5342 354 5416 λοῦντι,
388 5354 526 5425 μηδὲ
556 5355 892 5428 συγγνώμην
920 5355 1162 5410 αἰτοῦντι
1207 5355 1349 5409 δίδου
1383 5355 1590 5426 ταύτην
1613 5395 1631 5421 ,
1665 5374 1700 5409 εκ

1866 5357 1920 5421 li,
1960 5356 2087 5411 licet
2123 5372 2243 5412 eam
2304 5372 2408 5412 non
2455 5357 2679 5427 rogeris,
2704 5366 2797 5411 aut
2838 5355 3114 5427 efllagitct,
3154 5356 3408 5428 indulge;

1252 5509 1486 5566 VARIIE
1524 5509 1908 5567 LECTIONES
1947 5509 2032 5566 ET
2064 5509 2298 5566 NOTAE.

163 5734 175 5743 Ι
226 5664 329 5735 (42)
366 5666 506 5746 inter
542 5668 637 5722 τοῦ
683 5677 741 5746 et
790 5669 1102 5732 πεισθέντος
1148 5670 1302 5724 codd.
1348 5665 1512 5723 iidem
1556 5667 1705 5722 ambo

1868 5677 1963 5746 unt
2003 5667 2409 5746 ἀποστολικούςτ
2430 5738 2442 5746 _
2468 5668 2623 5746 Vers.
2668 5668 2887 5746 inde_4,
2908 5679 3066 5746 _ante
3093 5668 3409 5746 ,ἱερωσύνην

162 5738 389 5811 inser-put
422 5739 516 5808 μή.
553 5740 757 5811 possin.
929 5809 939 5811 _
1006 5809 1045 5811 υ
1386 5808 1438 5811 μ,
1680 5809 1688 5811 Α

1680 5809 1688 5811 Α
1828 5739 1984 5795 codd.
2017 5739 2134 5795 Vat.
2168 5738 2273 5795 650
2301 5749 2356 5797 ct
2382 5738 2491 5798 Alt.
2521 5740 2724 5797 addunt
2754 5740 2873 5811 τήν.
2906 5738 2982 5796 lu.

227 5804 332 5877 (i3)
370 5804 811 5865 ι’ὲοάποστόλων
843 5809 963 5866 cod.
1004 5809 1122 5866 Vat.
1156 5808 1259 5866 650
1291 5808 1540 5883 etSl'ort.
1586 5809 1723 5866 scri-
