3906 6416
461 308 596 373 1339
1634 319 1696 379 S.
1736 320 1996 381 ISIDOR

2176 323 2511 383 LUSIOTAZ
3593 329 3718 399 1340

455 429 502 480 si
555 424 669 481 fieri
714 435 909 496 potest,
953 430 1261 498 quempiam
1310 431 1378 485 ad
1421 447 1547 486 eum
1596 434 1898 500 mittendo;
1942 436 1997 489 si

2171 437 2232 490 ,év
2277 436 2536 503 δυνατὸν,
2579 436 2788 490 ἐκεῖνον
2841 438 3382 509 μεταπεμψάμενοςο
3421 443 3474 494 sl
3521 442 3582 495 δὲ
3627 446 3713 516 μὴ,

457 514 656 579 minus,
687 514 738 569 in
764 517 945 570 animo
973 527 1064 572 tuo
1094 519 1167 572 illi
1201 520 1446 584 remitte,
1484 532 1540 576 et
1566 523 1674 577 noli
1702 524 1873 578 videri
1911 525 1999 578 imi

2174 524 2282 577 ,ατὰ
2309 525 2526 590 σαυτὸν,
2561 526 2656 578 καὶ
2684 525 2760 595 μὴ
2789 525 2907 596 (Mr)
2942 526 3133 595 φαίνου
3166 529 3308 598 δρῶν
3335 530 3404 584 τὰ
3437 533 3550 584 τῶν
3585 514 3716 603 and.

457 614 598 659 tatus
647 620 762 668 eos,
809 610 1097 663 commissa
1136 609 1188 662 in
1243 626 1302 664 se
1351 611 1537 666 ulcisci
1573 613 1662 683 qui
1705 613 1888 668 velint.
1944 615 1999 668 Si

2175 615 2328 668 εσθαι
2362 616 2774 687 ἐπιθυμούντων
2801 634 2816 650 ·
2845 617 2989 671 οὕτω
3016 618 3130 689 γὰρ
3166 623 3415 687 κάκεῖνος
3457 625 3717 690 αἰδεσθείς

453 695 598 751 enim
638 705 696 752 et
725 696 814 751 ille
834 697 904 752 ob
930 708 1075 752 tuam
1109 701 1317 755 vivendi
1367 704 1627 757 rationem
1669 703 1862 759 rubore
1899 720 1995 759 con

2172 723 2236 757 ου
2265 706 2363 776 τὴν
2396 707 2739 776 φιλοσοφίαν,
2767 707 2962 763 ἑαυτὸν
2987 710 3300 782 ἀμυνεῖται,
3347 713 3424 778 ὡς
3459 716 3604 787 ἁγίῳ
3628 719 3714 771 ἀν-

453 787 627 853 fusus,
668 802 728 843 se
771 789 884 858 ipse
920 791 1233 857 ulciscatur,
1268 802 1328 846 ut
1371 804 1564 850 sancto
1592 794 1714 850 viro
1759 795 1995 851 infensus

1194 808 1233 857 r,
1268 802 1328 846 ιιι
1371 804 1564 850 sancto
1592 794 1714 850 viro
1759 795 2027 853 infensus.
2134 796 2224 867 6pi.
2257 798 2736 869 προσκεκρουκώς.

587 899 748 971 560
781 902 967 957 XXIII.
995 935 1067 945 —
1090 903 1479 963 TIIEODOSIO
1531 907 1887 966 EPISCOPO.

1882 951 1887 964 .
2414 914 2543 968 Kl".
2581 944 2654 955 —
2688 914 3018 988 θΕοΔοΣιᾳ
3053 896 3424 991 Εηιεκοηᾳζ

664 1013 730 1069 In
759 1020 964 1086 magnis
999 1021 1074 1074 vel
1106 1021 1329 1076 voluisse
1361 1032 1444 1077 sat
1477 1033 1572 1079 est.
1607 1023 1675 1079 Ut
1708 1026 1876 1080 desint
1915 1027 2068 1092 vires,
2102 1034 2275 1080 tamen
2299 1034 2377 1081 est
2408 1024 2680 1080 laudanda
2719 1027 2984 1084 voluntas.
3017 1027 3147 1084 Vide
3184 1032 3338 1099 epist.
3373 1032 3504 1087 ‘85.

521 1128 677 1184 Vinci
721 1131 790 1184 ab
831 1133 934 1188 illis
983 1136 1145 1190 rebus
1186 1146 1340 1206 turpe
1367 1153 1471 1192 non
1502 1148 1608 1203 est,
1649 1155 1783 1210 quas
1807 1141 2028 1210 exsequi

2204 1143 2321 1196 Οὐκ
2351 1141 2576 1213 αίσχρδν
2612 1142 2880 1212 ἡττᾶσθαι
2906 1143 3149 1211 τούτων,
3184 1138 3260 1199 ὧν
3300 1147 3583 1218 ἀμήχανον
3617 1168 3710 1203 πε-

450 1219 680 1272 ardunm
726 1219 799 1275 sit
849 1236 916 1276 ac
958 1225 1296 1292 perdifficile.
1355 1226 1498 1282 Cave
1532 1228 1697 1299 igitur
1746 1239 1992 1300 superato

2167 1235 2365 1287 πιεῖναιι
2415 1232 2491 1304 μὴ
2541 1233 2725 1287 τοίνυν
2772 1234 2910 1305 μηδὲ
2955 1234 3118 1298 αὐτὸς
3173 1237 3445 1306 ἡττᾶσθαι
3483 1239 3709 1311 νομίσῃς

449 1310 662 1377 credas,
705 1313 797 1383 qui
843 1315 952 1370 tuis
1005 1315 1254 1373 laudibus
1298 1319 1656 1389 pradicandis
1691 1320 1911 1390 dignum
1949 1327 1991 1376 al

2167 1323 2261 1386 οὺς
2303 1323 2416 1386 τοῖς
2465 1323 2578 1386 σοῖς
2609 1322 2854 1388 ἐπαίνοις
2898 1324 3025 1389 τοὺς
3076 1324 3270 1393 λόγους
3323 1327 3587 1392 ἐξισῶσαι

449 1401 592 1457 ferre
622 1413 892 1472 nequeant
923 1407 1272 1475 praeconium,
1318 1410 1412 1464 sed
1452 1410 1731 1465 voluntate
1776 1421 1991 1482 suscept

2166 1413 2481 1485 υναμένους,
2502 1414 2640 1468 ἀλλὰ
2656 1415 2752 1486 τὴν
2767 1415 3081 1488 προαίρεσιν
3099 1419 3498 1488 ἀποδεχόμενος
3519 1424 3708 1489 συγγί-

450 1494 811 1553 imbecillitati
861 1499 1097 1568 ignosce.
1154 1500 1342 1558 Melius
1379 1501 1523 1557 enim
1553 1518 1677 1560 esse
1711 1504 1992 1560 existiman

2164 1521 2304 1559 ωσκε
2337 1508 2405 1575 τῇ
2434 1506 2742 1577 άσθενενίᾳ.
2785 1508 3044 1578 ’Ἄμεινον
3070 1508 3179 1578 γὰρ
3207 1510 3504 1580 ἡγούμενοι
3535 1513 3600 1565 τὺ
3625 1514 3706 1565 ὲν-

450 1587 726 1651 mortales.
757 1588 935 1646 minus
965 1589 1193 1656 dixisse,
1227 1607 1388 1662 quam
1416 1595 1759 1666 negligentia;
1790 1606 1992 1652 contem

2161 1596 2259 1660 εῶς
2300 1597 2504 1667 φράσαι
2535 1597 2630 1650 τοῦ
2664 1597 2960 1670 ὀλιγωρίας
2989 1601 3209 1672 γραφὴν
3239 1601 3574 1674 ὑποστῆναι,
3605 1621 3703 1658 κα-

447 1687 678 1746 ptusque
727 1679 1152 1746 accusationem,
1195 1683 1348 1750 quasi
1399 1683 1589 1754 ingens
1633 1686 1859 1740 nimium
1913 1685 1989 1740 sin

1633 1686 1859 1740 nimium
1913 1685 2023 1740 sint
2055 1747 2092 1763 ﬁ
2123 1689 2468 1759 τατολμῶσιν
2495 1690 2788 1760 ἀνεφίκτου
2817 1691 3159 1763 πράγματος.

446 1768 717 1837 negotium
751 1770 1013 1841 aggressi,
1039 1747 1332 1827 sustinere.
1458 1747 1485 1754 v
2053 1747 2094 1802 Β

683 1881 873 1943 XXIV.
901 1917 973 1926 —
1003 1884 1260 1942 ZOZIMO
1287 1887 1772 1944 PRESBYTERO.
2032 1895 2040 1904 '

2032 1895 2040 1904 ι
2401 1887 2528 1940 ΚΔ’.
2565 1915 2633 1926 -
2671 1884 2921 1956 summa
2954 1885 3421 1961 ΠΡΕΣΒΥΤΕΣῼ.

897 1998 1001 2064 Qui
1025 1996 1105 2052 bis
1141 1999 1194 2054 in
1216 2000 1453 2055 eumdem
1493 2001 1730 2071 impingit
1761 2001 2008 2070 lapidem,
2051 2017 2153 2056 non
2179 2008 2405 2054 meretur
2432 1998 2653 2051 veniam.
2679 1995 2895 2065 Confer.
2922 1999 3077 2066 epist.
3111 1999 3236 2053 567.

509 2109 785 2181 anerum
833 2119 984 2167 tuum
1023 2111 1280 2167 delictum
1325 2112 1412 2166 illa
1456 2114 1671 2168 occasio
1707 2113 2010 2180 excusavit,

2193 2111 2268 2164 Τὸ
2328 2109 2427 2179 μὲν
2482 2108 2751 2180 πρότερόν
2809 2126 2904 2163 σου
2952 2111 3367 2183 παρανόμημα,
3427 2114 3693 2184 πρόφασις

439 2204 582 2271 quod
617 2203 842 2257 fratrem
864 2205 1016 2257 visus
1039 2216 1190 2258 esses
1216 2201 1524 2259 defendere.
1559 2204 1686 2260 llaec
1723 2221 1853 2261 vero
1883 2205 1981 2276 legi

2152 2201 2400 2272 ὑπρεπὴς
2423 2202 2596 2255 ἐδόκει
2626 2203 2799 2255 ποιεῖν
2824 2202 3168 2270 συγγνωστὸν
3195 2205 3224 2256 ὁ
3245 2203 3474 2272 ἁδελφός
3497 2223 3591 2258 σου
3616 2208 3692 2260 ἐκ-

438 2293 810 2362 ιηίιινιιτίοιιιίο
857 2293 1064 2348 nullum
1113 2303 1291 2349 tamen
1343 2294 1562 2366 prazfert
1619 2306 1941 2366 prietextum

2151 2289 2434 2358 εδικῆσθαι
2471 2288 2860 2358 νομιζόμενος·
2890 2287 2985 2341 τοῦ
3012 2289 3069 2342 δὲ
3097 2289 3195 2343 νῦν
3226 2294 3690 2363 παρανομήματος

435 2384 544 2438 ἰιιιο
575 2393 628 2439 et
655 2385 836 2451 priore
866 2385 1019 2438 venia
1057 2386 1330 2440 excidisti.
1379 2386 1434 2440 Si
1481 2388 1626 2441 enim
1678 2387 1788 2442 laesi
1829 2388 1977 2443 fratri

2153 2381 2274 2433 ύδὲν
2321 2379 2564 2433 τοιοῦτον
2613 2378 2760 2449 ἔχεις
2805 2379 3219 2451 παραπέτασμα
3240 2383 3271 2447 ,⁸
3291 2382 3434 2435 ἀλλὰ
3472 2385 3570 2436 καί
3605 2385 3693 2454 τῆς

436 2475 511 2528 tui
535 2477 708 2545 gratia
738 2475 888 2544 prius
916 2476 982 2531 de
1004 2475 1111 2531 alio
1136 2477 1413 2546 sumpsisti
1446 2478 1767 2543 vindictam,
1789 2493 1895 2549 qua
1926 2493 1978 2532 ra

2150 2471 2392 2542 προτέρας
2424 2470 2759 2540 συγγνώμης
2798 2471 3055 2534 ὲξέπεσες
3075 2489 3089 2503 ο
3134 2474 3184 2524 εί
3209 2470 3317 2543 γὰρ
3345 2473 3439 2526 διὰ
3471 2474 3565 2528 τὸν
3590 2477 3692 2529 ast.

431 2566 580 2620 tione
607 2565 781 2635 ipsum
810 2579 972 2629 nunc,
1001 2578 1163 2634 quem
1193 2579 1224 2618 a
1261 2575 1315 2620 te
1343 2575 1741 2636 propugnatum
1771 2565 1973 2621 asseris

2153 2562 2355 2632 τιθέντα
2383 2579 2478 2614 σου
2512 2561 2741 2631 ἀδελφὸν
2772 2560 2965 2632 πρώην
2988 2562 3222 2632 ἡμύνου,
3246 2565 3365 2630 πῶς
3392 2565 3561 2620 αὑτὸν
3588 2569 3692 2621 νυνὶ

431 2655 625 2710 lmdere
657 2656 849 2710 iterum
874 2669 941 2710 ac
969 2669 1064 2724 per
1091 2655 1272 2710 omnia
1313 2656 1592 2724 exagitare
1623 2656 1847 2712 minime
1878 2672 1973 2711 eru

2150 2654 2206 2707 δν
2231 2653 2372 2724 ὑπὲρ
2401 2644 2463 2705 οὗ
2495 2653 2638 2720 τότε,
2674 2654 2751 2716 ὡς
2780 2654 2908 2723 φῂς,
2950 2653 3160 2724 ὴμύνου
3188 2655 3396 2710 ἀδικῶν
3421 2659 3517 2712 καὶ
3545 2659 3692 2712 ἐλαύ-

429 2743 606 2800 bcscis
629 2746 651 2799 ?
678 2743 1024 2800 Manifestum
1055 2745 1182 2801 hinc
1213 2747 1396 2802 evadit
1439 2756 1496 2802 et
1539 2748 1644 2803 hoc
1675 2749 1798 2803 data
1830 2748 1924 2804 abs
1953 2760 1971 2804 t

2150 2761 2217 2798 ων
2277 2742 2540 2797 πάντοθεν
2586 2743 2688 2796 οὐκ
2749 2742 3012 2815 αἰσχύνῃς
3069 2745 3239 2815 Δῆλος
3291 2749 3478 2802 τοίνυν
3545 2750 3692 2818 γέγο·

425 2849 592 2901 opera
616 2833 989 2890 commissum.
1021 2834 1123 2901 Qui
1170 2837 1313 2890 enim
1341 2836 1498 2892 fratri
1539 2853 1644 2893 non
1691 2837 1890 2907 parcit,
1936 2853 1966 2892 a

2144 2852 2205 2898 ας
2231 2835 2429 2904 (ιδγικ
2450 2832 2643 2886 τούτου
2673 2834 2898 2887 κάκεῖνο
2928 2835 2994 2888 ὲκ
3021 2837 3401 2907 προαιρέσεως
3425 2842 3686 2910 ποιήσαςσ

427 2923 658 2980 aliorum
683 2924 880 2995 injuria
911 2926 1182 2996 quomodo
1219 2925 1325 2982 sibi
1355 2928 1758 2996 temperaverit.

2164 2925 2273 2996 γάρ
2295 2924 2526 2994 ἀδελφοῦ
2559 2923 2637 2996 μὴ
2659 2924 2995 2996 φειδόμενος,
3028 2925 3147 2991 πῶς
3167 2927 3234 2981 ἂν
3251 2929 3537 3001 ἀλλοτρίου
3563 2931 3693 2997 ἑφεί.

2151 3032 2273 3060 ατοε

2113 3032 2276 3082 σατο;

493 3121 662 3183 XXV.
709 3155 784 3167 —
838 3125 1243 3268 lllERACIQN}
1279 3126 1377 3274 (
1434 3143 1647 3188 meum
1709 3144 1936 3186 nucoxo

1057 3214 1092 3252 ιι
1159 3215 1210 3253 ιη
1241 3217 1298 3254 ra
1343 3240 1358 3256 ο

1709 3144 1936 3186 nucoxo
2566 3129 2695 3183 ΚΕΛ
2743 3156 2816 3170 -
2855 3127 3231 3185 1ΕΡΑΚΙΩΝ1.

1057 3214 1115 3253 ιιι
1159 3214 1298 3256 intra
1320 3214 1358 3256 I.

1610 3320 1842 3375 Mundus
1881 3315 2147 3372 muliebris
2183 3313 2298 3384 quis
2330 3327 2500 3367 verus.

491 3427 678 3498 Neque
701 3443 964 3499 purpura,
999 3432 1187 3502 neque:
1217 3432 1561 3502 splendentes
1609 3447 1834 3502 gemmae
1879 3445 2011 3484 auro

2180 3423 2293 3494 Οὐχ
2336 3422 2659 3493 ὑφάσματος
2684 3422 2950 3494 ἁλουργὲς
2972 3419 3125 3488 αἶθος
3144 3465 3161 3492 ,
3193 3425 3316 3479 οὐδὲ
3357 3425 3527 3481 λίθων
3572 3444 3688 3482 ποι-

420 3519 662 3575 admistae
694 3535 823 3577 vere
871 3519 1118 3577 efficiunt
1165 3526 1422 3578 mundum
1454 3523 1794 3578 muliebrem.
1823 3519 1958 3574 Mult

2149 3516 2274 3570 ίλων
2298 3514 2474 3584 αὐγὰς
2495 3515 2632 3586 πρὸς
2665 3514 2866 3585 χρυσὸν
2889 3517 3251 3587 κερασθείσας
3274 3519 3484 3590 κόσμον
3509 3538 3689 3587 γυναι-

427 3611 576 3666 enim
614 3611 810 3682 ineptae
857 3621 1120 3668 matronae
1161 3615 1306 3670 hunc
1351 3616 1682 3686 vestigantes
1728 3624 1969 3669 ornatum

2147 3607 2200 3672 δς
2230 3603 2373 3662 εἶναι
2422 3607 2709 3678 νομιστέον
2730 3625 2745 3638 ο
2779 3606 2974 3661 πολλαὶ
3007 3608 3116 3679 γὰρ
3157 3610 3270 3664 τῶν
3309 3611 3689 3683 ἀπειροκάλων

421 3705 607 3759 invisa:
649 3713 814 3774 atque
845 3705 1046 3760 odiosae
1078 3707 1399 3776 coniugibus
1423 3706 1669 3762 redditae.
1724 3709 1795 3760 At
1833 3705 1963 3759 anin

2145 3700 2202 3753 αἱ
2248 3700 2457 3769 κόσμον
2504 3698 2744 3752 τοιοῦτον
2787 3699 3161 3770 θηρωμένων,
3211 3707 3549 3774 προσκορεὶξ
3599 3706 3687 3760 καὶ

416 3807 662 3864 ornatus,
697 3799 790 3866 qui
827 3813 858 3853 e
902 3799 1102 3854 virtute
1128 3800 1394 3864 nascitur,
1445 3809 1501 3855 et
1529 3799 1807 3854 convictus
1861 3797 1955 3852 des

2153 3790 2330 3861 ισηταί
2352 3791 2464 3852 τοῖς
2491 3789 2800 3843 συνοικοῦσι
2823 3793 3167 3863 γεγένηνται.
3199 3793 3366 3848 Ἀλλά
3389 3796 3451 3848 τὸ
3469 3797 3573 3866 τῆς
3600 3797 3689 3865 ψυ-

417 3893 628 3948 derium
661 3894 890 3960 excitat,
936 3909 1003 3951 ac
1049 3903 1251 3951 mutuae
1291 3903 1378 3953 est
1424 3893 1813 3951 benevolentiae
1862 3892 1959 3963 pbl

2146 3883 2200 3953 ἧς
2239 3881 2433 3944 κάλλος
2457 3882 2517 3934 τὸ
2543 3881 2604 3946 ἐξ
2635 3881 2844 3951 ἀρετῶν
2879 3883 3255 3954 συγκείμενον,
3289 3886 3440 3957 ὅπερ
3471 3889 3574 3941 καὶ
3597 3888 3688 3940 πό-

415 3990 581 4038 ιι-υηι,
2102 3974 2197 4028 θου
2236 3975 2357 4028 ἐστὶ
2393 3974 2532 4045 πρὸς
2576 3973 2670 4026 τὸν
2701 3973 2933 4045 σύμϐιον
2962 3977 3300 4046 συναγωγὸν,
3337 3979 3432 4032 καὶ
3472 3981 3689 4042 εὐνοίας

2103 4066 2367 4137 τυγχάνει
2398 4067 2714 4137 φάρμακον.

787 4184 978 4242 xxvr.
1004 4158 1080 4230 -’
1106 4185 1618 4244 POLYCHRONIO.

2514 4179 2661 4245 κεῖν.
2693 4210 2763 4222 -
2796 4179 3257 4253 ΠΟΛΥΧΡΟΝΙῼ.

1245 4280 1434 4334 Anima
1460 4281 1709 4334 virtutum
1746 4277 1988 4332 studiosa
2026 4271 2239 4342 facilius
2275 4269 2373 4324 Dei
2393 4286 2540 4338 opem
2565 4271 2830 4339 impetrat.

483 4389 555 4448 Ut
602 4393 669 4445 ad
720 4391 932 4446 urbium
982 4391 1146 4447 situm
1197 4399 1584 4461 opportunmn,
1621 4395 1997 4456 tempestatum

2174 4383 2390 4452 Ὠσπερ
2441 4382 2535 4434 ἐπὶ
2586 4381 2699 4434 τῶν
2739 4381 2949 4436 πόλεων
2977 4385 3010 4452 ἠ
3041 4383 3297 4456 εὐκαιρία
3345 4385 3450 4453 τῆς
3480 4385 3685 4451 θέσεως

412 4501 630 4554 quoque
679 4485 1069 4555 Opportunitas
1100 4486 1395 4554 quaeritur;
1457 4491 1530 4536 Ita
1583 4489 1638 4536 et
1681 4481 1954 4535 animorur

2141 4475 2194 4544 ὴν
2218 4473 2502 4544 εὐκαιρίαν
2525 4472 2635 4525 τῶν
2670 4473 2828 4544 ὡρῶν
2853 4476 3170 4540 ἐπισπᾶται,
3214 4476 3356 4529 οὕτω
3399 4479 3543 4549 κᾲπὶ
3577 4478 3683 4530 τῶν

410 4591 540 4643 erga
564 4577 819 4630 virtutem
850 4577 1027 4631 studio
1063 4575 1305 4630 divinum
1334 4584 1561 4642 paratur
1594 4573 1882 4627 auxilium.

2139 4566 2282 4635 υχῶν
2305 4565 2337 4634 ἡ
2369 4562 2551 4617 εὔνοια
2576 4565 2610 4634 ὴ
2639 4563 2776 4635 πρὸς
2805 4564 2905 4636 τὴν
2931 4567 3130 4638 ἀρετὴν
3153 4569 3250 4638 τὴν
3279 4567 3434 4621 θείαν
3462 4586 3680 4639 συμμαρ

2094 4655 2219 4724 χίαν
2251 4652 2510 4724 θηρᾶται.

574 4769 785 4825 XXVII.
813 4801 886 4811 ——
915 4768 1318 4839 ARCIION'I‘IO
1353 4767 1836 4824 PRESBYTERO.

2313 4766 2441 4822 KZ'.
2484 4796 2554 4807 —
2597 4765 2951 4839 ΑΡΧΟΝΤΙῼ
2988 4768 3459 4840 ΠΡΕΣΒΥΤΕΡῼ.

1203 4863 1266 4919 Si
1296 4863 1494 4917 athleta
1526 4861 1749 4926 laboret,
1782 4859 1965 4933 quidni
1993 4857 2194 4914 Christi
2227 4857 2374 4912 miles
2395 4860 2420 4912 .9
2458 4857 2486 4912 I
2515 4857 2642 4915 Cor.
2679 4874 2755 4925 lx,
2785 4859 2877 4915 25.

481 4971 542 5028 Si
573 4973 664 5043 qui
705 4973 880 5029 aeutis
897 4976 1184 5029 mundana:
1219 4973 1397 5029 laudis
1425 4973 1660 5029 stimulis
1692 4973 1985 5043 agitantur,

2163 4971 2227 5023 El
2255 4969 2304 5022 οἱ
2327 4972 2438 5034 τοῖς
2458 4969 2606 5035 ὀξέσι
2634 4971 2737 5038 τῆς
2761 4971 3032 5042 κοσμικῆς
3056 4970 3217 5040 δόξης
3235 4969 3491 5043 κέντροις
3514 4973 3680 5042 πλητ-

411 5066 655 5136 ingentes
685 5067 827 5119 ultro
877 5064 1182 5132 suscipiunt
1217 5063 1466 5133 labores;
1518 5079 1696 5119 nonne
1736 5064 1828 5133 qui
1876 5076 1953 5116 cm

2136 5061 2309 5132 5μενοι
2361 5063 2557 5126 πόνους
2608 5062 2963 5133 αύθαιρέτους
3021 5061 3399 5126 ἀσπάζονται·
3456 5066 3511 5117 oi
3569 5067 3678 5129 τοῖς

410 5158 563 5214 lestis
592 5157 777 5228 gloriae
801 5157 923 5212 telis
945 5156 1213 5212 vulnerati
1248 5165 1398 5222 sunt,
1443 5172 1539 5212 eos
1575 5173 1602 5211 a
1648 5155 1880 5227 pueritia
1915 5154 1952 5210 la

2137 5153 2369 5219 Ξυτάτοις
2404 5154 2502 5225 τῆς
2539 5155 2914 5226 ὑπερκοσμίου
2957 5155 3208 5218 εὐκλείας
3239 5155 3418 5225 βέλεσι
3473 5173 3679 5226 τετρω-

410 5248 559 5306 boris
583 5249 986 5306 contentionem
1013 5249 1290 5320 suscipere
1320 5263 1420 5318 par
1452 5257 1535 5304 est
1563 5248 1588 5303 ?

2139 5247 2246 5300 ένοι
2285 5247 2462 5317 πολλῷ
2523 5247 2722 5318 μᾶλλον
2768 5247 3033 5310 νεανικῶς
3067 5249 3161 5300 ἐπὶ
3209 5248 3302 5301 τὸν
3346 5247 3459 5302 τῶν
3498 5249 3681 5302 πόνων

2091 5340 2282 5409 ἀγῶνα
2311 5338 2640 5394 ἀποδύεσθαι
2668 5339 2736 5394 ἂν
2763 5336 2873 5394 εἷεν
2905 5340 3124 5396 δίκαιοι.

1515 5493 1750 5550 VARI/E
1791 5493 2172 5551 LECTIONES
2207 5494 2296 5551 ET
2332 5495 2562 5554 NOTAE.

479 5644 594 5713 (41)
642 5646 813 5726 Codd.
864 5647 982 5705 Vat.
1033 5648 1138 5706 050
1185 5659 1239 5707 ct
1279 5648 1387 5706 Alt.
1441 5650 1517 5723 μὴ
1579 5653 1881 5722 producunt
1927 5670 1959 5709 ιι

417 5715 816 5786 μηδάνφοδειιι.

1927 5669 1979 5709 ιη
2161 5652 2272 5723 (15)
2311 5653 2542 5723 Γέγονας
2571 5654 2729 5713 iidem
2769 5667 2978 5715 mutant
3007 5659 3061 5715 in
3094 5659 3340 5730 γέγονεν.
3369 5661 3457 5717 In.
