3906 6416
202 341 322 407 1341

465 461 612 516 Kﬂ'.
650 493 720 504 —
751 463 1012 536 ΔΙΔΥΜῼ
1050 465 1528 543 ΠΡΕΣΒΥΤΕΡῼ.

1079 355 1615 419 EPISTOLARUM
1655 359 1800 419 LIB.
1839 359 1907 421 V.
1944 385 2011 397 -
2051 360 2287 421 EPIST.
2332 360 2611 421 XXVIII.

1826 492 1873 542 Α

3361 357 3505 424 1⁸342

2114 471 2352 528 XXVIII.
2395 459 2466 513 ——°
2498 469 2759 526 DlliYMO
2793 467 3284 530 PRESBYTERO.

737 578 982 634 Fratrem
1011 581 1129 650 ejus
1153 581 1362 638 laudat.
1397 585 1479 638 Ad
1504 589 1734 657 quinque
1762 585 1940 656 capita
1975 602 2069 654 per
2098 587 2378 656 epistolam
2405 587 2630 656 qua'sita
2669 587 2964 655 respondet.

264 687 589 762 Αφροδισίῳ
635 692 713 762 τῷ
771 693 1067 766 μακαρίῳ,
1118 693 1197 764 τῷ
1258 695 1336 766 σῷ
1387 697 1487 768 μὲν
1532 698 1790 768 ἀδελφῷ,

199 780 566 853 πρεσῦυτέρῳ
604 782 662 835 δὲ
711 783 813 854 τὴν
864 785 1040 851 ἀξίαν,
1096 784 1262 850 αἰδὼς
1321 789 1420 858 μὲν
1481 791 1540 842 ἐν
1591 788 1794 858 όφθαλυ

205 876 316 945 μοῖς
361 873 639 944 κατῴκει,
690 877 867 930 πειθὼ
904 879 961 931 δὲ
1005 879 1064 931 ἐν
1119 879 1343 949 χείλεσι,
1402 882 1561 950 σοφία
1601 882 1658 935 δὲ
1700 883 1794 935 ἐπὶ

201 962 452 1033 γλώσσης
477 979 490 991 ·
529 967 626 1018 καὶ
660 967 968 1038 αὐτάρκεια
1009 968 1112 1040 μὲν
1144 971 1203 1022 ἐν
1239 973 1462 1039 γαστρὶ,
1493 970 1794 1042 ἐγκράτεια

200 1055 251 1108 δὲ
301 1056 359 1107 ἐν
411 1057 535 1119 τοῖς
592 1059 731 1127 μετὰ
789 1060 1057 1131 γαστέρα,
1100 1061 1195 1114 καὶ
1241 1062 1545 1134 συλλήϐδην
1597 1066 1792 1128 εἰπεῖν,

203 1147 388 1198 πασῶν
412 1149 610 1216 σχεδὸν
666 1149 775 1202 τῶν
808 1151 1021 1220 ἀρετῶν
1053 1152 1232 1205 κοινὸν
1272 1148 1340 1223 ἦν
1393 1156 1664 1224 ταμιεῖον,
1702 1156 1797 1208 καὶ

205 1237 550 1310 ἐνδιαίτημα.
601 1241 756 1294 Ἐπεὶ
811 1242 992 1296 τοίνυν
1029 1243 1163 1314 περὶ
1191 1244 1290 1306 τὰς
1313 1244 1598 1316 οὐρανίους
1626 1245 1796 1309 αὐλὰς

209 1330 610 1402 μετεπέμφθη,
647 1332 773 1398 ἄξια
813 1333 920 1386 τῶν
972 1333 1151 1388 πόνων
1187 1333 1483 1405 δεξάμενος
1523 1337 1590 1390 τὰ
1628 1337 1794 1408 γέρα,

206 1417 263 1470 οὐ
317 1418 424 1489 χρὴ
483 1420 799 1500 λυπεῖσθαι,
849 1422 988 1477 ἀλλὰ
1036 1425 1240 1494 μᾶλλον
1289 1426 1504 1499 χαίρειν
1568 1427 1651 1481 ὅτι
1688 1427 1799 1480 τῶν

209 1510 379 1563 ἄθλων
431 1511 628 1568 λοιπὸν
681 1516 994 1588 καρποῦται
1030 1519 1100 1572 τὰ
1154 1520 1383 1578 ἔπαθλα.
1432 1524 1490 1577 '0
1551 1525 1662 1596 γὰρ
1699 1526 1798 1596 τὴν

209 1601 387 1656 ἐνθάδε
439 1603 560 1658 τῶν
613 1606 784 1675 ἁγίων
804 1611 1093 1680 οἰκτείρων
1143 1613 1424 1686 τελευτὴν,
1470 1615 1681 1680 δίκαιος
1731 1617 1800 1671 ἂν

211 1696 287 1765 εῖη
319 1697 474 1768 παρὰ
507 1698 733 1753 πάντων
763 1701 871 1754 τῶν
906 1699 965 1756 εὖ
1018 1706 1364 1775 φρονούντων
1403 1708 1794 1778 οἰκτείρεσθαι.

219 1787 300 1850 Ὠς
330 1789 426 1841 καὶ
454 1791 484 1842 6
516 1791 647 1854 τοὺς
668 1795 1024 1864 νενικηκότας
1064 1796 1160 1848 καὶ
1189 1798 1522 1866 στεφθέντας
1557 1799 1798 1870 θρηνῶν,

211 1881 382 1934 οἴκτου
416 1881 487 1934 ἂν
522 1883 611 1954 εἴη
666 1885 762 1937 καὶ
810 1886 1067 1958 δακρύων
1115 1888 1288 1953 ἄξιος.
1339 1892 1448 1944 Καὶ
1481 1892 1655 1946 ταῦτα
1696 1893 1797 1963 μὲν

213 1972 286 2030 εις
315 1971 599 2025 τοσοῦτον.
640 1973 781 2026 Ἵσθι
822 1974 880 2027 δὲ
923 1971 1016 2029 οὖν
1047 1977 1128 2028 ὅτι
1178 1977 1337 2046 μόνος
1369 1981 1398 2032 6
1437 1979 1538 2048 τῆς
1596 1980 1800 2051 ἀρετῆς

215 2059 433 2126 πλοῦτος
455 2063 549 2115 ἐπ’
575 2066 903 2135 ἀσφαλείαις
930 2070 1159 2138 ὀχεῖται,
1181 2070 1309 2122 ὅταν
1336 2073 1364 2124 ό
1385 2070 1576 2124 τοῦτον
1604 2088 1804 2140 κεκτη-

216 2152 372 2221 μένος
433 2154 513 2225 μὴ
557 2157 624 2226 τῇ
675 2157 926 2229 ῥαστώνῃ
985 2160 1210 2232 προδοίη
1271 2160 1333 2214 τὸ
1390 2162 1595 2232 κτῆμα,
1666 2161 1804 2232 μηδὲ

214 2245 378 2316 ἀρχῆς
428 2246 738 2318 ἐρασθείη’
794 2249 980 2320 πάσης
1029 2252 1138 2323 γὰρ
1167 2251 1430 2306 ἐπέκεινα
1484 2253 1710 2324 τόλμης,
1741 2253 1802 2306 οὐ

216 2337 274 2388 σὺ
300 2337 482 2405 μόνον,
519 2338 657 2392 ἀλλὰ
692 2342 788 2393 καὶ
811 2341 1012 2410 ἔγωγε,
1046 2347 1246 2414 χωρεῖν
1269 2344 1644 2415 ὑπολαμϐάνω
1674 2345 1805 2408 τοὺς

219 2428 344 2496 μηδέ
389 2430 530 2501 πρὸς
553 2433 680 2495 τοὺς
711 2433 1043 2504 ἀθλητικοὺς
1076 2435 1397 2506 ἁψαμένους
1449 2437 1668 2500 πόνους,
1704 2436 1802 2490 καὶ

217 2522 318 2582 τοῖς
340 2523 692 2592 στεφανίταις
729 2527 1208 2598 ἐπαποδυομένους
1225 2544 1240 2558 ο
1266 2528 1478 2592 οἵτινες
1521 2529 1655 2599 μηδὲ
1676 2546 1805 2600 γνη-

219 2611 344 2675 σίοις
363 2614 743 2684 ἐγγραφέντες
782 2619 1078 2688 μαθηταῖς,
1119 2620 1200 2684 εἰς
1220 2622 1346 2683 τούς
1370 2622 1647 2691 ἡγεμόνας
1667 2624 1804 2675 ἁνα-

217 2703 418 2772 τρέχειν
443 2706 866 2774 φιλονεικοῦσιν·
886 2706 962 2765 ὧν
983 2712 1081 2781 οὐχ
1097 2713 1125 2764 6
1140 2711 1343 2782 τρόπος
1362 2714 1455 2766 τὸν
1472 2713 1662 2779 τόπον,
1677 2715 1796 2768 ἀλλ’

216 2795 244 2846 ό
267 2793 427 2860 τόπος
469 2798 568 2851 τὸν
595 2801 797 2870 τρόπον
838 2803 1158 2856 πιστεύεται
1191 2819 1206 2834 ο
1257 2803 1523 2858 ὠνοῦνται
1554 2804 1665 2873 (46)
1695 2804 1803 2876 γὰρ

218 2887 310 2951 τὰς
345 2889 546 2962 ἀρχὰς,
582 2892 671 2946 ἵνα
717 2893 986 2964 ὑϐρίσωσι
1036 2895 1138 2960 τὰς
1193 2895 1429 2968 ἀρετάςο
1490 2897 1586 2950 καὶ
1623 2896 1805 2965 λέγειν

219 2976 612 3050 ἐπιχειροῦσιν,
679 2981 716 3037 ἃ
780 2984 919 3055 μηδὲ
985 2986 1181 3056 μαθεῖν
1251 2986 1651 3050 κατεδέξαντοο
1712 2988 1806 3040 καὶ

221 3071 580 3140 προστάττειν
609 3073 837 3128 τοιαῦτα
867 3075 1166 3146 τολμῶσιν,
1191 3076 1228 3132 ἃ
1255 3077 1393 3148 μηδὲ
1421 3077 1652 3131 ἀκοῦσαι
1673 3077 1803 3148 ἠνέ-

1967 698 2299 767 Aphrodisia
2345 697 2500 752 fratri
2563 706 2654 750 tuo
2704 696 2820 766 jam
2870 695 3151 760 defuncto,
3203 697 3361 769 561
3421 701 3503 753 di-

1898 789 2102 859 gnitate
2155 790 2447 852 sacerdoti,
2481 788 2653 857 pudor
2689 787 2739 840 in
2768 787 2944 842 oculis
2992 787 3294 853 habitabat,
3331 790 3500 843 suada

1897 880 1950 934 in
1999 878 2169 933 labris
2225 879 2468 942 sedebat,
2509 877 2777 948 sapientia
2829 879 2881 930 in
2923 877 3144 947 lingua;
3202 880 3504 932 ventriculo

1896 979 2158 1040 quantum
2215 979 2303 1025 sat
2365 977 2548 1033 esset,
2611 969 2892 1030 sumebat,
2947 967 3230 1023 continens
3270 969 3321 1021 in
3390 970 3497 1029 iis.

1896 1078 2017 1132 qua:
2077 1063 2178 1116 sub
2241 1071 2472 1128 ventre;
2523 1070 2687 1128 utque
2745 1060 2934 1129 paucis
2985 1060 3201 1125 dicam,
3257 1060 3500 1113 omnium

1898 1155 2014 1210 fere
2057 1155 2316 1207 virtutum
2361 1168 2582 1222 promus
2622 1152 2930 1206 communis
2974 1153 3096 1208 fuit.
3128 1151 3352 1207 Caelesti
3394 1153 3498 1206 ita-

1898 1261 2008 1314 que
2071 1245 2188 1300 sedi
2243 1246 2590 1313 praemissus,
2648 1244 2923 1298 laboribus
2967 1243 3184 1313 dignam
3241 1254 3500 1313 acceptu-

1901 1354 1993 1392 rus
2048 1336 2391 1400 mercedem,
2440 1336 2659 1389 minime
2701 1335 2920 1404 quidem
2981 1334 3345 1404 deplorandus
3390 1345 3497 1399 est,

1899 1429 2029 1496 quin
2071 1427 2254 1497 potius
2315 1426 2364 1481 ei
2414 1425 2829 1496 gratulandum,
2875 1425 3018 1493 quod
3072 1424 3387 1478 certaminis
3428 1424 3500 1480 sit

1901 1520 2156 1589 deinceps
2193 1519 2413 1590 prtemia
2443 1526 2857 1573 consecuturus.
2901 1514 3160 1586 Quisquis
3203 1514 3349 1570 enim
3395 1529 3497 1570 ex-

1901 1630 2111 1672 cessum
2163 1614 2305 1667 hunc
2352 1619 2666 1666 sanctorum
2732 1608 2975 1662 virorum
3022 1607 3240 1678 lugeat,
3274 1606 3321 1663 is
3363 1622 3497 1664 sane

1904 1717 2200 1771 mereatur,
2229 1715 2288 1760 nt
2330 1720 2358 1758 a
2402 1703 2540 1758 bene
2591 1701 2956 1758 sentientibus
2986 1700 3335 1755 miseratione
3361 1715 3497 1754 con-

1903 1800 2104 1869 dignus
2154 1798 2442 1860 habeatur,
2475 1794 2630 1865 quasi
2679 1793 2770 1862 qui
2827 1807 3001 1862 pugna
3056 1791 3293 1847 victores
3317 1799 3370 1845 et
3401 1806 3496 1846 co-

1905 1904 2036 1942 rona
2068 1888 2458 1943 cohonestatos
2504 1883 2817 1953 deplorans.
2864 1882 3119 1952 lacrymis
3165 1881 3282 1948 ipse
3331 1889 3495 1947 atque

1901 1979 2195 2048 ejulatione
2257 1978 2327 2032 sit
2383 1977 2598 2046 dignus.
2653 1975 2718 2027 Et
2771 1975 2882 2028 haec
2934 1973 3150 2042 quidem
3211 1973 3492 2026 hactenus.

1906 2072 2196 2128 Sciendum
2253 2072 2440 2139 itaque
2475 2067 2604 2123 solis
2655 2066 2877 2121 virtutis
2927 2065 3122 2134 opibus
3173 2063 3493 2132 locupletem

1903 2163 2150 2232 quemvis
2180 2176 2373 2218 secure
2398 2161 2522 2215 hinc
2557 2158 2855 2228 emigrare,
2887 2155 3330 2225 quandoquidem
3361 2170 3495 2223 opes

1903 2255 2025 2311 illas
2067 2269 2175 2310 non
2209 2252 2518 2323 prodegerit
2559 2249 2723 2304 nimia
2786 2247 2998 2302 vivendi
3044 2247 3283 2311 licentia,
3320 2259 3495 2314 neque

1904 2345 2027 2400 aliis
2058 2345 2330 2416 imperare
2355 2341 2649 2396 studuerit.
2684 2339 2764 2393 Ad
2793 2340 3072 2393 audaciam
3091 2338 3356 2408 siquidem
3388 2354 3493 2392 non

1905 2444 1959 2489 tu
1991 2435 2171 2498 modo,
2212 2433 2307 2488 sed
2359 2441 2414 2487 et
2469 2447 2570 2500 ego
2627 2430 2894 2500 proclives
2928 2445 3051 2484 esse
3085 2428 3360 2491 existimo,
3399 2427 3492 2496 qui

1903 2525 2142 2580 nondum
2167 2523 2456 2578 alhleticos
2478 2522 2836 2576 certaminum
2865 2520 3082 2574 labores
3108 2519 3492 2589 degustarunt,

1904 2631 2008 2673 nec
2042 2617 2278 2670 victores
2318 2616 2460 2669 inter
2498 2623 2789 2669 coronatos
2823 2621 3204 2676 numerantur;
3238 2612 3327 2676 qui
3368 2612 3492 2681 qui-

1905 2709 2025 2764 dem
2060 2708 2206 2762 veris
2236 2709 2469 2761 nondum
2520 2704 2744 2774 ascripti
2803 2703 3108 2772 discipulis,
3158 2718 3280 2756 cum
3309 2705 3497 2756 docto-

1906 2801 2055 2856 ribus
2078 2810 2258 2856 tamen
2282 2810 2499 2854 certare
2524 2797 2858 2852 contendunt
2886 2815 2901 2862 ;
2926 2812 3155 2866 quorum
3176 2813 3280 2851 non
3305 2797 3502 2851 modus

1906 2895 2103 2957 locum,
2156 2894 2249 2947 sed
2295 2892 2450 2946 locus
2498 2890 2712 2944 modum
2750 2889 2965 2958 probet.
3004 2887 3317 2943 Mercantur
3348 2891 3494 2943 enim

1909 2987 2280 3054 magistratus,
2307 2999 2413 3054 quo
2435 2983 2690 3038 virtutem
2724 2981 2940 3047 laniant,
2966 2997 3140 3052 eaque
3179 2987 3377 3036 docere
3412 2983 3496 3036 ni-

1908 3085 2115 3143 tuntur,
2166 3091 2288 3146 quae
2338 3091 2614 3144 nunquam
2647 3075 2980 3129 didicerttnt.
3014 3076 3231 3129 Andent
3260 3091 3322 3129 ea
3358 3091 3495 3145 prm-

222 3174 422 3230 σχοντο.
481 3163 582 3226 Τίς
625 3158 720 3216 οὖν
776 3165 882 3219 ὑπὸ
929 3165 1202 3230 τοιούτοις
1246 3167 1485 3237 ἡγεμόσι
1543 3168 1804 3238 πράττων

1906 3165 2109 3234 cipere,
2145 3180 2268 3234 qua:
2314 3166 2502 3219 audire
2549 3174 2708 3218 antea
2758 3180 2862 3218 non
2918 3166 3316 3220 sustinuerunt.
3363 3166 3499 3233 Quis

225 3248 358 3317 μέγα
385 3269 436 3304 τι
468 3254 568 3305 καὶ
598 3256 842 3321 γυναῖον,
865 3255 898 3326 ἢ
922 3256 1130 3326 πρᾶξαι
1161 3255 1194 3327 ἢ
1221 3255 1454 3309 συνιδεῖν
1480 3256 1801 3326 δυνήσεται;

1910 3258 2072 3328 igitur
2109 3258 2306 3312 talibus
2341 3273 2471 3313 usus
2527 3257 2821 3326 praafectis,
2857 3274 3108 3329 magnum
3156 3259 3285 3330 quid
3334 3275 3499 3330 agere

221 3340 298 3402 τίς
340 3341 394 3394 δὲ
428 3343 533 3396 οὐκ
590 3344 909 3417 ἐρυθριάσει
956 3345 1170 3418 ἀνδρῶν
1213 3346 1342 3416 χθὲς
1390 3347 1487 3400 καὶ
1523 3347 1714 3418 πρώην
1744 3349 1802 3400 ἐν

1911 3358 2005 3402 aut
2035 3348 2337 3419 intelligere
2364 3350 2572 3418 queat?
2600 3349 2768 3415 Quem
2814 3367 2918 3405 non
2965 3351 3161 3418 pudeat
3199 3350 3345 3405 viros
3395 3369 3497 3404 nn-

226 3434 537 3505 καπηλείοις
573 3437 604 3508 ἢ
640 3437 1018 3511 δικαστηρίοις
1046 3441 1488 3512 κατατριϐέντων
1527 3442 1803 3513 ἀκροατὴς

1906 3457 2003 3510 per
2036 3450 2090 3496 et
2121 3441 2238 3495 heri
2291 3441 2343 3495 in
2396 3441 2657 3509 cauponis
2690 3451 2852 3510 atque
2885 3444 2938 3496 in
2970 3441 3278 3497 forensibus
3309 3457 3495 3496 versa-

224 3526 534 3597 γινόμενος;
572 3529 657 3593 τίς
706 3530 765 3583 δὲ
823 3531 933 3584 τῶν
987 3532 1201 3602 ἐχθρῶν
1254 3532 1316 3585 οὐ
1377 3533 1648 3601 γελάσειε,
1706 3533 1804 3586 καὶ

1908 3531 2228 3599 tosjudiciis
2258 3531 2481 3586 audire?
2513 3532 2647 3597 Quis
2682 3534 2852 3588 hostis
2880 3549 2986 3588 non
3030 3535 3222 3597 rideat,
3269 3549 3492 3588 scenam

226 3617 415 3688 σκηνὴν
449 3621 547 3672 καὶ
603 3620 894 3693 ὑπόκρισιν
945 3623 1192 3692 νομίσειε
1227 3623 1289 3676 τὸ
1342 3626 1615 3694 πρᾶγμα;
1662 3623 1802 3677 Ἀλλ’

172 3730 177 3737 -
225 3706 399 3780 ἐπειδὴ
426 3711 750 3782 γέγραφας,
781 3714 833 3766 τί
870 3715 1163 3785 ποιητέον,
1204 3717 1352 3788 φημὶ
1395 3717 1549 3770 οὐδὲν
1592 3717 1800 3790 ἓτερον,

225 3797 331 3851 ἀλλ’
391 3803 601 3874 ἀρετὴν
648 3804 925 3875 ἀσκητέον
980 3809 1075 3860 καὶ
1118 3809 1482 3880 ήσυχαστέον,
1545 3809 1642 3863 καὶ
1701 3809 1802 3880 τὴν

227 3889 395 3960 κρίσιν
428 3895 858 3967 προσδοκητέον,
899 3897 996 3950 καὶ
1047 3897 1149 3962 τὰς
1190 3897 1507 3964 διαϐολικὰς
1542 3899 1800 3970 μεθόδους

225 3978 615 4054 διακρουστέον.
649 3987 832 4051 Δεινός
859 3988 970 4059 γὰρ
1003 3989 1100 4043 καὶ
1129 3991 1375 4055 ποικίλος
1398 3990 1426 4042 ό
1456 3991 1556 4062 τῆς
1585 3991 1800 4062 ἀνθρω-

227 4073 442 4145 mare;
471 4077 691 4150 ἐχθρὸς,
727 4079 795 4139 τὸ.
834 4081 935 4151 μὲν
986 4082 1320 4149 κολακείαις,
1351 4084 1419 4137 τὰ
1460 4084 1517 4137 δὲ
1555 4084 1801 4155 παραλο-

226 4171 429 4237 γισμοῖς
483 4173 960 4243 καταγοητεῦσαι·
1015 4176 1110 4228 καὶ
1147 4175 1383 4246 μάλιστα
1423 4176 1513 4229 ὅτε
1542 4176 1654 4247 (47)
1701 4177 1803 4230 οὐκ

229 4255 323 4312 οἶδε
352 4261 446 4333 τήν
473 4263 535 4329 ἐξ
556 4264 773 4329 εὐθείας
805 4267 986 4337 μάχην
1004 4284 1019 4297 ο
1044 4267 1105 4320 οὐ
1137 4268 1247 4340 γὰρ
1281 4268 1347 4321 ἂν
1382 4267 1526 4321 ἑάλω
1552 4267 1763 4338 ταχέως
1784 4285 1799 4299 ⁸

229 4347 354 4406 ἀλλὰ
388 4357 746 4428 προσχήματι
793 4357 976 4426 φιλίας
997 4358 1260 4422 πολλάκις
1299 4358 1537 4430 κρύπτει
1565 4358 1657 4412 τὸν
1701 4359 1804 4429 τῆς

231 4447 466 4514 πορνείας
504 4449 600 4502 ίόν.
642 4448 732 4511 Ὠς
763 4451 873 4520 γάρ
915 4451 996 4514 είς
1044 4450 1285 4504 ίσοθείαν
1335 4450 1562 4520 ἀγαγὼν
1589 4451 1682 4506 τὸν
1709 4452 1804 4506 ἄν·-

232 4531 452 4602 ορωπον,
512 4539 624 4592 τῶν
673 4539 888 4608 ἀλόγων
918 4539 1255 4610 κατέστησεν
1302 4539 1670 4610 ἐλεεινότερον
1696 4558 1708 4569 ·
1740 4541 1802 4595 οὐ

1903 3629 1958 3674 et
2004 3619 2227 3674 mimum
2279 3621 2381 3676 hoc
2405 3635 2527 3676 esse
2549 3622 2890 3676 existimans.
2927 3622 3121 3678 Verum
3148 3639 3269 3678 cum
3296 3624 3494 3694 ecquid

1904 3709 2049 3765 facto
2085 3711 2157 3765 sit
2196 3725 2335 3780 opus
2366 3726 2463 3781 per
2485 3711 2768 3780 epistolam
2803 3713 3032 3782 rogaris,
3066 3714 3199 3768 nihil
3232 3725 3494 3783 prmterea

1903 3803 2101 3866 dicam,
2163 3818 2326 3872 quant
2386 3803 2644 3858 virtutem
2704 3819 2825 3859 esse
2875 3808 3258 3869 exercendam,
3289 3814 3345 3860 et
3395 3819 3492 3860 ac-

1902 3892 2320 3963 quiescendum,
2377 3897 2912 3963 exspectandumque
2961 3895 3054 3950 Dei
3096 3893 3388 3964 judicium,
3426 3910 3494 3950 ac

1903 3984 2198 4040 diabolicas
2222 3985 2442 4039 interim
2472 3984 2696 4044 fraudes
2727 3987 3084 4056 repellendas.
3123 3985 3319 4042 Gravis
3344 3988 3492 4042 enim

1903 4075 2195 4145 variusque
2243 4076 2463 4131 humani
2512 4089 2596 4133 est
2629 4081 2846 4149 generis
2875 4080 3069 4143 hostis,
3101 4095 3204 4148 qua
3241 4091 3492 4134 assenta-

1907 4166 2164 4228 tionibus,
2207 4181 2311 4234 qua
2365 4169 2627 4235 captiosis
2673 4168 3116 4223 conclusionibus
3162 4170 3492 4238 IltlposlttraS

1905 4258 2135 4327 agendo,
2168 4258 2469 4327 pra-sertim
2516 4274 2642 4311 cum
2692 4258 2898 4312 directe
2927 4273 3239 4328 oppugnare
3287 4260 3495 4313 nesciat

1905 4347 2024 4421 [sed
2058 4363 2125 4404 ex
2162 4347 2422 4420 insidiis].
2455 4348 2548 4403 Illo
2579 4349 2720 4404 enim
2749 4350 2909 4403 modo
2941 4351 3058 4418 capi
3087 4349 3244 4403 facile
3275 4359 3492 4417 posset;

1883 4442 2002 4498 'sed
2052 4441 2200 4496 larva
2255 4457 2319 4496 ac
2367 4443 2548 4511 specie
2596 4441 2849 4496 amicitiae
2900 4441 3033 4510 tegit
3121 4441 3495 4496 fornicationis

1905 4547 2192 4587 venenum.
2228 4531 2295 4587 Ut
2347 4533 2491 4587 enitn
2543 4533 2819 4588 hominem
2864 4529 2976 4587 Deo
3026 4529 3261 4586 similem
3321 4531 3496 4586 brutis

234 4622 377 4688 μόνον
420 4627 492 4680 τὰ
549 4630 821 4699 προσόντα
896 4631 1352 4700 πλεονεκτήματα
1409 4631 1800 4701 άπαμφιάσας,

1913 4625 2148 4680 reddidit
2178 4624 2658 4689 miserabiliorem,
2691 4641 2788 4681 nec
2818 4625 3182 4694 praesentibus
3210 4625 3370 4679 modo
3414 4625 3497 4678 lu-

229 4712 352 4767 ἀλλὰ
391 4718 488 4772 καὶ
519 4717 592 4770 τὰ
618 4718 694 4789 μὴ
723 4719 998 4790 προσόντα
1026 4717 1387 4789 ἐλαττώματα
1434 4718 1795 4789 προξενήσας,

232 4803 443 4872 ἱδρῶτάς
479 4827 623 4880 φημι
662 4809 761 4863 καὶ
790 4810 1010 4876 πόνους,
1046 4809 1282 4864 θάνατόν
1329 4828 1390 4864 τε
1434 4812 1531 4864 καὶ⁵
1561 4810 1791 4881 φθοράν.

239 4891 366 4948 Ἀλλ’
404 4901 594 4972 ἐπειδὴ
621 4901 809 4955 πολλοὶ
837 4901 1152 4973 θηρώμενοι
1189 4902 1356 4956 αὐτοῦ
1389 4902 1488 4966 τὰς
1517 4903 1796 4974 μεθόδους,

1905 4718 2014 4772 eris
2055 4725 2110 4773 et
2155 4719 2459 4774 commodis
2514 4719 2786 4788 spoliavit,
2856 4735 3043 4773 verum
3101 4721 3264 4774 etiam
3299 4719 3498 4789 quibus

1904 4810 2250 4875 carebamus,
2275 4809 2402 4863 vitia
2427 4809 2734 4880 damnaque
2769 4811 3110 4866 conciliando
3135 4809 3340 4876 attulit,
3369 4822 3494 4878 puta

1904 4901 2134 4956 sudores
2164 4917 2228 4957 ac
2273 4901 2511 4966 labores,
2541 4913 2770 4958 mortem
2805 4915 2860 4960 et
2893 4906 3196 4961 interitum.
3236 4901 3343 4958 Sed
3372 4919 3494 4957 cum

231 4981 386 5051 ἀργὰς
433 4976 820 5056 ἀποδείξαντες
875 4991 987 5064 (48)
1039 4991 1321 5056 ἑλεπόλεις
1367 4992 1484 5064 (49)
1546 4993 1653 5064 χρὴ
1700 4992 1799 5046 και

1906 4991 2058 5045 multi
2090 4991 2207 5062 ejus
2237 4993 2378 5062 capti
2408 4991 2549 5049 dolis
2585 4995 2759 5050 malos
2791 5011 2912 5050 esse
2940 4994 3304 5057 ostenderint,
3342 4993 3496 5046 decet

232 5076 414 5149 πάντα,
460 5079 544 5148 οἷς
593 5084 914 5163 φρονήσεως
969 5084 1191 5156 μέτεστι
1222 5084 1320 5139 καὶ
1345 5083 1622 5156 σωτηρίας
1669 5083 1792 5137 ἐστὶ

1906 5081 2096 5151 quibus
2123 5099 2274 5138 mens
2294 5094 2380 5140 est
2406 5093 2461 5141 et
2490 5087 2639 5142 salus
2667 5090 2838 5154 cordi,
2867 5090 3142 5143 machinas
3164 5085 3285 5156 ejus
3307 5098 3496 5140 omnes

1318 5265 1557 5324 VARle
1598 5264 1980 5322 LECTIONES
2019 5265 2108 5321 ΕΤ
2146 5267 2381 5323 NOTAE.

301 5415 726 5499 (46).C9d.‘Alt.
761 5418 872 5499 'pr_o
899 5418 1176 5499 ,ὠνοῦνται
1198 5419 1358 5499 .Iegit
1394 5419 1708 5499 ὠνοῦντες,
1744 5431 1798 5476 et

1907 5421 2095 5499 ξαντες
2119 5423 2277 5478 codd.
2303 5424 2427 5499 γει.
2463 5423 2569 5479 650
2593 5434 2660 5499 iet
2689 5425 2797 5499 Alt.
2838 5427 3040 5499 habent
3067 5428 3243 5499 ἀργὰς
3272 5429 3489 5483 ἀποδει-

242 5494 363 5563 vers.
395 5488 534 5563 inde
583 5490 616 5543 6
676 5488 992 5561 καπηλείοις
1049 5491 1239 5546 scribit
1283 5488 1414 5545 cum
1481 5494 1615 5544 ὶωτὰ
1668 5495 1803 5547 sim-

243 5553 366 5618 plici.
395 5559 604 5613 Possm.

302 5624 404 5701 (i7)
426 5628 574 5701 ΔὍτε
606 5631 742 5683 idem
779 5640 953 5701 mutat
983 5630 1034 5685 iu
1069 5631 1170 5685 ὅτι.
1198 5631 1351 5689 Vers.
1387 5631 1619 5701 ἀγαγὼν
1658 5633 1801 5688 idem

245 5698 476 5769 producit
488 5699 539 5751 in
562 5700 872 5769 ἀναγαγών.
909 5703 982 5753 In.

309 5765 410 5838 (48)
449 5765 555 5826 Pro
580 5785 647 5826 eo
678 5765 820 5842 quod
857 5772 1023 5830 editio
1061 5772 1282 5829 exhibet
1318 5789 1332 5830 :
1377 5776 1553 5846 ἀργὰς
1588 5774 1801 5830 ἀποδεί-

1911 5493 2129 5563 ξαντας,
2174 5495 2462 5559 mendose;
2508 5498 2604 5551 sed
2638 5513 2702 5550 ex
2730 5497 2835 5560 his,
2871 5499 2922 5548 ni
2956 5493 3294 5563 f:tllor5,’\'era
3335 5501 3490 5554 lectio

1911 5565 1990 5644 sic
2043 5562 2262 5684 Iolrmari
2319 5565 2553 5633 poterit,
2599 5566 2775 5638 ἀργὰς
2818 5568 3107 5634 ἀπέδειξαν
3155 5569 3256 5633 τὰς
3299 5570 3489 5623 ἑλεπό-

1911 5649 2044 5686 Λεις.
2116 5649 2170 5685 o.

1982 5649 2196 5777 δωωίιι
2235 5702 2352 5758 illos
2388 5705 2682 5770 invehitur,
2730 5706 2946 5762 laudato
2986 5709 3096 5777 jam
3137 5709 3487 5777 Aphrodisio,

1910 5775 2004 5846 qui
2036 5773 2598 5844 dignitatcsamhiunt
2628 5773 3046 5836 ecclesiasticas.
3091 5773 3254 5847 Infra,
3283 5781 3346 5834 οὐ
3379 5779 3489 5851 γὰρ
