3906 6416
371 318 507 384 1343

1572 324 1635 385 S.
1672 324 1965 385 ISIDORI
2006 323 2445 385 PELUSIOTA!

3523 315 3671 382 l3“

369 442 537 501 alque
563 431 795 486 astutias
826 441 1154 501 investigare
1181 446 1243 487 ac
1281 431 1491 487 rimari.
1522 432 1962 490 Observandum-

2084 434 2241 501 ιόγος,
2271 433 2340 487 τὰ
2375 432 2754 503 μηχανήματα
2780 430 2947 486 αὐτοῦ
2982 430 3294 502 ἀνιχνεύειν
3314 429 3411 485 καὶ
3450 430 3672 499 φυλάτ-

369 537 477 591 que
536 521 715 590 quoad
756 520 871 589 ejus
929 521 1047 576 ﬁeri
1096 533 1292 592 potest,
1323 525 1559 579 maxime
1604 540 1726 580 cum
1754 525 1958 580 amoris

368 610 548 664 colore
584 610 830 663 inescare
862 609 1112 665 homines
1154 612 1389 667 studeat.
1423 611 1577 669 Tunc
1607 615 1753 670 enim
1784 630 1957 686 expu-

370 702 525 769 gnari
563 702 794 771 capique
826 711 1008 771 potest
1033 702 1323 760 difﬁcilius.

439 791 669 857 Quando
713 808 846 848 vero
895 794 962 850 de
1005 795 1351 866 dogmatibus
1398 797 1758 868 significasti;
1797 797 1958 875 562

367 881 506 935 scito
535 884 756 939 audisse
790 899 878 940 me
927 887 1218 957 aliquando
1253 903 1319 943 ex
1355 889 1515 943 docto
1562 890 1683 944 viro
1725 905 1962 961 cvange-

370 971 506 1027 lista:
533 987 779 1042 sensum,
804 989 1098 1048 propterea
1150 982 1293 1050 quod
1332 979 1455 1034 Filii
1492 981 1585 1036 Dei
1619 997 1815 1036 nomen
1841 991 1962 1036 astu

373 1066 705 1123 adornantes
746 1069 1112 1139 inverterunt,
1130 1078 1184 1127 et
1201 1070 1401 1127 Filium
1417 1070 1510 1129 Dei
1532 1089 1641 1129 non
1658 1089 1781 1130 esse
1802 1089 1960 1129 crea-

373 1166 554 1214 turam
619 1169 764 1216 recle
813 1161 1137 1218 docuerunt.
1203 1164 1371 1219 Aiunt
1429 1165 1622 1220 enim:
1673 1163 1813 1231 His,
1872 1166 1964 1236 qui

374 1252 596 1306 credunt
625 1254 679 1307 in
714 1254 926 1308 nomine
963 1255 1098 1324 ejus,
1129 1254 1276 1310 dedit
1327 1256 1403 1311 eis
1458 1267 1771 1327 potestatem
1818 1258 1961 1328 ﬁlios

375 1343 478 1398 Dei
500 1344 616 1413 ﬁeri
639 1345 676 1398 ί.
736 1345 803 1399 Ει
830 1344 1004 1401 alibi':
1052 1348 1323 1417 Quidquid
1370 1349 1625 1415 petieritis
1665 1349 1719 1402 in
1755 1352 1964 1404 nomine

376 1451 512 1503 meo,
534 1437 799 1505 accipietis
818 1439 861 1491 ³.
894 1436 1041 1493 Inter
1062 1448 1255 1494 caetera
1281 1455 1434 1506 vero,
1469 1457 1590 1510 quae
1622 1441 1785 1495 multa
1812 1452 1962 1510 sunt,

377 1526 475 1582 Dei
504 1528 743 1593 nomina,
773 1529 1010 1584 maxime
1040 1531 1319 1600 proprium
1366 1540 1451 1586 est
1480 1531 1600 1586 Filii
1635 1533 1728 1587 Dei
1776 1534 1964 1603 appel-

379 1617 549 1673 latio:
578 1620 874 1675 ostendens
903 1635 1091 1676 verum
1121 1636 1247 1677 esse
1271 1636 1334 1675 ac
1364 1622 1679 1691 genuinum,
1715 1632 1770 1676 et
1806 1636 1964 1677 crea-

384 1720 517 1766 tura:
546 1726 764 1766 sensum
788 1726 1004 1767 omnem
1044 1712 1490 1784 intellectumque
1523 1716 1811 1769 excedens.
1841 1714 1966 1770 Cla-

2064 526 2255 578 τεσθαι
2289 524 2367 588 ὡς
2396 525 2703 596 ἐνδέχεταν
2732 526 2865 579 ὅταν
2901 525 3140 595 μάλιστα
3169 524 3357 593 φιλίας
3407 523 3669 593 προσχήο

2069 636 2200 689 ματι
2233 616 2462 691 δελεάζῃ
2485 633 2499 648 ’
2527 618 2651 671 τότε
2686 618 2797 691 γὰρ
2824 618 3129 681 δυσάλωτος
3167 618 3283 670 ἐστι
3311 616 3408 670 καὶ
3442 614 3670 684 δύσμα-

2066 726 2181 779 χος.

2152 801 2370 871 Ἐπειδὴ
2403 801 2460 855 δὲ
2488 799 2582 855 καὶ
2610 800 2741 872 περὶ
2769 798 3059 872 δογμάτων
3099 800 3402 871 ἐμήνυσας,
3440 798 3561 851 ῐσθι
3590 797 3676 849 ὅτι

2067 892 2282 964 ἤκουσά
2334 892 2475 946 ’ποτέ
2561 909 2710 955 τινος
2793 890 2970 944 δεινοῦ
3030 890 3379 960 καταμαθεῖν
3450 887 3675 958 ἀνδρῶν

2068 982 2476 1053 εὐαγγελιστῶν
2500 982 2761 1045 διάνοιαν,
2796 982 2877 1035 ὃτι
2907 982 3073 1035 τόκου
3106 980 3201 1034 τοῦ
3255 978 3495 1050 γνησίου
3547 977 3676 1030 τοῦ·

2068 1088 2210 1141 νομα
2273 1070 2558 1140 ἔστρεφον,
2623 1070 3131 1135 κατασκευάζοντες
3189 1069 3251 1123 τὸ
3319 1070 3399 1139 μὴ
3457 1067 3677 1137 κτίσμα

2070 1158 2211 1215 εἶναι
2238 1162 2329 1216 τὸν
2352 1162 2503 1215 Υίόν.
2542 1163 2795 1231 Ἐφασαν
2827 1156 2957 1234 γάρ’
2993 1161 3129 1229 Τοῖς
3154 1163 3569 1217 πιστεύοτσιν
3586 1162 3676 1226 εἰς

2069 1252 2137 1304 τὸ
2148 1250 2332 1319 ὄνομα
2342 1251 2529 1305 αὑτοῦ
2541 1250 2820 1305 δεδόσθαι
2833 1252 3126 1316 ἐξουσίαν
3139 1252 3320 1306 τέκνα
3334 1251 3498 1306 Θεοῦ
3508 1250 3678 1321 γενέ-

2070 1345 2211 1396 σθαι
2233 1381 2247 1394 .
2285 1342 2416 1395 Καίο
2454 1340 2523 1397 Ὀ
2557 1342 2666 1396 ἐὰν
2687 1343 2982 1413 αἰτήσητε
3023 1345 3094 1398 ἐν
3125 1344 3206 1410 τῷ
3254 1344 3517 1413 ὀνόματί
3551 1362 3675 1414 μου

2070 1430 2373 1501 λήψεσθεο
2434 1433 2605 1504 ὄνομα
2656 1434 2714 1487 δὲ
2753 1435 2849 1489 τοῦ
2909 1435 3265 1506 πολυωνύμου
3320 1436 3678 1508 κυριώτερον

2070 1523 2180 1576 τῶν
2232 1524 2409 1579 ἀλλων
2458 1527 2491 1595 ἡ
2554 1524 2649 1579 τοῦ
2692 1526 2826 1580 Υίοῦ
2894 1528 3261 1598 προσηγορία,
3318 1529 3381 1581 τὸ
3436 1528 3675 1599 γνήσιον

2072 1617 2437 1685 ἐμφαίνουσα,
2466 1618 2562 1671 καὶ
2593 1619 2693 1689 τὴν
2715 1618 2811 1672 τοῦ
2832 1620 3129 1691 κτίσματος
3165 1619 3376 1675 ἔννοιαν
3400 1620 3675 1691 ἐξοστρα-

2072 1708 2319 1773 κίζουσι.
2358 1710 2527 1780 Δῆλον
2572 1710 2753 1765 τοίνυν
2794 1711 2877 1766 ὅτι
2911 1715 3026 1775 τοῖς
3071 1714 3173 1784 μὲν
3203 1715 3340 1767 flor
3376 1714 3551 1766 αὐτὸν
3587 1714 3674 1766 λέ-

384 1814 504 1856 rum
540 1802 723 1872 itaque
754 1805 935 1859 evadit
971 1806 1369 1875 appellantibus
1395 1822 1519 1860 eum
1553 1804 1756 1860 Filium
1787 1807 1969 1861 datam

2084 1818 2262 1869 γουσιν
2297 1800 2455 1870 ἐδόθη
2509 1802 2543 1873 ἡ
2579 1803 2763 1875 χάρις,
2794 1807 2909 1869 τοῖς
2941 1805 2998 1857 δὲ
3044 1806 3256 1876 κτίσμα
3288 1806 3460 1859 αὑτὸν
3490 1805 3673 1872 λέγειν

383 1904 506 1945 esse
536 1894 763 1962 gratiam
791 1911 807 1950 :
837 1895 1082 1966 refugere
1109 1904 1299 1951 contra
1339 1896 1515 1951 abhis
1538 1912 1654 1963 eos,
1690 1899 1781 1966 qui
1812 1912 1972 1953 crea-

388 1991 564 2039 turam
591 2000 712 2041 esse
741 1988 944 2042 audent
975 2004 1245 2044 asserere.
1275 1988 1351 2043 De
1376 1989 1560 2059 politia
1589 1990 1731 2059 quod
1763 2005 1975 2058 qurere-

385 2073 504 2140 bas,
535 2091 701 2131 avens
727 2077 908 2131 omnia
943 2077 1103 2132 simul
1134 2079 1365 2143 discere,
1398 2079 1587 2148 paucis
1630 2080 1970 2148 respondeo;

384 2170 661 2237 videlicet,
692 2171 975 2242 gentilium
1008 2173 1283 2243 sapientes
1331 2172 1562 2243 gloriam
1605 2172 1816 2227 dicendi
1846 2188 1973 2242 gra-

385 2262 556 2315 vitate
592 2271 648 2316 et
694 2263 849 2333 copia
896 2264 1119 2334 adeptos
1161 2265 1495 2319 constituere
1547 2264 1811 2331 volentes,
1843 2265 1973 2334 quid

380 2354 609 2423 justum,
646 2356 775 2425 quid
804 2356 1083 2421 decorum,
1108 2357 1241 2426 quid
1276 2356 1595 2425 legitimum,
1628 2366 1683 2410 et
1719 2355 1972 2424 denique,

384 2446 514 2516 quid
545 2447 829 2501 honestum
862 2447 954 2512 sit,
992 2450 1230 2501 rationes
1277 2448 1517 2501 infinitas
1551 2446 1874 2510 aﬂ‘crentes,
1912 2462 1976 2501 ac

385 2540 615 2608 prolixis
658 2542 1015 2603 sermonibus,
1050 2542 1201 2610 quasi
1258 2542 1627 2611 labyrinthum
1689 2542 1973 2605 ducentes,

387 2640 595 2683 tantum
626 2631 692 2684 ab
724 2644 810 2695 eo,
844 2631 988 2701 quod
1019 2631 1308 2686 dicendum
1332 2642 1471 2697 erat,
1505 2634 1809 2699 aberrasse,
1842 2642 1978 2687 utet

386 2721 629 2787 legentes
666 2721 1052 2776 confundenda
1096 2722 1328 2790 amplius
1379 2723 1784 2777 conturbarint.
1835 2723 1975 2778 Ver-

385 2812 513 2866 bum
542 2827 670 2867 vero
694 2811 785 2867 Dei
818 2811 987 2867 Filius
1024 2814 1244 2867 insitum
1278 2814 1483 2867 homini
1529 2814 1861 2869 intellectum
1896 2818 1979 2868 in-

386 2917 731 2970 staurans,et
759 2898 969 2964 arbitrii
998 2908 1261 2979 cujusque
1288 2910 1593 2965 libertatem
1612 2912 1762 2981 justo
1786 2927 1848 2967 ac
1880 2912 1977 2966 de-

386 3013 536 3065 coro,
563 2999 803 3069 legitimo
825 3003 952 3056 item
983 3011 1039 3057 et
1071 3002 1300 3057 honesto
1335 3004 1616 3073 colligans,
1664 3003 1813 3057 brevi
1856 3019 1976 3058 ser-

388 3107 547 3148 mone
574 3093 626 3147 id
662 3108 823 3149 omne
853 3094 1065 3165 aperuit
1104 3110 1237 3149 usus
1276 3096 1497 3150 verbis:
1535 3113 1555 3147 ‹
1612 3094 1803 3150 Omnia
1856 3110 1979 3165 quae

2073 1892 2345 1962 τολμῶσιν
2375 1894 2406 1963 ἡ
2433 1894 2588 1963 χάρις
2613 1895 2713 1949 οὐκ
2742 1896 3020 1968 ἐπιφοιτᾷ.
3067 1897 3290 1968 Ἐπειδὴ
3327 1897 3386 1950 δὲ
3416 1897 3518 1950 καί
3546 1898 3672 1966 περὶ

2074 1983 2351 2045 πολιτείας
2380 1984 2491 2055 (50)
2523 1985 2823 2053 ἐδήλωσας,
2869 1988 3048 2041 πάντα
3087 1986 3224 2057 ὁμοῦ
3260 1988 3460 2057 μαθεῖν
3490 1987 3673 2058 γλιχόο

2077 2091 2257 2144 μενος,
2317 2077 2720 2131 ἀντεπιστέλλω
2778 2080 3062 2150 συντόμως
3092 2097 3107 2113 °
3143 2081 3225 2134 ὅτι
3269 2081 3320 2133 οί
3386 2081 3494 2151 μὲν
3534 2079 3673 2151 παρ’

2074 2164 2302 2235 Ἕλλησι
2335 2167 2512 2234 σοφοί,
2551 2169 2599 2220 οί
2642 2168 2800 2233 δόξαν
2842 2169 2936 2225 ἐπὶ
2985 2170 3279 2241 σεμνότητι
3312 2170 3411 2223 καὶ
3440 2170 3674 2240 δυνάμει

2072 2254 2248 2324 λόγων
2277 2256 2427 2327 παρὰ
2468 2259 2635 2311 πᾶσιν
2666 2260 2987 2331 ἐσχηκότες,
3021 2261 3341 2333 βουλόμενοι
3377 2263 3672 2334 παραστῆ-

2076 2365 2167 2401 σαι
2192 2348 2247 2401 τί
2270 2348 2332 2401 τὸ
2361 2348 2591 2415 δίκαιον,
2622 2352 2717 2405 καὶ
2743 2352 2797 2406 τί
2829 2352 2890 2406 τὸ
2922 2354 3159 2425 πρέπον,
3195 2356 3293 2409 καὶ
3323 2356 3381 2408 τί
3422 2357 3489 2408 τὸ
3524 2356 3673 2426 νόμι-

2078 2457 2180 2511 μον
2207 2441 2302 2495 καὶ
2342 2442 2395 2495 τί
2432 2442 2493 2496 τὸ
2520 2443 2710 2509 καλὸν,
2764 2445 2993 2517 μυρίους
3031 2446 3224 2517 λόγους
3256 2448 3669 2515 ἀναλώσαντες,

2076 2536 2170 2588 καὶ
2196 2535 2479 2605 διαλόγους
2504 2538 2748 2609 μακροὺς
2770 2537 3110 2611 λαϐυρίνθων
3130 2540 3287 2594 οὐδὲν
3307 2540 3671 2611 διαφέροντας

2077 2628 2373 2690 συνιέντες,
2403 2628 2660 2682 τοσοῦτον
2685 2630 2929 2701 ἀπέσχον
2968 2630 3062 2684 τοῦ
3094 2634 3271 2687 εἰπεῖν
3296 2651 3352 2687 τι
3390 2635 3510 2688 τῶν
3531 2634 3674 2690 δεόν⁴

2076 2736 2204 2783 των,
2235 2720 2320 2773 ὅτι
2346 2720 2442 2772 καὶ
2463 2720 2626 2775 πλέον
2649 2721 2778 2785 τοὺς
2807 2722 3289 2791 ἀναγινώσκοντας
3319 2729 3665 2797 συγχέουσιν.

2087 2810 2147 2864 '0
2187 2810 2245 2863 δέ
2286 2811 2563 2875 θειότατος
2594 2813 2772 2883 Λόγος
2820 2813 2968 2884 δεῦρ’
3027 2816 3414 2888 ἐπιφοιτήσας,
3459 2820 3555 2872 καὶ
3584 2819 3671 2870 τὸν

2077 2899 2319 2970 ἔμφυτον
2358 2902 2704 2974 ἀνακινήσας
2754 2904 2864 2958 τῶν
2897 2904 3207 2977 ἀνθρώπων
3246 2908 3543 2979 λογισμὸν,
3577 2912 3669 2963 καί

2076 2992 2177 3064 τὴν
2206 2994 2441 3051 ἑκάστου
2501 2995 2763 3068 βούλησιν
2815 2998 2943 3068 ὅρον
2992 2997 3086 3051 τοῦ
3131 3000 3368 3065 δικαίου,
3431 3002 3529 3054 καὶ
3582 3002 3672 3053 τοῦ

2079 3086 2405 3157 πρέποντος,
2437 3087 2532 3142 τοῦ
2559 3106 2620 3142 τε
2671 3089 2906 3161 νομίμου
2958 3090 3054 3143 xal.
3086 3092 3182 3144 τοῦ
3212 3092 3383 3145 καλοῦ
3425 3094 3673 3163 πηξάμε-

385 3181 550 3237 vnltis
573 3192 627 3236 ut
652 3184 855 3239 faciant
881 3185 1033 3239 vobis
1060 3185 1327 3246 homines,
1346 3194 1401 3238 et
1430 3199 1526 3240 vos
1552 3185 1715 3241 facile
1747 3185 1851 3239 illis
1879 3184 1921 3239 ³.
1952 3203 1972 3237 ι

2084 3195 2191 3241 νος.
2219 3177 2308 3232 διὰ
2338 3176 2598 3250 βραχείας
2638 3180 2851 3251 ρήσεως
2896 3181 3057 3235 τοῦτο
3095 3181 3432 3253 διεσάφησεν
3468 3184 3671 3236 εἰπών’

388 3273 469 3329 Ne
498 3290 602 3330 non
639 3276 843 3346 scripta
873 3276 1118 3347 proferre
1161 3277 1461 3340 videretur,
1510 3278 1685 3348 sigillo
1725 3277 1978 3333 muniens

388 3376 511 3437 qua:
544 3370 776 3433 dixerat,
804 3371 1097 3440 omniaque
1122 3370 1443 3439 compendio
1492 3370 1773 3426 involvens
1802 3389 1815 3426 :
1848 3369 1979 3425 licet:

388 3470 464 3513 est
504 3461 666 3524 enim,
694 3461 886 3530 inquit,
942 3462 1026 3515 lea:
1074 3470 1122 3516 et
1174 3461 1465 3531 prophetat.
1514 3462 1768 3516 Omnium
1817 3462 1982 3533 igitur

391 3554 617 3608 honeste
657 3554 945 3622 factorum,
974 3557 1089 3608 haec
1126 3554 1307 3624 regula
1336 3555 1428 3620 sit,
1463 3555 1690 3625 utquod
1727 3556 1883 3610 nobis
1914 3555 1982 3610 ab

391 3643 515 3699 aliis
570 3644 685 3698 fleri
724 3645 982 3714 petimus,
1014 3645 1152 3699 idem
1202 3645 1333 3699 illttd
1374 3661 1470 3701 nos
1502 3646 1604 3715 ipsi
1640 3656 1980 3715 praestemus.

393 3736 551 3793 Scias
595 3750 651 3792 et
708 3738 862 3803 illud,
895 3739 1038 3807 quod
1089 3737 1181 3807 qui
1235 3753 1417 3792 rerum
1475 3737 1877 3806 pulchritudine
1928 3738 1983 3793 in

395 3831 559 3885 rebus
582 3832 815 3886 conditis
841 3846 946 3885 non
970 3831 1037 3886 ad
1063 3831 1316 3901 pietatem
1344 3829 1427 3885 usi
1460 3829 1682 3895 fuerint,
1704 3844 1799 3885 eos
1823 3830 1984 3885 etiam

394 3920 450 3975 in
482 3930 761 3976 creaturas
794 3920 1084 3991 impegisse
1112 3920 1347 3993 (tantum
1384 3922 1528 3977 enim
1564 3920 1735 3985 abest,
1774 3931 1836 3975 ut
1868 3920 1989 3990 opi-

397 4012 554 4065 licem
588 4011 754 4066 Deum
786 4015 1127 4082 agnoverint,
1162 4025 1216 4069 ut
1265 4012 1376 4069 iliis
1430 4013 1595 4067 etiam
1650 4011 1855 4067 cultum
1906 4012 1979 4066 di-

395 4105 582 4158 vinum
628 4104 939 4178 tribuerint)
970 4105 1023 4160 hi
1055 4105 1330 4176 sapientes
1368 4120 1427 4160 se
1455 4120 1576 4159 esse
1609 4104 1713 4158 rati
1753 4104 1805 4158 in
1838 4104 1991 4175 igno-

400 4197 592 4251 rantiae
642 4196 831 4266 pelago
899 4197 1146 4268 naufragi
1204 4197 1640 4266 prazcipitarunt.
1708 4194 1990 4252 Creaturis

399 4290 545 4344 enim
576 4290 841 4344 artificem
874 4288 1299 4360 praedicantibus
1322 4292 1520 4360 (neque
1555 4288 1702 4344 enim
1746 4288 1864 4343 sine
1902 4303 1992 4342 ar-

400 4377 640 4432 chitecto
665 4378 856 4432 domus
888 4376 1207 4443 tedificatur,
1239 4392 1414 4448 neque
1462 4378 1583 4432 sine
1632 4377 1785 4431 fabro
1838 4379 1993 4432 navis

402 4466 789 4536 compingitur,
826 4479 1003 4536 neque
1059 4466 1177 4519 sine
1234 4465 1441 4521 musico
1482 4481 1747 4535 organum
1796 4466 2023 4543 constiy

404 4558 728 4627 tuitur),arti
758 4559 936 4627 potius
963 4571 1124 4627 quam
1166 4567 1430 4612 creatura:
1461 4557 1667 4612 faciunt
1698 4555 1986 4625 iniuriam;

404 4649 655 4718 opificem
712 4651 933 4704 interim
993 4650 1393 4718 przescribcndo
1431 4650 1839 4705 submoverunt.
1893 4649 1990 4706 His

407 4738 575 4810 igitur
618 4741 813 4795 merito
846 4741 1007 4796 etiam
1040 4742 1227 4811 politia
1284 4741 1525 4799 evanuit.
1557 4740 1806 4797 Universi
1841 4743 1986 4798 enim

2087 3290 2106 3322 ι
2145 3269 2333 3325 Πάντα
2361 3271 2464 3325 ὅσα
2493 3271 2677 3325 θέλετε
2708 3273 2794 3326 ἵνα
2841 3273 3073 3327 ποιῶσιν
3123 3274 3253 3344 ὑμῖν
3290 3278 3339 3329 οί
3371 3276 3672 3347 ἄνθρωποι,

2080 3364 2178 3417 καὶ
2201 3364 2363 3435 ὑμεῖς
2392 3367 2597 3418 ποιεῖτε
2628 3366 2833 3429 αὐτοῖς.
2882 3385 2902 3418 ι
2932 3367 3067 3419 Είτα
3098 3368 3187 3421 ἴνα
3227 3368 3304 3440 μὴ
3334 3369 3471 3441 δόξῃ
3512 3370 3676 3440 ἀγρα-

2082 3474 2183 3526 φον
2208 3456 2371 3528 νόμον
2401 3458 2523 3511 κατ’
2555 3458 2837 3527 ἐγγράφου
2874 3458 3105 3526 τιθέναι,
3142 3461 3674 3532 ὲπισφραγιζόμενος

2082 3547 2153 3600 τά
2175 3547 2443 3619 εἰρημένα
2495 3552 2590 3601 καὶ
2623 3547 2858 3613 δεικνὺς,
2914 3551 2999 3604 ὅτι
3038 3552 3219 3605 πάντα
3259 3554 3553 3625 συντόμως
3584 3572 3675 3608 πε-

2087 3638 2386 3711 ριείληφεν,
2440 3636 2545 3709 ἔφη
2572 3655 2588 3671 ο
2625 3635 2819 3707 Οὗτος
2862 3642 2983 3710 γὰρ]
3020 3642 3196 3696 ἐστιν
3219 3645 3253 3697 ὀ
3278 3645 3476 3713 νόμος
3503 3647 3677 3701 καίοι

2086 3731 2411 3802 προφῆται.
2445 3732 2536 3786 Ἑν
2565 3732 2752 3797 αὐτοῖς
2770 3735 3065 3807 τοιγαροῦν
3082 3736 3297 3807 ἔχοντες
3324 3740 3552 3793 πάντων
3577 3739 3679 3793 τῶν

2087 3826 2270 3880 καλῶν
2303 3826 2394 3881 τὸν
2421 3826 2646 3893 κανόνα,
2683 3826 2712 3880 ὃ
2762 3828 3070 3900 βουλόμεθα
3127 3830 3281 3900 παρά
3342 3830 3459 3884 τῶν
3510 3831 3677 3885 ἄλλων

2090 3920 2220 3992 ὑμῖν
2258 3920 2631 3992 ὑπαρχθῆναι,
2661 3921 2820 3975 τοῦτο
2851 3922 2984 3993 παρ’
3011 3921 3167 3993 ἡμῶν
3200 3926 3280 3986 εἰς
3308 3923 3558 3985 ἐκείνους
3589 3922 3676 3991 γέο

2089 4013 2287 4071 νεσθω.
2315 4013 2454 4075 Ἴσοι
2496 4012 2554 4066 δὲ
2582 4012 2676 4066 καὶ
2711 4013 2893 4077 τοῦτο,
2927 4015 3010 4067 ὅτι
3032 4014 3083 4067 οί
3103 4012 3182 4084 τῷ
3233 4013 3465 4084 μεγέθει
3487 4014 3581 4069 καὶ
3603 4012 3677 4084 τῷ

2090 4103 2280 4158 κάλλει
2323 4103 2433 4158 τῶν
2476 4105 2795 4176 κτισμάτων
2833 4105 2934 4159 οὐκ
2986 4106 3066 4169 είς
3108 4105 3398 4170 εὐσεϐείας
3426 4107 3676 4160 ὑπόθεσιν

2092 4194 2561 4266 ἀποχρησάμενοι,
2588 4194 2726 4249 ἀλλά
2753 4195 2851 4249 καὶ
2881 4195 3359 4268 προσπταίσαντες
3388 4198 3579 4261 αὐτοῖς
3599 4196 3675 4268 (οὐ

2093 4286 2205 4357 γὰρ
2249 4286 2407 4356 μόνον
2440 4287 2532 4340 τὸν
2580 4286 2926 4359 Δημιουργὸν
2973 4288 3073 4342 οὐκ
3120 4288 3390 4357 ἔγνωσαν,
3426 4290 3677 4344 ἀλλὰκαὶ

2095 4377 2278 4441 αὐτοῖς
2300 4378 2359 4431 τὸ
2385 4378 2545 4443 σέϐας
2569 4380 2829 4434 ἀνέθεσαν
2855 4373 3019 4450 (οὗτοι
3040 4380 3195 4450 σοφοὶ
3217 4381 3500 4452 οἰηθέντες
3522 4379 3673 4448 εἶναι,

2096 4472 2175 4534 εἰς
2200 4469 2262 4523 τὸ
2291 4472 2391 4542 τῆς
2419 4471 2662 4541 ἀμαθίας
2714 4473 3063 4543 ἐναυάγησαν
3116 4472 3361 4542 πέλαγος
3384 4493 3398 4506 ·
3436 4475 3547 4528 τῶν
3576 4475 3675 4546 γὰρ

2096 4562 2416 4634 κτισμάτων
2446 4564 2933 4635 ἀνακηρυττόντων
2966 4563 3057 4617 τὸν
3092 4564 3343 4637 τεχνίτην
3376 4568 3395 4637 (
3429 4568 3549 4621 οὐδὲ
3577 4567 3675 4637 γὰρ

2096 4651 2225 4705 ἄνευ
2270 4652 2655 4724 ἀρχιτέκτονος
2717 4654 2867 4708 οἰκία
2911 4654 3302 4725 οἰκοδομεῖται,
3368 4656 3496 4711 οὔτε
3554 4657 3673 4711 ἀνευ

2098 4743 2383 4816 ναυπηγοῦ
2425 4743 2579 4809 ναῦς,
2639 4746 2764 4799 οὐδὲ
2830 4747 2960 4801 ἄνευ
3038 4746 3339 4819 ἁρμονικοῦ
3426 4750 3676 4822 μουσικὸν

482 4917 501 4950 ⁸
528 4915 686 4973 Joatt.
715 4932 753 4983 ι,
784 4916 869 4972 12.
948 4921 969 4951 ¹
999 4915 1155 4972 Joan.
1197 4933 1307 4984 xw,
1341 4918 1428 4972 14.
1505 4918 1524 4949 ³
1558 4916 1691 4971 Tob.
1736 4933 1808 4982 tv,
1839 4917 1942 4982 16;

2086 4917 2163 4973 th.
2197 4934 2294 4985 vn,
2333 4917 2439 4985 ης
2478 4917 2613 4973 Luc.
2651 4935 2726 4987 vt,
2750 4920 2843 4976 51.

1536 5075 1771 5131 VARI/li
1818 5072 2205 5131 LECTIONES
2239 5073 2327 5130 ET
2369 5073 2603 5132 NOTE.

416 5268 486 5344 ἂν
510 5268 653 5324 ἐάλω
674 5271 884 5344 ταχέως
914 5272 1049 5329 ἀλλά
1078 5273 1430 5344 προσχήματι
1467 5272 1671 5344 φίλιας,
1704 5269 1822 5344 lego
1846 5267 1990 5344 οῦτω

416 5341 549 5412 γὰρ,
585 5351 644 5412 ut
675 5342 727 5396 in
752 5341 910 5411 epist.
942 5345 1044 5398 144
1073 5341 1193 5410 iul},
1223 5341 1320 5399 ubi
1353 5341 1538 5398 eadem
1570 5341 1987 5412 legas.ﬂStatim,

417 5411 807 5485 ἀποδείξαντας
832 5414 1257 5485 ὲλεπόλειςχρή.
1291 5411 1859 5485 Ηοεγριιίομέλεπρλεις
1892 5428 2000 5485 μη-

2099 5284 2253 5342 voce,
2288 5277 2344 5324 et
2370 5270 2673 5335 συνθέντες,
2701 5270 3382 5342 νθὶμροιίυεσυνείροντες.
3412 5269 3673 5327 Platonem

2097 5341 2249 5411 enim
2273 5344 2590 5411 perstringit
2620 5340 2847 5411 dialogis
2872 5341 3050 5395 omnia
3088 5340 3508 5409 pertractantem
3542 5358 3557 5396 :
3586 5355 3674 5395 cu-

2095 5411 2186 5479 jus
2221 5409 2417 5482 dialogi
2443 5409 2914 5482 Βεήεριιὺξπερὶ
2943 5412 3155 5464 δικαίου
3198 5413 3583 5476 inscribuntur,
3622 5419 3670 5463 et

418 5483 605 5555 xavq},
637 5486 850 5554 μηχανή
859 5485 1083 5555 ματσ.,δι’
1109 5479 1183 5541 ὧν
1210 5479 1266 5538 αἱ
1289 5479 1472 5545 πόλεις
1492 5482 1909 5555 καθαιροῦνται.
1929 5479 1976 5533 υς

2104 5488 2283 5533 notata
2310 5479 2829 5555 Socratisflpwvsia
2860 5479 2912 5536 in
2944 5482 3261 5538 disserendo
3290 5486 3432 5554 apud
3459 5482 3667 5537 Cicero-

422 5551 509 5609 liis
536 5551 914 5611 Vitruvi'nslib.
944 5574 972 5611 κ
1000 5551 1053 5611 et
1072 5558 1390 5612 Ammianus
1413 5554 1706 5607 Marcellin.
1732 5551 1826 5604 lib.
1848 5565 2000 5603 XXIV.

423 5622 546 5677 Mox
571 5624 636 5678 de
668 5629 906 5695 gentium
945 5628 1296 5697 philosophis,
1334 5623 1775 5697 pupiougléyopg
1802 5618 2004 5697 ἀναλῴρ

2106 5563 2250 5612 nem,
2285 5560 2341 5603 et
2365 5551 2520 5604 alios.
2555 5551 2799 5607 Ξοιιοττ.

2178 5619 2292 5693 (ὅθ)
2320 5618 2475 5693 inter
2512 5623 2790 5693 πολιτείας
2806 5629 2893 5693 __et
2924 5620 3201 5693 ἐδήλωσας
3240 5622 3399 5677 codd.
3428 5620 3553 5693 Vati,

424 5709 639 5777 σαντες,
671 5690 767 5749 καὶ
810 5697 896 5750 διὰ
943 5690 1134 5777 λόγους
1159 5690 1428 5777 ’μακροὺς
1473 5690 1976 5777 λαθυρίνθωνσοὺὸἐ

2105 5698 2160 5744 et
2181 5690 2563 5777 Alt.‘inserunt
2585 5692 2768 5777 τῆσδε.
2799 5690 2954 5777 1Yers.
2986 5690 3110 5751 inde
3137 5694 3192 5763 6,
3222 5692 3501 5755 συνθέντες
3523 5692 3671 5750 iidem

421 5754 779 5836 διαφέροντας
813 5754 1129 5834 συνιέντεςῖ
1179 5754 1441 5840 puto-leg.
1477 5754 1776 5833 διαλόγους,
1815 5761 1976 5833 Ῑυηει

2109 5769 2316 5831 ponunt
2344 5775 2443 5831 pro
2474 5754 2766 5828 συνιέντες.
2798 5754 3011 5819 Possm.
