3906 6416
176 403 296 469 1345

1084 403 1622 465 EPISTOLARUM
1657 403 1804 463 LIB.
1845 405 1916 465 V.
1955 426 2027 437 -
2054 403 2292 465 EPIST.
2334 404 2548 465 XXXI.

3293 405 3431 473 1346

177 520 390 591 συσταίη
436 518 717 592 ὄργανον),
751 520 958 573 ἐκεῖνοι
994 522 1061 592 τῇ
1107 520 1272 593 τέχνῃ
1326 521 1526 591 μᾶλλον
1563 520 1770 592 ἢτοῖς,

1861 520 2034 575 lucem
2068 529 2229 590 atque
2253 520 2611 575 architectum
2639 535 2670 575 e
2702 516 2803 576 suo
2855 522 3134 591 ejicienles
3162 539 3342 582 animo
3372 525 3430 582 in

171 613 457 685 τεχνηθεῖσι
515 613 1012 684 προσπταίσαντες,
1062 613 1155 668 τὸν
1216 613 1550 685 δημιουργὸν
1594 631 1736 683 παρ·

171 706 480 777 εγρὰψαντο.
530 706 656 768 Τοῖς
685 698 776 758 οὖν
827 705 1092 769 τοιούτοις
1125 702 1373 768 είκότως,
1405 707 1500 758 καὶ
1545 703 1606 757 τὸ
1634 704 1735 773 τῆς

172 799 426 861 πολιτείας
452 797 795 865 διέφθαρται,
820 796 925 851 Ἰδν
951 797 1060 869 γὰρ
1102 798 1230 867 Ἥγε
1240 798 1378 868 μόνα
1406 797 1499 850 τοῦ
1532 796 1736 859 παντὸς

170 892 225 941 ἐκ
252 890 343 959 τῆς
372 889 583 943 ἑαυτῶν
608 888 961 954 ὲκὸάλλονιες
991 889 1190 961 ψυχῆς,
1217 891 1325 943 πᾶν
1350 886 1490 952 εἶδος
1520 888 1735 949 ἀδικίας

170 996 221 1032 τε
242 981 327 1033 καὶ
356 980 619 1050 πονηρίας
646 979 818 1044 ἀδεῶς
845 980 937 1053 δρ.
956 1000 981 1033 ν
1006 982 1068 1034 οὐ
1094 980 1509 1051 παραιτοῦνται.
1559 980 1739 1031 Ἐπει-

171 1071 226 1142 δὴ
256 1071 308 1123 δὲ
338 1073 431 1125 καὶ
470 1073 601 1144 περὶ
636 1072 745 1126 τῶν
791 1073 1093 1145 ἐλλογίμων
1133 1073 1317 1144 ζητεῖς
1346 1072 1482 1143 (5|),
1520 1071 1628 1124 ίσθι
1653 1070 1735 1123 ὅτι

172 1162 482 1228 ὁθειότατος
513 1165 687 1234 Λόγος
726 1164 818 1219 τὸν
844 1167 1130 1237 ἐλλόγιμον
1177 1167 1279 1218 οὐκ
1310 1164 1647 1229 ἀποσείεται,
1686 1163 1735 1215 εί

1843 626 2004 665 omne
2028 626 2199 681 genus
2225 612 2507 679 injustitiae
2531 621 2587 666 et
2616 611 2983 682 improbitatis
3012 617 3273 671 audacter
3299 632 3424 684 pro-

1842 701 1979 771 lapsi
2002 716 2229 770 peccare
2259 717 2364 759 non
2383 704 2653 758 dubitant.
2680 704 2835 771 Quod
2860 707 3093 777 denique
3115 707 3183 762 de
3212 708 3432 777 sapien-

1844 793 1985 848 tibus
2037 794 2362 865 interrOgas,
2390 795 2606 849 noveris
2641 794 2735 851 Dei
2790 796 2983 852 Filium
3034 798 3271 854 Verbum
3322 814 3429 853 non

1842 886 2068 954 rejicere
2093 901 2308 941 omnem
2338 886 2761 957 praecellentem,
2807 890 2853 943 si
2908 905 2971 945 ex
3005 892 3216 947 ratione
3260 892 3430 947 vitam

1845 988 2137 1047 componat
2168 996 2184 1033 :
2226 988 2282 1033 at
2307 978 2352 1033 si
2394 979 2577 1033 verbis
2601 980 2865 1035 duntaxat
2894 983 3329 1053 pltilowphatur,
3371 1002 3433 1043 re

1843 1080 2023 1123 autem
2053 1070 2167 1138 ipsa
2192 1071 2435 1126 moribus
2479 1073 2717 1141 aberret,
2742 1073 2886 1128 nulla
2939 1074 3056 1143 ejus
3105 1075 3433 1147 eloquentia

1843 1160 2039 1215 merito
2066 1170 2152 1215 est
2177 1160 2319 1215 ratio
2344 1161 2612 1217 habenda.

173 1256 299 1328 λόγῳ
319 1259 407 1313 τὸν
426 1261 627 1315 οἰκεῖον
667 1261 922 1333 ῥυθμίζοι
951 1262 1066 1334 βίον
1090 1279 1107 1294 ·
1141 1264 1189 1315 εί
1222 1262 1279 1316 δὲ
1316 1263 1375 1316 ὲν
1429 1260 1611 1329 λόγοις
1678 1255 2007 1330 φιλοσοφῶν,
2056 1256 2240 1329 ἔργοις
2297 1258 2627 1329 ἀφιλόσοςος
2692 1259 2909 1332 ὀφθείη,
2971 1262 3210 1334 εὐλόγως
3256 1266 3378 1320 οὐδὲ
3402 1264 3435 1319 ὁ

173 1347 309 1377 Ἱέυλρ
334 1350 424 1377 -ι..
451 1351 693 1377 _...-:"._-..
730 1356 1013 1377 _--_!__..-
1043 1354 1152 1377 Im.“
3236 1353 3253 1377 ο

173 1347 309 1416 λόγος
334 1350 424 1402 τὸν
451 1351 693 1406 τοιοῦτον
729 1356 1018 1423 προσίεται
1041 1354 1177 1426 (59.).

297 1466 423 1523 ΚΘ.
472 1496 547 1507 -
582 1470 856 1542 ΖΩΣΙΜῼ,
905 1470 1195 1537 ΜΑΡΩΜ,
1239 1469 1576 1542 summa

1964 1462 2124 1535 553
2186 1460 2380 1517 XXIX.
2438 1462 2863 1535 M—nzosmo,
2919 1465 3186 1524 mnom
3235 1469 3324 1525 ET

2432 1533 2846 1591 EUSTATHIO.

1512 1650 1556 1705 Α
1587 1648 1715 1703 luxu
1738 1647 2067 1703 dehortatur.

238 1777 307 1830 -‘H
336 1777 505 1849 πολλὴ
522 1777 617 1832 καὶ
633 1779 1058 1846 ἀκατάπαυστος
1074 1781 1255 1853 τρυφὴ
1284 1781 1378 1835 καὶ
1401 1780 1496 1834 ἐπὶ
1515 1780 1606 1834 τὸν
1624 1779 1737 1851 (55)

177 1869 313 1940 παρὰ
343 1868 509 1939 φύσιν
558 1871 899 1943 παιδοτριϐεῖ
934 1873 1135 1944 ἔρωτα,
1177 1873 1274 1927 καὶ
1296 1873 1475 1926 πᾶσαν
1516 1870 1608 1925 τοῦ
1640 1870 1741 1942 μὲν

180 1960 407 2032 σώματος
437 1962 541 2033 τὴν
582 1964 804 2033 ὑγείανο
836 1966 933 2036 τῆς
980 1965 1037 2019 δὲ
1062 1965 1243 2037 ψυχῆς
1289 1964 1616 2036 λυμαίνεται
1643 1962 1743 2035 τὴν

179 2053 455 2121 εὐγένειαν.
493 2054 786 2109 Παύσασθε
815 2057 1107 2130 τοιγαροῦν
1128 2059 1366 2129 ταύτηςο
1396 2057 1490 2111 καὶ
1542 2056 1618 2128 μὴ
1646 2074 1744 2128 νη·-

181 2144 387 2210 στείαις,
433 2145 575 2201 ἀλλά
622 2164 687 2217 γε
714 2151 782 2219 τῇ
840 2150 1151 2222 αὐταρκείᾳ
1179 2152 1246 2221 τῇ
1290 2150 1461 2214 ὅντως
1504 2148 1743 2220 σώφρονι

176 2239 355 2306 τρυφῇ,
394 2236 637 2308 χρῆσθαι
669 2239 900 2305 ἑαυτοὺς
925 2240 1256 2295 παιδεύσατε
1277 2257 1292 2273 ο
1323 2242 1420 2295 καὶ
1460 2242 1745 2312 οἰχήσεται

174 2328 203 2397 ἠ
246 2327 334 2381 νῦν
365 2329 490 2382 καθ’
534 2330 687 2401 ὑμῶν
711 2333 863 2402 παρὰ
896 2334 1116 2387 πάντων
1161 2333 1399 2405 ᾁδομένη
1451 2332 1741 2405 κωμῳδία.

175 2421 230 2474 Εἰ
256 2422 308 2475 δὲ
334 2424 563 2487 ἑαυτοὺς
608 2426 689 2488 είς
723 2425 822 2497 τὴν
848 2426 1088 2481 ἄϐυσσον
1116 2427 1217 2498 τῆς
1245 2427 1500 2495 λαγνείας
1534 2425 1745 2497 ἐμϐάλ-

175 2513 300 2578 λετε,
356 2514 430 2587 μὴ
479 2518 597 2581 τοῖς
652 2518 982 2588 κωμῳδοῦσι
1030 2518 1412 2590 χαλεπαίνετε,
1465 2517 1603 2573 ἀλλὰ
1640 2517 1744 2587 τῆς

176 2606 363 2669 οἰκείας
389 2607 605 2678 τρυφῆς
633 2608 1106 2681 καταψηφίζεσθε,
1146 2612 1268 2683 τῆς,
1316 2612 1393 2676 ὥς
1417 2630 1607 2682 φασιν,
1641 2612 1744 2667 οὐκ

174 2697 359 2751 οίκοθεκ
379 2701 945 2775 παρασκευαζομένης
966 2704 1291 2776 (περίψηφοι
1308 2705 1418 2777 γάρ
1434 2705 1604 2776 ἐστε),
1626 2704 1742 2759 ἀλλ’

176 2789 233 2841 ὲκ
255 2790 341 2843 τοῦ
375 2791 690 2861 ἀλλοτρίαις
716 2794 1065 2864 ἐπιρρίπτειν
1106 2796 1437 2866 τραπέζαις.
1482 2796 1611 2851 Ἐὰν
1633 2796 1743 2870 γὰρ

174 2878 551 2953 διασκεδάσητε
597 2883 698 2954 τὴν
732 2884 924 2955 ἀχλὺν,
974 2885 1095 2939 τότε
1151 2886 1349 2956 ὄψεσθε
1379 2887 1481 2959 τῆς
1529 2904 1746 2961 σωφρο-

178 2972 327 3048 σύνης
356 2977 416 3030 τὸ
437 2976 657 3044 κάλλος,
690 2977 719 3030 ὅ
744 2978 841 3031 νῦν
872 2981 1023 3032 ἐστιν
1050 2978 1184 3051 ὑμῖν
1213 2979 1465 3035 ἀθέατον.

1917 1778 2111 1851 Ingens
2143 1795 2207 1836 ac
2236 1780 2525 1837 continuus
2553 1781 2714 1838 luxus
2753 1796 2875 1837 cum
2916 1784 2981 1838 ad
3011 1800 3251 1842 amorem
3289 1803 3434 1859 pra:-

1846 1879 1927 1924 ter
1944 1880 2197 1924 naturam
2221 1871 2461 1933 instruit,
2490 1881 2598 1926 tum
2630 1873 2874 1940 corporis
2897 1888 3116 1930 omnem
3142 1877 3432 1933 sanitatem

1798 2000 1799 2003 η
1836 1960 1992 2030 juxta
2022 1971 2184 2031 atque
2223 1961 2386 2015 animi
2416 1962 2562 2017 lazdit
2596 1964 2958 2019 nobilitatem.
2999 1966 3084 2020 Ab
3113 1966 3215 2021 hoc
3246 1968 3434 2039 itaque

1844 2053 2149 2118 abstinete;
2181 2062 2235 2107 et
2264 2068 2368 2107 non
2388 2053 2630 2124 jejuniis,
2658 2056 2752 2110 sed
2779 2055 3061 2112 suilicienti
3094 2058 3215 2114 cibo
3244 2062 3434 2116 mode-

1844 2145 2087 2213 ratisque
2119 2144 2328 2199 deliciis
2357 2145 2472 2214 jam
2514 2162 2660 2202 nunc
2705 2147 2783 2202 uti
2842 2150 3159 2205 assuescite.
3193 2149 3285 2207 Sic
3318 2153 3432 2219 ﬁet,

1846 2245 1905 2289 ut
1932 2234 2071 2288 mala
2102 2234 2284 2289 omnis
2310 2234 2377 2288 de
2425 2234 2579 2290 vobis
2618 2236 2867 2306 evulgata
2918 2249 3096 2294 cesset
3134 2238 3299 2295 fama.
3335 2242 3435 2298 Sin

1844 2340 1976 2381 vero
2026 2327 2079 2381 iu
2123 2340 2285 2382 omne
2332 2327 2574 2407 libidinis
2614 2344 2785 2398 genus
2823 2332 2970 2385 velut
3010 2332 3066 2388 in
3107 2334 3436 2404 profundum

1846 2418 2101 2487 abyssum
2158 2418 2531 2487 praecipitatis,
2581 2420 2722 2476 male
2777 2422 2845 2478 de
2895 2422 3050 2480 vobis
3088 2424 3437 2496 loquentibus

1846 2507 2015 2562 nolite
2070 2506 2385 2578 indignari;
2437 2511 2569 2580 quin
2629 2512 2985 2567 domesticum
3032 2516 3212 2584 potius
3251 2516 3435 2585 luxum

1847 2601 2226 2667 condemnata,
2277 2616 2385 2655 non
2441 2611 2572 2669 tam,
2622 2612 2681 2659 ut
2746 2604 2951 2673 ferunt,
2999 2619 3183 2662 vestro
3218 2618 3436 2677 sumptu

1846 2702 2220 2762 apparatuque
2282 2691 2607 2749 instructum
2638 2694 2826 2767 (parce
2867 2698 3014 2752 enim
3057 2708 3305 2769 sumptus
3356 2697 3439 2755 fa-

1847 2784 2019 2853 citis),
2051 2799 2211 2853 quam
2243 2784 2474 2839 aliorum
2504 2801 2600 2843 vos
2629 2788 2938 2859 ingerentes
2987 2790 3211 2845 mensis.
3252 2788 3438 2857 Quare

1848 2876 1893 2929 si
1936 2875 2077 2931 hanc
2104 2876 2353 2946 caliginis
2382 2879 2581 2948 nubem
2622 2880 2982 2950 dissipabitis,
3022 2895 3251 2937 cernere
3299 2890 3435 2936 tunc

1850 2968 2036 3023 licebit
2082 2971 2474 3040 temperantiae,
2525 2986 2689 3042 quam
2742 2986 2887 3028 nunc
2934 2973 3219 3043 ignoratis,
3267 2987 3439 3030 venu-

1850 3069 2047 3116 statem
2063 3106 2077 3120 .

177 3193 250 3251 A'.
286 3224 355 3236 —
402 3200 824 3261 EPMUI‘ENEI,
885 3201 1213 3272 ΘΕΟΔΟΣΙῼ
1272 3202 1394 3255 ΚΑΙ
1436 3180 1815 3272 κωμικοῦ
1916 3196 2087 3255 xxx.
2152 3231 2222 3240 —
2281 3200 3195 3272 llERMOGENl,thlEODOSlO,
3265 3201 3357 3258 ET

739 3272 1178 3325 ΕΠΙΣΚΟΙΙΟΙΣ.

2283 3271 2584 3339 ASLIANU,
2641 3269 3012 3328 EPISCOPIS.

1270 3382 1311 3435 Α
1343 3384 1531 3437 virtute
1557 3398 1659 3437 tres
1683 3384 2013 3438 commendat
2041 3384 2331 3453 episcopos.

244 3496 301 3548 Εἰ
322 3496 393 3568 μὴ
423 3498 457 3566 ἠ
496 3494 783 3567 ὑπερφυὴς
808 3496 964 3567 ὑμῶν
988 3497 1158 3569 ἀρετὴ
1190 3496 1493 3568 ἐλέγχουσά
1523 3514 1625 3568 μου
1654 3499 1746 3551 τὸν

183 3587 343 3656 λόγον,
380 3591 475 3643 καὶ
514 3590 608 3642 ἐπὶ
650 3588 758 3641 τῶν
784 3588 901 3653 νῦν,
941 3590 1134 3661 (πλείω
1173 3589 1281 3660 γὰρ
1330 3588 1502 3662 ἴσασι)
1532 3590 1628 3644 καὶ
1654 3590 1749 3643 ἐπὶ

186 3680 282 3733 τῶν
316 3679 612 3752 ἐσομένων,
666 3681 863 3754 (μείζω
902 3681 1011 3753 γὰρ
1043 3680 1077 3751 ἢ
1124 3680 1536 3753 πιστεύσουσιν)
1575 3684 1751 3735 εἰπεῖν

186 3772 244 3826 ἂν
275 3773 543 3845 κατῆλθον
601 3774 683 3838 είς
726 3773 819 3829 τὸν
872 3773 1064 3845 ἀγῶνα
1104 3773 1216 3829 τῶν
1266 3774 1547 3845 ὑμετέρων
1578 3775 1752 3843 ἔιγκω⁴

188 3865 327 3936 μίων.

484 4000 610 4057 AA'.
653 4030 717 4042 -ο
740 4002 1086 4073 ΠΑΛΛΑΔΙῼ
1107 3998 1429 4072 ΔΙΑΚΟΝῼ.

1925 3497 2037 3553 Nisi
2069 3497 2341 3553 excellens
2365 3507 2544 3555 vestra
2574 3500 2749 3555 virtus
2778 3514 2953 3555 meam
2993 3514 3297 3573 coarguens
3315 3518 3446 3559 ora.

1858 3590 2083 3654 tionem,
2115 3604 2236 3645 cum
2267 3590 2415 3658 apud.
2437 3606 2551 3657 eos,
2576 3592 2669 3662 qui
2718 3592 2878 3646 modo
2924 3602 3051 3646 sunt
3092 3593 3269 3662 (plura
3295 3596 3443 3649 enim

1864 3682 1965 3749 ipsi
2012 3681 2238 3752 sciunt),
2268 3692 2380 3735 tum
2413 3683 2554 3752 apud
2588 3691 2836 3751 posteros
2870 3681 3086 3754 (horum
3134 3684 3281 3739 enim
3328 3685 3447 3755 opi-

1860 3771 2025 3825 nione
2058 3771 2210 3840 plura
2238 3771 2409 3837 sunt),
2446 3784 2533 3825 me
2562 3770 2706 3841 loqui
2735 3780 2964 3839 vetaret,
2992 3776 3047 3829 in
3100 3773 3317 3831 laudum
3354 3789 3448 3831 ve-

1857 3872 2096 3919 strarum
2124 3876 2377 3932 campum
2406 3877 2779 3919 excurrerem.

2134 3998 2330 4055 XXXI.
2369 4031 2439 4041 —
2469 4000 2814 4059 PALLADIO
2850 4003 3175 4063 DIACONO.

186 4110 241 4170 S.
269 4112 553 4184 Scriptura:
592 4117 927 4178 incumbenti,
979 4131 1082 4169 non
1127 4115 1364 4169 scientia:
1412 4130 1594 4174 causa,
1643 4129 1770 4175 resp:

1364 4186 1603 4237 canibus.
1639 4182 1770 4252 Con]

1862 4132 1964 4198 um_
1991 4118 2233 4242 ἀερθεῖς’ιέ
2264 4132 2348 4182 ne,
2391 4117 2532 4187 quod
2570 4126 2707 4171 rotat
2755 4116 3019 4186 Christus,
3066 4132 3314 4176 sanctum
3356 4121 3445 4177 des

1883 4201 2048 4252 epulo
2078 4228 2092 4242 .
2237 4224 2253 4240 .

1364 4200 1603 4237 camaus.
1639 4200 1856 4252 bonter.
1883 4200 2092 4256 ερηιοι.
2129 4200 2253 4242 162.

248 4321 431 4375 Πολλοὶ
458 4320 562 4391 μέν
592 4334 779 4389 φασιν,
810 4319 892 4372 ὅτι.
921 4317 1023 4371 οὐκ
1050 4316 1227 4389 ὀρθῶς
1253 4316 1405 4387 βιῶν,
1429 4315 1565 4369 ἀλλὰ
1599 4332 1755 4386 περι-

191 4413 409 4467 στέλλειν
468 4411 795 4482 βουλόμενος
857 4410 926 4463 τὰ
989 4407 1185 4463 ἑαυτοῦ
1263 4409 1609 4478 πταίσματα,
1656 4407 1755 4477 τὴν

193 4502 274 4556 τοῦ
300 4503 605 4574 φιλομαθὴς
661 4496 800 4555 εἶναι
852 4501 1010 4567 δόξαν
1053 4498 1392 4571 θηρώμενος,
1442 4498 1755 4562 ἀκολουθῇς

1934 4316 2196 4373 ltet‘erunt
2241 4318 2555 4389 complures
2598 4327 2671 4385 te,
2726 4334 2853 4375 cum
2911 4331 3060 4377 recte
3114 4323 3280 4378 vitam
3336 4338 3445 4379 non

1862 4401 2176 4474 iustituas,‘
2216 4413 2310 4465 sed
2371 4421 2460 4465 tua
2514 4415 2773 4483 obtegere
2825 4414 2955 4468 vitia
3020 4415 3259 4484 labores,
3319 4417 3446 4486 gloo-

1862 4504 2022 4564 riam,
2054 4505 2211 4570 quasi
2240 4504 2486 4559 discendi
2521 4506 2749 4575 cupidus
2777 4506 2877 4571 sis,
2912 4510 3188 4576 sequendo
3223 4510 3443 4567 sectari.

192 4599 291 4659 τοίς
323 4598 507 4665 σοφοῖς
527 4612 540 4625 ·
577 4592 689 4663 ἐγὼ
721 4593 779 4646 δὲ
809 4592 969 4645 τοῦτο
996 4591 1096 4662 μὲν
1134 4593 1196 4645 οὐ
1228 4592 1485 4662 φήσαιμι,
1518 4589 1654 4643 ἀλλὰ
1687 4591 1755 4660 τῇ

1863 4594 2125 4662 Equidem
2188 4608 2295 4649 non
2345 4594 2416 4649 ita
2451 4610 2695 4662 censeo;
2747 4598 2843 4652 sed
2896 4598 3269 4667 experimento
3316 4600 3449 4656 edo-

194 4690 346 4760 πείρᾳ
392 4687 603 4759 μαθὼν,
642 4686 805 4740 ὅτιού
857 4686 948 4739 διὰ
971 4685 1034 4737 τὸ
1062 4684 1262 4738 εἰδέναι
1289 4683 1359 4736 τὰ
1389 4683 1491 4753 τῆς
1536 4682 1759 4754 Γραφῆς

192 4782 341 4836 ἄδυτα
367 4783 593 4854 ὲρευνᾷν
622 4782 917 4852 προσποιῇ,
937 4777 1074 4832 ἀλλὰ
1093 4778 1252 4843 δόξαν
1281 4777 1434 4847 παρά
1456 4776 1552 4830 ἀνθ
1563 4768 1777 4847 ρώπων

196 4869 490 4942 μνώμενος·
541 4870 642 4923 οὐκ
679 4867 1084 4940 ἀποκρινοῦμαί
1119 4882 1226 4928 σοι,
1275 4864 1405 4935 θείῳ
1439 4863 1761 4933 πειθόμενος

194 4963 408 5033 χρησμῷ
450 4961 947 5034 παρακελευομένῳ
997 4960 1073 5032 μὴ
1122 4959 1324 5014 διδόναι
1373 4956 1444 5011 τὰ
1490 4958 1622 5025 ἆγια
1649 4957 1763 5020 τοῖς

198 5054 331 5117 κυσὶ,
360 5056 497 5126 μηδὲ
530 5056 745 5127 ῥίπτειν
770 5055 896 5117 τοὺς
929 5052 1277 5125 μαργαρίτας
1317 5047 1630 5121 ἔμπροσθεν
1653 5047 1763 5101 τῶν

196 5146 397 5215 χοίρων.

261 5323 283 5355 ⁸
316 5323 507 5385 Matth.
552 5342 648 5393 vn,
677 5324 751 5391 6;
795 5339 884 5390 xv,
908 5324 1001 5380 26.

1863 4697 1984 4742 ctus
2014 4702 2155 4751 sum,
2201 4687 2342 4756 quod
2370 4703 2477 4742 non
2505 4698 2562 4742 ut
2592 4704 2889 4759 cognoscas
2919 4700 3164 4745 sanctam
3194 4691 3447 4761 Scriptu-

1864 4793 2001 4843 ram,
2036 4778 2193 4848 adyta
2245 4778 2363 4846 ejus
2417 4779 2747 4848 perscrutari
2792 4796 2904 4851 pra:
2957 4789 3010 4835 te
3056 4780 3224 4847 feras,
3252 4783 3345 4837 sed
3389 4790 3449 4837 ut

1865 4862 2076 4917 laudem
2108 4865 2389 4918 hominum
2442 4866 2690 4922 ambiens
2730 4887 2745 4923 :
2782 4884 2888 4922 non
2935 4869 3028 4924 tibi
3062 4872 3329 4926 assentior
3358 4873 3449 4927 Dei

1864 4954 2087 5010 oraculo
2116 4970 2432 5024 persuasus,
2466 4957 2557 5027 qui
2580 4957 2736 5028 jubet
2760 4968 2947 5015 sancta
2996 4976 3100 5015 non
3143 4974 3266 5019 esse
3298 4961 3450 5018 cani-

1868 5048 1968 5101 bus
1997 5046 2322 5116 objicienda,
2348 5057 2409 5104 ut
2438 5064 2536 5106 nec
2566 5051 2749 5121 porcis
2775 5052 3100 5123 margaritas
3121 5052 3163 5106 ⁸.

1242 5479 1478 5536 VARI/ii
1510 5479 1896 5538 LECTIONES
1929 5479 2017 5535 ET
2054 5478 2290 5537 ΝΟΤᾸΞ.

267 5630 371 5702 (51)
406 5631 556 5701 Quod
602 5638 725 5700 post
758 5629 1071 5702 ἐλλογίμων
1110 5628 1360 5702 .n_ed_ito
1398 5627 1614 5698 legitur,
1663 5628 1763 5701 ζη-

202 5697 304 5765 τεῖς
332 5697 481 5758 abest
509 5719 538 5757 a
564 5697 720 5757 codd.
755 5701 876 5755 Vat.
913 5697 1021 5755 650
1042 5708 1097 5755 et
1128 5697 1235 5754 Alt.
1262 5697 1478 5754 Possm.

409 5773 512 5847 _Pro
541 5770 802 5847 ltis,_ot')6§_
820 5769 1159 5847 {Myoghcbv
1183 5767 1763 5847 T9t06‘t911'5ppofstat:

209 5838 311 5898 bze'c
340 5838 534 5901 habent
570 5844 729 5901 codd.
759 5842 932 5900 Vatic.
954 5838 1066 5898 7650
1097 5848 1152 5897 et
1176 5839 1309 5909 Alt.,
1331 5839 1451 5894 οὐδὲ
1482 5838 1638 5911 λόγον
1668 5840 1761 5894 τοῦ

1873 5630 2119 5701 τοιούτου
2143 5648 2305 5701 προσ.
2340 5632 2415 5685 In.

1943 5702 2054 5771 (55)
2095 5697 2201 5756 Pro
2225 5701 2320 5753 ἐπὶ
2346 5702 2436 5754 τὸν
2474 5698 2654 5771 legunt
2694 5702 2787 5755 ἐπὶ
2824 5701 2951 5765 τοὺς
2983 5699 3139 5771 codd.
3188 5698 3303 5753 Vat.
3350 5697 3457 5771 650

1870 5781 1924 5828 et
1955 5769 2060 5827 Alt.
2091 5781 2148 5828 et
2185 5786 2329 5828 vers.
2360 5787 2475 5842 seq.
2512 5769 2611 5843 pro
2639 5772 2820 5843 ἔρωτα
2856 5780 3063 5843 ponunt
3110 5770 3335 5843 ἔρωτας.
3378 5769 3453 5822 In.
