3906 6416
198 384 324 450 1349

1096 377 1635 440 EPISTOLARUM
1665 378 1829 440 ·Ι.·ΙΒ.
1872 381 1942 443 V.
1978 405 2047 415 -
2086 379 2324 440 EPIST.
2364 378 2636 440 XXXIX.

3336 375 3475 448 1350

192 495 424 568 ἀνδρίαν,
475 496 582 551 κᾶν
616 495 795 566 φωναὶ
831 492 946 565 (57)
999 490 1322 563 σαλπίγγων
1350 494 1445 547 καὶ
1471 494 1777 565 συρίγγων,

1891 495 2014 550 sicas
2057 496 2193 552 artis
2224 510 2325 565 per
2362 510 2492 550 aera
2529 494 2723 550 delatze
2767 493 2997 550 auribus
3043 492 3473 554 circumsonent.

194 590 281 643 καὶ
311 588 498 658 πάσης
534 589 810 660 μουσικῆς
860 584 1004 658 πρὸς
1050 585 1144 639 τδν
1208 584 1409 656 αίθέρα
1464 587 1777 657 φερομένης

193 680 530 751 περιηχῶσιν
588 679 752 752 ἡμῶν
825 679 926 742 τὰς
970 677 1141 741 ἀκοὰς
1174 676 1311 750 (58),
1397 679 1493 731 καὶ
1546 679 1779 747 κάμινος

194 773 375 837 πενίας
396 772 742 837 ἀνακαίοιτο,
793 771 871 842 μὴ
901 769 1263 841 προσέχωμεν
1301 770 1417 833 τοῖς
1448 769 1777 839 τυμπάνοις,

198 866 321 937 μηδὲ
334 868 449 928 τοῖς
464 863 830 935 αὑλοῖς,“μηδέ
840 866 909 935 τῇ
924 863 1087 934 λοιπῇ
1111 861 1205 914 τοῦ
1232 860 1464 915 πλούτου
1483 861 1776 934 φαντασίᾳ.

207 956 355 1013 Ἀλλά
387 956 492 1011 κᾶν
524 958 605 1020 είς
630 956 863 1028 κάμινον
895 957 1158 1026 ἐμπεσεῖν
1183 952 1281 1027 δέῃ
1301 993 1318 1020 ,
1342 953 1622 1023 πτωχείαν
1644 951 1780 1006 ἑλώ-

198 1044 349 1116 μεθα,
376 1044 526 1098 ὥστε
564 1045 641 1116 μὴ
679 1043 1062 1116 προσκυνῆσαι
1085 1042 1304 1114 ἐκείνῳ,
1335 1042 1434 1097 καὶ
1468 1042 1621 1096 ἔσται
1643 1044 1776 1113 ἡμῖν

196 1141 225 1211 ἡ
267 1138 581 1207 φιλοσοφία,
622 1136 862 1191 ἐνθαῦθα
906 1136 1006 1208 μὲν
1049 1135 1240 1207 ὥσπερ
1292 1135 1483 1206 δρόσος
1532 1138 1591 1189 ἐν
1622 1135 1777 1207 μέσῳ

194 1229 599 1301 διασυρίζουσα,
628 1230 726 1284 καὶ
755 1228 1071 1301 ἐλευθερίαν
1099 1228 1320 1282 ἃπασαν
1350 1228 1639 1295 ὠδίνουσα,
1662 1230 1783 1284 ἐκεῖ

197 1321 248 1375 δὲ
283 1323 404 1384 τοὺς
430 1323 738 1391 στεφάνους
757 1323 856 1392 τῆς
893 1321 1174 1391 ὑπομονῆς
1202 1321 1594 1376 άποτίκτουσα.

487 1436 617 1489 ΛΖ’.
656 1464 726 1476 -
758 1435 1061 1506 ΛΕΟΝΤΙῼ
1094 1432 1464 1507 ΕΠΙΣΚΟΠῼ.

1878 598 1935 646 et
1963 590 2157 644 fornax
2202 588 2399 659 inopiae
2428 589 2782 657 accendatur,
2825 602 2894 644 ne
2924 587 3199 659 tympanis
3231 586 3479 641 attenda-

1880 698 2025 747 mus,
2084 696 2260 752 neque
2313 681 2497 751 tybiis,
2550 694 2616 734 ac
2668 693 2737 734 ne
2784 678 3014 750 reliquis
3051 678 3267 749 quidem
3310 691 3476 746 opum

1879 773 2303 845 phantasmatis.
2328 773 2435 829 Sed
2462 773 2567 829 etsi
2603 771 2656 827 in
2691 771 2970 827 caminum
3021 769 3337 841 projiciendi
3385 783 3479 823 sn-

1881 881 2025 931 mus,
2050 867 2455 922 mendicitatem
2481 878 2639 935 aequo
2662 863 2903 921 feramus
2930 863 3136 926 animo,
3167 871 3226 916 ut
3254 878 3321 916 ne
3347 876 3479 932 opes

1881 959 2099 1029 quidem
2135 959 2447 1013 adoremus.
2475 956 2569 1012 Sic
2618 957 2726 1011 erit
2777 957 2891 1012 haec
2941 955 3098 1011 nobis
3136 953 3479 1024 philosophia

1883 1052 2080 1108 exinde
2111 1050 2256 1107 velut
2290 1063 2381 1105 ros
2401 1048 2454 1104 in
2487 1048 2668 1103 medio
2699 1046 2919 1103 sibilum
2953 1046 3125 1104 edens
3150 1046 3198 1112 ‘,
3227 1058 3478 1102 omnem-

1882 1157 1989 1212 que
2013 1142 2239 1214 gignens
2263 1141 2598 1206 libertatem,
2630 1139 2815 1210 ibique
2852 1152 3089 1197 coronas
3112 1136 3350 1192 aIIerens
3371 1151 3471 1206 pa-

1882 1236 2112 1292 tientia}.

2029 1433 2193 1506 565
2240 1434 2510 1491 XXXVII.
2539 1466 2610 1477 —
2645 1432 2947 1492 LEONTIO
2983 1430 3337 1489 EPISCOPO.

327 1528 402 1584 De
433 1530 589 1583 bonis
625 1529 938 1600 presbyteris
967 1498 1156 1583 contra
1186 1529 1358 1583 malos
1388 1498 1691 1596 disseritur,
1725 1498 1918 1602 quique
1954 1498 2136 1584 earinis
2148 1498 2222 1585 'se
2250 1541 2497 1586 excusent
2520 1530 2780 1599 exemplo.
2816 1527 3029 1597 Confer.
3059 1525 3214 1594 epist.
3242 1524 3336 1579 21.

262 1644 322 1696 Ei
351 1643 457 1714 μὲν
488 1643 604 1696 τῶν
651 1642 974 1714 ἀρχομένων
1015 1642 1169 1706 τινάς
1203 1642 1485 1713 ἐχειροῦτο
1513 1645 1546 1716 ἡ
1577 1645 1782 1711 κακία,

199 1737 339 1791 οὐδὲν
369 1736 510 1808 (χρὴ
537 1737 647 1806 γὰρ
674 1736 884 1807 τάληθῆ
913 1734 1096 1805 λέγειν
1119 1734 1138 1805 )
1160 1734 1226 1788 ἂν
1248 1731 1317 1806 ἦν
1339 1734 1564 1789 τοσοῦτο
1586 1735 1781 1802 δεινὸν,

1966 1644 2024 1701 Si
2049 1644 2268 1714 quidem
2304 1644 2648 1701 subditorum
2675 1642 3002 1714 quibusdam
3033 1640 3351 1712 improbitas
3381 1639 3481 1694 do-

1893 1737 2154 1803 minetur,
2205 1736 2343 1791 nihil
2381 1736 2590 1807 (verum
2643 1743 2728 1791 est
2773 1734 2920 1790 enim
2967 1731 3381 1804 proferendum)“
3411 1745 3481 1785 eo

200 1829 394 1899 καίπερ
418 1827 482 1880 ὃν
512 1827 711 1883 δεινόν.
742 1827 967 1897 Ἐπειδὴ
987 1827 1042 1879 δέ
1067 1826 1315 1898 ἕρπουσα
1336 1827 1475 1898 πρὸς
1495 1828 1562 1881 τὰ
1583 1828 1782 1900 χείρω,

1891 1827 2064 1898 magis
2098 1836 2185 1883 est
2221 1842 2409 1898 grave,
2458 1825 2678 1882 tametsi
2727 1826 2801 1881 sit
2834 1838 3022 1895 grave.
3062 1824 3200 1879 Cum
3245 1838 3375 1878 vero
3408 1823 3482 1878 ad

200 1918 286 1974 καί
305 1936 455 1982 τινας
477 1918 591 1971 τῶν
626 1917 880 1989 ἱερᾶσθαι
897 1918 1171 1987 λαχόντων
1195 1917 1569 1971 ἐπιϐόσκεται·
1593 1921 1690 1973 καὶ
1709 1919 1786 1983 ὡς

200 2012 473 2082 ⁸γέγραφας
497 2010 597 2079 (τὸ
618 2011 727 2065 τῶν
754 2012 941 2064 κακῶν
963 2012 1283 2080 κεφάλαιον,
1310 2011 1409 2065 καὶ
1439 2012 1623 2083 πάσης
1648 2030 1787 2084 συμ-

200 2106 358 2176 φορᾶς
376 2102 705 2174 βαρύτερον)
727 2103 1047 2173 ἀπολογίαν,
1068 2105 1170 2158 οὑκ
1185 2099 1282 2157 οἷδ’
1298 2105 1469 2170 ὅπως,
1493 2104 1654 2159 τοῦτο
1672 2107 1786 2169 τοῖς

200 2194 450 2264 ὑπηκόοις
479 2193 681 2246 τίκτει.
717 2193 1091 2247 ’Λκουέτωσαν
1119 2194 1167 2246 oi
1196 2191 1372 2247 ταῦτα
1397 2194 1671 2262 λέγοντες,
1705 2193 1781 2265 μὴ

197 2287 299 2348 τοῖς
325 2284 518 2348 κακῶς
542 2284 864 2356 ίερωμένοις
882 2286 1262 2356 παραμετρεῖν
1284 2285 1375 2338 τὸν
1408 2286 1612 2338 οἰκεῖον
1643 2285 1781 2357 βίον,

199 2376 326 2429 ἀλλά
358 2379 483 2438 ταῖς
536 2376 803 2440 ἐντολαῖς.
860 2375 923 2430 ⁸0
956 2376 1068 2447 γὰρ
1102 2376 1300 2448 κριτὴς
1346 2377 1644 2442 ἀδέκαστος
1683 2377 1784 2441 ὢν,

198 2468 488 2537 ἀπολογίαν
532 2468 728 2537 ἄλογον
762 2469 824 2522 οὑ
859 2468 1092 2534 δέξαιτο,
1122 2468 1241 2523 ἀλλ’
1270 2470 1387 2539 ἐρεῖ
1418 2470 1653 2540 μάλιστα
1684 2470 1786 2542 μὲν

198 2561 272 2613 ὅτι
316 2559 429 2632 (59)
478 2560 675 2614 πολλοὶ
717 2560 832 2615 τῶν
880 2560 1199 2632 ἱερωμένων
1251 2561 1651 2633 ηὐδοκίμησαν,
1702 2558 1785 2625 οἷς

201 2654 358 2724 ἐχρῆν
386 2654 759 2726 προσέχοντας
797 2654 945 2725 ὑμᾶς
977 2654 1072 2707 τὸν
1102 2653 1228 2707 νοῦν
1256 2654 1551 2726 διορθῶσαι
1580 2654 1673 2708 τὸν
1704 2658 1783 2708 oi-

200 2748 338 2798 κεῖον
382 2743 523 2815 βίον.
568 2743 789 2816 Ἐπειδὴ
821 2744 875 2796 δὲ
908 2744 1230 2816 ἐφωράθητε
1259 2744 1361 2815 τῆς
1400 2746 1599 2809 κακίας
1630 2746 1783 2812 ὄντες

201 2837 419 2907 ἐρασταὶ
437 2878 452 2901 ,
494 2836 557 2903 ἐξ
582 2830 658 2892 ὧν
687 2836 749 2890 οὑ
776 2839 890 2901 τοῖς
917 2832 1306 2908 ἀριστεύσασιν
1339 2839 1547 2902 ἀτενῶς
1609 2856 1781 2911 προσ-

205 2931 493 3000 εσχήκατε,
514 2928 653 3001 ἀλλά
679 2932 792 2994 τοῖς
819 2929 1105 2994 πταίσασι,
1140 2931 1383 2985 κάκεῖνοι
1413 2933 1512 3003 μὲν
1552 2931 1783 2987 δώσουσι

199 3018 346 3090 δίκην
382 3019 547 3086 ἀξίαν
587 3013 665 3075 ὧν
705 3019 964 3092 ἔδρασαν,
996 3019 1094 3073 καὶ
1141 3019 1303 3091 ὑμεῖς
1348 3021 1536 3093 ἐπειδὴ
1581 3022 1783 3094 ἀρετὴν

200 3112 526 3182 ὴτοιμάσατε
561 3110 710 3183 (60),
763 3111 859 3164 καὶ
888 3112 1091 3167 κακίαν
1119 3112 1446 3182 ἠσπάσασθε
1469 3151 1485 3178 ,
1517 3115 1613 3169 καὶ
1656 3113 1781 3168 οὑτε

1889 1919 2161 1974 deteriora
2213 1934 2415 1990 urgens
2453 1919 2621 1973 etiam
2662 1916 2953 1973 sacerdotii
2999 1927 3204 1972 sortem
3254 1915 3480 1985 adeptos
3536 1956 3537 1959 η

1886 2011 2215 2081 depascitur,
2250 2020 2328 2076 et,
2368 2020 2425 2066 ut
2463 2008 2661 2066 scribis
2687 2009 2855 2080 (quod
2898 2009 2977 2064 rei
3016 2017 3180 2077 caput
3219 2008 3480 2075 omnique

1888 2101 2088 2157 damno
2113 2102 2380 2172 gravius),
2424 2102 2795 2157 defensionem
2836 2099 3356 2167 excusationemque
3384 2111 3479 2151 ue-

1872 2194 2004 2262 ,scio
2034 2195 2306 2264 quomodo
2350 2195 2454 2249 hoc
2486 2193 2827 2247 auditoribus
2877 2192 3044 2263 parit.
3090 2191 3351 2252 Audiant,
3383 2186 3478 2258 qui

1885 2283 2013 2339 talia
2045 2284 2255 2351 dicunt,
2288 2298 2359 2338 ne
2401 2283 2730 2339 conformari
2764 2285 2887 2338 vine
2918 2284 3184 2337 malorum
3216 2277 3478 2336 sacerdo-

1887 2384 1999 2428 tum
2035 2389 2190 2429 suam
2225 2375 2391 2429 vitam
2440 2376 2632 2444 velint,
2674 2377 2770 2431 sed
2816 2376 2997 2445 potius
3041 2372 3348 2445 praeceptis.
3390 2370 3480 2426 ln-

1886 2477 2178 2536 corruptns
2210 2467 2355 2522 enim
2402 2466 2571 2538 judex
2612 2470 3018 2523 excusationem
3064 2465 3324 2537 injustam
3365 2479 3475 2519 non

1884 2560 2139 2631 recipiet,
2185 2561 2279 2616 sed
2328 2562 2518 2617 dicet:
2551 2560 2725 2628 Quam
2772 2560 2929 2616 multi
2972 2559 3287 2616 sacerdotes
3322 2558 3479 2614 bona;

1885 2651 2100 2707 fuerunt
2137 2652 2583 2719 existimationis,
2611 2652 2768 2723 queis
2804 2651 3033 2707 decebat
3058 2661 3296 2706 mentem
3323 2651 3479 2705 adhi-

1884 2744 2035 2811 bere,
2076 2759 2142 2800 ac
2170 2744 2335 2799 vitam
2361 2760 2650 2812 moresque
2678 2754 2891 2800 vestros
2918 2744 2971 2799 in
3000 2743 3192 2800 melius
3226 2759 3477 2799 comnm-

1888 2848 2027 2893 tare.
2057 2836 2167 2894 Vos
2199 2847 2383 2894 autem
2407 2836 2627 2893 malitias
2655 2836 2817 2892 nimis
2847 2845 3098 2891 amantes
3123 2835 3476 2905 deprehensi,

1884 2944 1984 2984 cur
2030 2945 2137 2984 non
2178 2929 2511 2985 melioribus
2556 2929 2705 2984 serio
2752 2926 3102 2983 intendistisi
3151 2928 3247 2984 sed
3296 2926 3477 2982 vitiosi

1885 3021 1989 3093 ipsi
2013 3022 2169 3079 estis.
2192 3021 2475 3093 Hujusque
2497 3036 2689 3093 pcenas
2711 3021 2918 3077 dabunt
2938 3019 3111 3090 culpis
3129 3020 3429 3090 condignas
3453 3037 3469 3086 ;

1884 3128 2089 3185 vosque
2135 3114 2286 3185 quia,
2322 3116 2524 3169 virtute
2565 3112 2792 3184 rejects,
2827 3114 3230 3185 improbitatem
3274 3114 3475 3183 cupide

177 3244 183 3249 .
203 3204 469 3274 βασιλείας
492 3202 680 3267 πόθος,
701 3201 829 3256 οὗτε
852 3202 1080 3273 γεέννης
1101 3202 1264 3273 φόϐος
1294 3203 1517 3274 ἐποίησε
1536 3203 1782 3273 φύλακας

1891 3207 2024 3261 estis
2051 3206 2310 3277 amplexi,
2339 3221 2517 3276 neque
2548 3207 2701 3278 regni
2729 3207 2971 3264 caelestis
2998 3207 3350 3269 desiderium,
3378 3222 3475 3261 ne-

200 3296 299 3349 τῶν
325 3296 477 3366 ἐμῶν
526 3294 785 3365 γένεσθαι
823 3295 1027 3367 νόμων,
1056 3295 1158 3366 τὴν
1198 3296 1440 3368 ἐσχάτην
1466 3295 1668 3350 δώσετε
1697 3312 1782 3350 τι-

204 3389 425 3459 μωρίαν.

497 3504 632 3560 ΔΗ’.
668 3534 739 3547 --
767 3503 1055 3558 ΑΒΡΑΑΜ
1096 3503 1467 3575 ΕΠῙΣΚΟΠῼ.

1885 3313 1993 3369 que
2048 3299 2312 3369 gehennae
2363 3309 2541 3357 terror
2589 3315 2739 3357 meas
2785 3300 2916 3357 fecit
2963 3302 3260 3358 observare
3305 3302 3471 3370 leges,

1888 3390 2094 3445 idcirco
2119 3399 2379 3446 :eternam
2411 3391 2572 3448 luetis
2612 3407 2852 3463 poenam.

2074 3500 2363 3558 XXXVIII.
2394 3533 2467 3545 —
2492 3503 2884 3562 ABRAIIAHO
2923 3504 3281 3565 EPISCOPO.

1007 3616 1300 3672 Sacrarum
1340 3616 1663 3672 Litterarum
1697 3617 1932 3673 studium
1963 3617 2175 3673 virtutis
2203 3619 2369 3689 gignit
2405 3637 2660 3677 amarem.

266 3734 395 3788 Δίαν
431 3730 704 3805 θαύμαζω
752 3729 853 3802 τὴν
890 3729 1003 3783 τῶν
1044 3729 1259 3784 πολλῶν
1291 3729 1587 3802 ρᾳθυμίαν,
1619 3733 1700 3785 ὅτι
1731 3733 1780 3785 οἱ

205 3828 295 3899 μὲν
331 3829 574 3896 γενναῖοι
608 3826 703 3878 καὶ
728 3823 1038 3894 θαυμαστοὶ
1059 3822 1254 3894 ἀνδρες
1278 3823 1406 3887 τοὺς
1431 3825 1628 3888 πόνους
1652 3825 1781 3888 τοὺς

206 3919 337 3991 ὑπὲρ
375 3920 476 3990 τῆς
528 3919 733 3990 ἀρετῆς
777 3914 1077 3987 προθύμως
1110 3913 1496 3985 ὑπομένουσιν,
1535 3910 1681 3969 οὗτοι
1722 3915 1777 3969 δὲ

204 4012 315 4065 οὑδέ
349 4013 477 4075 τοὺς
512 4011 704 4078 λόγους
735 4008 795 4073 ἐξ
821 4002 897 4064 ὧν
927 4009 978 4061 οί
1009 4008 1109 4078 τῆς
1146 4009 1350 4079 ἀρετῆς
1386 4008 1614 4062 εἰώθασι
1647 4009 1779 4080 φύε-

207 4102 320 4155 σθαι
365 4102 521 4154 πόνοι
544 4142 559 4164 ,
595 4098 816 4153 ἀκούειν
846 4098 1155 4168 ἀνέχονται.
1186 4097 1283 4161 Τίς
1324 4091 1420 4152 οὖν
1465 4097 1649 4160 αὑτοῖς
1686 4114 1781 4149 πι-

206 4193 396 4258 στεύει,
432 4193 520 4245 ὅτι
549 4193 681 4253 τοὺς
712 4189 852 4261 ὑπὲρ
892 4188 994 4259 τῆς
1023 4186 1228 4260 ἀρετῆς
1273 4187 1504 4258 ἱδρῶτας
1542 4187 1782 4259 γνησίως

205 4284 586 4357 ἐπαναιροῦσιν
629 4282 782 4354 (61),
834 4282 965 4337 ὅταν
1002 4281 1133 4345 τοὺς
1186 4280 1328 4351 ὑπὲρ
1368 4281 1544 4351 αὑτῆς
1586 4279 1779 4349 λόγους

204 4378 375 4432 ἴδωσιν
404 4376 606 4438 αὑτοὺς
628 4373 905 4437 δυσκόλως
933 4371 1352 4444 προσιεμένους.
1380 4372 1645 4444 Παραίνει
1667 4372 1778 4425 τοί-

204 4486 286 4523 νυν
312 4469 545 4530 ἐκείνοις
578 4464 709 4537 περὶ
734 4458 808 4519 ὧν
838 4464 931 4519 καὶ
957 4465 1270 4535 γέγραφας,
1292 4463 1512 4534 ἔχεσθαι
1541 4463 1641 4534 τῆς
1669 4463 1778 4516 τῶν

1961 3733 2130 3791 Valde
2162 3734 2416 3805 equidem
2465 3734 2639 3788 miror
2685 3734 2937 3804 supinam
2965 3735 3330 3805 quorumdam
3379 3750 3476 3791 ne-

1889 3826 2227 3899 gligentiam,
2264 3824 2512 3895 cumalii
2542 3825 2794 3882 homines
2822 3827 3072 3899 generosi
3111 3837 3277 3898 atque
3301 3828 3476 3883 admi-

1872 3920 2040 3976 .ramli
2086 3918 2301 3975 labores
2340 3918 2561 3974 virtutis
2598 3919 2821 3975 nomine
2872 3919 3107 3976 libenter
3151 3921 3474 3991 suscipiant,

1887 4011 1964 4065 illi
1988 4024 2117 4064 vero
2145 4024 2213 4063 ne
2242 4008 2404 4064 verba
2438 4009 2677 4079 quidem,
2716 4009 2915 4079 quibus
2943 4011 3010 4065 ad
3040 4010 3279 4067 laborem
3308 4011 3478 4065 virtu-

1889 4102 1960 4157 tis
1986 4101 2216 4157 cxcitari
2260 4100 2515 4157 homines
2558 4100 2759 4166 solent,
2806 4101 3084 4177 sustinent
3115 4101 3323 4157 audire.
3360 4100 3476 4157 Hos

1886 4194 2013 4266 quis
2048 4194 2255 4267 credat,
2282 4206 2382 4263 pro
2414 4192 2621 4248 virtute
2673 4194 2920 4250 sudores
2958 4209 3147 4250 revera
3189 4208 3477 4264 capessere

1888 4285 2050 4352 velle,
2081 4284 2302 4354 quando
2333 4298 2401 4338 ne
2425 4298 2708 4340 sermones
2740 4285 2960 4355 quidem
3000 4287 3191 4342 videas
3222 4299 3379 4356 aequo
3404 4288 3476 4341 ab

1884 4377 1955 4430 iis
1989 4377 2174 4431 animo
2218 4374 2444 4445 suscipi.
2483 4372 2716 4430 Hortare
2756 4376 2939 4446 itaque
2975 4375 3133 4440 tales,
3167 4377 3235 4432 de
3275 4376 3473 4445 quibus

1884 4468 1953 4522 ad
2005 4481 2094 4521 me
2135 4467 2566 4537 perscripseras,
2616 4481 2832 4522 sacram
2870 4466 3056 4537 legant
3105 4466 3472 4539 Scripturam,

204 4555 424 4627 Γραφῶν
472 4534 861 4623 ἀναγνῶσεως.
921 4534 1205 4607 Ἐντεῦθεν
1237 4553 1347 4625 γὰρ
1374 4554 1470 4607 καὶ
1497 4554 1532 4624 ἡ
1576 4552 1778 4622 γνῶσις

1891 4575 2047 4630 quam
2086 4534 2375 4616 lectionem
2404 4559 2703 4615 comitatur
2738 4534 2979 4631 cognitio
3013 4569 3178 4630 atque
3219 4534 3471 4617 scientia.

203 4647 454 4705 τίκτεται.

487 4742 614 4799 ΛΘ¹.
669 4772 742 4784 -
775 4738 1036 4811 misero
1080 4736 1407 4809 ΔΙΑΚΟΝῼ.

2167 4733 2420 4793 XXXIX.
2451 4766 2525 4777 —
2552 4734 2831 4792 ISIDORO
2869 4735 3190 4792 DlACONO.

1017 4853 1341 4924 Multiplices
1375 4856 1723 4910 tentationum
1756 4856 1983 4926 fructus.
2020 4853 2237 4922 Confer.
2266 4853 2368 4923 inf.
2399 4851 2507 4909 226
2558 4869 2640 4923 ep.
2668 4896 2673 4899 .

266 4976 458 5031 Πολλοὶ
503 4974 758 5042 δόξαντες
792 4972 1029 5045 ἀνδρεῖοι
1063 4966 1202 5027 εἶναι
1250 4973 1348 5028 καὶ
1373 4976 1612 5043 γενναῖοι
1656 4974 1779 5029 οὑδέ

203 5069 293 5142 τὴν
320 5070 628 5143 προσϐολὴν
657 5070 754 5124 καὶ
783 5067 876 5121 τὸν
897 5066 1300 5140 ἀκροϐολισμὸν
1320 5066 1430 5121 τῶν
1456 5069 1781 5141 πειρασμῶν

270 5231 293 5264 ⁸
312 5232 444 5289 ibid.
479 5229 572 5285 50.

272 5482 379 5552 (ὅτ)
419 5483 521 5537 Pro
556 5480 735 5551 φωναὶ
760 5468 1185 5552 εετίιιξιφωναῖς
1215 5475 1337 5530 cod.
1370 5475 1471 5552 ait.
1514 5473 1724 5552 Possm.

273 5545 379 5624 (58)
417 5545 835 5624 Interdxoiget
860 5545 1088 5619 κάμινος
1107 5548 1253 5624 idem
1274 5546 1473 5624 omittit
1503 5545 1599 5624 καὶ
1628 5561 1772 5601 vers.

208 5616 319 5691 poét
344 5616 397 5689 4,
424 5622 700 5693 πτωχείαν
733 5621 885 5693 idem
903 5616 1074 5693 mutat
1105 5618 1161 5693 in
1194 5616 1596 5693 nymxeigc._ln.

274 5685 393 5765 (59)'
422 5685 685 5765 Inteir'péy
714 5700 769 5746 et
787 5689 987 5765 stone).
1028 5688 1149 5765 cod.
1186 5686 1464 5765 A_lt._to|_|it
1492 5685 1777 5742 6n..ldem

206 5757 500 5819 vers.'inde
523 5757 679 5834 5,ὀὺ
722 5762 837 5834 τοῖς
858 5769 1041 5834 mutat
1069 5758 1123 5811 in
1170 5757 1356 5834 αὑτοῖς
1403 5757 1456 5812 in
1501 5767 1776 5823 contextu,

211 5844 458 5891 annotans
483 5825 662 5892 tamen
694 5832 758 5886 οὑ
794 5831 907 5892 τοῖς
935 5830 989 5885 in
1018 5842 1189 5899 marg.
1223 5825 1303 5882 lo.

1872 4986 1873 4989 ‘
1959 4972 2260 5041 Opinantes
2312 4969 2556 5041 plerique
2602 4971 2772 5028 fortes
2821 4986 2882 5026 se
2935 4986 3000 5027 ac
3054 4986 3354 5042 generosos
3408 4989 3474 5027 ne

1889 5064 2315 5135 impressionum
2350 5063 2568 5132 quidem
2603 5072 2660 5119 et
2705 5063 3066 5119 tentationum
3100 5061 3471 5119 velitationem

1331 5317 1573 5375 VARIAZ
1616 5309 2002 5375 LECTIONES
2040 5316 2132 5373 ET
2168 5316 2403 5372 ΝΟΤᾸΞ.

1948 5445 2073 5546 ’(60)
2111 5472 2219 5547 Pro
2256 5446 2827 5547 ﬂrotpdtaarsﬂscribit
2855 5470 3005 5547 idem
3050 5469 3468 5547 ﬁttpécars,_et

1886 5542 2031 5601 vers.
2056 5542 2295 5615 ἐποίησε
2325 5542 2493 5598 mutat
2523 5546 2576 5598 in
2607 5542 2812 5605 ἔπεισε.
2853 5542 2909 5597 in
2940 5551 3168 5611 utraque
3210 5542 3467 5597 emcnda-

1885 5618 2028 5672 tione
2054 5617 2175 5672 sine
2203 5616 2367 5670 dubio
2398 5616 2728 5683 probandus.
2761 5615 2835 5668 Io.

1955 5687 2069 5759 (6i)
2103 5684 2209 5739 Pro
2240 5680 2627 5760 ἐπαναιροὺσιν
2670 5684 2791 5742 cod.
2822 5681 2960 5760 .Vat.
3006 5680 3114 5738 650
3154 5690 3209 5738 et
3245 5681 3355 5738 Alt.
3390 5680 3468 5738 Ie-

1883 5755 2016 5831 gunt
2045 5755 2489 5829 ἐπαναιροῦντες.
