3906 6416
433 359 569 428 1351
1627 354 1691 413 S.
1728 352 2022 414 ISIDORI
2061 348 2501 415 PELUSIOT/E
3584 357 3703 425 1352

430 473 829 530 sustinuerunt.
886 464 1191 537 Redarguti
1253 478 1387 534 ergo
1434 462 1552 520 sola
1610 466 1870 533 opinione
1929 481 1972 520 ut

2163 467 2408 537 ιλνεγκαν·
2442 464 2754 538 ἐλεχθέντες
2783 460 2879 521 οὖν
2919 469 2978 522 ἐν
3008 467 3145 539 μόνῃ
3177 470 3244 539 τῇ
3273 469 3437 543 δόξῃ,
3486 472 3593 525 ἁλλ’
3616 478 3705 541 οὐκ

429 566 574 622 facto
632 562 974 618 fortitudinis
1021 558 1488 615 existimationem
1538 572 1569 611 a
1622 559 1971 626 spectantibu

2166 578 2196 612 ν
2242 564 2309 632 τῇ
2340 559 2541 631 πράξει
2565 603 2579 626 ,
2620 562 2722 631 τὴν
2756 562 2855 633 τῆς
2895 561 3149 633 ἀνδρείας
3196 564 3373 632 οἴησιν
3417 567 3566 637 παρά
3605 572 3707 633 τοῖς

428 657 574 729 quod
604 656 821 709 laudem
851 667 1079 723 carpere
1103 653 1287 707 conati
1324 660 1473 714 sunt,
1502 650 1863 719 supercilium
1894 666 1970 706 con

2170 657 2358 717 εαταῖς
2389 654 2810 725 κεκαρπῶσθαι,
2843 657 3197 710 κατέσπασαν
3233 660 3332 728 τὴν
3362 658 3554 727 ὀφρῦν.
3578 663 3650 714 Δι’
3682 664 3707 716 ὃ

431 754 736 800 traxerant.
796 743 919 797 Ideo
960 755 1091 795 vero
1141 741 1575 810 permittuntur,
1640 750 1701 793 ut.
1750 740 1973 794 arbitro

2162 748 2230 800 ίαὶ
2278 747 2729 818 συγχωροῦνται,
2777 748 2849 813 ὡς
2898 744 3078 810 οἶμαι,
3133 750 3501 819 πειρασθῆναί
3538 770 3704 817 τινες,

432 836 628 889 tentari
661 834 928 899 nonnulli,
969 843 1026 886 ut
1059 844 1116 887 et
1147 832 1328 901 magni
1377 840 1542 894 atque
1582 831 2031 902 inexpugnabiles
2137 840 2231 892 τὸν
2259 838 2370 911 (62)
2393 840 2486 892 τοῦ
2520 840 2747 910 μεγάλοι
2769 840 2945 893 δοκεῖν
2970 837 3219 894 εἶναικαὶ
3234 842 3501 913 δύσμαχοι
3522 844 3706 899 ἔννοιαν

430 928 484 979 in
521 928 636 981 suis
674 927 845 981 oculis
885 926 1212 979 cxsistentes
1266 926 1334 979 ab
1376 939 1563 979 amore
1609 924 1693 978 sui
1724 924 1921 989 curati,
1964 940 1972 976 :

2164 933 2509 1004 αθησὸμενοι,
2547 934 2643 986 καὶ
2680 934 2818 1003 πρὸς
2862 935 3337 1006 μετριοφροσύνην
3372 936 3706 1009 συνελαθησὸ-

430 1019 754 1072 modestiam
810 1018 1186 1087 impellantur.
1239 1015 1356 1070 Non
1409 1016 1667 1085 exiguum
1704 1017 1888 1085 itaque
1931 1016 1972 1070 bi

2165 1043 2297 1079 ιενοι
2338 1025 2399 1079 οῦ
2442 1027 2612 1098 μικρά
2654 1024 2792 1098 αῦτη
2824 1028 3003 1097 ψυχῆς
3041 1028 3278 1096 ὠφέλεια
3300 1071 3314 1095 ,
3347 1029 3408 1082 τὸ
3441 1030 3707 1101 σϐεσθῆναι

432 1110 630 1163 animm
669 1110 1037 1174 conn‘nodum,
1086 1108 1283 1162 fastum
1329 1107 1625 1177 exstingui,
1668 1121 1734 1162 ac
1780 1107 1973 1178 spiritu

2164 1116 2200 1168 τὸ
2259 1118 2516 1187 φρόνημα
2561 1117 2671 1171 τῶν
2723 1118 2858 1189 μηδὲ
2904 1119 3006 1188 τὴν
3055 1122 3272 1188 πεῖραν,
3323 1120 3385 1173 οῦ
3447 1139 3583 1192 φημι
3626 1124 3706 1176 τὸν

431 1217 645 1265 eorum,
694 1217 924 1270 quorum
973 1202 1405 1269 experimentum
1459 1199 1688 1262 nullum,
1740 1214 1805 1253 ne
1851 1200 1969 1253 dica

2164 1207 2348 1275 ιγῶνα,
2378 1210 2623 1277 ἐνεγκεῖν
2653 1209 3007 1281 δυνηθέντων.
3046 1210 3109 1264 Ὀ
3140 1212 3239 1280 μὲν
3261 1212 3370 1284 γὰρ
3397 1214 3532 1282 μετὰ

432 1300 712 1345 certamen
752 1291 969 1359 quidem
1008 1291 1282 1344 sustinere
1315 1300 1534 1357 queant.
1568 1289 1733 1360 566
1758 1288 1859 1356 Qui
1886 1292 1971 1345 eui

2171 1302 2371 1372 ρόπαια
2407 1302 2691 1374 ἡττηθεὶς,
2738 1304 2869 1365 ἴσως
2901 1303 3268 1372 σύγγνωστος·
3301 1307 3329 1358 ὁ
3371 1305 3429 1358 δὲ
3464 1308 3521 1359 ὲν
3547 1308 3708 1372 aii-toi;

435 1391 557 1452 post
610 1383 773 1436 tnulta
810 1382 986 1436 victus
1044 1391 1268 1452 tropaea,
1326 1383 1481 1435 venia
1533 1382 1671 1437 forte
1709 1383 1949 1452 dignus:

2168 1396 2250 1456 οἷς
2281 1395 2733 1466 ἁκροόωλισμοῖς
2763 1394 2947 1447 πεσὼν
2971 1396 3211 1468 ἐσχάτης
3237 1397 3559 1463 ἀσθενείας,
3588 1400 3709 1469 μᾶλ-

431 1475 525 1544 qui
566 1474 619 1528 in
674 1473 1078 1528 velitationibus
1117 1472 1426 1539 occumbat,
1472 1488 1699 1527 summa:
1742 1473 1973 1528 imbecill

1600 1488 1699 1527 ιηίὲ
1742 1473 2031 1528 ἱιιὼθείηί·
2135 1484 2226 1539 λον
2256 1485 2313 1539 δὲ
2349 1486 2625 1558 ῥᾳθυμίας
2651 1487 2879 1559 ἐκφέρει
2912 1487 3133 1557 δεῖγμα.

436 1567 564 1620 tatis
620 1564 707 1619 vel
779 1564 1124 1636 negligentia:
1182 1565 1364 1634 potius
1425 1580 1537 1635 prae
1591 1578 1651 1618 se
1706 1562 1815 1618 l‘ert
1867 1578 2032 1633 argu-

432 1665 701 1709 mentum.

767 1768 883 1823 XL.
916 1798 990 1810 --
1018 1764 1256 1821 TAURO
1297 1766 1707 1824 PBJEFEC'IO.

2534 1773 2629 1828 M'.
2662 1804 2734 1816 -
2767 1776 2997 1847 ΤΑΥΡῼ
3030 1776 3340 1850 ΥΠΑΡΧῼ.

1139 1882 1412 1939 Hortatur
1438 1895 1494 1938 ut
1528 1886 1830 1954 reipublicae
1876 1901 2010 1942 onus
2045 1902 2166 1941 cum
2196 1886 2437 1955 pluribus
2473 1885 2621 1941 bonis
2650 1891 3023 1944 communicet.

505 1995 734 2053 Noveris
780 2007 952 2065 recte,
997 2012 1031 2052 ο
1082 1995 1440 2067 sagacissime
1482 1998 1749 2065 virorum,
1787 2000 1933 2068 quod
1983 2000 2030 2053 si

2208 1994 2284 2051 Εὖ
2322 1996 2454 2063 ἴσθι,
2478 1993 2523 2051 ὦ
2546 1999 2833 2069 ἀγχινοίας
2863 2001 3113 2069 τέμενος,
3149 2004 3232 2057 ὅτι
3252 2004 3303 2055 εί
3322 2006 3454 2070 τοὺς
3475 2006 3704 2075 ἀρίστους

434 2090 639 2144 amicos
686 2090 944 2158 optimos,
996 2088 1244 2151 veritati,
1302 2088 1547 2158 inquam,
1603 2090 1925 2159 innutritos,

2160 2089 2246 2143 τῶν
2277 2091 2469 2160 φίλων,
2508 2093 2638 2155 τοὺς
2673 2093 2966 2163 ἀληθείας,
3000 2097 3179 2165 φημὶ,
3224 2099 3592 2170 συντρόφους,
3622 2104 3702 2156 καὶ

432 2183 784 2252 pecuniarum
826 2190 1229 2250 contemptores
1256 2179 1323 2235 ad
1368 2181 1717 2251 magistratus
1746 2196 1974 2252 promovi

2160 2200 2242 2254 [ρη
2253 2183 2437 2253 μάτων
2457 2185 2779 2256 κρείττονας
2796 2189 3090 2251 κοινωνοὺς
3106 2191 3397 2261 ποιήσειας
3416 2192 3512 2263 τῆς
3549 2194 3702 2265 ἀρχῆς

434 2276 512 2329 ris
543 2276 693 2347 (nam
728 2274 1093 2344 periculosum
1142 2281 1227 2327 est
1260 2271 1581 2343 plerumque
1607 2283 1815 2329 tantam
1864 2289 1976 2341 negt

2183 2273 2483 2343 ἐπισφαλὲς
2523 2275 2634 2346 γάρ
2685 2276 2761 2340 ὡς
2799 2277 2869 2330 τὰ
2918 2278 3089 2333 πολλά
3132 2280 3196 2333 τὸ
3239 2281 3327 2351 ἐφ’
3367 2283 3450 2335 ἐνὶ
3479 2283 3703 2338 τοσοῦτον

433 2366 631 2419 tiurum
679 2364 875 2419 molem
914 2365 1005 2418 uni
1041 2362 1347 2433 imponere)
1387 2378 1600 2432 eorum,
1634 2366 1725 2436 qui
1779 2363 1899 2419 illos
1930 2380 1975 2420 c:

2158 2366 2304 2434 ἱγκον
2352 2369 2546 2439 ὁρμεῖν
2596 2371 2999 2441 πραγμάτων),
3035 2374 3155 2437 ταῖς
3203 2374 3317 2428 τῶν
3338 2375 3700 2447 ἀντιλαμϐανο-

432 2466 695 2526 pessunt,
754 2457 960 2512 virtute
1009 2454 1378 2510 aristocratia:
1430 2456 1775 2524 gubernandi
1830 2457 1974 2513 fecer

2158 2459 2324 2512 ιὲνων
2382 2460 2611 2532 ἀρεταῖς
2668 2463 3130 2533 ἀριστοκρατείαν
3189 2466 3571 2533 ἀποτελέσειας
3618 2470 3700 2539 τήν

434 2549 684 2604 l'ortuam.

2138 2551 2173 2604 ἀ
2183 2552 2338 2624 ρχήν.

713 2660 853 2719 XLI.
899 2692 972 2705 —
1011 2660 1367 2721 LAMPETIO
1406 2660 1730 2719 DlACONO.

2421 2665 2559 2720 MA'.
2596 2694 2668 2707 —
2704 2666 3071 2740 ΛΑΜΠΕΤΙῼ
3117 2667 3443 2739 ΔῙΑΚΟΝῼ.

1444 2778 1685 2851 Regnum
1711 2778 1963 2833 cwlorum
1997 2777 2348 2839 inculcatum.
2382 2784 2514 2853 Sup.
2542 2802 2625 2853 ep.
2656 2786 2713 2843 4.

503 2894 613 2950 Res
658 2898 830 2951 sacra)
874 2903 1040 2964 atque
1086 2893 1286 2948 divina:
1337 2893 1552 2948 homini
1598 2892 1820 2948 animali
1860 2892 2029 2948 stulta

2208 2900 2408 2971 Μωρία
2439 2900 2589 2954 δοκεῖ
2613 2900 2694 2971 τῷ
2724 2900 2940 2973 ψυχικῷ
2958 2903 3235 2975 ἀνθρώπῳ
3263 2902 3335 2957 τὰ
3360 2904 3503 2958 θεῖαο
3535 2905 3697 2974 ἐπειδὴ

432 2990 602 3044 videri
636 2988 884 3058 possint:
916 2988 1354 3057 quandoquidem
1390 2986 1492 3042 nisi
1520 2985 1606 3041 vel
1638 2985 1843 3041 nolenti
1869 2985 1974 3054 prit

2156 2987 2218 3059 τῷ
2243 2988 2303 3042 οὐ
2353 2990 2560 3044 θελόντι
2600 2991 2888 3063 πεισθῆναι
2938 2994 3229 3065 πρότερον,
3272 2996 3353 3048 ὅτι
3404 2997 3437 3065 ἡ
3486 2995 3698 3066 βασιλεία

431 3082 770 3151 persuadeas
800 3094 1032 3149 regnum
1064 3093 1191 3134 esse
1221 3079 1515 3143 caelorum,
1553 3078 1672 3148 ejus
1704 3080 1973 3148 ingenerat

2156 3079 2248 3134 τῶν
2274 3081 2523 3153 οὐρανῶν
2542 3082 2875 3154 ὑφέστηκεν,
2903 3083 3087 3157 ἔρωτα
3116 3086 3292 3156 αὐτῆς
3315 3087 3569 3159 τεχθῆναι
3590 3085 3698 3139 ἀδύ-

435 3187 674 3243 nequeas
702 3186 968 3226 amorem.

778 3186 968 3226 vorem.
2061 3212 2106 3272 ϐ
2140 3183 2320 3221 νατον.

531 3306 689 3364 XLII.
719 3338 790 3348 -—
818 3305 1045 3363 ALIPIO
1081 3305 1297 3361 REMP.
1342 3304 1928 3364 ADMINISTRANTL

2354 3301 2488 3357 MB'.
2528 3335 2599 3345 —
2632 3305 2892 3379 ΑΛΥΠΙῼ
2931 3309 3497 3383 ΠΟΛΙΤΕΥΟΜΕΝῼ.

1462 3414 1642 3470 Ρωηαε
1667 3417 1804 3471 lente
1835 3428 1959 3471 sunt
1990 3416 2282 3488 exigendw.
2314 3413 2427 3484 Inf.
2461 3432 2542 3484 ep.
2574 3414 2700 3470 207.

508 3538 685 3593 Grave
712 3544 796 3590 est
830 3550 939 3588 non
969 3534 1122 3588 tarde
1155 3526 1349 3602 poenas
1373 3531 1507 3587 dare
1538 3547 1684 3597 eum,
1718 3532 1812 3600 qui
1860 3543 1937 3596 te,
1972 3544 2032 3586 ut

2212 3532 2394 3586 Δεινδν
2428 3533 2489 3586 οὐ
2517 3533 2578 3586 τὺ
2611 3532 2832 3603 βράδιον
2860 3532 2971 3604 (65)
3003 3532 3187 3587 δοῦναι
3212 3534 3373 3605 δίκην
3402 3534 3495 3589 τὸν
3522 3537 3591 3598 ὡς
3610 3535 3697 3606 φής

439 3631 655 3693 scribis,
706 3627 887 3681 all'ecit
934 3625 1159 3694 injuria,
1209 3625 1303 3678 sed
1357 3624 1539 3693 potius
1591 3637 1740 3690 eum,
1787 3624 1879 3692 qui
1924 3623 1981 3677 Cll

2155 3643 2202 3678 re
2236 3625 2563 3696 ἠδικηκότα,
2597 3624 2736 3679 ἀλλά
2762 3624 2823 3676 τὸ
2852 3624 3041 3694 τάχιον
3071 3625 3251 3688 δόντα,
3291 3628 3527 3696 φανῆναι
3564 3627 3697 3679 ὕστε-

438 3737 633 3793 ραειιιιε
682 3719 963 3789 persolvit,
1014 3717 1208 3779 videri,
1270 3724 1458 3786 postea
1510 3714 1766 3785 injuriam
1829 3713 1980 3768 nulla

2155 3733 2233 3768 >ον
2262 3716 2337 3786 μὴ
2363 3715 2715 3785 ἀδικήσαντα,
2737 3716 2873 3786 ὅπερ
2895 3716 3157 3779 πολλάκις
3181 3717 3404 3788 συνέϐη·
3433 3721 3506 3789 μὴ
3530 3718 3697 3771 σπεῦδε

440 3812 711 3875 intulisse,
756 3820 816 3864 ut
861 3808 1061 3863 accidit
1102 3820 1498 3875 saepenumero.
1551 3804 1919 3871 Quamobrem
1962 3820 1982 3857 ιι

2156 3808 2429 3878 τοιγαροῦν
2470 3809 2563 3861 ἐπὶ
2590 3808 2651 3859 τὸ
2697 3808 2855 3878 δίκην
2886 3809 3191 3879 ἀπαιτῆσαι
3213 3852 3227 3875 ,
3270 3812 3385 3864 ἀλλ’
3424 3812 3516 3863 ἐπὶ
3539 3813 3595 3865 τὸ
3627 3813 3698 3864 δο-

439 3920 506 3960 eo
535 3918 722 3974 poenas
751 3903 971 3973 exigere
1015 3899 1123 3953 noli
1167 3899 1515 3963 festinanter,
1546 3897 1642 3951 sed
1677 3899 1921 3964 expende
1948 3898 1979 3951 d

2156 3902 2371 3969 ιιμάσαι
2400 3902 2448 3953 εί
2477 3899 2694 3971 ἀληθῶς
2722 3902 2985 3974 ἠδίκηκεν
3009 3944 3024 3968 ,
3056 3903 3166 3955 ἀπὸ
3201 3904 3301 3973 μὲν
3335 3905 3444 3977 γὰρ
3471 3906 3563 3959 τοῦ
3591 3906 3698 3977 μελ-

441 3999 674 4069 ligenter
711 4010 778 4049 an
832 4009 1021 4050 revera
1059 3992 1267 4049 huserit
1298 4010 1311 4046 :
1345 3989 1498 4060 quod
1530 3990 1674 4044 enim
1725 3997 1940 4044 mature
1980 4015 1983 4036 ι

2155 3993 2354 4064 λησμοῦ
2401 3994 2555 4047 οὐδὲν
2585 3994 2869 4066 βλαϐήσῃ,
2914 3995 3025 4047 ἀπὸ
3059 3994 3116 4048 δὲ
3157 3995 3253 4050 τοῦ
3300 3998 3497 4069 τάχους
3521 4040 3535 4063 ,
3566 4000 3609 4051 εἰ
3636 3998 3697 4069 μὴ

442 4097 701 4145 accurate
733 4102 848 4142 rem
879 4085 1153 4151 excutias,
1193 4082 1331 4137 nihil
1365 4083 1493 4138 inde
1526 4082 1619 4136 tibi
1650 4081 1833 4137 damni
1879 4096 1984 4138 acc.

2142 4084 2474 4155 ἀδικήσαντα
2499 4085 2826 4156 ἀπαιτήσεις
2849 4084 3029 4155 δίκην,
3058 4086 3256 4158 κομιδῆ
3288 4087 3605 4160 ἀδικηθήσῃ.

442 4184 553 4248 dat,
594 4180 690 4237 sed
719 4182 764 4234 si
807 4178 984 4234 virum
1020 4178 1362 4231 innocentem
1392 4188 1585 4243 poenas
1614 4173 1747 4227 dare
1788 4188 2031 4243 praepro-

443 4289 573 4345 pere
618 4285 804 4343 coges,
854 4270 1047 4337 ingens
1091 4264 1343 4322 accidere
1389 4266 1778 4321 detrimentum
1810 4266 2031 4335 poterit.

635 4383 822 4441 XLIII.
853 4413 925 4425 ——
952 4379 1328 4439 DOROTHEO
1366 4378 1536 4434 VIRO
1575 4376 1831 4434 CLARO.

2470 4374 2602 4428 MF'.
2643 4404 2716 4414 -
2748 4374 3057 4447 auream
3090 4375 3400 4450 ΛΑΜΠΡῼ.

1011 4499 1206 4570 Ingens
1239 4495 1557 4567 supplicium
1598 4503 1649 4547 et
1686 4492 1974 4547 tolerantia
2004 4505 2143 4561 wgre
2171 4491 2332 4543 durat
2364 4490 2417 4541 in
2452 4489 2551 4543 hac
2578 4491 2702 4554 vita,
2731 4491 2823 4545 sed
2850 4492 2903 4545 in
2939 4491 3143 4561 futura.

518 4635 617 4689 llic
661 4632 903 4703 quidem,
960 4630 1044 4683 vir
1095 4628 1325 4698 optime,
1379 4625 1539 4696 simul
1583 4626 1877 4681 convenire
1930 4638 2040 4677 non

2230 4618 2496 4672 Ἐνταῦθα
2530 4620 2652 4690 μὲν,
2691 4615 2736 4674 ὦ
2767 4620 3013 4691 βέλτιστε
3034 4663 3049 4687 ,
3081 4623 3177 4694 οὐχ
3205 4618 3321 4678 οἷόν
3356 4642 3416 4678 τε
3444 4625 3695 4696 ἀμφότερα

447 4737 674 4800 poswnt
717 4726 910 4794 ingens
959 4721 1287 4791 supplicium
1329 4735 1396 4775 ac
1442 4718 1743 4783 cruciatus,
1788 4726 1844 4771 et
1879 4727 1989 4771 sust

2150 4712 2494 4781 συνδραμεῖν,
2537 4712 2879 4786 σφοδρότητα
2925 4714 3071 4783 λέγω
3094 4716 3381 4787 τιμωριῶν
3416 4718 3504 4770 καὶ
3547 4733 3692 4787 παρα-

446 4815 628 4874 nentia
672 4830 768 4870 seu
802 4812 1234 4883 perseverantia.
1283 4810 1528 4865 Alterum
1575 4809 1722 4864 enim
1752 4806 1910 4862 alteri
1953 4823 1988 4861 τι

2153 4804 2337 4875 μονήν.
2370 4803 2612 4874 Θάτερον
2652 4806 2761 4876 γὰρ
2792 4805 3007 4878 θατέρῳ
3047 4806 3314 4877 πολεμεῖ,
3344 4807 3432 4860 διὰ
3462 4808 3519 4860 τὸ
3545 4809 3695 4875 φθαρ-

445 4918 674 4982 pngnat,
702 4905 845 4977 quod
880 4919 1079 4972 corpus
1106 4903 1350 4958 interitui
1385 4912 1579 4956 natura
1612 4902 1685 4957 sit
1719 4899 1987 4970 obnoxiun

2152 4897 2241 4968 τὴν
2275 4894 2442 4951 οὖσαν
2471 4898 2567 4950 τοῦ
2614 4896 2870 4969 σώματος
2901 4900 3000 4970 τὴν
3033 4900 3197 4969 φύσιν
3229 4900 3305 4971 μὴ
3334 4901 3517 4971 φέρειν
3544 4898 3694 4951 αὐτῶν

445 5002 641 5057 horum
695 5014 801 5053 non
856 4996 1041 5052 l‘erens
1091 5011 1442 5053 concursum.
1473 4996 1550 5052 lbi
1588 5010 1719 5052 vero
1759 4996 1814 5049 in
1861 4993 1987 5049 alter

2151 4990 2242 5061 τὴν
2282 4988 2520 5044 σύνοδον·
2554 4992 2670 5043 ἐκεῖ
2699 4991 2754 5043 δὲ
2785 4992 2882 5061 τῆς
2923 4992 3235 5064 ἀφθαρσίας
3266 4992 3693 5061 εἰσϐιασαμένης,

445 5093 557 5146 vita
600 5089 967 5160 perpetuitate
1002 5089 1313 5143 introducta
1349 5088 1613 5157 pulsuque
1664 5087 1987 5155 corruption!

2150 5081 2247 5134 καὶ
2279 5081 2377 5153 τὴν
2412 5082 2620 5154 φθορὰν
2658 5082 3159 5155 ὲξοστρακισάσης,
3199 5086 3295 5137 καὶ
3335 5086 3368 5155 ἡ
3404 5084 3500 5155 τῆς
3540 5084 3692 5153 μάχης

448 5198 642 5255 pugna:
688 5182 816 5239 inde
877 5179 1148 5236 exsistere
1206 5188 1378 5250 potest
1436 5177 1767 5234 dissolutio:
1805 5186 1866 5230 ut
1921 5183 1990 5229 ιοι

2149 5175 2353 5246 ταύτης
2395 5176 2639 5241 διάλυσις
2682 5177 2879 5245 γένοιτ’
2924 5178 2992 5232 ἂν
3028 5178 3102 5240 ὡς
3145 5177 3245 5248 τὴν
3283 5177 3575 5248 ὑπερϐολὴν
3603 5173 3691 5223 τῶν

448 5285 754 5331 mentorum
820 5272 1260 5343 exsuperantiam
1316 5285 1495 5341 neque
1558 5270 1727 5326 robur
1787 5282 1986 5337 corpor

2144 5267 2607 5340 βασανιστηρίων,
2635 5270 2775 5341 μήτε
2808 5270 2907 5339 τὴν
2945 5271 3099 5340 ἰσχὺν
3129 5271 3383 5337 ἐξελάσαι
3414 5271 3503 5324 τοῦ
3535 5266 3686 5337 σώμα-

447 5370 739 5438 expellere,
772 5382 949 5439 neque
977 5380 1176 5437 corpus
1210 5366 1264 5421 in
1301 5364 1529 5420 nihilum
1559 5363 1733 5433 redigi
1762 5361 1959 5433 possit.

1948 5399 1959 5417 .
2139 5377 2254 5427 τος,
2298 5360 2436 5432 μήτε
2459 5361 2519 5414 τὸ
2540 5361 2701 5432 σῶμα
2729 5364 2810 5425 εἰς
2838 5363 2899 5416 τὸ
2930 5365 3005 5434 μὴ
3032 5362 3092 5417 ὃν
3124 5364 3490 5435 παραπέμψαι

1584 5537 1819 5595 VARle
1861 5532 2244 5593 LECTIONES
2283 5533 2370 5590 ET
2409 5535 2642 5595 ΝΟΤᾸΒ.

519 5698 633 5771 (69.)
672 5700 797 5771 Τὸν,
815 5708 983 5755 mutat
1033 5700 1086 5754 in
1130 5698 1232 5771 τὴν
1276 5697 1397 5752 cod.
1444 5698 1553 5771 Alt.
1594 5704 1647 5752 et
1694 5710 1836 5751 vers.
1884 5694 2023 5750 inter

2145 5763 2158 5771 _
2208 5690 2317 5763 (65)
2360 5691 2504 5771 Ιηιεξι·
2530 5693 2745 5771 βράδιον
2771 5707 2825 5753 ct
2856 5696 3038 5752 δοῦναι
3060 5698 3219 5756 codd.
3251 5696 3374 5753 Vat.
3403 5696 3503 5755 650
3524 5692 3681 5752 ειΔΣι.

454 5763 626 5839 μυιρᾶ
654 5781 707 5824 ct
736 5769 878 5841 αὕτη
912 5773 1104 5829 inserit
1141 5763 1269 5840 γάρ.
1307 5770 1513 5839 possin.

1066 5773 1104 5827 il.
1141 5763 1269 5840 γάρ.
1307 5770 1513 5839 possin.
2145 5763 2389 5819 inserunt
2417 5763 2497 5817 τό.
2530 5766 2608 5819 In.
