3906 6416
518 322 656 390 1355

1697 314 1756 370 S.
1798 304 2091 370 lSlDOIRl
2128 308 2568 374 PELUSIOT/E

3600 328 3703 399 1356

514 443 719 505 limare,
771 440 933 508 quod,
970 447 1028 490 ut
1077 433 1434 491 certaminum
1489 428 1587 483 tias
1620 442 1865 489 consors,
1916 428 1993 479 sic
2041 436 2090 478 et

2198 428 2277 480 ὅτι
2326 429 2515 498 ὥσπερ
2558 428 2667 481 τῶν
2710 429 2889 484 ἅθλων
2941 431 3221 501 μετέσχες,
3265 432 3400 487 οὕτω
3433 437 3615 511 καὶτῆς
3638 447 3708 497 εὖ.

520 534 706 604 gloriae
739 541 795 585 et
827 529 1079 601 prmeonii
1113 542 1326 598 quoque
1353 523 1548 578 evades
1581 522 1852 589 particeps
1876 520 1918 573 ⁸.

587 716 593 721 η
653 648 818 719 568
846 643 1080 698 XLVIII.
1113 672 1183 682 —
1215 632 1610 694 HARPOCR/E
1647 631 1974 686 RIIETORI.

2219 520 2403 582 κλείας
2434 522 2527 575 καὶ
2555 522 2654 591 τῆς
2682 524 3038 594 ἀναρρήσεως
3073 524 3333 594 μεθέξεις.

2529 632 2669 688 MH'.
2700 666 2767 674 —
2800 637 3130 707 ΑΡΠΟΚΡᾼ
3168 640 3458 712 ΣΟΦΙΣἸᾙ.

944 759 988 810 Α
1019 757 1269 811 conviciis
1304 747 1720 823 temperandum.
1750 748 2021 818 Injuriam
2051 743 2351 802 maledictis
2397 767 2499 803 non
2526 768 2635 805 esse
2670 752 3021 806 ulciscendam
3050 772 3081 806 a
3112 758 3351 823 sapiente.

594 875 824 929 Praestat
850 870 1052 942 injuria
1083 868 1337 923 allectum
1374 882 1496 921 cum
1533 864 1747 919 silentio
1781 866 2010 919 tolerare
2044 876 2108 916 ac

526 962 923 1036 philosophari.
978 961 1180 1015 Tecum
1223 967 1403 1011 autem
1464 954 1723 1025 praeclare
1764 963 1848 1007 est
1896 963 2104 1018 actum,

519 1068 809 1128 postquam
870 1070 901 1109 a
962 1051 1243 1121 ﬂagitiosis
1298 1058 1352 1105 et
1395 1047 1711 1102 adulterinis
1762 1044 2102 1109 hominibus,

523 1151 763 1212 Zosimo,
794 1143 1369 1215 inquam,etMaronc,
1393 1137 1679 1194 Eustathio
1712 1139 1839 1191 item
1868 1144 1920 1189 et
1956 1134 2099 1189 Mar-

520 1245 748 1305 tiniano,
781 1236 919 1292 male
945 1251 1004 1289 es
1041 1241 1317 1303 acceptus.
1340 1228 1528 1284 «Nimis
1557 1228 1812 1283 acerbum
1848 1239 1968 1280 esse
1994 1224 2104 1279 exi-

520 1328 780 1395 stimasti,
831 1327 953 1381 illos
994 1324 1193 1394 judicis
1230 1320 1500 1377 sententia
1545 1320 1748 1389 puniri,
1783 1326 1971 1371 verum
2023 1317 2097 1369 si-

515 1420 687 1475 lentio
736 1430 987 1486 premere
1037 1412 1305 1480 abjectum
1350 1424 1471 1465 esse
1502 1427 1516 1462 :
1546 1405 1851 1462 rationabili
1898 1405 2102 1472 judicio

515 1511 806 1579 iujnriosos
837 1507 1248 1562 'convici‘atores
1281 1518 1341 1556 es
1371 1502 1709 1569 complexus,
1745 1497 2102 1552 cavillationi-

514 1603 617 1655 bus
658 1612 874 1669 plenam
912 1595 1389 1656 circumscribens,
1435 1606 1555 1661 quae
1586 1592 1836 1644 mordere
1881 1588 2097 1657 quidem

516 1705 642 1745 reos
669 1687 896 1750 assolet,
929 1684 1172 1756 periculo
1201 1694 1380 1737 tamen
1419 1696 1524 1734 non
1551 1679 1795 1734 involvit.
1822 1677 2095 1732 Meliorem

2284 863 2542 931 ’Ἄμεινον
2574 863 2673 933 μὲν
2714 864 3070 935 ὑϐριζόμενον
3103 871 3227 938 σιγῇ
3260 872 3453 940 φέρειν,
3485 875 3564 926 καὶ
3594 878 3711 943 φιλο-

2204 957 2410 1022 σοφεῖν·
2459 956 2559 1008 οὐκ
2608 956 2854 1026 ἄκομψον
2884 958 2941 1010 δὲ
2988 959 3081 1011 καὶ
3128 961 3189 1012 τὸ
3219 963 3364 1035 παρὰ
3412 965 3494 1017 σοῦ
3519 971 3709 1035 γεγονός.

2217 1046 2433 1115 Ἐπειδὴ
2471 1046 2581 1117 γὰρ
2618 1048 2709 1101 ὑπ’
2752 1048 3055 1118 ἀνθρώπων
3090 1052 3375 1121 μοχθηρῶν
3405 1057 3491 1107 καὶ
3514 1062 3714 1129 παρασή-

2207 1154 2322 1206 μων
2353 1137 2490 1207 (64),
2518 1139 2789 1209 Ζωσίμου,
2822 1142 2986 1211 φημὶ,
3036 1146 3130 1195 καὶ
3158 1144 3438 1215 Μάρωνος,
3470 1148 3713 1204 Εὐσταθίου

2202 1230 2297 1282 καὶ
2333 1232 2724 1301 Μαρτινιανοῦ,
2755 1234 3076 1297 ὲπεπόνθεις
3111 1237 3331 1299 κακῶς
3357 1240 3530 1309 ἡγήσω
3564 1241 3633 1304 δὲ,
3669 1244 3715 1295 τὸ

2203 1322 2300 1388 μὲν
2344 1321 2510 1392 ψήφῳ
2548 1323 2902 1394 δικαστηρίου
2930 1328 3352 1397 τιμωρήσασθαι
3386 1330 3612 1395 τούτους,
3644 1351 3713 1385 πι-

2210 1410 2363 1481 κρόν’
2385 1412 2444 1464 τὸ
2474 1413 2531 1465 δὲ
2554 1418 2730 1484 σιωπῇ
2761 1416 2970 1483 φέρειν,
2997 1418 3276 1469 ’ταπεινόν⁸
3307 1418 3718 1491 λογικῇμετῆλθες

2206 1503 2334 1565 τοὺς
2364 1503 2624 1573 ὑϐριστὰς
2656 1505 2814 1576 δίκῃ,
2844 1507 2957 1569 τοῖς
2987 1505 3317 1577 σκώμμασιν
3336 1512 3621 1580 ὁρισάμενος
3643 1513 3717 1582 τὴν

2206 1595 2494 1664 τιμωρίαν·
2520 1594 2558 1649 ὃ.
2577 1596 2703 1660 τοὺς
2726 1597 2943 1666 ἐνόχους
2971 1598 3187 1653 δάκνειν
3214 1601 3313 1669 μὲν
3337 1601 3502 1666 εἴωθε,
3534 1602 3719 1672 κινδύνῳ

2202 1686 2259 1739 δὲ
2303 1687 2363 1739 οὐ
2394 1687 2732 1755 περιϐάλλει.
2767 1689 3052 1759 ’Δμείνονα
3091 1691 3273 1745 τοίνυν
3324 1691 3428 1760 ἐγὼ
3470 1694 3614 1765 κρίνω
3644 1696 3715 1747 τοῦ

516 1786 704 1852 itaque
736 1780 924 1850 scripti
953 1779 1111 1848 hujus
1146 1776 1413 1832 rationem
1436 1774 1641 1842 judico,
1666 1787 1827 1842 quam
1858 1772 2090 1826 scribere

2202 1778 2637 1849 συγγράμματος
2677 1778 2772 1832 τὸν
2818 1781 3099 1851 λογισμὸν,
3137 1782 3229 1850 ὑφ’
3261 1778 3323 1837 οὗ
3351 1784 3559 1853 γράφειν
3584 1786 3715 1857 ἤρξω.

523 1875 834 1946 aggredior,
867 1872 1156 1927 consulens
1189 1870 1283 1923 tibi
1316 1869 1480 1922 etiam
1514 1868 1599 1934 iis,
1629 1882 1749 1935 quas
1773 1872 2092 1935 sequuntur,

516 1969 759 2023 animum
790 1967 1095 2022 intendere.
1134 1963 1265 2018 Dico
1293 1965 1475 2033 itaque
1500 1976 1761 2032 generose
1791 1959 2094 2024 ferendum,

512 2072 564 2116 et
606 2061 674 2116 ab
708 2060 1057 2116 accusatione
1089 2057 1315 2110 liberam
1348 2070 1469 2109 esse
1504 2055 1803 2107 habendam
1836 2051 2096 2121 linguam.

516 2152 576 2209 Si
607 2152 754 2207 enim
781 2161 836 2205 et
868 2150 990 2204 illos
1017 2150 1223 2217 justum
1265 2156 1352 2201 est
1381 2147 1495 2201 haec
1532 2157 1587 2198 et
1613 2146 1698 2199 his
1724 2145 1971 2214 graviora
2003 2157 2097 2195 au-

518 2244 660 2309 dire,
693 2251 749 2295 at
772 2248 828 2296 te
857 2242 1080 2294 minime
1111 2240 1265 2292 decet
1302 2237 1469 2305 loqui,
1503 2251 1623 2290 cum
1655 2250 1866 2291 sacram
1895 2232 2097 2288 habeas

516 2337 777 2406 linguam.

812 2446 996 2501 XLIX.
1025 2472 1097 2486 ——-
1127 2442 1427 2500 EUTONIO
1467 2441 1785 2498 DIACONO.

2204 1869 2639 1941 Συμϐουλεύοιμί
2682 1888 2764 1925 σοι
2813 1874 2907 1925 καὶ
2950 1872 3008 1925 τὸ
3034 1873 3223 1927 λοιπὸν
3262 1876 3717 1945 προσθεῖναι,φημὶ

2205 1960 2270 2031 δὴ
2298 1962 2358 2014 τὸ
2391 1963 2581 2033 φέρειν
2608 1963 2873 2030 γενναίως
2894 1963 3031 2033 (65).
3059 1966 3155 2017 καὶ
3188 1966 3512 2034 κατηγορίας
3547 1966 3717 2019 ἐλευθέ-

2208 2068 2305 2119 ραν
2333 2050 2477 2121 ἕχειν
2498 2052 2596 2121 τὴν
2618 2052 2886 2120 γλῶτταν.
2911 2051 2975 2104 Ei
2996 2052 3103 2124 γὰρ
3124 2055 3368 2107 κάκεῖνοι
3390 2055 3568 2107 δίκαιοι
3584 2055 3717 2108 ταῦτα

2204 2144 2298 2195 καὶ
2336 2144 2540 2197 τούτων
2571 2144 2929 2214 χαλεπώτερα
2961 2144 3195 2198 ἀκοῦσαι
3215 2185 3231 2209 ,
3266 2145 3401 2198 ἀλλὰ
3440 2150 3516 2198 oo".
3536 2147 3588 2199 οὐ
3615 2147 3717 2217 πρὲ-

2204 2252 2295 2287 πει
2326 2235 2533 2305 φράσαι
2552 2276 2567 2302 ,
2599 2235 2823 2303 ἁγνείας
2848 2237 3147 2308 ἀνάκτορον
3176 2237 3356 2307 ἔχοντι
3380 2238 3472 2310 τὴν
3502 2237 3714 2305 γλῶτταν.

2545 2436 2692 2489 τΜθι.
2740 2435 3038 2506 ΕΥΤΟΝΙῼ
3075 2434 3401 2506 ΔΙΑΚΟΝῼ.

1647 2555 1928 2609 Laudandt'
1959 2554 2079 2608 boni
2118 2552 2230 2606 sine
2276 2549 2646 2604 ostentatione.

587 2678 913 2735 Cenandum
971 2678 1186 2747 quidem
1245 2690 1343 2745 pro
1391 2675 1603 2729 Virtutis
1657 2673 1892 2726 alumnis
1922 2714 1937 2738 ,
1984 2685 2092 2724 non

516 2781 693 2824 tamen
729 2769 829 2838 ipsi
863 2770 1167 2822 ostentandi
1214 2776 1366 2831 sunt,
1402 2765 1599 2833 duplici
1630 2764 1697 2817 de
1737 2778 1922 2825 causa,
1963 2777 2087 2815 cum

516 2877 583 2916 ne
617 2860 872 2915 socordes
913 2860 1228 2921 reddantur,
1279 2867 1392 2912 tum
1428 2864 1488 2911 ut
1532 2854 1919 2911 assentationis
1955 2854 2090 2908 eﬂ‘u-

516 2954 695 3019 giatur
724 2960 872 3005 nota.
906 2949 1267 3016 Quamobrem
1303 2963 1473 3018 nuper
1507 2947 1638 3001 nihil
1666 2946 1732 3000 ad
1767 2955 1819 3001 te
1849 2945 2042 3013 scripsi
2071 2962 2085 2998 :

514 3059 640 3097 cum
677 3056 806 3096 vero
838 3042 906 3095 ab
934 3041 1055 3095 aliis
1088 3041 1339 3095 inductus
1376 3039 1444 3094 ad
1486 3052 1572 3093 me
1600 3038 1812 3093 litteras
1851 3036 2088 3101 dederis,

2250 2702 2255 2707 ι
2282 2666 2672 2737 Ἀγωνίζεσθαι
2714 2665 2814 2736 μὲν
2852 2665 2959 2736 χρὴ
3003 2665 3144 2735 ὑπὲρ
3172 2664 3284 2716 τῶν
3310 2666 3405 2735 τῆς
3427 2664 3600 2734 ἀρετῆς
3618 2674 3715 2733 τρο-

2194 2761 2399 2829 φίμωνο
2448 2759 2508 2810 οὐ
2562 2757 2667 2827 μὴν
2704 2757 2888 2820 αὐτοῖς
2926 2757 3339 2810 ἐπιδείκνυσθαι
3380 2758 3511 2810 δυοῖν
3551 2758 3719 2831 ἕνεκεν,

2193 2849 2290 2903 τοῦ
2315 2851 2360 2902 τ’
2388 2848 2630 2911 ἐκείνους
2674 2847 2750 2918 μὴ
2780 2848 3051 2901 ὑπτιῶσαι
3072 2887 3088 2912 ,
3120 2847 3212 2901 τοῦ
3244 2866 3307 2901 τε
3333 2850 3592 2911 κολακείας
3614 2850 3715 2901 ὑπό-

2195 2960 2345 2996 νοιαν
2378 2944 2661 3011 ἐκφυγεῖν.
2713 2941 2806 2994 Διὸ
2846 2940 2970 2993 οὐδὲ
3004 2941 3263 3010 γέγραφα
3316 2941 3512 3012 πρώην.
3537 2942 3713 3012 Ἐπειδὴ

2198 3034 2327 3105 παρ’
2374 3033 2550 3088 ἄλλων
2595 3032 2918 3102 πειθόμενος
2966 3033 3295 3103 γέγραφας,
3339 3036 3403 3102 τῇ
3454 3033 3541 3101 μὲν
3576 3036 3713 3101 σιωπῇ

514 3137 582 3190 de
624 3134 844 3189 silentio
890 3142 1240 3204 conquestus,
1292 3134 1411 3200 qua:
1452 3131 1522 3186 ibi
1564 3140 1712 3201 gesta
1755 3140 1901 3193 sunt,
1948 3129 2090 3184 seire

2199 3123 2567 3194 μεμφόμενος,
2599 3123 2667 3175 τὰ
2708 3122 2764 3175 δὲ
2788 3124 3133 3193 γεγενημένα
3176 3122 3421 3193 ἀκριϐῶς
3449 3121 3714 3192 βουλόμενος

515 3241 727 3283 avens:
760 3227 897 3282 scito
943 3242 1106 3296 quam
1160 3226 1397 3279 maximo
1433 3223 1720 3279 verborum
1763 3221 1905 3276 ﬂuxu
1946 3237 2090 3287 eum,

510 3319 607 3387 qui
646 3328 792 3373 tuam
836 3318 947 3388 egit
990 3333 1234 3382 causam,
1268 3328 1520 3386 tanquam
1551 3332 1582 3371 e
1612 3318 1886 3372 rhetorum
1932 3315 2095 3369 disci-

513 3409 660 3477 plina
705 3408 1043 3476 profectum,
1092 3416 1440 3476 perorantem
1488 3406 1697 3461 laudem
1738 3406 2093 3476 plausumque

513 3501 615 3556 sibi
644 3500 985 3556 conciliasse.
1020 3500 1154 3553 Cum
1194 3499 1364 3571 enim,
1394 3499 1767 3569 ignorantibus
1794 3497 1900 3551 illis
1930 3496 2091 3568 [judi-

513 3588 689 3660 cibus]
719 3605 898 3659 pauca
930 3591 1201 3658 quaedam,
1238 3604 1361 3643 cum
1404 3604 1508 3642 non
1557 3589 1735 3641 omnia
1780 3598 1981 3655 posset,
2023 3589 2086 3641 de

509 3692 604 3734 tua
661 3680 861 3736 virtute
927 3695 1210 3749 causaeque
1276 3680 1653 3748 praerogativis
1711 3678 1975 3744 dixisset,
2030 3680 2083 3733 in

517 3779 722 3824 tantam
754 3772 1109 3826 mutationem
1140 3785 1251 3825 rem
1279 3779 1446 3824 totam
1481 3769 1720 3833 adduxit,
1763 3778 1821 3823 ut
1862 3778 1916 3823 et
1938 3784 2081 3834 eum,

510 3862 606 3928 qui
634 3870 823 3916 con-Ira
860 3869 1066 3930 egerat,
1107 3877 1229 3914 cum
1257 3860 1455 3914 rubore
1486 3860 1769 3927 dimiserit,
1812 3861 2087 3916 auditores

514 3965 643 4005 vero
667 3952 734 4004 ad
762 3950 1092 4020 palinodiam
1125 3948 1432 4004 coneitarit.

596 4126 676 4181 'II
708 4126 835 4181 (lor.
868 4140 908 4191 ι,
939 4122 991 4180 7.

2196 3215 2411 3286 μαθεῖν·
2446 3214 2555 3267 ῐσθι
2585 3215 2667 3267 ὅτι
2700 3214 2775 3277 ὼς
2815 3213 2965 3285 ἔρρει
3008 3215 3101 3267 ἐπὶ
3142 3215 3281 3267 πολὺ
3318 3215 3346 3266 ὁ
3382 3214 3465 3278 σὸς
3493 3216 3710 3275 διὰδικος,

2194 3309 2289 3361 am
2336 3308 2402 3361 ἐκ
2440 3306 2748 3378 ῥητορικῶν
2788 3305 3111 3376 ὁρμώμενος
3142 3307 3494 3377 μαθημάτων,
3534 3307 3712 3360 ἐπαίνου

2190 3417 2250 3451 τε
2290 3399 2469 3467 ῥόθιον
2502 3398 2651 3469 αὑτῷ
2695 3400 2847 3470 παρὰ
2882 3398 2991 3451 τῶν
3034 3399 3323 3468 παρόντων
3355 3400 3611 3471 ἠγείρετο,
3640 3400 3711 3452 ita

2191 3490 2530 3558 ἀγνοούντων
2545 3491 2643 3560 τὴν
2662 3490 2760 3561 σὴν
2782 3490 3209 3558 καλοκαγαθίαν,
3227 3492 3385 3560 ὀλίγα
3407 3491 3520 3544 τινὰ
3543 3490 3711 3560 φράσας

2191 3582 2302 3635 τῶν
2345 3582 2656 3652 προσόντων
2713 3598 2797 3634 σοι
2856 3580 3359 3652 πλεονεκτημάτων
3408 3583 3595 3652 (πάντα
3632 3580 3713 3647 γὰρ

2194 3674 2325 3738 ἴσως
2348 3675 2410 3726 οὐ
2437 3674 2663 3746 ῥᾴδιον),
2694 3674 3051 3745 εἰςτοσαύτην
3076 3674 3381 3745 μεταϐολὴν
3410 3670 3713 3744 μτερῤυθμῐ-

2193 3784 2323 3821 σατο
2347 3766 2457 3837 (66)
2486 3767 2545 3820 τὸ
2574 3769 2840 3838 πρᾶγμα,
2878 3768 2954 3830 ὡς
2986 3770 3191 3820 ἐκεῖνον
3223 3767 3327 3837 μὲν
3366 3765 3710 3837 ἐρυθριάσαντα

2191 3860 2564 3932 ἀποπηδῆσαι,
2594 3862 2721 3923 τοὺς
2748 3860 2807 3915 δὲ
2836 3860 3114 3933 ἀκροατὰς
3143 3860 3472 3931 παλινῳδίαν
3499 3847 3629 3930 ᾆσαι.

1594 4234 1830 4291 νΑΒΙΛΕ
1867 4234 2251 4293 LECTIONES
2286 4237 2376 4291 ET
2414 4237 2641 4293 ΝΟΤΑΞ.

486 4458 487 4461 η
589 4400 697 4471 (64)
734 4398 877 4471 Edit.
918 4395 1246 4471 Paris.,_xat
1288 4394 1441 4471 παρα
1480 4390 1742 4471 Σίμωνος.
1780 4392 2089 4471 Elegans_e_t

464 4530 468 4534 ,
513 4463 633 4524 sine
664 4463 827 4523 duhio
875 4467 1181 4534 recipienda
1210 4463 1481 4517 correctio
1525 4463 1610 4518 est
1655 4466 1882 4534 duorum
1930 4463 2089 4534 codd.

463 4531 470 4562 ⁵
518 4540 690 4591 Vatic.
722 4538 827 4591 650
865 4545 919 4589 et
958 4531 1066 4587 A'lt.
1098 4534 1439 4589 concorditer
1466 4532 1823 4587 scribentium
1853 4531 2094 4601 παρασί-

515 4626 655 4678 μων,
690 4618 746 4661 ut
772 4606 1044 4678 referatur
1073 4606 1138 4656 ad
1162 4602 1497 4678 ανθρώπων,
1533 4618 1657 4678 nam
1685 4602 1920 4678 Simonis
1950 4602 2089 4654 nulla

513 4671 601 4731 ltic
631 4677 856 4730 mentio.
893 4676 996 4728 Sed
1029 4675 1252 4728 omnino
1283 4671 1691 4725 rescribendum
1720 4671 1771 4723 in
1801 4672 1919 4725 cod.
1945 4682 2093 4723 utro-

513 4762 616 4813 que
655 4746 1014 4813 παρασήμων,
1063 4744 1214 4809 cujus
1266 4742 1583 4813 vocishuc
1607 4741 2090 4813 congruentissima

512 4810 661 4869 notio
675 4810 752 4869 sic
771 4816 837 4867 ab
861 4810 1127 4883 IIesychio
1150 4812 1409 4883 traditur:
1435 4810 2088 4883 Hapdoqpov,_6t6o>_ctuov,

512 4886 781 4955 κίϐδηλον·
802 4884 908 4955 ἀπὸ
918 4880 1112 4955 τούτου
1135 4881 1230 4955 καὶ
1247 4881 1363 4955 τῶν-
1378 4880 1727 4951 νομισμάτων
1749 4880 1824 4955 ad:
1841 4880 2088 4955 κίβδηλα,

515 4949 824 5025 παράσημα
854 4954 1108 5025 λέγεται.
1158 4949 1266 5004 Hos
1299 4949 1755 5025 igitur-quatuor,
1789 4949 2088 5025 Zosimutu,

511 5020 809 5087 Maronem,
852 5021 1187 5075 Eustathium
1240 5031 1293 5073 et
1340 5020 1741 5085 Martinianum,
1802 5020 2089 5086 Ilarpocrte

511 5095 740 5160 injustos
780 5102 1088 5152 vexatores,
1133 5090 1372 5143 Isidorus
1421 5091 1522 5143 hoc
1568 5090 1686 5143 loco
1733 5105 1835 5141 non
1880 5089 2087 5159 μοχθη-

515 5164 642 5235 ρούς
676 5163 870 5235 εοιιιηι,
897 5163 988 5235 s_e_d
1014 5162 1189 5235 etiam
1214 5160 1595 5235 παρασῄμους,
1626 5161 1737 5235 hoc
1771 5167 1853 5212 est
1879 5160 2087 5235 adulte-

512 5229 682 5296 rinos,
714 5243 768 5288 et
793 5233 875 5286 vel
901 5230 1296 5285 Christianismi
1331 5230 1411 5282 vel
1451 5229 1736 5283 sacerdotii
1760 5244 1917 5297 quem
1950 5229 2088 5283 forte

514 5305 774 5372 gerebant
801 5305 1171 5354 characterem
1196 5300 1339 5352 vitiis
1364 5298 1654 5372 infamibus
1679 5309 2086 5372 corrumpentes

512 5368 575 5427 ac
611 5374 749 5427 Rede
773 5373 1162 5431 oblitterantes,
1182 5380 1359 5422 vocat.
1391 5368 1497 5421 Nec
1516 5370 1711 5433 minus,
1733 5384 1852 5421 meo
1869 5371 2083 5435 quidem

506 5441 1041 5509 judicioaprobanda
1080 5450 1162 5492 est
1190 5440 1362 5509 altera
1408 5440 1713 5509 emendatio
1758 5440 1927 5491 solius
1960 5441 2080 5492 cod.

511 5506 620 5566 Alt.
652 5506 794 5566 vers.
823 5511 857 5565 8
892 5526 976 5578 ep.
1008 5523 1106 5579 pro
1135 5506 1381 5579 σώμασιν
1412 5507 1740 5576 σκώμμασιν
1770 5508 2112 5563 scribentis..

511 5583 788 5637 Sententia
839 5584 983 5635 enim
1012 5578 1325 5632 manifeste
1364 5579 1620 5646 requirit.
1664 5588 1721 5630 ut
1774 5592 1879 5631 non
1926 5593 2081 5646 ptena

511 5652 749 5719 corporis
806 5649 1125 5719 Harpocras;
1163 5664 1287 5719 suos
1356 5650 1748 5719 conviciatores
1802 5648 1952 5719 ultus
2010 5649 2083 5702 sit

511 5717 709 5792 (neque
736 5722 786 5776 id
809 5717 1061 5789 probaret
1095 5717 1154 5771 S.
1182 5717 1464 5787 Isidorus),
1501 5719 1591 5774 sed
1625 5717 1887 5783 dicteriis,
1915 5732 2079 5786 quam

2197 4402 2352 4465 antea
2377 4393 3062 4465 vocavit_auctor,f>.oytxﬁv
3078 4394 3256 4465 δίκην,
3278 4394 3542 4449 scribenda
3560 4409 3712 4464 nunpe

2199 4463 2250 4533 in
2292 4478 2385 4517 cos
2421 4463 2667 4515 monodia
2690 4502 2705 4526 ,
2749 4466 2814 4516 de
2847 4480 2949 4533 qua
2983 4463 3103 4518 uiox
3145 4463 3250 4533 agit
3294 4468 3449 4531 epist.
3481 4465 3544 4519 52
3568 4477 3612 4519 et
3640 4463 3710 4521 53.

2197 4531 2378 4596 Quare
2425 4534 2711 4601 utrobique
2755 4534 2821 4585 ad
2867 4531 2970 4588 has
3010 4531 3378 4590 correctiones
3422 4536 3711 4590 refortnzmla

2195 4605 2302 4655 erit
2342 4603 2731 4670 interpretatio.
2774 4603 2979 4657 Possm.

2267 4672 2378 4740 (65)
2416 4671 2583 4742 Codd.
2614 4673 2771 4725 ambo
2800 4673 2973 4729 Vatic.
3005 4674 3108 4729 650
3141 4683 3194 4729 et
3220 4674 3328 4729 Alt.
3354 4684 3471 4741 post
3491 4675 3709 4742 γενναίως

2196 4741 2387 4794 tollunt
2417 4740 2675 4812 yirgnlam
2702 4752 2755 4795 et
2779 4742 3175 4812 conjunctivam
3200 4745 3317 4808 καί,
3339 4740 3711 4812 Continuamque

2194 4810 2475 4884 sequentia
2510 4814 2626 4884 _hoc
2673 4810 3107 4884 ωοιίο,’φέρειν
3162 4814 3493 4883 κακηγορίας
3540 4810 3710 4884 ἕλεσθεέ

2195 4881 2334 4950 ρίαν.
2378 4879 2478 4955 l_l_i_c
2510 4879 3004 4955 interpunctionem'
3025 4879 3580 4955 ligendiamtai‘bitror.
3605 4883 3710 4948 Quid

2195 4950 2501 5023 autem_il_lis
2528 4952 2711 5023 verbis
2722 4953 2913 5023 statim
2943 4950 3290 5023 sequentibus
3315 4953 3578 5015 faciemus,
3600 4956 3711 5021 ἔχειν

2190 5020 2290 5090 τὴν
2338 5019 2629 5088 γλῶττανῖ
2679 5019 2961 5075 Silentium
3014 5019 3259 5077 codicum
3318 5024 3584 5089 adjuvetur
3613 5019 3711 5075 cun-

2185 5089 2416 5161 jeCtura.
2451 5090 2710 5151 Putarim,
2739 5090 2856 5158 καὶ,
2888 5093 3135 5161 superius
3158 5095 3414 5145 omissum
3451 5094 3543 5145 huc
3574 5102 3711 5144 trans-

2191 5160 2491 5232 ferendum.
2533 5162 2851 5232 ctgverhtnn
2896 5160 3039 5232 ἔχειν
3086 5164 3385 5232 augendum
3436 5161 3636 5232 syllaba,
3669 5167 3710 5232 ut

2193 5237 2337 5302 totus
2385 5230 2531 5283 locus
2558 5230 2656 5302 sic
2696 5227 2966 5302 legatur}
3009 5227 3437 5302 Συμόουλεύοιμί
3463 5227 3542 5302 σοι
3568 5227 3709 5283 καὶτὸ

2189 5298 2386 5372 λοιπὸν-
2409 5299 2742 5372 προσθεῖναι,
2782 5300 2930 5372 φημὶ,
2953 5301 3039 5372 δὴ,
3067 5298 3127 5354 τὸ
3150 5302 3332 5370 φέρειν
3360 5298 3603 5368 γενναίως
3622 5314 3708 5372 ᾐκα-

2190 5366 2464 5441 κηγορίας
2481 5366 2945 5441 ἐλευθερίανλίκαὶ
2976 5366 3195 5441 ἐπέχειν
3220 5366 3316 5440 τὴν
3336 5366 3585 5439 γλῶτταν.
3620 5366 3705 5441 Ναὶ

2188 5437 2462 5512 omiserim
2496 5440 2616 5512 cod.
2647 5437 2767 5491 Vat.
2806 5437 3392 5512 650_xatqfopia;'pro
3420 5437 3709 5507 κακηγορίας

2190 5510 2463 5579 scribere;
2522 5509 2613 5562 sed
2656 5510 3015 5579 κακηγορίας,
3065 5509 3167 5566 etsi
3223 5529 3252 5567 e
3311 5513 3426 5566 solo
3480 5518 3705 5577 sumptum

2187 5576 2305 5649 Alt.
2329 5579 2500 5649 magis
2537 5579 2640 5649 huc
2665 5576 2915 5649 quadrat.
2956 5581 3029 5635 In.

2260 5647 2373 5721 (66)
2409 5645 3080 5721 Μετερρυθμίσατοεοόίί.
3122 5651 3241 5707 Vat.
3270 5651 3375 5706 63⁵ιο
3401 5661 3455 5705 et
3488 5648 3585 5704 Alt.
3611 5645 3703 5700 bte-

2188 5718 2336 5774 via‘nt
2362 5718 2412 5773 in
2438 5718 2864 5789 μετερρύθμισα.
2899 5720 2973 5773 In.
