3906 6416
496 424 636 497 1359

1612 422 1693 493 ts.
1732 420 2025 486 ISIDORI
2062 392 2498 484 PELUSIOT/E

3596 416 3710 486 1369

496 549 645 604 neris
672 546 896 602 luctum.
950 536 1053 599 Hic
1084 558 1216 599 vero
1238 554 1337 599 vos
1364 550 1422 598 ut
1453 542 1728 613 improbos
1775 556 1839 597 ac
1886 543 2063 612 perni-

2171 540 2263 594 καὶ
2284 537 2643 610 μηδεπώποτε
2678 537 3055 607 γευσαμένους
3085 536 3259 607 αὐτῆς
3279 536 3587 607 τεθρήνηκε.
3612 541 3709 593 [liv

496 640 694 705 eiosos,
731 641 933 709 quique
964 637 1095 692 nihil
1144 637 1210 691 de
1238 636 1354 705 ipsa
1399 634 1739 703 pltilOSOphia
1775 633 2066 703 gustarint,

500 730 817 799 deploravit.
865 728 974 783 Vos
1032 728 1249 796 quidem
1278 739 1438 779 omne
1482 724 1735 778 vitiorum
1768 740 1957 794 genus,
1988 724 2070 777 di-

498 829 646 875 ctum
676 820 937 874 indictum
956 827 1233 888 patrantes
1264 817 1560 881 inducens;
1581 815 1915 868 contendens
1939 828 2070 867 vero

494 923 596 980 pro
628 910 835 964 viribus
866 909 1086 962 virtutis
1115 905 1314 959 nullam
1350 912 1558 973 partem
1599 904 1650 956 in
1693 912 1927 956 mentem
1978 916 2069 953 vo-

496 1001 603 1065 bis,
634 1014 700 1054 ne
731 1014 828 1069 per
853 998 1123 1053 somnium
1152 996 1369 1066 quidem
1401 994 1621 1049 venisse
1654 1005 1845 1047 sancte
1866 992 2070 1046 conﬁr-

494 1099 629 1145 mat.
657 1089 811 1157 Quod
848 1103 977 1144 vero
1007 1088 1300 1142 maximum
1334 1094 1612 1155 appareat,
1658 1084 1712 1138 id
1761 1100 1866 1138 non
1921 1083 2070 1151 prius

496 1180 678 1234 dicere
725 1180 992 1233 desinam.
1048 1177 1311 1244 Quoniam
1365 1176 1615 1246 quisquis
1662 1175 1716 1228 in
1764 1174 2067 1228 monodiam

497 1270 640 1323 hanc
681 1268 957 1332 inciderit,
1010 1281 1111 1321 vos
1151 1277 1209 1319 ut
1255 1266 1461 1321 belluas
1500 1264 1686 1318 noxias
1718 1272 1880 1330 atque
1908 1276 2069 1316 exse-

495 1361 728 1416 crandos
759 1361 1053 1423 dmmonas,
1120 1360 1413 1425 hosteSque
1464 1356 1766 1409 communis
1826 1354 2066 1408 omnium

494 1462 704 1506 natura!
734 1451 928 1505 merito
964 1460 1278 1504 exsecretur
1327 1468 1340 1502 :
1381 1449 1529 1501 illum
1572 1463 1700 1501 vero
1747 1448 2067 1513 scriptorem

493 1542 763 1611 vituperet
794 1541 936 1610 quod
979 1541 1028 1593 id
1057 1554 1343 1609 aggressus
1384 1540 1456 1593 sit
1498 1546 1895 1606 argumentum,
1927 1539 2069 1603 quod

494 1647 708 1687 summa
739 1633 1084 1686 accuratione
1114 1632 1377 1699 perﬁcere
1402 1629 1742 1700 nequiverit:
1768 1628 1901 1681 adeo
1922 1629 2067 1682 onmi

470 1724 741 1778 oratione
770 1724 1172 1794 scriptioneque
1208 1724 1379 1792 major
1424 1724 1667 1791 nequitia
1714 1732 1895 1778 vestra
1932 1736 2067 1777 cun-

492 1815 598 1871 ctis
629 1825 871 1885 apparet.
909 1814 1117 1884 Singuli
1147 1817 1294 1869 enim
1325 1814 1746 1883 praetermissum
1780 1814 1849 1868 ab
1877 1814 1970 1869 illo
1993 1815 2072 1867 vi-

2175 632 2273 702 μὲν
2301 627 2439 694 εἶδος
2467 632 2879 703 ἁμαρτημάτων
2903 630 3082 701 ῥητῶν
3102 647 3163 682 τε
3195 630 3291 683 καὶ
3318 631 3561 701 ἀρρήτων
3586 633 3709 701 ὑμᾶς

2170 723 2672 795 διαπραττομένους
2723 723 3071 790 εἰσαγαγὼν,
3120 721 3230 773 τῶν
3286 720 3342 773 δὲ
3393 720 3492 789 τῆς
3534 722 3707 791 ἀρετῆς

2174 816 2362 885 μερῶν
2391 815 2527 884 μηδὲ
2576 817 2657 878 είς
2687 813 2896 867 ἔννοιάν
2935 831 3066 865 ποτε
3103 810 3421 882 ἐληλυθέναι
3462 813 3711 881 ίσχυρισά-

2174 924 2354 977 μενος.
2390 909 2454 960 Ὅ
2491 906 2547 959 δὲ
2603 907 2861 976 μέγιστον
2894 906 3092 973 φάναι,
3140 902 3300 956 τοῦτο
3342 901 3404 955 ού
3450 904 3573 973 πρὶν
3618 904 3711 973 (70)

2172 997 2452 1067 παύσομαι
2483 1015 2495 1028 ⁸
2532 999 2612 1050 δτι
2639 998 2870 1060 ἕκαστος
2902 997 3012 1049 τῶν
3043 994 3475 1064 ἐντυγχανόντων
3510 998 3571 1063 τῇ
3603 1013 3713 1064 μον-

2168 1087 2303 1160 ῳδία
2330 1129 2343 1149 .
2381 1090 2527 1157 ὑμᾶς
2557 1090 2654 1159 μὲν
2696 1086 2772 1150 ὡς
2816 1086 3059 1157 ἀργαλέα
3104 1086 3305 1156 θηρία,
3348 1088 3443 1138 καὶ
3487 1087 3714 1154 δαίμονας

2171 1182 2502 1251 ἀλάστορας,
2532 1181 2626 1233 καὶ
2652 1182 2750 1250 τῆς
2778 1181 2967 1248 κοινῆς
2989 1177 3206 1246 φύσεως
3229 1177 3456 1246 ἐχθροὺς
3479 1177 3715 1247 ἀποστρέ-

2171 1291 2331 1342 φεται
2358 1290 2371 1303 ·
2406 1276 2611 1326 ἐκεῖνον
2630 1273 2687 1325 δὲ
2723 1272 3020 1341 μέμφεται,
3056 1270 3483 1338 ἐπιχειρήσαντα
3524 1268 3630 1337 μέν,
3655 1270 3715 1338 μὴ

2170 1363 2467 1433 δυνηθέντα
2515 1363 2570 1416 δὲ
2604 1363 2891 1431 ἐφικέσθαι
2942 1359 3043 1433 τῆς
3100 1359 3407 1432 ἀκριὸείας.
3452 1359 3596 1411 Οὕτω
3636 1362 3717 1412 καὶ

2169 1455 2328 1521 λόγου
2378 1452 2575 1515 παντὸς
2626 1455 2722 1505 καὶ
2771 1452 3204 1522 συγγράμματος
3250 1450 3453 1518 μείζων
3500 1452 3531 1519 ἡ
3571 1450 3717 1501 κακία

2170 1548 2203 1616 ἡ
2258 1546 2503 1615 ὑμετέρα
2558 1546 2723 1597 πᾶσιν
2770 1540 2910 1597 εἶναι
2956 1544 3126 1597 δοκεῖ.
3188 1543 3463 1602 Ἕκαστος
3520 1541 3621 1611 γάρ
3668 1540 3718 1592 τὸ

2170 1638 2365 1707 ἐκείνῳ
2404 1636 2771 1706 παραλειφθὲν
2805 1636 2964 1705 ὑμῶν
3020 1634 3328 1704 ἁμάρτημα
3384 1630 3716 1699 ὲκκωμῳδῶν,

2171 1732 2380 1782 ἐκεῖνον
2417 1726 2518 1798 μὲν
2552 1726 2817 1797 ἡττῆσθαι
2848 1724 3059 1795 νομίζει
3090 1767 3104 1789 ,
3135 1723 3271 1794 πρὸς
3305 1723 3406 1792 τὴν
3456 1723 3562 1789 (71)
3584 1720 3718 1790 ὑμῶν

2171 1818 2373 1871 κακίαν
2417 1818 2790 1887 ἁμιλληθῆναι
2824 1816 2901 1887 τῷ
2931 1816 3078 1886 λόγῳ
3108 1815 3480 1885 τολμήσαντα.
3511 1812 3587 1864 Τά
3624 1810 3719 1879 γὰρ

492 1904 628 1959 tium
673 1904 1134 1973 reprehendentes
1176 1904 1379 1957 victmn
1426 1904 1576 1957 illum
1628 1904 1963 1969 existimant,
2006 1914 2063 1958 ut

2171 1910 2542 1980 ἁμαρτήματα
2574 1908 2731 1977 ὑμῶν
2762 1907 2885 1978 ούχὶ
2911 1906 3247 1977 συγγνώμης
3281 1905 3464 1975 μόνον,
3494 1901 3617 1956 ἀλλά
3636 1901 3715 1953 καὶ

494 2012 685 2051 ausum
719 2012 842 2051 cum
898 1998 1093 2051 vestris
1151 1997 1370 2064 ﬂagitiis
1418 2011 1670 2052 sermone
1716 1999 2065 2052 contendere.

494 2090 658 2161 57o
692 2090 934 2145 Crimina
965 2091 1108 2144 enim
1136 2101 1314 2142 vestra
1350 2104 1455 2142 non
1481 2089 1634 2142 venia
1657 2089 1841 2151 modo,
1879 2104 2065 2143 verum

496 2184 659 2236 etiam
694 2181 959 2250 supplicio
988 2182 1265 2249 superiora
1300 2182 1614 2251 majoraque
1656 2181 1923 2251 judicant.
1959 2179 2070 2235 Vos

495 2286 630 2328 vero
663 2288 765 2327 non
795 2271 989 2341 injuria
1017 2280 1300 2337 accusant,
1324 2271 1467 2340 quod
1492 2286 1666 2341 neque
1694 2272 1959 2342 exemplis
1987 2273 2071 2326 iu-

494 2365 668 2427 ‘citati,
715 2378 892 2432 neque
922 2362 1164 2419 asseclas
1195 2365 1460 2432 reperturi
1491 2364 1543 2418 in
1578 2373 1656 2417 tot
1700 2372 1956 2434 tantaque
1987 2367 2069 2418 in-

490 2454 743 2508 cideritis
770 2454 985 2518 delicta,
1010 2469 1129 2523 quae
1147 2468 1329 2518 nemo,
1355 2470 1422 2508 ne
1446 2453 1921 2524 eloquentissimus
1943 2456 2064 2522 qui-

494 2546 638 2611 dem,
663 2548 909 2601 oratione
930 2547 1192 2615 consequi
1228 2546 1455 2600 dicendo
1498 2548 1688 2615 possit.
1734 2544 1934 2600 Verum
1981 2548 2065 2601 vel

2175 2000 2444 2072 τιμωρίας
2483 1999 2698 2071 ἡγεῖται
2744 1995 2886 2052 εἶναι
2922 1998 3167 2069 μείζονα.
3213 1996 3397 2065 Ὑμᾶς
3438 1994 3493 2047 δὲ
3530 1994 3715 2057 κακίζει

2175 2093 2255 2145 δτι
2285 2090 2407 2144 οὔτε
2458 2090 2903 2162 παραδείγμασιν
2933 2089 3321 2151 ἐκϐιασθέντες
3347 2130 3362 2152 ,
3396 2087 3509 2140 οὐθ’
3532 2086 3715 2150 ἕξοντες

2172 2184 2299 2245 τοὺς
2354 2182 2765 2251 μιμησομένους
2813 2181 2895 2243 είς
2948 2180 3207 2250 τοιαύτην
3246 2180 3487 2248 ὴλάσατε
3525 2176 3715 2236 κακίαν.

2170 2267 2238 2345 ἦς
2270 2274 2445 2336 οὐδεὶς
2474 2273 2582 2326 τῶν
2634 2273 2773 2341 ἄγαν
2820 2272 3277 2342 πεπαιδευμένων
3319 2270 3435 2340 (79)
3471 2267 3717 2336 ἐφικέσθαι

2170 2366 2249 2437 τῷ
2272 2366 2415 2436 λόγῳ
2450 2366 2761 2436 δυνήσεται.
2806 2366 2947 2418 ’Λλλ’
2980 2362 3053 2428 ὡς
3086 2364 3403 2434 πράξαντες
3430 2362 3526 2414 ὅσα
3556 2358 3716 2429 μηδεὶς

2167 2457 2277 2509 τῶν
2309 2456 2531 2510 πώποτε
2569 2456 2659 2509 ἐπὶ
2688 2456 3063 2528 παρανομίαις
3104 2455 3479 2526 βεϐοημένων,
3506 2452 3600 2504 κᾶν
3638 2449 3717 2517 ᾱῙιέ

2169 2566 2322 2611 ποτε,
2353 2548 2678 2620 γνωσιμαχή
2688 2564 2840 2605 σατε.

494 2653 616 2695 sero
648 2639 866 2695 tandem
899 2640 1221 2710 resipiscite,
1258 2653 1322 2693 ac
1349 2637 1718 2708 pmniteamini
1746 2637 1816 2692 de
1839 2638 2071 2707 patratis
2098 2653 2128 2692 a
2170 2640 2385 2694 nemine
2414 2654 2651 2707 unquam
2690 2647 2769 2693 tot
2798 2637 3037 2700 delictis,
3074 2651 3197 2706 qua:
3229 2649 3378 2704 same
3403 2634 3509 2704 jam
3536 2633 3716 2703 vulgata

484 2731 860 2790 'Innotescunt.

842 2845 976 2902 LW.
1003 2875 1077 2886 —
1109 2845 1371 2902 ΗΕιιοΝι
1401 2845 1719 2903 DlACONO.

2549 2838 2673 2893 NA’.
2707 2869 2777 2879 —-
2800 2838 3009 2892 nvom
3044 2839 3373 2910 AIAKoNg.

1604 2961 1783 3016 Virtus
1812 2961 2093 3027 sequenda,
2125 2968 2179 3011 ut
2207 2957 2404 3010 hostem
2440 2970 2640 3009 vincas.

562 3093 950 3148 Accusatlones
995 3092 1254 3158 quasdam
1313 3090 1561 3144 refellere
1603 3088 1739 3142 solet
1795 3088 2060 3143 interdum

2255 3086 2435 3150 Ἐνίας
2472 3085 2584 3138 τῶν
2619 3083 2967 3155 κατηγοριῶν
2994 3084 3185 3137 εἴωθεν
3222 3086 3492 3147 ἀπίστους
3518 3086 3715 3139 ποιεῖνό

492 3186 604 3239 vita
640 3185 807 3254 proba
853 3185 993 3252 ejus,
1026 3184 1117 3252 qui
1145 3184 1197 3237 in
1223 3182 1313 3250 jus
1334 3192 1577 3236 vocatur.
1617 3182 1711 3237 Vir
1745 3181 1926 3249 itaque
1950 3181 2061 3234 bo-

2171 3180 2272 3233 τῶν
2316 3179 2736 3248 ἐγκαλουμένων
2775 3178 2905 3247 βίος.
2959 3178 3228 3240 Πολλάκις
3256 3178 3396 3245 γοῦν
3435 3180 3569 3250 ἀνὴρ
3600 3182 3712 3247 ἀγα-

488 3294 595 3332 nus
623 3286 831 3331 tantum
860 3284 1188 3344 conspectus
1243 3283 1297 3329 et.
1333 3275 1571 3328 nendum
1619 3273 1874 3329 defensus
1897 3287 2068 3342 smpe-

494 3384 721 3425 numero
750 3384 854 3422 non
891 3369 1064 3422 solum
1100 3382 1314 3421 omnem
1364 3365 1582 3435 depellit
1636 3365 2066 3429 accusationem,

492 3472 550 3515 et
584 3459 1053 3523 maledicentiam,
1083 3459 1175 3512 sed
1228 3468 1284 3512 et
1322 3458 1569 3512 laudibus
1600 3463 1826 3510 ornatus
1860 3457 2067 3509 disces-

491 3555 585 3610 sit.
614 3554 792 3620 Quare
812 3552 855 3606 si
882 3552 969 3604 vel
994 3554 1061 3604 ah
1092 3552 1327 3605 inimicis
1354 3553 1571 3621 exigere
1602 3564 1789 3620 pCBIlas
1814 3550 1918 3614 vis,
1953 3548 2065 3602 vir-

491 3655 659 3701 tutem
694 3646 778 3697 fac
817 3659 1097 3699 exerceas.
1150 3642 1281 3708 Quae
1313 3644 1456 3697 enim
1505 3658 1631 3698 orsa
1681 3650 1807 3696 sunt
1848 3641 2066 3695 laudum

493 3746 705 3790 tuarum
725 3734 1019 3801 praeconia,
1050 3732 1298 3787 hostibus
1322 3748 1483 3802 quam
1508 3746 1682 3802 pana:
1714 3744 1905 3785 omnes
1931 3732 2064 3796 sint,

491 3827 742 3896 graviora
774 3824 913 3878 ﬁunt
946 3824 1224 3893 magisque
1258 3824 1477 3879 acerba.

619 3938 731 3995 LV.
763 3967 833 3979 --
857 3933 1431 3993 AGATHODEMONI
1452 3933 1933 3993 GRAMMATICO.

2164 3274 2258 3335 θὸς
2285 3273 2505 3342 ὁραθείς
2545 3271 2727 3342 μόνον,
2753 3272 2849 3323 καὶ
2885 3269 2957 3339 μὴ
2997 3269 3486 3340 ἀπολογησάμενος
3508 3312 3522 3336 ,
3546 3273 3600 3324 οὗ
3632 3272 3710 3340 μό-

2169 3383 2259 3419 νον
2298 3367 2481 3418 πᾶσαν
2515 3363 2855 3433 ἀπετρίψατο
2888 3361 3226 3429 κατηγορίαν
3270 3378 3335 3413 τε
3370 3364 3465 3415 καὶ
3510 3380 3715 3432 κακηγο-

2164 3458 2309 3528 ρίαν,
2343 3457 2479 3510 ἀλλά
2506 3456 2600 3509 καὶ
2630 3453 2869 3514 ἐπαίνοις
2899 3453 3152 3519 στεφθεὶς
3181 3453 3453 3521 ἀπῆλθεν.
3488 3456 3545 3506 Ei
3566 3455 3713 3506 τοίνυν

2167 3549 2346 3619 βούλει
2378 3548 2507 3610 τοὺς
2538 3546 2766 3616 ἐχθροὺς
2803 3545 2931 3606 τοὺς
2975 3544 3176 3595 σαυτοῦ
3231 3542 3396 3605 δίκας
3429 3545 3712 3613 ἀπαιτῆσαι,

2163 3637 2363 3707 ἀρετὴν
2388 3638 2566 3690 ἄσκει.
2598 3634 2680 3686 Τὰ
2704 3634 2815 3704 γάρ
2854 3649 2935 3685 σοι
2962 3632 3115 3702 παρὰ
3153 3632 3378 3685 πάντων
3417 3633 3713 3701 ὑφαινόμενα

2164 3731 2418 3799 ἐγκώμια
2439 3768 2454 3791 ,
2491 3728 2722 3790 ἐκείνοις
2754 3724 3026 3797 τιμωρίας
3062 3725 3282 3793 ἁπάσης
3326 3725 3447 3777 ἐστὶ
3475 3724 3713 3795 βαρύτερά

2163 3840 2222 3877 τε
2263 3823 2359 3876 καὶ
2391 3820 2716 3892 πικρότερα.

2304 3934 2432 3986 NE'.
2468 3960 2539 3972 -
2564 3925 3073 3983 ΑΓΔΘΟΔΔῘΜΟΝῙ
3111 3926 3591 3997 ΓΡΔΜΜΛΤῙΚῼ.

1513 4052 1770 4106 Avaritiae
1802 4048 2103 4104 detestatio.
2132 4043 2350 4116 (Confer
2379 4042 2479 4111 inf.
2502 4041 2598 4111 Iep.
2633 4040 2745 4111 67.)

560 4194 617 4248 Si
644 4192 883 4249 nonnulli
918 4200 1023 4245 tua:
1050 4187 1235 4243 traditi
1267 4184 1585 4253 disciplinas,
1616 4183 1816 4237 furoris
1858 4181 2057 4235 rabiei-

438 4344 441 4347 ,
486 4301 591 4353 que
636 4283 776 4354 pleni
812 4281 1051 4337 insolens
1083 4278 1212 4348 quid
1256 4290 1321 4329 ac
1358 4284 1555 4344 praeter
1602 4273 1940 4341 disciplinam
1975 4279 2058 4323 at-

486 4378 767 4440 tentarint,
822 4373 921 4427 hos
978 4372 1139 4425 ferro
1172 4368 1417 4431 retrahe,
1469 4365 1874 4433 silentiumque,
1907 4378 1973 4416 ne
2002 4363 2056 4417 in

480 4481 726 4536 prteceps
756 4464 1025 4528 ferantur,
1054 4461 1284 4529 impera.
1312 4458 1369 4512 Si
1400 4472 1529 4512 vero
1570 4459 1918 4527 pecuniarum
1963 4453 2059 4507 lla-

2233 4177 2296 4229 Εί
2329 4177 2428 4246 μέν
2456 4191 2599 4237 τινες
2627 4173 2734 4227 τῶν
2753 4172 2857 4226 ὑπὸ
2875 4172 2967 4224 σοῦ
2996 4172 3426 4244 ἡνιοχουμένων,
3457 4170 3641 4239 λύσσης
3664 4186 3709 4221 τε

2163 4268 2257 4319 καὶ
2307 4264 2485 4336 ἀφροῦ
2540 4262 2729 4334 μεστοὶ
2786 4261 3167 4331 τυγχάνοντες,
3197 4261 3483 4331 ἀγέρωχόν
3542 4278 3587 4312 τι
3634 4260 3709 4311 καὶ

2164 4356 2317 4428 παρά
2352 4359 2451 4426 τὴν
2481 4356 2637 4425 ἡνίαν
2670 4354 2964 4423 πράττοιεν
2991 4392 3005 4414 ,
3041 4351 3374 4420 ἀνασείραζε
3405 4352 3612 4413 τούτους
3634 4352 3710 4401 καὶ

2166 4445 2508 4517 ἐπιστόμιζε,
2551 4445 2638 4497 ἵνα
2680 4444 2754 4514 μὴ
2792 4444 2937 4496 κατά
2964 4443 3227 4513 κρημνῶν
3263 4443 3551 4513 ἐνεχθείεν.
3584 4440 3707 4494 Εἱδὲ

483 4574 645 4628 grare
677 4558 881 4613 sentias
920 4568 1131 4617 amore,
1165 4553 1251 4606 dic
1290 4551 1357 4605 iis
1396 4550 1656 4605 assidue:
1700 4549 1895 4616 Ecquas
1920 4560 2056 4599 nova

2171 4540 2462 4610 χρημάτων
2504 4537 2712 4589 αἴσθοιο
2744 4535 3018 4605 ἐραστὰς,
3047 4536 3135 4587 ἀεὶ
3180 4534 3305 4602 λέγε
3326 4553 3341 4570 ο
3376 4536 3471 4598 Τίς
3514 4536 3546 4604 ή
3576 4533 3708 4598 καινὴ

445 4701 451 4721 τ
484 4648 601 4703 haec
656 4659 711 4701 et
738 4646 968 4701 absurda
1006 4645 1159 4713 plura
1211 4640 1444 4696 habendi
1480 4638 1793 4707 cupiditatis
1818 4636 2055 4691 amentia

483 4736 604 4792 est?
629 4735 741 4789 Cur
770 4734 967 4802 injecta
1000 4731 1229 4785 materie
1255 4745 1318 4783 ac
1347 4728 1533 4783 fomite
1563 4726 1807 4796 subjecto
1827 4724 2057 4793 amplior

484 4827 547 4883 ﬁt
577 4826 889 4898 possidendi
942 4822 1142 4878 ardor?
1171 4820 1418 4889 Undique
1458 4821 1602 4872 enim
1644 4816 1879 4886 rapiens,
1914 4831 2078 4868 nun-.

483 4935 647 4989 quam
692 4918 960 4988 expletur.
1010 4915 1282 4982 Quantum
1345 4913 1390 4967 si
1464 4912 1702 4980 capitum
1763 4909 2054 4963 multorum

484 5013 653 5085 hydra
685 5010 893 5065 inﬁnita
918 5010 1118 5063 habeat
1144 5020 1263 5071 ora,
1299 5004 1494 5073 quibus
1518 5003 1696 5057 cibum
1731 5000 1782 5055 in
1814 5009 2053 5053 ventrem

484 5104 864 5174 inexplebilem
903 5101 1173 5164 demittat,
1214 5108 1363 5153 tanto
1383 5096 1503 5166 plus
1533 5102 1774 5165 appetat,
1801 5101 1857 5146 et
1896 5090 2053 5161 quasi

483 5197 618 5252 nihil
639 5206 795 5251 antea
828 5193 1119 5263 acceperit.
1148 5190 1349 5261 Ecquis
1378 5189 1540 5260 igitur
1580 5186 1839 5243 cordatus
1866 5185 2056 5254 hujus-

2164 4634 2258 4685 καὶ
2284 4629 2597 4700 παράλογος
2618 4627 2721 4697 τῆς
2747 4625 3178 4696 φιλοχρηματίας
3198 4626 3391 4695 μανία,
3485 4624 3543 4675 τὸ
3568 4638 3709 4693 προσ·

2161 4723 2443 4792 τιθέμενον
2491 4718 2593 4787 ὕλη
2655 4717 2750 4771 καὶ
2807 4718 3147 4786 ὑπέκκαυμα
3193 4715 3297 4785 τῆς
3358 4714 3454 4767 τοῦ
3495 4713 3707 4772 πλείονος

2157 4813 2390 4883 ὀρέξεως
2428 4810 2709 4880 γίγνεται;
2749 4809 2989 4863 Πάντοτε
3019 4808 3128 4879 γὰρ
3156 4807 3446 4877 δεχομένη,
3482 4805 3703 4859 οὐδέποτε

2159 4905 2496 4975 πληροῦται·
2546 4896 2661 4955 οἷον
2717 4901 2775 4954 δέ
2829 4918 2915 4963 τις
2947 4899 3323 4967 πολυκέφαλος
3352 4898 3489 4969 ὕδρα
3524 4895 3707 4968 μυρίοις

2160 4997 2390 5066 στόμασι
2434 4993 2532 5065 τὴν
2576 4994 2785 5064 τροφὴν
2828 4995 2896 5063 τῇ
2943 4993 3142 5063 γαστρὶ
3187 4993 3254 5062 τῇ
3303 4990 3581 5061 ἀκορέστῳ
3621 5003 3704 5037 πα-

2161 5090 2567 5162 ραπέμπουσα,
2623 5087 2880 5141 τοσοῦτον
2929 5088 3100 5156 αὐτῆς
3158 5086 3419 5155 ὀρέγεται
3470 5076 3703 5147 πλέον,ἣ

2158 5184 2281 5237 ὅσον
2314 5181 2465 5235 οὐδὲν
2504 5182 2553 5233 εί
2585 5181 2738 5251 παρά
2764 5179 2864 5250 τὴν
2892 5178 3068 5249 ἀρχὴν
3096 5177 3335 5244 ἐδέξατο.
3363 5177 3463 5240 Τίς
3488 5171 3575 5229 οὖν
3597 5171 3703 5225 ταύ-

1574 5361 1811 5417 VARUE
1849 5358 2231 5416 LECTIONES
2269 5358 2356 5414 ET
2393 5356 2625 5414 ΝΟΤᾹΞ.

486 5547 608 5601 μοι)
649 5528 914 5601 Siquidem
948 5525 1211 5601 meliorem
1245 5532 1477 5601 metuent
1498 5517 2051 5601 inda_eris,‘gqudebo,

481 5587 538 5654 iu
564 5587 944 5670 Pythegoricus
973 5596 1187 5670 quidam
1218 5591 1553 5670 philosOpIms
1594 5587 1807 5670 ‘(lsysis)’
1827 5587 2050 5670 dicebat,

482 5688 595 5723 cum
611 5657 857 5739 “prolapsi
892 5657 1098 5739 sodalis
1131 5657 1291 5718 vicem
1318 5657 1555 5739 lugeret."
1588 5657 1683 5712 sm
1724 5660 1919 5722 minus,
1964 5657 2051 5710 ille

481 5729 686 5810 quidem
708 5729 937 5808 scripsit,
966 5736 1101 5810 mihi
1136 5729 1475 5810 mortuus'es.
1523 5729 1766 5810 βρηρςῐττ

2150 5516 2259 5572 Alt.
2290 5516 2537 5569 inserunt
2565 5515 2758 5567 εἰπεῖν.
2793 5513 3002 5569 Possm.

2222 5584 2332 5657 (τί)
2373 5586 2504 5640 Post
2531 5585 2667 5655 πρὸς
2700 5586 2798 5657 τὴν
2830 5586 2951 5640 cod.
2974 5583 3084 5639 Alt.
3117 5583 3261 5638 addit
3288 5574 3695 5652 ἀφθαστονμίει

2150 5657 2226 5712 lo.

2209 5726 2328 5797 '(72)
2370 5723 2828 5797 Πεπαιδευμένῳν
2880 5723 2964 5797 in_
2992 5723 3244 5797 prznsenti
3289 5721 3522 5779 eﬂ'erunt
3562 5715 3695 5772 ambo

554 5794 663 5883 (70)
701 5794 847 5866 lnte'r
880 5794 1009 5877 πρίν
1041 5813 1095 5863 et
1124 5802 1403 5871 παύσομαι
1442 5801 1597 5857 codd.
1641 5797 1813 5853 Vatic.
1854 5796 1961 5853 650
1995 5807 2048 5852 et

2171 5794 2318 5853 τοιίιΙ.⁷
2339 5794 3095 5864 δτι-ἱὺυιιιοςπαιδευομένων.
3132 5794 3207 5850 In.
