3906 6416
196 373 323 447 1361

1122 368 1667 430 EPISTOLARUM
1714 369 1859 428 LIB.
1900 369 1969 429 V.
2008 393 2077 403 -·-
2113 368 2350 428 EPIST.
2393 370 2517 435 LX?

3312 358 3451 424 1362

182 504 281 558 της
314 482 378 540 εὖ
422 483 638 556 φρονῶν
664 483 840 537 ἕλοιτο
872 476 1012 535 εἶναι
1050 481 1307 553 ἐραστὴς,
1342 482 1438 550 τῆς
1474 479 1755 534 κάνταῦθα

1886 479 2004 533 nodi
2052 479 2167 534 vitii
2220 481 2489 535 sustineat
2536 494 2657 536 esse
2709 479 2956 535 amator?
3004 475 3147 547 quod
3219 482 3273 528 et
3340 488 3446 525 non

181 578 258 648 τῷ
293 578 370 648 μὴ
402 575 759 649 κορέννυσθαι
793 572 1131 643 κολαζούσης
1154 574 1247 626 τὸν
1277 574 1494 640 ἁλόντα,
1527 575 1754 626 κάκεῖσε

1886 570 2129 639 :xpleudo
2150 586 2309 638 quem
2340 569 2506 625 semel
2529 570 2757 641 ceperit,
2785 571 2864 625 sic
2890 569 3096 639 puniat,
3129 572 3187 620 ut
3211 570 3266 616 et
3290 571 3450 616 aeter-

183 671 259 733 είς
286 670 353 724 τὸ
375 669 643 723 ἄσϐεστον
674 667 787 737 πῦρ
822 665 1300 737 παραπεμπούσης
1326 682 1341 731 ;

670 869 814 935 Nq'.
843 896 913 908 —
946 866 1266 937 ΔυΜΕΤΙῼ.

1868 663 1953 714 nis
2017 660 2314 716 inferorum
2372 661 2621 731 ignibus,
2673 664 2764 731 qui
2824 659 3091 728 exstingui
3152 660 3475 721 nequeant,

1866 751 2103 806 addicat.

2356 865 2488 920 LVI.
2542 897 2613 909 ---
2654 863 2979 924 DOMITIO._

1283 972 1438 1028 Beati
1466 972 1557 1043 qui
1596 974 2005 1041 persecutionem
2040 976 2337 1041 patiuntur.

251 1098 329 1152 Οὐ
362 1098 461 1151 τὸν
490 1097 669 1167 πάντη
694 1097 803 1150 τῶν
830 1094 1097 1149 εἰωθότων
1118 1094 1231 1156 τοῖς
1260 1091 1572 1163 ἀνθρώποις
1599 1090 1754 1141 ἀνια-

186 1193 295 1263 ρῶν
332 1190 652 1262 συμϐαίνειν
692 1189 1007 1259 ἀπείρατον,
1064 1187 1329 1257 μακάριον
1360 1179 1501 1236 εἶναι
1540 1182 1590 1235 οἱ
1626 1180 1761 1233 πολ-

181 1286 262 1338 λοὶ
289 1283 577 1353 νομίζουσι
619 1280 801 1353 (τοῦτο
838 1280 950 1351 γὰρ
995 1279 1306 1348 ἀδύνατον),
1342 1276 1481 1332 ἀλλὰ
1525 1276 1617 1328 τὸν
1658 1273 1765 1325 όλί-

1936 1092 2167 1149 Felicem
2203 1096 2423 1163 quidam
2472 1096 2789 1150 existimant
2844 1109 2948 1150 non
3000 1111 3145 1162 eum,
3176 1095 3267 1166 qui
3317 1095 3481 1150 nihil-

1871 1185 2268 1250 molestiarum,
2313 1186 2510 1255 quibus
2553 1186 2861 1241 mortalium
2898 1186 3129 1241 obnoxia
3187 1186 3297 1239 vita
3341 1195 3448 1247 est,

1870 1278 2040 1331 sensit
2067 1294 2306 1347 unquam
2349 1279 2422 1350 (id
2451 1280 2595 1334 enim
2648 1278 2761 1334 ﬁeri
2812 1294 2918 1333 non
2951 1278 3172 1350 potest),
3227 1279 3322 1332 sed
3355 1277 3447 1345 qui

180 1394 293 1445 γων
327 1376 725 1446 μετεσχηκότα,
770 1375 871 1427 Διὰ
920 1374 1030 1445 γὰρ
1087 1372 1291 1443 πλῆθος
1334 1368 1651 1440 συμφορῶν,
1703 1366 1761 1419 αϊ

1886 1384 2030 1435 luam
2064 1369 2303 1423 minimis
2334 1379 2559 1438 urgetur
2594 1369 2770 1424 malis.
2800 1370 3178 1425 Calaniitatum
3207 1368 3350 1423 enim
3379 1368 3448 1421 oh

178 1472 307 1533 τοὺς
364 1469 651 1530 πλείστους
702 1466 1145 1531 καταελύζουσι,
1188 1465 1459 1535 μακάριον
1506 1460 1598 1513 τὸν
1652 1459 1761 1511 ὀλί-

1866 1463 2099 1531 copiam,
2139 1461 2336 1532 quibus
2362 1462 2601 1530 plerique
2639 1460 3040 1522 circumﬂuunt.
3084 1461 3298 1515 beatum
3325 1472 3450 1527 pro-

178 1580 297 1631 γοις
344 1562 459 1633 (75)
507 1560 992 1631 προσομιλήσαντα
1040 1552 1181 1611 εἶναι
1222 1554 1513 1628 ὁρίζονται.
1567 1552 1761 1619 Ἡμεῖς

1886 1553 2143 1617 tunliaul,
2177 1552 2267 1621 qui
2306 1538 2648 1621 paucissimis
2689 1553 2921 1607 laeditur.
2973 1546 3082 1606 Nos
3111 1565 3242 1605 vero
3270 1547 3450 1621 [Chri-

178 1653 237 1706 δὲ
275 1653 369 1707 καὶ
426 1650 517 1704 τόν
566 1649 739 1702 πολλὰ
794 1649 891 1719 μὲν
930 1647 1056 1719 τῇδε
1103 1644 1452 1709 πεπονθότα,
1496 1640 1762 1711 γενναίως

1886 1643 2050 1713 stiani]
2080 1652 2133 1697 et
2166 1643 2329 1697 multa
2360 1644 2577 1714 quidem
2617 1660 2956 1714 perpessum,
3006 1642 3228 1697 excelso
3267 1651 3450 1714 tamen

175 1745 233 1797 δὲ
278 1742 573 1812 ὲνηνοχότα
595 1782 611 1805 ,
641 1740 736 1792 τού
771 1740 929 1806 ὀλίγα
963 1737 1295 1798 πεπονθότος
1330 1734 1532 1806 μᾶλλον
1579 1746 1761 1802 μακα-

1869 1736 2052 1789 animo
2077 1735 2419 1801 tolerantem,
2450 1736 2611 1807 longe
2636 1737 2883 1803 ducimus
2907 1736 3204 1791 feliciorem
3241 1750 3326 1801 eo,
3354 1733 3447 1802 qui

180 1834 427 1906 ρδζομεν·
459 1835 542 1887 ὅτι
575 1832 710 1901 πρὸς
757 1830 824 1884 τὰ
873 1830 1229 1897 παλαίσματα
1271 1828 1365 1880 καὶ
1397 1827 1446 1878 oi
1492 1825 1749 1892 στέφανοι

1886 1825 2063 1878 [ιοόίοο
2092 1824 2392 1892 pertulerit.
2429 1824 2561 1878 Nam
2607 1833 2661 1879 et
2699 1825 2943 1879 luctaturi
2982 1839 3194 1878 coronae
3225 1840 3291 1879 ex
3332 1839 3448 1877 me-

182 1926 505 1989 πλὲκονται,
538 1924 632 1976 καὶ
656 1925 769 1984 τοῖς
803 1921 987 1983 ἄθλοις
1014 1920 1085 1972 τὰ
1117 1918 1329 1973 ἔπαθλα
1353 1914 1659 1969 ἀκολουθεῖ.

469 2037 593 2093 NZ'.
629 2067 702 2079 —
732 2021 979 2107 ΖΩΣῘΜῼ
1012 2032 1481 2103 ΠΡΕΣΒΥΤΕΡῼ.

1868 1914 1971 1968 rito
1994 1913 2311 1979 obveniant,
2338 1924 2390 1969 et
2417 1925 2692 1970 certantes
2727 1932 2823 1971 sua
2852 1918 3073 1986 praemia
3096 1915 3445 1970 comitantur.

2006 2024 2163 2096 571
2212 2025 2368 2079 LVII.
2413 2056 2485 2065 —
2526 2025 2779 2083 ZOSIMO
2832 2024 3309 2081 I‘RESBVTERO.

1351 2149 1395 2202 Α
1431 2149 1575 2203 vitiis
1607 2147 1923 2201 dehortatur
1949 2156 1993 2197 et
2026 2146 2282 2213 nequitia.

250 2273 503 2346 Κηλίδα,
537 2271 635 2325 καὶ
674 2271 891 2343 μίασμα
911 2312 926 2337 ,
960 2270 1057 2322 καὶ
1082 2269 1237 2337 ἄγος,
1278 2268 1375 2320 καὶ
1408 2267 1461 2320 τί
1501 2266 1612 2336 γὰρ
1638 2264 1760 2369 oux}

1935 2263 2221 2327 Probrum,
2260 2263 2527 2331 piaculum
2559 2279 2623 2319 ac
2650 2264 2847 2327 scelus,
2874 2277 2928 2320 et
2957 2265 3082 2333 quid
3122 2279 3229 2319 non
3262 2273 3453 2320 contu-

176 2369 288 2421 τῶν
332 2366 619 2436 προδήλων
657 2362 905 2435 αἰσχρῶν
958 2359 1319 2431 ὀνομάζοντές
1376 2358 1436 2411 σέ
1480 2374 1661 2421 τινες,
1716 2357 1762 2409 ὡ

1886 2357 2072 2413 ueliosi
2103 2357 2337 2415 nominis
2362 2358 2480 2420 tibi,
2504 2374 2537 2413 0
2569 2360 2733 2414 miser
2781 2360 3017 2424 Zosime,
3045 2360 3288 2428 quidam,
3323 2359 3451 2412 dum

180 2460 399 2531 σχέτλιε
447 2457 701 2527 Ζώσιμε,
733 2455 1041 2528 περιίασιν;
1083 2452 1177 2516 οὓς
1223 2450 1348 2505 οὔτε
1388 2450 1598 2521 καιρὸς,
1639 2447 1762 2502 οὔτε

1886 2451 2152 2517 ιεοοόυηι,
2188 2451 2510 2519 imponunt?
2537 2467 2767 2521 quarunt
2815 2466 2988 2521 neque
3017 2460 3246 2519 tempus,
3278 2462 3455 2518 neque

175 2550 242 2603 τὸ
268 2548 449 2612 πάθος
490 2546 841 2616 ἐπιστομίσαι
871 2544 1121 2608 δύναται,
1161 2543 1379 2595 πάντων
1420 2538 1765 2611 μαρτυρούν-

173 2658 288 2695 των
316 2639 429 2693 τῶν
465 2639 772 2693 ἀκουόντων
793 2676 809 2702 ,
840 2636 917 2699 ὡς
941 2637 1101 2703 ὀλίγα
1128 2634 1250 2687 ἀντὶ
1281 2632 1515 2697 πολλῶν,
1548 2632 1643 2685 καὶ
1678 2649 1768 2695 σε-

178 2733 292 2806 μνὰ
339 2731 465 2786 ἀντὶ
507 2730 752 2801 αἰσχρῶν
791 2728 1079 2799 φράζουσι.
1121 2728 1322 2781 Σκόπει
1368 2725 1571 2789 τοίνυν,
1615 2725 1763 2788 ὅπως

173 2826 404 2889 τούτους
422 2823 807 2894 ὲπιστομίσῃς·
831 2821 1204 2892 ὲπιστομίσεις
1231 2818 1307 2883 δὲ,
1338 2818 1386 2870 εί
1415 2816 1642 2870 παύσαιο
1663 2818 1761 2886 τῆς

172 2912 483 2982 ἀκορέστου
517 2912 810 2983 ῥᾳθυμίας.

504 3025 637 3078 NH'.
672 3054 742 3065 —
770 2996 1094 3094 ΕΠῙΦΛΝΙῼ
1122 3022 1444 3093 ΔΙΑΚΟΝῼ.

1866 2546 2058 2615 pathos
2077 2545 2340 2600 obturare
2366 2560 2429 2599 os
2462 2555 2647 2613 queat,
2692 2546 3126 2600 contestantibus
3176 2543 3450 2606 omnibus,

1871 2640 1959 2705 qui
1996 2638 2247 2701 audiunt,
2283 2648 2340 2690 ut
2368 2652 2537 2707 pauca
2583 2637 2996 2707 iiniltis,gravia
3030 2637 3274 2706 turpibus
3302 2650 3457 2705 repo-

1871 2739 2021 2783 nant.
2048 2729 2228 2795 Quare
2253 2730 2398 2795 vide,
2442 2746 2547 2799 qua
2578 2730 2789 2783 ratione
2817 2729 3090 2783 silentium
3126 2728 3233 2782 illis
3274 2727 3452 2797 impo-

1871 2837 1990 2875 nas.
2027 2820 2274 2890 lmpones
2301 2831 2480 2875 autem
2527 2821 2573 2874 si
2621 2822 2688 2874 ab
2719 2819 3016 2874 insatiabili
3070 2819 3172 2873 hac
3216 2816 3461 2887 nequitia

1871 2912 2130 2966 cessabis.

2144 3026 2324 3083 LVIII.
2358 3058 2428 3068 —
2456 3025 2821 3083 EPIPIIAMO
2849 3023 3163 3081 DIACONO.

1184 3138 1333 3210 [Spes
1360 3142 1483 3195 vita:
1508 3142 1763 3196 anchora.
1799 3141 2021 3215 (Confer
2045 3162 2129 3214 ep.
2158 3146 2227 3201 50
2264 3156 2314 3201 et
2345 3146 2497 3217 271.)

261 3264 330 3318 Ἡ
372 3264 452 3326 εἰς
487 3263 585 3331 τὴν
615 3260 830 3330 ἄμαχον
872 3258 968 3312 τοῦ
1008 3258 1076 3312 τὰ
1106 3258 1287 3312 πάντα
1326 3258 1661 3322 οίακίζοντος
1690 3259 1762 3312 δε-

1952 3261 2109 3332 Spes,
2150 3278 2269 3332 qua:
2300 3272 2385 3317 est
2412 3265 2479 3317 ad
2526 3262 2782 3320 invictam
2809 3263 3089 3317 dexteram
3124 3269 3317 3316 cuncta
3356 3275 3456 3330 gu-

177 3356 303 3425 ξιὰν
330 3355 509 3416 ἐλπὶς.
544 3353 602 3404 ού
636 3352 798 3421 μόνον
823 3351 925 3421 τὴν
957 3349 1068 3403 τῶν
1101 3349 1404 3419 μελλόντων
1434 3348 1612 3403 ὠδίνει
1635 3349 1771 3403 ἁπό-

175 3447 397 3504 λαυσιν,
427 3441 564 3496 ἀλλὰ
592 3442 687 3495 καὶ
723 3442 850 3503 τοὺς
879 3441 1156 3511 παρόντας
1182 3439 1523 3508 ἐπικουφίζει
1552 3442 1767 3506 πόνους.

188 3537 356 3604 Ῥᾷον
392 3535 506 3605 γάρ
544 3550 631 3595 τις
661 3530 821 3602 φέρει
858 3532 985 3593 τοὺς
1021 3530 1218 3594 ἄθλους
1250 3534 1318 3601 τῇ
1350 3530 1460 3584 τῶν
1494 3532 1773 3602 στεφάνων

178 3627 365 3686 Darii}.
404 3623 798 3696 πτερούμενος.
836 3624 900 3677 Εἰ
943 3623 1126 3677 τοίνυν
1161 3622 1447 3676 κάνταῦθα
1477 3624 1611 3693 ἡμῖν
1652 3639 1777 3677 συν·

178 3718 516 3787 αγωνίςεται
560 3717 655 3770 καὶ
699 3718 999 3787 συμμαχεῖ,
1046 3716 1270 3769 κάκεῖσε
1297 3715 1584 3785 στεφάνοις
1626 3717 1775 3786 ἡμᾶς

180 3812 390 3880 κοσμεῖ
414 3808 511 3862 καὶ
542 3807 828 3881 φαιδρύνει
849 3848 865 3873 ,
897 3809 994 3861 καὶ
1022 3807 1403 3872 ἀποϐλέπτους
1442 3808 1576 3879 παρ’
1608 3808 1777 3877 ἀγγέ-

180 3900 300 3962 λοις
330 3899 428 3952 καὶ
457 3899 766 3971 ἀνθρώποις
801 3899 1096 3971 καθίστησι
1122 3941 1138 3966 ,
1177 3898 1382 3971 ταύτην
1431 3899 1775 3972 περιπτυξὼ-

187 3990 358 4066 μεθα,
388 3988 486 4044 καὶ
508 3991 760 4045 σύνοικον
784 3991 1010 4063 ,ἔχωμεν
1037 3993 1132 4045 καὶ
1161 3991 1559 4063 ὁμοτράπεζον.

492 4104 621 4160 ΝΘ¹.
647 4134 718 4145 -
741 4103 946 4160 ΘΕΩΝΙ
986 4103 1460 4176 ΠΡΕΣΒΥΤΕΡῼ.

1876 3353 2182 3420 bet-nantis,
2223 3370 2330 3410 non
2360 3354 2536 3410 solum
2569 3355 2622 3410 in
2660 3354 2901 3409 futurum
2928 3354 3073 3424 parit
3107 3354 3459 3424 vpluptatem,

1877 3448 1971 3503 sed
1995 3457 2051 3501 et
2078 3447 2361 3515 praesentis
2398 3448 2520 3502 vita:
2558 3446 2803 3502 sublevat
2843 3446 3075 3501 labores.
3105 3443 3285 3499 Facile
3316 3444 3461 3498 enim

1877 3540 1999 3609 quis
2046 3540 2404 3594 certaminum
2440 3538 2652 3594 labores
2698 3537 2954 3605 sustinet,
2993 3537 3083 3606 qui
3138 3549 3463 3592 coronarum

1875 3646 1942 3686 ac
1976 3631 2320 3699 praemiorum
2352 3646 2449 3700 spe
2477 3632 2688 3687 nititur.
2718 3632 2774 3686 Si
2817 3632 2932 3686 hazc
2962 3630 3144 3699 itaque
3178 3628 3461 3682 nobiscum

1876 3720 1966 3775 hic
1995 3730 2167 3775 certat
2195 3731 2251 3775 et
2279 3732 2503 3792 pugnat,
2530 3723 2604 3778 ibi
2643 3737 2772 3777 vero
2796 3721 3014 3776 coronis
3038 3726 3271 3774 exornat
3298 3725 3463 3784 atque

1876 3812 2167 3877 exhilarat,
2214 3814 2665 3883 venerandosque
2713 3814 2919 3885 angelis
2951 3820 3113 3883 atque
3155 3807 3468 3865 hominibus

1876 3919 1974 3961 nos
2002 3906 2316 3972 constituat,
2361 3907 2499 3962 hanc
2525 3906 2951 3977 complectamur
2980 3912 3035 3959 et
3074 3916 3260 3958 mensa
3288 3907 3471 3955 tecto—

1876 4012 1981 4067 que
2009 3998 2365 4067 excipiamus.

2141 4112 2278 4167 LIX.
2304 4143 2378 4154 —
2412 4111 2674 4167 TIIEONI
2720 4107 3201 4166 PRESBYTERO.

1116 4223 1373 4292 Asperius
1408 4223 1543 4278 nihil
1574 4235 1649 4280 est
1679 4226 1870 4283 humili
1904 4248 2023 4286 cum
2060 4234 2229 4303 surgit
2262 4233 2316 4286 in
2348 4232 2539 4286 altum.

261 4341 356 4413 Μὴ
385 4340 507 4395 λίαν
545 4340 882 4409 ἑκπλήττου,
932 4339 1068 4410 μηδὲ
1108 4328 1393 4413 θαύμαζε,
1442 4343 1492 4395 εἰ
1534 4342 1785 4414 Ζώσιμος

188 4435 301 4493 ἀπὸ
326 4435 639 4501 οἰκετικῆς,
676 4433 752 4497 ὡς
797 4432 937 4505 φὴς,
981 4434 1138 4504 ῥίζης
1176 4433 1502 4505 ὁρμώμενος
1527 4438 1785 4508 φανητιᾷ,

1960 4346 2075 4402 Noli
2098 4348 2318 4419 percelli
2353 4356 2446 4403 aut
2476 4347 2760 4413 admirari,
2810 4346 2855 4404 si
2892 4344 3141 4407 Zosimus
3185 4341 3355 4411 stirpe
3404 4355 3466 4395 se

1876 4439 2111 4511 jactans,
2143 4449 2203 4495 ut
2238 4441 2457 4504 scribis,
2489 4448 2544 4496 et
2591 4440 2792 4511 aliquis
2831 4437 3001 4493 videri
3040 4437 3286 4505 cupiens,
3330 4433 3468 4489 nihil

188 4528 287 4580 καὶ
315 4526 543 4596 μέτριον
583 4526 741 4579 οὐδὲν
772 4528 980 4595 φρονεῖ.
1010 4525 1182 4578 Είωθε
1208 4524 1317 4596 γὰρ
1340 4526 1374 4596 ἡ
1416 4528 1547 4598 παρ’
1584 4527 1762 4583 ἐλπίδα

1886 4533 2059 4601 sapiat
2090 4532 2379 4588 moderari.
2410 4531 2539 4597 Qua:
2566 4533 2710 4586 enim
2738 4531 3015 4600 insperata
3046 4527 3246 4584 accidit
3290 4526 3465 4581 felici-

190 4618 471 4691 εὐημερία
499 4618 625 4680 τοὺς
656 4617 1076 4697 όινοηταίνοντας
1106 4617 1238 4688 πρὸς
1269 4615 1430 4688 ὓϐριν
1463 4617 1706 4689 τρέπειν.

580 4732 658 4787 Ξν.
690 4762 761 4771 -
785 4730 1019 4785 IEPAKI
1051 4732 1372 4802 ΔΙΑΚΟΝῼ.

1890 4632 1994 4689 tas,
2025 4639 2088 4678 ea
2121 4623 2506 4678 contumeliam
2539 4623 2655 4677 fere
2689 4621 2934 4676 attrahit.

2221 4735 2337 4792 Lx.
2375 4768 2447 4780 _
2502 4736 2779 4793 lllERACl
2811 4695 3130 4793 DIACONo.

1514 4848 1673 4902 Amat
1704 4849 1920 4903 victoria
1948 4865 2151 4906 curam.

270 4939 490 5009 Σφόδρα
522 4937 824 5008 ἀπαιτῶμεν
852 4938 1102 5001 ἑαυτοὺς,
1131 4937 1227 4990 καὶ
1253 4935 1735 5007 παραλογιζόμεθα
1760 4978 1775 5002 ,

1962 4938 2128 4994 Valde
2180 4939 2543 5008 nosmetipsos
2593 4938 2911 5007 decipimus,
2967 4938 3209 5009 falsaque
3266 4940 3467 4994 utimur

196 5035 248 5087 εί
301 5032 473 5103 μηδὲν
521 5030 857 5101 πράττοντες
907 5022 983 5083 ὧν
1026 5031 1300 5100 προσήκει
1340 5029 1606 5100 πράττειν
1653 5029 1762 5088 τοὺς

1889 5030 2330 5099 ratiocinatione,
2392 5031 2438 5085 si
2488 5030 2622 5085 nihil
2657 5038 2877 5101 agentes
2918 5045 3127 5097 eorum,
3160 5046 3280 5102 qua:
3311 5032 3471 5088 decet

196 5126 360 5195 ᾙκᾷν
403 5123 799 5194 βουλομένους,
840 5122 950 5176 τῶν
986 5124 1167 5177 πάντα
1210 5123 1560 5195 πραττόντων
1602 5122 1762 5193 (“)5

1889 5138 2073 5194 agere,
2101 5123 2194 5193 qui
2246 5123 2466 5179 vincere
2504 5123 2816 5189 contendat,
2855 5122 3167 5192 superiores
3206 5137 3305 5179 nos
3348 5121 3467 5178 fore

197 5216 309 5287 χρὴ
338 5215 600 5285 πράττειν
628 5214 754 5277 τοὺς
783 5216 1027 5285 νικήσειν
1062 5213 1354 5285 μέλλοντας
1373 5254 1389 5281 ,
1433 5213 1759 5285 περιέσεσθα

1890 5229 2177 5285 speramus
2204 5214 2297 5279 iis,
2324 5214 2414 5283 qui
2446 5214 2579 5269 nihil
2610 5229 2714 5268 non
2747 5222 2914 5283 agunt
2952 5228 3138 5268 eorum
3180 5227 3300 5280 quae
3335 5227 3469 5269 con-

200 5307 617 5378 προσδοκῶμεν.
654 5307 865 5360 Ταυτὸν
888 5306 998 5377 γάρ
1032 5308 1149 5359 ἐστι
1172 5347 1187 5373 ,
1230 5306 1292 5359 τὸ
1318 5307 1561 5370 καὶτοὺς
1583 5306 1762 5360 καθεύ

1894 5309 2041 5362 venit
2061 5307 2299 5362 victores
2328 5321 2488 5377 agere
2535 5320 2598 5362 ac
2630 5305 2764 5375 pati.
2793 5305 2908 5361 lloc
2947 5306 3088 5360 enim
3124 5304 3348 5375 perinde
3372 5303 3475 5372 sit,

199 5397 394 5462 δοντας
427 5397 523 5451 καὶ
552 5398 849 5469 ῥέγχοντας
880 5396 989 5450 τῶν
1008 5399 1386 5469 ἐγρηγορότων
1414 5399 1507 5451 καὶ
1535 5397 1770 5451 σπουδα-

1885 5408 2046 5469 atque
2078 5398 2410 5454 dormientes
2440 5405 2842 5467 stertentesque
2872 5395 3224 5467 vigilantibus
3256 5410 3322 5451 ac
3351 5403 3468 5453 sat-

1308 5572 1547 5629 VARle
1589 5569 1975 5630 LECTIONES
2012 5574 2102 5630 ET
2140 5572 2372 5630 NOTAE.

272 5733 393 5805 (T5)
432 5730 673 5805 [Iterque
699 5733 888 5797 codex,
912 5730 1127 5805 ὀλίγων.
1160 5730 1368 5805 Possmt

280 5800 397 5869 ΓΗ)
436 5802 544 5861 Pro
567 5800 746 5860 πάντα
767 5802 1118 5868 πραττόντων
1141 5801 1298 5857 codd.
1332 5801 1451 5858 Vat.
1483 5800 1587 5860 650
1612 5811 1667 5859 et
1686 5802 1792 5860 Alt.

1901 5731 2081 5804 legunt
2103 5730 2228 5796 τοὺς
2262 5730 2441 5787 πάντα
2467 5726 2826 5804 πράττοντας.
2861 5728 2943 5787 In.
