3906 6416
488 395 628 463 1363

1694 400 1754 459 S.
1796 400 2087 461 ISIDORI
2128 402 2575 465 PELUSIOTJi.

3605 403 3727 466 I36!

484 509 769 581 agentibus
806 518 1171 577 anteponere,
1218 516 1275 563 et
1323 508 1553 578 ignavos
1605 516 1768 578 atque
1813 498 2042 566 socorde

2173 513 2374 576 ζόντων
2420 514 2721 582 περιεῖναι,
2772 512 2869 564 καὶ
2910 511 3039 574 τοὺς
3084 510 3462 582 ρᾳθυμοῦντας
3514 514 3605 566 καὶ
3641 516 3727 584 ἁρς

484 600 554 655 iis
586 598 861 670 praeferre,
892 599 983 667 qui
1023 598 1157 652 nihil
1187 598 1511 654 intentatum
1544 600 1879 669 relinquunt.

691 712 830 769 LXI.
868 742 937 753 —-
972 712 1327 769 MARCIANO
1361 712 1840 769 PRESBYTERO.

2170 605 2399 675 γοῦντας
2425 607 2534 658 τῶν
2570 604 2737 674 μηδὲν
2772 604 3305 674 παραλιμπανόντων
3334 607 3575 673 κρατεῖν.

2397 717 2520 769 ειν.
2554 745 2625 756 -
2654 716 3023 787 ΜΑΡΚΙΑΝῼ
3057 716 3518 786 ΠΡΕΣΒΥΤΕΡῼ.

1609 808 2087 866 Demonstrationis
2113 814 2187 866 vis
2214 814 2269 865 iu
2300 824 2626 881 argumento.

548 923 722 988 Dicta,
765 940 887 993 qua:
928 923 1247 993 probatione
1283 923 1449 977 multa
1497 922 1767 994 longaque
1817 927 2063 997 indigent

2240 929 2323 982 Τά
2363 928 2566 999 πολλῆς
2611 928 2851 1000 βασάνου
2902 926 2999 979 καὶ
3044 927 3263 995 μακρᾶς
3293 924 3589 988 ἐξετάσεως
3621 925 3724 976 δεό-

482 1013 855 1083 irrquisitione,
888 1028 997 1068 non
1031 1023 1137 1067 tam
1166 1013 1437 1069 sententia
1472 1022 1866 1083 autresponso,
1896 1032 2042 1087 quau

2168 1036 2306 1089 μενα
2348 1019 2510 1089 ρητά,
2549 1019 2649 1070 οὐκ
2684 1016 2981 1085 ἀποφάσει,
3009 1016 3128 1069 ἀλλ’
3150 1014 3425 1078 ἀποδείξει
3454 1018 3721 1085 σαφηνίζε-

477 1104 1328 1159 demonstrationedeclarantur.
1366 1105 1514 1175 Opus
1555 1105 1699 1159 enim
1740 1108 2042 1176 probationr

2164 1130 2276 1166 ται.
2304 1112 2477 1183 Χρεία
2504 1112 2613 1181 γὰρ
2654 1113 2750 1165 καὶ
2789 1109 3158 1178 κατασκευῆς,
3209 1109 3303 1161 καὶ
3333 1106 3575 1176 περιόδου
3599 1148 3613 1170 ,
3639 1107 3721 1157 καὶ

477 1201 581 1259 est,
614 1195 816 1249 ambitu
847 1210 943 1251 seu
979 1195 1442 1250 circumductione
1483 1210 1547 1249 ac
1572 1196 2060 1264 demonstratione,

479 1295 539 1336 ut
599 1284 938 1353 perspicuam
979 1284 1225 1352 ‘possint
1283 1284 1527 1340 nancisci
1610 1286 2054 1343 declarationem.

475 1373 579 1440 Qui
609 1375 752 1429 enim
795 1376 1245 1444 pronuntiaturus
1275 1376 1602 1432 sententiam
1642 1392 1833 1433 carere
1866 1393 1926 1433 se
1961 1380 2055 1434 de-

477 1468 873 1523 tnOnstratioue
938 1482 1103 1540 posse
1156 1468 1456 1537 existimat,
1528 1470 1574 1525 is
1634 1471 1914 1540 sapientiae
1970 1480 2057 1527 est

474 1575 687 1631 expers.

717 1674 876 1745 I372
900 1673 1059 1729 LXII.
1099 1705 1168 1715 —
1198 1672 1440 1730 rosam
1480 1673 1799 1730 DlACONO.
1878 1642 1881 1645 ’

2166 1203 2499 1269 ἀποδείξεως
2528 1242 2544 1267 ,
2567 1202 2708 1255 ὥστε
2738 1200 3036 1270 δυνηθῆναι
3068 1199 3241 1251 ταῦτα
3278 1198 3538 1265 λαμπρᾶς
3558 1199 3727 1265 τυχεῖν

2165 1296 2480 1369 ἑρμηνείας.
2508 1296 2569 1349 Εἰ
2591 1295 2646 1348 δέ
2674 1311 2759 1356 τις
2776 1292 3213 1361 ἀποφαινόμενος
3234 1288 3449 1359 νομί-ζει
3470 1287 3719 1352 ἀποδείξει

2162 1387 2514 1457 κεχρῆσθαι,
2565 1380 2719 1446 οὗτος
2774 1385 2881 1452 ἔξω
2930 1387 3029 1454 τῆς
3060 1381 3170 1435 τῶν
3208 1379 3391 1449 σοφῶν
3435 1378 3719 1447 ἐσκήνωται

2166 1479 2407 1533 συνόδου.

2520 1677 2641 1731 se.
2676 1707 2747 1716 —
2772 1676 3033 1744 mANNu
3062 1672 3391 1743 AIAKONQ.

1473 1769 1727 1823 Adulatio
1759 1770 1927 1839 magis
1960 1786 2118 1840 quam
2149 1774 2465 1826 contumelia
2498 1774 2728 1825 vitanda.

545 1880 788 1938 Tametsi
812 1894 1069 1953 parentes
1100 1900 1165 1942 ac
1224 1887 1471 1955 magistri
1501 1887 1570 1941 ab
1625 1886 1957 1945 adulatione.
2000 1900 2042 1939 ur

2228 1890 2413 1942 Eixui.
2437 1889 2743 1944 διδάσκαλοι
2791 1892 2887 1941 καὶ
2924 1885 3160 1957 πατέρες
3187 1885 3288 1955 τῆς
3321 1882 3603 1943 κολακείας
3625 1881 3719 1949 ἀφ-

475 1989 822 2044 summopere
899 1979 1057 2032 noxia
1114 1978 1576 2048 vehementerque
1643 1989 2052 2046 corrumpente,

476 2068 815 2123 abstinentes
846 2078 1047 2123 metum
1094 2069 1381 2132 incutiant,
1423 2069 1477 2123 bi
1519 2070 1736 2137 quidem
1787 2069 2053 2123 auditori-

478 2158 597 2224 bus,
637 2158 712 2213 illi
752 2175 879 2215 vero
907 2160 1090 2214 liberis
1130 2179 1142 2214 :
1175 2169 1388 2229 oportet
1419 2170 1597 2215 tamen
1630 2170 1685 2215 et
1714 2176 1834 2226 nos,
1867 2160 1912 2216 si
1947 2176 2053 2216 sa-

476 2249 678 2318 pimus,
710 2262 1079 2307 assentatores
1109 2253 1281 2323 mag-is
1327 2253 1595 2320 aversari,
1626 2268 1791 2322 quam
1839 2253 1929 2322 qui
1963 2253 2054 2308 lae-

475 2340 631 2404 dunt,
669 2340 978 2411 iniuriaque
1004 2343 1265 2400 alliciunt.
1294 2343 1462 2411 Maius
1509 2347 1653 2401 enim
1693 2344 1849 2402 aﬂert
1880 2348 2049 2402 detri-

475 2444 717 2486 mentum
737 2450 842 2488 non
877 2437 1282 2491 advertentibus
1305 2437 1475 2492 bonos
1505 2438 1614 2503 ille,
1641 2454 1805 2509 quam
1830 2439 2048 2508 injuria,

472 2536 529 2579 et
552 2526 822 2582 dillicilius
854 2527 985 2583 illud
1022 2544 1183 2598 quam
1220 2530 1324 2585 hoc
1354 2531 1544 2584 vitium
1579 2541 1942 2601 erpugnatur.

856 2646 1045 2702 LXl‘ll.
1070 2679 1140 2687 —
1162 2649 1659 2703 ΑΝΕΠΙΓΡΑΦΟΣ.

2157 1982 2365 2051 ἐμενοι,
2383 1981 2459 2044 ὡς
2482 1980 2551 2035 τὰ
2570 1981 2803 2051 μέγιστα
2831 1979 3173 2050 βλαπτούσης
3195 1978 3292 2030 καὶ
3309 1977 3375 2029 λυ
3384 1974 3714 2046 μαινομένης,

2156 2074 2323 2142 φόϐον
2355 2074 2802 2127 ἐπανατείνονται
2825 2113 2839 2134 ,
2882 2074 2931 2125 οἱ
2968 2072 3067 2142 μὲν
3104 2073 3217 2134 τοῖς
3251 2070 3561 2138 φοιτηταῖς,
3592 2067 3634 2118 οξ
3661 2065 3709 2115 δὲ

2154 2166 2267 2227 τοῖς
2299 2162 2484 2215 παισί·
2528 2162 2633 2232 χρὴ
2664 2162 2760 2213 καὶ
2798 2162 2968 2231 ἡμᾶς,
3002 2160 3115 2226 εἴγε
3149 2156 3559 2226 σωφρονοῦμεν,
3595 2152 3710 2221 μᾶλ-

2153 2252 2245 2304 λον
2275 2252 2386 2304 τῶν
2432 2252 2771 2321 ὑϐριζόντων
2818 2251 2943 2312 τοὺς
2975 2248 3378 2308 κολακεύοντας
3407 2241 3710 2311 ἀποστρέφε-

2158 2345 2304 2398 σθαι.
2336 2341 2578 2406 Μείζονα
2606 2342 2714 2413 γὰρ
2743 2341 2857 2411 ἔχει
2886 2340 3064 2410 λύμην
3089 2338 3190 2407 τῆς
3224 2332 3711 2408 ὕϐρεωςητοιαύτη

2154 2437 2289 2507 τιμὴ
2319 2439 2433 2500 τοῖς
2461 2437 2534 2506 μὴ
2577 2435 2901 2506 προσέχουσι
2924 2450 2937 2463 ·
2966 2433 3060 2486 καὶ
3088 2431 3355 2485 δύσκολον
3381 2430 3568 2484 τούτου
3591 2442 3707 2495 κρα-

2155 2527 2320 2599 τῆσαι
2350 2528 2382 2598 ἢ
2409 2528 2619 2581 ἐκείνου
2647 2527 2741 2579 τοῦ
2766 2526 2989 2589 πάθους.

2574 2642 2687 2695 EI".
2722 2672 2792 2680 —
2818 2640 3319 2694 ΛΝΕΠΙΓΡΑΦΟΣ.

1832 2741 2009 2796 Virtus
2036 2741 2120 2795 sui
2148 2754 2362 2793 merces.

538 2850 722 2905 Virtus
772 2852 885 2906 sola
922 2852 1287 2920 possidentem
1341 2862 1521 2923 potest
1571 2870 1786 2908 ornare.
1857 2853 2047 2907 Nullus

470 2942 652 3009 itaque
682 2943 732 2994 in
766 2943 1030 3010 dignitate
1056 2944 1383 3011 constitutus
1408 2962 1473 2999 ex
1499 2960 1559 3001 se
1582 2947 1840 3000 herrorem
1864 2945 2047 3008 habet,

466 3034 562 3086 sed
584 3049 612 3084 a
647 3033 877 3087 subditis
905 3034 1103 3102 accipit
1133 3054 1149 3089 :
1171 3046 1226 3089 at
1254 3037 1470 3092 virtutis
1492 3038 1862 3107 persturliosus
1883 3037 2044 3090 etiam

2225 2854 2378 2922 Μόνη
2431 2852 2464 2921 ή
2527 2850 2699 2921 ἀρετὴ
2744 2848 3026 2918 αὐτάρκης
3066 2846 3352 2917 κοσμῆσαι
3389 2846 3479 2899 τὸν
3518 2845 3699 2914 ἔχοντα.

2153 2942 2345 3003 Οὐδεὶς
2373 2940 2505 3009 γοῦν
2534 2938 2643 2991 τῶν
2675 2941 2733 2992 ὲν
2764 2938 2906 2992 τέλει
2937 2937 3062 2991 καθ’
3084 2939 3283 2990 ἑαυτὸν
3310 2939 3425 3007 ἔχει
3456 2936 3513 2988 τὸ
3541 2934 3700 3005 γέρας,

2154 3033 2290 3086 ἀλλά
2324 3034 2380 3084 ἐν
2426 3034 2549 3093 τοῖς
2577 3030 2839 3100 ὑπηκόοις
2889 3030 3152 3100 κέκτηται
3198 3029 3305 3096 τὴν
3347 3028 3548 3097 τιμήνο
3588 3026 3613 3075 ὁ
3654 3024 3702 3075 δὲ

468 3125 523 3178 in
557 3126 735 3194 seipso
762 3125 957 3181 stabile
983 3126 1177 3193 decus,
1202 3130 1346 3197 quod
1397 3130 1601 3184 auferri
1644 3138 1899 3199 nequeat,
1931 3129 2042 3183 adi-

2161 3123 2448 3194 φιλάρετος
2481 3122 2574 3175 καὶ
2614 3123 2671 3173 ἐν
2716 3120 2894 3190 ἐαυτῴ
2932 3121 3026 3174 καὶ
3077 3120 3449 3191 ἀναφαίρετον
3502 3116 3603 3187 ἔχει
3650 3115 3709 3167 τὸ

466 3215 715 3284 piscitur.

783 3328 970 3398 LXIV.
1001 3360 1071 3372 -—-
1101 3332 1379 3389 HIERACI
1408 3333 1731 3391 DIACONO.

2154 3215 2331 3279 κλέος.

2523 3327 2639 3381 ΞΔ’.
2672 3355 2739 3367 -—
2764 3328 3001 3380 IEPAKI
3032 3326 3361 3379 ΔΙΑΚΟΝΩ.

1157 3426 1336 3483 Victus
1364 3430 1635 3493 cultusque
1669 3429 1925 3498 corporis,
1962 3445 2042 3498 qui

2195 3388 2433 3496 (Confer.
2466 3442 2547 3492 ep.
2594 3424 2719 3483 trs.
2759 3424 2883 3485 158,
2910 3420 3063 3491 257.)

539 3538 643 3604 Qui
691 3540 805 3593 edit
864 3550 1126 3608 qrrarrtum
1186 3540 1316 3595 fami
1384 3542 1715 3610 depellenda:
1770 3545 1904 3598 satis
1943 3552 2047 3608 est,

467 3644 639 3699 eaque
665 3630 841 3684 induit
865 3634 1207 3696 vestimenta,
1228 3649 1348 3702 quae
1370 3634 1598 3687 honeste
1622 3649 1820 3703 corpus
1844 3645 2045 3703 tegant,

467 3736 551 3773 me
585 3719 671 3773 ille
698 3729 752 3775 et
774 3722 968 3777 animae
1000 3723 1282 3791 pulchrum
1319 3725 1621 3778 vehiculum
1656 3735 1955 3794 comparat,
1992 3738 2049 3781 et.

469 3812 727 3866 nauclero
772 3814 1197 3882 gubernaculum
1256 3816 1322 3869 ad
1380 3816 1716 3884 dirigendqu
1762 3817 1942 3881 facile,
1987 3828 2044 3873 et

469 3900 629 3953 militi
660 3916 873 3971 quoque
905 3917 1143 3971 congrua
1173 3920 1346 3969 arma,
1376 3916 1431 3959 et
1465 3907 1677 3967 musico
1711 3907 1878 3977 lyram
1906 3924 2040 3962 con-

466 3994 686 4049 cinnam
719 3996 962 4065 adaptat.
993 3998 1095 4064 Qui
1123 3999 1267 4053 enim
1304 4000 1515 4054 deliciis
1542 4002 1901 4071 pinguescens
1922 4019 2047 4058 cor-

466 4101 598 4155 pore
628 4103 691 4141 ac
727 4088 973 4142 vestibus
1009 4089 1261 4143 mollibus
1294 4090 1455 4145 nimis
1490 4091 1749 4161 indulget,
1794 4105 1851 4147 ut
1887 4094 2047 4149 lasci-

466 4179 598 4244 viat,
628 4188 684 4233 et
722 4179 774 4234 in
810 4180 1072 4237 absurdas
1100 4182 1273 4236 induit
1305 4182 1659 4253 immittitque
1694 4187 2042 4255 cupiditates,

468 4282 633 4338 atque
660 4271 795 4325 adeo
830 4272 1005 4327 reddit
1038 4272 1219 4335 molle,
1268 4273 1575 4342 bonamque
1620 4276 1865 4345 corporis
1898 4277 2047 4331 laedit

468 4360 839 4417 habitudinem
868 4382 882 4417 :
916 4365 1194 4433 multaque
1232 4365 1324 4418 illa
1357 4365 1580 4421 mollitie
1602 4368 1867 4431 dissolvit,
1891 4383 2045 4422 ener-

2231 3540 2293 3592 Ὃ
2316 3539 2568 3591 τοσοῦτον
2592 3539 2785 3593 ἐσθίων
2818 3540 2943 3591 ὅσον
2973 3538 3139 3591 λῦσαι
3174 3538 3364 3608 λιμὸν,
3392 3540 3483 3592 καὶ
3509 3536 3699 3590 τοιαῦτα

2153 3631 2620 3700 περιϐαλλόμενος
2666 3632 2792 3683 ὅσον
2844 3630 3185 3685 ἐσκεπάσθαι
3223 3632 3503 3701 κοσμίως,
3545 3630 3698 3699 ὅχημα

2151 3720 2319 3773 καλὸν
2352 3723 2419 3791 τῇ
2444 3721 2589 3790 ψυχῇ
2627 3708 3044 3791 παρασκευάζει
3084 3722 3146 3773 τὸ
3180 3721 3373 3792 σῶμα,
3412 3721 3597 3790 καὶτῷ
3622 3739 3697 3773 κυι

2150 3811 2388 3885 δερνήτῃ
2411 3813 2471 3864 εὐ
2480 3812 2932 3882 μεταχειρίστους
2958 3815 3084 3876 τοὺς
3106 3812 3332 3879 οἴακας,
3362 3812 3543 3882 καὶτῷ
3562 3828 3696 3880 στρα-

2150 3903 2323 3975 τιώτῃ
2366 3905 2684 3975 εὐάρμοστα
2717 3904 2785 3956 τὰ
2809 3904 2970 3966 ὅπλα,
2998 3905 3095 3957 καὶ
3119 3904 3197 3974 τῷ
3226 3904 3511 3976 ἁρμονικῷ
3541 3920 3696 3972 μουσι-

2152 3994 2255 4065 κὴν
2287 3994 2385 4064 τὴν
2414 3994 2606 4065 λύραν.
2649 3995 2706 4048 Ὁ
2740 3994 2851 4065 γάρ
2877 3996 3055 4065 τρυφῇ
3087 3995 3344 4057 πιαίνων,
3380 3997 3471 4047 καὶ
3496 3992 3696 4061 ἱματίοις

2155 4086 2541 4152 καλλωπίζων,
2572 4088 2797 4157 σκιρτᾷν
2836 4087 2971 4139 αὐτὸ
3016 4088 3466 4157 παρασκευάζει,
3498 4088 3582 4139 καὶ
3631 4087 3695 4146 εἰς

2156 4178 2392 4241 ἀτόπους
2437 4177 2733 4248 ἐπιθυμίας
2757 4176 2983 4242 ἐξάπτει
3002 4218 3017 4241 ,
3047 4179 3142 4231 καὶ
3177 4178 3561 4248 μαλακώτερον
3586 4176 3695 4228 αὐτὸ

2153 4273 2318 4331 ποιεῖ,
2358 4273 2454 4323 καὶ
2495 4271 2595 4341 τὴν
2657 4270 2876 4336 εὐεξίαν
2932 4271 3100 4324 αὐτοῦ
3142 4270 3497 4341 λυμαίνεται,
3531 4268 3693 4335 κα).τῇ

2154 4359 2325 4431 πολλῇ
2360 4359 2588 4430 βλακείᾳ.
2620 4360 2827 4413 διαλύει
2858 4361 2991 4414 αὐτὸ
3011 4403 3025 4425 ,
3058 4362 3153 4415 καὶ
3188 4364 3259 4435 τῇ
3290 4362 3437 4431 ψυχῇ
3470 4359 3692 4425 πολέμιον

467 4462 685 4520 valque,
748 4454 933 4508 animo
993 4455 1157 4509 etiarn
1215 4456 1413 4511 bellum
1466 4471 1644 4528 parat.
1678 4460 2042 4529 Quamobrem

2161 4451 2576 4516 κατασκευάζει.
2619 4451 2829 4507 Οὐκοῦν
2870 4454 3121 4509 πέπαυσο
3164 4455 3391 4512 κάκεῖνο
3431 4454 3521 4507 καὶ
3564 4449 3694 4504 τοῦτο

469 4551 699 4612 utroque
727 4544 872 4599 victu
902 4545 1159 4614 cultuque
1190 4552 1435 4616 corporis
1471 4552 1638 4606 nimio
1673 4552 1965 4606 abstineto.

986 4654 1145 4710 LXV.
1179 4689 1251 4703 —
1279 4658 1512 4714 EIDEM.

2151 4545 2341 4600 ποιῶν.

2654 4658 2773 4715 Ξεο.
2803 4690 2872 4703 -τ
2904 4661 2991 4731 Τῼ
3018 4661 3221 4731 arm.

475 4744 736 4802 Vitaudus
774 4762 1013 4820 aspectus
1066 4752 1370 4821 mulierum,
1430 4767 1484 4808 ut
1523 4757 1774 4823 peccandi
1830 4774 1979 4809 ansa.
2018 4756 2082 4807 In
2118 4754 2252 4807 illud
2306 4753 2580 4823 Matth.v,
2615 4753 2705 4816 28,
2741 4772 2759 4804 r
2795 4752 2900 4819 Qui
2945 4756 3224 4822 respexerit
3249 4755 3532 4815 mulierem,
3561 4770 3577 4802 r
3605 4760 3682 4802 etc.

1607 4824 1829 4896 (Confer
1861 4843 1943 4894 ep.
1981 4827 2069 4890 Π,
2096 4825 2188 4888 46,
2228 4824 2351 4889 159,
2378 4822 2529 4894 291.)

538 4928 655 4983 Non
695 4930 1038 5000 simpliciter,
1092 4938 1296 5005 Optime
1332 4940 1597 5003 virorum,
1633 4938 1724 5006 qui
1753 4940 1917 4991 corda
1950 4956 2047 4994 no-

466 5032 577 5073 stra
616 5021 927 5092 singulatim
965 5027 1226 5091 condidit,
1261 5029 1376 5098 lege
1414 5030 1690 5097 przecepit,
1725 5045 1830 5083 non
1864 5030 2045 5085 libidi-

470 5128 601 5167 rrnse
633 5114 877 5183 aspicere
917 5117 1219 5184 mulierem,
1270 5121 1363 5173 sed
1399 5128 1455 5173 ut
1491 5138 1519 5173 a
1582 5121 1829 5175 molestia
1868 5132 2045 5176 tenta-

470 5208 722 5274 tioneque
746 5223 844 5261 nos
876 5208 1151 5265 liberaret.
1176 5211 1308 5265 Cum
1349 5213 1491 5266 enim
1526 5213 1685 5283 longe
1711 5215 1784 5267 sit
1835 5216 2046 5272 facilius

468 5297 763 5353 formosam
792 5315 897 5353 non
925 5312 1170 5369 spectare
1203 5303 1480 5366 feminam,
1514 5320 1677 5372 quam
1709 5317 1952 5372 Spectata
1979 5323 2043 5361 ea

468 5390 864 5462 vulneratoque
890 5410 953 5447 ac
980 5393 1167 5447 saucio
1186 5392 1424 5461 jaculum
1463 5396 1703 5449 eximere
1741 5396 2042 5466 vulnusque

468 5496 661 5536 curare
696 5502 711 5537 :
746 5484 950 5540 idcirco
982 5487 1031 5539 id
1064 5485 1316 5541 Christus
1343 5488 1698 5556 pricscripsit.
1730 5488 2039 5544 Certamina

466 5572 612 5627 enim
654 5586 783 5629 sunt
822 5576 974 5631 initio
1004 5577 1202 5632 leviora
1230 5578 1363 5647 (imo
1389 5593 1518 5632 vero
1550 5593 1616 5630 ne
1646 5578 1787 5631 bello
1823 5580 2039 5647 quidem

2223 4938 2357 5007 Οὐχὶ
2389 4936 2596 5002 ἁπλῶς,
2624 4933 2668 4990 ὦ
2688 4938 2950 5008 βέλτιστε,
2977 4940 3005 4991 ὁ
3031 4939 3242 5002 πλάσας
3268 4939 3410 4991 κατὰ
3436 4938 3587 5007 μόνας
3603 4936 3679 4995 τὰς

2152 5028 2383 5097 καρδίας
2408 5026 2564 5095 ἡμῶν
2600 5028 2962 5099 ἐνομοθέτησε
2995 5029 3069 5099 μὴ
3119 5029 3248 5081 ἰδεῖν
3293 5028 3597 5089 ἀκολάστως
3622 5024 3680 5083 εἱς

2149 5124 2405 5185 γυναῖκα,
2427 5118 2563 5171 ἀλλὰ
2585 5121 2925 5188 πραγμάτων
2944 5121 3089 5188 ἡμᾶς
3111 5118 3484 5171 ἀπαλλάττων.
3503 5112 3679 5180 Ἐπειδῂ

2150 5210 2259 5281 γὰρ
2309 5210 2491 5279 πολλῴ
2520 5209 2889 5280 εὐκολώτερον
2936 5210 3010 5280 μὴ
3060 5210 3186 5262 ἰδεῖν
3220 5210 3561 5280 εὐπρόσωπον
3602 5221 3677 5272 γυ·

2149 5304 2342 5365 ναίκα,
2386 5301 2418 5372 ἢ
2471 5301 2808 5371 θεασάμενον
2860 5303 2955 5355 καὶ
3000 5301 3277 5371 τρωθέντα
3326 5300 3591 5367 ἐξελκύσαι
3628 5294 3675 5345 τὸ

2154 5397 2328 5467 βέλος,
2358 5402 2453 5451 καὶ
2486 5398 2824 5467 θεραπεῦσαι
2847 5399 2908 5451 τὸ
2930 5398 3178 5469 τραῦμα,
3207 5396 3367 5449 τοῦτο
3397 5386 3671 5463 προσέταξε.

2151 5490 2489 5560 Κουφότεροι
2527 5492 2636 5561 γὰρ
2675 5493 2733 5543 ἐν
2768 5490 3073 5562 προοιμίοις
3106 5491 3156 5542 οἱ
3183 5489 3392 5557 ἀγῶνες
3413 5478 3672 5556 (μᾶλλονδὲ

2149 5583 2270 5636 οὐδὲ
2304 5584 2512 5651 ἀγῶνος
2538 5584 2620 5636 δεῖ
2650 5583 2764 5657 [73]
2792 5583 2910 5655 )τῷ
2939 5584 3015 5654 μὴ
3037 5584 3135 5647 τάς
3158 5582 3326 5654 θύρας
3355 5580 3595 5648 ἀνοίγοντι
3612 5586 3670 5634 τῳ

1547 5693 1781 5749 VARle
1821 5694 2201 5754 LECTIONES
2239 5699 2327 5754 ET
2362 5700 2596 5755 NOTAE.

539 5803 649 5874 (73)
696 5805 849 5873 Quod
896 5809 949 5863 in
1010 5809 1202 5865 Graeco
1253 5811 1519 5879 occurrit,
1577 5811 1777 5881 μᾶλλον
1821 5813 1880 5867 δὲ
1926 5816 2042 5870 οὐδὲ

2161 5816 2292 5880 ὦνος
2343 5819 2445 5886 δεῖ,
2492 5832 2949 5891 supervaCaneum
2978 5815 3231 5880 arbitror,
3280 5813 3494 5881 ideoque
3519 5805 3656 5863 delun.
