3906 6416
176 391 308 460 1365

1021 402 1560 466 EPISTOLARUM
1596 408 1743 467 LI-B'.
1788 409 1854 468 V.
1883 433 1951 444 —
1986 407 2227 467 EPIST.‘
2272 406 2506 468 LXVII.

3302 408 3442 474 1366

172 510 456 581 πολεμίῳ,
512 512 647 582 μηδέ
679 513 759 567 τά»
789 515 1086 586 σπέρματα
1136 518 1438 589 δεχομένῳ.
1476 522 1540 573 Εἰ
1580 522 1759 573 τοίνυν

1867 535 2001 591 opus
2039 522 2144 589 est)
2177 519 2227 575 ei
2258 518 2349 589 qui
2384 517 2525 573 hosti
2556 531 2662 571 non
2692 517 2870 586 aperit
2910 525 3120 587 portas,
3146 518 3230 573 vel
3260 530 3449 576 auctor

168 603 284 669 ἐξὸν
311 605 484 674 χωρἰς
527 605 854 676 συμπλοκῆς
891 608 1088 677 στῆσαι
1128 609 1190 662 τὸ
1224 611 1504 681 τρόπαιον,
1536 612 1589 664 τί
1617 612 1757 681 πρά-

166 709 351 761 γματα
390 694 577 765 σαυτῷ
616 696 879 766 παρέχεις
921 699 1185 768 περιττά;
1243 703 1315 754 Οὐ
1349 704 1457 771 γάρ
1500 704 1757 769 τοσοῦτος

168 784 327 856 ἱδρὼς
368 787 656 857 συμϐαίνει
694 789 751 839 ἐν
772 789 852 859 τῷ
890 788 965 860 μὴ
987 792 1120 861 ὁρᾷν
1147 832 1160 856 ,
1189 792 1312 855 ὅσος
1346 796 1403 845 ἐν
1438 794 1515 864 τῷ
1542 795 1757 864 ὁρῶντα

167 880 481 948 κρατῆσαι·
530 880 733 950 μᾶλλον
773 881 831 933 δὲ
857 882 977 934 οὐδέ
1023 883 1186 947 πόνος
1212 884 1276 936 τὸ
1309 886 1599 961 πρότερον,
1640 888 1755 942 ἀλλ’

168 970 194 1019 6
217 963 384 1032 πολὺς
423 970 621 1040 μόχθος
653 970 792 1041 μετὰ
822 971 921 1043 τὴν
952 971 1080 1024 θέαν
1107 972 1504 1042 φύεται.⁶’οταν
1533 973 1630 1030 οὖν
1660 977 1755 1032 καὶ

171 1061 228 1112 τὸ
256 1061 450 1132 κέρδος
478 1062 733 1132 μέγιστον
760 1060 816 1135 ᾖ,
850 1064 943 1117 καὶ
965 1067 993 1117 6
1037 1065 1197 1130 πόνος
1227 1068 1442 1138 μικρὸς,
1468 1073 1521 1122 τί
1558 1073 1757 1125 σαυτὸν

168 1155 458 1224 ἐμϐάλλεις
519 1156 631 1227 (76)
675 1159 752 1219 είς
784 1156 847 1209 τὸ
884 1157 1254 1221 άδιεξὸδευτον
1308 1162 1410 1230 τῆς
1462 1164 1759 1234 ἐπιθυμίας

169 1245 436 1313 πέλαγος
462 1247 522 1299 οὐ
547 1246 656 1317 γὰρ
687 1247 1077 1320 εὐχερέστερον
1120 1250 1279 1319 μόνον
1302 1252 1330 1302 6
1362 1252 1437 1323 μὴ
1462 1251 1755 1323 θεώμενος,

167 1336 303 1389 ἀλλά
323 1337 420 1391 καὶ
441 1338 827 1409 καθαρώτερον
858 1339 1169 1410 περιέσται.
1186 1342 1396 1413 Ὥσπερ
1416 1343 1524 1414 γὰρ
1560 1345 1588 1396 6
1609 1344 1751 1416 ὁρῶν

171 1428 318 1499 μετὰ,
349 1429 513 1482 πόνου
543 1430 787 1494 πλείονος
818 1430 913 1483 καὶ
952 1432 1168 1503 κηλῖδος
1192 1433 1628 1499 ἀπαλλάττεται,
1657 1437 1751 1491 ἐὰν

168 1520 605 1593 amantum
629 1539 642 1552 '
676 1522 849 1587 οὕτως
884 1525 912 1577 6
944 1525 1018 1594 μὴ
1064 1524 1185 1578 ἰδὼν
1217 1526 1312 1578 καὶ
1338 1527 1435 1597 τῆς
1458 1528 1753 1599 ἐπιθυμίας

170 1612 288 1671 ἐστὶ
314 1612 579 1685 καθαρός.

437 1815 573 1883 Ξςῖ
612 1847 682 1857 —-
723 1819 968 1891 ΟΦΕΛΙῼ
1004 1819 1483 1892 ΓΡΑΜΜΑΤΙΚῼ.

1865 629 1974 667 non
2004 622 2089 668 est
2124 612 2377 667 movendi
2404 610 2554 665 belli.
2589 609 2646 665 Si
2679 610 2844 680 igitur
2868 606 3029 666 liceat
3053 613 3171 666 sine
3190 612 3446 668 conﬂictu

1865 715 2128 774 tmpzcum
2164 714 2425 766 statuere,
2452 702 2580 771 quid
2631 716 3067 770 supervacaneos
3108 704 3342 772 suscipis
3367 704 3450 759 las

1858 797 2062 854 bores?
2092 796 2208 851 Non
2240 796 2383 872 enim
2419 804 2597 849 tantus
2628 794 2780 848 labor
2808 803 2893 849 est
2932 811 3037 849 non
3072 795 3306 850 videndo
3331 796 3445 850 lor-

1861 906 2028 953 mam,
2066 896 2302 959 quantus
2343 887 2442 949 illi,
2482 888 2537 941 in
2586 886 2915 955 superando,
2962 886 3055 957 qui
3108 886 3288 953 videt;
3335 888 3446 940 imo

1862 981 1914 1034 in
1952 983 2131 1049 priore
2168 978 2324 1033 labor
2348 994 2451 1031 non
2486 988 2590 1041 est,
2637 979 2730 1032 sed
2764 987 2884 1046 post
2920 988 3267 1047 ('OllSpeClUlll
3300 976 3445 1032 διαι-

1863 1072 1983 1128 cilis
2014 1071 2228 1126 exsiStit
2258 1070 2429 1124 labor.
2476 1068 2638 1139 573
2680 1068 2815 1124 Cum
2848 1069 3013 1139 igitur
3035 1078 3088 1124 et
3134 1069 3347 1123 lucrum
3376 1071 3449 1125 sit

1862 1165 2178 1230 maximum,
2210 1162 2362 1218 labor
2400 1162 2564 1217 etiam
2619 1161 2870 1230 exiguus,
2906 1176 3005 1215 cur
3041 1171 3090 1215 te
3137 1162 3187 1213 in
3226 1160 3450 1230 pelagus

1857 1255 2273 1319 desideriorum,
2312 1252 2455 1321 quod
2491 1253 2699 1307 exitum
2743 1268 2848 1306 non
2885 1252 3145 1321 reperiat,
3177 1251 3452 1321 conjicis?

1856 1364 1963 1405 non
1990 1349 2135 1403 enim
2172 1354 2397 1416 superat
2430 1346 2591 1400 modo
2622 1345 2784 1400 facile
2816 1346 2907 1415 qui
2950 1361 3057 1400 non
3086 1354 3320 1413 spectat,
3351 1360 3447 1400 ve-

1858 1454 1975 1493 rum
2008 1439 2170 1490 etiam
2199 1436 2383 1504 purior
2410 1436 2640 1491 exsistit.
2671 1435 2741 1489 Ut
2773 1437 2917 1489 enim
2949 1434 3137 1489 formae
3176 1444 3451 1503 spectator

1858 1537 1978 1599 post
2012 1527 2227 1581 labores
2258 1526 2526 1594 plurimos
2554 1540 2583 1578 a
2611 1523 2819 1577 macula
2852 1525 3137 1588 liberatur,
3162 1523 3206 1578 si
3231 1523 3448 1593 quidetu

1860 1621 2121 1675 liberatur
2156 1637 2170 1672 :
2206 1619 2286 1673 sic
2314 1634 2421 1673 non
2450 1628 2705 1687 spectans
2734 1618 2905 1672 etiam
2941 1633 2970 1670 a
3004 1616 3281 1671 desiderio
3313 1615 3452 1671 liber

1859 1712 2061 1766 evadit.

2090 1823 2274 1878 LXVI.
2314 1853 2385 1863 —
2423 1820 2722 1877 OPIIELIO
2755 1803 3234 1877 GBAMSIA'I‘ICO.

493 1928 623 1983 Non
649 1948 711 1985 ea
733 1948 935 2001 semper
967 1933 1119 1986 utilia
1142 1949 1260 2003 qua:
1297 1935 1464 2000 nobis,
1495 1936 1585 1988 sed
1607 1952 1722 2005 qua:
1760 1935 1866 1991 Deo
1897 1934 2157 1989 videntur.
2192 1932 2412 2005 (Confer
2451 1951 2534 2002 ep.
2577 1933 2703 1999 454,
2733 1934 2885 1988 initio
2909 1942 2960 1989 et
2983 1932 3139 2002 ﬁne.)

238 2043 317 2096 Οὐ
365 2044 586 2107 πάντως
635 2044 749 2116 (77)
803 2048 873 2101 τά
916 2048 1183 2103 δοκοῦντα
1230 2053 1365 2123 ἡμῖν
1420 2055 1746 2126 συμφέρειν,

166 2137 343 2191 ταῦτα
374 2141 471 2192 καὶ
516 2139 804 2194 λυσιτελεῖ.
831 2143 1023 2196 Πολλοὶ
1063 2146 1174 2217 γάρ
1214 2147 1441 2211 πολλοὺς
1468 2132 1752 2219 νενικηκὸ-

164 2248 280 2293 τες,
315 2232 559 2296 ἐκείνους
595 2234 695 2303 μὲν
721 2235 965 2305 ἔϐλαψαν
1000 2238 1174 2301 οὐδὲν,
1207 2240 1433 2303 ἑαυτοὺς
1463 2241 1519 2294 δέ
1546 2242 1613 2293 τὰ
1639 2243 1755 2311 χεί-

171 2339 332 2392 ριστα
355 2323 634 2394 διέθηκαν·
666 2326 746 2379 διὸ
766 2328 862 2380 καὶ
879 2327 1056 2394 ἔδοξεν
1083 2331 1293 2395 ἐκεῖνος
1318 2330 1755 2403 διημαρτηκέναι

163 2417 268 2486 τῆς
300 2418 562 2488 ἀληθείας
589 2422 617 2472 6
644 2420 834 2473 εἰπών·
872 2441 890 2473 ι
933 2423 1220 2496 Μακάριος
1256 2426 1485 2490 ἐκεῖνος,
1518 2419 1562 2493 ᾧ
1587 2427 1647 2478 τὸ
1674 2428 1760 2479 τό-

166 2505 259 2571 ξον
297 2507 702 2576 μεριμνήσειας
732 2507 761 2561 6
791 2510 1065 2581 συμφέρει
1100 2512 1215 2583 (78)
1248 2516 1453 2566 πεσεῖν.
1497 2534 1516 2566 ι
1565 2516 1761 2586 Ἐχρῆν

164 2599 299 2669 γάρ,
326 2599 447 2668 εἴγε
473 2599 636 2668 σοφὸς
663 2596 754 2671 ἦν,
784 2602 959 2656 εἰπεῖν
976 2620 990 2633 ο
1033 2622 1052 2655 ι
1087 2606 1377 2677 Μακάριος
1403 2607 1611 2669 ἐκεῖνος
1640 2602 1684 2675 ᾧ
1702 2609 1762 2661 τὸ

162 2691 322 2755 τόξον
372 2695 774 2764 μεριμνήσειας
813 2695 843 2748 δ
889 2698 1163 2772 συμφέρει
1223 2702 1432 2753 πεσεῖν.
1492 2720 1519 2752 ι.
1570 2702 1764 2756 Πολλοὶ

163 2785 279 2854 γάρ
306 2783 553 2854 ἐνζήλων
583 2787 675 2837 καὶ
701 2785 969 2857 λαμπρῶν
1005 2789 1359 2860 ἐπιτυχόντες
1396 2792 1761 2862 πραγμάτων,

164 2876 234 2927 ὲκ
274 2876 470 2929 τούτου
533 2879 610 2939 είς
652 2879 826 2948 χείρω
866 2881 1095 2943 ἑαυτοὺς
1140 2882 1369 2953 ἤλειψαν
1419 2886 1586 2938 κακά.
1639 2886 1764 2939 Ἐπὶ

163 2966 280 3037 γὰρ
310 2970 423 3032 τοῖς
465 2970 759 3039 προτέροις
797 2971 1013 3041 μεγάλα
1050 2975 1445 3046 φρονήσαντες,
1496 2978 1765 3047 τολμηρο-

1925 2052 2041 2107 Non
2070 2053 2326 2107 continuo
2361 2067 2482 2122 quae
2536 2051 2793 2121 prodesse
2850 2049 3007 2103 nobis
3043 2048 3315 2109 videntur,
3354 2059 3466 2100 ea-.

1856 2144 1978 2198 dem
2010 2144 2303 2214 expediunt
2354 2143 2612 2217 utiliaque
2641 2149 2791 2196 sunt.
2839 2140 2991 2195 Multi
3030 2140 3176 2195 enim
3204 2154 3328 2194 cum
3369 2137 3450 2192 vi-

1857 2238 2035 2293 cerint
2064 2236 2283 2299 multos,
2310 2234 2441 2289 nihil
2468 2250 2595 2289 vero
2623 2234 2743 2289 illos
2778 2234 3041 2299 laeserint,
3074 2232 3176 2288 sibi
3214 2231 3451 2300 pessime

1864 2331 2270 2387 consuluerunt.
2330 2329 2692 2396 Quamobrem
2739 2337 2793 2381 et
2840 2327 2931 2382 ille
2983 2341 3017 2381 a
3064 2324 3301 2381 veritate
3354 2324 3453 2378 ab-

1865 2438 2081 2477 errasse
2116 2420 2248 2475 mihi
2289 2421 2558 2485 videatur,
2592 2419 2685 2489 qui
2720 2420 2850 2474 olim
2884 2418 3060 2474 dixit:
3127 2436 3144 2468 ι
3169 2416 3321 2472 Felix
3363 2415 3454 2470 cui

1869 2515 2068 2578 telum,
2109 2527 2231 2567 cum
2270 2511 2417 2564 anxit
2466 2519 2521 2565 et
2555 2510 2784 2565 sollicite
2818 2509 3109 2580 cogitavit,
3144 2508 3281 2562 bene
3312 2520 3448 2560 con-

1869 2605 1989 2671 tigit
2011 2604 2257 2659 cadere.»
2302 2602 2478 2655 Aliter
2504 2602 2673 2667 enim,
2704 2602 2751 2655 si
2785 2610 3026 2670 saperet,
3060 2599 3265 2653 dixisse
3291 2612 3455 2666 Opor-

1868 2698 1967 2750 tuit
1994 2716 2006 2751 :
2052 2694 2307 2757 «Beatus,
2336 2695 2579 2762 inquam,
2606 2692 2959 2761 cuijaculum
2984 2692 3145 2746 anxie
3167 2690 3451 2760 cogitanti,

1867 2790 1933 2841 ad
1972 2789 2044 2852 id,
2077 2788 2220 2856 quod
2253 2786 2354 2840 sibi
2387 2794 2470 2839 est
2497 2784 2650 2848 utile,
2686 2786 2881 2840 cadere
2910 2784 3242 2853 contingat.»
3280 2780 3455 2835 Pleri-

1866 2895 1971 2945 que
2009 2880 2152 2934 enim
2198 2878 2252 2932 in
2290 2878 2475 2932 arduis
2520 2876 2793 2947 clarisque
2821 2877 3018 2931 versati
3068 2876 3325 2946 negotiis,
3378 2889 3449 2929 ex

1866 2972 1949 3026 his
1999 2971 2050 3025 in
2101 2970 2369 3026 deteriora
2410 2968 2550 3022 mala
2611 2984 2671 3023 se
2719 2968 3080 3037 praecipitant.
3134 2965 3217 3022 Ob
3266 2966 3451 3036 priora

162 3059 346 3127 τέρως
372 3062 486 3123 τοῖς
529 3060 809 3130 δευτέροις
837 3064 1218 3136 ἐνεχείρησαν.
1257 3067 1452 3123 Πολλοὶ
1480 3069 1537 3121 δὲ
1565 3071 1770 3123 ἀποτυ-

1876 3078 2109 3132 namque
2132 3077 2356 3130 magnos
2383 3061 2646 3116 habentes
2686 3061 2935 3127 spiritus,
2960 3059 3250 3115 temerarie
3280 3058 3452 3127 magis

164 3150 379 3220 χόντες,
434 3154 830 3224 συμφερόντως
875 3155 1281 3228 ἐπαιδεύθησαν
1327 3162 1439 3224 τοῖς
1478 3162 1759 3231 ἀργαλεω-

162 3241 359 3304 τάτοις
426 3244 718 3313 πράγμασι
774 3244 848 3315 μὴ
896 3246 1191 3316 ἐγχειρεῖν.
1254 3249 1409 3301 Ἐπεὶ
1460 3246 1555 3303 οὖν
1587 3251 1648 3303 τὸ
1690 3251 1759 3305 τὰ

167 3334 525 3405 συμφέροντα
567 3336 770 3390 εἰδέναι
797 3354 858 3389 τε
888 3340 985 3391 καὶ
1034 3340 1258 3406 διδόναι,
1301 3344 1367 3412 τῇ
1400 3341 1520 3414 θείᾳ
1567 3343 1759 3412 ἀνήκει

165 3426 421 3496 προνοίᾳ,
452 3426 640 3492 ,ταῦτα
670 3430 800 3499 παρ’
853 3430 1027 3499 αὐτῆς
1055 3430 1318 3500 αἰτῶμεν,
1380 3434 1474 3486 καὶ
1508 3433 1761 3504 διδόμενα

168 3517 522 3588 στέργωμεν,
554 3524 603 3574 εἰ
638 3523 734 3575 καὶ
766 3523 983 3575 ἐναντία
1016 3522 1199 3595 δοκοίη
1240 3519 1403 3578 εἶναι.

390 3715 509 3769 ΞΖ’.
552 3748 619 3757 --
657 3716 871 3770 ΗΡΩΝΙ
915 3714 1026 3789 (79)
1066 3716 1537 3790 ΠΡΕΣΒΥΤΕΡῼ.

1865 3156 2168 3223 posteriora
2204 3161 2578 3221 susceperunt.
2620 3149 2822 3206 Contra
2860 3150 3014 3205 multi
3046 3150 3207 3205 bonis
3234 3148 3452 3219 spoliati

1867 3244 2071 3298 utiliter
2097 3251 2225 3298 sunt
2255 3242 2455 3296 eruditi
2487 3239 2786 3297 difﬁciliora
2814 3256 2925 3295 non
2962 3240 3182 3311 aggredi
3210 3239 3449 3309 negotia.

1867 3333 2032 3404 Igitur
2065 3349 2185 3389 cum
2234 3347 2394 3388 nosse
2423 3332 2596 3400 utilia,
2628 3342 2684 3386 et
2719 3334 2869 3397 dare,
2912 3332 2982 3387 ad
3011 3331 3251 3386 divinam
3279 3331 3451 3402 perti-

1870 3436 1959 3480 net
1986 3425 2403 3494 providentiam,
2444 3426 2559 3481 baec
2599 3427 2665 3479 ab
2706 3424 2798 3479 illa
2836 3424 3196 3494 postulemus,
3240 3423 3452 3478 etdata

1868 3518 2007 3587 aequi
2048 3519 2285 3588 bonique
2334 3518 2719 3581 consulamus,
2769 3516 2990 3571 tametsi
3038 3516 3282 3586 ladversa
3333 3530 3452 3572 esse

1870 3607 2171 3662 videantur.

2090 3716 2299 3773 LXVII.
2338 3750 2408 3760 —
2460 3716 2721 3773 IIERGNI
2758 3716 3238 3775 PRESBYTERO.

1242 3832 1494 3887 Avaritia:
1530 3834 1826 3891 detestatio.
1874 3832 2092 3904 (Confer
2124 3851 2206 3903 ep.
2252 3835 2367 3905 55.)

244 3945 460 4015 Ὠσπερ
487 3945 515 3997 6
543 3944 631 4001 διά
662 3945 864 4009 παντὸς
914 3945 1106 4016 διψῶν,
1143 3945 1246 4005 κᾶν
1292 3948 1445 4019 παρὰ
1482 3949 1762 4017 ποταμοὺς

167 4038 268 4091 καὶ
298 4036 486 4107 πηγάς
533 4039 899 4109 κατακέηται,
944 4041 1045 4095 οὐκ
1079 4042 1399 4114 αἰσθήσεται
1424 4044 1522 4114 τῆς
1561 4044 1760 4115 εὐφρο-

1940 3945 2011 4001 Ut
2064 3948 2222 4017 plane
2264 3948 2594 4017 sitibundus,
2630 3950 2733 4005 etsi
2794 3949 2859 4003 ad
2900 3947 3121 4003 ﬂumina
3168 3947 3454 4019 fontesque

1869 4040 2183 4105 descendat,
2210 4056 2315 4095 non
2346 4041 2566 4105 sentiet,
2588 4041 2692 4096 nisi
2724 4042 2868 4096 sitim
2894 4042 3066 4112 possit
3093 4041 3467 4109 restinguere,

170 4129 367 4198 σύνης,
398 4128 478 4199 τῷ
516 4130 590 4199 μὴ
632 4129 892 4184 δύνασθαι
929 4132 1120 4186 σϐέσαι
1154 4133 1216 4187 τὸ
1249 4134 1420 4198 πάθος
1441 4152 1455 4166 ·
1482 4134 1630 4189 οὕτω
1658 4136 1753 4189 κα¹ι

1867 4130 2299 4198 delectationem;
2320 4132 2399 4187 sic
2428 4142 2482 4188 et
2502 4133 2656 4202 plura
2685 4147 2902 4202 semper
2925 4142 3207 4202 appetens,
3232 4133 3449 4187 tametsi

166 4223 196 4277 6
211 4220 483 4274 πλειόνων
509 4221 859 4293 ὀρεγόμενος,
895 4224 1001 4278 κᾶν
1022 4225 1249 4297 μυρίους
1271 4226 1386 4296 ἔχει
1418 4227 1752 4297 θησαυροὺς,

1867 4222 2153 4277 thesauros
2207 4223 2405 4279 habeat
2450 4216 2740 4288 inlinitos,‘
2770 4224 3097 4294 voluptatem
3169 4239 3447 4293 nunquam

166 4312 430 4365 οὐδέποτε
460 4312 657 4383 ἡδονῆς
690 4314 1031 4386 αἰσθήσεται,
1051 4314 1130 4386 τῷ
1165 4318 1240 4388 μὴ
1263 4316 1660 4387 είδέναικόρον.
1698 4316 1759 4370 '0

1867 4312 2100 4377 sentiet,
2150 4326 2216 4365 eo
2248 4314 2392 4381 quod
2445 4313 2634 4368 satiari
2683 4314 2909 4368 nesciat.
2980 4312 3097 4379 Qui
3127 4327 3260 4369 vero
3304 4312 3448 4366 intra

166 4404 321 4474 δέτῷ
347 4406 446 4475 τῆς
470 4374 657 4475 χρείας
678 4408 788 4477 ὅρῳ
811 4374 943 4461 είσω
967 4374 1482 4481 ἐαυτθὸνιδίατηρῶν,
1499 4374 1758 4465 οόδέποτε

1867 4402 2005 4459 lines
2040 4374 2223 4457 utendi
2251 4374 2278 4470 ,⁷
2305 4412 2566 4475 quantum
2594 4404 2811 4473 quidem
2863 4374 3113 4459 satis'est
3138 4444 3154 4468 ,
3200 4405 3444 4472 seipsutn

167 4496 352 4566 τούτῳ
401 4498 479 4566 τῷ
521 4498 808 4570 ἀνηκέστῳ
861 4499 1133 4554 ἁλώσεται
1192 4502 1486 4571 νοσήματι,
1538 4499 1654 4553 ἀλλ’
1699 4501 1759 4551 ἐν

1867 4503 2171 4558 conservet,
2204 4495 2487 4550 incurabili
2518 4496 2619 4551 hoc
2641 4496 2833 4551 morbo
2860 4509 3136 4564 nunquam
3175 4493 3445 4562 capietur,

170 4586 420 4659 θυμηδίᾳ
470 4588 626 4641 ἔσται
672 4591 767 4643 καὶ
800 4592 967 4661 χαρᾷ,
1017 4591 1292 4653 ἀνάλωτός
1328 4607 1388 4643 τε
1431 4591 1545 4652 τοῖς
1579 4588 1761 4652 ἄλλοις

1867 4587 1961 4641 sed
1998 4585 2054 4642 in
2082 4586 2443 4641 delectatione
2482 4588 2590 4642 erit
2631 4597 2685 4642 et
2729 4587 2951 4657 gaudio,
2991 4594 3047 4641 ct
3099 4585 3169 4640 ab
3199 4585 3326 4640 aliis
3356 4584 3443 4642 al-

170 4677 378 4731 πάθεσι
420 4678 687 4750 διαμενεῖ,
718 4675 798 4745 οἷς
827 4685 854 4735 6
885 4683 973 4739 ἀεὶ
1008 4682 1152 4753 ἐρῶν
1197 4681 1499 4735 ἁλίσκεται.
1531 4679 1605 4733 Οὐ
1646 4679 1754 4750 γὰρ

1867 4677 2100 4734 lectibus
2153 4680 2461 4749 expugnari.
2524 4683 2741 4737 nescius
2795 4688 3054 4736 constans
3105 4688 3441 4751 perseverat,

1280 4856 1514 4913 VARUE
1550 4855 1931 4913 LECTIONES
1964 4854 2053 4911 ΕΤ
2088 4853 2329 4913 NOTAE.

170 5021 327 5072 dum.
367 5017 561 5089 Statim
592 5017 663 5070 τὰ
692 5020 985 5089 σπέρματα
1020 5018 1247 5082 retineo,
1274 5033 1394 5086 qua:
1423 5017 1628 5073 Isidoro
1670 5020 1749 5071 fa-

169 5088 409 5214 gi‘iliaris
436 5103 537 5141 vox
564 5104 686 5143 cuin
717 5088 1096 5156 Demosthene,
1134 5098 1190 5143 ut
1220 5090 1379 5159 epist.
1419 5089 1519 5141 104
1546 5102 1598 5144 ει
1628 5091 1750 5145 147.

247 5174 422 5213 ποττ.

1862 5020 2060 5076 dictum
2112 5023 2213 5077 hoc
2260 5019 2353 5084 sit,
2404 5019 2639 5074 nondum
2680 5020 2931 5090 equidem
2985 5020 3227 5075 divinare
3271 5027 3444 5090 potui.

1863 5090 1994 5144 Aliis
2023 5092 2266 5161 lampada
2304 5090 2357 5143 in
2387 5105 2546 5144 cursu
2581 5091 2753 5144 trado.
2790 5088 3031 5144 Scuo'r'r.

247 5179 511 5325 ζᾷᾦΐίδῐο
512 5228 829 5325 1ἐμϐάλλεις
864 5229 1018 5285 codd.
1052 5229 1172 5283 Vat.
1203 5229 1309 5283 650
1343 5238 1396 5284 ει
1424 5230 1531 5282 Αιι.
1555 5232 1757 5287 habent

1936 5180 2048 5265 (78)
2091 5184 2192 5236 Pro
2223 5181 2493 5252 συμφέρει
2524 5179 2680 5235 codd.
2733 5180 2850 5234 Vat.
2900 5182 3004 5237 650
3036 5191 3089 5236 et
3118 5183 3228 5238 Alt.
3262 5186 3445 5252 legunt

1867 5250 2133 5325 βουλεται.
2184 5254 2342 5325 Solus
2381 5260 2560 5325 autem
2607 5252 2714 5304 Alt.
2767 5267 2863 5325 pro
2908 5255 3242 5325 praecedente
3284 5271 3443 5325 μερι-

168 5297 479 5370 ἐμϐαίνεις.
512 5297 723 5353 Pessm.

191 5368 1449 5464 .-(ῩῘῘᾸἪΨῗὲῗὲὶῗί.,¹ἳιῗῖίῖ³..ῗῗῗῗῗξ¹,ῗιί...Ψυίῗ
1479 5372 1551 5464 ,Ψ
1573 5372 1752 5464 inii]:

1867 5297 2133 5390 ᾓῖιῆἐῖεἰὲιξ
2163 5297 2355 5377 εῐῖἱῦῖι
2381 5297 2745 5391 Egilia—cii;
2767 5297 3444 5391 "vat:131.2";‘giu‘5'560

1867 5394 2262 5464 μεριμνήσειας
2308 5394 2503 5464 iterutn
2554 5394 2675 5445 cod.
2715 5391 2842 5464 AAlt.
2894 5394 3042 5464 ponit
3091 5392 3440 5464 ,tsplpvnotg.

170 5439 767 5534 t‘i’E"'.‘.’.‘.’.F.‘“JE‘.‘_“FS
788 5440 1448 5534 .R?_“Fi.t"§*fllfﬁ‘.’“'1‘:.f"
1635 5444 1753 5534 frte

1867 5439 2019 5534 Veis:
2066 5439 2199 5534 si:q._
2230 5439 2324 5534 pro
2361 5460 2596 5534 évgﬁiwv
2643 5462 2739 5534 και
2774 5439 3044 5534 λαμπρῶν
3070 5439 3261 5534 gilii);
3282 5439 3440 5518 codd:

172 5520 503 5591 servarunt;
544 5526 750 5603 lcornua
788 5525 914 5589 vero
955 5509 1267 5603 placebpnt,
1300 5511 1496 5579 quibus
1534 5513 1589 5566 in
1623 5514 1760 5567 silva

1867 5532 2109 5603 scribunt
2146 5509 2362 5601 Ιἐζζίξλων
2412 5509 2505 5585 ἐοίι
2549 5531 2802 5601 οἰκτρῶν.
2848 5509 3017 5603 rVerrs.
3067 5509 3443 5603 inde-v2:

174 5581 347 5634 ramis
379 5580 668 5649 impeditus
706 5583 920 5648 capitur
953 5595 982 5631 a
1019 5581 1264 5633 canibus.

1867 5580 2480 5672 gessissemus;
2495 5580 2850 5676 emas...
2883 5580 3096 5658 passu";

282 5666 569 5769 gaudetis,
604 5669 701 5749 ait,
738 5667 954 5769 utiliora
979 5683 1096 5747 quae
1125 5670 1519 5738 contempseris,

335 5754 441 5769 mna
466 5754 685 5769 "uim..."
765 5755 855 5769 smn
883 5748 1075 5769 ηαρηηιιο
1099 5741 1339 5769 ..ηυυησίη

1876 5666 2046 5769 ⁷’(79)
2076 5666 2555 5769 ΑΝοιιΪἯρωνιϊ
2582 5666 2675 5753 seti
2730 5697 2971 5769 Ἱέρωνι,
3022 5696 3442 5769 Ηίθωηὴίὶιιιε

284 5738 441 5806 Saepe
466 5739 709 5803 inveniri,
745 5739 855 5793 lucc
880 5740 1075 5792 exserit
1098 5741 1360 5793 narratio.

1868 5738 2046 5833 epist?
2074 5738 2391 5825 itts‘c'iibitu;
2442 5738 2528 5825 in,
2565 5738 2720 5825 codd.
2747 5738 2971 5825 .V'alic.’
3008 5738 3121 5824 656
3175 5738 3441 5824 cinis-ita:

177 5830 295 5890 Mox
330 5848 427 5901 pro
456 5830 694 5903 ἐνζήλων
721 5834 836 5903 lego
865 5831 1132 5905 εὐζήλων.
1160 5833 1327 5905 Cujus
1350 5845 1527 5891 autem
1558 5834 1742 5905 antiqu

1867 5830 2016 5893 sinsi.
2061 5839 2137 5894 In.
