3906 6416
209 372 349 442 1369

676 488 793 547 ου’.
835 517 902 532 .-
948 488 1311 558 ΓΕΝΝΑΔΙῼ.

1064 373 1601 439 EPISTULARUM
1640 373 1788 438 LIB.
1834 375 1906 436 V.
1939 399 1997 410 ·-
2041 373 2282 436 EPIST.
2325 377 2543 440 LXXV.

2216 378 2282 436 Τ.
2325 378 2543 440 LXXV.
3345 378 3488 444 13m

2216 487 2389 560 5751
2428 489 2639 543 Lxxtt.
2685 521 2754 535 -μ-
2795 492 3165 550 GENNADIO.

208 604 370 660 Hanc
390 605 549 660 vitam
577 619 694 658 cum
728 603 1047 683 beatitudine
1093 613 1283 660 menta
1323 619 1424 683 non
1453 601 1850 680 conferendam.
1887 619 1907 652 ι
1939 600 2138 683 Oculus
2171 617 2275 656 non
2311 603 2466 683 sidit,
2499 623 2518 655 ι
2550 613 2668 683 etc;
2700 604 2812 660 Isa.
2843 621 2991 670 utv,
3025 607 3096 675 4;
3123 607 3145 660 Ι
3176 604 3302 662 Cor.
3329 623 3386 674 tt,
3411 608 3482 672 9;

739 684 828 728 et:
861 691 881 724 ι
910 671 1032 726 Non
1062 683 1186 726 sunt
1217 674 1491 741 condigna:
1533 673 1828 738 passiones,
1853 689 1872 724 ι
1913 682 2013 726 etc.
2049 671 2204 726 Rom.
2248 688 2366 737 Vlll,
2401 673 2509 740 18;
2540 673 2596 728 ΙΙ
2629 673 2753 729 Cor.
2788 691 2862 741 tv,
2898 677 2984 732 l7.

277 788 347 842 El
379 788 476 840 καὶ
515 785 776 856 μειζόνων
808 785 841 856 ἢ
875 783 1018 840 κατά
1065 786 1124 839 σὲ
1171 783 1460 856 ἀκροατῶν
1509 783 1681 837 δεῖται
1733 782 1794 836 τὸ

205 879 636 950 λεχθησόμενον,
681 879 794 932 ἀλλ’
841 881 991 948 ὅμως
1018 877 1330 942 λελέξεται·
1376 879 1460 931 ὅτι
1518 878 1567 930 εί
1615 880 1794 931 πᾶσαν

206 973 349 1044 ὁμοῦ
399 972 500 1044 τὴν
533 972 624 1040 ἀφ’
671 962 732 1024 οὗ
759 972 1054 1040 γεγόνασιν
1098 971 1376 1041 ἄνθρωποι
1415 969 1794 1040 μακαριότητα

206 1068 287 1140 τῷ
323 1068 474 1138 λόγῳ
519 1085 602 1131 τις
639 1065 914 1131 συλλάϐοι,
947 1066 1040 1120 καὶ
1070 1067 1149 1128 είς
1193 1065 1251 1117 ἒν
1296 1064 1620 1134 ἀθροίσειεν,
1672 1065 1794 1118 οὐδὲ

212 1157 500 1232 μυριοστῷ
543 1157 700 1229 μέρει
727 1157 836 1210 τῶν
861 1159 1139 1227 ἐσομένων
1177 1156 1399 1222 ἀγαθῶν
1439 1158 1664 1227 εὑρήσει
1692 1175 1796 1210 πα·-

211 1251 528 1324 ραπλησίαν
550 1267 563 1280 ·
596 1250 732 1303 ἀλλά
762 1250 926 1302 πλέον
953 1249 1048 1302 τοῦ
1076 1251 1134 1302 ὲν
1165 1248 1396 1312 ἐκείνοις
1428 1248 1794 1320 σμικροτάτου

206 1343 278 1397 τὰ
310 1343 446 1415 τῇδε
479 1342 619 1396 κατά
647 1343 746 1413 τὴν
779 1342 939 1408 ἀξίαν
975 1342 1299 1412 λειπόμενα,
1351 1342 1383 1410 ἢ
1412 1341 1512 1394 ὅσα
1541 1340 1670 1392 σκιά
1698 1339 1792 1392 καὶ

207 1435 349 1507 ὄναρ
383 1434 493 1488 τῶν
525 1433 745 1505 ἀληθῶν
768 1435 1048 1504 ἀφέστηκε
1079 1433 1424 1505 πραγμάτων
1443 1449 1454 1459 ·
1494 1431 1690 1501 μᾶλλον
1710 1431 1789 1493 δὲ,

209 1526 298 1590 ἴνα
329 1525 764 1598 πρεπωδεστὲρα
809 1527 1104 1596 χρήσωμαι
1132 1525 1323 1587 εἰκόνι,
1358 1524 1469 1592 ὅσῳ
1501 1521 1650 1593 ψυχὴ
1685 1519 1793 1573 σῶ-

212 1637 392 1690 ματος
442 1619 768 1692 τιμιωτέρα,
820 1618 1064 1690 τοσούτῳ
1109 1620 1340 1672 κάκεῖνα
1369 1616 1577 1671 τούτων
1618 1617 1793 1687 διενή-

209 1727 334 1781 νοχε
343 1728 396 1764 ν.

511 1800 629 1854 οΓ¹.
671 1831 738 1842 -
777 1800 987 1853 ΗΡΩΝΙ
1031 1799 1491 1868 ΣΧΟΛΛΣΊΊΚῼ.

1973 785 2086 842 Ειεί
2113 795 2164 840 te
2187 787 2392 855 majore
2420 796 2505 841 est
2525 801 2662 856 opus
2688 787 2958 853 auditore,
2985 789 3254 856 proferam
3280 789 3484 843 nihilo-

1901 875 2084 930 minus
2105 874 2312 931 dictum
2338 875 2464 928 illud
2494 893 2508 930 :
2538 877 2822 942 nimirum,
2854 877 2902 931 si
2927 879 3050 946 quis
3077 893 3290 933 omnem
3319 879 3484 932 simul

1897 967 2142 1023 omnium
2193 975 2312 1034 post
2339 966 2587 1021 homines
2611 977 2773 1022 natos
2815 968 3202 1023 beatitudinem
3228 983 3484 1024 sermone

1893 1056 2176 1125 complecti
2203 1064 2385 1124 queat,
2411 1064 2465 1109 et
2501 1055 2553 1108 in
2584 1072 2749 1110 unum
2772 1066 3049 1125 congerat,
3082 1073 3148 1112 ne
3174 1057 3467 1125 millesima

1893 1151 2108 1222 quidem
2156 1159 2308 1219 parte
2349 1149 2654 1202 futurorum
2702 1148 2971 1202 bonorum
3010 1147 3477 1216 comparationem

1894 1242 2152 1311 reperiat.
2207 1239 2462 1307 Quinimo
2513 1240 2613 1305 iis,
2651 1254 2770 1307 quae
2815 1239 2956 1293 inter
2986 1237 3074 1291 illa
3123 1237 3303 1290 futura
3348 1246 3478 1290 sunt

1900 1333 2121 1388 minima
2145 1370 2161 1396 ,
2212 1331 2499 1401 pratseutia
2545 1329 2772 1384 multum
2803 1330 3067 1399 dignitate
3087 1328 3304 1393 cedunt,
3330 1327 3480 1382 velut

1900 1427 2088 1479 umbra
2131 1433 2188 1478 et
2242 1424 2509 1478 somnium
2562 1437 2814 1476 verorum
2854 1423 3120 1476 exsistant
3181 1421 3474 1475 bonorum.

1901 1515 2010 1568 Imo
2035 1515 2232 1582 potius,
2280 1523 2337 1565 ttt
2364 1513 2574 1580 aptiore
2601 1522 2720 1565 utar
2748 1511 3180 1580 comparatione,
3206 1517 3472 1576 quantum

1899 1606 2110 1676 corpori
2139 1607 2316 1658 anima
2346 1614 2583 1673 praasmt,
2612 1612 2761 1657 tanto
2786 1603 2872 1656 bis
2903 1601 2991 1656 illa
3020 1600 3368 1654 antecellunt.

2106 1782 2341 1838 LXXIII.
2377 1812 2444 1822 --
2484 1778 2736 1835 HERONI
2778 1773 3270 1832 SCIIOLAS'I‘ICO.

477 1890 544 1946 In
571 1893 703 1944 illud
745 1889 848 1944 VII
880 1893 1214 1958 sapientum:
1251 1908 1269 1940 ι
1313 1888 1392 1942 Ne
1417 1867 1541 1958 quid
1567 1887 1759 1950 nimis;
1797 1904 1818 1936 ›
1851 1877 2092 1934 Platonis
2121 1875 2233 1927 loco
2260 1875 2650 1941 conﬁrmatum.
2681 1869 2840 1940 (Vide
2879 1870 3030 1936 epist.
3062 1867 3212 1934 “3.)

279 2002 385 2068 Εἷς
413 2005 513 2075 μὲν
533 2006 642 2060 τῶν
667 2004 808 2058 ἑπτὰ
831 2003 1242 2075 θρυλλουμὲνων
1277 2003 1454 2071 σοφῶν
1488 2001 1756 2073 παρῄνεσε
1776 2017 1791 2032 ·

213 2117 234 2152 ι
261 2098 456 2167 Μηδὲν
481 2097 644 2162 ἄγαν.
705 2115 724 2147 ι
756 2096 984 2150 Πλάτων
1009 2096 1066 2149 δὲ
1097 2098 1125 2148 6
1150 2096 1256 2148 τῶν
1283 2095 1592 2164 φιλοσόφων
1627 2109 1793 2163 κορυ-

209 2190 375 2256 φαῖος
395 2186 498 2256 ἔφη
518 2202 530 2215 ·
557 2206 575 2237 ι
602 2185 692 2256 Τῷ
716 2186 828 2239 ὄντι
849 2186 910 2238 τὸ
935 2187 1075 2254 ἄγαν
1092 2189 1353 2253 τιποιεῖν,
1379 2185 1622 2256 μεγάλην
1647 2184 1792 2252 φιλεῖ

207 2281 290 2343 εἰς
302 2278 624 2332 τούναντίον
645 2278 953 2348 μεταϐολὴν
973 2278 1380 2332 ἀνταποδιδόναι
1409 2279 1464 2332 ὲν
1483 2276 1676 2346 ὥραις,
1699 2275 1793 2327 καὶ

208 2371 268 2422 ὲν
314 2372 530 2438 φυτοῖς,
561 2369 658 2422 καὶ
689 2370 748 2422 ὲν
780 2368 1022 2439 σώμασι,
1063 2369 1160 2422 καὶ
1185 2369 1248 2441 δὴ
1287 2370 1380 2422 καὶ
1416 2370 1475 2421 ὲν
1496 2367 1793 2429 πολιτείαις

208 2463 310 2531 οὐχ
339 2460 563 2530 ἥκιστα.
603 2480 622 2512 ι
657 2459 882 2530 Ποτέρῳ
919 2460 1104 2513 τοίνυν
1139 2459 1508 2530 ἀκολουθῆσαι
1559 2457 1796 2528 προῄρηυ

210 2569 302 2617 σαι
331 2569 350 2620 ;
381 2552 473 2621 Τῷ
499 2552 605 2605 τῶν
638 2552 818 2622 σοφῶν
869 2552 1044 2636 ἄκρῳ,
1076 2551 1110 2621 ἢ
1147 2551 1224 2622 τῷ
1255 2551 1364 2604 τῶν
1394 2549 1698 2620 φιλοσόφων
1729 2546 1794 2599 σὺ

111 2649 114 2651 ’
209 2643 418 2709 πλέον;
445 2647 556 2697 τοῖν
583 2644 692 2713 γὰρ
729 2645 932 2712 ἀμφοῖν
976 2644 1183 2706 δίκαιος
1215 2644 1280 2697 ἂν
1323 2643 1441 2712 εἴης
1483 2641 1791 2708 πεισθῆναι.

221 2732 281 2784 '0
320 2732 421 2802 μὲν
466 2733 575 2803 γὰρ
619 2731 945 2802 παρῄνεσενο
977 2733 1005 2784 ό
1032 2732 1090 2784 δὲ
1141 2731 1236 2786 καὶ
1265 2733 1367 2802 τὴν
1398 2731 1577 2786 αἰτίαν
1618 2729 1684 2782 δι’
1729 2728 1796 2798 ἢν

208 2823 323 2896 χρὴ
355 2825 643 2894 πεισθῆναι
677 2827 746 2895 τῇ
771 2824 1090 2894 παραινέσει
1114 2824 1409 2895 ἐδήλωσεν,

537 2937 652 2990 ost.
689 2965 758 2977 -
786 2936 1146 3006 ΛΑΜΙΙΕῚΊῼ
1183 2935 1506 3006 ΔΙΑΚῡΝῼ.

1971 1993 2188 2062 Septem
2221 1988 2446 2044 Graecia:
2487 1987 2795 2054 sapientum
2823 1997 2946 2036 vere
2971 1981 3190 2050 quidatn
3225 1978 3481 2046 hortaba-

1902 2094 2029 2139 tur:
2078 2099 2096 2133 t
2121 2080 2199 2134 Ne
2234 2080 2363 2148 quid
2403 2078 2584 2132 nimis.
2607 2096 2626 2126 ι
2686 2075 2839 2128 l’lalo
2865 2088 2993 2127 vero
3034 2071 3476 2140 philosophorum

1899 2174 2148 2243 princeps
2170 2171 2384 2226 dicebat
2409 2189 2420 2223 :
2451 2167 2716 2220 «Nimium
2742 2165 2869 2234 qttid
2892 2179 3074 2233 agere,
3109 2175 3356 2227 magnam
3386 2174 3478 2214 so-

1897 2265 2010 2320 lere
2068 2263 2122 2316 in
2167 2259 2502 2315 contrarium
2546 2254 2967 2324 disputationem
3019 2250 3215 2304 aII'crre
3265 2261 3375 2304 tum
3424 2251 3479 2303 in

1896 2353 2026 2410 anni
2069 2349 2405 2420 temporibus
2436 2356 2491 2400 et
2533 2345 2785 2398 humanis
2805 2340 3142 2411 corporibus,
3199 2349 3312 2392 tum
3365 2354 3480 2392 ma-
3583 2394 3585 2397 ,

1901 2446 2045 2499 xime
2087 2443 2139 2497 in
2167 2441 2330 2494 rebus
2361 2437 2647 2505 publicisu
2695 2433 2880 2489 Utrius
2925 2431 3256 2499 sequendam
3285 2444 3480 2484 censes

1901 2537 2078 2606 potius
2105 2532 2454 2595 sententiam,
2482 2527 2863 2596 sapientumne
2886 2539 2952 2576 an
2996 2522 3258 2591 principis
3300 2522 3478 2588 philu-

1900 2624 2231 2698 sophorum?
2258 2623 2340 2676 Ab
2369 2631 2488 2674 utro
2520 2635 2625 2689 que
2657 2618 2800 2671 enim
2828 2615 3038 2684 justum
3065 2623 3210 2668 esset
3270 2627 3321 2668 te
3357 2630 3480 2683 per-

1901 2715 2160 2772 suaderi?
2202 2713 2291 2766 llle
2329 2714 2474 2765 enim
2507 2711 2762 2764 admonet
2791 2723 2806 2771 ;
2855 2707 2940 2760 hic
2963 2721 3092 2760 vero
3119 2720 3355 2768 causam,
3383 2719 3481 2757 cur

1901 2807 2154 2862 assentiri
2190 2806 2310 2872 quis
2335 2805 2530 2857 debeat
2552 2800 2926 2865 adtt'tonitiuni,
2952 2799 3209 2853 ostendit.

2151 2914 2389 2971 LXXIV.
2432 2945 2501 2956 —
2540 2912 2893 2971 LAMPETIO
2931 2909 3248 2965 DIACUNO.

211 3030 413 3095 Melici
450 3030 538 3084 ille
563 3031 652 3100 qui
677 3047 898 3100 peccans
927 3033 1022 3084 scit
1048 3047 1102 3084 se
1121 3003 1362 3098 peccare,
1395 3003 1747 3164 cognitam}:
1787 3029 1988 3100 peccat,
2009 3023 2289 3152 ρξὸεριιιηι
2320 3013 2567 3081 ignorans
2602 3008 2695 3061 illo
2727 3016 2783 3060 ut
2813 3017 2946 3058 recte
2985 3007 3126 3074 facta
3177 3003 3480 3059 delectetur.

1567 3103 1586 3164 (
1636 3113 1699 3148 on
1731 3110 1786 3146 er
1814 3100 1972 3157 epist.
2006 3113 2012 3118 ·
2041 3108 2072 3140 o
2117 3126 2128 3137 .

1567 3100 1786 3168 (Confer
1814 3100 1972 3157 epist.
2006 3100 2028 3140 1
2041 3100 2128 3140 δυ.

297 3215 363 3267 '0
417 3213 750 3284 ἁμαρτάνων
801 3213 900 3282 μέν
941 3230 1017 3274 τι,
1077 3209 1366 3280 γινώσκων
1414 3211 1494 3276 δὲ,
1548 3207 1646 3262 τοῦ
1704 3205 1799 3258 καὶ

1977 3198 2216 3252 Peccans
2239 3192 2479 3262 quidem,
2503 3189 2596 3244 sed
2626 3202 2927 3258 agnoscens
2951 3196 3251 3254 peccaturo,
3276 3202 3360 3248 eo,
3384 3186 3480 3256 qui

215 3306 632 3377 ἀμαρτάνοντος
683 3305 777 3357 καὶ
819 3305 892 3375 μὴ
946 3303 1313 3372 γινώσκοντος
1365 3301 1606 3372 ἀμείνων
1659 3295 1798 3353 εἷναί

217 3416 318 3467 μοι
341 3398 509 3452 δοκεῖ.
559 3397 615 3450 ’0
646 3397 741 3467 μὲν
763 3397 871 3465 γὰρ
901 3395 1090 3466 ὀρθὴν,
1124 3399 1151 3450 ό
1177 3396 1232 3448 δὲ
1261 3394 1668 3464 διεφθαρμένην
1688 3391 1800 3461 ἔχει

213 3487 332 3540 τῶν
362 3487 705 3556 πραγμάτων
732 3485 834 3554 τὴν
857 3485 1039 3556 κρίσιν
1062 3501 1074 3514 ·
1110 3487 1246 3538 καὶὸ
1273 3484 1372 3555 μὲν
1405 3486 1486 3547 εἰς
1514 3484 1802 3554 μετάνοιαν

219 3578 532 3654 βαδιεῖται,
583 3579 611 3630 ὁ
637 3577 693 3630 δὲ
735 3579 812 3639 είς
862 3576 1199 3646 ἀναλγησίαν
1243 3576 1588 3647 τελευτήσει·
1627 3574 1656 3626 ὀ
1697 3572 1796 3644 μὲν

217 3671 548 3742 ἑρυΘριάσει
601 3669 829 3730 πταίων,
855 3669 954 3720 ὁδ’
997 3668 1106 3721 οὐδ’
1153 3665 1644 3739 ὲρυθριάσει·πῶς
1689 3664 1797 3732 γὰρ

222 3761 552 3832 ἐρυθριάσει
583 3761 740 3830 (80)6
764 3760 897 3830 μηδὲ
928 3758 1061 3816 αὐτὸ
1082 3759 1241 3812 τοῦτο
1261 3760 1342 3811 ὃτι
1367 3757 1549 3811 πταίει
1576 3756 1796 3808 ἐπιστά-

220 3859 388 3930 μενος
409 3867 424 3916 ;
458 3851 548 3903 Διὸ
574 3853 602 3903 ό
632 3851 741 3903 τῶν
758 3849 1102 3920 πραγμάτων
1126 3848 1368 3919 ἀκριϐῶς
1387 3847 1680 3918 βασανίσας
1696 3845 1793 3913 τὴν

227 3947 422 4018 φύσιν,
449 3947 590 4016 ἔφη’
632 3967 649 3998 ι
691 3947 766 3998 Οὺ
803 3947 966 4017 μόνον
1010 3946 1152 4000 αὐτά
1206 3944 1473 4008 ποιοῦσιν,
1518 3942 1655 3998 ἀλλά
1709 3942 1804 3995 καὶ

222 4037 614 4101 συνευδοκοῦσι
669 4041 782 4102 τοῖς
840 4040 1188 4110 πράττουσιν.
1220 4057 1238 4089 ι
1287 4036 1348 4089 τὸ
1405 4036 1646 4088 ἐπαινεῖν
1710 4033 1804 4086 τοῦ

223 4135 495 4206 πράττειν
536 4130 952 4202 ἀργαλεώτερον
997 4126 1158 4194 εἶναι,
1199 4128 1425 4190 εἰκότως
1459 4125 1804 4198 όρισάμενος.

223 4225 350 4295 Χρὴ
382 4209 476 4276 οὖν
516 4223 608 4275 τὸν
640 4221 737 4292 μὲν
778 4223 858 4283 είς
913 4221 1201 4290 μετάνοιαν
1244 4217 1679 4288 παρακελεῦσαι·
1727 4215 1806 4284 τῷ

221 4318 282 4376 δὲ
312 4316 568 4386 αἴσθησιν
593 4314 702 4366 τῶν
747 4312 1086 4383 γιγνομὲνων
1117 4312 1433 4381 ἐμποιῆσαι.
1468 4311 1530 4367 Εἰ
1574 4309 1650 4380 μὴ
1694 4309 1805 4377 γὰρ

220 4408 490 4472 αἴσθοιτο,
519 4405 643 4459 οὔτε
674 4405 1015 4476 ἁμαρτάνειν
1047 4404 1333 4458 παύσοιτο.

547 4601 669 4657 OE’.
699 4633 769 4644 ——
818 4601 1132 4658 ΔΙΟΓΕΝΕΙ
1161 4598 1482 4668 ΔΙΑΚΟΝῼ.

1907 3296 2113 3358 peccat,
2140 3301 2241 3340 non
2269 3295 2446 3337 tamen
2473 3297 2532 3337 se
2578 3296 2834 3349 peccasse
2869 3282 3088 3343 fatetur,
3141 3279 3299 3348 longe
3335 3295 3479 3349 pra:-

1907 3381 2142 3438 stantior
2165 3377 2293 3431 mihi
2320 3375 2536 3444 quidem
2567 3374 2796 3427 videtur.
2841 3371 2933 3426 Ille
2955 3373 3100 3426 enim
3129 3379 3335 3426 rectum
3386 3373 3484 3424 Ita-

1909 3479 2020 3540 bet,
2078 3473 2165 3526 IIIC
2193 3484 2322 3523 vero
2348 3477 2662 3536 corruptum
2688 3467 2753 3520 de
2777 3466 2940 3519 rebus
2963 3463 3226 3531 judicium
3253 3479 3268 3526 ;
3307 3463 3395 3515 ille
3417 3463 3488 3516 ad

1905 3563 2276 3638 pwnitentiam
2316 3560 2535 3623 tendit,
2605 3559 2694 3612 hic
2739 3558 2858 3612 sine
2892 3557 3080 3610 dolore
3135 3565 3491 3623 peccaturum

1901 3656 2307 3724 exstinguetur:
2339 3650 2430 3705 ille
2451 3650 2724 3718 peccando
2743 3646 3013 3700 erubescit
3041 3684 3054 3706 ,
3115 3644 3204 3698 hic
3226 3659 3356 3697 vero
3381 3644 3488 3695 mi-

1904 3747 2070 3801 nime.
2113 3745 2228 3808 Qua
2256 3742 2400 3796 enim
2427 3740 2636 3794 ratione
2663 3738 2949 3792 erubescat
2969 3775 2984 3800 ,
3011 3750 3132 3788 cum
3158 3749 3216 3787 se
3260 3747 3489 3801 peccare

1909 3833 2158 3890 nesciat?
2196 3830 2333 3884 IIinc
2352 3839 2408 3884 et
2432 3844 2612 3882 rerum
2638 3827 2880 3879 omnium
2929 3835 3182 3897 accurate
3207 3821 3497 3890 explorare

1911 3934 2161 3981 naturam
2189 3924 2376 3976 solitus
2403 3921 2542 3974 dixit
2570 3937 2583 3972 :
2633 3915 2780 3970 σΝοιι
2807 3919 2979 3970 solum
3009 3915 3121 3968 lucc
3144 3913 3369 3977 faciunt,
3394 3913 3494 3966 sed

1912 4026 1967 4072 et
1993 4015 2341 4071 consentiunt
2381 4010 2704 4064 facientibus
2749 4007 2816 4069 ",
2851 4025 2869 4058 ι
2938 4015 3083 4058 recte
3131 4003 3492 4066 concludens,

1911 4109 2129 4179 gravius
2153 4119 2276 4159 esse
2320 4101 2542 4155 laudare
2567 4113 2726 4168 quam
2760 4096 2964 4150 facere.
3008 4094 3161 4146 Illum
3210 4095 3393 4161 itaque
3420 4092 3494 4147 ad

1915 4195 2336 4268 resipiscettdum
2363 4189 2613 4245 convenit
2645 4189 2915 4252 invitare;
2957 4186 3081 4238 huic
3109 4198 3236 4236 vero
3265 4198 3483 4236 sensum

1914 4291 2100 4342 indere
2141 4283 2514 4354 judiciumtu
2560 4277 2700 4331 male
2744 4287 2910 4344 gesta:
2946 4276 3021 4328 rei
3067 4281 3304 4342 oportet.
3372 4271 3493 4326 Nisi

1913 4383 2057 4436 enim
2103 4385 2382 4446 peccatum
2431 4371 2552 4440 quis
2599 4377 2929 4437 cognoscat,
2973 4380 3205 4436 peccare
3250 4378 3355 4417 non
3397 4363 3482 4417 de

1914 4474 2078 4527 siuet.

2205 4577 2418 4634 LXXV.
2459 4607 2514 4618 —
2568 4570 2845 4628 DIOGEM
2885 4567 3206 4624 DIACON‘).

1282 4689 1650 4762 Ἀχαριστίας,
1683 4685 1974 4756 ingratique
2015 4685 2231 4732 accusat
2270 4672 2456 4726 animi

299 4809 436 4862 Δίαν
468 4823 550 4860 σοι
581 4807 888 4877 μέμφομαι,
919 4809 1002 4862 ὅτι
1022 4806 1252 4877 τέθνηκε
1279 4805 1432 4875 παρὰ
1452 4805 1534 4856 σοὶ
1563 4805 1595 4872 ή
1619 4801 1796 4872 χάρις,

225 4898 298 4970 ἧν
325 4897 582 4966 δεόμενος
606 4899 729 4949 τότε
761 4896 1030 4949 ἀθάνατον
1059 4896 1204 4961 ἕξειν
1243 4897 1354 4962 (81)
1394 4891 1797 4947 διεϐεϐαιώσω·

227 4989 682 5061 εσίὶιτοιγαροῦν,
726 4989 808 5042 ὅτι
843 4989 1155 5059 περιπεσὼν
1205 4984 1359 5050 αὖθις
1408 4985 1662 5055 συμφορᾷ
1705 4983 1803 5052 οὐχ

227 5081 374 5146 ἕξεις
431 5081 522 5134 τὸν
570 5080 1030 5150 ἀντιληψόμενον·
1085 5080 1294 5150 βοηθῶν
1350 5079 1457 5149 γὰρ
1484 5074 1802 5144 ἀναγκαίως

229 5170 533 5240 ἀποροῦσιν
561 5173 609 5223 οἱ
634 5170 994 5241 ἐπιλήσμονες
1025 5171 1178 5232 ὄντες
1213 5167 1471 5239 χαρίτων.

304 5391 352 5422 ¹⁰
377 5389 537 5445 Rom.
563 5403 602 5452 t,
634 5388 724 5443 52.

1978 4790 2095 4846 Non
2125 4789 2323 4858 injuria
2351 4786 2446 4838 tibi
2471 4751 2792 4844 succenseo,
2820 4778 2965 4848 quod
3014 4777 3154 4845 apud
3204 4785 3255 4830 te
3293 4774 3496 4844 gratia,

1907 4897 2068 4951 quam
2113 4880 2339 4933 reddere
2385 4883 2644 4944 perpetuo
2669 4869 2974 4938 oportebat,
3023 4866 3188 4937 576
3245 4865 3489 4934 perierit.

1911 4974 2060 5029 Scito
2084 4973 2295 5040 itaque,
2340 4983 2462 5021 cum
2489 4967 2666 5018 denuo
2708 4963 2761 5015 in
2788 4962 3088 5016 discrimen
3134 4958 3355 5026 aliquod
3408 4957 3499 5009 iu-

1909 5064 2130 5127 cideris,
2181 5058 2481 5126 adjutorem
2527 5065 2579 5110 te
2627 5052 2859 5107 minime
2910 5061 3282 5119 reperturum.
3326 5045 3494 5100 Auxi-

1911 5157 2102 5209 liatore
2125 5152 2269 5208 enim
2307 5148 2432 5215 jure
2459 5153 2614 5200 caret
2636 5144 2728 5215 qui
2755 5143 3054 5198 obliviosos
3080 5149 3164 5196 est
3190 5138 3382 5210 gratia:
3402 5151 3494 5192 ac-

1914 5255 2105 5314 ωριτε.

1360 5470 1594 5526 VARle
1635 5468 2020 5525 LECTIONES
2053 5465 2142 5522 ET
2176 5465 2410 5522 NOTE.

306 5629 418 5701 (80)
458 5629 603 5701 Περ,
644 5629 761 5692 πῶς
805 5628 930 5699 γάρ.
961 5667 974 5679 .
1001 5667 1015 5681 .
1045 5670 1056 5682 .
1083 5669 1096 5682 .
1125 5667 1138 5682 .
1169 5669 1181 5681 .
1233 5627 1549 5701 ὲρυθριάσει
1595 5629 1808 5701 omitte-

365 5697 690 5828 (Etll’arisq
727 5709 783 5755 et
823 5697 1092 5755 adduntur
1125 5713 1194 5756 ex
1223 5697 1389 5760 codd;
1419 5698 1592 5754 Vatic.
1621 5697 1725 5755 650
1752 5708 1806 5754 et

331 5810 346 5825 .
484 5787 536 5826 τ.

1987 5624 2099 5696 (81)
2141 5624 2244 5680 Pro
2273 5623 2416 5690 ἕξειν
2446 5625 2628 5692 legunt
2654 5624 2767 5692 ἕξιν
2799 5625 2965 5696 codd.
3009 5624 3133 5679 Vat.
3163 5622 3348 5696 650‘et
3378 5620 3491 5674 Alt.

1912 5691 2186 5762 Iidemque
2230 5709 2391 5766 vers.
2419 5691 2598 5766 antep.
2649 5691 2875 5766 eptpru
2922 5695 3012 5746 τὸν
3063 5691 3495 5766 ἀντιληψόμενοι)

1911 5767 2156 5823 scribunt.
2182 5767 2230 5823 τ’
2261 5765 2708 5841 ἀντιληψόμενον.
2743 5765 2952 5821 Possm.
