3906 6416
417 354 558 423 ’1371

640 472 874 530 LXXVI.
919 506 986 515 —
1029 472 1364 529 ASCLEPIO
1406 467 1798 528 SOPHISTIE.

1616 355 1676 415 S.
1717 354 2013 414 ISIDORI.
2045 352 2494 414 PELUSI-OTzE'

3582 342 3709 408 1372

2419 471 2557 535 θεῖ’.
2602 498 2669 507 -
2709 464 3068 535 asumma
3108 460 3424 531 ΣΟΦΙΣΤῌ.

1546 588 1678 653 Qui:
1707 603 1823 640 vere
1850 587 2029 656 fortis.
2061 586 2279 657 (Confer
2307 586 2460 655 epist.
2497 583 2614 652 88.)

499 705 715 758 Fortem
739 718 841 773 ego
864 704 1013 758 hunc
1042 718 1235 758 revera
1261 704 1440 756 virum
1488 704 1802 773 pronuntio,
1857 718 2019 772 quem

429 810 604 866 neque
627 797 869 849 adversa:
895 810 1004 860 res,
1035 811 1209 865 neque
1245 795 1483 849 hostium
1512 796 1742 850 vicerint
1783 796 2016 849 insidiae.

429 889 561 942 Cum
588 888 732 941 enim
756 888 873 956 capi
902 889 1021 941 istis
1052 888 1301 957 plerique
1330 878 1869 952 consueverintfille
1900 888 2023 957 qui-

428 978 550 1031 dem
580 978 670 1047 qui
701 978 903 1031 auxilio
929 978 1077 1031 omni
1104 978 1400 1032 destitutus
1434 978 1576 1031 vinci
1608 994 1714 1032 non
1753 994 1913 1047 posse
1949 979 2022 1031 sit

430 1070 826 1138 deprehensus,
875 1068 969 1123 sed
1008 1079 1061 1123 et
1089 1069 1196 1123 vim
1224 1068 1440 1139 egregie
1478 1068 1783 1138 perferens,
1825 1079 1881 1122 et
1934 1072 2020 1122 in-

432 1160 599 1215 sidias
623 1160 769 1214 laudi
808 1161 913 1215 sibi
942 1161 1170 1223 ducens,
1200 1175 1380 1229 neque
1422 1160 1474 1213 in
1510 1160 1741 1215 serviles
1762 1160 2023 1228 delapsus

434 1252 778 1309 adulationes
823 1270 885 1307 ac
910 1252 1226 1317 blanditias,
1257 1251 1631 1307 sublimiorem
1660 1268 1788 1308 vero
1813 1254 2024 1308 habens

433 1358 594 1411 quam
644 1344 990 1399 insidiatores
1036 1345 1423 1413 prudentiam,
1469 1344 1629 1398 fortis
1673 1345 1760 1399 hic
1782 1346 1863 1399 vir
1891 1361 2026 1399 ceu-

434 1436 656 1499 sendus,
683 1437 897 1507 siquod
950 1438 1001 1491 in
1044 1436 1129 1491 his
1172 1437 1437 1505 judicium
1471 1450 1674 1492 meum.
1714 1437 1852 1492 Cum
1878 1439 2023 1493 enim

435 1530 488 1584 in
534 1547 799 1602 prospera
841 1532 1057 1587 fortuna
1106 1531 1415 1599 expeditius
1468 1531 1636 1585 etiam
1681 1532 1872 1586 molles
1930 1534 2027 1585 lto-

437 1623 612 1677 mines
646 1624 935 1693 prudentia
971 1634 1215 1688 utantur,
1250 1638 1336 1678 res
1358 1632 1509 1678 certe
1533 1624 1777 1678 adversae
1822 1624 2024 1694 probos

438 1714 723 1769 declarant
750 1717 917 1770 viros.
959 1715 1015 1768 lu
1071 1716 1323 1771 felicibus
1364 1715 1550 1783 itaque
1596 1720 1909 1769 moderatus
1931 1714 2024 1784 qui

2215 706 2455 759 Ἐκεῖνον
2479 701 2653 765 ὅντως
2683 699 2934 768 ἀνδρεῖον
2973 696 3259 767 ὁρίζομαι,
3286 693 3509 753 ὃνοὺτε
3530 693 3713 747 δυσκο-

2126 796 2218 850 λία
2266 794 2614 866 πραγμάτων
2647 832 2662 855 ,
2720 790 2845 845 οὔτε
2908 788 3121 861 ἐχθρῶν
3169 786 3397 858 ἤλεγξεν
3445 786 3712 857 ἐπιϐουλή.

2128 890 2171 940 Τ
2175 889 2249 940 ῶν
2280 888 2390 957 γὰρ
2438 885 2652 939 πολλῶν
2697 884 2805 937 ὑπὸ
2831 883 2943 936 τῶν
2979 882 3241 934 τοιούτων
3284 879 3557 932 είωθάτων
3607 878 3715 930 ἀλί-

2131 980 2380 1044 σκεσθαι,
2402 982 2429 1033 ὁ
2454 979 2530 1050 μὴ
2552 980 2609 1031 ἐν
2634 980 2749 1041 τοῖς
2765 975 3092 1045 ἀϐουλήτοις
3116 972 3392 1035 εὐάλωτος
3432 970 3716 1042 φωραθεκ,

2133 1075 2268 1128 ἀλλά
2302 1076 2397 1127 καὶ
2428 1073 2698 1143 ἐπηρείας
2734 1068 2981 1140 κοσμίως
3018 1071 3225 1137 φέρων,
3261 1067 3357 1119 καὶ
3395 1065 3560 1134 δόξης
3594 1064 3719 1115 ὑπό-

2131 1167 2281 1220 θεσιν
2323 1165 2651 1235 ποιούμενος
2677 1163 2781 1227 τάς
2811 1161 3135 1224 ἐπιϐουλὰς,
3192 1160 3290 1213 καὶ
3330 1158 3411 1229 μὴ
3443 1160 3523 1221 εἰς
3548 1156 3719 1210 δουλο-

2133 1260 2364 1329 πρεπεῖς
2400 1257 2879 1325 καταγιγνόμενος
2936 1254 3199 1318 θωπείας,
3249 1252 3366 1306 ἀλλ’
3400 1249 3724 1325 ὑψηλότερον

2132 1353 2241 1406 τῶν
2264 1351 2731 1405 ἐπιϐουλευόντων
2754 1349 2896 1425 ἔχων
2917 1349 2979 1402 τὸ
3011 1349 3293 1419 φρόνημα,
3309 1339 3470 1409 οὗτος
3500 1341 3725 1413 ἀνδρεῖός

2134 1448 2249 1500 ἐστι
2282 1444 2413 1515 παρ’
2446 1444 2570 1514 ἐμοὶ.
2590 1446 2778 1516 κριτῇ.
2828 1440 3061 1515 Ἐπειδὴ
3092 1440 3201 1510 γὰρ
3234 1426 3297 1493 ἓν
3345 1440 3448 1509 μὲν
3502 1440 3621 1498 ταῖς
3644 1437 3726 1488 εὑ-

2134 1538 2393 1608 ημερίαις
2419 1538 2616 1607 ῥᾷστον
2642 1537 2738 1589 καὶ
2765 1537 2879 1598 τοῖς
2919 1534 3207 1603 ἀνάνδροις
3242 1533 3560 1602 φρονήματι
3601 1529 3726 1599 χρή-

2139 1627 2357 1693 σασθαι,
2409 1629 2465 1680 αἱ
2498 1625 2786 1679 δυσκολίαι
2816 1626 2874 1678 δὲ
2907 1626 3034 1687 τοὺς
3074 1624 3317 1691 ἀγαθοὺς
3343 1622 3618 1692 κρίνουσι’
3643 1620 3725 1671 τὸν

2143 1721 2241 1790 μὲν
2285 1722 2345 1773 ἐν
2380 1718 2655 1789 εὐημερίᾳ
2698 1717 2944 1788 μέτριον,
2985 1719 3044 1769 ἐν
3076 1716 3134 1769 δὲ
3180 1713 3448 1783 δυσκολίᾳ
3478 1711 3729 1782 πραγμά-

439 1806 546 1871 sit,
580 1806 635 1861 in
680 1809 924 1862 adversis
953 1823 1080 1862 vero
1122 1808 1281 1862 rebus
1328 1808 1511 1862 celsus
1558 1806 1890 1874 minimeque
1933 1809 2032 1860 ab-

2162 1827 2267 1877 :wv,
2309 1811 2707 1875 ἀταπείνωτον,
2769 1808 3159 1878 ἀνδρειότατον
3208 1802 3356 1859 εἶναι
3404 1804 3584 1873 ἔγωγε
3628 1802 3729 1874 ὀρί-

432 1896 645 1964 jectus,
686 1897 1049 1954 fortissimum
1095 1914 1197 1970 ego
1251 1900 1397 1953 hunc
1450 1897 1630 1951 virum
1679 1913 1881 1952 censeo
1929 1913 2035 1968 ap-

440 1988 777 2058 pellaudnm.

466 2079 726 2135 LXXVII.
759 2113 832 2122 ——
868 2078 1326 2142 MARTINIANO,
1362 2077 1615 2134 ZOSIMO
1645 2086 1701 2133 et
1732 2076 2020 2133 MARONI.

2145 1904 2334 1974 ζομαι.

2256 2083 2377 2138 OZ'.
2416 2112 2487 2124 —-
2522 2080 2986 2150 ΜΑΡΤΙΝΙΑΝῼ,
3028 2080 3303 2151 ΖΩΣΙΜῼ,
3344 2076 3634 2132 MAPQNI‘.

550 2171 811 2227 Hortatur
836 2185 891 2227 ut
917 2192 949 2227 a
983 2174 1124 2228 vitiis
1148 2174 1406 2228 desistant
1436 2190 1453 2227 :
1484 2190 1602 2239 qme
1635 2182 1709 2225 tot
1736 2183 2011 2245 tantgque,
2047 2183 2104 2227 ut
2147 2194 2238 2229 nec
2268 2178 2368 2231 vivi
2396 2178 2563 2231 verbis
2577 2158 2801 2245 quidem
2824 2175 3147 2243 exprimant,
3183 2190 3275 2227 nec
3302 2173 3503 2241 posteri
3530 2172 3627 2224 sint

1506 2244 1777 2296 credituri.
1810 2243 2032 2312 (Confer
2060 2250 2216 2313 epist.
2252 2249 2320 2301 55
2353 2249 2423 2301 ad
2453 2243 2722 2309 eosdem.)

518 2357 574 2410 Si
601 2396 615 2417 ,
670 2366 727 2409 ut
771 2355 972 2420 ferunt,
1019 2356 1238 2424 quidam
1274 2357 1427 2411 valde
1478 2358 1674 2429 periti,
1718 2358 2045 2427 dicendique

446 2458 563 2501 arte
590 2448 899 2514 exercitati,
931 2461 1170 2503 vestram
1203 2465 1311 2504 non
1340 2449 1499 2505 facile
1528 2451 2042 2522 audeanttragicam

450 2541 657 2596 referre
678 2540 843 2594 vitam
876 2559 889 2595 :
939 2552 1200 2596 verentur
1226 2545 1371 2598 enim
1412 2558 1626 2606 eorum,
1655 2545 1749 2613 qui
1797 2560 1940 2598 nunc
1964 2544 2044 2598 vi-

448 2644 605 2696 vunt,
654 2634 1158 2702 reprehensionem,
1189 2646 1241 2690 et
1289 2646 1536 2703 posteros
1579 2652 1687 2690 non
1712 2638 2041 2691 credituros.

452 2726 551 2797 (illi
579 2726 722 2779 cnim
770 2725 919 2794 plura
971 2740 1031 2780 se
1084 2726 1227 2780 seire
1281 2727 1513 2791 dicunt,
1562 2744 1723 2797 quam
1776 2731 1843 2782 de
1896 2730 2049 2782 vobis

451 2817 742 2870 enuntiare
772 2825 979 2884 queant
1009 2832 1024 2882 ;
1082 2818 1284 2886 posteri
1314 2833 1446 2871 vero
1474 2819 1684 2872 minora
1717 2834 1812 2873 vos
1848 2818 2048 2887 flagitia

452 2905 818 2972 commisisse,
862 2922 1024 2975 quam
1075 2923 1197 2976 quae
1244 2919 1563 2974 narrentur,
1612 2910 2049 2983 existimabunt),

450 3015 571 3069 qua:
618 2999 736 3052 lucc
783 2999 949 3069 igitur
976 3008 1157 3053 vestra
1210 2999 1527 3055 iucurabilis
1575 3012 1659 3055 est
1703 3003 1945 3054 amentia
1996 3009 2052 3055 et

2223 2362 2307 2421 Ei.
2337 2360 2412 2424 ῶς
2440 2360 2574 2430 φασί
2591 2376 2759 2423 τινες,
2791 2357 2915 2411 οὑδέ
2936 2358 2984 2409 οἱ
3002 2356 3123 2409 λίαν
3147 2356 3336 2419 δεινοὶ,
3362 2357 3465 2408 καὶ
3493 2356 3551 2407 τὸ
3569 2352 3730 2422 λζγειν

2150 2454 2348 2525 τέχνην
2379 2452 2762 2523 πεποιημένοι,
2798 2452 2899 2514 τὰς
2931 2449 3208 2520 ὑμετέρας
3267 2449 3479 2519 ῥᾳδίως
3513 2450 3729 2519 τολμῶσι

2152 2545 2505 2616 στηλιτεῦσαι
2528 2544 2841 2614 τραγῳδίας
2886 2540 3142 2611 (φοϐοὗντ
3159 2558 3217 2595 αι
3250 2541 3364 2610 γάρ
3391 2540 3502 2593 τῶν
3532 2541 3625 2612 μὲν
3649 2541 3728 2594 νῦν

2148 2636 2240 2689 τὸν
2276 2635 2521 2705 ἔλεγχον,
2554 2634 2667 2687 τῶν
2701 2634 2758 2686 δὲ
2806 2634 3087 2703 ἐσομένων
3130 2631 3231 2703 τὴν
3280 2632 3567 2685 ἀπιστίαν.
3609 2633 3730 2694 Τοὺς

2152 2730 2250 2801 μὲν
2281 2729 2391 2798 γάρ
2428 2728 2653 2781 πλείονα
2698 2725 2901 2779 εἰδέναι
2944 2726 3131 2795 φασὶν,
3155 2717 3231 2779 ὧν
3276 2724 3343 2777 ἂν
3377 2727 3557 2778 εἰπεῖν
3583 2724 3724 2795 δυνη-

2150 2822 2326 2876 θεῖενο
2361 2824 2411 2875 οἱ
2440 2821 2515 2891 ⁸δὲ
2553 2820 2779 2874 ἔλαττον
2822 2820 2967 2889 ὑμᾶς
2999 2808 3328 2889 δεδρακέναι
3363 2816 3478 2871 τῶν
3522 2816 3729 2887 ῥηθησο-

2158 2916 2336 2985 μένων
2372 2912 2720 2985 ἡγήσονται),
2757 2911 2841 2976 τίς
2881 2913 2915 2983 ἡ
2965 2912 3269 2981 ἀνήκεστος
3298 2909 3443 2979 αὕτη
3501 2910 3727 2979 μανία,ή

2158 3009 2583 3079 ἐκϐακχεύσασα
2616 3008 2763 3078 ὑμᾶς
2787 3005 3017 3060 τοιαῦτα
3043 3006 3269 3076 δρᾶσαι,
3297 3003 3331 3058 ἀ
3364 3004 3465 3057 καὶ
3493 3005 3612 3065 τοὺς
3631 3004 3731 3053 νυνὶ

455 3092 831 3155 debaccliatio,
863 3091 990 3145 talia
1027 3108 1121 3146 vos
1163 3103 1383 3160 patrare
1406 3093 1635 3158 scelera,
1665 3108 1785 3163 qum
1809 3103 1863 3147 et
1890 3094 2046 3150 hodie

2162 3100 2502 3163 δεινοτάτους
2532 3097 2769 3166 ἐλέγξει,
2797 3098 2895 3151 καὶ
2930 3097 3061 3160 τοὺς
3089 3098 3229 3167 μετά
3245 3097 3428 3149 ταῦτα
3456 3095 3732 3165 ἀπιστῆσαι

454 3182 689 3236 disertos
715 3192 947 3252 arguant
977 3182 1200 3245 silentii,
1226 3192 1281 3237 et
1302 3183 1441 3252 apud
1469 3195 1718 3251 posteros
1748 3183 1906 3237 fidem
1939 3200 2044 3239 non

456 3274 781 3329 inveniant?
822 3272 933 3328 Nec
963 3275 1107 3328 enim
1144 3274 1305 3328 facile
1335 3283 1392 3327 ut
1414 3276 1639 3327 credant
1676 3276 1869 3328 adduci
1900 3286 2053 3344 pote-

456 3375 587 3419 runt
628 3365 828 3431 posteri
861 3380 925 3420 ea
950 3366 1017 3418 ab
1042 3365 1354 3419 hominibus
1383 3366 1621 3419 admissa
1649 3367 1906 3430 erimina,
1933 3383 2055 3436 quae

458 3472 530 3511 ne
580 3457 833 3511 exitiales
873 3457 1094 3526 quidem
1140 3458 1411 3512 CIEBIIIOIICS
1433 3458 1773 3513 committere
1800 3460 2053 3513 audeant.

459 3548 579 3601 Vivi
608 3549 754 3602 enim
783 3558 995 3618 patrata
1016 3559 1305 3604 cernentes
1333 3550 1539 3605 scelera
1566 3551 1752 3605 dicent
1790 3550 2056 3606 inferiora

459 3639 567 3693 illis
616 3641 820 3709 tragica
863 3655 987 3695 esse
1030 3641 1298 3693 dramata.
1338 3639 1551 3696 Posteri
1588 3657 1719 3695 vero
1746 3642 2055 3710 audientes,

418 3722 422 3727 ’
462 3732 667 3801 majora
712 3732 818 3787 illis
857 3732 1269 3787 existimabunt.
1330 3732 1408 3787 llli
1457 3735 1640 3790 verbis
1679 3735 1923 3804 potuisse
1963 3736 2058 3788 ad-

459 3824 660 3893 aequari
706 3824 1078 3877 narrationem
1124 3825 1287 3878 rebus
1333 3839 1364 3876 a
1412 3825 1567 3879 vobis
1615 3826 1845 3894 patratis
1896 3841 2062 3893 nega-

464 3919 636 3983 bunt;
680 3917 880 3984 posteri
908 3926 1089 3970 autem
1117 3928 1499 3986 exoggeratam
1554 3919 1608 3973 in
1633 3918 1915 3987 majusque
1941 3919 2059 3973 ela-

462 4009 903 4063 tamorationem
951 4010 1397 4078 suspicabantur.
1440 4008 1518 4063 Illi
1559 4011 1780 4079 quidem
1811 4021 2061 4067 oratores

465 4101 640 4154 victos
689 4116 812 4154 esse
867 4116 1051 4154 rerum
1111 4101 1481 4169 euormitate,
1537 4104 1740 4171 posteri
1794 4119 1925 4159 vero
1971 4121 2062 4159 su-

466 4206 688 4262 perasse
713 4191 961 4245 oratione
993 4190 1336 4258 judicabunt.
1392 4191 1539 4260 Illos,
1590 4194 1851 4265 inquam,
1899 4211 2063 4265 argu—

469 4293 649 4337 mento
700 4283 891 4348 victos,
940 4282 993 4336 III
1048 4283 1168 4353 plus
1210 4300 1368 4352 aequo
1421 4301 1506 4340 res
1567 4286 1786 4341 auxisse
1851 4287 2057 4341 dicent.

468 4375 649 4440 Quare
670 4390 794 4429 cum
822 4376 1024 4439 omnia,
1057 4392 1175 4445 qua:
1199 4377 1576 4446 dicijpossunt,
1608 4395 1730 4433 eum
1753 4380 1948 4433 vestris
1969 4393 2064 4433 ex-

2155 3193 2572 3263 παρασκευάσει
2632 3188 2783 3261 (82);
2821 3190 2897 3243 Οὑ
2935 3189 3045 3260 γὰρ
3085 3188 3381 3241 πιστεῦσαι
3442 3188 3731 3256 ἐθελήσουσι

2158 3286 2376 3357 ῥᾳδίως,
2426 3284 2509 3337 ὅτι
2545 3282 2830 3354 ἄνθρωποι
2875 3281 3107 3335 τοιαῦτα
3138 3281 3400 3351 ἐδρασαν,
3455 3280 3491 3333 ἃ
3539 3278 3638 3331 οὐδ’
3676 3276 3732 3330 ἄν

2155 3378 2408 3446 δαίμονες
2452 3375 2725 3446 ἀλιτήριοι
2762 3374 2961 3444 δρᾶσαι
3018 3373 3350 3443 ἐτόλμησαν.
3401 3374 3468 3426 Οἱ
3522 3370 3732 3441 μὲνγὰρ

2157 3468 2398 3540 ὁρῶντες
2410 3467 2479 3521 τὰ
2501 3467 2783 3538 δραματου
2794 3466 2923 3537 ργού
2933 3466 3297 3536 μενα,ἧττους
3313 3464 3429 3517 τῶν
3443 3460 3732 3534 τραγῳδιῶν

2158 3564 2287 3626 τοὺς
2319 3560 2536 3631 λόγους,
2566 3561 2617 3613 οἱ
2665 3560 2710 3613 δ’
2762 3558 3119 3623 ἀκούσαντες,
3160 3557 3385 3627 μείζους
3439 3558 3729 3627 ἡγήσονται.

2160 3657 2224 3708 Οἱ
2267 3654 2369 3724 μὲν
2401 3653 2476 3725 μὴ
2524 3651 2851 3723 δεδυνῆσθαι
2898 3652 3000 3721 τὴν
3047 3650 3251 3722 φράσιν
3309 3648 3629 3719 ἐξισωθῆναι
3675 3646 3731 3713 τῇ

2162 3748 2360 3819 πράξει
2400 3745 2686 3817 νομιοῦσιν
2710 3760 2723 3773 ⁸
2759 3744 2810 3797 oi
2855 3744 2914 3797 δέ
2946 3742 3329 3811 ἐξωγκῶσθαι,
3374 3741 3476 3795 καὶ
3517 3740 3641 3809 πρὸς
3682 3737 3732 3789 τὸ

2166 3839 2350 3909 μεῖζον
2394 3835 2562 3910 ἦρθαι
2597 3836 2667 3890 τὰ
2704 3835 3056 3907 γεγενημένα
3088 3834 3488 3906 ὑπολήψονται.
3542 3833 3601 3885 Ui
3650 3829 3731 3900 μὲν

2164 3933 2431 4003 ἡττῆσθαι
2472 3932 2601 3996 τοὺς
2649 3933 2909 4003 ῥήτορας,
2960 3931 3011 3982 οί
3050 3929 3096 3982 δ’
3145 3927 3590 3999 ὑπερϐεϐηκέναι
3641 3924 3731 3993 ψη-

2164 4022 2433 4092 φιοῦνται.
2465 4022 2607 4084 Τοὺς
2631 4021 2731 4090 μὲν
2760 4020 2870 4090 γάρ
2900 4019 3134 4071 κατόπιν
3162 4019 3263 4087 τῆς
3287 4015 3597 4075 ὑποθέσεως
3618 4012 3731 4064 ὑπο-

2162 4114 2440 4183 λελεῖφθαι
2468 4113 2604 4185 (85),
2649 4113 2779 4175 τοὺς
2820 4112 2879 4165 δὲ
2910 4110 3350 4181 ὑπερϐεϐηκέναι
3378 4108 3655 4181 φήσουσιν.
3678 4100 3731 4154 El

2162 4205 2345 4259 τοίνυν
2372 4205 2549 4258 πάντα
2608 4203 2784 4275 μικρά
2829 4204 2967 4275 πρὸς
3008 4204 3108 4271 τὴν
3150 4202 3433 4272 ὑμετέραν
3478 4195 3733 4268 βδελυρίαν

2167 4296 2528 4366 φθέγξασθαι,
2579 4294 2864 4347 παύσασθε
2892 4290 3123 4345 τοιαῦτα
3148 4290 3407 4361 δρῶντες,
3436 4290 3473 4343 ἀ
3496 4289 3586 4341 καὶ
3618 4286 3727 4344 τοὺς

2167 4390 2262 4441 νῦν
2294 4385 2540 4456 ἐλέγξει,
2582 4386 2676 4442 καὶ
2710 4386 2837 4449 τοὺς
2884 4382 3182 4455 ἐσομένους
3233 4381 3543 4450 ἀπιστῆσαι
3581 4392 3733 4447 παρι-

470 4468 752 4522 sccrandis
776 4469 923 4523 vitiis
953 4482 1266 4539 comparata
1308 4473 1499 4540 exigua
1551 4472 1684 4535 sint,
1715 4472 2059 4526 committere
2093 4482 2135 4535 ι)
2168 4482 2455 4535 σκευάσει.

476 4559 603 4612 talia
630 4558 883 4622 desinite,
908 4576 1029 4629 qua:
1055 4571 1111 4616 et
1138 4572 1436 4630 prmsentes
1462 4572 1712 4617 oratores
1736 4571 1988 4631 arguant,
2013 4572 2069 4615 et

474 4651 615 4718 apud
653 4662 896 4718 posteros
932 4651 1090 4707 fidem
1124 4669 1230 4707 non
1264 4665 1598 4709 mereantur.

623 4762 783 4833 577
819 4762 1101 4820 LXXVIII.
1132 4795 1205 4807 —
1234 4764 1537 4821 EUGENIO
1591 4765 1913 4823 DIACONO.

2421 4763 2550 4818 on'.
2584 4795 2657 4806 —
2694 4762 2993 4834 ΕΥΓΕΝΙῼ
3027 4760 3144 4833 (et)
3178 4758 3510 4829 ΔιΑιιοΝῃ.

480 4853 659 4925 Major
699 4857 755 4909 in
798 4858 981 4926 futura
1023 4859 1132 4913 vita
1188 4876 1385 4915 merces
1415 4862 1512 4916 erit
1542 4863 1861 5002 eorurn,(§ui
1891 4860 2022 4942 nihil
2074 4859 2435 5000 bogtpruntsjn)
2459 4860 2557 4912 hac
2591 4859 2701 4912 vita
2747 4873 3011 4927 accepere,
3041 4866 3094 4908 ut
3125 4852 3435 4920 Harpocras
3480 4848 3720 4918 Sophiste.

1817 4949 1905 5001 up.
1938 4943 2088 5001 aptet.
2163 4968 2194 4985 ..
2234 4942 2280 4985 et
2352 4948 2405 4985 ο.

1817 4949 1905 5001 up.
1938 4943 2088 5001 eptst.
2123 4942 2194 4986 5::
2234 4942 2280 4985 et
2315 4942 2405 4985 eo.

555 5044 724 5113 Scito,
748 5046 951 5118 optime
1002 5047 1106 5113 vir,
1165 5057 1311 5103 recte
1368 5058 1620 5117 agentem
1664 5048 1947 5118 praemium
1996 5048 2051 5102 in

2237 5046 2404 5109 Ἰσθι,
2448 5039 2493 5099 ῶ
2528 5044 2791 5116 μακάριε,
2823 5043 2907 5096 ὅτι
2948 5041 3049 5096 οὐκ
3083 5040 3165 5104 είς
3197 5038 3259 5092 τὸ
3292 5038 3369 5110 μὴ
3388 5037 3571 5091 λαϐεῖν
3601 5034 3733 5100 ἀμοι-

1628 5202 1867 5259 νΑΙιιιΕ
1905 5201 2294 5260 LECTIONES
2329 5202 2418 5256 ET
2459 5199 2693 5256 NOTAE.

561 5368 675 5440 (8‘).)
714 5365 859 5420 Inter
892 5363 1306 5440 παρασκευάσει
1344 5374 1395 5440 et
1422 5364 1489 5440 ob
1521 5366 1633 5419 hmc
1664 5361 1822 5440 plane
1853 5360 2065 5440 sincera

486 5431 677 5495 et‘ad
735 5431 1054 5492 sententiam
1121 5433 1429 5490 iieCessario
1479 5433 1765 5488 inserenda
1821 5431 2071 5498 supplent

487 5511 642 5563 emlel.
678 5508 801 5563 Vat.
833 5508 937 5561 650
970 5519 1023 5559 et
1054 5508 1184 5567 Alt.,
1211 5505 1447 5567 Τούτους
1478 5506 1575 5574 μὲν
1604 5502 1713 5571 γὰρ
1739 5500 1971 5574 ἐλέγξει,
1996 5499 2072 5561 ὼς

493 5581 569 5649 μὴ
590 5578 917 5649 δυνηθέντας
943 5578 1181 5643 ἐπαξίως
1206 5577 1303 5645 τῆς
1328 5571 1599 5649 ἡμετέρας
1622 5573 1818 5649 κακίας
1841 5571 2070 5649 φράσαι·

490 5641 751 5714 ἐκείνους
784 5649 839 5701 δὲ
876 5641 1173 5718 ἀπιστῆσαι
1222 5641 1653 5717 παρασκευάσει.
1711 5641 1823 5718 Iloe
1850 5642 2073 5695 verbum

494 5720 743 5774 ultimum
796 5715 1227 5789 παρασκευάσει,
1273 5715 1513 5789 secundo
1558 5715 2066 5789 repetitttm_,_occa-

497 5791 705 5844 sionem
735 5782 985 5845 oscitanti
1014 5788 1335 5859 dcscriptori
1378 5782 1671 5858 prmbuisse
1700 5782 1958 5841 credibile
1995 5792 2079 5837 est

2176 5360 2280 5413 hoc
2308 5372 2519 5410 comma
2552 5353 2859 5408 omittendi.
2896 5348 3113 5407 Possm.

2247 5429 2359 5496 (85)
2411 5423 2828 5491 ’Υπολελεῖιρθαι
2857 5423 3021 5477 iidem
3051 5419 3208 5477 codd.
3252 5426 3464 5473 mutant
3491 5417 3540 5471 in
3565 5410 3730 5467 ἀπολε-

2174 5497 2412 5551 λεῖφθαι.
2448 5496 2530 5550 In.

2250 5517 2412 5567 ιφυαι.
2448 5517 2530 5550 ιι).

2250 5570 2362 5640 (84)
2406 5568 2509 5621 Ριό
2525 5565 2802 5640 -ξζλὺγενίῳ,
2832 5563 2923 5632 qui
2956 5562 3149 5640 unicus
3182 5562 3287 5640 hoc
3318 5560 3476 5640 libro,
3516 5567 3633 5626 puto
3661 5566 3730 5640 reo

2181 5632 2485 5710 ponendum
2522 5632 2798 5710 Εύτονίῴ,
2812 5644 3003 5710 exstat
3028 5633 3178 5710 enim
3219 5632 3286 5710 ad
3315 5632 3728 5710 Clll‘l‘llt-IelllanI'Sl'

2184 5699 2327 5766 Iuilis
2349 5709 2506 5773 epist.
2548 5707 2651 5760 221
2688 5699 2745 5764 et
2770 5705 2895 5761 222.
2943 5704 3075 5761 Vide
3103 5712 3158 5759 et
3195 5702 3354 5773 epist.
3399 5699 3487 5767 96,
3521 5699 3580 5752 ad
3606 5708 3733 5750 ευιιι·

2185 5784 2327 5838 dem.
2363 5779 2610 5834 Scuon.
