3906 6416
141 382 275 447 1.373

1019 379 1553 441 EPISTOLARUM
1590 378 1735 439 LIB.
1777 379 1847 438 ν.
1879 400 1948 411 --
1982 376 2218 435 EPIST.
2260 376 2547 439 LXXXII.

3265 372 3408 437 1374

137 498 253 561 εὶς,
296 494 421 548 ἀλλ’
480 496 557 558 εἰς
596 493 657 547 τὺ
708 492 1095 564 λαμπροτέρας
1130 495 1335 559 Λαὸεῖν,
1368 497 1415 547 εἰ
1448 496 1507 547 ἐν
1553 496 1719 547 πᾶσιν

1824 506 2064 560 praesens
2095 506 2201 545 non
2234 491 2504 559 accipere,
2535 488 2764 558 idipsum
2792 503 2899 543 non
2932 496 2989 543 ut
3018 487 3255 555 amittat,
3300 495 3397 545 sed

137 584 582 654 εὐδοκιμήσειας,
610 584 671 636 τὸ
708 582 935 653 μηδέπω
964 582 1146 636 λαϐεῖν
1182 584 1576 653 περιστήσεταί
1613 600 1716 636 σοι.

147 679 201 730 '0
234 678 333 747 μὲν
362 677 483 746 γὰρ
509 674 744 729 ἐνταῦθά
769 692 823 727 τι
856 673 1035 726 λαϐὼν
1064 674 1315 745 λαμπρόν
1333 691 1347 704 ·
1373 677 1402 728 6
1429 674 1485 726 δὲ
1516 674 1591 747 μὴ
1622 674 1721 728 λα-

140 767 710 838 6ὼν,-λαμπρότερον
759 768 940 819 ἐκεῖσε
994 766 1104 829 ’έξει
1150 766 1243 819 τὸν
1294 766 1579 835 στέφανον.
1627 768 1718 837 Μὴ

137 865 334 928 τείνων,
377 861 408 913 ὃ
457 861 728 931 θυμηδίας
774 860 892 912 ἐστὶ
937 861 1222 930 πρόξενον,
1269 858 1432 912 τοῦτο
1483 860 1722 930 ἀθυμίας

143 973 218 1008 σοι
249 953 431 1008 αἴτιον
457 952 715 1021 γινέσθω.
764 950 853 1021 Τῷ
886 951 984 1022 μὲν
1033 953 1142 1022 γὰρ
1188 951 1423 1005 ἐνταῦθα
1453 952 1718 1022 εἰληφότι,

139 1044 363 1106 εἰκότως
424 1044 796 1113 ὑποτέμνεται
827 1045 856 1095 6
888 1042 1109 1112 μισθόςο
1137 1042 1217 1113 τῷ
1260 1043 1317 1096 δὲ
1362 1044 1437 1114 μὴ
1475 1043 1722 1115 εἰληφότι

139 1136 391 1208 ἀκέραιος
426 1134 592 1205 δῆλον
620 1135 705 1188 ὃτι
741 1134 1094 1203 φυλάττεται.

1828 593 1887 637 ιιι
1932 582 2332 636 munitieentius
2408 582 2673 651 accipiat,
2715 580 3057 635 occasionem
3110 597 3253 637 esse.
3301 582 3405 648 Qui

1828 675 1976 731 enim
2032 674 2122 728 hic
2181 674 2326 742 capit
2364 672 2592 741 aliquid,
2629 673 2897 728 illustrem
2941 673 3182 742 quidem,
3222 684 3279 727 at
3310 675 3401 743 qui

1828 766 1962 822 nihil
1997 766 2287 835 receperit,
2329 765 2675 819 illustriorem
2713 765 2769 817 in
2793 764 2964 817 altera
2992 764 3101 817 vita
3145 779 3402 818 coronam

1828 867 2213 926 consequetur.
2248 856 2391 911 Cave
2432 857 2597 925 igitur
2653 870 2719 909 ne
2766 855 2909 923 quod
2963 854 3130 908 animi
3169 855 3406 909 delecta-

1831 950 2029 1002 tionem
2056 948 2336 1011 conciliat,
2366 948 2542 1015 pariat
2582 946 2675 999 tibi
2724 943 2900 1013 pusilli
2947 944 3117 997 animi
3160 944 3405 998 occasio-

1828 1054 1972 1093 nem.
2059 1037 2161 1093 Hic
2234 1039 2379 1092 enim
2454 1037 2739 1107 recipienti
2793 1036 2988 1090 merito
3062 1036 3404 1103 intercipitur

1826 1143 2068 1196 merces;
2096 1128 2174 1183 illi
2198 1143 2331 1183 vero
2359 1143 2467 1182 non
2497 1125 2799 1197 accipientil
2820 1128 3089 1194 integrum
3133 1124 3404 1181 asservari

1826 1223 2127 1291 praemium,
2161 1220 2506 1274 manifestum
2550 1231 2654 1273 est.

444 1298 566 1355 oe'.
598 1329 669 1342 -
701 1298 1009 1369 ΚΥΡΙΛΛῼ
1043 1299 1412 1372 ΕΠΙΣΚΟΠῼ.

2072 1310 2313 1366 LXXIX.
2362 1341 2435 1351 —
2466 1308 2767 1365 CYRILLO
2797 1308 3144 1365 EPlSCOPO.

896 1389 1257 1463 Eleemosyna:
1284 1395 1347 1447 de
1376 1395 1523 1464 juste
1548 1402 1717 1461 partis
1749 1412 1917 1471 graue
1950 1402 2079 1458 Deo.
2115 1403 2295 1475 (Conf.
2327 1405 2477 1471 epist.
2510 1403 2661 1472 949.)

204 1498 324 1558 Οἵδε
384 1504 612 1567 πάντως
656 1505 691 1573 ή
742 1502 812 1574 σὴ
860 1503 1105 1569 σύνεσις,
1158 1504 1235 1568 ὡς
1279 1506 1402 1560 οὐδὲ
1434 1508 1496 1560 τὸ
1531 1508 1719 1562 ἄδικον

1898 1514 2078 1569 Probe
2108 1525 2196 1569 tua
2240 1515 2391 1568 novit
2420 1514 2705 1582 prudentia
2737 1515 2950 1569 lucrum
2995 1514 3257 1583 injustum
3288 1528 3396 1569 non

144 1599 324 1668 κέρδος
353 1599 436 1660 εἰς
465 1597 836 1668 ἐλεημοσύνην
863 1598 1171 1668 ἐπιτήδειον
1190 1615 1204 1629 ·
1237 1597 1361 1652 οὔτε
1384 1602 1417 1670 ἡ
1447 1600 1722 1669 ἀπληστία

1829 1606 1962 1661 satis
2000 1621 2124 1660 esse
2162 1606 2517 1676 eleemosynze
2553 1607 2827 1670 idoneum,
2878 1619 3054 1673 neque
3099 1604 3399 1672 inexplebi-

143 1690 243 1742 τῶν
288 1692 727 1760 οἱκονομούντων
771 1689 869 1759 τὴν
930 1690 1328 1761 Πηλουσιωτῶν
1390 1693 1717 1762 Ἐκκλησίαν

1831 1697 1932 1750 lem
1984 1696 2217 1751 habendi
2270 1697 2617 1764 cupiditatem
2666 1695 3101 1763 dispensatorem
3137 1693 3396 1749 Ecclesia:

147 1782 294 1851 κόρον
325 1777 494 1833 οἶδεν.
530 1782 766 1852 Ἀριστα
794 1776 887 1833 οὖν
915 1779 1203 1853 πράξειας,
1236 1782 1285 1834 εἰ
1314 1782 1582 1845 παύσειας
1608 1784 1717 1837 τῶν

1823 1788 2215 1843 Pelusiotarum
2250 1804 2409 1858 posse
2438 1789 2646 1844 Saliari.
2690 1787 2907 1857 Optime
2954 1788 3138 1856 itaque
3179 1784 3395 1853 feceris,

145 1874 208 1926 τά
245 1872 686 1943 ἐκκλησιαστικὰ
728 1867 1073 1925 διοικούντων
1102 1874 1361 1942 χρήματα
1395 1873 1495 1937 τὰς
1526 1874 1719 1927 πλεον-

1823 1877 1865 1930 si
1899 1892 2111 1943 eormn,
2145 1878 2240 1946 qui
2298 1878 2553 1931 Ecclesiae
2611 1878 2750 1930 bona
2799 1877 3123 1945 gubernant,
3174 1890 3396 1929 cessare

148 1965 284 2030 εξίας
304 1980 316 1992 ⁸
362 1967 414 2017 εἰ
460 1963 571 2034 γάρ
618 1963 678 2017 τὸ
710 1963 771 2027 ἐξ
797 1963 1010 2024 ἀδικίας
1041 1963 1357 2034 πορίζεσθαι
1389 1968 1502 2028 τοῖς
1528 1966 1719 2035 δεομέ-

1823 1963 2100 2016 avaritiam
2147 1980 2328 2033 cogas.
2375 1964 2429 2019 Si
2481 1967 2626 2018 enim
2679 1981 2772 2034 per
2823 1964 2976 2018 nefas
3021 1974 3177 2034 parta
3222 1979 3290 2018 ne
3340 1965 3396 2018 in

148 2073 247 2117 νοις
275 2056 344 2108 τὰ
391 2057 675 2123 ἀναγκαῖα
727 2056 828 2107 οὐκ
878 2056 1096 2122 εὐαγὲς,
1128 2055 1190 2107 τὸ
1223 2056 1357 2126 μηδὲ
1390 2059 1501 2120 τοῖς
1532 2058 1719 2127 δεομέ-

1823 2053 2037 2122 iudiciis
2090 2055 2307 2123 quidem
2353 2071 2580 2124 erogare
2634 2056 2716 2109 fas
2768 2066 2884 2121 est;
2922 2057 3189 2124 quomodo
3242 2054 3393 2108 nefas

148 2165 248 2210 νοις
278 2147 422 2200 αὑτά
464 2146 731 2217 πορίζειν,
782 2146 898 2200 ἀλλ’
932 2146 1154 2210 οἰκείοις
1194 2147 1491 2219 θησαυροῖς
1523 2150 1721 2202 ἐναπο-

1823 2162 1925 2198 ιιοη
1950 2146 2055 2199 erit
2083 2161 2144 2199 ea
2170 2146 2221 2199 in
2252 2148 2487 2216 pr0priis
2521 2148 2791 2201 thesauris
2815 2162 3077 2216 repellere
3099 2148 3127 2200 ’ἶ
3155 2147 3395 2207 Docean-

149 2236 356 2299 κλείειν,
411 2237 593 2306 πάντη
656 2237 1041 2304 ἐναγέστατον.
1102 2236 1541 2290 Μανθανέτωσαν
1599 2235 1715 2305 οὖν,

149 2329 221 2380 ὅτι
266 2328 359 2380 καὶ
392 2326 677 2397 διανέμειν
714 2328 987 2397 ὀφείλουσι
1036 2328 1293 2398 καθαρῶς
1320 2331 1435 2392 τοῖς
1487 2330 1718 2401 πενομέ-

148 2438 249 2484 νοις
295 2420 366 2472 τά
412 2420 642 2483 δικαίως
678 2420 951 2489 προσόντα
984 2421 1079 2472 καὶ
1123 2420 1336 2484 ἀδικίας
1364 2422 1583 2491 ἁπάσης
1615 2440 1716 2474 κα-

154 2509 411 2581 θαρεύειν,
440 2511 681 2581 μάλιστα
714 2510 813 2580 μὲν
844 2511 1030 2579 ἐπειδὴ
1057 2509 1135 2581 τῷ
1164 2514 1338 2582 Κριτῇ
1367 2511 1523 2565 τοῦτο
1550 2511 1714 2565 δοκεῖ*

150 2603 326 2657 ἔπειτα
360 2604 443 2669 δὲ,
474 2605 559 2657 ὅτι
602 2603 723 2656 οὐδὲ
752 2604 976 2655 ἐκείνων
1027 2603 1232 2666 ἕνεκεν,
1277 2598 1351 2657 ὧν
1386 2622 1518 2673 φασι
1551 2623 1716 2676 φρον-

151 2693 327 2758 τίζειν,
354 2693 799 2758 πλεονεκτοῦσιν,
830 2693 966 2747 ἀλλὰ
993 2694 1119 2759 τοὺς
1145 2695 1379 2759 οἰκείους
1410 2695 1719 2767 θησαυροὺς

153 2786 419 2854 ἐμπλῆσαι
471 2786 806 2856 γλιχόμενοι.
866 2787 929 2838 Ei
960 2785 1067 2857 γὰρ
1124 2785 1372 2849 σϐέσειας
1423 2788 1532 2839 τῶν
1585 2788 1717 2841 διοι-

153 2875 375 2929 κούντων
400 2878 506 2947 τὴν
536 2876 864 2947 ἀπληστίαν,
896 2876 1099 2947 πολλῆς
1134 2878 1501 2933 ἁπολαύονται
1530 2881 1579 2933 oi
1613 2882 1717 2933 πέ-

153 2983 297 3035 νητες
323 2967 633 3037 εὐετηρίας.

474 3060 559 3113 [ι’.
592 3090 661 3099 -
698 3058 1029 3129 ΑΡΠΟΚΡᾼ
1065 3059 1377 3131 ΣΟΦΙΣΤῌ.

1819 2245 1907 2290 tur
1962 2236 2166 2305 itaque,
2217 2239 2435 2306 quando
2505 2254 2638 2308 pure
2687 2249 2743 2293 et
2788 2239 3019 2292 candide
3069 2239 3394 2307 pauperibus

1821 2328 2150 2384 distribuere
2178 2344 2242 2383 ea
2275 2329 2492 2393 debent,
2514 2345 2635 2399 quae
2658 2329 2806 2398 juste
2838 2344 2903 2383 ac
2932 2329 3170 2399 legitime
3200 2328 3391 2395 acqui—

1818 2421 2065 2484 siverint,
2119 2421 2187 2474 ab
2255 2421 2520 2489 injustitia
2584 2421 2730 2475 omni
2778 2436 2944 2490 puros
3007 2435 3068 2474 se
3142 2420 3389 2483 reddere,

1819 2514 2055 2568 maxime
2104 2529 2228 2568 cum
2284 2512 2461 2568 Judici
2508 2511 2669 2585 [Deo]
2724 2512 2803 2568 sic
2858 2512 3135 2583 placitum,
3182 2511 3397 2579 quando

1820 2619 1993 2673 neque
2027 2604 2235 2659 illorum
2260 2604 2455 2674 gratia,
2482 2621 2600 2673 quae
2617 2618 2810 2659 curare
2838 2619 2897 2657 se
2926 2602 3132 2667 dicunt,
3165 2600 3396 2670 amplius

1819 2696 2153 2762 possideant,
2189 2698 2282 2749 sed
2310 2695 2554 2763 quotidie
2596 2695 2710 2748 suis
2747 2694 3073 2763 impleantur
3100 2691 3390 2745 thesauris.

1822 2785 1882 2840 Si
1910 2785 2053 2838 enim
2096 2785 2512 2855 gubernantium
2549 2785 2854 2839 resecueris
2904 2781 3135 2837 habendi
3182 2780 3395 2850 cupidi-

1824 2886 2015 2941 tatem,
2050 2875 2397 2930 emolumenti
2428 2874 2721 2944 plurimum
2749 2874 2936 2941 inopes
2973 2888 3004 2926 e
3026 2871 3396 2941 ,proventibus

1819 2975 2240 3111 capiemtlxxx.
2263 3086 2329 3097 -
2366 3054 2768 3109 HARPOCRIE
2797 3051 3181 3110 SOPHISTA‘].

701 3147 770 3202 In
808 3149 1176 3203 ratiocinando
1215 3162 1366 3204 caute
1390 3150 1674 3219 agendum,
1704 3136 1765 3202 ne
1791 3149 1983 3202 veritas
2022 3151 2156 3199 male
2198 3146 2522 3213 defendendo
2556 3146 2832 3211 prodatur.

224 3263 280 3320 Ὅ
311 3267 408 3335 μὲν
441 3268 503 3319 ἐν
541 3266 654 3328 τοῖς
684 3265 883 3334 κομιδῆ
933 3264 1287 3333 ζητουμένοις
1312 3264 1453 3334 ἔχων
1488 3264 1714 3334 ἰσχυρὰν

156 3352 293 3407 λύσιν
338 3358 665 3423 ἐπαγαγεῖν,
714 3355 941 3416 εἰκότως
966 3354 1030 3406 οὐ
1073 3353 1275 3406 δέδοικε
1325 3352 1714 3422 χαλεπωτέραν

156 3446 310 3500 ποιῶν
329 3447 428 3517 τὴν
459 3447 756 3500 ἀντίθεσιν.
796 3447 853 3498 Ὀ
881 3445 938 3499 δὲ
968 3446 1043 3516 μὴ
1074 3446 1235 3515 ἔχων,
1266 3444 1365 3516 τὴν
1398 3444 1453 3497 δὲ
1485 3444 1714 3513 δύναμιν

156 3535 251 3587 τῶν
271 3535 442 3605 λόγων
474 3540 532 3590 ἐν
553 3541 620 3608 τῇ
667 3537 939 3590 ἀντιθέσει
977 3537 1438 3606 ἐπιδεικνύμενος,
1467 3538 1525 3589 ἐν
1552 3536 1610 3590 δὲ
1642 3538 1708 3607 τῇ

156 3624 291 3679 λύσει
337 3628 575 3698 ἀσθενὴς
621 3629 981 3698 φαινόμενος,
1015 3626 1269 3681 λανθάνει
1325 3626 1712 3698 λαμπροτέραν

156 3716 243 3786 τὴν
282 3719 489 3773 οἰκείαν
524 3720 972 3789 ἐπιδεικνύμενος
1029 3715 1222 3791 ἧτταν.
1272 3718 1345 3771 Ού
1392 3718 1502 3789 γάρ
1548 3719 1713 3790 ἐχρῆν

106 3866 111 3873 ,
156 3806 281 3859 οὕτω
326 3810 479 3879 παρά
532 3810 630 3880 τὴν
685 3809 859 3880 ἀρχὴν
897 3807 1268 3876 ἀγωνίσασθαι
1302 3806 1395 3860 τὸν
1447 3807 1712 3877 μέλλοντα

158 3899 559 3970 ἡττηθήσεσθαι*
597 3903 799 3972 μᾶλλον
856 3902 934 3968 δὲ,
971 3903 1019 3953 εἰ
1063 3901 1146 3953 δεῖ
1196 3899 1455 3970 τάκριϐὲς
1514 3901 1710 3964 εἰπεῖν,

157 3990 402 4062 προδότης
450 3993 554 4061 τῆς
613 3992 870 4062 ἀληθείας
930 3991 1348 4062 φωραθήσεται,
1408 3991 1475 4044 δι’
1508 3985 1583 4045 ὧν
1612 3990 1710 4060 τὴν

159 4078 366 4152 δύναμιν
398 4084 511 4138 τῶν
573 4084 751 4151 λόγων
786 4084 885 4155 τὴν
921 4086 979 4136 ἐν
1022 4084 1089 4153 τῇ
1124 4081 1417 4147 ἀντιθέσει,
1467 4082 1571 4134 οὐκ
1611 4082 1709 4133 ἐπ-

157 4172 369 4237 εδείξατο
397 4180 456 4229 ἐν
482 4180 549 4248 τῇ
578 4176 756 4235 λύσει.

650 4270 777 4323 nx.
812 4293 879 4308 ω
918 4267 1186 4337 ΖΩΣΙΜῼ.

1891 3260 1992 3326 Qui
2032 3261 2101 3315 ad
2148 3265 2504 3328 exaggeratas
2543 3258 2870 3326 quaestiones
2919 3256 3151 3311 validam
3219 3264 3397 3324 potest

1820 3353 2016 3407 atl‘erre
2055 3351 2403 3414 solutionem,
2450 3349 2641 3404 merito
2691 3364 2795 3403 non
2830 3349 3035 3413 timeat,
3079 3347 3172 3417 qui
3203 3347 3393 3402 diliici-

1822 3443 2010 3498 liorem
2037 3439 2635 3509 afferatohjectionem.
2670 3439 2743 3493 At
2778 3438 3006 3493 solidam
3042 3454 3147 3491 non
3187 3437 3394 3491 habens

1819 3535 2179 3599 solutionem,
2237 3533 2291 3586 in
2350 3531 2580 3601 objectis
2627 3546 2759 3585 vero
2812 3529 3084 3583 rationum
3146 3528 3398 3583 ostendat

1817 3639 2112 3693 momenta.
2130 3638 2185 3685 et
2216 3629 2268 3683 in
2291 3628 2561 3684 solutione
2586 3626 2874 3681 imbecillis
2899 3633 3194 3694 appareat;
3223 3623 3397 3678 nescit

1821 3719 1966 3786 quod
1998 3717 2302 3773 ditlicultati
2356 3732 2417 3772 se
2475 3716 2830 3771 succubuisse
2889 3715 3088 3770 clarius
3122 3714 3393 3768 ostendat.

1815 3808 1930 3864 Non
1956 3810 2099 3865 enim
2142 3811 2222 3865 sic
2255 3811 2541 3878 oportebat
2590 3822 2714 3862 eum
2745 3808 2813 3862 ab
2852 3808 3006 3863 initio
3033 3807 3391 3869 contendere,

1812 3900 1905 3969 qui
1929 3900 2141 3955 futurus
2164 3910 2284 3955 erat
2317 3900 2565 3963 inferior,
2602 3899 2685 3953 vel
2714 3900 2915 3968 potius,
2963 3899 3010 3953 si
3050 3897 3377 3966 loquendum

1813 3994 2019 4055 verius.
2070 3994 2315 4062 proditor
2368 3994 2615 4047 veritatis
2661 3990 3221 4061 comprehendendus,
3251 3989 3395 4057 quod

1814 4099 1923 4138 non
1944 4084 2139 4138 viderit
2164 4085 2215 4137 in
2240 4084 2507 4139 solutione
2552 4086 2662 4138 vim
2710 4084 3003 4149 rationum,
3035 4096 3156 4151 qua:
3191 4080 3247 4134 in
3292 4079 3395 4133 0b-

1811 4176 2044 4247 iectione
2065 4179 2385 4248 apparebat.

2300 4266 2537 4323 LXXXI.
2560 4296 2634 4307 —
2663 4266 2939 4323 ZOSIMO.

1404 4361 1487 4414 Ad
1524 4359 1762 4413 virtutem
1804 4360 2126 4419 exstimulat.

214 4468 272 4521 Εἰ
302 4470 374 4540 μὴ
423 4471 606 4542 βούλει
636 4471 813 4543 ὀνείδη
866 4488 925 4523 τε
974 4471 1269 4536 ἓξειν,γκαὶ
1299 4473 1569 4542 τιμωρίας
1606 4473 1706 4541 ὑφ·
1737 4460 1738 4463 η

1880 4473 1993 4529 Nisi
2033 4475 2222 4529 subire
2251 4475 2332 4530 vis
2360 4475 2708 4544 ignominiam
2743 4484 3045 4549 poenasque
3076 4469 3187 4538 pati
3228 4467 3396 4537 578

158 4554 279 4620 ἐξειν
308 4559 365 4612 οὗ
392 4580 537 4632 φημι
588 4561 774 4614 ἐνθάδε
832 4560 1041 4631 (καίτοι
1083 4561 1142 4613 ού
1203 4560 1396 4631 μικρὸν
1427 4558 1705 4612 καὶτοῦτο

158 4647 224 4715 τῷ
268 4651 585 4724 ἐχέφρονιχ,
631 4653 747 4706 ἀλλ’
784 4654 841 4705 ἐν
890 4656 1001 4716 τοῖς
1031 4653 1136 4704 εἴτε
1166 4652 1259 4704 ἐπὶ
1300 4653 1423 4721 γῆς,
1472 4650 1582 4703 εἴτε
1614 4651 1708 4703 καὶ

158 4738 534 4813 ὁπουδηποτοῦν
565 4744 655 4796 τοῦ
684 4743 886 4805 παντὸς
917 4742 1173 4811 τυγχάνει
1199 4740 1587 4811 δικαστηρίοις,
1609 4741 1709 4811 τὴν

162 4829 408 4902 ρᾳθυμίαν
437 4835 873 4904 ἀποσεισάμενος
900 4833 1151 4904 ἔχου-τῆς
1182 4832 1403 4904 ἀρετῆς.

552 4949 677 5004 IlB'.
715 4978 787 4989 —
822 4949 1276 5018 ΑΡΤΕΜΙΔΩΡῼ.

1813 4581 1920 4619 non
1956 4566 2008 4619 in
2048 4566 2217 4619 altera
2261 4569 2420 4621 modo
2450 4567 2556 4619 vita
2589 4568 2729 4634 (quin
2759 4579 2847 4618 res
2879 4576 3011 4617 sane
3042 4575 3144 4614 non
3178 4560 3391 4627 exigua,

1815 4657 1859 4710 si
1888 4657 2047 4711 modo
2090 4657 2383 4725 prudenter
2408 4656 2639 4725 judicas)
2692 4655 2788 4709 sed
2850 4656 2903 4708 in
2964 4654 3088 4716 hac,
3143 4652 3259 4705 sive
3292 4651 3392 4704 sub

1818 4757 1985 4815 terra,
2020 4750 2136 4803 sive
2164 4751 2222 4803 in
2253 4751 2446 4820 quovis
2476 4750 2583 4805 alio
2613 4750 2922 4817 ubicunque
2959 4744 3248 4808 tribunali,
3282 4742 3390 4806 fac,

1816 4839 1967 4907 pulsa
2001 4839 2236 4910 ignavia,
2266 4841 2453 4895 virtuti
2482 4841 2788 4895 incumbas.

2197 4952 2529 5007 LXXXII.—
2557 4950 3029 5007 ARTEMIDORO.

162 5030 233 5086 Ex
256 5039 438 5105 animo,
479 5056 584 5094 non
606 5055 671 5094 ex
699 5051 879 5094 eventu
912 5055 992 5092 res
1025 5037 1369 5092 wstimaudw.
1408 5037 1568 5115 (Vide
1592 5040 1739 5115 epist.
1765 5041 1901 5115 £2.90,
1934 5061 1989 5098 ιη
2022 5045 2155 5098 illud
2182 5043 2343 5115 Pauli
2365 5058 2385 5098 :
2420 5062 2439 5095 ι
2476 5042 2841 5115 Unusquisque
2878 5045 3145 5115 propriam
3168 5043 3389 5111 accipiet

1289 5110 1595 5163 mercedem.
1639 5127 1659 5160 ι
1690 5110 1719 5161 1
1753 5111 1877 5167 Cor.
1920 5132 2001 5178 Ill,
2037 5116 2076 5170 8
2101 5124 2151 5169 et
2191 5113 2304 5184 14.)

228 5197 280 5250 '0
321 5204 494 5257 πάντα
534 5203 602 5256 τὰ
633 5204 713 5266 εἰς
756 5202 929 5257 αὑτὸν.
964 5201 1166 5272 ἥκοντα
1201 5202 1494 5272 πληρώσας
1526 5204 1604 5264 εἰς
1642 5202 1704 5255 τὸ

164 5288 341 5353 πεῖσαι,
381 5294 474 5345 καὶ
515 5294 590 5363 μὴ
638 5292 854 5356 πείσας,
912 5294 988 5356 ὡς
1014 5293 1219 5356 ἀνύσας
1265 5294 1471 5356 δίκαιος
1506 5292 1574 5345 ἂν
1620 5294 1703 5363 εἴη

166 5374 542 5449 θαυμάζεσθαιο
590 5386 843 5439 τοσοῦτον
892 5386 1087 5455 ἀπέχει
1117 5386 1210 5439 τοῦ
1264 5385 1523 5456 μέμψεως
1553 5386 1705 5451 ἄξιος

166 5464 301 5524 εἶναι.
347 5477 404 5528 Εἰ
433 5478 490 5531 δὲ
537 5477 850 5547 θαυμαστὸν
900 5475 1040 5531 εἷναί
1088 5496 1170 5531 σοι
1204 5478 1363 5531 τοῦτο
1390 5479 1553 5542 δόξει,
1588 5481 1708 5531 ἐπι-

165 5558 411 5631 ψηφιεῖται
437 5568 549 5643 (85)
579 5572 607 5623 6
649 5571 860 5636 Παῦλος
903 5572 1155 5641 φάσκων·
1195 5590 1213 5624 ι
1254 5573 1518 5635 Ἕκαστος
1545 5573 1601 5625 δὲ
1619 5573 1709 5625 τὸν

1883 5207 1983 5273 Qui
2019 5208 2161 5276 quod
2190 5207 2245 5261 in
2294 5207 2410 5275 ipso
2448 5215 2554 5269 est,
2582 5206 2764 5260 omnia
2804 5206 3121 5273 exsequitur
3161 5213 3221 5257 ut
3263 5218 3387 5272 per-

1812 5300 2057 5362 Suadeat,
2115 5315 2218 5353 non
2268 5297 2559 5368 persuadet
2608 5308 2810 5361 tamen,
2872 5307 3079 5349 tantum
3139 5295 3291 5349 abest
3330 5306 3387 5347 ut

1812 5393 2235 5460 reprehensione
2270 5392 2517 5445 videatur
2537 5391 2751 5460 dignus,
2793 5399 2847 5442 ut
2870 5389 3046 5443 ornnis
3074 5388 3145 5442 sit
3166 5402 3382 5456 expers.

1813 5483 1871 5537 id
1883 5483 1926 5535 si
1946 5483 2079 5537 mire
2096 5484 2296 5537 dictum
2319 5482 2414 5535 tihi
2438 5483 2700 5547 videatur,
2725 5481 2990 5537 calculum
3011 5480 3172 5535 addet
3196 5479 3386 5533 beatus

1815 5574 2013 5628 Paulus
2034 5574 2219 5629 dicens
2244 5592 2256 5628 :
2284 5593 2302 5626 ‹
2335 5574 2713 5645 Unusquisque
2735 5574 3042 5629 mercedem
3061 5588 3212 5629 suam
3238 5571 3386 5625 acci-

1219 5702 1454 5756 VARIIE
1487 5700 1871 5757 LECTIONES
1909 5701 2000 5757 ET
2036 5702 2268 5758 NOTE.

233 5808 329 5882 (33)
372 5815 773 5891 Ἐπιψηφιεῖται
803 5822 957 5878 codd.
1002 5820 1122 5877 Vat.
1146 5830 1201 5877 et
1232 5822 1339 5879 Alt.
1374 5820 1616 5877 breviaut
1646 5820 1699 5875 iu

1823 5821 2042 5892 ιιξιηφιεί.
2078 5821 2284 5879 Possm.
