3906 6416
489 325 624 392 1375

1695 335 1754 395 S.
1799 336 1898 396 ISl
1909 337 2091 396 DORI
2131 339 2577 410 PE’LU‘SIOTA“.~

3629 344 3746 419 1376

485 437 762 507 pietjuxta
788 435 1024 492 laborem
1044 453 1236 497 suurn:
1275 459 1292 491 ι
1323 454 1427 495 non
1453 441 1612 507 dixit,
1642 463 1660 496 ι
1687 444 1844 514 juxta
1882 447 2083 504 laboris

2203 450 2321 504 ἴδιον
2374 452 2566 522 μισθὸν
2617 449 2852 521 λήψεται
2884 453 3026 508 κατὰ
3071 453 3170 506 τὸν.
3192 454 3324 507 ἴδιον
3364 455 3556 508 κόπον·
3592 475 3610 508 ι
3661 462 3749 515 οὐκ

484 537 735 582 eventum
779 539 870 582 aut
902 529 1129 582 exitum.
1157 549 1174 580 ι
1228 528 1330 596 Qui
1370 531 1514 585 enim
1563 534 1696 587 nihil
1759 538 1944 590 omisit
1987 552 2082 592 eo-

488 636 629 686 rum,
665 637 785 692 quae
841 621 1040 676 fecisse
1077 624 1342 691 Oportuit,
1399 624 1446 680 is
1497 639 1697 682 corona
1753 629 1949 697 dignus
1997 632 2080 684 vi-

487 714 698 766 deatur.

769 825 1060 883 LXXXIII.
1096 858 1169 872 —
1199 827 1436 886 PAULO
1466 830 1789 888 DIACONO.

2186 538 2346 596 εἷπε·
2400 543 2558 596 Κατά
2604 544 2704 614 τὴν
2752 543 2846 598 τοῦ
2929 544 3181 615 καμάτου
3255 545 3500 601 ἔκϐασιν.
3545 547 3603 600 ⁸0
3657 551 3753 622 γὰρ

2191 633 2357 704 μηδὲν
2387 635 2734 706 παραλείψεις
2766 635 2876 688 τῶν
2905 637 3233 704 ὀφειλόντων
3280 640 3619 710 πεπρᾶχθαι,
3650 659 3736 707 στε¹

2189 725 2375 794 φάνων
2406 727 2563 779 ἐστὶν,
2588 727 2816 791 εἰκότως
2848 728 3018 793 ἄξιος.

2546 842 2670 895 ΠΡ.
2712 872 2782 881 -
2813 843 3051 914 nar-Aa
3095 807 3420 916 ΔιΑιςοΝῼ.

726 919 1045 977 Convivator
1075 926 1302 994 optimus
1331 927 1472 996 quis.
1513 924 1602 980 Sic
1653 926 1958 982 Timor/teut
1993 929 2202 986 dicebat
2241 932 2487 992 Plalonis
2519 936 2758 989 convivia
2789 937 2947 990 etiam
2979 945 3188 1005 postero
3219 939 3302 992 dic
3327 953 3535 1007 sapere.

557 1037 974 1092 Convivatorem
1029 1054 1129 1108 ego
1169 1040 1318 1094 illum
1352 1041 1620 1110 insignem
1659 1058 1781 1098 esse
1819 1044 2080 1110 arbitror,

489 1144 598 1184 non
629 1129 718 1198 qui
753 1129 1090 1186 redundante
1130 1133 1268 1186 cibis
1301 1148 1483 1186 mensa
1524 1135 1810 1188 convivam
1856 1137 2082 1204 excipit,

485 1229 542 1272 et
567 1220 850 1273 saturitate
880 1219 1136 1287 injuriatn
1165 1223 1386 1287 inferat,
1413 1225 1507 1278 sed
1539 1225 1629 1293 qui
1661 1235 1923 1295 quantum
1950 1226 2083 1280 satis

489 1310 559 1362 sit
581 1319 872 1379 apparatas
897 1312 1084 1382 epulas
1105 1315 1307 1382 couidit,
1343 1317 1641 1386 miscetque
1668 1319 1895 1372 rationis
1925 1319 2081 1388 plena

491 1404 826 1471 hortatione,
851 1406 1007 1476 cujus
1043 1407 1252 1462 utilitas
1295 1412 1492 1464 anima:
1536 1411 1698 1463 etiam
1749 1422 1907 1481 queat
1958 1427 2087 1480 pro-

489 1496 670 1551 desse.

493 1608 780 1670 LXXXIV.
816 1639 886 1651 —
925 1611 1396 1678 MAIKTINIANO,
1460 1614 1747 1683 ZOSIMO,
1781 1613 2083 1682 MARONIE,

1076 1683 1500 1742 EUS'I‘ATIIIO.

2258 1048 2527 1121 Λαμπρὸν
2557 1048 2848 1118 ἑστιάτορα
2870 1046 3010 1104 εἶναι
3050 1050 3259 1104 ἐκεῖνον
3289 1050 3560 1122 ἡγοῦμαι,
3589 1053 3647 1107 οὐ
3681 1055 3772 1108 τὸν.

2187 1139 2600 1214 φλεγμαινούσῃ
2651 1142 2902 1215 τραπέζῃ
2936 1142 3207 1197 ἑστιῶντα
3255 1145 3386 1206 τοὺς
3429 1145 3759 1215 δαιτυμόνας,

2186 1232 2283 1284 xui.
2314 1231 2406 1284 τὸν
2438 1234 2600 1304 κόρον
2626 1234 2952 1304 ὑϐρίζεσθαι.
2981 1236 3503 1304 παρασκευάζοντα,
3530 1238 3661 1291 ἀλλὰ
3683 1240 3762 1291 τὸν

2187 1325 2254 1393 τῇ
2286 1325 2591 1396 αὐταρκείᾳ
2620 1326 2731 1378 τῶν
2774 1328 3350 1398 παρασκευασθέντων
3375 1329 3647 1400 κιρνῶντα
3677 1331 3760 1402 τὴν

2187 1415 2414 1487 λογικὴν
2455 1417 2799 1484 παραίνεσιν,
2835 1415 2904 1491 ἦς
2934 1422 2967 1492 ἡ
2995 1421 3232 1490 ὠφέλεια
3276 1423 3377 1476 καὶ
3411 1424 3594 1494 ψυχῆς
3618 1424 3763 1478 ἀπτε-

2191 1507 2316 1561 σθαι
2345 1509 2614 1577 πέφυκεν.

2189 1617 2312 1671 IIA'.
2353 1647 2424 1656 —-
2459 1619 3271 1764 MAPTINIANg'i‘Ag?§IMQ,
3326 1621 3632 1685 ΜΔΡΩΝΙ,
3666 1621 3764 1674 ΕΥ-

1745 1799 2007 1854 IIortatur
2039 1800 2110 1853 ad
2143 1803 2531 1872 paenitentiam.

563 1905 822 1974 Quamvis
850 1909 1004 1966 tuulti
1053 1912 1119 1965 de
1158 1912 1335 1966 salute
1389 1913 1634 1966 omnium
1672 1925 1917 1968 vestrum
1987 1915 2081 1968 de-

2257 1913 2324 1968 Εί
2358 1914 2451 1966 καὶ
2503 1913 2691 1968 πολλοὶ
2743 1913 2846 1982 τὴν
2883 1911 3156 1984 ὑμετέραν
3192 1913 3478 1984 σαπηρίαν
3529 1915 3763 1984 ἀπέγνω-

493 2012 740 2069 Speraut,
787 2003 1037 2071 equidem
1073 2013 1250 2058 tamen
1282 2007 1459 2059 denuo
1499 2007 1564 2058 ad
1602 2021 1696 2058 vos
1725 2007 1926 2060 accedo
1948 2021 2076 2059 sna-

494 2107 696 2157 snrus,
761 2105 817 2147 ut
879 2111 908 2149 a
959 2097 1107 2150 vitiis
1155 2097 1507 2161 abstineatis,
1559 2098 1784 2150 hortans
1839 2113 1967 2151 vero
2019 2096 2084 2151 ad

493 2184 754 2238 virtutem
815 2186 1315 2255 COlleIeCIClltIutlt;
1357 2189 1727 2256 praenuntians
1788 2189 1950 2243 etiam
1993 2189 2089 2242 im-

496 2275 678 2345 probis
715 2291 834 2346 quae
867 2292 1024 2346 ptBna
1063 2288 1515 2342 maneat;contra
1544 2296 1676 2334 vero
1705 2297 1826 2350 quae
1862 2281 2082 2335 virtutis

500 2368 760 2423 studiosis
818 2371 1040 2450 praemia
1091 2373 1386 2428 dabuntur.
1457 2372 1516 2428 Si
1561 2374 1744 2443 itaque
1813 2375 2083 2428 rationem

496 2476 603 2516 non
637 2462 864 2516 omnino
909 2463 1279 2530 exstinxistis,
1317 2465 1410 2520 sed
1455 2475 1618 2520 restat
1669 2466 1926 2529 scintilla,
1963 2480 2090 2534 quae

494 2555 716 2610 accendi
741 2566 928 2625 queat,
949 2573 1068 2612 eam
1092 2557 1479 2612 inllanuuamlo
1507 2551 2090 2626 διιεοὶιίιιοἚοιιεὶιοιι,

497 2646 886 2712 tametsi.sero,
913 2649 963 2700 id
1000 2649 1294 2718 aliquando
1341 2652 1702 2720 cognoscetis.

747 2760 1013 2818 LXXXV.
1056 2793 1128 2804 —
1189 2763 1472 2818 I’IIERMII
1512 2764 1836 2820 DIACONO.

2193 2021 2312 2069 σαν,
2351 2004 2465 2057 ἀλλ’
2509 2005 2621 2073 ἐγὼ
2666 2003 2830 2058 πάλιν
2876 2005 2996 2075 ἥκω
3036 2004 3472 2074 συμϐουλεύσων
3508 2005 3605 2076 μὲν
3646 2007 3760 2074 ὑμῖν

2189 2097 2554 2164 ἁποιροετῆσαι
2582 2097 2682 2166 τῆς
2714 2095 2932 2158 κακίας,
2968 2094 3296 2166 προτρέψων
3327 2095 3388 2147 δέ
3418 2096 3508 2148 ἐπ’
3542 2096 3727 2164 ἀρετήν
3746 2110 3760 2124 ο

2190 2187 2284 2240 καὶ
2313 2185 2681 2256 προμηνύσων
2715 2186 2814 2256 μὲν
2843 2185 2911 2238 τά
2937 2187 3051 2248 τοῖς
3077 2185 3306 2254 φαύλοις
3330 2185 3763 2256 ἀποδοθησόμενα

2190 2277 2468 2346 ἐπίχειρα,
2524 2275 2952 2347 προαγορεύσων
2998 2275 3055 2328 δὲ
3083 2275 3153 2329 τὰ
3190 2279 3306 2340 τοῖς
3361 2276 3670 2347 φιλαρέτοις
3690 2276 3763 2328 δο-

2193 2368 2474 2438 θησόμενα
2513 2369 2746 2422 ἔπαθλα.
2785 2369 2849 2420 ΕΞ
2879 2368 3060 2423 τοίνυν
3093 2368 3155 2421 τὸ
3189 2367 3508 2437 λογιστικὸν
3554 2367 3624 2438 μὴ
3650 2385 3766 2420 παν-

2190 2461 2364 2524 τελῶς
2387 2460 2755 2531 ἐνεκρώσατε,
2785 2460 2899 2514 ἀλλ’
2934 2460 3048 2531 ἔχει
3079 2478 3132 2513 τι
3168 2461 3516 2532 ἐμπύρευμα
3554 2460 3766 2530 ἀναλάμ-

2191 2554 2291 2624 ψαι
2319 2555 2646 2624 δυνάμενον,
2674 2553 2820 2606 τοῦτ’
2849 2554 3317 2626 ἀναῤῥιπίσαντες
3340 2554 3603 2624 ἐξάψατε.
3633 2553 3763 2623 Τάχα

2193 2665 2310 2711 πως
2335 2647 2438 2700 κᾶν
2461 2646 2559 2716 ὀψέ
2583 2663 2715 2699 ποτε
2741 2645 2862 2699 τόδε
2895 2647 3137 2716 γνοίητε.

2551 2760 2678 2815 IIE'.
2713 2789 2786 2800 -
2819 2759 3054 2812 IEPAKI
3095 2758 3429 2829 ΔῙΑΚΟΝῼ.

729 2876 1157 2933 Christianorum
1186 2880 1488 2934 discordiae.
1526 2878 1592 2933 In
1618 2880 1838 2949 justitia
1871 2879 2080 2949 fideque
2124 2871 2384 2929 servanda
2416 2874 2645 2926 latrones
2678 2870 2916 2939 exeinplo
2938 2878 3084 2924 sunt.
3121 2869 3262 2941 (Cic.
3296 2869 3324 2923 Ι
3366 2869 3548 2940 Οῇῑε.)

566 2992 735 3048 Miror
805 2994 1055 3063 equidem
1100 2996 1456 3049 vehementer
1511 3009 1606 3048 eos
1660 2994 1930 3048 latrones.
1993 2992 2088 3062 qui

493 3085 700 3140 strictis
726 3096 1049 3155 grassantur
1085 3086 1297 3155 gladiis.
1334 3098 1388 3141 et
1425 3088 1476 3140 in
1525 3084 1702 3154 justos
1742 3086 1905 3138 etiam
1937 3100 2087 3138 arma

494 3177 696 3240 ferunt,
736 3178 801 3232 de
829 3178 1008 3247 praeda
1061 3180 1413 3247 participare.
1479 3179 1749 3232 Desinunt
1793 3179 1938 3231 enim
1975 3175 2087 3243 jam

2259 2986 2394 3040 Λίαν
2425 2983 2714 3053 θαυμάζω,
2751 2983 2901 3047 ὅπως
2924 2984 2973 3037 οἱ
3000 2984 3101 3053 μὲν
3126 2983 3347 3057 λῃσταὶ,
3381 2985 3434 3036 οἱ
3461 2983 3586 3054 ξίφη
3609 2983 3766 3052 γυμνά

2191 3078 2551 3142 ἐπισείοντες,
2582 3077 2678 3129 καὶ
2703 3075 2847 3130 κατά
2871 3076 2980 3130 τῶν
3009 3075 3178 3147 μηδὲν
3201 3074 3544 3128 ἀδικούντων
3581 3074 3768 3138 ὁπλιζο-

2197 3189 2370 3244 μενοι,
2396 3172 2541 3225 ἀλῶν
2569 3173 3025 3242 κοινωνήσαντες,
3048 3173 3150 3225 οὑκ
3177 3170 3260 3224 ἔτι
3293 3173 3406 3224 εἰσὶ
3438 3171 3624 3242 λῃσταὶ
3652 3171 3766 3241 πρὸς

492 3285 612 3324 esse
646 3269 888 3324 latrones
918 3287 1042 3338 erga
1074 3286 1189 3336 eos,
1218 3273 1544 3339 quibuscum
1581 3271 1750 3324 ictum
1777 3268 1954 3324 ftedus
1977 3278 2083 3330 est,

2203 3265 2281 3330 >ὓς
2320 3266 2386 3318 ἂν
2423 3265 2785 3329 σπείσωνται,
2825 3265 2965 3319 ἀλλὰ
3019 3264 3468 3336 μεταρρυθμίζει
3493 3265 3583 3316 τὸν
3629 3263 3767 3334 ἀμεί-

493 3364 588 3415 sed
644 3376 827 3417 mensa
897 3363 1094 3416 durum
1141 3364 1512 3432 acerbmnque
1586 3362 1804 3417 vivendi
1879 3375 2085 3414 morem

2195 3359 2380 3413 λικτον
2405 3358 2610 3428 τρόπον
2634 3359 2667 3430 ή
2696 3357 2967 3429 τράπεζα.
3004 3357 3198 3428 Ἡμεῖς
3220 3357 3278 3409 δὲ
3303 3357 3463 3420 θείας
3486 3356 3764 3426 ἀξιούμενοι

491 3468 684 3506 eorum
724 3463 1008 3523 temperat.
1040 3455 1148 3509 Nos
1201 3471 1329 3508 vero
1364 3455 1565 3509 divinis
1601 3455 1680 3525 [in
1721 3447 2087 3522 Eucharistia]

2203 3448 2503 3520 τραπέζης,
2555 3448 2822 3502 ἄσπονδον
2872 3448 3074 3519 ἔχομεν
3116 3449 3256 3518 πρὸς
3289 3446 3530 3510 ἑαυτοὺς
3570 3446 3654 3498 τὸν
3688 3445 3767 3497 πό-

494 3545 698 3612 dignati
749 3547 952 3617 epulis,
1010 3548 1467 3603 irreconciliabile
1530 3549 1675 3602 inter
1741 3561 1842 3599 nos
1889 3543 2088 3598 bellum

495 3638 666 3707 geritn
711 3658 756 3692 ιε.

621 3751 786 3823 579
814 3751 1102 3808 LXXXVI.
1125 3783 1198 3794 —-
1227 3751 1430 3809 CASIO
1463 3749 1964 3808 SCHOLASTICO.

2199 3539 2258 3592 λε
2267 3555 2366 3610 μον
2375 3578 2391 3594 .

2491 3742 2637 3807 [ις’.
2669 3769 2742 3782 ——-
2768 3740 2980 3811 ΚΑΣΙῼ
3020 3740 3492 3814 ΣΧΟΛᾹΣΤΙΚῼ.

1486 3847 1673 3902 Patris
1706 3847 1935 3916 offensas
1968 3844 2024 3897 in
2051 3836 2230 3894 liberis
2260 3833 2442 3888 ulcisci
2469 3834 2800 3889 indecorum.

567 3962 625 4018 Si
659 3964 878 4034 quidem
917 3965 1162 4034 parentis
1220 3977 1448 4020 mortem
1484 3965 1727 4020 studiose
1758 3960 2087 4022 observasti,

496 4069 604 4124 quo
641 4055 811 4110 tutius
842 4057 907 4109 de
954 4055 1084 4109 ﬁliis
1143 4057 1439 4110 vindictam
1498 4069 1746 4124 caperes,
1803 4051 2004 4122 duplici
2040 4060 2090 4105 te

497 4148 629 4202 vitio
677 4148 918 4202 ostendis
968 4147 1354 4213 obstrinxisse,
1406 4149 1672 4203 socordiae
1723 4145 1981 4200 nimirum
2034 4151 2090 4196 et

496 4240 772 4303 vindictae,
827 4253 927 4292 seu
975 4240 1252 4294 memoriae
1286 4239 1630 4310 iniuriarum.
1662 4235 1942 4293 Seeordiae
1967 4231 2089 4303 qni-

2269 3949 2332 4004 Ei
2374 3949 2475 4020 μὲν
2502 3949 2602 4021 τὴν
2635 3947 2730 4002 τοῦ
2774 3947 2982 4017 πατρὸς
3017 3945 3280 4018 τελευτὴν
3302 3949 3386 4010 είς
3413 3946 3516 4020 τὴν
3537 3945 3641 4000 τῶν
3661 3946 3766 4000 mi-

2195 4043 2303 4096 δων
2334 4042 2608 4113 τιμωρίαν
2640 4040 3125 4112 ἐκαιροφυλάκεις,
3152 4039 3247 4092 δύο
3289 4040 3552 4107 ἀγεννέσι
3592 4037 3767 4093 πάθεσι

2198 4133 2397 4186 σαυτὸν
2425 4132 2795 4203 κεχειρῶσθαι
2821 4131 3110 4196 δεικνύεις,
3139 4130 3409 4202 ἀνανδρία
3434 4147 3494 4182 τε
3535 4131 3623 4183 καὶ
3650 4145 3764 4199 μνη-

2197 4224 2445 4295 σικακίᾳ.
2481 4223 2630 4294 Πρὸς
2657 4223 2866 4276 ἐκεῖνον
2906 4222 3006 4292 μὲν
3033 4224 3144 4292 γὰρ
3191 4223 3266 4292 μὴ
3319 4223 3596 4293 δυνηθεὶς,
3629 4223 3766 4274 ἀναν-

497 4330 642 4395 dem,
683 4330 827 4397 quod
861 4331 914 4382 in
951 4329 1097 4384 illum
1148 4331 1327 4384 minus
1372 4343 1593 4399 pOSSes;
1636 4327 1888 4381 vindictae
1932 4338 2083 4388 vero,

2203 4317 2387 4387 δρίας’
2443 4315 2671 4378 τούτους
2721 4315 2780 4368 δὲ
2832 4315 3148 4387 ἀμύνασθαι
3199 4315 3545 4380 σπουδάζων,
3585 4332 3766 4385 μνησι-

497 4425 639 4488 qnod
675 4420 743 4474 ab
765 4421 849 4476 his
877 4421 1066 4476 ulcisci
1093 4431 1145 4476 te
1177 4422 1422 4486 studens,
1456 4419 1734 4475 memoriae
1762 4417 2085 4487 iujuriarum

2203 4409 2396 4472 κακίας
2457 4407 2686 4473 ἐξοίσεις
2725 4407 2868 4460 κατὰ
2929 4407 3130 4461 σαυτοῦ
3189 4408 3412 4478 δεῖγμα.
3456 4409 3522 4461 Ei
3566 4408 3620 4460 δέ
3651 4406 3765 4476 μηδὲ

497 4525 552 4580 in
586 4521 637 4564 te
667 4511 890 4566 exhibes
921 4515 1254 4582 exemplum.
1300 4514 1367 4565 At
1393 4514 1434 4566 si
1467 4527 1532 4565 ne
1561 4512 1657 4564 hos
1698 4509 1917 4579 quidem
1947 4509 2087 4575 igno-

2203 4500 2419 4564 τούτους
2474 4499 2680 4573 ἀμύνῃ,
2728 4499 2824 4553 καὶ
2870 4499 2968 4571 τὴν
3028 4501 3130 4571 τῆς
3169 4501 3469 4572 ἀνανδρίας
3519 4499 3766 4571 ἀποτρίψῃ

499 4603 701 4657 scendo
738 4604 1038 4670 ulcisceris,
1071 4606 1301 4675 ignaviae
1355 4605 1655 4660 declinabis
1701 4602 2012 4671 Opinionem
2043 4608 2087 4654 el

2203 4593 2497 4663 ὑπόληψιν.
2531 4593 2717 4658 Δόξεις
2741 4593 2850 4664 γὰρ
2885 4594 2982 4647 καὶ
3019 4595 3140 4648 τότε
3169 4595 3231 4648 οὐ
3263 4594 3418 4663 φόϐῳ
3465 4611 3762 4666 παρακεχω-

499 4695 772 4750 videberis
805 4705 933 4752 tunc
984 4715 1090 4752 non
1144 4709 1288 4751 metu
1333 4697 1586 4762 cessisse,
1634 4695 1730 4750 sed
1773 4694 1951 4764 reipsa
1984 4707 2087 4747 mo-

2203 4685 2452 4759 ρηκέναι,
2485 4684 2602 4739 ἀλλ’
2647 4683 2797 4757 ἔργῳ
2825 4685 3346 4758 πεφιλοσοφηκὲναι.

501 4788 674 4842 derati
710 4789 873 4843 animi
907 4791 1118 4858 signum
1143 4791 1482 4844 exhibuisse.

963 4901 1273 4959 LXXXVII.
1300 4935 1371 4943 —
1394 4900 1640 4957 ESAIZE.

2749 4891 2877 4947 ιη’.
2908 4923 2980 4934 --
3013 4893 3244 4965 nuta.

501 5015 600 5072 Dei
629 5015 1002 5086 longanimitas
1024 5019 1093 5071 ad
1132 5020 1401 5080 virtutem,
1435 5034 1537 5072 non
1555 5019 1623 5070 ad
1648 5025 1924 5088 peccatum
1948 5030 2044 5069 nos
2073 5010 2305 5066 excitare
2335 5007 2509 5062 debet.
2538 5006 2620 5061 Ad
2648 5007 2783 5062 illud
2808 5005 2973 5060 Isaia:
2997 5023 3017 5059 :
3039 5025 3057 5057 ι
3093 5004 3204 5061 Cur
3229 5007 3386 5061 timui
3409 5007 3438 5062 .’
3462 5024 3485 5062 ι
3511 5023 3624 5077 cap.
3651 5001 3758 5064 ιιιιέ

2286 5124 2379 5195 Μὴ
2423 5123 2533 5176 ἀπὸ
2563 5121 2792 5186 τούτων,
2829 5115 2876 5174 ὧ
2906 5120 3169 5191 βέλτιστε,
3206 5122 3300 5175 ἐπὶ
3339 5121 3403 5174 τὸ
3446 5125 3623 5192 χεῖρον
3661 5117 3759 5188 τρέ-

2200 5235 2328 5284 που,
2359 5217 2452 5284 ἀφ’
2501 5207 2579 5270 ὧν
2610 5214 2720 5286 χρὴ
2761 5214 3205 5286 σωφρονέστερον
3249 5213 3612 5268 καθεστάναι·
3651 5208 3762 5280 μηδὲ

2200 5313 2298 5381 τὴν
2319 5309 2578 5363 ὑπόθεσιν
2598 5311 2697 5378 τῆς
2724 5307 3002 5378 σωτηρίας
3021 5307 3299 5378 πρόφασιν
3318 5306 3597 5368 ἀπωλείας
3616 5299 3729 5374 ἡγοῦ
3743 5316 3755 5330 ’

2200 5405 2314 5459 ἀλλ’
2356 5402 2629 5466 αἰδεσθεὶς
2679 5401 2780 5468 τὴν
2813 5401 2967 5455 θείαν
3017 5399 3407 5472 μακροθυμίαν
3450 5399 3551 5469 τῆς
3585 5387 3757 5466 ἀρετῆς

2201 5495 2490 5552 ἀντιλαὸοὖ
2511 5511 2526 5527 ’
2553 5494 2616 5548 οὒ
2647 5494 2754 5567 γὰρ
2784 5494 2867 5558 εἰς
2903 5491 3060 5557 τέλος
3089 5492 3229 5546 οῐσει
3272 5488 3756 5562 καταφρονούμενος

2201 5593 2230 5646 ὁ
2257 5591 2304 5644 Κ
2314 5589 2488 5662 ριτὴς,
2510 5585 2628 5642 ἀλλ’
2666 5585 2876 5639 ἐποίσει
2904 5583 3006 5656 τὴν
3051 5585 3212 5656 χεῖρα
3237 5583 3340 5656 τὴν
3362 5581 3639 5656 κραταιάν.
3681 5572 3758 5627 Διὸ

2203 5684 2298 5737 καὶ
2327 5682 2635 5756 προμηνύει
2667 5683 2762 5737 καὶ
2807 5682 3292 5754 προαπολογεῖται,
3323 5681 3400 5744 ὡς
3426 5679 3529 5735 οὑκ
3557 5678 3750 5746 ἄκριτος

2205 5776 2374 5834 αὐτοῦ
2396 5779 2449 5850 ,ἡ
2480 5777 2662 5849 ψῆφος
2701 5776 2843 5832 κατὰ
2863 5775 2972 5834 τῶν
2998 5774 3324 5832 ὑπευθύνων
3368 5773 3619 5845 φέρεται·
3655 5784 3672 5816 ι
3697 5762 3732 5814 Τ
3738 5759 3754 5812 ί-

573 5131 652 5187 Ne
679 5132 746 5186 ab
779 5132 886 5197 his,
924 5135 1167 5188 virorum
1224 5133 1452 5203 optime,
1501 5135 1568 5187 ad
1608 5132 1876 5187 deteriora
1913 5129 2094 5198 prola-

504 5224 673 5290 baris,
718 5240 749 5279 a
793 5225 992 5294 quibus
1051 5225 1457 5296 prudentiorem
1515 5225 1653 5280 eﬂici
1707 5233 1957 5294 oportet;
2023 5239 2092 5279 ne

504 5333 636 5372 vero
675 5318 852 5374 basim
905 5319 1099 5374 salutis
1159 5319 1324 5374 ducas
1369 5319 1623 5373 interitus
1661 5333 1787 5372 esse
1845 5333 2090 5385 causam,

510 5410 608 5465 sed
640 5408 736 5464 Dei
765 5408 1236 5480 Ionganimitatem
1273 5411 1537 5465 reveritus
1568 5410 1826 5463 virtutem
1875 5407 2091 5478 arripe;

508 5517 686 5572 neque
741 5505 886 5558 enim
936 5513 1200 5575 perpetuo
1234 5504 1416 5574 sperni
1464 5519 1524 5558 se
1564 5503 1860 5558 sustinebit
1914 5499 2090 5556 Iudex

509 5595 620 5662 ille,
651 5595 744 5649 sed
780 5593 976 5649 inferet
1012 5595 1379 5664 extendetque
1421 5595 1704 5650 dexteram
1749 5609 1903 5650 suam
1933 5595 2098 5648 robu-

514 5693 674 5740 stam.
701 5684 834 5739 Iliuc
863 5695 919 5740 et
943 5695 1240 5753 pramionet
1273 5695 1326 5739 et
1354 5687 1650 5755 redarguit,
1683 5701 1781 5742 cur
1812 5700 1918 5740 non
1963 5685 2100 5740 irre-

516 5777 798 5833 tractabile
826 5777 995 5847 ipsius
1047 5778 1323 5836 decretum
1354 5776 1565 5834 feratur
1600 5779 1654 5835 in
1711 5793 1854 5837 reos.
1894 5796 1914 5832 ι
1969 5777 2098 5846 Cur,
