3906 6416
144 423 274 496 1377

1069 416 1610 486 EPISTOLARUM
1659 417 1809 480 LIB.
1835 409 1904 482 ν.
1946 444 2017 456 -·
2058 409 2298 480 EPIST.
2341 407 2508 485 IXCI.

3261 410 3395 486 1378

140 541 264 610 γάρ,
325 534 528 607 φησιν’,
571 533 884 605 ἐσιώπησας
942 532 1017 606 μὴ
1075 533 1174 587 καὶ
1212 533 1302 586 ἀεὶ
1345 529 1750 600 σιωπήσομαιν

1849 527 2035 597 uqttit,
2097 529 2295 582 titntti?
2349 544 2449 583 nec
2502 542 2718 598 semper
2776 529 2967 597 tacebo
3015 537 3071 584 et
3117 529 3394 589 sufferam.

141 632 230 686 καὶ
269 627 564 698 ἁνέξομαι;
621 628 925 697 Ἐκστήσω,
958 627 1054 678 καὶ
1085 624 1305 695 ξηρανῶ
1346 622 1484 691 ἅμα.
1543 639 1562 673 ι
1599 623 1714 674 Μο-

141 723 348 791 νονουχὶ
389 721 564 788 λέγων
584 737 597 750 ·
635 721 699 772 Εἰ
722 720 822 789 μὲν
844 719 1299 788 γνωσιμαχήσετε
1319 719 1334 737 ⁸
1376 715 1514 784 ὅπερ
1533 711 1722 784 προεί-

145 832 283 887 ρηκα
312 813 451 884 (86).
486 812 549 864 Εἰ
599 811 657 864 δὲ
701 811 1072 879 ἐπιμείνοιτε,
1116 810 1244 876 τόγε
1296 807 1568 877 ἡμέτερον
1611 803 1718 870 ἔξω

141 907 332 969 αἰτίας.
380 905 572 974 Ὑμεῖς
591 904 702 973 γὰρ
731 903 829 973 τὴν
852 899 1123 972 τιμωρίαν
1158 899 1278 952 καθ’
1306 899 1515 952 ἑαυτῶν
1543 895 1721 951 ἐλθεῖν

143 997 514 1067 ἐξεδιάσασθε.

666 1110 799 1162 una
833 1138 902 1148 —
938 1107 1192 1177 ΠΑΥΑῼ.

1828 620 2124 684 Exsistam,
2153 629 2208 673 et
2233 619 2700 673 siccabosimul“.
2730 634 2748 670 ι
2777 619 3010 674 Tantum
3040 635 3144 674 non
3171 621 3394 678 dicens:

1823 710 2194 774 Pwnitemiui,
2231 711 2370 764 sicut
2396 711 2619 777 praedixi
2650 712 2822 766 vobis.
2864 713 2934 766 At
2964 713 3010 767 si
3059 715 3396 783 perdurabi-

1825 801 1892 854 tis
1923 801 1973 853 in
2009 801 2178 863 vitiis,
2218 810 2370 855 extra
2395 801 2608 871 culpam
2649 818 2766 859 ero.
2803 801 2908 859 Vos
2953 805 3153 860 etenim
3185 821 3400 877 poenam

1824 893 1988 963 capiti
2021 902 2200 948 vestro
2223 893 2524 948 accersitis.

2245 1095 2575 1150 LXXXVIII.
2615 1126 2681 1137 —
2721 1096 2974 1154 PAULO.

276 1205 531 1261 Animum
569 1207 761 1276 [artem
787 1205 944 1274 periti
977 1205 1148 1255 instar
1179 1195 1954 1338 gubernatorizcadqersim“570$
1982 1193 2184 1331 )ﬂuctus
2216 1210 2462 1262 superare
2490 1195 2653 1258 decet,
2681 1211 2742 1248 ne
2769 1195 2836 1247 iis
2877 1195 3260 1264 submergatur.

1594 1285 1660 1319 on
1690 1283 1745 1318 er
1772 1281 1853 1333 ep.
1960 1305 1972 1316 .

1594 1281 1745 1332 outer
1772 1281 1853 1333 ep.
1894 1281 1972 1316 to.

208 1390 309 1444 Τὸν
330 1390 619 1459 εὐδόκιμον
640 1388 923 1458 κρείττονα
952 1385 1092 1439 εἶναι
1121 1386 1227 1456 χρὴ
1260 1386 1366 1438 τῶν
1398 1383 1714 1454 συμφορῶν.

145 1484 306 1536 Τοῦτο
335 1483 395 1536 δὲ
427 1482 603 1544 ἔσται,
635 1483 684 1534 εἰ
709 1480 801 1532 τὸν
831 1481 1090 1548 λογισμὸν
1119 1477 1449 1549 ὑψηλότερον
1477 1476 1586 1529 τῶν
1613 1492 1718 1526 παο

146 1575 248 1628 θῶν
279 1575 718 1644 κατακτήσαιτο,
771 1571 868 1626 καὶ
896 1570 1150 1638 καθάπερ
1194 1569 1507 1640 κυϐερνήτῃ
1549 1583 1717 1637 μετα-

146 1665 403 1736 χειρίζειν
436 1666 563 1728 τοὺς
609 1661 804 1725 οἴακας
837 1661 932 1716 καὶ
960 1659 1224 1724 οἱακίζειν
1255 1657 1621 1728 ἐπιτρέψειεν.
1656 1654 1719 1707 Ei

146 1757 196 1810 δέ
233 1756 324 1809 τὸν
353 1755 701 1827 κυϐερνήτην
751 1753 1202 1816 καταϐαπτίσειε,
1253 1751 1512 1817 ναυάγιον
1547 1749 1720 1816 ἀργα-

147 1846 411 1900 λεώτατον
459 1845 846 1916 ὑποστήσεται,
892 1844 1000 1895 τῶν
1043 1840 1231 1896 παθῶν
1275 1839 1716 1910 κορυφουμένων,

148 1941 234 1992 καὶ
274 1941 367 1993 τὸν
420 1939 682 2008 λογισμὸν
730 1939 812 2000 εἰς
861 1935 1024 1990 αὐτὸν
1064 1934 1156 1988 τοῦ
1192 1933 1461 2000 πελάγους
1487 1931 1577 1984 τὸν
1617 1948 1720 1982 πυ-

149 2033 312 2102 Θμένα
345 2031 858 2102 παραπεμπόντων.

391 2145 519 2200 ne'.
569 2175 638 2201 -τ
672 2143 958 2214 ensem
998 2135 1474 2206 ΠΡΕΣΒΥΤΕΡῼ.

1900 1375 2132 1430 Ριηιιιιιιιι
2184 1383 2595 1444 spectatumque
2631 1375 2807 1428 virum
2865 1377 3011 1430 omni
3062 1378 3400 1447 superiorem

1825 1483 1944 1522 esse
1969 1468 2277 1521 calamitate
2301 1468 2473 1521 decet.
2513 1467 2566 1520 Id
2595 1469 2826 1531 accidet,
2855 1469 2898 1522 si
2935 1469 3143 1523 ratioiu
3172 1469 3260 1523 illo
3282 1487 3407 1539 per-

1827 1558 2229 1614 turbationibus
2261 1558 2590 1624 dominetur,
2626 1572 2856 1628 eamque
2891 1560 3116 1623 siverit,
3143 1569 3204 1613 ut
3251 1563 3403 1614 navis

1825 1649 2034 1702 clavum
2087 1649 2414 1717 gubernator
2471 1648 2674 1719 dirigit,
2730 1648 2970 1703 habenas
3036 1650 3310 1705 moderari
3351 1657 3406 1704 et

1826 1755 2035 1809 regere.
2057 1739 2112 1794 Si
2145 1755 2274 1794 vero
2304 1741 2438 1793 mari
2467 1741 2800 1807 gubernator
2839 1751 3136 1811 mergatur,
3183 1741 3406 1796 naufra-

1826 1833 1972 1899 gittm
2006 1830 2219 1885 eveniet
2239 1830 2705 1895 molestissimum,
2746 1833 3090 1897 passionibus
3126 1833 3404 1902 imperan-

1823 1925 1985 1982 tibus.
2019 1936 2072 1976 et
2115 1924 2380 1976 rationem
2413 1922 2468 1974 in
2503 1922 2675 1990 ipsum
2712 1925 2884 1994 pelagi
2921 1925 3144 1978 fumium
3188 1926 3406 1978 denter-

1829 2017 2102 2085 gentibus.

2013 2126 2375 2182 LXXXIX.—
2394 2124 2689 2182 EUSEBIO
2735 2123 3226 2182 PRESBYTERO.

948 2233 1025 2286 De
1051 2233 1174 2284 cieri
1201 2230 1364 2300 fastu,
1404 2227 1617 2295 ejusque
1658 2241 1841 2278 causa.
1875 2222 2092 2290 (Confer
2122 2224 2274 2286 epist.
2303 2221 2370 2275 57
2405 2231 2451 2274 et
2480 2219 2633 2290 268).

213 2335 273 2387 Εἰ
309 2334 432 2394 καὶ,
457 2331 532 2394 ὡς
577 2330 885 2398 γέγραφας,
923 2327 956 2394 ἡ
992 2320 1098 2377 τῶν
1148 2319 1538 2390 βασιλευόντων
1593 2314 1722 2385 περὶ

148 2426 203 2479 τὸ
222 2427 372 2479 Θεῖον
425 2420 678 2475 εὐλάϐεια
703 2419 802 2489 τὴν
831 2416 1145 2470 ἐπισκόπων
1185 2410 1534 2465 ἁνευλάόειαν
1562 2407 1722 2477 ἤλεγ-

152 2517 265 2582 ξενο
329 2516 431 2568 καὶ
474 2516 508 2583 ἠ
562 2510 698 2582 πρὸς
778 2509 974 2570 αὐτοὺς
1027 2505 1250 2559 ἐκείνων
1311 2499 1724 2570 ὑπερϐάλλουσα

151 2609 272 2678 τιμὴ
319 2607 451 2670 τοὺς
479 2603 824 2676 τιμωμένους
853 2599 1094 2666 ἐξέλυσε,
1152 2595 1246 2648 καὶ
1277 2595 1311 2664 ἡ
1345 2592 1512 2659 πολλὴ
1543 2588 1725 2642 αὐτῶν

152 2697 428 2769 φιλοτιμία
482 2693 697 2766 τρυφῆς
748 2692 844 2745 καὶ
897 2687 1165 2749 άσωτείας
1212 2683 1422 2745 τούτοις
1469 2679 1726 2738 ὑπόθεσις

151 2793 363 2859 γέγονεν
384 2804 400 2818 ·
448 2787 584 2840 ἀλλὰ
633 2786 697 2836 σὺ
750 2783 825 2853 μὴ
856 2777 1247 2840 σκανδαλίζου·
1283 2774 1344 2827 οὐ
1379 2773 1490 2841 γὰρ
1526 2770 1726 2831 πάντες

155 2858 524 2953 ἐχειρώθησαν
553 2878 662 2937 τοῖς
712 2873 1020 2944 εἰρημένοις
1063 2868 1313 2930 πάθεσιν,
1361 2864 1486 2917 ’ἀλλ’
1521 2860 1659 2915 εἰσὶν
1679 2858 1728 2911 οἱ

160 2975 549 3038 σπουδάζοντες
598 2969 742 3024 κατὰ
793 2967 884 3020 τὸν
941 2961 1298 3018 ἀποστολικδν
1346 2958 1509 3028 ζῆσαι
1553 2971 1726 3026 χαρα-

154 3070 339 3138 κτῆρα.
370 3067 440 3120 Εἰ
487 3065 543 3116 δὲ
572 3062 760 3130 φαίης,
800 3058 1012 3126 Ὀλίτοι
1045 3053 1280 3124 κομιδῇ,
1313 3051 1432 3104 οὐδὲ
1463 3050 1731 3119 αὑτὸςάρ-

1901 2312 2033 2376 Etsi,
2059 2321 2113 2364 ut
2158 2311 2375 2372 scribis,
2405 2325 2587 2378 regum
2627 2323 2751 2378 erga
2785 2308 2950 2363 Deum
2979 2310 3150 2378 pietas
3184 2310 3409 2376 episco-

1828 2419 2017 2474 porum
2042 2401 2396 2470 quorumdam
2416 2400 2822 2455 irreverctttiatu
2849 2401 3144 2467 redarguit,
3181 2400 3409 2454 nimius-

1828 2509 1934 2564 que
1992 2494 2120 2562 ipsis
2191 2492 2466 2546 exhibitus
2541 2493 2713 2546 honos
2757 2507 2852 2545 eos
2898 2503 3158 2553 enervat,
3220 2492 3408 2560 ingens

1831 2599 2046 2655 quoque
2085 2583 2296 2637 illorum
2329 2584 2548 2636 honoris
2579 2584 2837 2648 studium,
2872 2583 3296 2651 deliciaruutque
3352 2591 3409 2636 et

1831 2676 2108 2743 epularum
2165 2673 2448 2726 materiam
2497 2673 2917 2740 suppeditavit:
2954 2680 3005 2725 ttt
3047 2681 3223 2726 tatucn
3277 2686 3410 2725 cave

1833 2783 1900 2820 ne
1951 2763 2274 2819 olieudiculo
2325 2763 2418 2818 tibi
2453 2778 2539 2817 res
2573 2780 2634 2816 ea
2665 2763 2736 2816 sit
2779 2779 2794 2816 :
2855 2766 2959 2816 nod
3018 2765 3161 2816 enim
3222 2777 3409 2818 omnes

1838 2856 2044 2927 pariter
2075 2855 2348 2924 praedictis
2385 2854 2632 2908 laborant
2660 2852 2881 2917 morbis,
2939 2851 3102 2924 580
3139 2854 3243 2908 sed
3282 2864 3410 2908 sunt

1834 2948 1928 3016 qui
1983 2947 2278 3014 apostolico
2337 2946 2516 3001 vivere
2581 2947 2896 2999 charactere
2948 2946 3279 3000 desiderant.
3350 2944 3410 2999 Si

1839 3039 2042 3092 dixeris
2093 3059 2104 3092 :
2169 3035 2400 3102 Demus;
2470 3037 2559 3089 sed
2609 3038 2720 3088 rari
2760 3037 3047 3088 admodum
3095 3047 3236 3098 sunt,
3293 3051 3402 3090 nor.

153 3159 458 3229 νησαίμην·
511 3153 645 3208 ἀλλὰ
675 3153 781 3206 κάν
825 3148 1002 3219 τούτῳ
1035 3147 1132 3217 τὴν
1177 3145 1269 3197 τοῦ
1310 3144 1559 3212 Σωτῆρος
1599 3144 1732 3214 πρό-

1840 3131 2082 3202 equidem
2118 3129 2326 3183 inﬁcias
2357 3132 2523 3182 ivero.
2591 3128 2695 3182 Sed
2736 3139 2790 3181 et
2841 3127 3135 3181 Salvatoris
3169 3128 3409 3180 admire-

155 3270 345 3320 γνωσιν
401 3249 749 3319 Θαυμάσαιμι
792 3244 886 3297 τοῦ
936 3243 1275 3313 φράσαντος·
1337 3237 1582 3290 «Πολλοὶ
1633 3236 1730 3307 μὲν

156 3349 356 3418 κλητοὶ,
394 3346 566 3412 ὀλίγοι
594 3343 650 3395 δὲ
680 3339 947 3393 ἐκλεκτοί.
984 3357 1002 3388 ι

401 3463 472 3526 ιιν.
501 3486 569 3496 -
597 3451 961 3520 ΜΑΡΚΙΑΝῼ
1007 3447 1480 3518 ΠΡΕΣΒΥΤΕΡῼ.

1838 3239 1960 3276 mur
2005 3222 2400 3291 prmscieutiam
2455 3222 2727 3274 dicentis:
2784 3237 2802 3270 ι
2846 3219 2994 3272 ΜυΙιί
3029 3229 3155 3272 sunt
3202 3219 3403 3284 vocati,

1835 3315 1990 3386 pauci
2018 3329 2147 3368 vero
2172 3314 2328 3367 electi
2346 3315 2408 3365 ¹².
2459 3331 2476 3361 ι

2063 3447 2174 3502 XC.
2215 3477 2283 3486 --
2324 3445 2678 3500 MARCIANO
2716 3442 3197 3500 PRESBYTERO.

820 3545 1156 3598 Delatoribus
1187 3558 1288 3595 non
1323 3553 1512 3596 temere
1542 3542 1874 3607 credendum,
1910 3541 1999 3596 sed
2038 3553 2255 3609 utraque
2283 3556 2405 3607 pars
2435 3539 2724 3592 audienda.

223 3670 312 3739 Μὴ
342 3667 520 3734 ὕπεχε
571 3664 683 3726 τοῖς
726 3658 1071 3728 λογοποιοῦσι
1129 3657 1227 3721 τὰς
1282 3658 1483 3721 ἀκοάςο
1520 3661 1568 3711 εἰ
1623 3658 1732 3731 γὰρ

164 3762 348 3833 ῥᾳδίως
388 3756 666 3818 πιστεύοις
696 3757 810 3816 τοῖς
848 3751 1269 3821 κατηγοροῦσιν,
1296 3752 1395 3803 οὐκ
1428 3751 1734 3820 ἐπιλείψου-

162 3870 241 3905 σιν
265 3854 313 3906 οί
335 3846 796 3918 καταψευδόμενοι
824 3843 920 3896 καὶ
950 3840 1275 3903 πλάττοντες
1297 3856 1310 3870 ⁸
1340 3839 1453 3893 ἀλλ’
1479 3842 1528 3893 εἰ
1554 3841 1734 3908 βούλει

161 3945 242 4007 δὸς
286 3941 584 4013 ἀκεραίους
630 3936 730 3999 τὰς
777 3935 975 3997 ἀκοὰς,
1002 3933 1094 3984 καὶ
1132 3932 1531 4002 ἀπολογήσεται
1591 3932 1734 4001 μάλα

164 4036 420 4104 γενναίως
465 4036 494 4086 ὁ
523 4029 917 4102 κατηγορηθείς
939 4044 952 4056 ο
984 4029 1079 4080 καὶ
1111 4027 1188 4088 εἰς
1228 4025 1472 4089 ἐκείνους
1513 4025 1733 4096 τρέψεις

163 4130 255 4202 τὴν
282 4130 363 4192 είς
389 4125 555 4182 αὐτὸν
585 4123 760 4194 μάτην
783 4123 1010 4191 φυεῖσαν
1038 4117 1238 4190 λύπην.

659 4235 774 4302 μιν.
807 4263 879 4275 -
909 4232 998 4303 To
1027 4226 1229 4301 ΑΥΤῼ.

1910 3656 2126 3711 Fabulis
2175 3671 2334 3709 aures
2377 3669 2443 3708 ne
2504 3653 2872 3708 accommoda.
2924 3651 2980 3706 Si
3039 3653 3186 3707 enim
3251 3649 3415 3703 facile

1839 3747 2213 3803 accusantibus
2261 3745 2473 3808 credas,
2530 3758 2635 3798 non
2696 3743 2946 3797 desinent
2985 3741 3124 3798 falso
3156 3753 3414 3795 accusare

1839 3858 1903 3895 ac
1931 3840 2152 3909 lingere.
2189 3837 2296 3891 Sed
2347 3837 2391 3890 si
2430 3836 2626 3905 placet,
2653 3843 2812 3890 aures
2851 3835 3027 3905 prtebe
3051 3835 3316 3896 sinceras,
3358 3842 3414 3887 et

1840 3931 2158 3986 defendetur
2200 3930 2436 3998 egregie,
2481 3931 2572 3997 qui
2619 3928 2904 3984 calumniis
2957 3942 3250 3996 Oppressus
3287 3937 3410 3988 est,

1841 4033 2125 4090 vertesque
2179 4020 2232 4073 itt
2286 4019 2408 4073 illos
2455 4017 2714 4083 dolorem,
2747 4033 2907 4088 quem
2953 4017 3226 4072 innocenti
3267 4024 3414 4068 stru-

1839 4123 2050 4168 xerattt.

2369 4227 2505 4283 XCI.
2529 4257 2600 4268 -—
2638 4223 2872 4280 EIDEM.

1033 4323 1194 4376 Pauli
1225 4323 1294 4375 ad
1322 4319 1483 4374 Hebr.
1515 4325 1678 4374 locus.
1706 4318 1834 4389 Cap.
1861 4337 1933 4385 tv,
1963 4339 2008 4374 υ.
2037 4321 2088 4376 8.
2115 4319 2187 4374 De
2221 4319 2347 4372 Jesu
2381 4314 2548 4372 Nave.

233 4443 304 4496 Οὐ
357 4440 490 4510 περὶ
539 4436 640 4507 τῆς
687 4432 1085 4496 καταπαύσεως
1133 4431 1242 4485 τῶν
1295 4429 1584 4502 Ἐϐραίων,
1634 4431 1734 4498 τῆς

1905 4434 2102 4487 Beatus
2125 4432 2324 4486 Paulus
2367 4447 2472 4486 nou
2529 4431 2596 4486 de
2650 4431 2832 4500 requie
2878 4429 3210 4494 Iudaeorum,
3252 4445 3414 4499 quam

167 4534 463 4605 γενομένης
514 4531 573 4584 ἐν
629 4527 964 4598 Παλαιστίνῃ
1020 4526 1110 4580 διὰ
1178 4525 1354 4596 Ἰησοῦ
1407 4523 1523 4576 υίοῦ
1578 4523 1735 4594 Ναυῆ

170 4625 518 4697 στρατηγίας,
567 4621 646 4692 τῷ
685 4619 959 4689 Θεσπεσίῳ
1013 4616 1209 4685 Παύλῳ
1235 4618 1263 4670 ὀ
1295 4615 1488 4684 λόγος.
1521 4610 1736 4683 ἐκείνης

170 4719 270 4788 γὰρ
297 4718 474 4779 οὐδεὶς
511 4715 670 4784 λόγος
715 4711 884 4781 αὐτῷ,
931 4711 1012 4773 είς
1041 4710 1098 4762 δὲ
1129 4709 1229 4780 τὴν
1271 4705 1736 4779 προσδοκωμένην

170 4810 383 4864 ἔσεσθαι
429 4807 649 4878 βλέπει,
698 4806 794 4859 καὶ
832 4804 953 4857 κατ’
991 4802 1206 4872 ἐκείνης
1233 4801 1261 4854 ὁ
1302 4801 1414 4853 τῶν
1447 4799 1735 4869 νοημάτων

171 4904 364 4966 σκοπὸς
423 4899 784 4954 συντείνεται·
833 4899 915 4950 ὅτι
975 4895 1032 4949 δὲ
1088 4893 1247 4947 τοῦτό
1308 4892 1456 4946 ἐστιν
1513 4890 1732 4962 ἀληθὲς,

171 4995 324 5058 αὐτὸς
373 4993 564 5047 ἑαυτὸν
611 4986 1153 5061 ἐρμηνεύειίλέγωψ
1211 5003 1230 5036 ‹
1271 4985 1335 5038 Εἰ
1378 4983 1486 5055 γὰρ
1540 4983 1738 5044 αὐτοὺς

180 5085 384 5158 Ἰησοῦς
423 5084 616 5156 (δῆλον
641 5081 699 5134 δέ
745 5082 860 5132 ἐστι
897 5077 991 5130 τοῦ
1024 5075 1211 5147 Ναυῆ)
1240 5075 1604 5138 κατέπαυσεν,
1637 5073 1760 5126 οὐκ.

173 5178 235 5231 ἂν
260 5178 389 5246 περὶ
423 5175 590 5244 ἄλλης
620 5171 797 5225 ἐλάλει
841 5168 978 5239 μετὰ
1002 5167 1175 5221 ταῦτα
1205 5166 1448 5236 ἡμέρας·
1475 5165 1581 5233 ἄρα
1601 5164 1739 5216 ἀπο-

172 5267 411 5321 λείπεται
458 5261 830 5333 σαεσατισμὸς
864 5258 942 5330 τῷ
981 5258 1095 5330 λαῷ
1138 5255 1234 5310 τοῦ
1275 5255 1433 5310 Θεοῦ.
1484 5276 1502 5306 ι
1539 5257 1601 5308 El
1629 5257 1738 5324 γάρ

174 5360 386 5421 αὐτοὺς,
429 5357 614 5427 φησὶν,
643 5355 850 5415 ἐκεῖνος
874 5351 1241 5414 κατέπαυσεν,
1268 5348 1367 5401 οὐκ
1390 5347 1457 5401 ἂν
1497 5349 1526 5400 ὁ
1575 5347 1740 5400 Δαὸὶδ

177 5450 309 5521 μετὰ
355 5449 554 5512 πολλὰς
604 5445 798 5516 γενεὰς
823 5443 1135 5512 γενόμενος,
1179 5440 1309 5511 περὶ
1340 5439 1738 5525 καταπαύσεως

1839 4523 1998 4579 Jesus
2023 4521 2171 4578 Nave
2209 4524 2260 4576 itt
2291 4523 2574 4578 Palaestina
2598 4524 2826 4592 peperit,
2856 4523 3016 4576 verba
3047 4523 3176 4575 lacit
3203 4540 3216 4574 :
3260 4522 3418 4588 hujus

1839 4615 1981 4668 enim
2007 4613 2152 4667 nulla
2175 4622 2259 4667 est
2293 4614 2359 4668 ab
2413 4627 2478 4666 eo
2511 4613 2648 4666 ratio
2677 4611 2892 4675 habita;
2931 4611 3021 4664 sed
3055 4610 3106 4663 in
3163 4625 3281 4664 eam
3327 4627 3417 4666 re-

1838 4706 2015 4775 quiem
2069 4705 2287 4772 respicit
2350 4717 2468 4771 quae
2529 4702 2580 4755 itt
2643 4700 2881 4754 futurum
2939 4708 3305 4768 exspectatur,
3364 4702 3415 4755 itt

1839 4809 2069 4864 eamque
2119 4793 2487 4862 intelligentia:
2552 4806 2745 4859 scopus
2790 4789 2984 4845 l‘crtttr.
3035 4789 3187 4857 Quod
3229 4805 3417 4843 verum

1845 4900 1967 4940 esse
1997 4887 2111 4954 ipse
2139 4885 2220 4938 sui
2251 4885 2521 4952 interpres
2558 4883 2638 4937 sit:
2677 4882 2930 4951 explanat
2962 4881 3144 4934 dicens
3172 4900 3184 4934 :
3229 4901 3247 4932 ι
3285 4881 3416 4934 Nam

1844 4977 1991 5032 sicis
2008 4976 2167 5032 Jesus
2188 4975 2382 5048 [Nave]
2405 4975 2641 5044 requiem
2666 4974 3024 5042 prmstitisset,
3051 4988 3322 5041 nunquam
3352 4973 3422 5028 de

1844 5069 1949 5124 alia
1994 5068 2306 5137 loqueretur
2345 5077 2466 5137 pOSt
2512 5066 2653 5120 hanc
2696 5065 2812 5120 die.
2856 5064 3039 5133 Itaque
3095 5065 3421 5133 relinquitur

1845 5159 2212 5214 sahbatismus
2249 5157 2448 5228 populo
2489 5157 2580 5210 Dei
2603 5155 2668 5208 ¹³.
2703 5175 2721 5208 ι
2753 5155 2808 5210 Si
2846 5156 2988 5210 enim
3040 5154 3167 5219 illis,
3199 5156 3274 5208 ait
3303 5154 3414 5218 ille,

1845 5253 2080 5322 quietem
2116 5251 2283 5317 dedit,
2312 5265 2416 5306 non
2451 5251 2637 5320 utique
2669 5249 2835 5302 David
2868 5258 2987 5317 post
3029 5247 3224 5300 multas
3253 5263 3419 5314 gene-

1845 5344 2084 5398 rationes
2118 5353 2277 5397 natus
2300 5345 2366 5398 de
2391 5344 2630 5410 requiete
2654 5342 2880 5412 loquens
2901 5340 3123 5394 dixisset
3155 5359 3168 5394 :
3209 5359 3226 5390 ι
3253 5339 3422 5393 l-lodie

1845 5435 1894 5490 si
1953 5449 2140 5490 vocem
2209 5433 2332 5504 ejus
2380 5435 2687 5500 audieritis,
2720 5433 2891 5489 nolite
2947 5430 3219 5487 obdurare
3257 5433 3421 5486 corda

244 5583 284 5614 “
318 5583 420 5640 Isa.
462 5597 594 5646 xut,
633 5579 721 5635 M.
803 5579 846 5609 “
877 5578 1068 5632 Matth.
1109 5592 1248 5644 uti,
1287 5577 1376 5631 M.
1456 5573 1500 5604 ⁸³
1543 5571 1707 5628 Hebr.
1746 5586 1821 5638 tv,
1865 5570 1917 5624 8.

1291 5724 1529 5782 VARIA‘J
1567 5723 1959 5781 LECTIUNES
1994 5721 2081 5777 ET
2119 5721 2348 5777 NOTAE.

247 5859 355 5931 (86)
395 5859 501 5914 Pro
545 5859 681 5928 ὅπερ
727 5855 1032 5928 προείρηκα
1075 5851 1232 5908 iidem
1279 5850 1434 5908 codd.
1478 5849 1678 5906 habent
1717 5848 1745 5901 ὃ

1840 5845 2137 5918 οοείρημαι.
2179 5845 2364 5899 Possm
