3906 6416
482 382 621 455 1379

1699 392 1761 453 S.
1792 390 2087 451 ISIDORI
2125 389 2567 450 PELUSlOT/E

3601 383 3721 451 13

483 516 671 562 vestra
694 506 774 572 ¹⁴;
817 524 835 556 ι
881 520 990 559 ηοη
1027 505 1194 569 enim,
1247 504 1445 574 inquit,
1492 519 1620 558 vera
1684 505 1837 573 quies
1877 504 2073 574 populo

2180 501 2559 572 διαλεγόμενος
2586 500 2740 569 ἔλεγε
2760 516 2773 531 ο
2804 519 2827 552 ι
2860 502 3109 573 Σήμερον
3131 498 3229 553 ἐὰν
3255 499 3352 571 τῆς
3373 497 3553 567 φωνῆς
3580 497 3721 550 αὐτοῦ

485 596 681 663 Dei,id
714 606 817 662 est,
858 576 1046 650 electis
1068 610 1165 663 per
1192 595 1351 649 ﬁdem
1385 604 1441 649 et
1488 609 1552 649 ex
1607 594 1710 649 ﬁde
1754 596 2063 650 viventibus

484 690 541 743 in
591 690 871 743 Palaestina
938 689 1197 758 reposita,
1239 688 1332 742 sed
1388 687 1440 741 in
1506 686 1715 741 coalein
1758 685 2058 742 Jerusalem

484 792 784 851 praeparata
805 792 906 835 est.

806 1069 962 1126 XCII.
992 1102 1063 1112 —
1088 1068 1344 1125 THEONI
1374 1068 1728 1125 EPISCOPO.

2168 595 2461 665 ἀκούσητε,
2500 594 2574 664 μὴ
2604 594 2948 666 σκληρύνητε
2970 595 3071 654 τὰς
3102 593 3331 662 καρδίας
3372 589 3543 659 ὑμῶν.
3571 607 3591 641 ι
3635 590 3726 640 Οὐ-

2170 684 2321 744 κοῦν.
2364 684 2550 753 φησὶν,
2595 682 2826 753 ἀληθινὴ
2869 683 3172 744 ἀνάπαυσις
3215 680 3296 749 τῷ
3332 678 3445 747 λαῷ
3468 677 3557 729 τοῦ
3587 677 3724 740 Θεοῦ,

2172 777 2442 840 τουτέστι,
2481 777 2594 837 τοῖς
2620 775 2923 844 εὐδοκίμως
2957 776 3071 844 (87)
3103 774 3242 844 μετὰ.
3265 773 3364 842 τὴν
3396 772 3574 823 πίστιν
3597 770 3729 858 πολέ-

2169 867 2525 935 τευσαμένοις
2573 866 2884 929 ἀπόκειται,
2911 866 3012 919 οὐκ
3059 868 3117 917 ὲν
3144 867 3212 933 τῇ
3245 862 3593 931 Παλαιστίνῃ,
3629 861 3727 913 ἀλλ’

2170 959 2230 1012 ὲν
2255 960 2321 1028 τῇ
2346 955 2703 1028 ὑπερκοσμίῳ
2740 955 3101 1026 Ἰερουσαλὴμ
3128 953 3567 1025 εὐτρεπισθεῖσα.

2528 1069 2644 1137 una
2672 1096 2747 1107 —
2777 1068 2982 1122 eenNt
3030 1066 3405 1136 tantamne.

485 1159 693 1218 Dubius
718 1164 965 1233 primum,
996 1163 1061 1216 ob
1091 1163 1298 1216 diversa
1345 1164 1634 1217 amicorum
1670 1163 1912 1227 consilia,
1969 1168 2178 1216 tandem
2215 1165 2481 1227 hortatur,
2514 1172 2571 1215 ut
2612 1162 2680 1215 ad
2722 1177 2907 1233 sonam
2951 1174 3172 1217 mentem
3221 1161 3424 1223 redeat,
3450 1174 3542 1211 nec
3590 1157 3733 1209 bona:

1505 1234 1694 1287 la’dere
1715 1244 1914 1303 pergat.
1949 1234 2163 1305 (Confer
2186 1235 2337 1302 epist.
2380 1232 2507 1297 164,
2537 1234 2595 1286 in
2623 1231 2774 1300 ﬁne.)

557 1344 995 1402 Admonitionem
1049 1344 1115 1399 ad
1157 1352 1210 1399 te
1254 1345 1470 1399 mittere
1520 1359 1641 1399 cum
1679 1344 2066 1411 decrevissem,

472 1439 677 1503 malui,
702 1454 735 1492 o
773 1438 964 1505 amice,
1000 1438 1151 1507 prius
1184 1438 1249 1491 ad
1283 1452 1444 1493 aures
1487 1446 1606 1490 tuas
1650 1446 1707 1491 ut
1741 1438 2067 1506 perveniret,

490 1534 619 1603 quid
648 1532 704 1586 in
728 1546 791 1586 ea
825 1546 885 1587 re
912 1531 1199 1585 necessarii
1234 1531 1341 1585 mei
1402 1533 1659 1595 sentiant,
1703 1530 1898 1599 quibus
1940 1544 2069 1583 con-

489 1624 670 1679 silium
702 1635 863 1676 omne
893 1636 1069 1675 meum
1099 1622 1346 1690 exposui.
1393 1620 1613 1675 Illorum
1664 1621 1847 1688 itaque
1895 1619 2065 1688 pleri-

489 1729 597 1783 que
620 1725 945 1782 magnopere
972 1711 1133 1767 veriti
1168 1719 1316 1777 sunt,
1347 1726 1414 1765 ne
1459 1711 1871 1765 inimicitiarum
1906 1726 2065 1764 occa-

490 1811 698 1863 sionem
760 1810 863 1862 hac
916 1821 1035 1861 mea
1082 1806 1494 1875 prannom’tione
1558 1815 1860 1875 captarem.
1927 1807 2068 1860 Fore

489 1901 660 1964 enim,
723 1907 781 1953 ut
830 1898 1218 1954 insinuationis
1265 1899 1455 1953 amica:
1506 1903 1687 1967 specie
1735 1898 1831 1952 tibi
1885 1900 2071 1953 videar

490 1989 874 2046 contumeliam
904 1989 1152 2057 irrogare
1183 1986 1441 2042 voluisse.
1478 1985 1597 2041 Non
1647 1987 1813 2056 igitur
1866 1988 2070 2042 miran-

491 2081 622 2137 dum
676 2093 799 2134 esse
860 2078 1136 2143 dicebant,
1184 2078 1230 2132 si
1288 2077 1455 2131 verba
1502 2076 1694 2130 bellum
1740 2078 1873 2130 mihi
1925 2079 2072 2131 velut

491 2165 766 2219 Persicum
822 2178 1097 2225 moveant.
1150 2167 1321 2222 Erant
1376 2176 1432 2223 et
1474 2168 1569 2238 qui
1622 2168 1927 2223 audendum
1950 2182 2072 2223 esse

494 2258 806 2319 suaderent,
850 2268 904 2315 et
941 2270 992 2314 te
1045 2269 1423 2327 suscepturum
1478 2260 1723 2314 dicerent
1754 2269 1810 2315 et
1859 2270 2066 2314 tantum

494 2351 686 2405 abesse
741 2350 975 2415 aiebant,
1016 2359 1074 2403 ut
1117 2349 1242 2402 mali
1286 2348 1414 2417 quid
1470 2360 1870 2418 exspectarent,
1914 2362 1973 2405 ut
2004 2360 2059 2406 et

493 2441 772 2509 praemium
804 2456 863 2495 se
911 2440 1037 2496 inde
1069 2454 1293 2511 sperare
1336 2441 1597 2496 dicerent.
1652 2442 1812 2512 581
1843 2440 2074 2512 Utrique

494 2532 627 2586 mihi
691 2532 942 2587 videntur
980 2533 1177 2601 partim
1239 2532 1487 2587 veritatis
1533 2535 1777 2603 attigisse
1825 2549 2069 2603 scopum,

492 2624 690 2694 partim
721 2626 1027 2679 aberrasse.
1055 2622 1188 2677 Nam
1215 2624 1373 2679 initio
1393 2640 1536 2694 aegre
1559 2624 1794 2678 laturum
1839 2634 1891 2679 te
1954 2626 2073 2679 exi-

496 2715 749 2781 stimavi;
791 2716 1008 2770 tandem
1041 2729 1170 2770 vero
1208 2730 1317 2771 non
1344 2716 1510 2781 item;
1541 2716 1635 2770 sed
1660 2725 1716 2770 et
1753 2730 1838 2770 me
1870 2718 2074 2785 gratias

498 2822 529 2859 a
561 2814 634 2870 te,
693 2809 759 2859 ah
806 2806 1063 2861 omnibus
1120 2820 1460 2875 nequaquam
1510 2816 1853 2872 recepturum
1892 2820 2073 2875 spero.

502 2892 781 2952 Utrumvis
812 2905 991 2952 tamen
1016 2907 1364 2966 exspectans,
1389 2912 1494 2951 non
1522 2898 1762 2951 desinam
1786 2900 1927 2967 quod
1954 2913 2078 2952 sen-

499 2990 597 3052 tio,
624 2990 821 3044 dicere.
860 2986 1100 3043 Primum
1125 2989 1341 3059 quidem
1365 2991 1553 3057 Optimi
1603 2991 1809 3059 quique
1858 3005 1888 3043 a
1920 2990 2076 3045 nobis

495 3084 737 3149 stabunt,
768 3097 873 3137 non
900 3082 1070 3137 solum
1122 3092 1191 3149 te,
1240 3083 1333 3137 sed
1362 3091 1418 3137 et
1466 3084 1789 3153 prohibituri
1837 3098 1953 3145 eos,
1984 3083 2075 3151 qui

2245 1343 2583 1413 Παραίνεσιν
2626 1341 2934 1414 διεγνωκὼς
2975 1342 3189 1412 πέμψαι
3224 1357 3329 1403 σοι,
3384 1338 3658 1409 βούλομαι,
3698 1332 3736 1391 ὦ

2172 1435 2347 1505 φίλος,
2394 1435 2730 1507 προδιελθεῖν
2780 1437 2915 1505 πρὸς
2956 1436 3038 1501 σὲ,
3080 1433 3156 1497 ὼς
3205 1432 3411 1501 συνέϐη
3452 1432 3737 1500 διατεθῆναι

2168 1529 2281 1587 τοῖς
2303 1528 2457 1597 ἐμοῖς
2488 1528 2838 1599 ἐπιτηδείοις,
2878 1526 3179 1594 ἐπειδήπερ
3228 1524 3417 1585 αὐτοῖς
3450 1521 3738 1574 ἀνεκοινοῦ-

2175 1635 2306 1689 μην,
2326 1618 2425 1690 τὴν
2452 1620 2595 1690 ὑπὲρ
2630 1620 2732 1690 τῆς
2758 1617 3069 1689 συμϐουλῆς
3108 1616 3458 1686 προαίρεσιν.
3508 1612 3738 1665 Ἐκείνων

2173 1711 2350 1765 τοίνυν
2389 1713 2439 1765 οἱ
2480 1712 2579 1782 μὲν
2623 1712 2719 1766 καὶ
2762 1710 2961 1780 κομιδῇ
3011 1709 3242 1770 ἔδεισαν,
3288 1708 3364 1777 μὴ
3396 1705 3592 1775 ἔχθρας
3625 1706 3738 1757 ὑπό-

2175 1804 2327 1857 θεσιν
2378 1803 2487 1857 ἀπὸ
2553 1804 2655 1873 τῆς
2700 1802 2961 1873 προνοίας
3009 1799 3214 1867 ταύτης
3262 1796 3735 1865 κατασκευάσαιμι.

2103 1858 2144 1913 Β
2170 1894 2353 1959 Δόξειν
2390 1896 2499 1965 γάρ
2529 1858 2705 1947 σοιμὲν
2749 1858 3088 1964 εἰσηγήσεως
3110 1858 3355 1961 σέήματι
3409 1858 3734 1959 προῃρῆσθαί

2173 2004 2233 2040 σε
2261 1986 2449 2050 κακῶς
2479 1986 2681 2055 λέγειν.
2717 1984 2929 2039 Οὐκοῦν
2953 1984 3161 2053 ἔφασαν
3186 1981 3520 2051 θαυμάζειν,
3545 1981 3591 2031 εί
3624 1978 3738 2049 παρ’

2171 2080 2371 2143 αὐτοὺς
2420 2080 2547 2142 τοὺς
2587 2079 2777 2147 λόγους
2819 2079 3081 2146 πόλεμος
3129 2075 3206 2147 μὴ
3251 2072 3550 2143 Περσικὸς
3600 2088 3736 2141 περιο

2172 2172 2331 2241 σταίη
2354 2189 2367 2201 ·
2404 2166 2545 2241 ἦσαν
2579 2170 2638 2223 δὲ
2670 2170 2763 2223 καὶ
2802 2169 2856 2221 οἳ
2906 2169 3050 2221 πάνυ
3090 2167 3313 2237 Θαρῤεῖν
3336 2163 3737 2235 προετρέποντο,

2172 2264 2247 2327 ὼς
2261 2262 2661 2332 ἀποδεξομένου
2686 2280 2779 2316 σου
2800 2276 2815 2290 ’
2839 2262 2934 2316 καὶ
2956 2259 3209 2313 τοσοῦτον
3226 2258 3444 2327 ἔφασαν
3466 2258 3737 2325 ἀφεστάναι

2172 2355 2482 2425 προσδοκᾷν
2532 2372 2583 2407 τι
2614 2354 2807 2417 δεινὸν,
2845 2353 2923 2416 ὡς
2962 2353 3056 2405 καὶ
3098 2351 3408 2421 ἀνάρρησιν
3452 2348 3739 2419 προσδοκᾷν

2172 2444 2260 2498 διὰ
2286 2445 2467 2499 τοῦτο.
2506 2445 2661 2515 Ἐμοὶ
2684 2445 2741 2499 δὲ
2769 2441 3019 2497 δοκοῦσιν
3048 2440 3356 2512 ἀμφότεροι
3382 2442 3461 2510 πῆ
3495 2439 3587 2509 μὲν
3613 2439 3740 2489 ἐστοο

2174 2536 2371 2606 χᾶσθαι
2418 2535 2708 2605 τάληθοῦς,
2752 2534 2830 2604 πῆ
2857 2534 2916 2587 δὲ
2951 2532 3418 2603 διημαρτηκέναι.
3464 2527 3554 2592 Ἐξ
3583 2526 3737 2598 ἀρχῆς

2178 2628 2277 2697 μὲν
2315 2627 2425 2698 γάρ
2460 2626 2867 2696 ἀγανακτήσειν
2916 2641 2975 2677 σε
3006 2620 3371 2682 πεπίστευκας
3409 2622 3493 2683 εἰς
3526 2620 3667 2681 τέλος
3692 2618 3739 2668 δὲ

2175 2719 2457 2789 οὐδαμῶςο
2511 2718 2645 2771 ἀλλά
2699 2718 2794 2771 καὶ
2846 2714 3212 2780 ἀποδέξασθαί
3275 2732 3343 2783 με
3378 2711 3525 2767 κατά
3570 2708 3740 2763 σαυτὸν

2176 2810 2481 2881 προσδοκῶ,
2528 2810 2622 2862 ἐπὶ
2672 2811 2891 2862 πάντων
2928 2808 2987 2861 δὲ
3015 2809 3250 2877 ἥκιστα·
3303 2808 3460 2876 ὅμως
3506 2805 3739 2872 ἑκάτερον

2177 2900 2516 2974 προσδοκῶν,
2548 2902 2653 2953 οὐκ
2698 2901 3087 2970 ἀποστήσομαι
3133 2898 3195 2951 τὸ
3234 2898 3640 2969 παριστάμενον
3673 2896 3738 2948 εἱ-

2182 2998 2327 3050 πεῖν.
2368 2994 2595 3066 Πρῶτον
2640 2993 2739 3063 μὲν
2768 2993 2878 3063 γὰρ
2909 2994 2960 3044 οί
2987 2991 3253 3061 βέλτιστοι
3291 2991 3414 3060 μεθ’
3438 2990 3593 3060 ήμῶν
3615 2988 3740 3041 Esuv-

2178 3102 2290 3148 ται,
2325 3082 2661 3153 κωλύσοντες
2693 3082 2754 3137 οὐ
2790 3082 2949 3152 μόνον
2982 3082 3065 3144 σὲ,
3112 3080 3252 3151 ἀλλά
3280 3082 3373 3132 καὶ
3410 3081 3539 3141 τοὺς
3572 3077 3738 3139 ἄλλους

501 3188 696 3229 nocere
731 3174 886 3228 nobis
935 3174 1215 3229 auderent.
1272 3174 1475 3229 Deinde
1534 3177 1578 3229 si
1607 3174 1798 3229 vulnus
1832 3176 2078 3243 accipere

2180 3179 2307 3239 τοὺς
2338 3175 2528 3228 λυπεῖν
2568 3175 2958 3246 τολμήσοντας.
3016 3173 3252 3226 Ἔπειτα
3303 3171 3359 3224 δε
3394 3173 3446 3224 εί
3479 3171 3570 3224 καὶ
3617 3187 3740 3239 τρω-

499 3265 777 3334 contingat
800 3280 946 3331 eum,
982 3266 1072 3333 qui
1131 3266 1388 3319 virtutem
1442 3264 1840 3320 defendendam
1882 3281 2071 3321 susce-

510 3357 672 3423 perit,
712 3372 819 3411 non
851 3365 1070 3425 gravate
1105 3357 1155 3411 id
1188 3354 1348 3411 feret.
1388 3357 1526 3423 Quid
1563 3358 1724 3427 igitur
1753 3358 2079 3413 dicendum?

501 3448 718 3503 Dictum
772 3450 881 3503 sit:
910 3449 1067 3503 Jacta
1105 3458 1212 3501 esto
1260 3448 1396 3501 alea.
1428 3447 1677 3502 Gladium
1724 3450 1779 3505 in
1824 3460 1874 3505 te
1912 3451 2080 3520 potis-

502 3542 697 3597 simum
749 3542 1020 3612 stringere
1065 3541 1281 3608 desine,
1334 3543 1527 3611 quovis
1590 3542 1756 3597 etiam
1846 3543 2079 3598 barbaro

501 3633 675 3703 magis
731 3632 963 3686 barbare
1021 3641 1073 3685 te
1122 3646 1272 3699 usus,
1320 3634 1554 3701 taliaque
1596 3632 1650 3686 in
1706 3643 1756 3687 te
1787 3635 2080 3689 committis

502 3724 665 3788 mala,
692 3724 873 3793 qualia
902 3740 967 3780 ne
1025 3725 1177 3779 valde
1204 3725 1419 3794 quidem
1461 3722 1643 3779 infesti
1703 3726 1885 3780 hostes
1940 3727 2082 3781 intu-

502 3816 686 3870 lerint.
739 3815 796 3870 Si
855 3817 1019 3886 igitur
1066 3818 1118 3872 in
1178 3817 1381 3871 malitia
1419 3816 1715 3887 perdurare
1770 3820 2079 3885 decrevisti,

502 3921 679 3975 neque
702 3918 911 3961 mutare
941 3908 1023 3962 vis
1048 3908 1397 3971 sententiam,
1428 3908 1618 3963 desine
1669 3907 1865 3963 saltem
1905 3910 2081 3963 virtu-

501 3998 574 4051 tis
609 4013 926 4068 oppugnare
956 3998 1226 4053 alumnos.
1260 3997 1376 4053 Non
1410 3999 1555 4053 enim
1582 4014 1814 4068 peccare
1850 4009 2080 4066 tantum,

501 4085 597 4140 sed
645 4095 701 4142 et.
748 4087 1036 4143 detrahere
1103 4088 1271 4140 vitam
1320 4088 1742 4142 emendantibus
1806 4086 1882 4158 (in
1946 4103 2082 4157 quos

2180 3274 2339 3344 θῆναι
2396 3271 2638 3342 συμϐαίη
2688 3273 2755 3341 τῇ
2790 3272 2959 3340 ἀρετῇ
3005 3265 3446 3337 συνηγοροῦντα,
3477 3266 3629 3319 τοῦτο
3656 3282 3741 3317 πα·

2178 3365 2289 3419 θεῖν
2315 3365 2374 3419 οὐ
2408 3364 2567 3436 βαρύ.
2599 3363 2665 3417 Τί
2711 3361 2806 3417 οὖν
2836 3365 2984 3416 ἐστιν
3012 3363 3041 3415 ὃ
3073 3361 3335 3432 βούλομαι
3370 3363 3576 3425 είπεῖν;
3600 3356 3741 3427 Εἰρή-

2180 3472 2353 3508 σεται’
2378 3449 2728 3525 Ἆγερῤιφθω
2751 3453 2860 3524 γὰρ
2885 3457 3065 3521 κύϐος
3085 3470 3099 3484 ⁸
3129 3453 3366 3524 μάλιστα
3401 3453 3501 3522 μὲν
3520 3452 3742 3503 πέπαυσο

2180 3547 2321 3600 κατά
2364 3547 2563 3600 σαυτοῦ
2603 3546 2665 3600 τὺ
2700 3546 2851 3616 ξίφος
2882 3546 3064 3609 ὠθῶν,
3109 3547 3206 3599 καὶ
3239 3545 3448 3608 παντὸς
3492 3543 3741 3613 βαρϐάρου

2182 3636 2663 3708 βαρϐαρικώτερον
2699 3637 2880 3706 σαυτῷ
2900 3632 3182 3707 χρώμενος
3200 3652 3214 3665 ·
3242 3635 3341 3688 καὶ⁵
3366 3634 3607 3688 τοσαῦτα
3631 3648 3739 3683 σαν·

2181 3728 2274 3781 τὸν
2303 3728 2561 3792 διατιθεὶς
2604 3728 2772 3795 κακά,
2803 3728 2904 3782 ὅσα
2933 3727 2999 3781 ἂν
3033 3728 3152 3780 οὐδὲ
3188 3728 3237 3779 οἱ
3282 3725 3484 3796 κομιδῇ
3519 3724 3742 3792 πολέμιοι

2181 3818 2464 3891 διέθηκαν.
2499 3821 2567 3874 Εἰ
2594 3820 2652 3873 δὲ
2681 3821 2780 3891 τῆς
2811 3820 3010 3882 κακίας
3032 3818 3201 3889 ἀπρὶξ
3220 3817 3447 3888 ἔχεσθαι
3478 3818 3739 3886 κέκρικας,

2185 3909 2366 3962 καὶτὸ
2391 3909 2569 3981 δόγμα
2583 3908 2744 3964 τοῦτο
2769 3909 3028 3979 ἀκίνητόν
3051 3912 3168 3961 ἐστι
3199 3909 3351 3979 παρά
3371 3908 3480 3961 σοί’
3509 3906 3607 3962 κᾶν
3636 3906 3744 3967 τοὺς

2184 4003 2284 4071 τῆς
2305 4003 2506 4074 ἀρετῆς
2532 4002 2835 4074 τροφίμους
2862 4002 3068 4054 παῦσαι
3100 4001 3529 4071 καταπολεμῶν.
3552 4000 3621 4051 Τὸ
3652 3996 3744 4064 γὰρ

2189 4094 2265 4165 μὴ
2312 4096 2475 4166 μόνον
2504 4097 2741 4161 πταίειν,
2773 4095 2910 4148 ἀλλά
2943 4095 3038 4148 καὶ
3078 4097 3208 4158 τοὺς
3240 4092 3645 4165 κατορθοῦντας
3687 4088 3745 4142 δι’

502 4178 695 4247 linguae
726 4179 906 4246 gladio
964 4177 1242 4247 armaris),
1296 4192 1505 4232 summa
1563 4177 1768 4231 malitia
1818 4188 1924 4243 est,
1976 4180 2085 4232 imo

2186 4183 2262 4242 ὧν
2304 4189 2404 4259 τὴν
2448 4188 2697 4256 γλῶτταν
2747 4189 2868 4240 κατ’
2918 4187 3099 4241 αὐτῶν
3152 4186 3423 4251 όπλίζεις,
3471 4184 3745 4253 διασύρειν,

500 4271 893 4340 imptenitentis
924 4272 1166 4342 nihilque
1194 4270 1427 4325 dolentis
1455 4280 1664 4325 certum
1691 4280 2083 4340 estargumen-

502 4372 642 4418 111111.

794 4454 1417 4512 XClll.—PALLADIO
1466 4455 1788 4513 DlACONO.

2188 4278 2418 4347 ἔσχατος
2456 4277 2581 4347 ὅρος
2615 4277 2833 4340 κακίας,
2868 4276 3071 4347 μᾶλλον
3097 4275 3155 4328 δὲ
3186 4274 3529 4344 ἀναλγησίας
3560 4274 3746 4342 τεκμή-

2193 4370 2306 4440 ριόν
2336 4371 2504 4423 ἐστιν.

2513 4460 2625 4527 μιν.
2658 4490 2727 4500 -
2751 4460 3099 4531 manus;
3129 4459 3454 4530 ΔΙΛΚΟΝῼ.

1322 4550 1403 4600 Ad
1432 4552 1779 4602 constantiam
1809 4550 2053 4602 hortatur
2082 4550 2134 4603 in
2164 4552 2318 4606 bono.
2352 4551 2567 4623 (Confer
2592 4551 2741 4619 epist.
2777 4548 2930 4620 155.)

572 4653 849 4725 Particeps
882 4655 1010 4709 olim
1040 4653 1191 4709 chori
1230 4671 1474 4710 meorum
1502 4658 1913 4725 discipulorum,
1942 4659 2075 4711 cho-

2260 4662 2542 4732 Μετέσχες
2580 4662 2681 4733 μὲν
2708 4658 2804 4713 τοῦ
2830 4660 2937 4713 τῶν
2968 4662 3225 4731 μαθητῶν
3254 4659 3444 4732 χοροῦ,
3481 4659 3578 4713 καὶ
3609 4674 3748 4727 acopo-

506 4762 668 4815 ragus
695 4747 858 4807 etiam
911 4748 1166 4803 videbare
1199 4749 1411 4802 caeteris
1439 4747 1922 4815 vehementiuleei
1954 4762 2078 4800 ver-

505 4839 632 4891 hum
678 4838 1024 4908 investigare.
1056 4838 1255 4892 Verum
1280 4839 1391 4905 jam
1438 4839 1514 4891 tui
1555 4839 1753 4892 oblitus
1788 4854 1892 4893 non
1926 4840 2084 4893 modo

505 4928 766 4985 defecisse
796 4933 1165 5000 cognosceris,
1193 4932 1284 4985 sed
1314 4942 1368 4985 et
1404 4931 1796 4999 voluptatibus.
1826 4946 1945 4999 quae
1966 4930 2083 4984 illas

504 5023 722 5091 pariunt
781 5022 1122 5085 affectiones,
1180 5037 1300 5091 quae
1340 5038 1409 5077 ex
1464 5035 1656 5077 ventre
1700 5022 1839 5076 bene
1898 5032 2085 5076 curato

504 5116 789 5184 provenire
819 5115 1015 5180 solent,
1061 5124 1110 5169 te
1153 5126 1323 5169 totum
1376 5115 1620 5180 tradens,
1653 5116 1788 5167 mihi
1844 5115 2084 5169 dolorem

505 5202 685 5258 alfers.
713 5202 945 5274 Cognito
976 5204 1158 5273 itaque
1206 5205 1424 5275 gravius
1471 5220 1594 5259 esse
1648 5205 1848 5259 malum
1900 5206 2086 5275 negle-

2196 4758 2354 4825 φαῖος
2415 4754 2641 4820 ἐδόκεις,
2670 4753 3030 4823 σφοδρότερον
3055 4752 3160 4806 τῶν
3206 4753 3383 4807 ἄλλων
3419 4750 3747 4821 μεταδιώκων

2194 4847 2292 4917 τὴν
2325 4842 2435 4897 τῶν
2498 4842 2659 4895 θείων
2708 4841 2884 4909 λόγων
2932 4842 3141 4913 θήραν
3194 4842 3331 4896 ἀλλὰ
3360 4841 3461 4895 νῦν
3494 4838 3747 4911 ἀμελήσας

2191 4937 2252 4989 ού
2287 4935 2445 5005 μόνον
2491 4932 2857 5000 ἀποφοιτῆσαι
2908 4932 3154 5000 διέγνως,
3206 4932 3341 4984 ἀλλὰ
3392 4932 3490 4985 καὶ
3519 4928 3746 5000 τρυφαῖς.

2192 5026 2267 5089 ὼς
2298 5024 2601 5094 ἐπυθόμην,
2635 5023 2941 5086 ἐκδέδωκας
2964 5025 3182 5089 σαυτὸν,
3214 5026 3333 5086 ταῖς
3360 5020 3668 5082 τικτούσαις
3691 5015 3747 5070 τὰ

2188 5118 2327 5188 μετά
2356 5115 2601 5185 γαστέρα
2639 5114 2807 5184 πάθη.
2843 5114 3170 5183 Γιγνώσκων
3208 5114 3412 5180 τοίνυν,
3463 5115 3549 5167 ὃτι
3596 5113 3745 5179 ἀργα-

2183 5207 2449 5277 λεώτερον
2476 5205 2726 5274 γίγνεται
2754 5204 3125 5275 ἀμελούμενον
3152 5206 3215 5259 τὸ
3248 5206 3441 5273 κακὸν,
3473 5206 3555 5267 είς
3579 5201 3669 5272 τὴν
3694 5196 3746 5261 ἑξ

504 5296 745 5359 ctum,in
781 5296 1070 5365 pristinum
1106 5308 1157 5352 te
1196 5297 1423 5366 cultum,
1464 5308 1718 5353 ornatum
1774 5308 2089 5369 statumque

2194 5303 2370 5371 ἀρχῆς
2419 5301 2759 5370 κοσμιότητα
2791 5298 2890 5370 τὴν
2918 5298 3185 5369 ταχίστην
3241 5298 3436 5352 σαυτδν
3497 5289 3745 5368 paup“.

506 5398 564 5442 ut
597 5388 830 5457 recipias
869 5403 1019 5457 rogo.

579 5546 623 5578 ιδ
657 5545 802 5603 Psal.
835 5562 976 5615 xcnv,
1010 5547 1066 5603 8.

2197 5391 2413 5461 θμισον.

1612 5639 1847 5698 VARUE
1885 5639 2270 5697 LECTIONES
2307 5640 2396 5695 ET
2424 5638 2662 5696 NOTIE.

578 5804 695 5876 (87)
732 5804 836 5861 Pro
865 5807 977 5867 τοῖς
1008 5802 1308 5872 eamme,-
1341 5801 1495 5857 codd.
1542 5802 1699 5858 ambo
1724 5801 1926 5875 .leguut
1952 5804 2072 5873 τοῖς

2180 5800 2434 5873 δοκίμοις.
2468 5801 2683 5860 Possm.
