3906 6416
134 459 257 525 1389

591 576 710 631 PO’.
740 607 810 618 -
844 576 1189 649 «summa.

1069 461 1607 525 EPISTOL'ARUM
1639 460 1786 521 LIB.
1819 462 1887 522 V.
1932 486 2003 496 -
2042 459 2281 520 EPIST.
2326 458 2511 520 CXII.

3241 454 3375 521 1390

2251 571 2390 626 CIX.
2423 599 2491 608 --
2530 565 2911 630 ιηιιιετιιιο.

982 666 1208 741 Virtute
1241 687 1469 756 insignes
1496 686 1758 739 imitandi.
1791 683 1949 752 Conf.
1976 684 2127 754 epist.
2154 682 2278 751 186,
2318 684 2493 739 initio.

193 803 253 856 0t
278 801 397 856 κατ’
432 801 640 873 ἀρετὴν
671 800 960 872 κράτιστοι
982 801 1158 865 ὄντες,
1188 802 1286 855 καὶ
1311 802 1382 856 δι’
1414 801 1701 855 εὐσέϐειαν

132 895 516 966 ὑπερφέροντες
541 893 637 947 καὶ
656 893 929 965 έγκριτοι,
955 894 1054 947 καὶ
1077 892 1332 947 τοσοῦτον
1356 894 1482 957 τοὺς
1506 893 1701 955 ἄλλους

134 986 562 1059 ὑπερϐαίνοντες,
581 986 723 1039 ’ὅσον
766 987 796 1039 ό
824 986 1105 1057 ἑωσφόρος
1139 986 1265 1049 τοὺς
1313 984 1507 1047 ἄλλους
1536 984 1697 1038 ἀστέ-

134 1097 242 1152 ρας,
287 1072 433 1133 οὗτοι
470 1077 763 1149 φωστῆρες
800 1078 867 1132 ἂν
893 1077 1122 1141 εἰκότως
1159 1076 1583 1148 χρηματίζοιεν,
1622 1075 1698 1146 μὴ

134 1175 277 1242 μόνον
296 1170 527 1234 ἑαυτοὺς
549 1172 630 1235 είς
661 1169 934 1240 τοσαύτην
959 1170 1331 1239 ἀναγαγόντες
1354 1158 1531 1235 ἀξίαν,
1556 1166 1695 1221 ἀλλά

132 1264 215 1318 καὶ
239 1262 362 1325 τοὺς
391 1260 810 1331 τυφλιίγττοντας
852 1261 1204 1330 φωτίζοντες,
1240 1261 1333 1315 καὶ
1362 1262 1441 1324 είς
1469 1261 1569 1330 τὴν
1594 1260 1692 1330 τῆς

131 1354 311 1424 ἀρετῆς
350 1352 823 1423 χειραγωγοῦντες
870 1353 1181 1423 περιωπήν.
1225 1350 1462 1415 Τούτους
1509 1350 1691 1404 τοίνυν

134 1446 301 1516 ζήλου,
333 1446 429 1499 καὶ
467 1444 543 1516 μὴ
566 1446 695 1509 τοὺς
721 1446 902 1499 πάντα
930 1443 1246 1511 ποιοῦντας,
1271 1445 1419 1509 ὅπως
1448 1442 1689 1505 καὶτοὺς

131 1536 349 1609 ὁρῶντας
375 1537 703 1615 σκοτίσοιεν.

444 1627 547 1683 Pl'.
575 1657 649 1670 —
672 1627 1005 1700 ΑΡΠυΚΡᾼ
1042 1626 1351 1698 sociam.

1871 800 1973 867 Qui
2004 800 2202 853 virtute
2226 807 2485 869 praestant
2517 813 2582 853 ac
2610 798 2810 868 pietate
2840 796 3189 865 antecellunt,
3222 807 3380 854 extra

1798 906 2016 947 omnem
2047 890 2233 961 judicii
2266 902 2395 945 sunt
2423 890 2619 956 aleam,
2645 898 2959 960 tantumque
2987 893 3197 946 caeteris
3224 902 3381 946 ante-

1797 993 1962 1049 eunt,
1996 992 2257 1054 quantum
2314 983 2526 1039 caeteris
2570 982 2744 1037 stellis
2772 982 2989 1039 excellit
3037 984 3382 1054 phosphorus

1797 1075 2069 1141 claritate,
2104 1085 2161 1128 ut
2194 1074 2249 1129 hi
2282 1073 2478 1129 merito
2526 1073 2696 1129 stella:
2726 1073 2986 1143 appellari
3028 1085 3249 1145 queant,
3291 1090 3379 1130 se-

1800 1166 1947 1237 ipsos
1974 1182 2079 1221 non
2112 1166 2273 1220 modo
2310 1179 2377 1219 eo
2408 1165 2768 1234 provehentes
2801 1166 3130 1235 dignationis
3153 1206 3169 1230 ,
3200 1167 3294 1222 sed
3326 1176 3382 1221 et

1798 1257 1961 1312 caecis
1982 1257 2161 1311 lumen
2179 1257 2498 1318 allucentes,
2524 1264 2579 1309 et
2600 1255 2652 1308 in
2676 1255 2893 1309 virtutis
2916 1254 3189 1325 speculam
3218 1270 3379 1308 manu

1795 1348 2073 1402 ducentes.
2107 1345 2219 1403 Hos
2262 1347 2441 1417 itaque
2474 1346 2707 1410 imitare,
2742 1360 2848 1400 non
2877 1360 2995 1411 eos,
3040 1345 3131 1414 qui
3180 1357 3377 1401 cuncta

1758 1487 1777 1510 ,
1800 1439 1883 1493 sic
1911 1447 2103 1508 agunt,
2144 1446 2203 1491 ut
2230 1446 2287 1494 et
2328 1438 2578 1492 videntes
2606 1451 2887 1493 excazcare
2918 1438 3152 1508 possint.

2049 1616 2158 1672 CX.
2197 1646 2268 1657 --
2301 1615 2701 1673 llARPOCRE
2734 1616 3122 1675 SOPHISTIE.

818 1718 949 1787 Quis
982 1719 1190 1788 sapiens
1217 1717 1426 1786 proprie
1455 1732 1517 1769 ac
1544 1716 1708 1769 bonus
1736 1711 2010 1769 dicendus.
2038 1708 2195 1780 Conf.
2227 1709 2378 1779 epist.
2401 1709 2531 1765 264.

193 1829 385 1900 Σοφοὺς
409 1830 589 1900 ἔγωγε
630 1830 885 1903 ὁρίζομαι
940 1831 1023 1904 (οὐ
1067 1830 1178 1903 γὰρ
1212 1829 1509 1903 νομεθετῶ,
1544 1829 1683 1884 ἀλλά

1859 1824 2143 1896 Sapientes
2179 1824 2395 1894 quidem
2443 1823 2541 1878 hos
2592 1806 2936 1894 appellavero
2994 1823 3165 1896 (nihil
3201 1834 3377 1878 tamen

134 1922 334 1992 γνώμην
399 1922 813 1994 ἀποφαίνομαιξ)
862 1924 991 1987 τοὺς
1047 1922 1157 1976 τῶν
1205 1923 1409 1993 νοερῶν
1466 1923 1689 1994 ἀρεταῖς

135 2012 583 2082 κεκοσμημένους,
613 2008 715 2066 οἷοι
758 2009 903 2084 ἦσαν
933 2014 985 2067 oi.
1020 2013 1179 2083 λόγον
1215 2012 1432 2083 ἔχοντες
1472 2014 1567 2067 καὶ
1603 2030 1695 2066 σο-

136 2102 244 2169 φίαν
284 2102 574 2169 γνώσεως·
621 2103 863 2172 ἀγαθοὺς
909 2103 989 2169 δὲ,
1021 2103 1149 2168 τοὺς
1182 2107 1302 2169 ταῖς
1350 2104 1504 2175 παρά
1530 2120 1693 2158 τινων

138 2189 477 2262 καλουμέναις
502 2193 742 2264 ἀλόγοις.
776 2190 894 2248 Οἷοι
919 2190 1063 2267 ἦσαν
1093 2195 1140 2249 ot
1168 2195 1332 2264 σοφὸν
1375 2195 1475 2265 μὲν
1514 2196 1693 2248 είπεῖν

134 2284 266 2338 οὐδὲν
286 2286 599 2357 δυνάμενοι,
629 2285 718 2340 διά
762 2286 819 2339 δὲ
848 2285 948 2355 τῆς
983 2286 1214 2356 ἀρίστης
1250 2285 1525 2350 πολιτείας
1564 2284 1691 2347 τοὺς

135 2374 419 2446 θεωμένους
456 2378 840 2443 παιδεύοντες·
887 2371 963 2432 ὦν
1003 2380 1037 2450 ἡ
1084 2378 1211 2448 σιγὴ
1253 2377 1348 2431 τοῦ
1394 2377 1554 2447 λόγου
1594 2376 1691 2431 τοῦ

135 2467 321 2536 ἐρήμου
380 2469 637 2539 πράξεων
663 2470 1083 2540 χρησιμωτέρα.
1120 2470 1183 2522 Ei
1221 2468 1278 2522 δέ
1333 2487 1416 2532 τις
1446 2469 1541 2523 καὶ
1594 2469 1697 2534 τάς

134 2557 337 2628 νοερὰς,
371 2560 469 2613 καὶ
508 2560 574 2623 ἂς
602 2577 767 2629 φασιν
798 2560 1029 2630 ἀλόγους
1061 2559 1195 2631 έχοι,
1215 2558 1406 2614 τοῦτον
1436 2558 1532 2614 καὶ
1555 2559 1694 2628 ἀγα-

136 2644 213 2700 θὸν
234 2649 321 2701 κα)⁵
353 2648 523 2718 σοφὸν
548 2649 872 2721 όρισαίμην.

1794 1915 2117 1986 ριτιξίυόίοο,
2140 1915 2234 1970 sed
2262 1913 2586 1970 sententiam
2627 1913 2840 1984 profero
2869 1914 3069 1973 meam)
3102 1914 3189 1983 qui
3220 1914 3379 1969 intel»

1794 2009 1969 2064 lectus
2006 2008 2300 2063 virtutibus
2331 2019 2460 2063 sunt
2492 2009 2705 2074 ornati,
2740 2008 2928 2079 quales
2956 2018 3120 2074 sunt,
3161 2009 3252 2079 qui
3300 2025 3380 2063 ra-

1797 2099 1931 2153 tioni
1958 2097 2347 2154 convenienter
2368 2100 2594 2166 vivunt,
2619 2100 2822 2169 quique
2856 2114 3036 2155 rerum
3069 2100 3380 2172 cognitione

1797 2192 2175 2262 sapientiaque
2201 2192 2410 2260 praediti
2439 2200 2582 2247 sunt.
2622 2192 2801 2248 Bonos
2842 2206 2975 2247 vero
3008 2192 3220 2256 dixero,
3247 2194 3339 2263 qui
3363 2231 3383 2258 ,

1800 2297 1920 2353 quae
1947 2283 2143 2336 rationi
2174 2292 2535 2339 consentanea
2568 2298 2671 2339 non
2712 2292 2859 2351 sunt,
2893 2298 2989 2339 seu
3014 2299 3123 2338 non
3153 2285 3385 2339 rationa-

1801 2377 1878 2429 les
1904 2376 2154 2442 virtutes,
2187 2386 2246 2431 ut
2270 2393 2300 2430 a
2336 2376 2660 2447 quibusdam
2685 2378 3057 2442 nominantur,
3082 2377 3381 2447 possident.

1798 2465 1965 2537 586
1998 2464 2196 2532 Quales
2231 2475 2408 2531 erant,
2443 2466 2533 2536 qui
2567 2466 2784 2535 sapiens
2818 2467 2951 2521 nihil
2983 2466 3228 2537 proferre
3256 2481 3381 2521 cum

1796 2566 2050 2627 possent,
2100 2571 2159 2612 se
2206 2556 2352 2626 ipsos
2394 2557 2833 2623 considerantes,
2881 2557 3144 2627 optimum
3199 2566 3383 2611 tamen

1796 2649 1921 2702 vitae
1971 2647 2319 2703 instituendas
2358 2649 2578 2702 modum
2614 2663 2679 2703 ac
2710 2648 2974 2704 rationem
3014 2649 3291 2717 praebent,
3326 2656 3383 2702 et

136 2746 201 2798 sic
224 2745 344 2815 ipsis
374 2746 542 2801 etiam
576 2746 950 2813 spectantibus
983 2746 1227 2803 docendo
1256 2750 1783 2817 praeeunt,‘quorum
1847 2743 1901 2798 in
1931 2758 2184 2799 sermone
2253 2744 2596 2799 taciturnitas
2666 2743 2851 2799 utilior
2890 2753 2973 2799 est
3001 2783 3016 2808 ,
3042 2760 3206 2816 quam
3240 2744 3384 2800 illius

134 2848 309 2900 sermo,
342 2835 436 2905 qui
471 2834 723 2905 praesidio
766 2850 945 2891 rerum
986 2836 1273 2892 destitutus
1318 2835 1412 2889 sit.
1465 2833 1521 2888 Si
1557 2848 1687 2889 vero
1726 2834 1851 2903 quis
1880 2840 1935 2889 et
1963 2834 2355 2889 intellectuales
2378 2843 2433 2890 et
2451 2850 2587 2906 quas
2651 2844 2850 2891 vocant
2908 2850 3017 2893 non
3051 2836 3384 2894 intellectua-

136 2926 201 2983 les
219 2929 401 2983 habeat
432 2928 696 2992 virtutes;
723 2927 867 2982 hunc
890 2943 995 2998 ego
1016 2939 1070 2984 et
1092 2929 1293 2984 bonum
1321 2936 1376 2983 et
1409 2928 1706 2998 sapientem
1744 2942 2148 2999 nuncupavere.

366 3040 521 3096 PlA'.
565 3073 633 3083 —
672 3028 999 3113 ΕΠιΦΑΝιᾳ
1036 3042 1358 3115 ΔΙΑΚΟΝῼ.

2078 3042 2217 3098 CXI.
2251 3073 2319 3085 --
2346 3042 2721 3101 EPIPHANIO
2774 3041 3098 3104 DIACONO.

351 3138 697 3210 Συγγνώμης
723 3139 861 3193 unde
891 3156 1076 3193 nomen
1108 3142 1384 3207 scriptum.
1419 3141 1615 3197 Matth.
1652 3154 1705 3205 v,
1733 3139 1840 3195 26:
1883 3158 1902 3191 ι
1944 3138 2071 3194 Esto
2102 3140 2430 3195 consentiens
2470 3140 2775 3196 adversario
2803 3152 2919 3209 tuo,
2964 3162 2985 3196 ι
3016 3153 3125 3200 etc.

204 3255 407 3326 Ἐπειδὴ
420 3254 737 3326 γέγραφας,
756 3254 924 3309 πόθεν
942 3256 1010 3310 τὸ
1035 3257 1139 3327 τῆς
1171 3257 1498 3330 συγγνώμης
1520 3257 1695 3327 ὄνομα

136 3344 215 3397 ἐπὶ
236 3344 328 3415 τῆς
369 3345 649 3415 ἀφέσεως
681 3345 783 3399 καὶ
837 3347 1289 3416 συγχωρήσεως
1326 3346 1694 3419 παραλαμϐά-

137 3455 289 3491 νεται’
320 3440 454 3509 ἡγοῦ
463 3458 541 3510 μα
567 3458 603 3504 ι,
618 3440 703 3493 ότι
725 3440 916 3510 ἐπειδὴ
933 3442 960 3494 ό
978 3441 1141 3510 γνοὺς
1160 3441 1373 3508 ἑαυτὸν,
1393 3441 1692 3507 τουτέστιν,

136 3532 161 3584 ὀ
186 3534 310 3605 μήτε
353 3535 447 3588 ἐπὶ
482 3536 595 3597 τοῖς
625 3534 963 3605 πταίσμασιν
989 3534 1224 3603 ἀγνοῶν,
1273 3534 1358 3588 δτι
1407 3533 1691 3601 ἔπταισεν,

137 3624 253 3678 ἀλλά
296 3627 582 3695 φυλάττων
628 3626 693 3680 τὸ
738 3626 902 3696 σοφὸν
952 3627 1285 3698 ἀπόφθεγμα
1319 3628 1403 3693 τὸ,
1445 3647 1467 3680 ι
1519 3627 1699 3681 Γνῶθι

140 3717 338 3772 σαυτόν·
393 3737 411 3771 ι
451 3719 592 3789 μήτε
636 3719 830 3782 ἐντοῖς
863 3717 1311 3789 κατορθώμασιν,
1352 3720 1403 3772 εί
1434 3718 1529 3773 καί
1560 3735 1694 3774 ποτε

138 3807 293 3877 ὀλίγον
326 3808 706 3874 ἀπονυστάξας
735 3811 815 3873 είς
844 3809 1163 3875 ἀλαζονείαν
1201 3810 1344 3881 ἦρθη
1381 3809 1528 3882 μέγα
1558 3827 1694 3882 φρο-

139 3898 261 3951 νῶν·
306 3901 439 3955 ἀλλά
482 3900 582 3973 τὴν
612 3900 824 3955 οίκείαν
868 3900 1030 3971 φύσιν
1061 3902 1157 3956 καὶ
1202 3902 1490 3957 ἀσθένειαν
1525 3919 1695 3957 κατα-

150 3990 433 4059 μανθάνων,
481 3992 686 4064 καὶμὴ
726 3995 869 4065 πέρα
916 3995 1020 4065 τῆς
1072 3994 1426 4066 ἀνθρωπίνης
1482 3994 1699 4065 φύσεως

142 4083 527 4154 φανταζόμενος
559 4087 924 4155 γνωσιμαχεὶ
969 4085 1030 4138 '0
1073 4086 1363 4154 συγγνοὺς,
1394 4086 1694 4151 τουτέστιν,

140 4172 164 4222 ό
207 4175 517 4245 συννοήσας,
588 4174 671 4227 ὅτι
716 4176 925 4238 ἐκεῖνος
971 4174 1117 4247 ἔργῳ
1168 4175 1501 4247 παλινῳδίαν
1554 4176 1693 4247 ᾅδει,

143 4269 389 4337 συγχωρεῖ
435 4265 519 4338 τῷ
553 4268 735 4335 γνόντι
783 4268 1013 4322 ἑαυτόνο
1064 4270 1093 4322 ό
1122 4268 1181 4323 δὲ
1230 4268 1307 4341 μὴ
1340 4271 1690 4338 συγγνοὺςού

1870 3256 2095 3324 Quando
2137 3257 2353 3327 quidem
2398 3257 2702 3328 interrogas
2737 3264 2892 3325 ,unde
2938 3260 3297 3335 συγγνώμης,
3330 3265 3382 3321 id

1800 3358 1888 3403 est
1946 3349 2120 3403 veniae
2139 3387 2155 3413 ,
2185 3363 2379 3405 nomen
2402 3359 2678 3419 acceptum
2716 3366 2815 3422 pro
2847 3354 3225 3409 remissionem
3254 3372 3383 3411 eon-

1804 3441 2107 3506 donatione,
2141 3441 2343 3496 idcirco
2374 3441 2611 3497 arbitror
2658 3444 2799 3511 quod
2825 3444 2917 3514 qui
2947 3458 3008 3500 se
3042 3445 3155 3515 ipse
3194 3446 3381 3513 novit,

1804 3532 1908 3588 hoc
1934 3541 2010 3587 est
2030 3572 2047 3598 ,
2073 3533 2163 3602 qui
2189 3547 2363 3602 neque
2391 3532 2586 3588 delicta
2611 3548 2731 3599 sua,
2752 3548 2875 3589 cum
2900 3544 2985 3591 est
3007 3535 3213 3607 lapsus,
3239 3538 3385 3608 igno-

1802 3633 1910 3689 rat,
1968 3623 2078 3681 imo
2131 3623 2262 3679 illud
2317 3624 2454 3681 scite
2511 3625 2713 3681 dictum
2760 3636 2979 3683 servat:
3028 3646 3049 3680 s
3102 3627 3277 3684 Nosce
3332 3638 3386 3686 te

1801 3718 2001 3786 ipsum,
2048 3735 2069 3769 ι
2103 3731 2276 3785 neque
2308 3716 2364 3770 in
2403 3717 2764 3784 emendando,
2824 3719 2927 3774 etsi
2974 3719 3268 3790 aliquando
3300 3723 3387 3776 ni-

1803 3816 1959 3864 ctans
1986 3816 2042 3863 et
2070 3808 2398 3876 connivens,
2432 3808 2486 3863 in
2519 3810 2887 3881 arrogantiam
2917 3812 3200 3882 magniﬁce
3228 3813 3296 3867 de
3324 3828 3386 3867 se

1804 3901 2049 3957 sentiens
2101 3899 2346 3970 eﬂertur,
2396 3902 2492 3959 sed
2526 3917 2640 3959 sua:
2685 3904 2937 3961 conscius
2969 3914 3180 3962 natura!
3225 3916 3387 3976 atque

1805 3990 2229 4059 imbecillitatis,
2261 4008 2439 4064 neque
2467 4009 2630 4065 supra
2662 3996 2953 4050 humanam
2993 3997 3168 4052 elatus
3198 4000 3385 4053 condi-

1803 4079 2012 4136 tionem
2062 4082 2355 4151 resipiscit.
2398 4083 2499 4139 Hic
2534 4085 2628 4154 qui
2674 4086 2928 4141 conscius
2969 4086 3071 4143 sibi
3113 4095 3234 4152 est,
3284 4088 3385 4143 hoc

1801 4181 1916 4236 est,
1952 4172 2045 4242 qui
2084 4187 2267 4228 secum
2294 4174 2613 4244 perpendit,
2660 4175 2804 4245 quod
2834 4190 3025 4245 reapse
3060 4176 3385 4247 palinodiam

1804 4261 1893 4318 ille
1925 4272 2123 4329 canat,
2154 4263 2386 4333 ignoscit
2420 4262 2522 4333 illi,
2550 4266 2642 4336 qui
2680 4281 2739 4321 se
2766 4263 2881 4335 ipse
2911 4266 3081 4322 novit.
3119 4266 3221 4333 Qui
3255 4282 3385 4322 vero

144 4360 414 4429 συγχωρεῖ.
456 4358 549 4412 Διὸ
592 4360 690 4413 καὶ
721 4361 751 4414 ό
794 4359 916 4431 μὲν,
952 4360 1214 4431 μέμψεως
1246 4360 1359 4432 (94)
1392 4361 1564 4428 ἄξιος,
1611 4363 1689 4434 μὴ

1807 4356 2055 4410 conscius
2096 4356 2199 4410 sibi
2245 4370 2351 4412 non
2381 4356 2499 4427 est},
2548 4372 2655 4413 non
2709 4360 2960 4428 ignoscit.
3007 4358 3186 4426 Quare
3216 4368 3269 4415 et
3298 4360 3384 4416 hic

142 4450 278 4513 γνοὺς
300 4451 490 4506 ἑαυτόν
510 4467 524 4481 ·
562 4453 592 4506 ό
618 4451 677 4506 δὲ
708 4450 789 4525 μὴ
835 4453 1104 4523 συγγνοὺς
1130 4452 1209 4524 τῷ
1267 4453 1451 4524 γνόντι
1476 4454 1692 4511 ἑαυτόν.

602 4740 749 4796 PIB'.
789 4769 860 4781 —
891 4742 979 4814 Τῼ
1006 4743 1215 4815 arm.

1800 4447 2020 4516 quidem
2072 4447 2495 4515 reprehensione
2538 4448 2733 4519 dignus
2771 4458 2887 4517 est,
2943 4463 3003 4505 se
3052 4450 3226 4519 ipsum
3276 4465 3385 4506 non

1801 4552 2033 4595 noscens
2066 4555 2082 4594 :
2128 4538 2220 4595 ille
2260 4554 2390 4596 vero
2427 4543 3169 4615 nequaquamyonsentiens
3204 4541 3386 4615 [igno-

1803 4626 1983 4699 scens]
2014 4626 2098 4695 ei,
2121 4627 2214 4698 qui
2240 4629 2475 4700 seipsum
2507 4632 2681 4689 novit.

2330 4743 2490 4801 CXII.
2528 4777 2597 4787 —
2628 4747 2856 4805 EIDEM.

195 4832 378 4892 Suodet
404 4832 634 4891 caducas
664 4850 787 4903 opes
838 4837 915 4889 ita
943 4836 1268 4906 impendere,
1294 4845 1350 4891 ut
1386 4837 1689 4961 tltestz’tltrofh
1710 4835 1766 4891 in
1830 4838 1975 4965 attigs
2016 4840 2164 4897 nobis
2204 4856 2448 4911 paremus
2474 4858 2493 4894 :
2529 4861 2548 4894 ι
2599 4842 2974 4901 Tltesaurizate
3020 4846 3188 4913 nobis,
3222 4865 3241 4898 ι
3275 4855 3384 4904 etc.

1578 4926 1609 4961 a
1697 4947 1712 4962 .
1762 4922 1838 4965 vs.
1954 4950 1970 4965 .

1578 4922 1712 4962 αιιη.
1762 4922 1838 4973 Vl,
1880 4922 1970 4965 Η).

197 5019 362 5075 Πολλά
380 5021 498 5077 ἐστι
526 5023 624 5078 καὶ
643 5021 901 5093 διάφορα,
936 5016 983 5076 ὦ
1011 5023 1470 5094 προσφιλέστατε,
1497 5022 1696 5094 λυμαι-

141 5107 316 5180 νόμενα
362 5117 430 5185 τῇ
477 5114 589 5169 τῶν
620 5115 936 5186 ,χρημάτων
979 5116 1202 5186 κτήσει*
1256 5116 1319 5169 οὐ
1373 5116 1534 5187 μόνον
1585 5115 1696 5186 γάρ

144 5196 303 5267 σῆτες,
332 5204 427 5257 καὶ
455 5207 649 5277 χρόνος
699 5206 933 5277 μακρὸς,
984 5206 1122 5259 ἀλλά
1167 5206 1263 5260 καὶ
1310 5208 1689 5276 συκοφαντίαι,

142 5291 223 5344 καὶ
237 5293 445 5365 λῃσταὶ,
472 5298 568 5352 καὶ
591 5298 824 5364 οἰκέται,
852 5298 946 5351 καὶ
971 5297 1032 5351 τὸ
1046 5297 1143 5352 τοῦ
1161 5297 1449 5370 μέλλοντος
1477 5298 1691 5368 ἄδηλον,

1873 5024 2040 5081 Multa
2084 5034 2211 5101 sunt
2252 5028 2550 5099 variaque,
2602 5029 2956 5095 charissima,
3007 5046 3128 5102 quae
3166 5046 3387 5102 posses-

1802 5118 1984 5173 siones
2017 5133 2201 5173 rerum
2242 5119 2463 5179 tadum.
2505 5118 2625 5176 Non
2666 5122 2811 5177 enim
2858 5122 3017 5177 tinea:
3064 5116 3222 5178 modo
3269 5124 3388 5178 lon-

1802 5224 2035 5279 gumque
2063 5225 2329 5266 annorum
2366 5212 2628 5281 spatium,
2664 5213 2757 5266 sed
2790 5221 2848 5267 et
2876 5212 3182 5280 calumniae,
3218 5214 3386 5269 latro-

1801 5316 1921 5364 nes,
1954 5302 2223 5370 servique,
2253 5312 2309 5357 et
2342 5302 2520 5358 futura
2550 5302 2778 5371 incerta,
2806 5318 2954 5359 mors
2983 5304 3216 5374 denique
3258 5303 3383 5360 linis

1247 5456 1483 5513 VARIAS
1523 5457 1906 5514 LECTIONES
1941 5458 2031 5513 ET
2067 5458 2300 5516 NOTIE.

143 5600 533 5691 T-p‘mCﬁvogielg
574 5607 805 5691 Ἀθήνας
970 5609 1114 5674 όδοῦ,
1160 5609 1695 5691 πάρεργονΙέξέκοψε

143 5686 247 5746 τους
272 5686 605 5746 κακούργους
622 5696 636 5709 '

146 5744 287 5863 ξενία,
323 5744 657 5816 proﬁciscens
689 5750 921 5805 Athenas
958 5752 1188 5805 latrones
1232 5751 1352 5804 illos
1390 5744 1692 5805 excidisset.

206 5828 357 5863 ηοττ-

206 5828 357 5869 ηοττ.

206 5883 301 5955 (95)
342 5886 528 5948 Melius
561 5891 917 5963 πράττοντας.
954 5891 1045 5949 V'el
1074 5893 1251 5948 locum
1277 5892 1355 5947 sic
1385 5902 1696 5962 transpouc,

739 5626 805 5692 ας
970 5611 1114 5674 όδοῦ,
1160 5611 1695 5692 ξάρεργονιέξέκοψε
1796 5611 1859 5692 οὐ
1904 5611 2017 5692 γάρ
2042 5612 2241 5692 ἀδίκως
2276 5613 2600 5692 πάσχοντας,
2634 5615 2771 5671 ἀλλά
2807 5616 3031 5681 δικαίως
3063 5619 3379 5692 πάσχοντας

732 5681 797 5754 isi
832 5678 1056 5754 Theseus
1078 5696 1142 5734 ea:
1165 5678 1408 5754 neme
1430 5678 1695 5754 digressus

1807 5678 2083 5754 λυπεῖσθαι
2115 5689 2240 5754 χρὴ.
2278 5678 2500 5739 υνίιῙὶυε
2531 5702 2544 5737 :

1801 5751 1930 5816 Qua:
1956 5756 2091 5806 venit
2116 5751 2185 5807 ex
2208 5751 2405 5807 'merito
2436 5772 2586 5823 paena
2615 5758 2841 5814 dolenda
2868 5764 3027 5818 venit.
3062 5761 3300 5819 Scnor'r.

1875 5825 1984 5908 (θᾷ)
2024 5824 2456 5908 ιιιιετλιεέμίςξως
2507 5836 2561 5879 et
2599 5829 2746 5895 ἄξιος
2777 5834 2933 5891 codd.
2989 5834 3156 5892 Vatia.
3185 5838 3288 5891 θοι)
3321 5846 3377 5892 et

1801 5894 1908 5948 All.
1940 5895 2185 5951 inserunt
2214 5897 2313 5948 ὅτι.
2335 5895 2556 5953 'Pussm.
