3906 6416
453 375 586 446 I391
1659 371 1719 429 S.
1751 368 2043 429 ISIDORI
2084 365 2528 440 PELUSIOTﬂz‘.
3383 316 3388 324 Ι
3563 364 3679 433 I392

451 489 690 545 omnium
745 488 937 557 (quam
984 484 1241 555 effugere,
1275 483 1375 549 etsi
1426 481 1528 535 alia
1561 481 1830 552 eliugerit,
1872 490 1993 550 pote

2151 478 2248 529 καὶ
2278 476 2430 540 τέλος
2464 477 2493 528 6
2542 473 2767 538 θάνατος
2797 474 2817 547 (
2849 474 2909 527 ὃν
2941 473 3041 528 οὐκ
3072 473 3187 527 ἔστι
3217 475 3503 544 διαφυγεῖν,
3531 478 3573 530 εί
3603 482 3678 533 καὶ

453 582 803 650 nemo)cum
839 579 994 633 bouis
1033 587 1140 631 tum
1189 573 1624 646 possessionibus
1676 572 1885 642 privet,
1935 581 1995 624 et:

2145 570 2215 622 τὰ
2241 569 2376 624 ἄλλα
2418 567 2830 638 διαφεύγοιμεν)
2879 568 2974 620 καὶ
3010 567 3119 619 τῶν
3159 567 3446 636 κτημάτων
3476 564 3558 620 xit
3593 570 3681 624 τῶν

452 676 576 742 quis
628 671 717 725 illa
764 668 1041 740 possidere
1085 667 1373 734 videatur,
1407 665 1625 720 nomine
1660 663 1806 719 enim
1846 673 1994 719 tenus

2150 659 2453 731 χρημάτων
2484 658 2888 729 ἀποστερήσειν
2918 657 3031 727 (95)
3063 658 3131 713 ἂν
3145 657 3237 710 τὸν
3252 657 3497 710 δοκοῦντα
3515 660 3683 729 κεκτῆ-

455 779 559 819 non
586 779 715 819 vero
746 775 936 832 reapse
964 761 1102 814 bona
1144 758 1412 829 possidet.
1447 758 1550 825 Qui
1579 771 1709 812 vero
1733 755 1997 824 eleemosy

2152 751 2281 806 σθαι
2302 768 2315 780 ·
2350 751 2408 802 ἐν
2436 749 2666 820 ὀνόμασι
2699 749 2831 818 γὰρ,
2867 748 2986 803 ἀλλ’
3021 749 3122 802 οὐκ
3155 750 3212 801 ὲν
3243 749 3546 819 πράγμασιν
3565 751 3683 820 ἔχειν

454 857 540 909 nis
570 855 835 923 bonisque
863 852 1117 922 operibus
1147 850 1394 905 recondit.
1416 891 1432 917 ,
1461 848 1549 904 ille
1579 858 1634 904 et
1660 848 1910 918 prudenti
1946 862 1996 901 νε

2147 843 2218 898 τὰ
2251 842 2458 911 ἀγαθά.
2519 842 2578 895 Ὀ
2599 841 2680 930 ,δὲ
2727 841 2794 894 δι’
2835 840 3216 912 ἐλεημοσυνῶν
3258 842 3359 930 καὶἒ
3399 837 3688 912 εὐεργεσιῶῦ

455 951 670 1017 lidoque
696 956 985 1002 coronetur
1013 944 1301 1014 suffragio,
1339 953 1532 998 nactus
1562 943 1771 1014 asylum
1793 982 1807 1007 ,
1839 951 1895 997 et
1931 958 1997 1011 qu

2147 936 2332 990 ἐνθάδε
2364 935 2456 989 τὸν
2503 916 2737 988 πλοῖἷρτον
2788 932 3146 1004 ἀποθέμενος,
3198 934 3293 988 καὶ
3322 916 3572 1004 φρονίμου
3611 936 3689 989 καὶ

455 1039 591 1092 nihil
619 1040 836 1102 eorum',
871 1051 991 1106 quae
1019 1034 1253 1090 diximus
1275 1075 1288 1100 ,
1321 1033 1631 1104 pertingere
1653 1032 1735 1088 fas
1769 1034 1859 1087 sit.
1892 1031 1997 1085 Tali

2146 1031 2366 1102 βεϐαίου
2419 1030 2588 1102 ψήφῳ
2639 1028 3041 1100 στεφανωθείη,
3075 1027 3242 1082 τόπον
3289 1027 3461 1099 εὑρὼν
3501 1029 3688 1096 ἄσυλον,

454 1132 598 1184 enim
634 1130 784 1200 regio
819 1129 1019 1185 coelum
1052 1137 1156 1193 est,
1182 1141 1289 1196 quo
1312 1125 1510 1180 malum
1545 1125 1804 1180 accedere
1834 1123 1996 1178 nullut

2150 1125 2238 1177 mi.
2274 1117 2319 1192 ᾧ
2351 1123 2516 1194 μηδὲν
2537 1121 2650 1176 τῶν
2683 1121 2965 1193 ῥηθέντων
2989 1119 3249 1190 ἐπιϐῆναι
3276 1118 3450 1190 θέμις.
3474 1120 3692 1185 Τοιοῦτος

454 1233 619 1293 queat
649 1241 661 1274 :
695 1223 885 1292 quovis
917 1232 1073 1276 terra:
1110 1220 1225 1276 solo
1253 1217 1484 1272 fertilius
1507 1259 1521 1283 ,
1559 1227 1616 1272 et
1651 1227 1773 1288 post
1811 1217 1996 1271 multat

2152 1217 2253 1288 γὰρ
2287 1215 2466 1286 χῶρός
2499 1215 2649 1267 ἐστιν
2677 1215 2706 1266 ὀ
2733 1212 2990 1285 οὐρανὸς,
3042 1212 3196 1285 πάσῃ
3251 1211 3351 1282 μὲν
3399 1211 3583 1275 ἄϐατος
3631 1211 3694 1265 ὢν

457 1317 757 1371 ubertatem
786 1315 947 1386 iactis
983 1317 1036 1368 in
1067 1313 1196 1368 illud
1221 1311 1395 1367 solum
1430 1309 1749 1376 seminibus,
1807 1310 1999 1364 redden

2152 1305 2482 1378 κακουργία,
2525 1305 2707 1375 πάσης
2740 1303 2798 1358 δὲ
2837 1302 3216 1375 εὐφορώτερος
3243 1305 3348 1374 γῆς
3374 1319 3387 1334 ⁸
3441 1301 3530 1357 καὶ
3580 1302 3694 1373 μετά

456 1407 541 1471 iis,
571 1406 660 1476 qui
691 1405 995 1474 depositum
1022 1402 1394 1470 crediderunt,
1419 1410 1710 1472 perpetuos
1741 1408 1798 1454 ut
1829 1399 1998 1454 fructu

2154 1399 2348 1470 πολλῆς
2377 1400 2477 1470 τῆς
2520 1397 2804 1468 δαψιλείας
2848 1399 2959 1452 τῶν
2991 1399 3049 1450 ἐν
3083 1395 3232 1466 αὐτῷ
3278 1394 3696 1476 καταϐληθέντων

454 1470 727 1566 colligant.
761 1470 776 1474 —
1420 1470 1435 1472 —
2145 1491 2483 1562 σπερμάτων
2512 1489 2688 1553 διδοὺς
2710 1491 2824 1552 τοῖς
2847 1487 3404 1560 παρακαταθεμένοις
3418 1485 3502 1539 διὰ
3521 1470 3696 1549 παντὸς

2141 1584 2352 1654 τρυγᾷν
2385 1583 2512 1646 τοὺς
2553 1579 2826 1652 καρπούς.

939 1671 1121 1729 CXIII.
1157 1704 1224 1713 —
1259 1672 1539 1730 MARONI.
2128 1683 2130 1685 ’

2128 1683 2130 1685 ’
2658 1674 2804 1728 PII".
2839 1703 2907 1712 —
2935 1672 3222 1726 ΜΑΡΩΝΙ.

1293 1767 1375 1820 Ad
1408 1769 1786 1836 eleemusynam
1820 1766 2089 1822 hortatur.
2121 1797 2190 1808 —
2226 1768 2360 1838 Sup.
2398 1769 2553 1838 epist.
2585 1767 2654 1823 79
2686 1777 2734 1821 et
2761 1766 2889 1824 28!.
2923 1818 2926 1820 _

527 1880 656 1946 Quae
689 1877 773 1934 vel
809 1878 995 1934 nolens
1043 1878 1281 1934 inimicis
1315 1893 1689 1949 saepenumero
1724 1879 2036 1950 reliqueris,

2221 1882 2291 1933 Ἃ
2322 1882 2416 1935 καὶ
2444 1881 2595 1936 ἄκων
2641 1879 2908 1942 πολλάκις
2949 1878 3168 1950 ἐχθροῖς
3194 1877 3554 1947 καταλείψεις,
3580 1874 3697 1929 ἑκὼν

458 1970 524 2023 da
563 1985 703 2024 nunc
729 1969 914 2025 volens
935 2009 950 2035 ,
981 1977 1142 2040 atque
1173 1985 1204 2026 e
1239 1970 1560 2026 necessitate
1585 1971 1809 2027 honoris
1837 1987 1901 2028 ac
1927 1972 2000 2026 vit

2158 1972 2264 2037 δός·
2304 1974 2400 2026 καὶ
2430 1973 2532 2043 τὴν
2563 1973 2814 2045 ἀνάγκην
2859 1974 3086 2042 ποίησον
3124 1970 3461 2041 φιλοτιμίαν,
3513 1968 3591 2023 ἵνα
3639 1967 3700 2039 μὴ

459 2062 589 2115 tutis
631 2062 870 2115 studium
914 2060 1066 2117 elIice
1091 2101 1107 2124 .
1139 2075 1208 2116 ne
1253 2075 1358 2116 non
1399 2062 1708 2132 pcenitenda
1754 2061 2001 2134 deplores

2155 2064 2544 2137 ἀμεταμέλητα
2598 2065 2965 2136 θρηνήσειας·
3023 2061 3162 2117 ἀλλά
3209 2061 3534 2134 προπέμψας
3586 2058 3697 2113 αὐτᾶ

459 2153 554 2206 sed
590 2151 922 2220 praemittens
961 2151 1053 2206 illa
1084 2152 1137 2206 in
1174 2152 1337 2207 vitam
1386 2153 1773 2224 sempiternam
1799 2195 1816 2223 ,
1850 2169 2001 2212 eonsr

1886 2171 2041 2212 onse-
2147 2159 2229 2222 είς
2256 2157 2348 2210 τὸν
2379 2157 2574 2228 ἀγήρω
2597 2155 2793 2226 αίῶνα,
2823 2155 2967 2222 ἔξεις
2995 2154 3428 2228 χρησιμεύοντα.

458 2243 644 2311 quaris
673 2256 793 2312 quae
831 2244 1003 2298 utilia.

774 2364 935 2435 587
977 2361 1162 2422 CXIV.
1195 2394 1238 2403 —
1304 2362 1714 2421 THEOPIIILO.

1701 2409 1714 2421 .
2631 2363 2776 2418 PIA'.
2817 2393 2889 2404 —
2925 2362 3242 2435 ΘΕΟΦΙΛῼ.

1017 2451 1389 2522 Peregrinatio
1417 2470 1583 2524 quare
1609 2465 1656 2508 et
1691 2473 1723 2508 a
1751 2457 1940 2526 quibus
1976 2458 2334 2528 suscipienda,
2363 2474 2395 2512 a
2417 2456 2721 2528 juvenibus,
2756 2469 2863 2508 non
2895 2470 2926 2507 a
2958 2454 3193 2510 senibus.

531 2567 711 2638 Nuper
737 2569 948 2624 oriente
975 2567 1088 2624 sole
1118 2568 1333 2640 (noctis
1364 2569 1507 2624 enim
1541 2584 1604 2625 ac
1639 2570 1743 2626 diei
1773 2572 1921 2628 velut
1946 2575 2050 2629 mi-

2229 2573 2342 2643 Πρὸ
2377 2571 2631 2643 βραχέος,
2665 2571 2867 2642 ὄρθρου
2893 2568 2973 2622 ἔτι
3006 2568 3164 2632 δντος
3199 2567 3482 2639 (ἐκιρνᾶτο
3503 2565 3602 2636 γὰρ
3627 2562 3709 2629 νύξ

458 2661 565 2715 stio
591 2661 786 2731 erat),
836 2659 1078 2716 occurrit
1108 2660 1238 2715 mihi
1271 2662 1615 2717 necessarius
1653 2663 1871 2732 quidam
1907 2680 1998 2720 nut

2164 2681 2211 2718 τε
2243 2665 2340 2718 καὶ
2367 2664 2503 2734 ἠὼς)
2527 2664 2766 2733 ἐντυχών
2801 2662 2891 2734 μοί
2921 2678 3007 2726 τις
3038 2661 3148 2714 τῶν
3175 2660 3394 2732 ἀνδρῶν
3426 2657 3706 2728 ἐπιτηδείων

460 2756 601 2808 tiaus
632 2752 849 2808 audisse
891 2755 1153 2822 quosdam
1199 2752 1346 2807 viros
1381 2753 1689 2822 sapientes,
1730 2763 1782 2809 te
1827 2755 2002 2826 longa:

2165 2761 2527 2831 ἀπήγγελλεν,
2573 2761 2650 2823 ὼς
2685 2759 2988 2830 πυθόμενοί
3026 2774 3172 2822 τινες
3219 2756 3502 2828 ἐλλόγιμοι
3529 2753 3707 2809 στειλά-

459 2846 948 2915 peregrinationem
995 2845 1329 2911 instituisse,
1362 2861 1468 2901 non
1520 2861 1619 2917 pro
1660 2848 1897 2914 virtute,
1953 2864 2001 2904 at

2164 2853 2324 2921 μενόν
2357 2868 2417 2904 σε
2443 2851 2758 2922 ἀποδημίαν
2793 2847 3039 2920 μακρὰν,
3074 2847 3177 2918 οὐχ
3203 2846 3352 2917 ὑπὲρ
3370 2845 3581 2914 ἀρετῆς,
3608 2841 3706 2894 οὐδὲ

460 2946 519 2989 ιιι
577 2946 627 2992 te
670 2935 903 2992 aliumve
936 2934 1003 2989 ad
1041 2935 1433 3006 philosophiam
1481 2936 1756 3006 deducite,
1804 2940 1946 3009 quod
1994 2960 2002 2992 ι

2166 2939 2298 2992 ὥστε
2334 2939 2588 3010 σαυτὺνῆ
2627 2937 2788 2994 ἄλλον
2810 2938 2932 2991 τινὰ
2981 2938 3062 3000 εἰς
3105 2936 3432 3005 φιλοσοφίαν
3458 2935 3708 3003 ἐναγαγεῖν

461 3031 561 3100 ipsi
603 3032 953 3086 vehementer
995 3031 1346 3099 probassent,
1395 3032 1490 3087 sed
1542 3040 1603 3088 ut
1649 3034 1856 3090 divitiis
1888 3035 2003 3091 locu

2166 3026 2216 3103 [ἦ
2254 3031 2363 3100 γὰρ
2396 3031 2462 3084 ἂν
2497 3031 2590 3084 καὶ
2621 3028 3002 3100 ἀπεδέξαντο),
3037 3027 3154 3082 ἀλλ’
3179 3027 3326 3099 ὑπὲρ
3357 3027 3451 3080 τοῦ
3480 3025 3708 3098 χρηματί-

462 3122 723 3192 pleteris,
767 3123 973 3178 ideirco
1005 3130 1059 3177 te
1103 3130 1556 3183 contemnentes;
1601 3125 1869 3194 siquidem
1924 3141 2004 3182 CUI

2166 3123 2377 3186 σασθαι,
2425 3122 2624 3193 κομιδῇ
2662 3138 2757 3175 σου
2801 3120 3245 3190 κατεφρόνησαν,
3281 3119 3332 3171 εί
3361 3116 3708 3190 προῃρημένος

461 3216 842 3272 adolescentiae
891 3231 1064 3273 annos
1114 3217 1168 3271 in
1223 3218 1334 3273 otio
1369 3219 1726 3288 transegeris,
1779 3234 1923 3276 nunc
1990 3221 2003 3276 i

2167 3214 2240 3268 τὸν
2265 3215 2368 3285 τῆς
2403 3215 2656 3284 νεότητος
2689 3213 2882 3283 χρόνον
2916 3211 3014 3275 τὰς
3037 3211 3274 3284 ἡσυχίας
3317 3211 3492 3279 ἄγειν,
3527 3208 3612 3264 νῦν
3635 3208 3709 3259 ἐπὶ

463 3310 615 3366 senio
660 3309 993 3380 peregrinari
1047 3308 1362 3375 instituisti,
1420 3311 1640 3380 quando
1685 3311 2005 3368 convenieb:

2169 3307 2341 3376 γήρως
2376 3305 2687 3376 ἀποδημεῖν
2721 3303 3092 3374 ἐπεχείρησας
3111 3318 3126 3334 ο
3157 3304 3251 3356 ὅτε
3283 3303 3434 3366 εἰκὸς
3463 3298 3527 3372 ἦν
3554 3317 3643 3366 σοι,
3673 3297 3711 3350 εί

465 3410 515 3452 te
543 3441 556 3466 ,
604 3401 706 3455 etsi
735 3399 861 3454 alibi
891 3401 1039 3470 prius
1071 3409 1344 3455 versatum
1372 3439 1388 3467 ,
1416 3400 1637 3456 domum
1673 3402 1886 3471 redire,
1916 3418 2007 3458 cur

2169 3397 2251 3451 ιαὶ
2285 3397 2550 3468 πρδτερον
2583 3395 2788 3476 ἄλλοθί⁸
2831 3413 2936 3449 που
3003 3391 3300 3465 διέτριϐεξ,
3350 3393 3530 3447 οἴκαδε
3573 3394 3711 3444 ἐπαν-

464 3489 601 3544 adeo
620 3489 746 3544 vita:
767 3491 934 3545 instet
963 3500 1067 3545 tute
1097 3491 1380 3547 terminus.
1402 3491 1636 3547 iuvenes
1665 3495 1865 3549 etenim
1895 3509 1956 3550 se
1976 3509 2004 3548 a

2168 3491 2332 3560 ήκειν,
2352 3488 2526 3552 οὕτως
2543 3488 2806 3556 ὑπόγυιου
2838 3505 2933 3541 σου
2968 3487 3068 3557 τῆς
3096 3485 3365 3557 τελευτῆς
3392 3483 3576 3556 οὔσης.
3594 3481 3710 3545 τοὺς

464 3591 761 3634 extremam
803 3589 1162 3650 perventuros
1195 3591 1415 3649 sperant
1461 3591 1839 3642 senectutem:
1887 3599 2006 3640 sene

2168 3581 2263 3651 μὲν
2291 3580 2402 3653 γὰρ
2439 3581 2598 3643 νέους
2635 3579 2792 3643 ἐλπὶς
2835 3579 2915 3643 είς
2956 3578 3138 3650 γῆρας
3186 3577 3346 3648 ἥξειν
3403 3577 3564 3648 βαθύ·
3591 3577 3632 3629 oi
3665 3573 3710 3626 δὲ

467 3685 599 3725 vero
638 3679 838 3740 prazter
864 3679 1091 3724 mortem
1119 3670 1255 3725 nihil
1281 3671 1454 3740 magis
1476 3672 1872 3742 praestolamur.
1898 3673 2009 3742 Equ

2171 3672 2541 3745 γεγηρακότες
2592 3672 2746 3726 οὐδὲν
2773 3672 2986 3743 ἕτερον,
3011 3672 3047 3744 ἡ
3077 3671 3171 3725 τὸν
3201 3671 3444 3726 θάνατον
3469 3669 3713 3742 evaporati-

470 3761 589 3813 dem
622 3773 786 3814 causa
822 3774 928 3814 non
964 3760 1123 3829 plane
1171 3761 1423 3831 cognita,
1457 3762 1529 3816 ob
1572 3778 1735 3832 quam
1770 3764 1898 3820 hinc
1941 3766 2012 3821 dis

2172 3762 2278 3816 λεῖν
2301 3762 2502 3816 δίκαιοι
2529 3761 2598 3815 ἂν
2630 3758 2760 3818 εἶεν.
2805 3760 2950 3830 Ἐγὼ
2978 3761 3038 3814 δὲ
3070 3762 3169 3832 τὴν
3193 3762 3387 3816 αἰτίαν
3407 3759 3634 3831 ἀκριϐῶς
3652 3757 3714 3827 μὴ

469 3850 739 3914 cesseris,
798 3863 969 3919 neque
1019 3849 1352 3905 defenderim
1403 3861 1454 3906 te
1497 3856 1846 3921 excusando,
1890 3871 1954 3911 ac
1989 3873 2011 3910 ιι

2173 3854 2554 3925 ἐπιστάμενος,
2584 3855 2655 3909 δι’
2681 3857 2746 3926 ἣν
2773 3853 3025 3908 ἐντεῦθεν
3044 3855 3291 3926 ἀπῆρας,
3322 3853 3450 3908 οὗτε
3480 3852 3715 3920 ἀπελογη-

468 3940 770 3994 damuarim
819 3939 1072 4010 quidem,
1107 3942 1202 3997 sed
1247 3943 1362 3998 haec
1392 3943 1458 3996 ad
1507 3953 1560 3999 te
1608 3946 1849 4001 scribere
1878 3947 2010 4002 visui

2175 3950 2364 4020 τάμην,
2432 3947 2561 4002 οὔτε
2610 3948 3102 4019 κατεψηφισάμην,
3157 3947 3278 4002 ἀλλ’
3333 3945 3717 4020 ἐπηγγειλάμην

470 4042 572 4086 est.
602 4032 967 4096 Quamobrem
997 4034 1140 4102 quod
1169 4032 1329 4090 obicii
1361 4035 1432 4090 sit
1460 4035 1568 4099 tui,
1607 4044 1784 4091 tecum
1819 4036 2012 4109 diligen

2175 4041 2414 4113 τράφειν.
2482 4039 2659 4105 Αὐτὸς
2697 4041 2878 4094 τοίνυν
2909 4040 2973 4093 τὺ
3023 4040 3142 4094 δέον
3195 4041 3413 4113 πρᾶξαι
3470 4035 3717 4110 προθυμή-

475 4132 556 4175 ιοι·
591 4131 806 4175 reputa.

693 4134 806 4174 uta.
2190 4152 2195 4163 .

653 4136 824 4268 [ὧν.
854 4242 924 4252 -
974 4211 1347 4272 THEODORO
1384 4214 1878 4275 SCHOLASTICO.
2155 4134 2185 4187 θ

2226 4151 2300 4186 τι.

2155 4134 2222 4204 θη
2388 4224 2539 4280 PIE'.
2585 4255 2648 4264 —
2682 4223 2995 4294 ΘΕΟΔΩΡῼ
3036 4222 3505 4293 ΣΧΟΛΛΣΤΙΚῼ.

994 4302 1189 4357 Melior
1213 4315 1286 4357 est
1311 4305 1465 4358 homo
1503 4307 1718 4361 sedulus
1749 4309 1869 4362 licet
1903 4325 2126 4381 pauper,
2153 4331 2313 4384 quam
2347 4316 2572 4385 ignarus
2603 4315 2747 4369 dives
2779 4314 2963 4383 apibus
2997 4315 3234 4384 aﬁluens.

549 4416 808 4483 Quisnam
843 4418 1012 4488 gloria
1047 4417 1304 4486 iustoque
1333 4419 1547 4487 dignior
1574 4419 1780 4474 honore
1809 4435 1929 4476 esse
1961 4432 2065 4478 tum

2243 4429 2404 4492 Ποῖος
2434 4429 2544 4498 ἄρα
2572 4428 2722 4481 δοκεῖ
2745 4429 2814 4499 τῇ
2845 4429 2911 4498 σῇ
2943 4425 3226 4480 παιδεύσει
3258 4426 3516 4489 εὐκλείας
3554 4422 3637 4478 καὶ
3655 4421 3721 4474 δό-

473 4510 774 4579 prudentiae
798 4511 1062 4576 videatur,
1086 4512 1176 4580 qui
1211 4509 1344 4565 nihil
1372 4511 1590 4581 quidem
1615 4515 1864 4583 generosi
1904 4528 2015 4585 aget

2180 4519 2270 4590 Εης
2300 4494 2510 4590 ἀγαθῆς
2540 4519 2743 4584 δίκαιος
2786 4494 2930 4572 εἶναι
2974 4521 3178 4589 τυχεῖν,
3230 4521 3260 4571 6
3287 4519 3459 4590 μηδὲν
3493 4518 3586 4588 μὲν
3614 4532 3722 4584 προ-

478 4602 680 4665 studet,
711 4601 764 4654 in
789 4602 1043 4656 secundis
1063 4616 1193 4657 vero
1215 4602 1522 4657 consistens
1550 4603 1713 4658 rebus
1734 4644 1750 4670 ,
1778 4612 1833 4659 et
1860 4603 2020 4660 diviti

2179 4613 2437 4684 θυμηθεὶς
2485 4616 2735 4682 γενναῖον
2783 4611 3215 4683 διαπράξασθαι,
3260 4611 3322 4664 ὲν
3375 4607 3635 4681 εὐημερίᾳ
3676 4604 3721 4657 δὲ

477 4692 644 4760 fulget
668 4702 723 4745 et
751 4692 999 4747 claritate
1027 4692 1345 4762 dignitatis;
1372 4693 1460 4750 vel
1493 4693 1584 4764 qui
1611 4695 1766 4760 nihil,
1797 4705 2019 4765 quantm

2183 4708 2457 4777 τυγχάνων
2489 4706 2583 4760 καὶ
2631 4705 2874 4776 πλούτῳ,
2924 4705 3024 4759 καὶ¹
3069 4707 3181 4768 τοῖς
3217 4703 3448 4758 δοκοῦσι
3490 4698 3725 4770 λαμπροῖς

479 4787 535 4838 in
565 4785 682 4854 ipso
718 4793 839 4850 est,
892 4784 1239 4854 relinquens,
1280 4793 1407 4856 agat
1441 4786 1625 4842 omnia
1675 4802 1796 4857 quae
1843 4789 2021 4859 dignun

2179 4797 2512 4868 ἄξιώμασινς
2547 4798 2618 4851 Ἦ
2647 4801 2676 4852 6
2712 4797 2884 4869 μηδὲν
2914 4799 3037 4868 μὲν,
3064 4790 3138 4850 ὧν
3171 4793 3284 4860 οἷός
3308 4813 3373 4850 τε
3406 4791 3478 4867 ἦν
3506 4791 3721 4853 ἐλλιπὼν,

478 4875 752 4945 praeconio
809 4876 1070 4938 reddant,
1121 4876 1364 4946 aliosque
1410 4877 1478 4930 ad
1524 4878 1784 4933 virtutem
1831 4880 2020 4935 excitet

2183 4889 2312 4943 ἀλλὰ
2337 4891 2519 4945 πάντα
2552 4891 2794 4963 πράξας,
2836 4891 2940 4944 ὅσα
2965 4890 3130 4943 αὐτόν
3153 4906 3211 4942 τε
3235 4890 3592 4960 ἀναρρήσεως
3608 4885 3725 4948 ἄξιον

478 4971 704 5022 adversa
757 4977 931 5020 tamen
982 4983 1109 5021 usus
1141 4968 1359 5022 fortuna
1383 5009 1398 5034 ,
1427 4978 1482 5024 et
1522 4969 1577 5024 hi
1609 4970 1789 5040 inopia
1821 4970 2020 5042 degens

2181 4976 2316 5034 εἶναι
2366 4983 2530 5046 ποιεῖ,
2577 4983 2673 5034 καὶ
2714 4983 2842 5044 τοὺς
2885 4980 3088 5043 ἄλλους
3111 4981 3192 5042 είς
3235 4978 3444 5050 ἀρετὴν
3484 4974 3723 5043 διεγείρειν

492 5061 622 5114 Mihi
656 5059 874 5126 quidem
909 5060 998 5115 hic
1029 5059 1374 5129 potissimum
1403 5061 1708 5119 laudandus
1741 5063 1980 5120 videtur.
2011 5064 2034 5119 Ε

2184 5071 2504 5144 δυσπραγῶν
2553 5072 2612 5126 δὲ
2650 5073 2744 5126 καὶ
2778 5073 2941 5143 πενίᾳ
2989 5070 3198 5136 συζῶν;
3262 5070 3426 5140 Ἐμοὶ
3461 5068 3558 5140 μὲν
3601 5058 3726 5122 οὗτος

479 5165 612 5205 vero
644 5159 699 5206 et
739 5150 835 5205 tibi
884 5150 938 5205 id
975 5151 1152 5222 ipsum
1204 5152 1474 5221 videatur,
1527 5167 1595 5209 ne
1648 5169 1759 5224 prae
1801 5161 1856 5211 te
1886 5155 2021 5211 feras

2183 5162 2341 5216 δοκεῖ’
2359 5163 2481 5216 εἰδὲ
2509 5165 2606 5218 καὶ
2638 5164 2743 5231 σοὶ,
2771 5164 2847 5235 μὴ
2876 5164 3136 5218 τάναντία
3156 5162 3352 5240 φαίνου
3373 5160 3725 5232 ψηφιζόμενος·

480 5245 637 5313 quasi
666 5244 999 5299 contrarium
1025 5244 1249 5298 sentias.

742 5334 929 5390 CXVI.
959 5365 1029 5375 ——
1066 5334 1267 5390 CASIO
1314 5335 1802 5394 PRESBYTERO.

2459 5349 2623 5418 Ριςν.
2666 5381 2735 5389 -
2769 5351 2978 5422 xum
3008 5349 3488 5420 ΠΡΕΣΒΥΤΕΡῼ.

1335 5428 1411 5482 De
1443 5427 1641 5483 Zosimi
1667 5431 1900 5499 improbe
1929 5432 2108 5499 factis.
2143 5435 2298 5506 (Sup.
2333 5439 2486 5506 epist.
2523 5441 2627 5494 105
2667 5452 2715 5496 et
2749 5441 2896 5511 I05.)

555 5541 736 5596 Mirari
789 5549 839 5594 te
895 5541 1090 5595 scribis
1137 5556 1261 5596 cum
1313 5539 1587 5594 Zosimum
1647 5542 1819 5596 sacris
1866 5543 2074 5599 initiari

2269 5548 2486 5622 Ἐπειδὴ
2531 5552 2819 5624 γέγραφας
2861 5553 3187 5624 θαυμάζειν,
3231 5550 3384 5615 ὅπως
3427 5549 3491 5604 τὺ
3520 5544 3727 5621 ἱερᾶσθαι

1564 5729 1568 5733 .
1622 5672 1859 5729 ἾΑΒΙΑΞ
1902 5674 2288 5735 LECTIONFS
2323 5684 2412 5737 ET
2454 5684 2686 5740 ΝΟΤΑΞ.

576 5814 686 5883 (95)
719 5815 1140 5886 Ἀποστερήσειν
1175 5813 1332 5868 ambo
1355 5810 1510 5868 codd.
1536 5811 1839 5880 producunt
1862 5811 1916 5866 iu
1943 5813 2118 5867 ἀποστ

1105 5831 1140 5867 νν
1175 5813 1332 5868 ambo
1355 5810 1510 5868 codd.
1536 5811 1839 5880 producunt
1862 5811 1916 5866 iu
1943 5813 2391 5885 ἀποστερήσειεν.
2438 5815 2647 5872 Possm.
