3906 6416
444 402 606 485 1395'
1687 423 1750 485 s.
1793 421 2089 485 15100111
2129 370 2573 487 PEILUSIOT/E
2822 430 2839 448 ·
3560 414 3697 487 1396‘

611 530 779 589 CXX.
823 560 897 575 -—
952 532 1257 591 HYPATIO
1300 535 1510 592 REMP.
1560 536 1888 596 GERENTI.
2054 546 2102 603 Α

2054 546 2102 603 Α
2342 534 2476 598 PK’.
2513 573 2584 584 -‹
2630 539 2889 613 ΥΠΔΤΙῼ
2927 536 3484 608 ΠΟΛΙΤΕΥΟΜΕΝῼ.

1213 652 1644 710 Procrastinatto
1695 660 2079 715 emendationis
2112 662 2325 715 tandem
2361 661 2454 714 Dei
2489 660 2627 714 iram
2668 663 2939 726 provocat.

517 756 754 824 Norunt,
793 759 1010 830 opinor,
1043 776 1236 819 omnes
1280 779 1374 819 eos
1408 766 1500 835 qui
1540 766 1591 848 in
1624 768 1787 824 rebus
1832 785 2028 847 geren-

2206 768 2333 830 Ὀτι
2359 773 2457 843 μὲν
2483 773 2531 825 οἱ
2560 769 2989 841 ἀναϐαλλόμενοι
3020 767 3225 839 πρᾶξαι
3244 764 3313 819 τὰ
3339 764 3539 848 δέοντα,
3568 763 3676 818 ίδεῑν

443 848 529 904 dis
566 852 932 907 cunctabundi
982 864 1146 921 sunt,
1186 869 1391 924 cupere
1465 859 1690 928 propius
1756 861 1985 929 inspice:

2136 865 2368 937 ἐγγύθεν
2396 864 2673 935 βούλονται
2701 863 2771 916 τὰ
2794 861 2963 916 δεινά.
2994 862 3079 927 (οί
3107 860 3216 929 γὰρ
3236 857 3325 912 διὰ
3342 856 3596 928 ρᾳθυμίαν
3612 858 3677 920 εἰς

442 956 631 996 earum
667 955 853 997 rerum
902 944 1203 1000 molesdas.
1244 944 1345 1013 Qui
1401 947 1546 1003 enim
1602 965 1697 1019 per
1753 952 1984 1018 ignavia:

2137 958 2234 1027 τὴν
2264 954 2467 1027 ἀρετὴν
2513 953 2912 1025 ἐξυϐρίζοντες,
2935 951 3037 1015 τὰς
3065 948 3340 1020 τιμωρίας
3363 948 3447 1015 ἐφ’
3483 948 3679 1010 ἑαυτοὺς

440 1031 626 1088 virtuti
658 1034 910 1106 injuriam
942 1034 1173 1102 faciunt,
1205 1053 1394 1108 pmuas
1419 1039 1521 1095 sibi
1547 1052 1853 1108 arcessunt,
1882 1060 1982 1114 qua

2139 1047 2378 1109 ἕλκουσι,
2417 1044 2660 1114 διψώσας
2703 1042 2985 1114 μετελθεῖν
3049 1042 3177 1103 τοὺς
3236 1038 3504 1107 ἁλόντας,)
3550 1034 3681 1107 οἶμαι

441 1143 580 1199 quos
607 1129 1090 1200 apprehenderint,
1139 1133 1318 1199 avide,
1373 1136 1618 1202 graviter
1660 1137 1983 1193 ulciscuntul

2137 1138 2346 1201 πάντας
2390 1135 2625 1190 εἰδέναιο
2673 1135 2757 1188 ὃτι
2782 1133 2840 1187 δὲ
2876 1133 2952 1195 εἰς
2993 1129 3246 1192 κολάσεις
3295 1128 3679 1198 περιστήσονται

441 1218 596 1286 Quod
621 1235 750 1276 vero
774 1222 828 1277 in
849 1223 1046 1279 delicta
1075 1224 1305 1279 ultiones
1330 1226 1641 1283 constituta:
1661 1240 1863 1298 parata:
1896 1231 1977 1286 sin

2136 1231 2202 1285 τά
2244 1227 2733 1300 πλημμελήματα,
2782 1226 2850 1280 ἂν
2893 1224 2970 1295 μὴ
3005 1222 3267 1294 μετανοίᾳ
3304 1218 3678 1289 θεραπευθῶσι,

442 1309 610 1382 589
640 1311 740 1368 nisi
776 1315 1108 1385 paenitentia:
1147 1318 1372 1374 accedat
1410 1321 1699 1390 medicina,
1734 1320 1863 1378 Noae
1886 1323 1984 1378 dilu

2138 1321 2236 1376 καὶ
2264 1322 2293 1375 ό
2322 1318 2732 1390 κατακλυσμὸς,
2764 1317 2860 1371 xui.
2876 1314 2945 1369 τὰ
2969 1315 3063 1369 ἐπὶ
3094 1311 3402 1382 Σοδομιτῶν
3426 1308 3680 1379 συμϐάντα

443 1402 613 1465 vium,
643 1417 874 1474 quaeque
906 1405 958 1460 in
1000 1405 1253 1467 Sodomis
1300 1414 1638 1477 acciderunt,
1687 1422 1880 1483 aperte
1910 1414 1985 1468 cla

2139 1413 2436 1485 διαρρήδην
2460 1411 2580 1483 βοᾷ.
2618 1411 2736 1479 Ἐφ’
2757 1403 2856 1473 ὧν,
2882 1409 2931 1461 εἰ
2959 1406 3053 1460 καὶ
3085 1402 3347 1476 μέλλησις
3367 1419 3449 1464 τις
3466 1399 3681 1468 γέγονεν,

443 1502 616 1547 mam.
649 1493 756 1549 Pro
776 1497 972 1566 quibus
991 1501 1093 1555 etsi
1114 1506 1389 1562 cunctatio
1412 1505 1483 1562 sit
1518 1520 1582 1561 ac
1608 1506 1985 1576 procrastinati

2142 1506 2249 1561 m'
2293 1506 2395 1559 οὐκ
2436 1506 2518 1568 είς
2545 1503 2696 1566 τέλος
2741 1501 2999 1571 ἀκίνητος
3036 1498 3277 1569 ἔμεινεν,
3311 1493 3346 1564 ἢ
3390 1491 3537 1562 μόλις
3579 1491 3684 1560 μὲν,

444 1586 716 1655 quaedam,
752 1603 858 1644 non
895 1597 1076 1648 tamen
1129 1596 1181 1649 iu
1237 1597 1399 1652 linem
1431 1597 1738 1663 differetur,
1780 1598 1864 1654 vel
1917 1598 1986 1655 τοι

1431 1597 1738 1663 differetur,
1780 1598 1864 1654 vel
1917 1598 2029 1655 fere
2132 1598 2352 1661 πάντως
2386 1596 2445 1650 δὲ
2472 1595 2768 1666 κινουμένη
2798 1594 2944 1664 δίκη.

446 1676 688 1744 quidem,
717 1694 822 1734 non
855 1682 1070 1751 penitus
1096 1692 1276 1743 tamen
1320 1702 1479 1757 paena
1512 1688 1742 1745 tollitur.

674 1788 860 1847 CXXI.
891 1820 946 1835 -
986 1791 1288 1853 OPHELIO
1316 1798 1799 1858 GRAMMATICO.
2061 1800 2105 1856 B

2061 1800 2105 1856 B
2386 1802 2566 1855 PKA'.
2600 1830 2669 1838 —
2699 1798 2943 1869 ΩΦΕΛΙῼ
2979 1795 3468 1865 ΓΡΔΜΜΑΤΙΚῼ.

1668 1896 1744 1951 De
1775 1896 2038 1952 Laconica
2087 1896 2327 1951 oratione
2363 1893 2498 1965 (98).

515 1998 651 2053 Cum
697 2001 865 2057 multa
920 2002 1219 2062 funduntur
1287 2011 1471 2077 verba,
1504 2022 1559 2069 et
1615 2015 1922 2085 importuna
1968 2012 2029 2070 ﬁt

2211 2011 2326 2082 Οὐχ
2355 2011 2484 2064 ὅταν
2513 2008 2682 2073 πολὺς
2714 2009 2742 2061 ό
2770 2007 2928 2076 λόγος
2971 2005 3091 2079 ῥέῃ,
3124 2003 3221 2057 καὶ
3245 2000 3355 2066 ἔξω
3378 2000 3482 2053 τῶν
3505 1998 3682 2067 καιρῶν

446 2090 645 2158 oratio,
680 2107 786 2147 non
815 2107 1103 2165 propterea
1137 2097 1451 2156 admiranda
1482 2112 1585 2168 est,
1616 2105 1710 2165 sed
1740 2120 1860 2160 cum
1900 2105 1988 2160 brc

2137 2103 2398 2175 φέρηται,
2425 2101 2740 2172 θαυμαστός
2775 2101 2952 2153 ἐστιν⁶
2979 2097 3095 2152 ἀλλ’
3133 2097 3264 2149 ὅταν
3294 2094 3492 2164 βραχὺς
3531 2092 3615 2161 μὲν

449 2182 531 2235 vis
567 2183 784 2253 quidem
832 2188 1164 2256 prolixitatc,
1197 2190 1353 2262 longa
1404 2208 1532 2249 vero
1563 2195 1636 2250 sit
1662 2195 1931 2262 sensibus,
1962 2212 1990 2250 a

2142 2200 2213 2272 τῷ
2253 2202 2441 2272 μήκει,
2465 2199 2632 2262 πολὺς
2652 2198 2709 2251 δὲ
2735 2200 2847 2262 τοῖς
2883 2196 3261 2267 ἐνθυμήμασι,
3291 2193 3386 2245 καὶ
3413 2193 3469 2244 ἐν
3494 2190 3563 2260 τῷ
3587 2208 3684 2243 συν-

446 2276 792 2345 compendio,
821 2290 1083 2349 quantum
1138 2293 1222 2339 est
1265 2285 1399 2340 satis
1442 2288 1748 2353 continens,
1778 2287 1883 2344 loci
1927 2303 1988 2359 op

2138 2293 2289 2364 τόμῳ
2307 2293 2369 2346 τὸ
2384 2291 2798 2358 ἁπαράλειπτον
2817 2289 2979 2361 ἔχων.
3011 2288 3118 2341 ὑπὸ
3134 2285 3230 2340 τοῦ
3255 2284 3452 2355 καιροῦ
3478 2282 3680 2353 μάλιστα

448 2367 780 2434 portunitate
810 2374 1046 2428 maxime
1079 2375 1316 2430 animata
1346 2377 1581 2431 vividior
1614 2389 1858 2448 apparet.

1626 2389 1858 2448 apparet.
2136 2385 2435 2457 ψυχωθεὶς,
2475 2381 2757 2449 ζωτικώτε
2766 2399 2855 2454 ρος
2883 2380 3168 2450 φαίνηται.

521 2505 730 2564 cxxu.
761 2542 833 2552 —
866 2512 1636 2586 nanrlnysnngosmo,
1663 2517 1955 2586 nanum,

2207 2520 2384 2575 PKB’.
2434 2548 2506 2559 —
2542 2516 3001 2586 ΜΑΡΤΙΝΙΑΝῼ,
3042 2515 3325 2586 ΖΩΣῙΜῼ,
3364 2511 3626 2578 ΜᾹΡΩΝΙ,

1032 2584 1445 2643 EUSTATHIO.
1624 2584 1627 2585 ν
1943 2584 1949 2586 '

1624 2584 1627 2585 '
1943 2584 1949 2586 ·
2712 2644 2717 2650 ,
2744 2584 3105 2656 ΕΥΣΤᾹΘΙῼ.

1418 2676 1763 2744 Reme/tendit
1795 2682 2027 2749 ipsorum
2056 2683 2409 2752 impudentem
2438 2682 2748 2750 nequitiam.

518 2803 750 2870 Quando
771 2820 878 2863 non
910 2806 1083 2862 solum
1107 2823 1213 2863 non
1245 2810 1413 2880 pudet
1435 2826 1530 2866 vos
1553 2826 1615 2866 ea
1643 2823 1882 2881 patrare,
1912 2830 2030 2883 quae

2222 2815 2440 2886 Ἐπειδὴ
2466 2815 2527 2867 οὐ
2562 2813 2642 2884 τῷ
2678 2814 2841 2883 μόνον
2874 2810 3287 2883 διαπράξασθαι
3315 2810 3503 2873 ταῦτα,
3534 2807 3567 2861 ἃ
3597 2824 3683 2877 μη-

448 2910 609 2949 nemo
656 2895 816 2961 alius,
872 2896 1095 2954 infamia
1143 2899 1420 2968 laborans,
1477 2904 1792 2967 committit,
1840 2921 1990 2959 veru:

2141 2911 2246 2974 δεὶς
2272 2910 2491 2963 πώποτε
2522 2909 2682 2972 ἄλλος
2708 2908 2817 2961 τῶν
2846 2910 2939 2961 ἐπὶ
2961 2909 3075 2971 τοῖς
3108 2906 3416 2976 αἰσχίστοις
3452 2902 3683 2974 3260qu-

448 2988 614 3041 etiam
651 2989 873 3058 gloriari
906 2991 1118 3047 audetis
1149 2993 1215 3047 de
1240 2993 1326 3059 iis,
1356 3009 1477 3062 quae
1506 2997 1789 3051 obscurari
1825 3013 1889 3051 ac
1922 3007 1990 3067 te;

2141 3017 2267 3065 νων,
2294 2998 2559 3069 αἰσχύνην
2588 2997 2908 3068 ὠφλήκατε,
2934 2996 3075 3050 ἀλλὰ
3103 2996 3199 3049 καὶ
3226 2994 3307 3065 τῷ
3330 2991 3683 3063 ἐναϐρύνεσθαι

448 3088 568 3132 erat
607 3094 844 3150 aequum,
875 3081 928 3136 iu
979 3097 1045 3138 eo
1078 3098 1291 3139 omnem
1348 3088 1646 3155 superastis
1693 3091 1985 3143 amentiam

2143 3093 2221 3159 ἐφ’
2268 3085 2349 3153 οἷς
2393 3090 2835 3159 ὲγκαλύπτεσθαι
2874 3089 3106 3155 δίκαιον,
3142 3090 3331 3142 πᾶσαν
3371 3084 3685 3158 ὑπερηκοντι-

450 3168 653 3223 idcirco
694 3170 760 3224 ad
794 3185 893 3226 vos
929 3172 1044 3228 haec
1093 3173 1220 3229 duxi
1275 3176 1695 3245 prmscribenda.
1745 3177 1855 3233 Illis
1882 3181 1992 3234 enit

2144 3201 2261 3237 rats
2308 3184 2538 3254 μανίαψ
2579 3182 2789 3237 δίκαιον
2832 3182 3025 3254 ᾠήθην
3088 3180 3252 3235 τοῦτο
3300 3179 3533 3252 χαράξαι
3574 3178 3686 3248 πρὸς

451 3266 599 3312 tanto
622 3258 921 3315 deteriores
954 3262 1111 3328 estis,
1141 3265 1283 3333 quod
1324 3278 1444 3333 qute
1478 3265 1576 3335 ipsi
1626 3266 1843 3336 quidem
1881 3283 1993 3323 com

2144 3276 2275 3345 ὓμᾶς
2315 3275 2376 3327 τὸ
2419 3274 2676 3345 γράμμα.
2720 3273 2979 3344 Τοσούτῳ
3022 3262 3135 3343 γὰρ
3194 3273 3427 3326 ἐκείνων
3466 3269 3597 3332 ὲστὲ,
3625 3267 3686 3331 ὥς

452 3351 720 3406 miserunt
747 3353 998 3420 crimina,
1033 3355 1303 3424 texerint;
1336 3372 1434 3413 vos
1478 3369 1666 3412 contra
1702 3359 1755 3413 in
1790 3359 1856 3414 iis
1876 3375 1994 3414 arro

2145 3383 2283 3435 ρασι,
2312 3365 2550 3437 χείρους,
2575 3368 2699 3419 ὅσον
2733 3366 2931 3418 ἐκεῖνοι
2964 3364 3237 3436 ἔπραττον
3295 3364 3421 3430 μὲν,
3457 3362 3687 3432 ἔκρυπτον

448 3454 644 3511 ιςιιιιιθι·
672 3460 768 3499 vos
786 3445 1025 3513 iactatis.
1056 3447 1340 3504 Summum
1365 3465 1496 3506 vero
1523 3451 1785 3505 malorum
1814 3452 1990 3508 illoruu

2144 3459 2187 3512 ié
2218 3473 2232 3487 ·
2266 3459 2427 3527 ὑμεῖς
2455 3458 2513 3511 δὲ
2558 3458 2654 3513 καὶ
2696 3457 3195 3526 ἐγκαλλωπίζεσθε.
3228 3456 3339 3509 Τὸν
3371 3456 3428 3509 δὲ
3450 3452 3686 3521 κολοφῶνα

449 3549 572 3590 esse
602 3535 866 3603 referunt,
902 3540 1045 3609 quod
1079 3541 1132 3594 hi
1164 3541 1320 3596 vobis
1349 3541 1636 3597 videantur
1658 3543 1913 3609 delirare,
1937 3560 1991 3613 qt

2144 3554 2244 3606 τῶν
2280 3553 2469 3610 κακῶν
2497 3554 2726 3607 ἐκείνων
2758 3550 2901 3607 εἷναί
2933 3570 3120 3622 φασιν,
3164 3552 3248 3605 ὅτι
3290 3552 3387 3605 καὶ
3440 3546 3686 3618 μαίνεσθαι

453 3626 680 3682 honeste
708 3628 929 3696 degunt,
962 3639 1017 3684 et
1046 3629 1285 3686 irridetis
1324 3647 1437 3698 eos,
1463 3633 1554 3702 qui
1581 3647 1678 3688 vos
1712 3634 1995 3689 udmonenl

2144 3648 2272 3717 ὑμῖν
2295 3646 2545 3701 δοκοῦσιν
2575 3647 2625 3699 οἱ
2658 3646 2903 3716 κοσμίως
2927 3645 3153 3711 ζῶντες,
3188 3644 3288 3698 καὶ
3326 3640 3635 3715 παραπαίειν
3650 3638 3686 3689 οἱ

450 3717 581 3782 Quae
603 3732 723 3771 cum
754 3719 828 3773 ita
854 3720 981 3786 sint,
1015 3721 1209 3791 ecquid
1251 3723 1404 3779 vobis
1447 3724 1694 3780 relictum
1729 3734 1816 3781 est
1848 3733 1992 3795 patrc

2144 3738 2522 3810 παραινοῦτες.
2575 3739 2712 3793 Ποία
2744 3735 2836 3791 οὖν
2896 3738 3025 3809 ὑμῖν
3067 3737 3378 3807 λελείψεται
3423 3731 3686 3802 cimiteriis;

446 3808 695 3862 ciuium?
720 3826 840 3880 quae
873 3814 1317 3869 commiseratio?
1360 3830 1546 3885 ecquae
1577 3817 1737 3872 venia
1782 3818 1986 3889 reliqua

1941 3820 2031 3873 la?
2138 3808 2231 3894 τίς
2255 3830 2423 3895 ἕλεος,
2458 3829 2588 3884 ποία
2623 3808 2956 3902 συγγνώμης
2994 3829 3110 3883 Οὐκ
3140 3828 3247 3900 ἔχω
3280 3828 3483 3897 λέγειν.

448 3899 712 3969 Equidem
743 3918 852 3959 non
886 3904 1059 3960 habeo
1085 3906 1286 3975 dicere.
1945 3925 1950 3931 '
2076 3910 2081 3913 “

908 4035 1139 4093 CXXIII.
1173 4068 1241 4078 -—
1276 4038 1566 4095 ΤΙΙΟΜλίΙὶἱ

2670 4051 2843 4104 PKA'.
2875 4078 2950 4091 --
2977 4050 3189 4121 enata.

1087 4129 1164 4183 ίΕ
1170 4131 1331 4184 ternis
1362 4140 1413 4184 et
1453 4131 1721 4185 mansuris
1753 4132 2131 4189 adhwrendum
2157 4154 2179 4202 ;
2202 4140 2441 4205 peritura
2470 4151 2647 4194 autem
2686 4141 3087 4195 contemnenda.

522 4234 646 4289 Haec
674 4238 1116 4303 possessionibus
1149 4241 1261 4295 sola
1295 4241 1658 4308 ascribamus,
1689 4243 1887 4310 quibus
1916 4260 2036 4297 cum

2211 4251 2395 4321 Μάνης
2426 4252 2528 4321 τῆς
2570 4253 2820 4323 κτήσεως
2872 4254 3098 4306 ἐκείνων
3143 4251 3422 4322 ἐχώμεθα,
3471 4242 3540 4303 ὧν
3576 4246 3686 4319 μετὰ

450 4327 557 4379 erit
588 4329 950 4394 moriendum,
981 4346 1118 4399 opus
1144 4333 1273 4388 erit.
1304 4333 1531 4404 Reliqua
1566 4349 1696 4389 vero
1724 4346 1992 4391 contemu:

2145 4342 2245 4413 τὴν
2270 4343 2595 4415 ἀπαλλαγὴν
2613 4344 2769 4397 τοῦδε
2803 4344 2899 4398 τοῦ
2928 4344 3049 4415 βίου
3079 4344 3495 4416 δεηοησόμεθα’
3522 4342 3617 4397 τῶν
3642 4340 3686 4393 δὲ

451 4434 589 4473 "IIIS.

2071 4431 2119 4488 Β
2144 4434 2351 4487 λοιπῶν
2381 4437 2910 4507 καταφρονήσωμεν.

626 4529 864 4591 CXXIV.
892 4564 962 4573 —
990 4533 1389 4591 IIARPOCIUE
1426 4536 1811 4596 SOPIIISTIE.

2412 4544 2588 4598 PKP.
2622 4575 2693 4585 -
2723 4545 3061 4618 ΑΡΠΟΚΡᾼ
3090 4548 3403 4619 socrum.

1778 4632 2076 4687 Cohibenda
2105 4635 2392 4689 calumnia.

526 4735 957 4795 Calumniantem
1005 4742 1117 4796 fere
1178 4743 1464 4799 universos
1513 4745 1728 4802 refreua
1783 4750 2034 4819 graviore

2213 4752 2318 4805 Τὸν
2364 4752 2727 4808 διαϐάλλοντα
2777 4755 2966 4826 σχεδὸν
2995 4758 3129 4810 πᾶσι
3178 4756 3410 4820 πάντας,
3462 4753 3684 4825 ἑμόριθε-

455 4828 893 4897 cumminatione,
916 4846 983 4887 ne
1010 4833 1272 4903 supplicio
1305 4845 1493 4906 postea
1531 4838 1789 4909 indigeat.

2145 4846 2315 4917 στέρᾳ
2345 4846 2544 4919 ἀπειλῇ
2585 4851 2922 4918 σωφρόνισον
2941 4868 2955 4881 ⁸
2989 4851 3076 4903 ἴνα
3103 4850 3181 4920 μὴ
3208 4851 3476 4922 τιμωρίας
3497 4848 3687 4920 ὕστερον

2139 4940 2375 5011 δεηθείη.

951 5041 1165 5101 CXXV.
1202 5076 1273 5086 —
1306 5047 1535 5103 EIDEM.

2592 5052 2768 5105 PKE'.
2799 5082 2871 5092 —
2903 5053 2990 5124 To
3023 5053 3228 5125 ΑΥΤῼ.

1650 5143 1733 5196 Ad
1761 5145 2055 5213 frequentes
2087 5144 2291 5199 litteras
2320 5144 2527 5201 invitat.

524 5243 751 5311 Quoties
799 5256 920 5302 tuas
972 5249 1181 5319 accipio
1230 5251 1441 5309 litteras
1490 5254 1726 5311 disertas
1778 5256 1919 5321 illas,
1983 5268 2038 5314 et

2222 5258 2415 5313 Ἡνίκα
2458 5259 2764 5330 γράμματα
2814 5259 3074 5330 δεχοίμην
3113 5259 3215 5329 τῆς
3248 5260 3346 5329 σῆς
3393 5258 3684 5326 λογιότητος.

454 5336 621 5390 multa
655 5338 827 5401 disco,
876 5350 932 5394 et
964 5357 1215 5411 magnam
1253 5344 1376 5399 inde
1406 5346 1558 5413 capio
1589 5348 1898 5402 utilitatem.
1942 5351 1996 5404 Εε

2141 5351 2236 5405 καὶ
2287 5349 2625 5414 παιδεύσεως
2678 5350 3021 5421 πληροῦμαι,
3084 5351 3179 5402 καὶ
3234 5349 3443 5420 σφόδρα
3486 5343 3682 5413 γέγηθα.

456 5429 600 5482 enim
642 5430 697 5485 in
733 5430 800 5484 iis
847 5442 904 5486 et
928 5431 1176 5499 aiiectus,
1224 5444 1279 5490 et
1312 5436 1600 5492 verborum
1632 5439 1734 5494 vis.
1763 5438 1819 5493 Si
1856 5450 1998 5496 auten

2146 5443 2304 5494 Ἔστι
2333 5441 2442 5511 γὰρ
2492 5443 2549 5495 ὲν
2576 5442 2759 5505 αὐτοῖς
2787 5442 2884 5495 καὶ⁹
2910 5442 3230 5504 διαθέσεως,
3259 5441 3352 5495 καὶ
3406 5439 3570 5507 λόγων
3589 5430 3685 5486 ὲπί-

460 5519 702 5578 scribere
731 5523 801 5578 ad
837 5538 923 5580 me
945 5524 1237 5597 aliquando
1266 5529 1535 5596 cessabis,
1564 5531 1868 5587 discrucior
1888 5534 2002 5602 equi

2143 5530 2331 5595 δειξις.
2365 5532 2429 5584 Εἰ
2456 5531 2516 5585 δὲ
2550 5531 2692 5601 πρὸς
2725 5531 2899 5602 βραχὺ
2933 5531 3192 5602 ὑπέρθοιο
3223 5530 3287 5583 τὸ
3317 5531 3563 5601 γράφειν,
3589 5521 3682 5576 λίαν

1570 5708 1807 5764 νΑιιιιΕ
1841 5709 2229 5766 LECTIONES
2262 5711 2348 5764 ET
2390 5710 2629 5766 NOT/E.

530 5851 643 5925 (98)
682 5853 760 5910 De
782 5852 1102 5915 Laconismo
1126 5860 1288 5916 etiam
1315 5860 1532 5933 elegans
1556 5861 1798 5935 Gregorii
1832 5861 2158 5923 Nazianzcni
2187 5873 2365 5923 exstat
2396 5867 2462 5923 ad
2489 5865 2807 5925 Nicobulum
2842 5868 3096 5940 epistola.
3131 5870 3371 5928 Scuon.
