3906 6416
129 550 315 621 ἀθυμῶ,
345 546 438 601 καὶ
486 546 589 618 τὴν
635 545 881 617 γλῶτταν
910 549 1283 623 ἀμϐλύνομαι,
1314 552 1439 606 οὔτε
1465 554 1564 625 τῆς
1590 555 1679 607 εὐ·
1707 562 1754 618 Α

129 639 375 711 φροσύνης
418 656 509 708 μοι
542 641 1003 711 προσγινομένης,
1033 641 1159 696 οὔτε
1190 644 1288 713 τῆς
1319 645 1428 698 ἀπὸ
1454 645 1564 698 τῶν
1588 644 1680 698 λόω

130 749 226 799 γων
247 730 525 799 ὠφελείας.
553 729 646 801 Μὴ
690 731 869 784 τοίνυν
900 732 1073 786 ἁδίκει
1101 735 1195 788 τὸν
1238 736 1339 805 τῆς
1375 735 1559 805 φιλίας
1589 737 1680 790 θε-

131 825 245 889 σμὸν
268 824 395 893 (99),
427 822 562 875 ἀλλά
611 825 823 893 συχνῶς
857 826 1062 896 γράφε.
1109 826 1268 881 Οὗτω
1307 828 1415 898 γὰρ
1446 828 1543 899 ἔσῃ
1592 847 1681 899 μοι

129 910 268 964 πλέον
296 912 710 982 κεχαρισμένος.

531 1026 721 1093 PKq'.
762 1056 832 1066 —
867 1027 1213 1100 ΦΙΛΗΤΡΙῼ.

408 1114 488 1170 De
516 1116 767 1172 Ecclesia:
794 1120 1096 1175 vulneribus
1125 1122 1365 1191 ritiisque
1400 1123 1773 1191 persanandis,

197 1229 451 1299 Ἐγὼ,ὃτι
488 1228 587 1300 μὲν
632 1229 825 1300 πρώην
860 1232 893 1301 ἡ
936 1230 1031 1285 τοῦ
1079 1232 1322 1303 Χριστοῦ
1376 1234 1677 1306 Ἐκκλησία

127 1323 207 1376 καὶ
238 1322 356 1386 τοὺς
385 1321 741 1387 διδασκάλους
776 1320 889 1394 εἶχε
925 1325 1237 1396 λαμπροὺς,
1265 1326 1363 1382 καὶ
1394 1331 1522 1391 τοὺς
1557 1345 1677 1397 φοι-

126 1414 270 1486 τητάς
294 1412 632 1485 εὐδοκίμους,
662 1414 808 1485 μάλα
834 1416 1079 1488 ἀκριϐῶς
1112 1412 1226 1471 οῖδα
1249 1434 1264 1450 °
1287 1419 1384 1472 καὶ
1411 1418 1501 1472 ἐπ’
1539 1418 1675 1490 ἐμοῦ

992 436 1524 501 EPISTOLARUM
1563 441 1710 504 LIB.
1744 444 1811 505 V.
1839 467 1912 481 ·-
1940 443 2186 514 EPISI.
2223 445 2544 507 CXXVIII.

3220 442 3357 511 I398
3411 436 3419 449 ’

1784 556 1904 611 dem
1935 558 2164 611 nimium
2213 568 2496 627 quantum,
2529 566 2585 612 et
2626 556 2804 627 lingua
2838 563 3035 627 torpet,
3066 571 3240 625 neque
3269 557 3363 613 lm-
3420 562 3425 573 "

1782 656 1893 702 tum
1923 650 2052 718 quid
2102 650 2320 716 accidit,
2357 664 2532 720 neque
2566 651 2856 705 utilitatem
2904 650 3145 718 percipio
3169 663 3199 703 e
3234 664 3355 705 ser-

1780 752 1942 793 mone
1976 748 2090 794 tuo.
2118 739 2239 794 Noli
2268 740 2452 808 itaque
2498 739 2752 794 amicitiae
2787 738 2966 795 ftedus
3000 738 3226 801 violare,
3268 738 3363 794 sed

1779 827 2098 898 frequenter
2128 829 2327 886 scribe.
2363 828 2455 885 Sic
2493 831 2624 885 mihi
2656 830 2812 900 longe
2837 829 2934 884 lies
2968 829 3206 884 charior.

2090 1032 2255 1104 59o
2292 1033 2527 1090 cxxvr.
2560 1065 2631 1076 —
2659 1033 3047 1090 PHILETRlO.

1820 1133 1986 1180 aurea
2024 1126 2269 1195 epistola.
2304 1126 2519 1196 Confer.
2550 1129 2704 1196 epist.
2734 1128 2800 1182 21
2841 1138 2889 1180 et
2918 1125 3035 1194 37.)

1853 1236 2029 1294 Probe
2074 1239 2292 1308 quidem
2333 1239 2458 1296 novi
2498 1240 2551 1294 in
2590 1239 2793 1295 Christi
2841 1238 3077 1309 primum
3123 1237 3364 1295 Ecclesia

1783 1335 2037 1391 doctores
2070 1334 2317 1405 egregios
2345 1334 2631 1397 claruisse,
2660 1335 2898 1402 itemque
2920 1334 3176 1403 probatos
3203 1333 3366 1389 disci-

1784 1425 1940 1497 pulos
1970 1435 2064 1482 :et
2093 1440 2214 1482 meo
2239 1427 2455 1497 quidem
2488 1434 2753 1495 tempore,
2806 1440 2911 1480 non
2956 1424 3094 1480 olim
3133 1432 3361 1490 tantum,

126 1508 234 1578 γὰρ,
261 1506 375 1577 οὐχὶ
397 1506 567 1561 πάλαι
600 1506 784 1577 μόνον,
812 1509 1004 1577 γέγονε
1034 1508 1209 1564 ταῦτα
1234 1511 1522 1584 ἀμφότερα
1543 1527 1555 1540 '
1583 1513 1667 1566 ὅτι

1793 1522 2069 1583 utrumque
2100 1513 2293 1570 borum
2319 1514 2522 1570 factum
2541 1525 2648 1570 est.
2675 1514 2727 1573 Id
2759 1522 2938 1569 autem
2973 1513 3136 1569 hodie
3165 1514 3365 1585 impos-

124 1597 172 1650 δὲ
203 1596 286 1649 καὶ
313 1594 407 1648 νῦν
446 1596 608 1649 τοῦτο
639 1597 742 1650 οὐκ
794 1597 945 1651 ἐστιν
973 1598 1235 1653 ἀδύνατον
1276 1599 1555 1668 γενέσθαι,
1594 1599 1669 1665 ὣς

1793 1605 1950 1673 sibile,
1971 1615 2101 1661 uttu
2128 1606 2345 1676 quidem
2370 1606 2592 1671 scribis,
2611 1621 2726 1661 non
2759 1606 3021 1671 esse,‘sed
3050 1606 3363 1676 fieriposse,

126 1688 232 1756 φὴς,
268 1685 399 1741 ἀλλά
437 1686 686 1751 δυνατὸν,
719 1688 819 1742 οὐκ
851 1687 997 1742 ἐστιν
1046 1689 1373 1761 ἀμφίϐολον.
1418 1690 1543 1745 Ἐὰν
1564 1691 1675 1763 γὰρ

126 1779 252 1851 παρά
273 1779 377 1833 τῶν
402 1779 703 1850 ὐφηγητῶν
726 1780 963 1851 βεϐαίως
995 1781 1235 1855 ὑπάρξῃ,
1263 1784 1361 1837 καὶ
1390 1785 1676 1856 παυσάμε-

126 1889 191 1924 νοι
218 1870 311 1940 τῆς
339 1871 655 1945 τυραννίδος
679 1875 955 1945 πατρικὴν
996 1876 1327 1947 κηδεμονίαν
1359 1877 1671 1942 ἐπιδείξων-

127 1980 216 2029 ται,
244 1962 357 2016 τότε
389 1963 487 2015 καὶ
522 1963 653 2034 περὶ
707 1962 803 2016 τοῦ
832 1964 955 2017 τίνα
985 1965 1189 2035 τρόπον
1238 1966 1579 2037 σωθήσονται
1622 1968 1672 2020 oi

127 2054 347 2123 ὑπήκοοι,
399 2052 619 2119 ἐξέσται
671 2055 934 2107 σκοπεῖν·
994 2055 1125 2122 πρὶν
1178 2055 1237 2109 δὲ
1290 2055 1390 2126 τὴν
1434 2055 1676 2127 κρηπίδα

124 2144 274 2214 ὀρθῶς
306 2144 622 2211 ὑποθέσθαι,
666 2146 789 2200 λίαν
832 2147 1090 2218 περιττὸν
1121 2147 1386 2219 ἡγοῦμαι,
1420 2149 1510 2202 τὸν
1546 2149 1676 2222 περὶ

128 2238 214 2307 τῆς
245 2238 533 2308 κορωνίδος
562 2239 837 2292 ποιεῖσθαι
882 2238 1059 2309 λόγον.
1097 2241 1174 2293 Οὐ
1206 2241 1312 2311 γὰρ
1344 2240 1675 2311 ἐθελήσωσιν

122 2332 313 2395 ἐκεῖνοι,
344 2328 448 2383 κᾶν
509 2331 771 2401 μυριάκις
798 2332 1097 2396 ἀκούσωσι,
1135 2331 1440 2400 πείθεσθαι,
1486 2331 1555 2387 ἂν
1598 2332 1674 2403 μὴ

122 2422 549 2494 διὰ-πραγμάτων
589 2423 834 2495 μάθοιεν.
879 2425 942 2480 '0
976 2424 1077 2493 μὲν
1104 2420 1198 2479 οὖν
1241 2424 1437 2497 παρὼν
1484 2425 1676 2497 καιρὸς

123 2514 201 2566 καὶ
241 2513 429 2586 βουλῆς
461 2515 559 2569 καὶ
589 2515 848 2585 προνοίας
877 2516 1051 2570 δεῖται
1081 2516 1283 2588 πολλῆς
1303 2534 1316 2546 ·
1350 2516 1463 2587 ἐγὼ
1488 2518 1545 2571 δὲ
1578 2519 1678 2588 οὐχ

121 2607 219 2659 ὅτι
243 2606 343 2677 χρὴ
375 2608 733 2677 παραινέσαι,
770 2608 1179 2664 δυσκολώτατον
1215 2610 1478 2681 ἡγοῦμαι.
1534 2611 1675 2664 ’Δλλ’

122 2698 273 2749 ἐκεῖνο
309 2698 527 2769 ἀπσρῶ,
561 2700 685 2753 τίνα
712 2698 819 2771 χρὴ
851 2700 1056 2773 τρόπον
1087 2702 1227 2772 πρὸς
1250 2702 1450 2766 αὐτοὺς
1476 2703 1672 2756 εἰπεῖν.

122 2790 358 2859 Πείθομαι
389 2792 503 2862 γὰρ
543 2793 812 2862 ἀκριϐῶς,
842 2793 902 2859 ἐξ
949 2786 1024 2848 ὧν
1055 2796 1150 2848 καὶ
1173 2793 1363 2865 παρὼν
1394 2796 1487 2850 καὶ
1543 2812 1678 2851 πυνο

123 2885 392 2955 θανόμενος
426 2886 742 2952 σύνοιδα,τά
771 2886 942 2940 πλείω
965 2886 1075 2943 τῶν
1098 2888 1258 2941 θείων
1284 2887 1674 2960 θεσπισμάτων

123 2976 292 3041 αὐτοὺς
316 2979 604 3048 ἐκφυγεῖν,
629 2978 709 3047 τῷ
750 2977 826 3048 μὴ
850 2977 1026 3031 θέλειν
1060 2978 1129 3031 τά
1160 2977 1350 3031 δέοντα
1390 2979 1672 3050 πράττειν,

121 3066 243 3120 οὕτω
272 3069 342 3138 μὴ
381 3069 647 3123 συνιέναι.
683 3068 943 3140 Παραινῶ
967 3069 1148 3122 τοίνυν
1174 3070 1378 3136 αὐτοῖς,
1408 3070 1505 3124 ἐὰν
1538 3072 1678 3141 μετὰ

122 3160 407 3230 παρρησίας
448 3161 682 3231 εἴποιμι,
712 3161 899 3231 φέρειν
926 3160 1105 3227 τοῦτο,
1151 3161 1460 3232 θεωμένους
1489 3162 1537 3216 εἰ
1574 3163 1675 3217 τά-

122 3248 239 3320 ληθῆ
267 3249 485 3321 λέξαιμι
527 3252 621 3304 καὶ
654 3250 743 3304 διὰ
771 3250 952 3317 τοῦτο,
990 3251 1077 3304 ἵνα
1107 3250 1352 3321 βελτίους
1390 3252 1673 3321 γένωνται.
1704 3286 1751 3349 C

132 3340 213 3394 Ἐκ
249 3344 351 3413 γὰρ
381 3343 482 3396 τοῦ
526 3341 845 3397 κολακεύειν
876 3342 1077 3410 ἐνίους,
1111 3344 1193 3407 είς
1218 3344 1475 3415 τοιαύτην
1508 3363 1679 3416 ταρα-

122 3430 206 3501 χὴν
221 3432 436 3486 ἐνέπεσε
458 3433 526 3487 τά
541 3432 647 3487 τῶν
672 3434 1020 3503 Χριστιανῶν
1036 3434 1361 3505 πράγματα,
1383 3437 1448 3490 Τί
1464 3432 1557 3491 οὖν
1572 3437 1678 3509 χρὴ

122 3528 301 3594 ποιεῖν;
352 3528 645 3599 Συντόμως
692 3528 825 3600 ἐρῶ,
860 3530 956 3583 καὶ
1000 3530 1101 3583 οὐκ
1159 3531 1573 3605 ἀποκρύψομαι.
1614 3534 1679 3586 Εἰ

124 3617 207 3683 μὲν
235 3616 430 3686 μύθους
454 3617 716 3689 ἡγοῦνται
744 3620 844 3683 τὰς
873 3620 1025 3684 Θείας
1045 3620 1085 3672 Γ
1093 3622 1290 3691 ραφάς,
1316 3624 1476 3694 σιγὴν
1499 3624 1679 3677 ἀσκεί-

120 3721 304 3759 τωσανο
331 3709 379 3761 εί
400 3708 459 3761 δὲ
482 3709 651 3774 ὅντως
680 3710 968 3782 οὐρανίους
990 3710 1248 3783 θεσμοὺς,
1276 3715 1675 3784 πραττέτωσαν

122 3800 335 3869 πρῶτον,
388 3797 512 3856 εἷτα
556 3803 1081 3875 δημηγορείτωσαν’
1130 3806 1207 3876 μὴ
1253 3806 1513 3861 τοιούτων
1564 3808 1675 3879 γὰρ

122 3894 279 3951 αὐτῶν
312 3898 507 3965 ὄντων,
545 3900 573 3952 ὁ
602 3898 745 3965 θεῖος
772 3900 936 3971 νόμος
962 3901 1245 3956 ἀποκλείει
1273 3903 1336 3957 τὸ
1368 3903 1561 3975 στόμα.

485 4108 658 4162 ΡΚΖ¹.
686 4135 755 4148 -ο
783 4108 879 4161 AN
884 4106 1284 4164 ΕΠΙΓΡΑΦΟΣ.

1776 1698 1979 1752 nemini
2014 1698 2238 1752 dubium
2286 1706 2390 1754 est.
2432 1697 2489 1753 Si
2524 1697 2670 1752 enim
2717 1711 2806 1752 res
2856 1696 2959 1752 ista
3015 1696 3082 1751 ab
3131 1696 3219 1760 iis,
3268 1697 3363 1767 qui

1777 1798 2038 1860 praesunt,
2082 1790 2256 1847 solide
2307 1790 2522 1845 initium
2573 1799 2773 1855 sumat,
2823 1799 2879 1846 et
2930 1789 3026 1857 illi,
3079 1789 3365 1861 tyrannide

1780 1882 1978 1952 posita,
2012 1882 2434 1939 sollicitudinem
2464 1897 2619 1938 suam
2653 1896 2947 1952 curamque
2975 1897 3101 1951 erga
3128 1880 3361 1951 patriam

1782 1974 2145 2035 ostenderint,
2173 1982 2300 2029 tunc
2334 1974 2498 2028 etiam
2545 1988 2648 2042 qua
2680 1974 2891 2027 ratione
2934 1971 3129 2025 salvari
3163 1978 3366 2041 queant

1782 2063 2010 2132 subditi,
2048 2062 2233 2119 licebit
2258 2064 2463 2119 videre.
2500 2062 2661 2119 Prius
2683 2064 2827 2118 enim
2861 2078 3022 2133 quam
3053 2072 3197 2117 recte
3214 2062 3361 2129 jacta

1783 2154 1891 2210 sint
1912 2154 2284 2223 fundamenta,
2313 2154 2382 2209 de
2410 2154 2671 2210 coronide
2701 2153 3025 2224 fastigioque
3056 2140 3362 2207 sermonem

1783 2245 2093 2309 instituere,
2128 2244 2284 2298 valde
2314 2258 2779 2311 supervacaneum
2807 2245 2966 2299 duco.
3000 2242 3185 2311 Neque
3217 2242 3360 2296 cnim

1784 2341 1971 2397 volunt
2010 2340 2108 2405 illi,
2145 2339 2246 2395 etsi
2278 2337 2475 2393 millies
2501 2338 2798 2405 audierint,
2816 2338 3059 2403 credere,
3079 2336 3180 2391 nisi
3199 2349 3365 2403 expe-

1784 2433 2017 2488 rimento
2063 2429 2376 2485 didicerint.
2426 2428 2677 2484 Praesens
2734 2429 2919 2499 itaque
2950 2436 3163 2498 tempus
3194 2425 3365 2481 multo

1784 2527 1985 2597 indiget
2012 2524 2240 2581 consilio
2277 2532 2332 2577 et
2358 2522 2662 2592 prudentia.
2695 2520 2807 2592 Ego
2834 2534 2967 2577 vero
2992 2517 3363 2575 diliicillimum

1784 2616 2041 2680 arbitror,
2104 2629 2209 2668 non
2262 2612 2404 2682 quod
2438 2619 2687 2682 oporteat
2720 2609 3045 2675 admonere;
3082 2616 3140 2662 at
3188 2607 3253 2662 de
3299 2619 3367 2659 eo

1783 2705 1993 2771 dubito,
2033 2720 2271 2775 quonam
2328 2704 2488 2759 modo
2548 2701 2877 2773 compellare
2920 2699 3042 2755 illos
3098 2708 3364 2769 oporteat.

1784 2796 1949 2853 Certo
1984 2798 2130 2853 enim
2160 2798 2295 2852 mihi
2329 2796 2631 2867 persuadeo
2661 2810 2727 2850 ex
2753 2795 2842 2859 iis,
2877 2807 2997 2863 qua:
3016 2801 3074 2848 et
3101 2805 3288 2847 coram
3312 2799 3369 2845 et

1785 2890 2114 2946 sciscitando
2136 2890 2388 2961 cognovi,
2422 2888 2608 2958 fugere
2629 2887 2751 2943 illos
2776 2886 3030 2956 pleraque
3057 2884 3365 2937 divinorum

1785 2983 2170 3049 oraculorum;
2213 2984 2359 3050 quod
2376 2980 2574 3043 nolint,
2604 2993 2727 3049 qua:
2758 2984 2992 3046 oportet,
3036 2975 3235 3039 facere,
3272 2987 3369 3028 ne-

1784 3093 1890 3149 que
1919 3077 2221 3134 addiscere.
2255 3075 2615 3143 Quamobrem
2645 3071 2766 3127 illos
2786 3072 3044 3126 exhortor
3065 3067 3150 3139 (ut
3176 3067 3363 3132 libere,

1783 3171 1929 3240 quod
1963 3168 2162 3232 sentio,
2200 3166 2402 3239 dicam)
2434 3165 2701 3237 patienter
2742 3165 2857 3219 hazc
2904 3161 3070 3230 ferre,
3102 3176 3165 3215 ac
3197 3159 3367 3228 dispi-

1786 3268 1932 3321 cere,
1970 3269 2094 3307 num
2130 3267 2259 3307 vera
2289 3252 2487 3314 dicam,
2528 3259 2588 3303 ut
2623 3262 2689 3301 ea
2741 3247 2953 3301 ratione
2988 3245 3367 3301 emendentur.

1788 3347 1943 3415 Quod
1971 3345 2115 3399 enim
2150 3351 2499 3399 assentantur
2522 3339 2784 3401 nonnulli,
2818 3338 3022 3393 idcirco
3050 3336 3102 3390 in
3134 3336 3234 3389 has
3258 3342 3372 3387 tur~

1786 3439 1883 3494 bas
1910 3453 1997 3493 res
2022 3446 2107 3492 est
2132 3434 2441 3490 Christiana
2466 3432 2727 3501 conjecta.
2759 3431 2895 3500 Quid
2924 3430 3085 3500 igitur
3116 3428 3259 3483 facto
3286 3436 3371 3482 cst

1787 3530 1966 3601 opus?
2017 3529 2200 3583 Dicam
2254 3525 2429 3593 brevi,
2473 3541 2573 3582 nec
2606 3525 2812 3581 celabo.
2847 3523 2904 3579 Si
2933 3522 3151 3592 quidem
3183 3532 3371 3575 sacras

1789 3624 2026 3680 Litteras
2064 3638 2162 3692 pro
2200 3621 2397 3676 fabulis
2450 3630 2722 3691 reputant,
2760 3631 2872 3674 tum
2902 3617 3119 3673 sileant.
3153 3614 3211 3670 Si
3240 3629 3370 3669 vero

1785 3721 2057 3777 ctelestem
2102 3734 2223 3774 csse
2270 3716 2503 3773 credunt
2549 3716 2851 3772 doctrinam
2901 3713 3370 3781 sanctionemque,

1783 3824 1948 3878 opere
1983 3809 2075 3865 illa
2103 3808 2253 3878 prius
2280 3815 2675 3876 exsequantur,
2706 3805 2899 3860 dehinc
2929 3802 3143 3874 publice
3171 3799 3369 3870 praedi-

1783 3909 1929 3955 cent.
1963 3900 2020 3955 ω
2061 3901 2206 3955 enim
2243 3897 2347 3953 nisi
2380 3896 2631 3964 fecerint,
2660 3897 2744 3952 lex
2779 3896 2962 3952 divina
3016 3909 3079 3951 os
3114 3894 3238 3951 illis
3267 3893 3370 3949 ob-

1782 4006 1973 4053 struet.

2124 4113 2385 4171 CXXVII.
2418 4143 2488 4155 —
2514 4112 3016 4178 ΑΝΕΠῘΓΡΑΦΟΣ.

1156 4202 1430 4259 Modestiaz
1465 4216 1513 4259 et
1543 4207 1857 4265 humilitatis
1898 4209 2304 4263 commendatio.

204 4311 397 4383 Επειδὴ
456 4314 608 4367 οὐδὲν
656 4315 1020 4385 μεγαλοφυὲς,
1069 4318 1192 4370 οὐδὲ
1238 4319 1516 4390 ὑπερφυὲς
1563 4320 1678 4391 ἔχει

124 4400 258 4471 ἡμῶν
284 4405 317 4473 ἡ
349 4404 538 4474 φύσις,
580 4407 677 4459 ἐπὶ
718 4406 780 4460 τὸ
820 4407 1043 4479 μέτριον
1073 4410 1245 4481 αὐτὴν
1283 4412 1378 4465 καὶ
1415 4413 1678 4481 ἐπιεικὲς,

124 4492 204 4545 ἆτε
247 4494 311 4566 δὴ
356 4498 559 4550 οἰκεῖον
609 4499 707 4552 καὶ
740 4500 1025 4569 συγγενὲς,
1059 4502 1461 4575 συνελάσωμεν,
1498 4507 1683 4559 πᾶσαν

123 4584 421 4651 ἀλαζονείαν
458 4588 817 4661 ἐξορίζοντες.

626 4704 810 4758 PKH'.
846 4735 915 4745 —
949 4705 1174 4776 [ΙΕΤΡῼ

589 4791 718 4859 Quis
749 4793 1025 4862 spiritalis,
1053 4796 1299 4851 animalis
1328 4808 1374 4851 et
1409 4799 1642 4852 carnalis
1680 4799 1745 4852 "'.

182 4904 502 4971 Σαρκικοὺς
550 4903 709 4956 καλεί
734 4905 769 4973 ἡ
802 4903 996 4975 Γραφὴ
1038 4907 1167 4970 τοὺς
1195 4908 1275 4972 είς
1312 4908 1381 4962 τὰ
1407 4909 1508 4980 τῆς
1543 4926 1681 4981 σαρ-

126 4987 209 5054 κὸς
233 4991 305 5063 (1)
349 4991 867 5062 κατολισθήσαντας,
917 4994 1220 5062 ψυχικοὺς
1250 4995 1308 5047 δὲ
1354 4998 1482 5061 τοὺς
1534 4998 1681 5069 πέρα

122 5081 209 5150 τῆς
251 5083 571 5147 ἀκολουθίας
611 5083 721 5137 τῶν
754 5083 1031 5155 λογισμῶν
1084 5086 1253 5158 μηδὲν
1308 5089 1677 5161 καταδεχομέ-

191 5240 231 5270 ¹⁸
266 5240 281 5293 l
310 5240 438 5296 Cor.
471 5256 554 5307 ιιι,
587 5240 656 5310 τε
692 5254 751 5306 ιι,
784 5240 874 5296 15.

1860 4322 1917 4377 Si
1958 4322 2175 4391 quidem
2211 4320 2617 4390 magnanimum
2646 4318 2779 4374 nihil
2806 4328 2897 4373 aut
2926 4332 3087 4388 supra
3117 4324 3368 4371 naturam

1785 4412 2024 4468 humana
2051 4412 2294 4467 continet
2326 4421 2545 4475 natura,
2579 4410 2723 4465 illam
2764 4411 2830 4465 ad
2870 4409 3205 4465 moderatum
3240 4406 3367 4477 quid

1789 4521 1852 4560 ac
1873 4506 2002 4560 mite
2023 4517 2391 4575 agnatumque
2418 4504 2574 4574 nobis
2592 4518 2656 4557 ac
2677 4502 2956 4572 proprium
2982 4501 3366 4571 astringamus,

1716 4613 1761 4668 ι)
1789 4612 2006 4652 omnem
2045 4595 2359 4666 ablegantes
2392 4593 2784 4663 arrogantiam.

2234 4705 2516 4762 CXXVIII.
2548 4735 2618 4746 —
2651 4702 2900 4758 PETRO.

1776 4796 1934 4864 Conf.
1974 4798 2127 4866 epist.
2173 4797 2298 4863 127,
2326 4797 2420 4851 lib.
2463 4812 2517 4852 tv
2559 4794 2881 4864 ad.Nilum.

1863 4908 2147 4980 Scriptura
2196 4924 2355 4966 sacra
2410 4917 2570 4965 vocat
2619 4908 2885 4974 carnales,
2930 4906 3026 4975 qui
3070 4908 3139 4962 ad
3192 4908 3372 4962 carnis

1785 5017 1948 5071 Opera
1980 5002 2215 5074 prolapsi
2238 5012 2398 5067 sunt;
2422 5001 2683 5057 animales
2706 5014 2858 5065 vero,
2896 5000 2989 5069 qui
3048 4999 3243 5054 mentis
3288 4999 3374 5052 ιιι.

1794 5094 2149 5167 tellectusaue
2194 5093 2661 5153 ratiocinationem
2704 5098 3047 5163 sequuntur;
3108 5090 3378 5165 spiritales

1282 5351 1518 5409 VARIA']
1550 5354 1940 5414 LECTIONES
1978 5357 2069 5415 ΕΤ
2100 5359 2333 5419 NOTAE.

196 5516 298 5593 {99)
335 5520 795 5593 Multorumenim
839 5516 1111 5593 amicitias
1136 5512 1425 5593 silentium.
1447 5513 1684 5593 diremit,

126 5582 308 5646 διιῚίΙῇ
340 5592 575 5647 Ethicor.
609 5590 825 5654 Nicom.
858 5588 1105 5649 Aristot.,
1128 5582 1476 5654 πολλῶνῌγάρ
1504 5583 1685 5652 φιλίας

126 5658 541 5734 ὴὰπροσηγορία
565 5652 827 5734 διέλυσεν.
852 5658 923 5734 Et
943 5655 1083 5734 apud
1107 5652 1457 5734 Columellam
1480 5653 1687 5734 _Alp_he-

130 5725 220 5783 nus
250 5725 539 5803 'Ienc'ra'tor
570 5750 585 5787 :
612 5750 657 5803 Vl
680 5732 855 5803 Bona,
882 5725 1106 5803 __inquit_,
1156 5725 1375 5803 nomina
1394 5725 1684 5803 interdum

130 5803 254 5873 mala
307 5802 474 5867 ﬁunt,
523 5802 623 5856 nisi
675 5791 1003 5873 interpelles:
1068 5791 1575 5873 Scribendijtaque
1618 5792 1685 5846 ad

130 5870 341 5938 amicos,
377 5860 621 5928 nc'amor
652 5860 939 5929 intercidat
977 5877 1213 5924 mutuus.
1245 5860 1688 5919 oIIicium'intcr-

1798 5516 1936 5590 mitti
1970 5532 2073 5590 n_on
2105 5518 2284 5585 debet,
2310 5517 2423 5590 sed
2454 5518 2801 5590 exaggerari1
2813 5517 3123 5590 _i__Scnor1'.

1894 5586 1946 5655 I)
1987 5588 2115 5643 Post
2162 5589 2363 5659 σαρκὸς
2409 5586 2738 5659 codde’at.
2772 5587 2876 5659 650
2925 5599 2980 5643 et
3010 5588 3122 5659 Alt.
3175 5586 3380 5659 addunt

1796 5657 1963 5727 πάθη.
1992 5659 2144 5713 Vers.
2165 5658 2200 5710 2
2228 5657 2325 5728 pro
2348 5658 2497 5728 παρά
2527 5659 2689 5713 iidem
2714 5658 2916 5727 optime
2943 5657 3379 5728 scribuntnépa,

1796 5740 1851 5782 ct
1872 5726 2023 5799 ivers.
2055 5729 2089 5783 '5
2123 5726 2518 5799 κατεχομένους
2548 5729 2676 5799 item
2716 5726 3161 5799 optimemutant
3194 5726 3244 5779 in
3276 5741 3377 5799 κα-

1795 5798 2207 5871 ταδεχομένους.
2258 5794 2473 5855 I’ossm.
2518 5829 2588 5841 —--
2616 5794 2819 5854 Confer
2865 5798 3024 5870 epist.
3071 5796 3140 5856 36
3181 5805 3237 5851 et
3286 5794 3379 5852 68.
