3906 6416
455 403 591 471 1399

1660 404 1721 465 S.
1764 404 1864 466 ISI
1872 404 2058 465 DORI
2094 403 2535 467 PELUSIOT/E

3585 396 3710 461 1400

452 521 709 591 denique,
724 520 816 591 qui
844 520 1009 579 divini
1039 518 1276 591 Spiritus
1299 521 1440 577 dono
1456 527 1583 576 sunt
1599 522 1802 588 ornati,
1825 521 2042 577 ratioci-

2171 537 2301 585 ιουςο
2340 515 2787 588 πνευματικοὺς
2815 515 2873 570 δὲ
2917 514 3047 577 τοὺς
3078 512 3210 584 θείῳ
3245 513 3341 567 καὶ
3372 512 3712 580 πνευματικῷ

453 612 618 666 nandi
654 612 762 666 vim
793 622 1137 681 superantes,
1168 626 1231 669 ac
1253 626 1420 682 supra
1448 622 1700 675 naturam
1733 612 2043 673 illuminati.

456 700 616 771 591
646 701 805 757 Verbi
834 701 1031 771 gratia,
1052 707 1165 757 tres
1196 701 1317 757 illos
1344 716 1542 771 puems
1576 704 1629 756 in
1656 701 2046 773 Babylonicum

454 801 729 847 cannnum
781 788 978 844 missos
1006 803 1112 845 non
1144 790 1365 854 arsisse,
1400 804 1559 849 uento
1599 789 1798 847 dixerit
1841 801 2050 846 naturae

457 889 578 929 esse
606 889 760 943 opus.
811 874 966 943 Quod
1013 876 1061 930 si
1108 875 1287 931 simile
1328 877 1451 946 quis
1497 875 1807 946 investiget,
1840 891 1922 931 na:
1955 874 2043 930 ille

458 965 660 1020 mentis
688 965 1116 1033 imbecillitatem
1142 966 1455 1051 perspiciet.
1483 965 1579 1020 Sin
1604 965 1841 1051 divinam
1866 965 2043 1035 potius

458 1055 769 1111 consideret
804 1065 1077 1121 naturam,
1112 1048 1237 1128 quae
1274 1058 1569 1112 humanam
1605 1048 1763 1128 longe
1802 1057 2040 1122 excedit,

458 1155 512 1199 et
529 1148 944 1216 argumentandi
976 1149 1108 1214 vim,
1134 1163 1438 1219 omnesque
1468 1151 1603 1204 adeo
1634 1160 1784 1205 artes
1800 1156 2043 1219 superat,

460 1238 715 1308 praedicta
748 1240 931 1295 omnia
971 1241 1250 1297 intellectu
1279 1244 1651 1313 consequitur.

844 1440 1084 1499 CXXIX.
1124 1474 1193 1486 —-
1219 1444 1665 1505 THEOPOMPO.

2144 612 2451 684 χαρίσματι
2504 608 2993 680 κεκοσμημένους,
3043 607 3143 676 τήν
3192 622 3254 658 τε
3300 603 3411 657 τῶν
3455 602 3715 673 λογισμῶν

2143 701 2475 756 ἀκολουθίαν
2505 699 2944 771 ἀναϐεϐηκότας,
2978 698 3075 752 καὶ
3099 697 3171 751 τὰ
3205 696 3349 767 ὑπὲρ
3376 697 3545 764 φύσιν
3570 711 3717 763 φωτιο

2145 790 2433 862 ζομένους.
2471 784 2597 844 Οίον
2636 789 2722 855 τὸ,
2752 788 2881 853 τοὺς
2910 790 3062 860 τρεῖς
3106 785 3505 857 μειρακίσκους
3532 782 3718 854 ἐμϐλη-

2146 883 2341 946 θέντας
2402 884 2461 937 ἐν
2495 885 2561 954 τῇ
2611 880 2936 951 Βαϐυλωνίᾳ
2982 878 3206 950 καμίνῳ
3253 877 3330 949 μὴ
3363 874 3717 943 κατακαῆναι,

2145 976 2249 1029 οὐκ
2275 975 2343 1029 ἂν
2379 975 2496 1045 έχοι
2525 974 2712 1043 φύσιν,
2742 975 2793 1027 ei
2824 971 2887 1026 τὸ
2916 971 3065 1036 εἰκός
3096 988 3183 1037 τις
3217 968 3485 1035 ἐξετάζοι.
3515 967 3607 1021 καὶ
3632 965 3721 1036 τὴν

2146 1067 2256 1122 τῶν
2292 1066 2573 1136 λογισμῶν
2619 1063 2909 1119 ἀσθένειαν
2957 1062 3196 1135 θηρῷτο.
3244 1061 3309 1115 Ei
3354 1059 3416 1113 δὲ
3456 1057 3555 1129 τὴν
3585 1055 3723 1109 θείαν

2147 1156 2384 1228 δύναμιν
2415 1156 2685 1226 ἐννοήσει,
2724 1153 2825 1226 τὴν
2846 1153 2944 1207 καὶ
2974 1152 3194 1222 φύσεως
3246 1145 3723 1222 περιγιγνομένην,

2148 1250 2245 1303 καὶ
2270 1247 2549 1325 λογισμῶν
2577 1245 2906 1301 ἀκολουθίαν
2935 1245 3407 1317 ὑπερϐαίνουσαν,
3434 1239 3532 1296 καὶ
3561 1238 3725 1309 πάσης

2149 1339 2438 1412 κρείττονα
2472 1338 2747 1410 μηχανῆς,
2770 1336 3132 1409 καταδέχεται
3166 1335 3236 1390 τά
3266 1334 3568 1406 λεγόμενα.

2582 1449 2758 1503 me.
2797 1477 2869 1487 —
2908 1446 3311 1519 ΘΕΟΠΟΜΠῼ.

563 1531 658 1587 Vel
692 1530 1040 1606 Tlteopempto
1079 1547 1135 1593 ut
1176 1536 1271 1611 inf.
1312 1539 1438 1607 508,
1482 1540 1605 1596 509.
1655 1539 1824 1610 Epist.
1869 1540 1944 1596 De
1982 1540 2221 1611 fraterna
2273 1543 2620 1610 correptione.
2665 1540 2996 1611 Depreltendi
3024 1540 3081 1594 in
3115 1549 3356 1608 peccato,
3399 1538 3630 1603 alienam

1455 1614 1706 1666 invertere
1734 1628 2013 1665 censuram
2039 1620 2090 1666 et
2120 1613 2527 1682 suspectionem,
2556 1627 2736 1683 graue.

534 1712 872 1787 Deprehendl
896 1717 1118 1787 quidem
1152 1717 1205 1773 in
1232 1717 1322 1782 iis.
1366 1719 1418 1773 in
1451 1722 1648 1790 quibus
1685 1737 1789 1777 non
1825 1730 2051 1792 Oporte-

2226 1721 2300 1777 Τὸ
2336 1721 2437 1795 μὲν
2471 1722 2557 1789 ἐφ’
2586 1715 2669 1785 οἷς
2702 1720 2764 1774 οὐ
2810 1720 3115 1792 προσῆκεν,
3157 1721 3272 1784 τοῖς
3302 1718 3386 1790 μὴ
3427 1717 3551 1775 λίαν
3582 1715 3731 1770 ἀναλ-

462 1803 575 1869 bat,
608 1822 853 1863 amarum
898 1819 982 1866 est
1016 1811 1104 1875 iis,
1147 1812 1242 1881 qui
1272 1814 1558 1869 sensibiles
1585 1815 1740 1869 valde
1776 1826 1946 1871 sunt:
1991 1826 2046 1870 at

2171 1817 2332 1888 ’ήτως
2357 1813 2725 1884 διακειμένοις
2751 1855 2767 1879 ,
2810 1810 3019 1873 ἁλῶναι
3048 1811 3299 1881 ἀλγεινόν
3322 1826 3338 1839 °
3372 1809 3438 1863 τὸ
3466 1808 3523 1861 δὲ
3551 1807 3732 1879 κριθῆ-

464 1897 804 1963 gravioribus
860 1900 1095 1971 judicari
1164 1919 1326 1974 grave
1404 1914 1508 1961 est.
1568 1907 1629 1959 In
1682 1908 2049 1975 suspicionem

464 2000 644 2044 autem
698 1993 880 2047 vocari
929 1993 1069 2058 illos,
1135 1995 1229 2067 qui
1277 1996 1496 2052 virtutis
1525 2002 1756 2068 attigcre
1805 2000 2042 2065 culmen,

464 2083 702 2138 maxime
727 2084 1104 2143 calamitosum
1142 2097 1247 2144 est.

993 2193 1205 2261 CXXX.
1237 2226 1308 2237 —
1332 2195 1510 2254 NlLO.

2155 1923 2247 1963 ναι
2264 1947 2280 1972 ,
2309 1908 2421 1971 τοῖς
2453 1903 2826 1977 σεμνοτέροις.
2861 1902 2938 1956 Τὸ
2962 1901 3019 1955 δὲ
3051 1899 3471 1970 ύπυπτευθῆναι
3494 1938 3510 1964 ,
3536 1900 3643 1960 τοῖς
3664 1898 3733 1959 είς

2157 1997 2327 2072 ἀκρον
2346 1994 2745 2069 ἀναϐεϐηκόσιν
2768 1994 2973 2066 ἀρετῆς
2996 1992 3261 2065 μεγίστην
3291 1990 3411 2062 ἔχει
3436 1988 3726 2061 συμφοράν.

2708 2195 2831 2250 PA'.
2864 2222 2935 2233 -
2966 2191 3198 2261 nemo.

1230 2289 1309 2347 De
1345 2291 1841 2347 comminationibus
1876 2293 2258 2364 promissisque
2294 2289 2391 2346 Dei
2431 2290 2636 2360 passim
2675 2287 2996 2354 coniunctis.

535 2393 985 2455 Comminabatur
1014 2398 1146 2463 olim
1190 2401 1334 2457 Deus
1379 2400 1645 2466 Hebraeis,
1693 2414 1752 2458 et
1788 2403 2049 2461 salutaria

467 2489 885 2551 praenuntiabat.
912 2489 1017 2555 Qui
1047 2491 1193 2546 enim
1229 2493 1468 2547 minatur
1492 2501 1700 2547 tantum
1729 2504 1784 2548 et
1825 2493 2053 2549 molesta

468 2578 742 2645 praedicit,
796 2582 865 2637 ad
928 2583 1367 2653 desperationem
1418 2584 1703 2641 meliorum
1773 2597 2053 2653 provocat,

466 2678 630 2739 atque
665 2674 1006 2730 auditoribus
1052 2676 1278 2732 omnino
1309 2679 1621 2747 persuadet,
1673 2688 1734 2733 ut
1777 2678 2055 2749 peioribus

466 2776 587 2816 sese
611 2763 833 2819 dedant.
865 2767 937 2820 At
967 2776 1157 2824 contra
1197 2780 1323 2837 spes
1358 2769 1499 2825 bona
1547 2770 1795 2837 inclinat,
1842 2770 1912 2826 ad
1940 2786 2054 2826 mo-

468 2853 717 2924 lioraque
766 2859 1036 2925 perducit.
1082 2858 1210 2917 Ideo
1259 2860 1460 2931 ubique
1510 2864 1880 2918 comminatur
1914 2864 2053 2918 Deus

467 2942 670 3003 Iudaeis
706 2948 1099 3020 Babylonicum
1151 2954 1545 3024 captivitatem,
1595 2953 1758 3010 simul
1818 2955 2051 3010 reditum

468 3038 524 3092 in
557 3040 791 3107 patriam
818 3042 1069 3111 promisit
1090 3042 1156 3098 υ.

2229 2403 2342 2461 Καὶ
2368 2400 2582 2473 ὴπείλει
2626 2397 2797 2451 πάλαι
2831 2400 2945 2460 τοῖς
2985 2393 3261 2466 Ἑϐραίοις
3287 2394 3318 2447 ὁ
3351 2391 3524 2454 Θεδ;¹,
3560 2389 3648 2444 καὶ
3679 2391 3737 2443 τὰ

2159 2492 2374 2566 χρηστά
2403 2488 2792 2561 ἐπηγγέλλετο.
2834 2488 2895 2541 '0
2920 2487 3019 2559 μὲν
3038 2484 3149 2556 γὰρ
3175 2484 3338 2557 μόνον
3366 2480 3626 2543 ἀπειλῶν,
3650 2481 3732 2533 καὶ

2160 2586 2230 2639 τὰ
2259 2583 2409 2638 δεινὰ
2454 2581 2763 2653 προλέγων,
2806 2578 2887 2642 εἰς
2932 2578 3251 2645 ἀπόγνωσιν
3281 2573 3400 2627 τῶν
3433 2572 3737 2642 κρειττόνων

2164 2676 2422 2750 ἐρεθίζει,
2456 2675 2554 2729 καὶ
2584 2672 2902 2728 παντάπασι
2922 2670 3051 2735 τοὺς
3079 2666 3476 2740 ἀκροωμένους
3508 2666 3615 2727 τοῖς
3644 2662 3737 2732 χεί-

2159 2787 2312 2841 ροσιν
2341 2766 2590 2822 ἐκδοῦναι
2623 2766 2851 2828 ἑαυτοὺς
2878 2760 3200 2817 ἀναπείθειο
3238 2760 3274 2830 ὴ
3303 2758 3367 2811 δὲ
3394 2756 3574 2827 ἀγαθὴ
3603 2754 3737 2815 ἐλπὶς

2159 2861 2305 2917 νεύει
2336 2860 2438 2932 (2),
2471 2860 2571 2913 καὶ
2605 2858 2745 2928 πρὸς
2787 2855 2849 2909 τὸ
2879 2856 3129 2925 κρεῖττον
3156 2849 3595 2923 παρασκευάζει.
3636 2846 3737 2901 Ἐνο

2156 2952 2352 3007 τεῦθεν
2390 2948 2669 3019 πανταχοῦ
2701 2945 2946 3002 ἀπειλῶν
2971 2945 3179 3012 (αὐτοῖς
3207 2944 3308 3012 τὴν
3342 2943 3431 3004 εἰς
3466 2935 3738 2993 Βαϐυλῶνα

2159 3043 2559 3117 αἰχμαλωσίανο
2593 3040 2690 3095 καὶ
2722 3038 2823 3109 τὴν
2856 3035 3120 3091 ἐπάνοδον
3148 3030 3483 3105 προύλεγον.

468 3166 705 3229 CXXXI.
767 3201 839 3211 —
912 3169 1146 3230 ΡΜ]ιο
1203 3172 1666 3231 PRESBYTEBO
1735 3174 2055 3232 ANACHO-

2171 3177 2332 3230 PAA'.
2380 3204 2451 3214 -
2502 3172 2740 3242 ΠΑΥΛῼ
2796 3166 3251 3236 ΠΡΕΣΒΥΤΕΡῼ
3300 3157 3738 3227 amaram.

1138 3243 1371 3300 RETIE.
1399 3268 1410 3281 ο

575 3334 655 3390 De
692 3338 953 3406 comptis
993 3337 1121 3393 cieri
1161 3339 1419 3404 moribus,
1458 3356 1719 3410 quamque
1756 3341 2110 3411 periculosum
2149 3342 2219 3395 sit
2258 3349 2533 3410 peccantes
2574 3335 2881 3397 admonere,
2908 3340 2961 3387 et
2990 3327 3255 3400 quomodo
3297 3322 3647 3380 admonendi.

538 3440 645 3508 Qui
679 3442 897 3501 virtutis
941 3452 996 3497 et
1025 3444 1141 3500 vitii
1174 3458 1234 3500 se
1274 3459 1395 3500 esse
1418 3446 1631 3516 jactant
1678 3447 1941 3515 arbitros,
1995 3449 2055 3513 ii,

470 3535 614 3604 quod
643 3534 831 3591 virtuti
857 3534 1098 3591 dandum
1142 3544 1226 3593 est
1255 3538 1502 3593 victoria:
1532 3538 1876 3610 suii'ragium,
1924 3540 2059 3597 dant

2238 3449 2403 3507 Αὐτοὶ
2444 3449 2496 3502 οῖ
2544 3447 2646 3520 τῆς
2678 3447 2881 3519 ἀρετῆς
2928 3442 3023 3500 καὶ
3070 3439 3174 3510 τῆς
3218 3439 3430 3501 κακίας
3478 3431 3741 3503 αὐχοῦντες

2165 3541 2307 3598 εἶναι
2329 3542 2604 3611 διαιτηταὶ
2628 3541 2705 3614 (3)
2725 3581 2741 3608 ,
2764 3538 2864 3609 τὴν
2886 3535 3127 3590 νικῶσαν
3147 3533 3333 3605 ψῆφον
3364 3532 3488 3585 δέον
3512 3532 3578 3598 τῇ
3599 3527 3741 3595 ἀρετῇ

471 3627 827 3693 improbitati.
872 3628 1051 3698 Atque
1081 3630 1187 3686 hoc
1210 3630 1433 3701 quidem
1462 3634 1623 3690 modo
1651 3635 1851 3704 probos
1877 3636 2057 3696 exsilit

2171 3635 2384 3700 δοῦναι,
2425 3636 2493 3705 τῇ
2526 3634 2701 3703 κακίᾳ
2731 3630 3086 3702 παρέχονται.
3125 3627 3239 3680 Καὶ
3271 3624 3342 3678 δι’
3380 3617 3461 3679 ὧν
3508 3619 3632 3683 τοὺς
3663 3617 3742 3689 μὲν

471 3720 752 3785 damnant,
808 3720 1089 3791 improbos
1141 3738 1275 3780 vero
1317 3735 1670 3797 congregant.
1708 3727 1817 3783 Eos
1851 3741 2057 3800 autem,

472 3811 586 3878 qni,
646 3808 790 3878 quod
832 3817 1052 3880 oportet
1095 3809 1299 3876 facere,
1351 3812 1632 3880 gestiunt,
1693 3816 2068 3885 pusillanimes

471 3899 851 3967 reddiderunt,
897 3907 1063 3970 atque
1092 3901 1231 3957 adeo
1280 3917 1396 3969 eos,
1440 3904 1534 3972 qui
1580 3919 1846 3974 generose
1895 3907 2064 3962 vitam

473 3993 783 4058 instituunt,
832 4004 1238 4065 oppugnarunt,
1269 4006 1335 4050 ut
1359 4010 1576 4052 omnem
1633 4012 1803 4067 prope
1831 4000 1900 4055 ad
1945 4016 2062 4056 me-

474 4084 610 4138 liora
662 4084 925 4153 impetum
975 4086 1301 4141 retuderint.
1347 4084 1522 4143 Babie
1576 4088 1761 4159 itaque
1805 4101 2061 4161 aguntur,

473 4190 671 4230 canum
707 4191 772 4231 ac
800 4191 961 4232 suum
1000 4177 1109 4233 ritu
1153 4177 1320 4232 vitam
1363 4180 1649 4246 ducentes,
1693 4180 1820 4236 vitae
1843 4191 2094 4253 apostor-

474 4268 594 4331 lica:
629 4268 787 4337 longe
833 4271 1186 4333 contrariam.
1222 4272 1403 4339 Quare
1432 4288 1533 4344 par
1567 4282 1653 4330 est
1699 4288 1797 4333 eos
1850 4290 2066 4342 arcere,

475 4361 568 4429 qni
601 4360 822 4431 planctu
850 4363 1009 4433 digna
1044 4364 1099 4421 in
1146 4365 1317 4423 risum
1351 4375 1699 4433 convertunt,
1733 4382 1841 4423 non
1890 4369 2066 4425 solum

475 4448 682 4504 nullam
731 4450 996 4506 habentes
1027 4451 1247 4508 virtutis
1278 4454 1566 4520 rationem,
1594 4455 1689 4512 sed
1718 4464 1773 4511 et
1801 4471 1862 4512 se
1896 4457 2066 4527 ipsos,

2175 3726 2498 3790 σπουδαίους
2543 3722 2989 3796 ἐξοστρακίζουσι
3015 3760 3031 3785 ,
3077 3718 3204 3781 τοὺς
3247 3716 3305 3770 δὲ
3351 3713 3593 3785 φαύλους
3630 3725 3741 3775 συγ-

2172 3815 2464 3887 κροτοῦσι,
2494 3814 2625 3878 τοὺς
2664 3812 2734 3866 τὰ
2760 3812 2951 3867 δέοντα
2996 3810 3173 3863 ποιεῖν
3204 3805 3572 3878 βουλομένους
3595 3839 3611 3865 ,
3636 3799 3745 3853 ἀθυ-

2177 3908 2439 3979 μοτέρους
2472 3906 2831 3976 πεποιήκασι.
2879 3901 2994 3956 Καὶ
3041 3899 3299 3954 τοσοῦτον
3346 3894 3745 3965 πεπολεμήκασι

2172 4002 2299 4064 τοὺς
2323 3998 2640 4073 παρρησίαν
2668 3996 2911 4068 ἔχοντας,
2947 3996 3024 4059 ὡς
3064 3993 3256 4046 σϐέσαι
3285 3990 3485 4061 σχεδὸν
3514 3985 3743 4041 ἀπάνπιιν

2171 4092 2272 4163 τὴν
2297 4092 2389 4144 ἐπὶ
2422 4090 2490 4144 τά
2520 4088 2658 4142 καλὰ
2685 4089 2885 4159 ὁρμήν⁹
2918 4085 3155 4139 λυττῶσι
3179 4081 3480 4156 τοιγαροῦν
3510 4081 3562 4133 οἱ
3588 4074 3741 4133 κυνῶν

2172 4182 2269 4241 καὶ
2304 4180 2502 4252 χοίρων
2545 4179 2659 4250 βίον
2694 4178 2913 4250 ἔχοντες
2939 4177 3086 4232 κατά
3114 4174 3227 4229 τῶν
3259 4171 3641 4228 ἀποπολικῶν
3666 4168 3745 4219 τὸν

2175 4274 2290 4345 βίον
2320 4273 2419 4343 (4).
2456 4272 2568 4325 Καὶ⁸
2596 4271 2715 4327 δέον
2750 4269 2994 4332 ἐκείνους
3021 4266 3337 4332 ἀποσοϐεῖν,
3373 4264 3610 4335 γέλωτος
3633 4257 3746 4313 ὑπό-

2174 4365 2325 4418 θεσιν
2373 4363 2444 4417 τὰ
2484 4361 2683 4433 θρήνου
2722 4359 2850 4427 ἄξια
2900 4358 3212 4421 ποιοῦνται,
3259 4357 3322 4410 οὐ
3367 4355 3535 4426 μόνον
3577 4349 3746 4405 οὐδένα

2174 4457 2276 4527 τῆς
2302 4455 2505 4526 ἀρετῆς
2534 4452 2853 4523 ποιούμενοι
2890 4449 3073 4519 λόγον,
3101 4447 3243 4503 ἀλλά
3270 4448 3369 4501 καὶ
3394 4445 3523 4500 καθ’
3546 4439 3744 4499 ἑαυτοὺς

476 4553 545 4593 eo
580 4539 725 4608 quod
753 4540 846 4610 qui
878 4541 1135 4596 virtutem
1159 4542 1425 4608 colerent,
1462 4543 1699 4612 pessime
1725 4554 2057 4615 paterentur.

2171 4545 2250 4617 τῷ
2277 4546 2405 4608 τοὺς
2426 4544 2627 4615 ἀρετὴν
2657 4542 2963 4605 ἀσκοῦντας
2989 4540 3061 4595 τὰ
3080 4540 3189 4594 τῶν
3217 4538 3510 4593 κακίστων
3540 4537 3745 4605 πάσχειν

477 4627 819 4697 extollentes,
853 4629 1120 4701 laudeque
1139 4648 1206 4689 ac
1243 4637 1723 4693 commendatione
1740 4639 2069 4709 dignantes?

479 4718 614 4786 Quis
646 4721 926 4790 itaqueita
960 4721 1189 4781 aii'ectos
1222 4728 1622 4795 reprehendat?
1659 4729 1816 4798 Quis,
1858 4746 2068 4802 quaeso,

480 4812 761 4883 corrigat?
798 4815 990 4885 ecquis
1039 4819 1293 4874 accuset?
1338 4819 1473 4888 Quis
1508 4836 1697 4877 eorum
1750 4835 2065 4880 commenta

478 4906 774 4961 retundat‘!
823 4910 948 4977 quis
988 4911 1337 4981 supercilium
1388 4914 1674 4969 detrahat?
1705 4916 1828 4986 quis
1879 4917 2071 4973 admo-

482 4997 662 5051 nendo
700 5013 808 5054 non
847 4999 1009 5055 modo
1048 5015 1117 5055 ex
1161 5001 1411 5072 imperio,
1442 5004 1536 5059 sed
1577 5005 1741 5059 etiam
1776 5020 1845 5059 ex
1868 5007 2069 5062 virtute

481 5086 695 5143 laudem
729 5091 974 5159 quaerat?
1014 5092 1148 5159 Quis
1181 5093 1312 5164 ipsis
1349 5096 1692 5164 persuadeat,
1749 5099 1893 5166 quod
1940 5114 2069 5167 gra-

480 5179 736 5237 vissimas
763 5182 1023 5239 subibunt
1050 5186 1278 5255 parnasi
1306 5185 1469 5258 592
1524 5188 1583 5244 Si
1622 5188 1767 5243 enim
1795 5188 1963 5257 iudici
2012 5191 2067 5246 in

557 5335 604 5366 ”
631 5332 837 5392 Jerem.
878 5351 1030 5405 xxiv,
1059 5338 1151 5394 32.
1214 5394 1221 5401 ,

2178 4637 2535 4708 σεμνύνοντες
2574 4633 2672 4686 καὶ
2706 4631 2980 4704 ἀποδοχῆς
3010 4630 3309 4698 ἀξιοῦντες.
3340 4629 3447 4691 Τίς
3481 4624 3576 4683 οὖν
3606 4627 3632 4679 ὁ
3651 4623 3745 4682 τοῖς

2179 4727 2323 4782 οὕτω
2365 4726 2733 4795 διακειμένοις
2778 4724 3159 4793 ἐπιτιμήσων;
3195 4721 3293 4785 Τίς
3336 4722 3370 4774 ὀ
3418 4717 3741 4789 διορθώσων;

2179 4821 2275 4883 Τίς
2300 4822 2329 4872 ὁ
2355 4818 2626 4887 ἐλέγξων;
2656 4817 2741 4881 τίς
2768 4819 2797 4870 ὁ
2839 4817 3049 4871 σϐέσων
3089 4812 3272 4869 αὐτῶν
3299 4811 3373 4866 τὰ
3402 4812 3741 4882 φρονήματας

2174 4915 2271 4978 Τίς
2296 4916 2326 4967 ὁ
2352 4911 2721 4966 κατασπάσων
2748 4909 2848 4981 τὴν
2874 4908 3083 4980 ὀφρύη
3111 4908 3209 4971 Τίς
3230 4906 3261 4959 ὁ
3286 4904 3654 4976 παραινέσων,
3680 4897 3741 4966 μὴ

2177 5007 2339 5079 μόνον
2384 5006 2477 5058 ἐπὶ
2523 5008 2590 5077 τῇ
2628 5006 2774 5076 ἀρχῇ
2812 5000 3215 5075 σεμνύνεσθαι,
3262 4997 3406 5052 ἀλλά
3436 4997 3533 5051 καί
3573 4994 3657 5048 ἐπὶ
3688 4992 3739 5059 τῇ

2172 5100 2383 5170 apem;
2416 5097 2513 5161 Τίς
2541 5098 2571 5149 ὁ
2598 5096 2802 5150 πείσων
2835 5093 3059 5159 αὐτοὺς,
3097 5094 3183 5147 ὅτι
3235 5090 3631 5162 χαλεπωτάτας
3662 5086 3740 5151 0?‘

2178 5192 2359 5260 έξουσι
2388 5190 2488 5255 τὰς
2509 5189 2764 5255 εὐθύνας
2791 5188 2855 5241 Ei
2882 5187 2993 5260 γὰρ
3016 5187 3047 5253 δ
3069 5184 3264 5257 κριτὴς
3289 5186 3349 5237 ἐν
3377 5184 3499 5246 τοῖς
3528 5180 3741 5244 libant-

1580 5448 1818 5505 VARUE
1853 5448 2243 5515 LECTIONES
2274 5449 2366 5507 ET
2389 5449 2624 5509 NOTIE.

555 5605 635 5689 (ἓ)
686 5604 792 5689 Ρςρ
850 5605 998 5661 νεύει
1048 5605 1205 5663 codd.
1271 5605 1393 5663 Vat.
1452 5604 1560 5668 650
1621 5615 1677 5661 et
1725 5605 1835 5662 Alt.
1888 5606 2075 5677 legunt

486 5668 688 5730 νεύειν.
730 5668 946 5732 Possm.

561 5745 827 5815 (3),,lnter
866 5746 1139 5814 διαιτηταὶ
1172 5755 1228 5799 et
1273 5745 1373 5813 τὴν
1424 5746 1586 5801 iidem
1632 5746 1789 5801 codd.
1824 5745 2074 5801 inserunt

482 5815 604 5895 gat,
623 5814 789 5872 γεγε,
812 5816 848 5873 5
868 5830 954 5887 ep,
987 5817 1150 5874 iidem
1188 5832 1285 5884 pro
1310 5816 1639 5888 παρέχονται
1666 5818 1911 5873 scribunt
1933 5833 2072 5889 παρ·
2101 5877 2119 5897 .

2177 5606 2413 5677 έχοντες,
2439 5618 2496 5664 et
2527 5622 2763 5677 sequens
2790 5608 2843 5669 in
2873 5609 3021 5665 edito
3051 5609 3148 5662 καὶ
3175 5610 3456 5671 omittunt.
3505 5605 3579 5660 in.

2246 5678 2325 5748 (4)
2364 5676 2471 5732 Pro
2520 5673 2663 5735 κατὰ
2711 5678 2820 5731 τῶν
2866 5680 3243 5734 ἀποστολικῶν
3295 5679 3396 5748 τὸνῄ
3444 5678 3557 5748 βίον
3602 5673 3737 5748 ξονιιο

2176 5745 2334 5807 codd.
2369 5749 2572 5821 legunt,
2610 5749 2754 5805 κατά
2781 5750 2873 5805 τὸν
2902 5750 3260 5809 ἀποστολικὺν
3291 5745 3568 5821 βίοῦίειε.
3606 5745 3671 5799 ia.
