3906 6416
212 338 336 404 ιιοι

1097 348 1633 411 EPISTOLARUM
1666 350 1819 410 LIB.
1852 353 1921 412 V.
1946 378 2016 390 --
2044 355 2289 423 EPIST.
2327 356 2588 418 CXXXI.

3332 355 3471 421 1402

206 456 335 519 λίοις
375 456 717 527 χρησμῳδῶν
746 455 808 511 οὐ
844 459 1198 524 πιστεύεται,
1230 462 1313 526 τίς
1344 464 1373 515 ὁ
1417 463 1548 534 παρ’
1592 464 1779 528 αὐτοῖς

1893 467 2173 541 Evangelio
2198 473 2344 525 danti
2371 476 2688 542 responsum
2714 472 2847 527 fides
2876 488 2983 526 non
3042 471 3294 537 habetur,
3340 475 3466 541 quis

208 547 699 621 πιστευθησόμενος
719 589 736 613 ,
767 552 863 605 καὶ
894 550 1176 606 λυττῶσαν
1202 554 1384 608 αὐτῶν
1424 556 1525 628 τὴν
1559 558 1782 631 μανίαν,

204 640 295 693 καὶ
324 639 522 710 στῆναι
552 643 629 716 μή
658 643 1014 716 βουλομένην,
1051 645 1165 698 ἀλλ’
1198 647 1472 721 ὁσημέραι
1502 632 1787 721 ἀργαλεω-

206 732 366 802 τέραν
411 736 712 807 γενομένην
752 736 1050 797 κωλύσων;
1099 738 1294 795 Πολλοὶ
1341 740 1451 813 γὰρ
1501 744 1791 816 ἐπιχειρή-

208 838 397 887 σαντες
418 864 434 890 ,
463 825 707 892 ἐκείνους
742 828 842 899 μὲν
869 828 1088 901 ὤνησαν
1136 831 1315 897 οὐδὲν,
1342 834 1570 898 ἑαυτοὺς
1599 835 1657 888 δὲ
1695 853 1795 907 με-

208 913 410 980 γίστοις
427 915 708 988 διέπειραν
730 919 809 991 (5)
830 922 1042 985 κακοῖς.
1068 920 1193 979 Ὅτι
1212 921 1270 981 δέ
1299 923 1476 981 ἐκεῖσε
1501 926 1793 996 μεγίστους

210 1005 466 1076 λήψονται
507 1009 809 1079 στεφάνους
831 1049 848 1078 ,
881 1010 995 1081 ἐγὼ
1042 1010 1145 1083 μὶν
1179 1014 1422 1084 ἀκριϐῶς
1451 1010 1570 1071 οἶδα
1591 1033 1606 1049 ⁸
1653 1018 1705 1072 oi
1735 1019 1794 1073 δὲ

212 1097 509 1171 παχύτεροι
553 1101 662 1156 ἀπὸ
697 1102 807 1165 τῶν
844 1103 975 1175 τῇδε
1017 1104 1321 1176 γινομένων
1363 1106 1458 1161 καὶ
1503 1107 1792 1178 ὶνάγονται

209 1189 283 1252 είς
306 1188 535 1261 ἀρετὴν,
569 1193 665 1247 καὶ
709 1193 978 1263 φεύγουσι
1011 1196 1110 1265 τὴν
1140 1196 1359 1252 κακίαν.
1409 1199 1564 1255 Ἐπεὶ
1610 1202 1795 1259 τοίνυν

208 1281 361 1335 τοῦτο
391 1282 557 1354 μόνον
598 1286 665 1338 ἐκ
690 1287 801 1340 τῶν
828 1286 1071 1359 ἐλέγχων
1114 1289 1436 1361 περιγέγονε
1460 1331 1477 1357 ,
1503 1293 1566 1347 τὸ
1599 1294 1795 1350 παθεῖν

207 1370 402 1437 ἀδίκως
454 1391 511 1427 τι
560 1374 731 1430 κακὸν
775 1375 870 1432 τὸν
930 1379 1476 1452 παρῤησιασάμενον,
1526 1383 1695 1455 μηδὲν
1734 1385 1795 1439 δὲ

207 1461 550 1536 ὠφεληθῆναι
594 1467 721 1533 τοὺς
779 1468 880 1540 τὴν
925 1470 1241 1545 συμϐουλὴν
1287 1472 1654 1545 δεξαμένους,
1705 1477 1795 1532 διὰ

207 1551 357 1605 τοῦτο
391 1554 598 1622 μᾶλλον
622 1554 719 1610 νῦν
758 1557 792 1628 ἢ
833 1558 1100 1631 πρότερον
1127 1562 1190 1615 τὸ
1232 1562 1300 1616 τὰ
1332 1563 1587 1634 βέλτιστα
1614 1566 1795 1636 λέγειν

208 1642 580 1715 φοϐερώτερον
619 1647 867 1716 γέγονεν.
907 1650 970 1704 Ei
1004 1651 1097 1718 δὲ,
1146 1656 1223 1717 ὼς
1250 1657 1394 1726 φὴς,
1426 1658 1570 1723 τινές
1611 1659 1794 1713 αὐτῶν

209 1734 298 1788 καὶ
345 1736 687 1806 παραινέτας
730 1738 1009 1811 ζητοῦσιν,
1042 1744 1146 1813 (οὐ
1193 1745 1304 1819 γὰρ
1352 1747 1557 1812 πάντες
1607 1752 1690 1814 εἰς
1731 1750 1793 1804 τὸ

1893 558 2089 615 habeat
2127 560 2325 616 fidem?
2356 560 2487 628 Quis
2520 561 2864 618 htribundam
2920 563 3133 618 illorum
3174 564 3469 628 insaniam,
3550 588 3553 593 -

1892 664 2013 719 qua:
2042 650 2291 721 componi
2334 651 2541 720 nequit,
2573 651 2666 707 sed
2715 650 2769 705 in
2822 651 2938 706 dies
2977 651 3151 721 magis
3191 650 3471 719 magisque

1895 740 2196 806 invalescit,
2227 740 2519 796 cohibeat?
2544 724 2693 794 Multi
2726 740 2870 794 enim
2923 740 2975 794 id
3018 740 3199 797 facere
3229 738 3468 808 aggressi

1896 827 2029 882 nihil
2060 836 2241 883 tamen
2282 837 2691 897 promoverunt,
2721 828 2853 897 quin
2897 828 3106 898 seipsos
3154 826 3340 882 multis
3387 827 3471 881 in-

1894 918 2181 974 volverunt
2210 917 2389 985 malis,
2420 933 2561 988 quos
2594 918 2848 989 equidem
2878 927 3029 974 certo
3056 918 3174 975 scio
3202 918 3470 972 maximas

1894 1008 1948 1064 in
1975 1009 2148 1063 altera
2174 1018 2489 1079 recepturos
2518 1009 2631 1064 vita
2672 1023 2926 1064 coronas.
2959 1008 3062 1075 Qui
3125 1022 3254 1063 vero
3288 1008 3472 1063 rodio-

1895 1114 1982 1156 res
2007 1107 2153 1167 sunt,
2177 1115 2272 1170 per
2301 1114 2389 1169 ea,
2419 1115 2540 1170 quae
2562 1100 2878 1156 acciderunt
2918 1100 2987 1156 ad
3018 1100 3270 1156 virtutem
3315 1101 3470 1155 indu-

1895 1204 2091 1250 cuntur
2119 1192 2438 1263 fugiuntque
2483 1192 2912 1263 improbitatem.
2960 1192 3094 1248 Cum
3130 1192 3313 1261 itaque
3369 1191 3472 1245 hoc

1900 1288 2073 1345 solum
2123 1302 2191 1342 ex
2222 1285 2646 1355 reprehensione
2675 1285 2942 1349 evenerit,
2977 1292 3036 1338 ut
3064 1285 3260 1353 injuste
3293 1284 3469 1353 patia-

1897 1390 1983 1436 tur
2009 1378 2210 1450 aliquid
2234 1377 2381 1445 mali,
2399 1378 2492 1449 qui
2517 1378 2738 1434 liberius
2759 1376 3133 1444 reprehendit,
3175 1377 3309 1431 nihil
3342 1392 3472 1430 vero

1896 1472 2167 1536 utilitatis,
2199 1473 2284 1527 cui
2307 1470 2491 1526 datum
2512 1478 2596 1525 est
2624 1469 2933 1533 consilium,
2966 1468 3185 1539 accipit,
3219 1478 3473 1539 propter—

1894 1578 1959 1619 ea
1992 1578 2132 1619 nunc
2169 1562 2348 1633 potius
2383 1576 2545 1630 quam
2587 1569 2747 1614 antea
2798 1559 3000 1630 optima
3050 1559 3234 1613 dicere
3276 1557 3471 1613 terrori

1895 1666 1979 1713 est
2015 1655 2206 1723 magis.
2241 1652 2419 1724 Siqui
2460 1666 2591 1709 vero
2631 1653 2893 1722 ipsorum,
2925 1660 2982 1704 ut
3015 1649 3229 1717 scribis,
3284 1649 3473 1703 admo-

1899 1750 2105 1803 nitores
2131 1754 2382 1817 quaarunt
2412 1746 2613 1818 (neque
2644 1745 2788 1801 enim
2835 1759 3025 1799 omnes
3063 1744 3116 1797 in
3152 1741 3475 1797 barathrum

209 1822 478 1897 βάραθρον
509 1828 608 1899 τῆς
638 1829 927 1899 φιλαυτίας
962 1835 1058 1887 καὶ
1096 1836 1196 1905 τῆς
1228 1836 1428 1902 κακίας
1452 1842 1788 1916 κατηνέχθη-

1893 1841 2016 1897 cui
2050 1840 2251 1895 amoris
2281 1838 2363 1894 sui
2400 1853 2466 1895 ac
2492 1838 2745 1892 vitiorum
2770 1833 3218 1907 praecipitarunt),
3254 1848 3468 1902 aequum

210 1916 334 1987 σαν)
384 1918 622 1973 ἀκοῦσαι
666 1921 735 1975 ἂν
777 1923 971 1993 είησαν
1008 1924 1243 2012 δίκαιοι,
1292 1928 1374 1983 ὅτι
1421 1931 1653 2000 μάλιστα
1686 1933 1788 2003 μέν

208 2008 336 2059 εἰσιν
378 2008 437 2061 αί
486 2009 632 2064 θεῖαι
676 2012 926 2084 Γραφαὶ,
963 2009 1054 2080 αῖς
1097 2008 1525 2085 ἀκολουθοῦντες
1566 2021 1626 2075 τὸ
1669 2022 1789 2077 δέον

208 2102 435 2174 γνοίητε.
463 2105 529 2158 Ei
552 2105 610 2160 δὲ
638 2107 733 2161 καὶ
753 2109 1061 2180 συμϐούλου
1089 2112 1287 2179 δεῖσθε,
1312 2113 1592 2168 παύσασθε
1617 2115 1789 2187 δρῶν.

206 2195 334 2257 τεςᾶ
360 2195 550 2266 δρᾶτε,
579 2198 675 2252 καὶ
689 2199 811 2253 τότε
844 2202 1057 2273 ζητεῖτε
1085 2203 1177 2257 τὸν
1212 2206 1568 2277 παραινέτην.
1607 2207 1789 2262 Ἐπει-

205 2285 293 2337 δὰν
323 2288 432 2359 γὰρ
465 2288 679 2345 τούτων
705 2291 1017 2365 παύσησθε,
1048 2296 1144 2350 καὶ
1181 2298 1282 2369 τὴν
1310 2298 1406 2352 τοῦ
1433 2299 1501 2354 τὰ
1537 2299 1791 2371 βέλτιστα

206 2377 376 2447 λέγειν
413 2381 537 2436 ὁδὸν
571 2386 1032 2461 κατασκευάσητε
1071 2390 1291 2461 ἀσφαλῆ
1312 2431 1328 2457 ,
1363 2394 1669 2461 τηνικαῦτα
1696 2394 1790 2449 τὸν

210 2472 641 2542 συμϐουλεύοντα
672 2476 749 2548 (6)
797 2479 868 2532 τὰ
908 2479 1099 2535 δέοντα
1126 2480 1363 2553 ζητεῖτε.
1398 2485 1535 2556 Πρὶν
1562 2486 1620 2539 δὲ
1650 2486 1791 2539 παύ-

209 2568 367 2635 σησθε
393 2610 410 2636 ,
457 2568 535 2641 μὴ
566 2568 782 2641 ζητεῖτε
810 2612 825 2638 ,
869 2573 953 2636 τίς
1000 2574 1129 2645 ὑμῖν
1167 2575 1381 2647 φράσας
1430 2578 1501 2631 τὰ
1527 2578 1790 2633 κάλλιστα

209 2657 290 2725 ὑφ’
315 2658 472 2729 ὑμῶν
503 2661 986 2735 ἐξοστρακισθῆναι
1016 2664 1255 2739 θελήσει·
1279 2670 1344 2722 ού
1366 2669 1476 2740 γὰρ
1502 2670 1788 2740 εὑρήσετε.

208 2748 382 2809 Ταῦτα
406 2751 468 2805 δέ
497 2752 723 2825 γράφω,
754 2755 854 2826 οὐχ
882 2756 959 2821 ὡς
979 2757 1166 2836 δεδιώς
1194 2777 1249 2813 τι
1283 2759 1478 2815 παθεῖν
1506 2759 1744 2815 ἐνταῦθα
1765 2804 1782 2826 ,

210 2839 406 2907 (πολλὰ
436 2842 551 2915 γὰρ
578 2844 771 2898 τούτου
800 2846 965 2901 ἕνεκα
988 2886 1006 2912 ,
1035 2848 1112 2913 ὡς
1158 2845 1342 2917 οἶσθα,
1374 2851 1658 2923 πέπονθα)
1694 2852 1790 2907 καὶ

207 2924 352 2984 εἷπον
405 2931 489 3002 τῷ
551 2936 1051 2992 κατασκευάσαντιο
1118 2958 1139 2997 ι
1205 2941 1621 3011 Ἐστεφάνωσας
1689 2944 1790 3014 οὐχ

208 3019 359 3074 ἑκών·
397 3041 418 3075 ι
452 3024 624 3095 κάμοὶ
646 3025 754 3095 γὰρ
789 3045 808 3078 ι
845 3029 1139 3100 ἐχαρίσατο
1160 3032 1189 3084 ὁ
1216 3029 1348 3094 Θεὸς
1388 3051 1407 3084 ι
1441 3031 1503 3085 οὐ
1538 3033 1699 3104 μόνον
1728 3034 1791 3087 τὸ

214 3130 232 3165 ι
272 3116 349 3177 είς
368 3116 536 3169 αὐτὸν
571 3117 874 3187 πιστεύειν,
916 3120 1053 3174 ἀλλὰ
1082 3123 1182 3177 καὶ
1217 3122 1280 3176 τὸ
1314 3123 1458 3195 ὑπὲρ
1482 3125 1645 3179 αὐτοῦ
1677 3127 1785 3180 πά-

1893 1931 2059 1985 fnerit
2105 1930 2328 1985 obedire
2382 1944 2448 1984 ac
2500 1928 2725 1983 credere
2785 1927 3019 1982 maxime
3082 1940 3205 1980 esse
3258 1938 3467 1979 sacram

1894 2020 2228 2090 Scripturam
2279 2017 2650 2089 sequendam,
2712 2026 2772 2071 ut
2828 2030 3037 2083 aequum
3101 2013 3466 2085 cognoscatis.

1891 2113 2048 2181 Quod
2082 2112 2129 2167 si
2150 2110 2382 2168 consilio
2410 2110 2683 2181 indigetis,
2718 2108 2950 2163 desinite
2984 2106 3112 2163 talia
3144 2116 3383 2177 patrare,
3415 2116 3471 2161 ct

1894 2218 2022 2261 tunc
2048 2204 2372 2275 investigate
2413 2198 2747 2258 hortantem.
2783 2200 2887 2258 Ubi
2920 2215 3047 2256 vero
3077 2200 3147 2256 ab
3181 2200 3248 2255 iis
3302 2198 3470 2255 absti-

1894 2298 2090 2353 nebitis
2123 2298 2291 2363 vitiis,
2333 2307 2389 2351 et
2424 2305 2538 2350 tuto
2565 2296 2771 2365 Optima
2807 2292 3059 2349 suadenti
3090 2292 3234 2347 viam
3261 2301 3469 2347 sterne-

1894 2385 1981 2448 tis,
2018 2396 2145 2439 tunc
2170 2395 2316 2439 recte
2340 2394 2649 2438 monentem
2678 2384 2926 2451 quaerite.
2959 2383 3101 2437 Ante
3137 2397 3270 2437 vero
3301 2396 3467 2451 quam

1891 2476 2139 2543 cessetls,
2163 2475 2329 2531 nolite
2347 2490 2593 2545 quaerere
2613 2476 2736 2545 quis
2764 2475 2919 2530 vobis
2942 2474 3144 2545 Optima
3167 2487 3467 2543 suggerens

1892 2566 2128 2637 ablegari
2160 2581 2192 2620 a
2242 2566 2396 2620 vobis
2422 2565 2589 2633 volet,
2622 2580 2799 2635 neque
2828 2565 2975 2621 enim
3011 2564 3315 2636 reperietis.
3345 2563 3472 2620 llaac

1892 2658 2091 2723 scribo,
2142 2673 2249 2713 non
2299 2657 2600 2712 formidans
2647 2657 2736 2712 hic
2784 2656 2986 2726 aliquid
3044 2657 3250 2726 perpeti
3279 2656 3472 2726 (multa

1890 2752 2035 2807 enim
2082 2751 2245 2820 hujus
2282 2751 2458 2821 gratia
2481 2790 2498 2816 ,
2538 2757 2599 2804 ut
2649 2750 2841 2816 nostis,
2888 2764 3009 2803 sum
3046 2750 3377 2819 perpessus),
3414 2757 3474 2804 et

1892 2842 2000 2896 dixi
2024 2840 2309 2896 adornanti
2347 2862 2360 2897 :
2392 2857 2411 2893 ι
2436 2839 2722 2896 Coronasti
2754 2855 2860 2895 non
2893 2840 3101 2896 volens.
3132 2859 3152 2892 ι
3174 2838 3302 2895 Mihi
3324 2841 3471 2895 enim

1897 2949 1917 2982 ι
1942 2931 2211 2986 concessit
2238 2931 2399 2997 Deus,
2425 2949 2445 2983 ι
2468 2948 2576 2987 non
2596 2941 2804 2986 tantum
2828 2951 2847 2983 ι
2874 2940 2931 2984 ιιι
2949 2931 3002 2986 in
3025 2931 3200 3002 ipsum
3227 2931 3471 3000 credam,

1890 3023 1983 3077 sed
2011 3023 2172 3078 etiam
2214 3033 2271 3077 ut
2296 3038 2392 3093 pro
2422 3024 2540 3092 ipso
2568 3024 2744 3092 patiar
2779 3042 2793 3078 :
2827 3041 2847 3075 ›
2885 3037 3069 3077 verum
3106 3021 3364 3077 obturare
3407 3036 3472 3077 os

1892 3112 2078 3168 volens
2098 3113 2183 3179 iis,
2198 3113 2289 3182 qui
2310 3113 2589 3183 linguntse
2606 3110 2888 3168 consilium
2910 3118 3113 3183 petere,
3129 3124 3237 3165 non
3256 3118 3314 3163 ut
3335 3123 3467 3163 con-

208 3219 368 3273 σχειν·
425 3222 447 3259 ι
515 3206 632 3260 ἀλλ’
703 3209 950 3274 ἐκείνους
1003 3212 1355 3283 ἐπιστομίσαι
1425 3214 1783 3287 βουλόμενος,

1893 3205 2068 3259 silium
2091 3205 2382 3273 accipiant,
2415 3208 2509 3261 sed
2552 3214 2610 3259 ut
2642 3203 2935 3273 decipiant.
2968 3201 3123 3270 Quod
3150 3211 3330 3256 autem
3369 3196 3475 3256 hnc

208 3294 323 3356 τοὺς
352 3298 853 3368 προσποιουμένους
882 3299 1186 3371 σύμϐουλον
1225 3304 1430 3375 ζητεῖν,
1469 3306 1568 3377 οὐχ
1598 3307 1685 3360 τνα
1707 3307 1787 3378 (7)

209 3387 696 3457 ωμϐουλευθῶσιν,
743 3391 857 3445 ἀλλ’
882 3391 969 3447 ίνα
1003 3394 1482 3455 ἐπιϐουλεύσωσιν.
1510 3397 1637 3454 Ὅτι
1678 3398 1787 3473 γὰρ

210 3476 265 3528 οὐ
316 3478 489 3547 φόϐου
527 3479 716 3536 ἐνεκεν
763 3482 940 3538 ταῦτα
992 3485 1280 3557 γέγραφα,
1324 3488 1675 3544 ἀκουέτωσαν
1734 3492 1785 3544 oi

206 3570 429 3624 τοιοῦτοι
463 3573 569 3642 (ὅτι
618 3573 777 3643 ὑμεῖς
808 3574 876 3628 δι’
905 3569 983 3630 ὧν
1015 3578 1313 3647 πράττετε,
1347 3581 1443 3633 καὶ
1468 3582 1595 3643 τοὺς
1620 3582 1787 3652 ἀρχο-

212 3661 391 3729 μένους
430 3664 513 3725 είς
556 3665 756 3719 κακίαν
791 3674 1185 3739 χειραγωγεῖτε
1207 3712 1223 3736 ,
1262 3672 1356 3723 καὶ
1381 3671 1576 3742 διπλῆν
1608 3690 1783 3743 τιμω-

212 3753 321 3821 ρίαν
360 3755 629 3827 ύφέξετε)
670 3759 752 3811 ὃτι
788 3760 956 3832 τε-μὴ
994 3762 1057 3815 τὸ
1081 3761 1201 3815 δέον
1246 3763 1562 3834 ἐπράξατε,
1599 3765 1682 3817 ὅτι
1724 3781 1785 3816 τε

211 3841 594 3900 ὑπεσκελίσατε
643 3849 772 3911 τοὺς
818 3849 1061 3920 σωθῆναι
1092 3850 1425 3922 δυναμένους
1469 3851 1558 3918 ἂν,
1604 3854 1655 3906 εί
1708 3853 1784 3925 μὴ

211 3935 330 4004 παρ’
373 3934 531 4006 ὑμῶν
574 3937 1101 4009 ἐσκανδαλίσθησαν.
1154 3940 1449 3996 Παύσασθε
1481 3941 1775 4013 τοιγαροῦν

211 4025 420 4081 τοιαῦτα
450 4028 691 4099 δρῶντες
714 4068 731 4094 ,
754 4029 791 4085 ἃ
824 4031 944 4086 οὐδὲ
965 4033 1016 4086 οἱ
1046 4032 1234 4104 ἐχθροὶ
1261 4034 1358 4087 τοῦ
1382 4032 1623 4106 Χριστοῦ
1646 4033 1784 4104 πρὸς

212 4117 551 4189 βλασφημίαν
582 4120 676 4175 τοῦ
705 4121 970 4193 ὀνόματος
998 4123 1165 4177 αὐτοῦ
1192 4125 1414 4197 δρῶσιν.
1453 4112 1695 4185 Σϐέσατε
1722 4131 1786 4185 τὸ

212 4207 295 4260 ἐπὶ
317 4209 391 4280 τῷ
413 4211 709 4282 προεδρίας
737 4213 1008 4282 ἠξιῶσθαι
1023 4216 1177 4287 παρὰ
1192 4216 1318 4280 τοὺς
1338 4217 1568 4284 πολλοὺς
1585 4221 1779 4292 οἴημα·

213 4300 473 4367 χαλάσατε
523 4304 615 4358 τὸν
643 4304 835 4375 τύφον·
871 4307 1264 4361 κατασπάσατε
1314 4309 1413 4381 τὴν
1458 4312 1653 4385 ὀφρὺν,
1694 4317 1783 4369 ἐν·

210 4392 448 4462 νοήσατε,
480 4395 563 4449 ὃτι
588 4395 665 4466 γῆ
687 4398 810 4451 ἐστε
840 4398 937 4452 καὶ
963 4399 1209 4465 σποδός’
1251 4403 1561 4473 σκοπήσατε
1586 4405 1648 4459 τὸ
1678 4407 1784 4477 πρὸ

213 4483 446 4557 βραχέος,
475 4489 569 4543 καὶ
591 4489 653 4542 τὸ
681 4490 820 4558 μετὰ
842 4490 1038 4561 βραχύ.
1078 4492 1379 4562 Ἐπῐγνωτε
1411 4495 1540 4559 τοὺς
1570 4498 1783 4551 ἐαυτῶν

212 4578 309 4630 ἀπὸ
335 4580 436 4650 τῆς
452 4580 653 4651 ἀρετῆς
684 4582 960 4651 ἀμείνους
983 4584 1063 4656 μή
1087 4587 1199 4647 τοῖς
1220 4585 1406 4648 ὅπλοις
1434 4587 1531 4657 τῆς
1564 4589 1607 4641 is
1617 4589 1786 4659 ρωσύ-

212 4684 299 4737 νης
320 4673 439 4725 κατ’
474 4673 644 4745 αὐτῆς
675 4674 777 4745 τῆς
805 4675 1105 4746 ἱερωσύνης
1134 4678 1405 4748 χρήσεσθε
1428 4697 1443 4710 ·
1476 4679 1553 4749 μὴ
1584 4681 1664 4744 εἰς
1689 4681 1781 4734 τὸν

211 4757 302 4828 τῆς
315 4762 455 4834 άκτη
464 4764 700 4835 μοσύνης
716 4766 1186 4837 χρηματιζόμενοι
1208 4771 1579 4841 παροινήσατε
1606 4772 1682 4842 (8)
1703 4772 1785 4825 δι-

1817 4553 1866 4611 ι)

1893 3312 2003 3352 non
2028 3306 2207 3352 metus
2235 3311 2401 3351 causa
2435 3296 2770 3368 scripserim,
2818 3296 2918 3365 ipsi
2961 3294 3123 3351 velim
3170 3293 3475 3363 intelligant

1895 3387 2059 3462 [quod
2104 3404 2200 3444 vos
2244 3398 2463 3460 propter
2502 3405 2565 3445 ea
2610 3405 2730 3459 quae
2781 3390 2981 3455 facitis,
3034 3397 3090 3443 et
3120 3386 3365 3444 subditos
3399 3390 3467 3442 ad

1891 3494 2095 3549 malum
2129 3494 2441 3565 perducitis,
2469 3503 2525 3550 et
2553 3495 2821 3566 duplicem
2863 3495 3181 3566 persolvetis
3228 3494 3470 3567 panam]

1891 3587 2034 3655 quod
2064 3599 2262 3654 neque,
2296 3585 2441 3654 quod
2481 3586 2744 3656 oportuit,
2793 3586 3023 3649 fecistis,
3064 3594 3119 3641 et
3151 3588 3471 3657 ειιρρισιιιιμ

1890 3681 1989 3736 stis
2019 3695 2136 3746 eos,
2164 3680 2257 3750 qui
2283 3679 2479 3735 salvari
2514 3680 2730 3748 quidem
2756 3689 3030 3752 poterant,
3075 3683 3180 3736 nisi
3211 3698 3308 3737 vos
3342 3681 3476 3751 ipsis

1890 3771 2147 3827 seandalo
2191 3770 2450 3826 fuissetis.
2503 3772 2865 3843 Supersedete
2926 3772 3109 3844 itaque
3147 3774 3277 3829 talia
3322 3788 3473 3828 com~

1890 3864 2125 3930 mittere,
2158 3878 2279 3933 qua:
2305 3879 2372 3919 ne
2408 3862 2612 3920 Christi
2644 3865 2861 3935 quidem
2893 3866 3098 3930 hostes,
3128 3866 3197 3920 ad
3230 3866 3466 3923 nominis

1888 3962 2005 4029 ejus
2037 3962 2427 4032 blasphemiam
2458 3964 2820 4019 committant.
2842 3964 3040 4021 Tollite
3072 3966 3141 4020 de
3172 3969 3348 4022 medio
3384 3983 3476 4022 ve-

1889 4056 1989 4109 stri
2021 4070 2185 4124 super
2213 4054 2317 4110 loci
2343 4055 2699 4125 praerogativa
2729 4071 2795 4110 ac
2819 4056 3131 4125 dignatione
3152 4068 3473 4125 conceptam

1890 4144 2034 4213 apud
2060 4143 2260 4201 multos
2278 4145 2463 4198 animo
2493 4143 2829 4212 opinionem.
2861 4143 3246 4211 Arrogantiam
3294 4142 3472 4198 refre-

1887 4243 2048 4298 nate;
2071 4231 2343 4301 supercilii
2372 4229 2574 4287 fastum
2594 4230 2867 4300 deponite.
2895 4227 3093 4285 Veniat
3122 4230 3177 4284 in
3208 4239 3470 4293 mentem,

1887 4325 2032 4394 quod
2055 4325 2175 4379 sitis
2202 4324 2374 4393 pulvis
2388 4333 2436 4379 st
2470 4323 2605 4381 cinia
2639 4325 2708 4376 ὀ.
2737 4323 3093 4379 Considerate
3122 4323 3266 4391 quod
3308 4322 3471 4388 paulo

1889 4424 2015 4467 ante
2044 4411 2248 4475 fuistis,
2280 4420 2338 4466 et
2365 4410 2524 4480 paulo
2545 4419 2670 4481 post
2685 4411 2861 4467 eritis.
2886 4410 3212 4481 Cognoscite
3244 4410 3467 4478 quinam

1890 4512 2129 4559 vestrum
2154 4503 2357 4558 virtute
2388 4511 2681 4571 praestent;
2712 4501 2883 4557 nolite
2917 4501 3265 4559 sacerdotum
3297 4504 3471 4558 armis

1889 4604 2077 4650 contra
2108 4596 2474 4651 sacerdotium
2504 4596 2679 4663 abuti,
2724 4611 2859 4651 neve
2893 4596 2947 4650 in
2983 4597 3326 4666 paupertatis
3352 4611 3473 4651 ma-

1888 4688 2117 4756 gistrum
2140 4687 2369 4755 quaestui
2400 4688 2777 4745 incumbentes
2810 4688 3256 4744 debaccltemini.
3291 4686 3474 4745 Nolite

1883 4792 1982 4845 pro
2016 4774 2216 4831 fabulis
2245 4777 2467 4841 ducere,
2494 4792 2615 4846 qua:
2637 4779 2948 4845 evangelica
2976 4779 3311 4847 cognovistis
3338 4794 3473 4848 pra:-

213 4849 486 4941 δάσκαλον.
517 4855 609 4927 Μή
645 4857 849 4927 μύθους
877 4859 1100 4929 ⁴ήγείσθε
1126 4861 1252 4923 τοὺς
1285 4861 1623 4932 ἐπᾳσθέντας
1655 4864 1784 4934 ὑμῖν

1893 4875 2072 4935 :epta;
2104 4868 2271 4922 nolite
2303 4870 2618 4927 existimare
2643 4881 2924 4939 peccatum
2952 4871 3181 4941 relinqui
3217 4871 3460 4940 impuni-

219 4940 596 5010 εὐαγγελικοὺς
636 4944 860 5015 λόγουςο
908 4949 985 5020 μὴ
1013 4944 1263 5020 νομίζετε
1295 4953 1629 5022 ἁμαρτάνειν
1664 4956 1783 5009 ἀτι-

1880 4966 2013 5023 tum,
2257 4958 2426 5015 Deum
2462 4959 2716 5029 iniustum
2751 4976 2876 5016 esse
2903 4976 2972 5017 ne
3011 4960 3236 5029 putetis,
3290 4976 3471 5030 neque

224 5036 450 5104 μωρητί·
488 5035 564 5106 μὴ
598 5038 661 5091 τὸ
693 5039 836 5093 θεῖον
864 5040 1049 5095 ἄδικον
1082 5037 1221 5095 εἶναι
1254 5044 1537 5115 νομίσητεο
1573 5045 1649 5116 μὴ
1691 5047 1782 5099 τὸν

1893 5050 2200 5105 itallucinari
2254 5066 2431 5121 neque
2456 5053 2711 5108 czecutire
2742 5051 2914 5109 Deum
2935 5052 3120 5109 omnia
3152 5053 3458 5108 intuentem
3496 5124 3499 5125 γ

219 5126 598 5199 παντεπόπτην
624 5129 761 5189 Θεὸν
787 5134 1038 5205 παρορᾷν
1066 5132 1328 5205 ίοίηθῆτε.
1358 5136 1451 5208 Μὴ
1507 5138 1635 5201 τοὺς
1678 5138 1797 5207 φιλ-

279 5278 325 5308 ¹⁶
359 5279 495 5336 Gen.
535 5295 620 5348 Ill,
656 5282 743 5340 l9.

1904 5142 2263 5198 arbitremini.
2300 5141 2500 5199 Virtuti
2534 5143 2745 5202 deditos
2776 5144 2946 5202 nolite
2985 5144 3259 5215 ablegare.
3282 5141 3497 5200 0mni-'

1291 5398 1530 5457 ἺΔΚΙιΕ
1568 5401 1960 5462 LECTIONES
1998 5405 2086 5461 ΕΤ
2120 5403 2354 5463 NOTAE.

286 5541 498 5631 (5)hPro
546 5547 1100 5625 6tércetpav_uterque
1151 5556 1270 5613 cod.
1326 5554 1454 5626 legit
1498 5557 1777 5631 περιέπει-

225 5626 329 5679 ραν.
369 5615 575 5673 Possm.

286 5682 359 5752 (6)
399 5685 507 5767 Pro
541 5689 975 5767 ωμϐορλεύοντα
1007 5694 1169 5753 iidem
1211 5695 1409 5753 habent
1439 5696 1776 5767 συμϐουλεύ-

230 5766 372 5807 σοντα
397 5758 450 5814 in
482 5758 681 5817 futuro.
710 5758 790 5817 ΙΙ).

1955 5561 2034 5628 (7)
2069 5558 2174 5633 Ero
2206 5561 2306 5632 οὐχ
2339 5560 2428 5615 ἴνα
2460 5560 2622 5633 iidem
2659 5561 2865 5633 addunt
2890 5564 2988 5633 μή.
3031 5563 3108 5618 in.

1955 5634 2033 5701 (8)
2079 5631 2197 5705 _Pro
2252 5631 2622 5703 παροινήσατε
2676 5631 2837 5690 iidem
2892 5631 3145 5692 scribunt
3197 5631 3462 5705 παροινή-

1884 5699 2036 5775 σητε.
2075 5699 2154 5757 ιι).
