3906 6416
391 353 532 424 1403
556 352 559 355 ’
800 366 809 377 ’
1612 357 1672 417 S.
1712 355 1933 416 ISIDO]

2116 353 2489 414 3LUSIOT/E
3532 349 3658 417 1404

391 474 490 525 bus
518 476 806 538 coopertos
832 464 1049 537 ﬂagitiis
1078 480 1148 521 ne
1180 465 1368 536 plausu
1409 464 1602 536 dignos
1624 467 1933 520 existimetis

2117 464 2303 533 ρέτους
2334 461 2783 535 ἐξοστρακίσητε*
2802 462 2878 533 μὴ
2898 462 3023 526 τοὺς
3050 462 3233 516 πᾶσαν
3259 460 3541 531 μετιόντας
3564 481 3657 517 κα-

387 561 663 615 Jttveututi
685 560 979 614 formanda:
999 566 1211 623 cavete,
1238 572 1304 612 ne
1327 558 1605 626 improbos
1628 557 1929 626 praaﬂciatis

2127 555 2211 606 ίαν
2253 556 2696 626 συγκροτησητεο
2731 554 2807 626 μὴ
2851 554 3313 625 παιδοτριϐήσητε
3344 554 3472 616 τοὺς
3502 555 3660 624 ὁρῶν-

390 652 563 707 nolite
594 650 835 721 abjicere
873 664 991 715 eos,
1027 649 1119 718 qui
1142 649 1238 704 Dei
1276 648 1494 703 adducti
1535 647 1653 702 zelo
1686 647 1856 701 libere
1885 661 1932 699 Vt

2123 663 2182 707 ας
2213 646 2287 709 είς
2325 645 2547 697 κακίαν·
2584 643 2659 714 μὴ
2700 643 2931 715 σϐἐσητε
2962 644 3070 697 τῶν
3100 643 3231 713 θείῳ
3261 641 3414 713 ζήλῳ
3442 644 3665 713 ἐχόντων

390 758 511 796 rum
545 742 920 812 pronuntiant.
950 742 1088 796 Aliis
1111 743 1371 796 damnum
1406 740 1603 796 aﬂ'erre
1633 740 1879 811 fugitote,
1909 756 1932 794 ω

2121 735 2184 804 ὴν
2229 735 2564 805 παρρησίαν⁸
2606 733 2681 804 μὴ
2726 733 2825 798 τὰς
2874 733 3163 806 ἀλλοτρίας
3211 734 3663 804 πραγματεύεσθε

394 830 707 899 honestum,
739 832 883 900 quod
911 834 1078 887 verho
1115 832 1374 896 laudatis,
1401 845 1566 900 opere
1602 831 1718 900 ipso
1755 832 1936 885 iuhont

2164 827 2400 898 μφορὰς·
2456 827 2532 897 μὴ
2586 826 2731 897 λόγῳ
2787 829 2849 881 τὸ
2895 828 3014 881 δέον
3062 826 3482 897 ὑποτιθέμενοι,
3532 827 3702 896 ἔργῳ·

394 922 545 976 retis.
579 921 685 978 Sed
717 923 845 992 quid
871 924 1117 993 pluribus
1145 933 1225 977 est
1255 938 1413 991 opus,
1448 938 1571 978 cum
1604 924 1719 978 haec
1744 938 1851 977 non
1881 924 1936 977 at}

2126 920 2234 972 ιῦτο
2257 917 2562 990 ἀτιμάσητε
2583 960 2597 985 ,
2636 918 2773 973 ἀλλὰ
2801 919 2853 973 τί
2888 918 2996 991 χρὴ
3025 920 3309 990 μηκύνειν,
3343 919 3441 972 καὶ
3475 918 3668 971 τούτων

395 1015 616 1069 modum
646 1015 1015 1085 impudentem
1036 1024 1241 1084 queant
1268 1016 1554 1071 emollire?
1579 1004 1766 1071 Finem
1800 1017 1937 1085 itaqu

2126 1010 2287 1064 ιανῶν
2318 1009 2490 1064 ὄντων
2517 1011 2645 1074 τοὺς
2680 1010 2756 1082 μὴ
2788 1010 2912 1066 λίαν
2956 1012 3302 1082 ἀναισθήτως
3330 1011 3555 1081 ἔχοντας
3577 1027 3668 1063 κα-

391 1108 554 1170 facio,
586 1107 754 1163 Deum
800 1108 901 1162 rite
929 1118 1207 1179 precatus,
1241 1116 1299 1164 ut
1335 1109 1477 1164 hanc
1509 1109 1662 1165 vobis
1686 1108 1933 1164 salutare}

2126 1102 2439 1171 ιτοξεῦσαι;
2474 1104 2679 1175 Διόπερ
2719 1105 3073 1175 παυσάμενος
3105 1104 3199 1158 ἐπὶ
3244 1104 3411 1174 σιγὴν
3441 1102 3519 1173 (9)
3551 1103 3668 1174 τρέ-

392 1213 515 1254 esse
538 1199 824 1270 epistolam
854 1199 1111 1270 patiatur.
1602 1200 1612 1211 ’

2127 1212 2279 1265 ομαι,
2313 1195 2579 1266 ἀνύσιμον
2601 1196 2751 1249 τουτὶ
2772 1196 3025 1266 γενέσθαι
3054 1198 3115 1251 τὸ
3140 1196 3383 1269 γράμμα
3401 1238 3419 1265 ,
3441 1198 3503 1251 τὺ
3522 1198 3669 1252 Θεῖον

2087 1285 2402 1342 ἀντιϐολῶν.

631 1395 894 1454 CXXXII.
921 1428 993 1438 —
1023 1397 1369 1455 PALLADIO
1409 1397 1730 1456 DIACONO.

2366 1397 2538 1452 PAB'.
2572 1428 2641 1437 —-
2676 1397 3400 1470 ΠΑΛΛΑΔΙῼοΔΙΔΚΟΝῼ.

748 1491 828 1548 De
865 1492 959 1547 illo
997 1494 1265 1548 consultus
1294 1507 1315 1545 :
1345 1491 1545 1548 Sancta
1573 1510 1637 1548 ne
1677 1494 1919 1556 canibus,
1941 1502 2079 1557 etc.,
2108 1491 2303 1546 Matth.
2344 1500 2442 1558 vn‘,
2471 1492 2525 1557 6,
2563 1491 2783 1559 indigno
2806 1502 2957 1562 negat
2998 1507 3327 1560 responsum.

464 1602 544 1658 Ad
574 1602 624 1657 id
650 1601 794 1673 quod
822 1601 1019 1658 scribis
1048 1601 1225 1657 habeo
1254 1601 1397 1672 quod
1423 1601 1621 1667 dicam,
1644 1600 1776 1655 nihil
1795 1609 1976 1654 autem

2158 1599 2295 1671 Περὶ
2321 1593 2384 1652 οὗ
2414 1599 2700 1669 γέγραφας
2722 1638 2738 1662 ,
2775 1598 2886 1669 ἔχω
2932 1598 3031 1669 μὲν
3060 1601 3237 1653 εἰπεῖν
3256 1618 3269 1631 ι
3309 1600 3396 1653 σοὶ
3432 1600 3480 1653 δ’
3508 1601 3670 1656 είπεῖν

399 1698 466 1750 ad
494 1705 567 1762 te,
597 1694 691 1750 Dei
727 1694 874 1749 dicto
904 1694 1162 1757 audiens,
1192 1692 1429 1763 iubenti,
1467 1712 1487 1744 t
1522 1692 1720 1747 Sancta
1756 1690 1941 1746 canibu

2130 1692 2188 1745 3x
2221 1691 2349 1761 ἔχω,
2379 1690 2511 1760 Θείῳ
2540 1690 2867 1760 πειθόμενος
2895 1691 3132 1763 χρησμῷ
3161 1691 3672 1764 παρακελευομένη),

400 1799 508 1837 non
540 1781 865 1848 obiicienda.
903 1800 922 1832 ι
955 1780 1107 1847 Quod
1141 1780 1185 1835 si
1217 1796 1411 1835 canum
1450 1780 1653 1833 rabiem
1692 1777 1942 1848 depuleri:

2152 1748 2408 1853 Mh'otirce
2450 1748 2520 1835 {at
2549 1780 2682 1849 ἆγια
2705 1748 3060 1843 ’τοῖςνκῖσίνξ
3082 1748 3115 1834 ι.
3150 1782 3215 1835 Ei
3242 1748 3323 1836 ’δὲ
3364 1780 3476 1836 τῶν

404 1884 461 1927 et
509 1874 761 1928 humanae
808 1872 1003 1928 indolis
1031 1888 1095 1927 ac
1136 1873 1489 1943 benignitatis
1531 1872 1804 1940 specimen
1832 1870 1946 1925 exh?

2126 1875 2194 1945 ὴν
2221 1874 2426 1930 λύσσαν
2466 1872 2833 1943 ἀποτρίψαιο,
2864 1874 2962 1928 καὶ
3004 1874 3103 1947 τῆς
3134 1875 3491 1947 ἀνθρωπίνης
3524 1876 3668 1943 εὐγε-

402 1965 611 2031 bueris,
627 1965 789 2019 etiam
804 1980 909 2018 non
925 1964 1285 2032 interroganti
1311 1963 1669 2033 respondebo,
1692 1964 1944 2018 mutationi

2128 1966 2244 2031 είας
2289 1965 2388 2036 τὴν
2430 1965 2719 2037 πραότητα
2760 1965 3097 2035 ἐπιδείξαιο,
3128 1967 3228 2021 κα)⁸
3278 1967 3361 2038 μὴ
3411 1967 3667 2037 ἐρωτῶντι

402 2073 508 2111 non
538 2066 646 2110 tam
667 2057 858 2113 formae
886 2072 1048 2128 quam
1079 2071 1291 2111 morum
1313 2057 1632 2111 delectatus.

2128 2058 2324 2128 ιράσω,
2356 2059 2423 2128 τῇ
2451 2055 2720 2127 μεταϐολῇ
2753 2055 2816 2110 ού
2846 2056 2944 2127 τῆς
2975 2059 3193 2129 μορφῆς
3213 2098 3233 2124 ,
3264 2057 3407 2112 ἀλλὰ
3434 2058 3541 2112 τῶν
3565 2057 3670 2129 τρύ-

2085 2167 2203 2204 πων
2230 2148 2438 2220 ἡσθείς.

566 2256 854 2312 CXXXIII.
881 2286 953 2297 —
989 2254 1289 2313 OPHELIO
1334 2254 1815 2311 GRAMMATICO.

2344 2259 2515 2315 PAI".
2546 2290 2619 2301 —
2655 2259 2901 2331 ΩΦΕΛῙῼ
2939 2259 3447 2331 ΓΡΑΜΜΑΤΙΚῼ.ξ

1736 2349 1811 2405 De
1848 2352 1984 2421 ctylo
2010 2353 2305 2421 epistolari.

475 2458 743 2528 Epistolas
805 2458 1079 2513 scribendi
1132 2458 1416 2512 character
1472 2472 1576 2511 non
1628 2474 1856 2514 omnino
1915 2463 1989 2514 sit

2178 2468 2239 2514 υ
2270 2460 2676 2532 ἐπιστολιμαίος
2701 2460 2986 2533 χαρακτὴρ
3011 2462 3145 2533 (10),
3177 2464 3319 2535 μήτε
3342 2464 3669 2520 παντάπασιν

400 2569 599 2621 expers
629 2552 910 2623 elegantiae
935 2562 1098 2622 atque
1125 2563 1374 2615 ornatus,
1393 2568 1565 2622 neque
1599 2553 1758 2608 nimis
1778 2553 1942 2608 dicent

2127 2554 2411 2623 ικόσμητος
2437 2554 2599 2613 ἔστω,
2634 2555 2774 2625 μήτε
2801 2554 2909 2625 μὴν
2938 2556 3018 2617 είς
3045 2555 3241 2626 θρύψιν
3268 2560 3669 2629 κεκοσμημένος

405 2646 631 2701 mollitie
674 2661 741 2700 ac
777 2645 994 2699 deliciis
1040 2655 1350 2700 enervatus.
1407 2646 1537 2700 Illud
1582 2647 1725 2700 enim
1757 2646 1947 2715 simple

2124 2650 2131 2715 ι
2161 2648 2397 2717 τρυφήν.
2429 2646 2504 2699 Τὸ
2540 2646 2640 2716 μὲν
2675 2647 2787 2717 γὰρ
2828 2646 3068 2711 εὐτελὲς,
3096 2647 3160 2701 τὸ
3189 2648 3248 2700 δὲ
3296 2650 3666 2721 ἀπειρόκαλον·

403 2756 467 2792 ac
504 2750 695 2793 tenue:
719 2738 819 2792 hoc
844 2752 974 2792 vero
998 2738 1238 2804 ineptum
1262 2745 1378 2803 est;
1407 2746 1461 2791 at
1483 2739 1760 2792 moderate
1780 2754 1943 2792 oruar

2128 2738 2156 2791 ὸ
2196 2738 2255 2791 δὲ
2308 2740 2546 2810 μετρίως
2587 2738 3001 2809 κεκοσμῆσθαι,
3036 2742 3301 2813 καὶπρὸς
3336 2744 3545 2815 χρείαν,
3588 2745 3670 2798 καὶ

401 2847 523 2886 Cum
557 2832 624 2884 ad
657 2847 835 2895 usum,
868 2840 979 2883 tum
1006 2831 1073 2884 ad
1106 2840 1447 2885 venustatem
1475 2830 1692 2885 sufﬁcit.

1122 2840 1447 2885 venustatem
1475 2830 1692 2885 sufﬁcit.
2097 2835 2233 2905 πρὸς
2262 2834 2460 2898 κάλλος
2488 2835 2664 2905 ἀρκεῖ.

687 2961 980 3018 CXXXIV.
1005 2992 1077 3002 ——
1105 2960 1317 3017 ΜΕΝᾹΞ
1374 2960 1695 3017 DIACONO.

2449 2964 2617 3019 PAA’.
2642 2964 2728 3031 ιη-
2761 2965 2967 3037 ΜΗΝᾼ
2992 2965 3340 3037 ΙΔΙΑΚΟΝῼ.

782 3054 1075 3124 A/fectibus
1104 3053 1260 3107 malis
1284 3053 1507 3117 vincere,
1539 3064 1615 3106 est
1651 3053 1812 3117 vinci,
1840 3064 1887 3106 et
1925 3052 2085 3105 noxia
2122 3069 2182 3105 ea
2212 3053 2433 3106 victoria
2477 3063 2576 3106 est.
2614 3051 2781 3122 (Vide
2807 3052 2937 3122 infr.
2968 3057 3120 3123 epist.
3150 3054 3298 3124 142.)

475 3165 578 3232 Qui
609 3164 894 3220 in‘duabus
925 3165 1077 3219 hisce
1106 3162 1484 3219 affectionibus
1514 3163 1609 3218 irae
1647 3163 1905 3217 nimirum
1932 3172 1986 3215 et
2013 3164 2017 3195 ¹

2161 3162 2224 3215 Οἱ
2253 3160 2312 3213 ὲν
2339 3163 2451 3223 τοῖς
2478 3159 2736 3230 χαλεποῖς
2758 3160 2993 3226 πάθεσι,
3028 3162 3185 3232 Θυμῷ
3214 3163 3366 3232 λέγω
3398 3164 3491 3217 καὶ
3503 3164 3668 3216 πλεον-

404 3258 647 3311 avarititc
674 3256 893 3312 vincere
918 3257 1191 3321 videntur,
1216 3254 1282 3309 iis
1318 3254 1597 3308 molestior
1626 3264 1710 3309 est
1742 3253 1946 3309 victori:

2129 3251 2238 3323 ξίᾳ,
2271 3253 2428 3323 νικᾷν
2458 3251 2739 3315 δοκοῦντες
2762 3291 2778 3315 ,
2810 3253 2982 3324 ἥττης
3045 3254 3266 3325 ἀπάσης
3294 3255 3667 3326 χαλεπωτέραν

402 3365 569 3415 quam
623 3348 782 3404 victis
828 3349 895 3403 ¹¹.
943 3348 1040 3403 Est
1069 3348 1213 3401 enim
1251 3362 1373 3401 cum
1402 3346 1544 3400 vinci
1575 3361 1738 3415 quam
1775 3347 1944 3400 vincet

2123 3344 2291 3397 νικῶσι
2333 3345 2510 3413 νίκην.
2565 3344 2724 3396 Ἔστι
2755 3343 2865 3415 γὰρ
2910 3347 3045 3399 ὅπου
3099 3347 3224 3417 νίκη
3281 3348 3485 3418 χείρων
3518 3350 3665 3418 ἥττης

403 3450 643 3510 prmstct,
674 3456 848 3510 neque
879 3442 931 3494 iu
961 3441 1184 3495 victoria
1212 3438 1408 3493 merito
1446 3440 1517 3493 sit
1548 3440 1911 3508 gaudendum,

2130 3437 2236 3499 στὶ,
2268 3436 2362 3489 καὶ
2389 3435 2449 3489 οὐ
2484 3436 2565 3489 δεῖ
2596 3435 2810 3506 χαίρειν
2841 3436 2935 3489 ἐπὶ
2971 3440 3039 3508 τῇ
3086 3439 3317 3512 τοιαύτῃ
3365 3440 3521 3510 νίκῃ,
3556 3440 3666 3493 ὅταν

401 3550 464 3585 ea
497 3532 695 3600 injuste
723 3532 997 3587 obveniat.
1024 3531 1153 3598 Quae
1184 3530 1331 3588 enim
1356 3530 1607 3599 voluptas
1640 3532 1728 3585 hic
1755 3532 1943 3599 capitu

2126 3530 2299 3594 ιδίκως
2323 3529 2618 3602 συμϐαίνῃ.
2671 3528 2737 3582 Ἢ
2772 3530 2883 3600 γὰρ
2930 3530 2996 3583 ὲκ
3031 3530 3237 3601 ταύτης
3271 3533 3440 3603 ἡδονὴ
3471 3533 3551 3584 ἐπ’
3577 3532 3668 3583 ὀλί-

403 3624 469 3677 ad
503 3626 662 3679 hreve
699 3625 933 3679 delectat
974 3634 1227 3692 tempus,
1271 3622 1506 3677 dedecus
1538 3639 1691 3689 vero,
1727 3625 1945 3693 Iempor'

2125 3638 2194 3675 ’ον
2222 3620 2414 3692 χρόνον
2441 3619 2836 3691 εὐφραίνουσα,
2864 3622 3090 3676 αἰωνίαν
3112 3622 3384 3693 αἰσχύνην
3412 3626 3667 3693 προίόντος

405 3720 591 3781 ductu,
623 3716 765 3787 parit
792 3716 1209 3786 sempiternum.

1100 3731 1209 3769 um.
2096 3715 2271 3766 τίκτει
2299 3711 2392 3765 τοῦ
2417 3711 2636 3783 χρόνον.

682 3844 950 3901 CXXXV.
980 3877 1051 3890 —
1081 3846 1357 3903 HIERACI
1391 3846 1712 3903 DIACONO.
2434 3845 2603 3901 PAE’.
2637 3876 2706 3888 --
2748 3846 2985 3901 IEPAKI
3019 3846 3348 3917 ΔῐΑΚΟΝῼ.

819 3938 1185 3994 Periculosum
1211 3958 1446 4008 peccare,
1478 3950 1529 3994 et
1560 3941 1757 3995 nescire
1786 3956 1838 3993 se
1875 3954 2108 4007 peccare.
2154 3938 2318 4012 (Vide
2346 3940 2502 4009 epist.
2534 3938 2589 4002 8,
2626 3938 2694 3992 74
2723 3947 2771 3991 et
2802 3937 2929 4002 159,
2961 3938 3087 4002 594,
3120 3937 3276 4003 404.)

477 4046 709 4113 Quando
741 4047 1011 4111 gravium,
1038 4062 1156 4115 qua:
1182 4050 1413 4118 agimus,
1443 4063 1618 4116 neque
1649 4047 1747 4116 ipsi
1773 4060 1993 4100 sensum

2188 4046 2405 4118 Ἐπειδὴ
2456 4046 2564 4099 τῶν
2604 4046 2815 4112 δεινῶν,
2862 4042 2937 4099 ὧν
2983 4046 3223 4117 δρῶμεν,
3274 4046 3526 4115 αἴσθησιν
3570 4043 3669 4097 οὐδ’

406 4137 678 4192 habemus
724 4137 794 4191 ob
844 4138 1227 4210 negligentiam
1282 4153 1636 4209 amoremque
1678 4139 1783 4207 sui,
1818 4153 1948 4206 nequ

2123 4138 2259 4191 ιύτοὶ.
2288 4137 2486 4208 ἔχομεν
2527 4137 2615 4191 διά
2640 4137 2914 4208 ρᾳθυμίαν
2945 4138 3042 4191 καὶ
3078 4137 3390 4206 φιλαυτίαν,
3419 4138 3537 4191 οὕτε
3568 4135 3665 4189 ἐτέ-

406 4226 530 4281 aliis
569 4228 895 4294 praebemus,
922 4242 989 4282 eo
1010 4229 1153 4297 quod
1184 4230 1353 4284 nihilo
1395 4230 1592 4285 melius
1620 4229 1696 4283 illi
1727 4243 1855 4299 erga
1890 4228 1948 4284 isl

2120 4247 2219 4292 >οις
2270 4228 2605 4300 παρέχομεν,
2655 4229 2743 4282 διὰ
2788 4230 2849 4283 τὸ
2894 4230 3185 4293 κάκείνους
3239 4229 3412 4300 μηδὲν
3462 4228 3662 4299 ἄμεινον

408 4316 588 4372 aﬂ‘ecti
626 4318 737 4373 sint
782 4321 997 4389 negotia
1031 4337 1046 4373 :
1081 4321 1285 4376 idcirco
1306 4337 1404 4376 nos
1432 4330 1580 4377 recte
1597 4321 1780 4376 valere
1800 4321 1950 4391 epina

2118 4321 2261 4391 ἰ)μῶν
2306 4320 2648 4385 διακεῖσθαι,
2688 4320 2779 4375 διὰ
2826 4320 2985 4375 τοῦτο
3033 4320 3351 4392 νομίζοντες
3399 4322 3660 4391 ὑγιαίνειν,

408 4425 550 4475 nmr,
597 4400 773 4481 neque
829 4413 1069 4467 medicos
1128 4417 1451 4482 quaerimus,
1505 4429 1682 4485 neque
1737 4414 1917 4469 curari

2120 4412 2227 4466 ιΰτε
2271 4414 2487 4484 ἰατροὺς
2519 4412 2910 4483 ἐπιζητοῦμεν,
2953 4413 3078 4467 οὔτε
3113 4413 3520 4485 Θεραπευθῆναι
3554 4414 3662 4484 βου-

408 4504 600 4558 tnorho
637 4513 934 4573 optamus:
976 4516 1031 4559 et
1088 4522 1154 4561 ne
1198 4508 1301 4562 hoc
1341 4508 1519 4576 ipsum
1565 4507 1812 4579 quidem,
1847 4522 1950 4576 quo

2121 4505 2322 4577 ,όμεθαο
2364 4504 2478 4559 ἀλλ’
2513 4505 2624 4559 οὐδ’
2654 4506 2786 4559 αὐτὸ
2814 4505 3008 4569 τοῦτο,
3037 4507 3121 4559 ὅτι
3167 4505 3455 4576 νοσοῦμεν,
3498 4507 3663 4575 ἴσμεν·

408 4604 758 4661 a-grotamus,
780 4597 1201 4665 cognoscimus;
1227 4599 1370 4667 quod
1394 4614 1554 4667 supra
1575 4599 1792 4654 modum
1810 4607 1895 4654 est
1911 4598 1950 4653 ir

2123 4615 2236 4668 ιπερ
2268 4597 2506 4669 ἐσχάτης
2541 4598 2692 4652 ἐστὶν
2737 4597 3113 4669 ἀναλγησίας,
3161 4597 3363 4668 μᾶλλον
3396 4599 3454 4652 δὲ
3482 4594 3665 4670 νεκρὼο

406 4685 721 4741 settsihilem
755 4701 894 4747 esse,
922 4688 1054 4758 quin
1088 4700 1145 4745 et
1169 4689 1327 4758 quasi
1368 4700 1644 4745 mortuum
1677 4704 1821 4746 esse.
1924 4693 1991 4709 "'
2102 4707 2261 4754 σεως.

763 4792 926 4865 594
975 4793 1264 4851 CXXXVI.
1294 4826 1366 4837 —
1405 4795 1633 4851 EIDEM.

2558 4800 2745 4869 qu'.
2782 4830 2856 4841 —
2890 4802 2978 4874 Τῼ
3010 4802 3212 4875 arm.

513 4882 798 4937 Peccatum
838 4901 1070 4955 poenam,
1097 4888 1262 4941 virtus
1289 4889 1566 4957 prtemium
1603 4891 1785 4958 parit:
1815 4907 1973 4957 quant
2014 4891 2149 4946 illud
2196 4893 2525 4963 fugiendum,
2560 4893 2672 4948 haec
2715 4895 2953 4949 colenda.
2986 4894 3226 4966 (Confer.
3270 4899 3424 4959 epist.
3461 4897 3569 4966 87.)

479 4994 672 5052 Omnis
741 4998 1065 5069 improbitas
1112 5015 1328 5069 poenam
1385 5004 1649 5072 parturit,
1706 5014 1764 5059 ut
1821 5008 1992 5077 probe

2173 5009 2297 5062 ’Ότι
2333 5010 2432 5080 μὲν
2477 5012 2641 5065 παντὶ
2667 5011 2856 5084 τρόπῳ
2902 5015 3141 5087 πονηρία
3173 5018 3451 5089 τιμωρίαν
3475 5017 3659 5079 ὠδίνει,

409 5090 608 5143 novisti
643 5106 658 5143 :
690 5090 787 5144 sed
840 5105 941 5145 nec
988 5090 1118 5147 illud
1148 5100 1198 5145 te
1235 5093 1387 5164 fugit,
1421 5095 1751 5163 probitatem
1793 5110 1951 5153 contr

2128 5099 2247 5154 ιάλα
2273 5101 2515 5171 ἀκριϐῶς
2541 5098 2719 5157 οἷο-θα⁸
2748 5105 2832 5158 ὃτι
2860 5106 2918 5160 δὲ
2948 5108 3045 5183 κα)ἵ
3083 5109 3118 5180 ἠ
3142 5109 3416 5180 ἀγαθότης
3438 5110 3515 5181 τῷ
3542 5108 3670 5176 ἄγαν

480 5247 526 5279 ²¹
570 5245 773 5317 Ephes.
808 5260 884 5312 tv,
924 5246 995 5302 26
1020 5264 1037 5314 ;
1062 5249 1240 5304 Galat.
1286 5263 1334 5313 v,
1361 5250 1464 5316 ‘20;
1492 5250 1701 5306 Coloss.
1737 5269 1818 5317 Ill,
1846 5253 1917 5319 8;
1952 5253 2069 5311 Jac.
2106 5272 2145 5323 l,
2188 5258 2277 5312 19.

1524 5405 1759 5461 νΑιιιΑΞ
1796 5406 2177 5470 LECTIONES
2213 5414 2301 5469 ET
2338 5413 2572 5471 ΝΟΤιιΕ.

492 5559 596 5648 ίὲνλ.
622 5559 747 5648 ἐξὲῖ
776 5559 1126 5648 sitv-iidem
1150 5569 1359 5648 Ψηετιηὲ
1382 5563 1438 5648 .i."
1464 5561 1555 5642 έιιῖ
1579 5564 1742 5648 ὴκήγ·
1764 5564 1996 5648 P035!"-

2114 5571 2427 5648 ἑρμηνείας.
2472 5571 2707 5648 Elegans
2739 5589 2870 5648 vero
2896 5576 3125 5648 cpistola
3165 5578 3412 5648 Gregorii
3461 5577 3656 5648 Naziary

486 5630 600 5702 (i0)
766 5630 903 5715 hoc
954 5633 1290 5715 charactere
1334 5631 1547 5687 Libanii
1576 5630 1818 5715 exstat,
1881 5637 1997 5715 sive
2106 5630 2312 5715 zeni'ad
2337 5630 2675 5715 Nicobulum,
2702 5630 2862 5715 cujus
2893 5630 3137 5704 hucfcre
3162 5630 3418 5705 initium:
3446 5630 3655 5715 ριἷερὶ·

419 5702 672 5772 anonymi
717 5710 820 5768 est,
868 5702 1129 5771 perbreve
1176 5714 1494 5772 syntagma,
1538 5712 1593 5772 et
1643 5706 1889 5771 quzcdam
1930 5706 1998 5759 de
2106 5711 2272 5766 stolas
2306 5714 2565 5770 scribunt.
2610 5702 2850 5772 Sénofr.

420 5769 663 5840 epistolis
691 5780 838 5829 reete
855 5769 1158 5829 scribendis
1181 5769 1231 5826 in
1261 5770 1532 5828 Demetrio
1551 5769 1835 5844 Phalereo,
1860 5776 1995 5848 Περὶ
