3906 6416
200 355 344 429 1405

1084 377 1625 441 EPISTOLARUM
1664 381 1815 441 LIB.
1855 383 1925 444 V.
1964 406 2024 419 ·-
2052 381 2293 444 EPIST.
2333 382 2645 445 CXXXIX.

3337 371 3479 448 1306

196 474 317 579 θεία
342 470 510 579 εῖναι,
538 478 572 549 ἢ
601 478 681 551 τῷ
712 482 855 550 ἄγαν
892 485 974 549 εἰς
1016 487 1078 540 τὸ
1120 489 1277 543 Θεῖον
1316 492 1466 561 ἡμᾶς
1501 492 1675 560 ἄγειν,
1717 493 1785 546 τὰ

1890 512 2003 551 rem
2033 513 2158 552 esse
2200 496 2354 550 valde
2406 497 2645 550 divinam
2698 497 2765 549 ad
2809 496 3083 565 Deumque
3114 496 3473 552 adducentem

194 567 325 621 νοῦν
376 570 777 643 ὑπερϐαίνοντα
825 576 1000 633 τίκτει
1051 581 1227 650 γέρα·
1272 586 1367 637 καὶ
1409 584 1555 638 τοῦτ’
1606 581 1787 642 οἶσθα.

193 659 411 717 Οὐκοῦν
436 662 538 735 τὴν
577 665 681 737 μὲν
722 667 894 739 φεῦγε
916 711 932 735 ,
967 672 1067 745 τὴν
1108 674 1165 727 δέ
1195 675 1394 730 δίωκεο
1424 677 1521 732 καὶ
1568 678 1645 750 μὴ
1689 678 1791 750 τὴν

193 754 345 840 θείαν
385 762 770 834 μακροθυμίαν
809 766 1073 837 ἀμέλειαν
1116 771 1276 840 ἡγοῦ.
1308 771 1535 838 Πάντως
1564 774 1677 847 γὰρ
1708 776 1793 840 εις

192 848 383 919 κρίσιν
413 851 819 930 ἀκριϐεστάτην
851 861 1096 932 προοίσει
1121 863 1192 918 τὰ
1221 864 1460 937 πρόόοτα
1489 867 1626 940 (li).

713 1061 881 1118 PAZ'.
907 1094 979 1104 —
996 1066 1251 1140 ΠΑΥΛῼ.

1891 604 2015 653 nos,
2051 600 2105 643 et
2132 590 2384 658 praemia,
2426 603 2547 658 quae
2586 603 2800 642 omnem
2838 599 3168 657 exsuperent
3217 605 3476 658 sensum,

1891 696 2108 751 parare.
2135 681 2288 735 Illam
2319 681 2503 751 itaque
2538 680 2695 750 fuge;
2747 681 2886 733 hanc
2917 680 2971 733 in
3008 679 3201 749 primis
3237 690 3473 745 sectare,

1892 789 1958 830 ac
2018 772 2115 828 Dei
2162 772 2634 843 longanimitatem
2691 785 2825 826 cave
2870 770 3171 839 neglectum
3225 785 3347 824 esse
3387 771 3473 824 in-

1894 867 2233 933 terpreteris.
2289 862 2434 919 Oves
2476 863 2624 922 enim
2660 863 2714 918 iu
2769 861 3033 933 judicium
3067 863 3473 917 severissimum

1893 954 2060 1012 etiam
2082 954 2441 1010 adducentur.

2342 1060 2653 1119 CXXXVII.
2680 1091 2752 1102 —
2770 1059 3025 1121 ‘PAULO.

192 1145 341 1214 Quid
366 1148 583 1218 differat
608 1154 793 1209 amicis
816 1165 865 1210 et
889 1156 1119 1215 inimicis
1158 1160 1504 1232 bene'facere.
1529 1162 1596 1218 In
1625 1163 1763 1217 illud
1787 1162 1983 1220 Matth.
2007 1178 2065 1226 v,
2086 1159 2232 1232 48.}
2260 1157 2321 1213 Si
2362 1158 2586 1229 diligitis
2624 1173 2735 1221 eos,
2768 1158 2859 1227 qui
2887 1172 2972 1211 vos
2998 1155 3247 1228 diligunt,
3302 1173 3473 1215 nonne

1431 1244 1481 1288 et
1519 1235 1788 1303 publicani
1826 1235 1924 1290 hoc
1954 1230 2207 1304 faciunt?
2244 1248 2266 1281 ι

266 1343 448 1399 Καλὸν
515 1346 618 1419 μὲν
665 1348 728 1404 τὸ
771 1352 901 1418 τοὺς
945 1354 1133 1425 φίλους
1190 1359 1369 1413 ποιεῖν
1424 1353 1507 1413 εὖ·
1561 1360 1781 1415 κάλλιον

191 1432 249 1488 δέ
278 1435 395 1509 (12)
417 1437 481 1492 τὸ
503 1442 596 1498 καὶ
617 1444 826 1509 πάντας
848 1448 977 1511 τοὺς
995 1448 1287 1521 δεομένους
1306 1468 1322 1484 ο
1352 1451 1413 1506 τὸ
1443 1452 1501 1505 δὲ
1530 1453 1625 1506 καὶ
1654 1453 1781 1517 τοὺς

1957 1359 2165 1415 Amicis
2219 1355 2540 1413 benefacere
2582 1356 2865 1425 pulchrum
2897 1364 3011 1421 est,
3044 1354 3319 1424 pulchrius
3347 1371 3468 1411 om-

1885 1445 2045 1502 nibus
2091 1444 2457 1514 indigentibus
2488 1461 2503 1498 :
2531 1444 2624 1499 sed
2675 1451 2731 1497 et
2776 1444 2843 1498 de
2883 1444 3118 1498 inimicis
3158 1444 3290 1512 ipsis
3330 1445 3471 1503 bene

191 1526 461 1598 ἐχθροὺς,
495 1530 781 1590 κάλλιστον
804 1550 818 1565 ⁶
860 1536 974 1590 (Τὸ
1020 1537 1122 1608 μὲν
1150 1539 1261 1613 γὰρ
1288 1542 1385 1594 καὶ
1428 1541 1655 1596 τελῶναι
1688 1543 1785 1598 καὶ

1883 1536 2082 1593 mereri
2109 1535 2560 1608 pulcherrimum.
2606 1552 2625 1585 ι
2662 1534 2806 1589 Istud
2838 1535 2983 1589 enim
3013 1543 3067 1589 et
3100 1536 3377 1605 publicani
3414 1545 3470 1592 et

191 1616 403 1672 ἐθνικοὶ
425 1619 674 1692 ἀνύουσι,
701 1643 722 1678 ι
754 1624 819 1680 τὸ
840 1626 897 1681 δὲ
921 1628 972 1681 oi
994 1628 1072 1700 τῷ
1104 1629 1231 1703 θείῳ
1256 1632 1569 1705 πειθόμενοι
1598 1635 1747 1705 νόμῳ
1763 1674 1780 1699 ,

1880 1638 2068 1699 gentes
2097 1627 2339 1693 faciunt;
2363 1645 2381 1678 ι
2408 1625 2536 1681 illud
2560 1624 2747 1690 etiam,
2772 1627 2861 1695 qui
2896 1626 2986 1681 Dei
3008 1627 3178 1697 legem
3208 1639 3466 1698 servant;

188 1708 254 1763 τὸ
285 1710 346 1765 δὲ
382 1712 433 1766 oi
486 1712 701 1789 οὐρανῷ
744 1719 1064 1789 πρέπουσαν
1098 1723 1381 1781 πολιτείαν
1424 1727 1783 1800 πολιτευόμε-

1883 1720 1987 1791 hoc
2040 1720 2312 1789 denique,
2372 1719 2466 1789 qui
2532 1719 2672 1773 cmlo
2721 1718 2940 1788 dignam
3004 1721 3208 1775 ducunt
3271 1722 3463 1777 vitam.

186 1817 304 1891 νοιο
335 1803 450 1876 ὅσῳ
482 1801 578 1861 οῦν
617 1807 842 1879 ἄγγελοι
874 1813 1125 1885 νομίμως
1173 1815 1440 1886 βιούντων
1473 1819 1780 1891 ἀνθρώπων

1894 1814 2171 1880 Quantum
2201 1814 2368 1883 igitur
2397 1811 2628 1883 angelici
2655 1811 2882 1881 spiritus
2913 1811 3226 1867 hominibus
3257 1828 3324 1868 ex
3350 1814 3468 1884 lege

186 1890 559 1965 διαφέρουσιν,
588 1900 841 1955 τοσοῦτον
881 1898 1029 1958 οὗτοι
1068 1905 1177 1959 τῶν
1204 1907 1473 1962 τελωνῶν.
1509 1890 1778 1966 Τοσοῦτον

1883 1896 2190 1960 viventibus
2220 1912 2504 1975 praestant,
2540 1912 2749 1957 tantum
2795 1912 2850 1959 et
2884 1904 2940 1958 hi
2977 1905 3278 1975 publicanis
3308 1915 3464 1960 ante-

183 1984 296 2054 γὰρ
323 1986 709 2044 πλεονεκτοῦσι
728 1991 954 2060 τούτων,
977 1996 1100 2050 ὅσον
1127 1998 1352 2054 ἐκείνων
1378 2000 1779 2069 λείπονται.,Ῥδ

186 2075 290 2143 μὲν
313 2076 426 2148 γὰρ
449 2078 669 2149 εὔλογόν
691 2084 829 2151 ἐστι,
852 2086 914 2139 τὸ
936 2086 994 2139 δὲ
1020 2087 1420 2162 φιλάνθρωπον,
1446 2094 1509 2147 τὸ
1534 2094 1590 2147 δὲ
1616 2095 1777 2165 λόγου

184 2173 460 2242 κρεῖττον.
487 2174 581 2245 Τῷ
603 2176 730 2241 τοὺς
756 2178 854 2249 μὲν
892 2180 1083 2249 φίλους
1112 2182 1446 2254 εὐεργετεῖν,
1484 2186 1518 2257 ἢ
1548 2188 1777 2258 εὐεργε-

181 2263 499 2351 τήσαντας,
547 2266 581 2339 ﬂ
628 2269 1190 2344 ἀντευεργετήσοντας
1223 2277 1320 2331 καὶ
1349 2277 1775 2349 ἀμειψομένους.

182 2354 327 2419 Τοὺς
366 2356 426 2410 δὲ
471 2358 565 2412 καὶ
599 2361 727 2424 τοὺς
757 2362 1055 2434 τυχόντας,
1103 2367 1166 2420 οὐ
1203 2367 1422 2431 πάντως
1454 2371 1776 2441 ἀντευποιή-

181 2462 409 2512 σοντες.
443 2450 583 2514 Τοὺς
602 2452 660 2505 δὲ
689 2453 785 2506 καὶ
814 2455 941 2519 τοὺς
967 2457 1138 2512 κακόν
1167 2476 1221 2513 τι
1253 2459 1599 2525 διατιθέντας
1618 2504 1632 2528 ,
1660 2462 1774 2515 ἔσθ’

178 2538 269 2591 ὅτε
315 2541 376 2594 δέ
414 2543 663 2609 καὶτοὺς
710 2542 869 2612 αὖθις
915 2547 1245 2620 βλάψοντας.
1282 2551 1475 2606 Πολλοὶ
1507 2555 1614 2626 γὰρ
1655 2555 1776 2609 οὐδέ

176 2633 305 2695 ταῖς
375 2635 721 2705 εὐεργεσίαις
788 2639 1048 2710 ἀμείνους
1099 2640 1362 2710 γίνονται,
1422 2644 1518 2698 τοῦ
1576 2646 1774 2715 φθόνου

176 2727 414 2795 αὐτοὺς,
451 2729 511 2783 οὐ
542 2747 685 2803 φημι
724 2732 805 2797 είς
848 2735 949 2807 τὴν
986 2734 1098 2788 τῶν
1137 2735 1362 2807 θηρίων,
1394 2739 1543 2810 (εἰσὶ
1576 2740 1685 2811 γὰρ
1716 2742 1775 2797 ἐν

174 2817 373 2882 αὐτοῖς
406 2821 504 2874 καὶ
548 2818 805 2877 εὐποιιῶν
833 2824 1105 2896 ἀμοιϐαὶ)
1132 2828 1249 2881 ἀλλ’
1281 2831 1362 2893 είς
1393 2830 1493 2902 τὴν
1524 2832 1633 2885 τῶν
1660 2833 1777 2887 δαι-

175 2909 369 2979 μόνων
409 2915 805 2985 καταλέγοντος
836 2916 1069 2989 πληθὺν,
1109 2920 1209 2991 τὴν
1237 2924 1410 2977 ποιεῖν
1453 2924 1551 2993 μὲν
1591 2924 1777 2995 βουλο-

174 3001 362 3073 μένην
405 3004 561 3058 οὐδὲν
603 3006 913 3075 κάλλιστον,
961 3007 1101 3064 ἀλλὰ
1141 3011 1239 3065 καὶ
1276 3015 1391 3077 τοῖς
1421 3013 1774 3087 βουλομένοις

170 3093 613 3162 ἐμποδίζουσαν.

372 3388 551 3445 PAH'.
590 3420 662 3431 —
696 3391 1044 3466 ΔΘΑΝΑΣΙῼ
1081 3393 1559 3470 ΠΡΕΣΒΥΤΕΡῼ.

1883 1997 2106 2053 cellunt.
2131 1995 2308 2050 Tanto
2326 1996 2471 2050 enim
2503 1995 2590 2050 his
2613 1995 2925 2066 superiores
2952 1995 3261 2059 exsistunt,
3292 2012 3467 2067 quan-

1885 2098 1996 2145 tum
2023 2089 2091 2144 ab
2114 2088 2319 2158 angelis
2340 2097 2687 2157 superantur.
2709 2087 2916 2142 Amicis
2940 2088 3207 2157 siquidem
3236 2088 3466 2158 benigne

1882 2197 2069 2254 agerc,
2092 2194 2145 2237 et
2168 2182 2276 2246 his,
2302 2180 2391 2251 qui
2416 2182 2481 2235 de
2503 2195 2561 2235 se
2582 2180 2719 2235 bene
2748 2188 2877 2234 sunt
2900 2180 3099 2247 meriti,
3124 2189 3177 2235 et
3203 2181 3464 2236 beneficia

1881 2274 2287 2345 reponentibus-
2335 2287 2400 2327 ac
2465 2271 2941 2326 remunerantibus
3002 2271 3361 2340 benefacere;
3411 2272 3464 2326 id

1883 2367 2080 2423 rationi
2114 2375 2190 2421 est
2222 2372 2672 2420 consentaneum.
2704 2362 2894 2417 Obviis
2923 2372 3101 2417 autem
3127 2365 3457 2433 quibusque,

1880 2458 2094 2513 etiamsi
2123 2458 2360 2512 vicissim
2382 2457 2642 2511 beneficia
2675 2470 2779 2509 non
2809 2464 3092 2525 reponant,
3122 2454 3464 2519 benefacere,

1880 2548 1933 2602 id
1984 2549 2301 2601 humanum.
2358 2544 2559 2598 Malum
2619 2545 2855 2614 denique
2915 2559 3011 2613 pro
3064 2545 3329 2599 beneﬁcio
3382 2559 3464 2598 re-

1879 2638 2229 2707 ponentibus,
2267 2637 2377 2691 imo
2426 2635 2746 2690 laedentibus
2798 2635 2985 2698 etiam,
3031 2634 3262 2704 benigne
3285 2634 3464 2689 facere

1881 2730 1983 2783 hoc
2012 2729 2206 2798 majus,
2252 2743 2414 2797 quam
2450 2734 2509 2781 ut
2551 2727 2783 2797 exprimi
2819 2727 3071 2781 oratione
3101 2735 3284 2796 queat.
3313 2726 3461 2780 Multi

1876 2822 2024 2876 enim
2058 2822 2337 2877 beneﬁciis
2374 2836 2479 2873 non
2524 2821 2657 2874 liunt
2702 2819 2989 2885 meliores,
3018 2820 3112 2874 sed
3141 2818 3345 2872 invidia
3382 2819 3464 2888 ip-

1878 2929 1969 2971 sos
2022 2929 2133 2969 non
2175 2913 2359 2969 dicam
2407 2911 2707 2967 bestiarum
2756 2911 2902 2982 (nam
2943 2917 2998 2964 et
3042 2911 3124 2964 hac
3180 2908 3461 2963 benefacta

1878 3006 2149 3061 interdum
2182 3000 2563 3073 reposuerunt)
2604 3003 2700 3057 sed
2737 3002 3042 3055 daernonum
3095 3014 3320 3053 numero
3364 2991 3485 3067 ag?

1878 3095 2183 3167 gregandos
2233 3109 2431 3149 censeo
2475 3111 2489 3148 :
2532 3092 2625 3163 qui
2682 3093 2958 3146 daemones
3032 3091 3164 3144 nihil
3230 3091 3463 3159 benigne

1797 3217 1843 3275 ο
1878 3196 2078 3242 norunt
2126 3186 2328 3249 facere,
2382 3184 2492 3238 imo
2550 3191 2697 3238 recte
2752 3198 2918 3253 agere
2962 3191 3314 3252 satagentes,
3352 3196 3459 3270 qua

1878 3290 2124 3353 possunt,
2153 3288 2360 3334 tantum
2396 3277 2717 3347 impediunt.

1990 3388 2403 3446 CXXXVIII.—
2429 3383 2822 3441 ATHANASIO
2864 3383 3350 3441 PRESBYTERO.

845 3507 865 3542 ι
918 3488 1076 3546 Beati
1111 3494 1261 3559 estis,
1290 3509 1409 3547 cum
1444 3492 1816 3548 maledixerint
1852 3489 1995 3544 vobis
2039 3487 2300 3541 homines.
2330 3504 2348 3536 ι
2384 3482 2602 3553 (Matth.
2644 3498 2697 3547 v,
2728 3482 2839 3552 Η.)

255 3616 323 3670 '0
357 3617 634 3686 Δεσπότης
683 3619 920 3690 Χριστὸς
965 3621 1272 3693 ἐμακάρισε
1319 3624 1448 3688 τοὺς
1495 3623 1563 3677 δι’
1605 3624 1769 3679 αὐτὸν

169 3706 524 3772 ἀκούσαντας
572 3711 711 3780 ῥητά
758 3728 820 3763 τε
862 3712 960 3766 καὶ
999 3712 1215 3784 ἄρρητα
1236 3756 1251 3780 ,
1283 3716 1334 3767 εί
1367 3714 1688 3785 ψευδόμενοι
1717 3719 1768 3769 οἱ

171 3801 499 3871 ἐλέγχοντες
520 3802 716 3857 ἁλοῖεν.
755 3802 877 3874 Χρὴ
901 3800 995 3858 οὗν
1018 3806 1237 3873 εἰδέναι,
1265 3808 1347 3860 ὅτι
1372 3807 1662 3878 ἀμφότερα
1689 3809 1770 3861 δεῖ

172 3896 465 3963 προσεῖναι
493 3892 571 3964 τῷ
602 3893 740 3964 πρὸς
766 3895 865 3965 τὴν
908 3896 1216 3969 ἀκροτάτην
1251 3898 1632 3969 μακαριότητα
1655 3900 1764 3968 ἀφ-

176 3984 438 4063 ιξομὲνῳ,
469 3986 565 4038 καὶ
588 3984 650 4038 τδ
673 3985 740 4038 δι’
762 3985 926 4039 αὐτὸν
951 3991 1204 4060 πάσχειν,
1227 3991 1323 4043 καὶ
1350 3991 1411 4044 τὸ
1429 3991 1602 4061 ψευδῆ
1625 3987 1765 4045 εἶναι

169 4078 243 4130 τὰ
279 4078 574 4148 λεγόμενα.
616 4078 705 4142 Ὠς
747 4078 815 4133 ἂν
843 4080 955 4151 (ίὸ)
1003 4082 1079 4153 μὴ
1123 4081 1335 4153 θατέρῳ
1367 4087 1547 4154 προσῇ
1579 4083 1676 4136 καὶ
1704 4083 1765 4136 τὸ

171 4170 392 4238 ἕτερον,
435 4169 499 4222 οὐ
521 4169 777 4223 τοσοῦτον
804 4170 1023 4239 ὠφελεῖο
1054 4173 1257 4241 ὠφελεῖ
1297 4174 1397 4243 μὲν
1428 4174 1559 4246 γὰρ,
1601 4175 1662 4228 οὐ
1692 4191 1776 4227 το-

171 4260 370 4314 σοῦτον
420 4260 501 4314 δέ.
551 4261 678 4315 Εἴτε
726 4262 836 4333 γὰρ
880 4263 950 4316 δι’
991 4263 1156 4317 αὐτὸν
1196 4266 1502 4335 πάσχοντες
1558 4267 1766 4339 τάληθῆ

169 4352 499 4423 ἀκούοιμεν,
558 4354 819 4427 ἐρυθριᾷν
860 4356 1101 4426 ἀνάγκη·
1158 4358 1289 4412 καθ’
1330 4360 1389 4414 ἒν
1435 4360 1545 4432 γὰρ
1601 4361 1767 4431 μέρος

1945 3617 2198 3672 Christus
2224 3615 2489 3668 Dominus
2524 3612 2711 3668 beatos
2727 3613 2989 3682 praedicat
3010 3613 3100 3681 qui
3143 3615 3461 3683 propterip-

1876 3725 1994 3767 sum
2013 3709 2264 3765 audirent
2288 3707 2537 3772 dicenda,
2572 3716 2629 3760 et
2658 3722 2765 3761 non
2784 3706 3047 3771 dicenda;
3075 3706 3119 3758 si
3152 3708 3242 3775 qui
3274 3722 3462 3777 repre-

1877 3802 2155 3865 hendunt,
2206 3800 2416 3854 mentiti
2453 3812 2577 3853 esse
2622 3798 3122 3866 deprehendantur.
3163 3798 3457 3855 Sciendum

1874 3896 2057 3963 itaque
2087 3896 2195 3949 duo
2228 3895 2419 3947 adesse
2465 3900 2718 3961 oportere
2742 3930 2760 3953 ,
2792 3899 2851 3944 ut
2880 3906 3089 3944 summe
3115 3890 3307 3947 beatus
3336 3894 3461 3961 quis

1872 3987 2229 4056 praedicetur;
2266 3999 2387 4039 cum
2437 3993 2497 4038 ut
2534 3994 2756 4052 propter
2796 3983 3074 4037 Christum
3105 3986 3367 4054 patiatur,
3401 3997 3460 4041 et

1870 4078 2071 4131 falsum
2102 4076 2210 4140 sit,
2242 4075 2386 4144 quod
2436 4074 2735 4143 imponitur
2762 4090 2779 4131 :
2813 4082 2874 4128 ut
2900 4076 2948 4128 si
2979 4073 3209 4129 alterum
3233 4077 3456 4143 quidem

1868 4170 2035 4233 adsit,
2064 4168 2210 4222 absit
2246 4181 2377 4222 vero
2409 4165 2638 4219 alterum
2660 4204 2676 4230 ,
2724 4180 2832 4219 non
2866 4166 3002 4220 adeo
3036 4166 3225 4234 prosit,
3282 4168 3458 4234 prosit

1870 4271 2083 4326 tamen,
2137 4258 2231 4315 sed
2277 4272 2383 4312 non
2432 4265 2667 4313 tantum.
2710 4255 2840 4313 Sive
2894 4258 3039 4311 enim
3087 4272 3188 4325 pro
3239 4258 3477 4313 Christo

1866 4350 2136 4417 patientes
2190 4348 2329 4403 bene
2384 4346 2773 4412 audierimus,
2828 4362 3056 4403 necesse
3106 4359 3194 4402 est
3254 4350 3456 4405 rubore

168 4445 594 4517 εὐδοκιμοῦντες
637 4448 782 4502 κατά
816 4449 875 4502 τὸ
901 4450 1089 4522 ἕτερον
1118 4452 1488 4523 ἐλεγχόμεθα.
1529 4452 1656 4505 Εἴτε
1687 4453 1762 4523 μὴ

1883 4438 2100 4493 milundi
2126 4452 2195 4493 ex
2231 4452 2337 4492 una
2364 4436 2580 4505 quidem
2630 4445 2781 4506 parte
2809 4436 2965 4506 probi
2993 4436 3346 4500 exsistentes,
3384 4453 3453 4492 ex

166 4541 236 4593 δι’
263 4539 435 4593 αὑτὸν
458 4540 576 4610 μὲν,
604 4540 673 4593 τὰ
691 4539 862 4612 ψευδῆ
884 4542 960 4609 δὲ,
986 4543 1268 4614 ὑπομονῆς
1293 4545 1392 4615 μὲν
1417 4544 1761 4615 κομιούμεθα
1793 4591 1797 4615 η

1883 4529 2038 4583 ιιιετα
2084 4543 2216 4584 vero
2260 4527 2410 4596 juste
2474 4527 2816 4595 reprehensi.
2876 4525 3006 4581 Sive
3064 4540 3169 4580 non
3232 4538 3457 4596 propter

176 4590 215 4593 "
270 4590 325 4592 "’
353 4590 424 4593 "'
458 4590 576 4610 ϊἸί
616 4590 672 4593 '"
702 4590 862 4612 1⁷⁷⁷Ί
889 4590 960 4609 ’⁷1
992 4590 1265 4614 ""|""'l"
1293 4590 1386 4615 r'"
1418 4590 1797 4623 "'r'"'|"""i

170 4631 394 4702 μισθὸν,
423 4632 487 4685 οὐ
515 4632 625 4703 μὴν
650 4632 745 4687 τοῦ
778 4634 953 4703 ἄκρου
992 4635 1255 4707 τύχοιμεν
1291 4636 1669 4707 μακαρισμοῦ·
1695 4627 1757 4689 οὗ
1792 4638 1797 4645 ’

1883 4619 2142 4674 Ibristum
2172 4619 2420 4690 quidem,
2456 4619 2551 4673 sed
2592 4618 2729 4673 falso
2767 4616 2931 4689 [male
2960 4617 3271 4690 audiamus]
3319 4622 3450 4674 tole-

166 4725 437 4796 τύχοιμεν
465 4723 552 4792 ἂν,
581 4726 632 4779 εἰ
660 4725 952 4799 ἀμφότερα
981 4728 1301 4799 συνδράμοι.

549 4999 718 5055 PAG’.
754 5028 827 5040 -—-
852 4998 1023 5071 ΗΛΙᾼ
1052 5000 1375 5072 ΔΙΑΚΟΝῼ.

1860 4711 2056 4766 rantiac
2104 4711 2386 4781 praemium
2441 4711 2757 4779 capiemus,
2838 4726 2945 4765 non
2992 4720 3170 4769 tamen
3226 4729 3453 4769 summa:

1828 4802 1832 4807 ⁴
1866 4802 2160 4872 participes
2214 4803 2569 4858 beatitudinis
2606 4804 2811 4865 erimus
2846 4818 2862 4867 ;
2897 4818 3060 4873 quam
3094 4814 3207 4859 tum
3234 4807 3450 4862 demunt

1868 4909 2286 4963 consequemur,
2316 4910 2438 4949 cum
2476 4904 2709 4965 utraque
2737 4897 3137 4952 concurrerint.

2039 5001 2199 5073 595
2249 5002 2629 5058 CXXXIX.—
2668 5003 2901 5059 IIELIAS
2954 5005 3279 5063 DIACONO.

928 5090 1251 5159 Spectando,
1282 5103 1336 5145 ut
1368 5091 1590 5161 agendo,
1614 5093 1841 5161 peccari.
1875 5092 2117 5165 (Confer.
2145 5096 2294 5162 epist.
2326 5094 2415 5161 17,
2438 5095 2528 5161 46,
2557 5094 2673 5165 65.)

238 5200 308 5255 Ei
334 5200 440 5270 μὲν
463 5201 572 5254 τῶν
613 5199 969 5272 προπυλαίων
997 5202 1200 5266 μόνων,
1240 5201 1338 5256 καὶ
1377 5202 1453 5274 μὴ
1493 5203 1600 5257 τῶν
1628 5203 1758 5257 ἁδύ-

1941 5205 1997 5259 Si
2053 5206 2314 5261 vestibula
2372 5208 2637 5262 duntaxat
2686 5219 2744 5264 et
2788 5225 2892 5264 non
2955 5211 3115 5279 adyta
3160 5225 3449 5266 sacrorum

1273 5357 1515 5415 VARUE
1549 5358 1934 5418 LECTIONES
1962 5362 2050 5416 ET
2078 5362 2313 5420 NOT/E.

239 5515 359 5586 (il)
393 5514 500 5587 Pro
539 5515 644 5587 his,
697 5514 939 5586 προοίσει
972 5517 1040 5570 τὰ
1073 5516 1342 5587 πρόῦατα,
1394 5516 1514 5571 cod.
1560 5517 1664 5571 Alt.
1702 5519 1753 5573 in

161 5584 441 5657 contextu
466 5584 647 5649 habet,
680 5584 837 5657 οἴσει
888 5587 996 5657 πρὸ
1027 5587 1096 5639 τὰ
1119 5584 1449 5657 πράγματα,
1480 5587 1573 5641 scd
1599 5589 1750 5657 iidem

164 5657 219 5727 in
271 5655 516 5727 margine
566 5656 783 5721 scribit,
830 5655 1074 5727 προοίσει
1121 5655 1192 5727 τά
1242 5655 1562 5727 πράγματα.
1601 5655 1745 5713 ῸοιΙ.

166 5726 296 5780 Vat.
329 5722 437 5780 650
475 5740 595 5778 cum
632 5726 782 5781 edito
814 5722 1101 5780 consentit.
1142 5722 1356 5781 POSSlN.

247 5794 365 5865 (12)
406 5794 466 5850 lu
503 5796 765 5866 elegantis
794 5797 1034 5867 epistola:
1078 5798 1235 5853 initio
1272 5798 1355 5853 sic
1400 5797 1742 5870 intcrpungo,

1862 5521 2035 5596 ποιεῖν
2068 5514 2150 5596 ab“
2181 5519 2398 5596 κάλλιον
2425 5520 2594 5596 δέλιηλ
2610 5532 2859 5596 extrema
2896 5539 3025 5576 vero
3054 5525 3156 5596 sic,
3197 5526 3307 5579 είσὶ
3337 5526 3443 5596 γὰρ

1858 5590 1919 5642 ἐν
1938 5590 2133 5664 ἀὐτοῖς
2164 5592 2291 5664 (leg.
2316 5608 2375 5644 τε
2402 5592 2893 5664 νοΙΑκαὶ)εὐποιῶν
2918 5594 3165 5664 ἀμοιϐαί.
3199 5590 3439 5651 Sequar.

1928 5660 2042 5723 (15)
2084 5659 2226 5713 Inter
2254 5660 2328 5726 ὡς
2357 5671 2412 5719 et
2445 5660 2523 5732 μὴ
2558 5659 2747 5720 tollunt
2772 5662 2839 5717 ἂν
2879 5659 3037 5721 codd.
3085 5665 3207 5722 Vat.
3242 5666 3348 5723 650
3383 5677 3438 5723 et

1853 5730 1961 5787 Alt.
2001 5730 2211 5787 Possm.
