3906 6416
427 329 562 396 ttat
1632 332 1691 390 S.
1735 331 2027 392 ISIDOBI
2069 330 2512 391 PELUSIOT/E
3577 325 3707 392 1408

423 441 640 496 foeditas
691 440 1024 510 attingeret,
1073 439 1251 494 curari
1303 439 1534 497 fortasse
1584 443 1784 496 malum
1830 453 2016 512 queat.

2142 459 2233 495 των
2262 443 2468 513 ἥπτετο
2512 444 2541 495 ό
2587 441 2887 514 μολυσμὸς,
2919 441 3071 512 ἴσως)
3106 443 3174 497 ἂν
3218 437 3466 514 ίατὺν-ἦν
3499 443 3562 496 τὸ
3617 432 3739 498 πά·Ι

421 534 478 589 Si
528 548 660 588 vero
703 533 941 586 animum
987 531 1390 601 ea'contingat,
1435 547 1670 589 nemose
1707 534 1824 603 ipse
1845 533 2016 588 fallat.

2142 534 2244 596 θος.
2315 533 2380 587 Ei
2411 535 2469 586 δὲ
2531 534 2705 606 αὐτῆς
2773 534 3114 589 καθάπτεται
3179 535 3282 604 τῆς
3343 535 3564 605 ψυχῆς,
3641 537 3712 606 μή

419 624 576 691 Quod
630 624 674 679 si
735 624 860 693 quis
912 623 1110 679 dixerit
1155 625 1402 680 homines
1453 625 1885 681 circumveniens
1955 640 2020 681 ac

2142 621 2357 686 ἕκαστος
2387 622 2582 676 ἑαυτὸν
2616 623 3093 695 παραλογιζέσθω.
3135 623 3202 678 Ei
3227 625 3287 678 δὲ
3331 624 3470 694 φαίη
3507 641 3592 686 τις
3621 625 3710 676 ἀν-

420 717 700 785 decipiens
731 733 746 770 :
783 735 802 768 ι
835 714 1001 770 Nemo
1048 716 1404 771 coronabitur
1428 760 1444 785 ,
1490 717 1594 773 nisi
1626 717 1719 787 qui
1769 717 2017 788 legitime

2142 712 2379 783 ipo'mouc;
2408 715 2658 780 ἀπατῷψ
2705 733 2724 766 ι
2755 715 2943 779 Οὐδεὶς
2973 715 3339 786 στεφανοῦται
3370 715 3422 768 εί
3454 714 3532 786 μὴ
3560 715 3712 785 νομί-

423 805 724 859 certaverit
780 805 860 871 “,
907 823 927 857 ι
991 815 1142 860 ratus
1197 805 1496 876 legitimum
1555 822 1679 864 esse
1735 817 2012 864 certamen

2142 819 2243 864 ιως
2280 801 2517 872 ἀθλήσῃ,
2559 821 2581 856 ο
2659 802 2891 874 νόμιμον
2919 803 3101 875 πάλην
3155 800 3297 858 εἷναι
3346 803 3590 873 νομίζων
3616 802 3712 871 τήν

425 894 634 958 videre,
659 896 786 949 dum
806 895 876 949 ab
899 897 1110 966 agendo
1141 897 1434 963 abstineat,
1469 898 1617 953 disce
1645 898 2009 954 certaminum

2149 892 2264 958 έαν,
2298 893 2346 946 εί
2371 893 2472 962 τῆς
2520 892 2777 965 πράξεως
2817 895 3110 966 ἀπόσχοιτο
3132 910 3147 926 ο
3199 893 3548 966 μανθανέτω,
3583 893 3662 944 ὅτι
3685 894 3712 944 ό

436 984 825 1040 instructorem
892 986 1166 1055 indicere,
1220 1004 1285 1043 ac
1346 990 1716 1044 munerarium
1756 989 2011 1044 dixisse:

2142 983 2479 1054 ὶγωνοθέτης
2526 985 2624 1038 καὶ
2651 985 2846 1057 κριτὴς
2874 985 2981 1039 τῶν
3011 985 3271 1040 τοιούτων
3320 984 3712 1055 παλαισμάτων

437 1094 456 1125 ι
495 1075 596 1141 Qui
645 1076 844 1132 viderit
880 1079 1163 1134 mulierem
1209 1080 1276 1134 ad
1318 1080 1816 1151 concupiscendum
1858 1094 2016 1142 eam,

2146 1068 2290 1126 ἶπεν.
2333 1092 2352 1126 ι
2406 1074 2462 1128 '0
2509 1074 2725 1146 βλέπων
2775 1078 3011 1144 γυναῖκα
3045 1075 3185 1147 πρὸς
3227 1076 3290 1130 τὸ
3330 1074 3695 1144 ἐπιθυμῆσαι,

420 1163 533 1234 jam
565 1166 870 1222 moechatus
897 1176 981 1223 est
1009 1169 1062 1223 in
1092 1172 1257 1225 corde
1286 1185 1384 1225 suo
1405 1170 1472 1225 ".
1506 1188 1527 1224 ι
1553 1169 1890 1242 Legitimum
1912 1169 2020 1224 ita-

2142 1164 2222 1236 ᾔδη
2277 1165 2600 1236 ἐμοίχευσεν
2654 1166 2827 1238 αὐτήν
2853 1169 2911 1221 ὲν
2943 1169 3010 1240 τῇ
3040 1168 3241 1240 καρδία
3266 1166 3461 1222 αὑτοῦ.
3494 1183 3514 1216 ι
3545 1165 3708 1234 Νόμι-

425 1273 532 1326 que
583 1269 862 1315 certamen
920 1271 1038 1326 est,
1114 1278 1220 1317 non
1267 1263 1410 1331 quod
1469 1266 1700 1335 quisque
1756 1279 1855 1334 pro
1917 1275 2017 1316 sua

2142 1277 2232 1329 αος
2282 1256 2376 1314 οὖν
2410 1262 2527 1315 ἐστι
2569 1261 2741 1332 πάλη,
2787 1261 2885 1334 ούχ
2935 1263 2970 1332 ή
3014 1262 3170 1334 παρά
3202 1263 3304 1334 τῆς
3335 1259 3591 1315 ἑκάστου
3619 1261 3704 1330 ρᾳ-

429 1349 754 1420 negligentia
797 1360 890 1406 aut
922 1353 1345 1423 praesumptione
1387 1354 1606 1424 statuit,
1640 1354 1736 1410 sed
1766 1354 1909 1423 quod
1953 1352 2022 1408 ab

2142 1349 2330 1421 inpia;
2358 1351 2453 1405 καὶ
2497 1352 2842 1424 προλήψεως,
2874 1353 2992 1408 ἀλλ’
3025 1355 3058 1425 ή
3091 1354 3244 1426 παρὰ
3289 1352 3386 1408 τοῦ
3414 1352 3700 1408 ἀδεκάστου

429 1439 746 1511 incorrupto
771 1449 855 1498 est
874 1443 1056 1512 judice
1085 1445 1527 1514 praeordinatum.

2142 1442 2318 1514 ιιριτοῦ
2346 1442 2837 1516 θεσμοθετηθεῖσα.

621 1553 779 1610 CXL.
814 1586 885 1595 —
912 1553 1287 1610 TllEODORO
1338 1552 1835 1610 SCIIOLASTICO.

2377 1554 2512 1608 PM'.
2558 1586 2627 1595 —
2676 1555 2982 1627 ΘΕΟΔΩΡῼ
3009 1556 3472 1628 ΣΧΟΛΑΣΤΙΚῼ.

441 1646 580 1700 Vitia
607 1657 814 1702 natura:
852 1658 900 1701 et
950 1647 1116 1700 animi
1147 1646 1270 1700 bene
1306 1645 1722 1716 distinguenda;
1754 1645 1870 1768 Ιιίῖνῗ3
1906 1639 2428 1777 ζαηιέἶὶιέιιέῗξηηάα,
2461 1643 2556 1697 illa
2595 1661 2698 1698 non
2744 1645 2891 1700 item.
2929 1644 3008 1699 De
3058 1643 3276 1700 Eusebii
3315 1647 3479 1702 uitiis.
3511 1645 3699 1718 (Epist.

612 1720 625 1736 ‘
1895 1729 1922 1767 ε
2091 1751 2106 1775 ,
2158 1728 2189 1764 η
2261 1728 2311 1764 o.

2198 1820 2423 1884 Ἔοικας
2470 1821 2686 1890 ἀγνοεῖν
2727 1823 2823 1878 καὶ
2872 1822 2944 1877 τά
2989 1824 3156 1894 ψόγου
3215 1825 3312 1880 καὶ
3361 1826 3433 1880 τά
3485 1827 3700 1882 ἐπαίνου

2122 1908 2270 1977 ἄξια,
2306 1911 2398 1964 καὶ
2450 1911 2538 1965 διά
2589 1911 2751 1966 τοῦτο
2801 1913 3118 1986 συγχύσεως
3170 1916 3590 1988 ἐμπεπληκέναι
3620 1919 3706 1972 τὸν

2123 2001 2301 2070 λόγον.
2338 2001 2420 2055 Τὰ
2469 2002 2578 2074 γὰρ
2613 2003 2892 2075 ἀϐούλητα
2951 2008 3064 2070 τοῖς
3122 2008 3396 2072 ἑκουσίοις
3450 2011 3703 2081 κεράσας,

504 1822 754 1893 lgnorare
773 1823 904 1878 mibi
929 1824 1130 1879 videris
1159 1840 1278 1895 qua:
1304 1824 1481 1888 laude,
1501 1837 1691 1892 quzeve
1722 1822 1830 1876 sint
1858 1821 2014 1890 digna
2049 1803 2095 1861 Β

432 1917 878 1985 vituperatione,
935 1925 1330 1985 proptereaque
1415 1927 1595 1970 mente
1679 1911 2018 1968 conturbari.

437 2009 802 2064 luvoluntaria
862 2007 1008 2062 enim
1066 2007 1387 2062 voluntariis
1439 2007 1752 2078 dissipans,
1807 2004 2021 2074 negotia

437 2102 551 2168 ipse
577 2111 667 2154 tua
699 2101 1059 2156 conturbasti.
1095 2100 1248 2168 Quod
1308 2101 1453 2154 enim
1502 2100 1698 2155 scribis
1728 2097 2021 2154 Eusebium

438 2190 854 2246 homuncionem
903 2206 1048 2258 esse,
1103 2207 1335 2261 corpore
1382 2192 1657 2278 pusillum,
1704 2190 1840 2245 facie
1890 2203 2021 2243 vero

437 2287 756 2355 deformem,
792 2287 973 2357 lingua
1004 2273 1183 2344 autem
1209 2288 1524 2354 barbarum,
1551 2273 1770 2358 vel'ipsa
1795 2286 2024 2343 veritate

436 2378 638 2448 judice,
682 2380 815 2434 vitio
853 2380 1090 2435 dandum
1149 2396 1257 2436 non
1281 2383 1400 2436 'est.
1449 2380 1542 2435 Illa
1593 2383 1738 2437 enim
1768 2399 1797 2436 a
1831 2391 2023 2437 natura

440 2481 616 2526 sunt:
654 2473 883 2528 alterum
921 2473 990 2527 ab
1042 2474 1418 2542 institutione;
1455 2477 1672 2529 tertium
1696 2476 1860 2541 enim,
1901 2479 2024 2530 bar—

441 2566 593 2620 barie
619 2567 841 2622 mistum
874 2582 995 2622 esse
1047 2582 1379 2634 sermonem,
1427 2569 1624 2638 lingua:
1665 2585 1787 2624 esse
1811 2579 2024 2624 constat

441 2653 832 2724 incompositae.
881 2656 950 2708 Al.
1006 2655 1083 2708 ira
1134 2655 1404 2721 ferinum,
1451 2657 1638 2711 virtuti
1702 2657 2019 2722 inimicum,

445 2742 769 2813 Illaillla’qlle
814 2743 1059 2808 socium,
1113 2745 1282 2799 bonos
1325 2746 1633 2815 proﬂigare,
1687 2747 1860 2801 malos
1897 2762 2024 2801 vero

445 2835 696 2902 incitare,
743 2835 846 2890 hoc
885 2852 1075 2891 revera
1102 2837 1242 2892 male
1280 2838 1460 2893 abillo
1502 2838 1728 2909 geritur,
1759 2839 2026 2909 veniaque

441 2937 527 2980 est
578 2927 879 2997 indignum.
936 2929 1156 2983 Discens
1208 2930 1388 3000 itaque
1419 2931 1548 3002 quid
1589 2932 2022 3002 vituperandum,

443 3019 571 3086 quid
601 3028 788 3072 contra
816 3018 1141 3072 laudandum
1173 3021 1240 3075 sit
1267 3059 1282 3083 ,
1329 3037 1436 3076 non
1485 3023 1859 3093 imprudenter
1890 3038 2024 3079 sane

444 3110 500 3166 in
527 3110 691 3165 alium
722 3111 972 3166 incurres
1005 3123 1171 3182 atque
1204 3113 1453 3170 iuvades.

898 3309 1077 3365 CXLI.
1113 3340 1181 3349 —
1209 3309 1554 3367 DlONYSlO.

2125 2092 2441 2164 συγχύσεως
2477 2094 2680 2166 πολλῆς
2709 2095 2838 2166 τόγε
2866 2095 3068 2150 σαυτοῦ
3105 2098 3276 2170 μέρος
3308 2100 3377 2152 τά
3409 2101 3706 2172 πράγματα

2123 2184 2447 2256 ἐνέπλησας.
2481 2185 2556 2240 Τὸ
2602 2188 2703 2258 μὲν
2746 2187 2858 2258 γὰρ
2890 2183 3033 2243 εῖναι
3090 2191 3371 2260 Εύσέϐιον,
3427 2194 3504 2258 ὡς
3558 2196 3705 2265 ἔφης,

2122 2277 2456 2350 ἀνθρώπιον,
2513 2279 2714 2351 μικρὸν
2758 2278 2859 2351 μὲν
2897 2279 2960 2334 τὸ
3003 2281 3186 2353 σῶμα,
3236 2285 3467 2356 αἰσχρὸν
3511 2288 3572 2341 δὲ
3620 2290 3708 2359 τὴν

2123 2371 2267 2442 ὄψιν,
2297 2370 2580 2443 βάρϐαρον
2599 2371 2658 2425 δὲ
2678 2372 2780 2444 τὴν
2806 2373 3075 2443 γλῶτταν,
3109 2376 3190 2440 είς
3218 2377 3388 2447 ψόγον
3416 2379 3590 2433 αὐτοῦ
3617 2385 3706 2437 οὐκ

2123 2464 2407 2533 ἀνάγεται,
2433 2463 2693 2534 ἀληθείας
2709 2463 3060 2538 δικαζούσης.
3082 2467 3166 2520 Τά
3183 2467 3286 2538 μὲν
3308 2469 3420 2540 γὰρ
3447 2472 3601 2542 παρὰ
3623 2473 3706 2543 τὴν

2123 2556 2310 2625 φύσιν,
2331 2556 2391 2610 τὸ
2406 2556 2626 2629 δὲπαρά
2643 2557 2742 2628 τὴν
2759 2559 3076 2631 ἀνατροφήν
3089 2561 3410 2632 γεγένηται·
3431 2562 3493 2615 τὸ
3505 2563 3563 2616 δὲ
3577 2559 3705 2619 εἶναι

2122 2649 2217 2704 τὸν
2238 2652 2447 2722 τρόπον
2485 2649 2910 2723 μιξοϐάρϐαρον,
2955 2655 3051 2705 καὶ
3073 2653 3171 2724 τήν
3195 2654 3447 2723 γλῶτταν
3474 2658 3704 2728 ἀκρατῆ,

2125 2742 2337 2796 καὶτὸν
2371 2741 2544 2813 θυμὸν
2574 2742 2841 2814 θηριώδη,
2870 2745 2964 2798 καὶ
2984 2745 3050 2816 τῇ
3096 2747 3268 2817 ἀρετῇ
3307 2748 3592 2819 πολέμιον,
3623 2751 3704 2803 καὶ

2125 2836 2190 2905 τῇ
2223 2833 2393 2904 κακίᾳ
2415 2833 2731 2906 σύμμαχον·
2774 2837 2902 2899 τοὺς
2958 2836 3060 2907 μὲν
3108 2837 3216 2909 γὰρ
3258 2840 3582 2904 σπουδαίους
3624 2841 3702 2905 ἐξ·

2125 2927 2461 2998 οστρακίξει,
2493 2928 2620 2991 τοὺς
2645 2927 2702 2980 δὲ
2723 2927 2961 2999 φαύλους
2985 2933 3277 3000 συγκροτεί
3296 2949 3310 2962 ο
3341 2932 3489 2986 τοῦτ’
3507 2933 3703 3002 άληθῶς

2128 3020 2260 3091 παρ’
2305 3019 2469 3074 αὑτὸν
2523 3018 2805 3088 γίγνεται,
2853 3021 2948 3074 καὶ
2993 3022 3175 3092 πάσης
3232 3023 3561 3095 συγγνώμης
3601 3025 3706 3076 ἐστὶ

2053 3141 2098 3200 C
2133 3112 2338 3183 μεῖζον.
2361 3109 2566 3164 Μαθὼν
2588 3106 2681 3164 οὖν
2720 3112 2772 3164 τί
2805 3112 3020 3182 ψεγειν,
3071 3115 3163 3166 καὶ
3208 3115 3261 3167 τί
3308 3118 3554 3170 ἐπαινεῖν
3578 3116 3698 3181 δέοι,

2141 3204 2215 3276 μὴ
2249 3202 2668 3273 ἀπερισκέπτως
2698 3204 2777 3266 είς
2806 3204 3066 3274 ἑκάτερον
3096 3205 3285 3277 χώρει.

2591 3313 2774 3369 PMA’.
2806 3343 2875 3352 -
2919 3315 3258 3387 ΔΙΟΝΥΣΙῼ.

445 3402 493 3457 Δ
530 3404 795 3473 republica
829 3405 1055 3474 gerenda
1091 3404 1420 3469 dehortatur,
1460 3422 1521 3460 ne
1579 3422 1829 3480 curarum
1863 3412 2300 3480 negotiorumque
2335 3405 2580 3480 ﬁertibtts
2633 3405 2911 3462 obruatur.
2944 3404 3220 3462 Privatam
3251 3393 3414 3464 vitam
3459 3412 3704 3468 tutiorem.

1707 3474 1960 3547 (Confer:
1975 3485 2130 3549 epist.
2172 3479 2275 3533 105
2297 3474 2342 3531 ei
2369 3476 2519 3544 488.)

516 3567 746 3655 Quando
774 3584 995 3655 quidem
1027 3587 1094 3640 ad
1117 3584 1298 3639 civilia
1323 3586 1535 3653 negotia
1567 3585 1769 3655 impetu
1798 3588 2030 3656 quodam

449 3678 652 3750 ingenti
673 3676 800 3730 ferri
821 3676 952 3730 tnibi
970 3675 1193 3740 videris,
1213 3676 1368 3745 quasi
1382 3675 1605 3744 gloriam
1621 3675 1687 3729 iis
1703 3676 2031 3745 adepturus:

450 3771 644 3826 hortor
687 3785 754 3823 ne
789 3769 843 3823 in
882 3768 1102 3838 pelagus
1157 3775 1208 3821 te
1258 3782 1512 3822 curarunt
1547 3766 1830 3836 conjicias.
1883 3767 2034 3824 Nosti

447 3860 594 3915 enim
638 3861 828 3928 probe,
860 3857 1005 3925 quod
1042 3857 1108 3910 iis
1151 3864 1468 3911 attenuatus
1517 3867 1683 3926 atque
1732 3857 2057 3924 confectus,”

451 3965 628 4019 neque
677 3951 769 4019 qui
816 3949 980 4004 utiles
1036 3948 1345 4004 consulenti
1402 3949 1496 4004 tibi
1559 3950 1801 4006 rationes
1865 3951 2037 4017 dent,

452 4043 815 4106 nancisceris,
846 4043 938 4097 sed
966 4042 1104 4097 irriti
1129 4051 1480 4098 evanescent.
1509 4041 1694 4112 Neque
1719 4043 1866 4098 enim
1885 4044 2035 4098 voles

451 4136 518 4187 ad
549 4144 783 4188 mentem
827 4134 1289 4204 sobrietatemque
1331 4134 1513 4188 redire
1539 4176 1554 4200 ,
1608 4135 1702 4189 sed
1753 4134 2033 4190 interitum

452 4228 704 4297 quidem,
748 4225 801 4281 in
832 4242 994 4296 quem
1053 4231 1239 4282 tendes
1264 4265 1280 4291 ,
1325 4227 1676 4295 providebis,
1726 4235 1784 4280 vt
1825 4225 1879 4280 in
1909 4239 2036 4280 eum

459 4319 631 4373 veluti
663 4326 964 4374 torrentem
990 4319 1216 4373 adactus
1259 4318 1738 4387 prmeepsferaris,
1779 4316 2036 4387 opitulari

2226 3587 2445 3660 Ἐπειδὴ
2512 3586 2634 3641 λίαν
2673 3604 2767 3658 μοι
2846 3587 3026 3652 δοκεῖς
3097 3589 3394 3661 ὡρμῆσθαι
3462 3592 3595 3664 πρὸς
3644 3593 3708 3646 τὰ

2143 3680 2398 3734 πολιτικά
2448 3678 2776 3750 πράγματα’,
2815 3678 2891 3744 ὡς
2925 3681 3146 3745 πάντως
3186 3685 3247 3737 ὲν
3289 3684 3479 3748 αὐτοῖς
3525 3686 3712 3738 εὐδοκι-

2145 3774 2360 3845 μήσων,
2407 3770 2660 3841 παραινῶ
2697 3771 2771 3842 μὴ
2809 3773 3009 3825 σαυτὸν
3064 3774 3146 3836 είς
3190 3774 3431 3843 πέλαγος
3482 3776 3710 3847 ὲμὸἀλῃς

2159 3863 2476 3936 φροντίδων.
2509 3857 2583 3916 Εὖ
2611 3863 2722 3934 γὰρ
2753 3862 2868 3935 (14)
2913 3864 3044 3930 ἴσθι,
3098 3865 3182 3919 ὅτι
3229 3870 3559 3938 περιπαρεὶς
3617 3869 3708 3920 αὺ-

2141 3958 2284 4019 ταῑς,
2315 3953 2440 4007 οὔτε
2490 3953 2620 4017 τοὺς
2665 3954 2733 4006 τά
2789 3955 3040 4025 χρήσιμά
3088 3973 3173 4008 σοι
3220 3955 3712 4027 συμϐουλεύσοντας

2141 4044 2436 4114 λογισμοὺς
2468 4043 2757 4113 εὑρήσεις,
2792 4043 2932 4098 ἀλλά
2978 4045 3200 4115 φροῦδοι
3251 4047 3587 4117 οἰχήσονται,
3609 4047 3712 4100 οὗθ’

2141 4135 2270 4188 ὅταν
2305 4133 2563 4204 θελήσῃς,
2596 4133 2892 4204 ἀνανήψεις
2924 4150 2940 4165 ο
2965 4135 3103 4189 ἀλλά
3130 4137 3230 4207 τὴν
3283 4137 3386 4208 μὲν
3421 4138 3706 4202 ἀπώλειαν,

2142 4225 2222 4287 εἰς
2267 4225 2335 4295 ἢν
2353 4223 2726 4293 τελευτήσεις,
2755 4223 2984 4294 προόψει
3036 4225 3288 4295 καθάπερ
3320 4225 3428 4277 ὑπὸ
3459 4226 3713 4296 ῥεύματα

2143 4317 2225 4378 εἰς
2263 4314 2436 4384 αὐτὴν
2481 4313 2821 4384 φερόμενος·
2877 4314 3148 4386 βοηθῆσαι
3179 4316 3237 4368 δὲ
3283 4317 3473 4387 σαυτῷ
3539 4317 3710 4370 ἀδυνα-

455 4425 584 4464 vero
635 4411 730 4465 tibi
775 4427 880 4465 non
927 4412 1147 4478 poteris.
1195 4410 1332 4464 Dum
1374 4411 1558 4480 itaque
1603 4411 1842 4464 nondum
1896 4423 2035 4479 prae-

2142 4409 2348 4479 τήσεις.
2380 4407 2527 4470 Ἕως
2555 4403 2650 4461 οὖν
2675 4407 3030 4478 ἀπρόληπτος
3060 4405 3131 4472 εἴ,
3179 4409 3451 4479 βούλευσα
3497 4411 3558 4464 τὸ
3583 4410 3706 4462 δέον.

452 4514 750 4571 occupatus
779 4503 874 4569 sis,
911 4504 1055 4571 quod
1088 4506 1142 4558 in
1175 4519 1287 4558 rem
1321 4512 1407 4557 est
1436 4511 1608 4567 tuam,
1637 4502 1900 4557 delibera.

667 4613 833 4686 596
859 4613 1062 4668 CXLII.
1087 4643 1159 4653 —-
1182 4609 1458 4668 SERENO
1492 4608 1822 4666 TRIBUNO.

2424 4610 2608 4664 PMB’.
2644 4641 2717 4652 -
2754 4612 3029 4682 ΣΕΡΗΝῼ
3080 4612 3447 4683 ΤΡΙΒΟΥΝῼ.

1176 4704 1373 4760 Contra
1406 4706 1708 4762 avaritiam.
1739 4705 1916 4776 (Cotti.
1947 4707 2035 4776 epit

2145 4702 2509 4771 55,67,105,
2551 4705 2674 4772 134,
2718 4704 2843 4770 us,
2880 4704 3027 4773 ist.)

527 4813 785 4867 Avaritiae
841 4813 1025 4883 gravis
1079 4824 1161 4866 est
1214 4813 1435 4867 morbus
1468 4851 1483 4877 ,
1540 4823 1841 4880 curatuque
1905 4828 2038 4869 sane

2219 4812 2295 4865 Τὸ
2322 4812 2499 4867 δεινὸν
2537 4813 2636 4867 καὶ
2673 4813 2946 4880 δυσίατον,
2986 4815 3082 4867 καὶ
3132 4816 3245 4877 τοῖς
3289 4814 3710 4884 ὲπινενεημένως

456 4904 712 4970 difﬁcilis,
758 4919 934 4972 neque
971 4905 1260 4972 exquisitis
1303 4906 1465 4958 atteri
1523 4905 1831 4969 phartnacis
1887 4905 2035 4959 facile

2149 4905 2465 4975 φαρμάκοις
2503 4906 2920 4976 ὲπιτριδόμενον
2949 4906 3154 4976 μᾶλλον
3169 4906 3270 4974 τῆς
3301 4905 3712 4977 φιλοχρηματίας

455 5004 643 5065 queat,
663 4993 764 5048 nisi
782 4993 904 5063 quis
925 4993 1016 5047 lllo
1042 4995 1171 5048 vitio
1194 5003 1384 5063 captus
1406 5011 1434 5047 a
1452 4995 1621 5058 lucro,
1643 4996 1784 5062 quod
1803 5004 2044 5062 putatur,

2152 4995 2394 5066 νόσημα,
2410 4997 2585 5060 ἄλλως
2630 4998 2692 5051 ού
2734 4997 2912 5068 λήξει,
2946 4999 2996 5049 εί
3037 4998 3114 5069 μὴ
3143 4997 3238 5050 τοῦ
3280 4998 3569 5060 δοκοῦντος
3589 4993 3706 5049 εἶναι

462 5085 712 5139 absistat.
746 5082 890 5149 Dixi,
925 5084 1063 5153 quod
1097 5094 1336 5153 putatur,
1363 5085 1492 5153 quia
1520 5099 1709 5152 reapse
1749 5084 2035 5138 maximum

2154 5086 2382 5158 κέρδους
2432 5087 2706 5158 ἀποσταίη
2751 5089 2781 5141 ό
2833 5086 3016 5152 ἁλούς·
3064 5088 3398 5154 δοκοῦντος
3450 5088 3508 5140 δὲ
3561 5084 3708 5148 εἷπον,

461 5185 547 5230 est
578 5175 832 5229 damnum
875 5190 940 5230 ac
982 5191 1142 5230 noxa.
1173 5175 1272 5229 Cui
1313 5175 1358 5230 si
1397 5175 1519 5244 quis
1551 5190 1656 5229 non
1682 5175 1907 5242 (credat,
1939 5175 2035 5231 Det

2155 5177 2344 5246 ἐπειδὴ
2392 5176 2472 5248 τῷ
2528 5178 2643 5231 bim.
2694 5177 2869 5248 ζημία
2929 5177 3050 5233 ἐστὶ
3098 5179 3355 5249 μεγίστη.
3408 5179 3472 5230 Ei
3532 5177 3590 5229 δέ
3645 5191 3711 5234 τις

461 5265 631 5336 iudici
687 5267 913 5323 credere
961 5279 1059 5334 par
1105 5275 1189 5321 est
1236 5267 1308 5320 ita
1369 5265 1791 5334 pronuntianti:
1833 5283 1850 5316 ι
1907 5265 2035 5331 Quid

2159 5268 2410 5333 ἀπιστεῖ,
2437 5268 2726 5341 πεισθῆναι
2760 5269 2970 5332 δίκαιος
3000 5269 3066 5325 ἂν
3097 5269 3186 5340 εἴη
3213 5268 3294 5340 τῷ
3334 5267 3466 5338 θείῳ
3498 5265 3708 5331 Δικαστῇ

539 5424 586 5456 ’³
627 5423 668 5480 ll
703 5424 846 5480 Tim.
885 5441 946 5490 tt,
984 5427 1038 5481 5.
1117 5426 1163 5456 ³³
1196 5423 1386 5478 Matth.
1417 5438 1468 5488 v,
1495 5422 1589 5476 ‘28.

1576 5575 1807 5630 VARI/E
1842 5573 2229 5632 LECTIONES
2263 5577 2348 5631 ΕΤ
2379 5576 2613 5634 NOTAE.

551 5740 681 5811 (li)
708 5739 812 5796 Pro
842 5735 901 5794 εὖ
931 5739 1039 5810 γὰρ
1070 5738 1230 5793 ambo
1257 5739 1412 5796 codd.
1443 5738 1624 5809 legunt
1652 5737 1699 5789 εἰ
1732 5737 1858 5805 γάρ.
1899 5734 2113 5790 Possm.
